3930 6314
118 398 223 454 865

1300 372 1624 434 VINDICIJE
1667 371 2231 431 AUCUSTINIAN/E.

122 513 326 577 cleare,
385 505 648 575 digerere,
700 494 1015 560 dilucidare,
1077 491 1408 559 distinguere
1441 498 1601 559 atque
1650 490 1703 543 in
1735 490 2029 577 Aniensem
2074 508 2242 554 suam,
2299 491 2573 546 αεεενρηάο

127 600 514 660 scholasticam
546 593 771 647 formam
803 586 1071 654 redigere,
1104 584 1304 638 docens
1328 580 1453 650 quid
1486 581 1539 634 in
1581 595 1714 649 quo-

126 695 263 749 libet
290 690 410 745 ﬁdei
440 684 696 757 mysterio
728 677 1092 742 sentiendum,
1145 674 1271 746 quid
1299 674 1364 727 ad
1392 673 1603 741 obiecta
1630 688 1715 728 re-

124 778 503 852 spondendum
556 781 723 839 esset,
757 768 899 823 unde
928 783 993 822 ex
1041 765 1335 834 Scripturis
1383 762 1715 834 colligendus

123 875 280 927 locus
301 870 367 924 ad
388 864 777 923 roborandum.
809 859 1073 928 Denique,
1090 858 1133 911 si
1154 856 1279 926 quid
1305 856 1373 910 de
1400 854 1503 909 lide
1527 853 1716 909 distin-

121 977 213 1021 cte
261 967 545 1025 sentimus,
596 965 784 1026 aperte
813 950 1060 1014 dicimus,
1115 949 1370 1003 audacter
1406 947 1714 1013 asserimus,

122 1058 174 1111 id
208 1062 378 1109 totum
410 1051 711 1121 Augustino
737 1044 1017 1100 debemus.
1052 1039 1213 1094 Cone.
1278 1038 1303 1089 l
1354 1038 1420 1091 de
1446 1036 1508 1091 S.
1540 1038 1718 1108 Augu-

120 1150 280 1202 stino.

821 1224 1005 1282 XCVI.

354 1338 643 1383 CENSORES.
1126 1333 1173 1374 8.
1206 1331 1548 1373 AUGUSTINUS.

1818 560 2012 626 aliquid
2034 579 2067 615 a
2088 565 2295 616 verita'e
2321 564 2571 628 alienum,

1817 630 1955 697 quod
1999 643 2072 685 est
2121 635 2349 698 mentiri,
2396 632 2449 685 id
2480 642 2576 699 est,

1817 708 1994 752 eontra
2026 710 2241 755 mentem
2267 704 2373 760 ire:
2394 719 2575 756 secun-

1818 770 2205 848 donrscienter,
2236 782 2287 848 et
2322 772 2576 848 loquendo

1816 839 2019 903 quidem
2065 849 2119 894 ut
2158 839 2455 908 sentiebant,
2487 846 2578 898 sed

1817 920 1941 962 testu
1964 911 2330 981 disputationis
2366 924 2411 966 et
2443 916 2580 967 velte-

1818 980 2005 1032 tnentia
2034 980 2247 1048 spiritus
2268 984 2336 1037 ad
2360 986 2579 1037 alterunt

1819 1059 2098 1104 extremum
2128 1054 2385 1106 interdum
2415 1056 2575 1108 decli-

1820 1131 1996 1192 nantes
2032 1122 2290 1179 intellectu
2330 1141 2470 1192 mque
2518 1142 2578 1178 ac

1818 1191 2005 1270 vir-bis,
2032 1195 2186 1270 _quod_
2215 1211 2315 1247 non
2334 1206 2417 1270 est
2438 1212 2581 1248 men-

1824 1261 1929 1323 tiri,
1952 1262 2041 1334 sed
2068 1264 2186 1333 falli
2206 1274 2255 1316 et
2292 1266 2458 1318 dicere
2479 1266 2581 1334 [al-

1824 1346 1933 1383 sum
1959 1333 2068 1385 sine
2087 1336 2370 1388 mendacio.
2393 1333 2579 1389 Secun-

196 1435 286 1490 Ea:
306 1435 565 1501 ipsiusntet
608 1424 889 1501 Augustini

118 1519 171 1559 et
197 1487 422 1559 Patrum
453 1500 664 1554 consilio
691 1487 788 1550 liae
819 1496 890 1548 le-

119 1578 366 1647 gitimum
402 1588 464 1626 ac
484 1571 670 1623 rationi
686 1567 891 1636 confor-

120 1663 206 1699 me
240 1649 696 1711 temperamentttm
727 1654 890 1711 appo-

122 1734 216 1779 no,
243 1726 291 1768 et
323 1708 542 1767 errorem
592 1708 892 1778 Pelagiano-

125 1801 246 1839 rum
294 1784 496 1853 fugiens
529 1782 586 1853 in
612 1779 891 1853 Augustini

124 1849 369 1910 excessus
392 1868 492 1905 non
520 1849 714 1902 incido.

409 1952 612 2010 XCVII.

370 2071 657 2118 CENSORI-38.

207 2169 328 2224 1am
359 2168 555 2237 pridem
575 2180 600 2218 ε
626 2162 894 2237 catholicis

130 2240 348 2311 plurimi
376 2238 616 2311 doctrina;
634 2246 680 2288 et
699 2236 895 2311 pietate

132 2306 418 2365 laudabiles
488 2306 711 2375 confessi
776 2316 894 2375 sunt

130 2392 370 2436 sanctum
416 2373 757 2447 Augustinum
796 2373 897 2426 Pe-

131 2449 427 2523 lagianismi
472 2443 761 2523 odioitain
788 2460 899 2497 con-

130 2514 350 2575 trariam
381 2527 583 2588 partem
601 2514 894 2588 inclinasse,

127 2603 186 2645 ut
219 2584 443 2661 persgzpe
489 2585 701 2661 Caluing
734 2584 900 2661 potius

128 2652 293 2730 quam
318 2652 636 2730 Tridentinis
656 2652 899 2706 Patribus

128 2728 311 2802 favere
338 2728 591 2783 uideatur.

407 2829 639 2885 XCVIII.

372 2950 662 2991 CENSORI-SS.

218 3042 307 3097 Vel
349 3042 567 3110 denique
616 3039 660 3092 si
685 3037 911 3110 aliquot

136 3117 266 3169 locis
290 3116 403 3181 plus
430 3107 901 3181 intenditAugusti-

138 3202 259 3250 nus,
286 3178 627 3254 applicandus
655 3178 761 3232 illis
782 3178 898 3254 erit,

137 3248 281 3325 quod
312 3248 363 3307 in
401 3269 458 3305 eo
506 3257 747 3325 notarunt
796 3248 903 3317 plu-

138 3320 225 3379 res
264 3334 311 3378 et
340 3337 515 3392 graves
557 3320 789 3392 doctores
803 3333 902 3392 Aca-

143 3395 324 3450 tholici
334 3388 355 3457 ξ
364 3393 632 3446 excessisse
648 3388 900 3441 interdum

140 3475 275 3519 arstu
330 3460 695 3531 disputationis
755 3462 901 3511 abre-

143 3547 313 3603 ptum,
339 3542 383 3586 et
412 3529 460 3585 in
484 3531 659 3603 odium
677 3529 902 3603 htcresis,

140 3599 303 3677 quam
328 3600 675 3671 impugnabat,
699 3599 770 3677 ad
785 3615 905 3677 cun-

143 3668 368 3729 irarium
404 3668 700 3725 'eitremum
754 3668 877 3722 incli

145 3760 323 3801 nasse.

450 3846 628 3901 XCIX.

388 3967 674 4009 ειιξῐςεοιιεε.

229 4063 298 4119 Ut
353 4062 415 4116 sit
471 4060 631 4114 nimia
680 4054 913 4125 quaedam

148 4136 389 4189 severitas
409 4141 459 4185 et
481 4132 658 4197 iniqua
685 4124 909 4185 vexatio,

147 4221 269 4275 qut:
294 4204 517 4275 medium
560 4198 694 4252 illud
732 4198 908 4275 inguo

148 4266 337 4328 ueritas
358 4272 492 4326 sedet
516 4266 805 4340 transgredi
818 4269 909 4335 ju-

151 4349 256 4413 bet,
286 4345 332 4397 si
356 4351 544 4415 prweat
568 4337 906 4408 Augustinus.

1036 1424 1177 1478 Ecce
1230 1423 1370 1477 unde
1419 1438 1477 1476 se
1533 1429 1721 1489 putant

967 1495 1202 1549 hmretici
1250 1493 1369 1546 novi
1399 1491 1718 1545 Manichaeo—

965 1580 1082 1618 rum
1114 1564 1327 1617 nomine
1366 1562 1580 1630 objecto
1614 1562 1716 1614 vim

965 1634 1334 1701 subterfugere
1351 1635 1457 1685 reri
1467 1635 1607 1690 tatis.
1625 1633 1718 1686 sed

965 1720 1070 1757 non
1117 1704 1535 1770 subterlugiunt,
1585 1703 1723 1756 inse-

964 1775 1142 1841 quitur
1178 1775 1373 1843 quippe
1422 1773 1721 1843 illa,_etsi-

966 1840 1073 1898 rnul
1118 1840 1437 1897 Manicbxcos
1480 1840 1719 1911 Pelagia-
1750 1853 1796 1911 Β

967 1928 1171 1982 nosque
1192 1912 1472 1966 subvertit.
1497 1910 1683 1964 Postea
1699 1927 1719 1964 :

969 1984 1123 2049 Quod
1142 1983 1367 2036 dicimus
1392 1984 1559 2050 legem
1590 1996 1684 2035 san
1702 2010 1717 2023 -

965 2063 1131 2119 ctam,
1186 2053 1382 2118 justam
1429 2064 1483 2105 et
1524 2053 1717 2105 bonam

969 2139 1075 2177 non
1111 2122 1467 2193 justilicandis
1516 2122 1717 2193 impiis,

967 2195 1059 2249 sed
1078 2191 1460 2248 convincendis
1476 2191 1722 2259 superbis

969 2263 1423 2331 praevaricationis
1445 2265 1612 2332 gratia
1637 2277 1722 2330 po-

967 2336 1148 2401 sitam,
1198 2344 1251 2388 et
1308 2344 1495 2387 contra
1556 2332 1722 2387 Mani-

967 2405 1148 2459 chacus
1164 2411 1264 2467 est,
1291 2404 1411 2472 quia
1428 2404 1720 2457 secundum

971 2473 1292 2543 Apostolum
1338 2474 1613 2543 laudatur,
1668 2481 1725 2527 et

970 2555 1157 2598 contra
1206 2542 1541 2604 Pelagianos,
1575 2544 1722 2610 quia,

971 2613 1265 2669 secundum
1288 2613 1619 2679 Aposmlum,
1645 2627 1728 2665 ne-

973 2698 1062 2737 mo
1109 2698 1173 2736 ex
1220 2682 1337 2749 lege
1380 2680 1724 2747 justillcatur,

973 2761 1026 2806 et
1076 2752 1199 2806 ideo
1243 2751 1600 2819 justilicandis
1648 2751 1727 2804 eis

972 2838 1106 2891 quos
1125 2822 1297 2876 littera
1322 2819 1543 2883 occidit,
1569 2820 1621 2874 id
1643 2829 1728 2875 est

973 2909 1109 2963 quos
1132 2892 1215 2948 lex
1245 2891 1380 2963 bona
1411 2892 1724 2958 praecipiens

977 2961 1420 3027 prmvaracatione
1443 2976 1564 3013 reos
1588 2963 1727 3021 iacit,

975 3034 1208 3101 Spiritus
1230 3034 1419 3101 gratiae
1440 3030 1605 3097 gratis
1627 3031 1732 3096 epi-

975 3104 1196 3157 tulatur.
1236 3101 1370 3154 Item
1395 3115 1421 3153 :
1444 3101 1594 3166 Quod
1643 3114 1732 3153 aro

977 3174 1191 3227 bitrium
1222 3173 1301 3223 Slli
1346 3171 1396 3223 in
1426 3174 1627 3223 malum
1668 3170 1731 3223 li-

1822 1400 2251 1475 dumucontigisse
2296 1406 2578 1475 Augustino

3292 372 3396 429 866

2646 506 2762 571 cup.
2793 530 2807 553 ,
2858 507 2969 571 cap.
3024 490 3077 544 5.
3120 488 3405 571 obiecerat

2647 561 2788 616 enim
2851 561 3094 615 Julianus
3150 562 3402 631 Augusti-

2651 648 2800 697 num,
2847 646 2966 686 cum
3012 631 3221 698 longius
3252 646 3279 682 a
3304 632 3403 685 Pc-

2653 703 2865 772 lagiano
2882 703 3127 769 dogmate
3150 700 3403 756 recedere

2652 772 2837 837 vellet,
2863 775 2927 825 ad
2962 771 3285 826 Manichazos
3326 786 3403 825 ac-

2649 844 2861 907 cedere,
2892 862 2909 893 ‹
2944 843 3112 898 instar
3144 842 3399 907 ferarum,

2652 930 2768 981 quae
2785 913 3182 968 circumdantur
3206 914 3400 982 pinnis,

2654 994 2708 1036 ut
2733 1000 2831 1054 cog
2854 995 2989 1037 untur
3016 983 3067 1036 iu
3103 984 3255 1045 retia,
3282 983 3403 1050 qui-

2650 1055 2749 1109 bus
2780 1056 3029 1123 quoniam
3079 1054 3232 1107 deest
3262 1054 3404 1106 ratio

2652 1125 2704 1178 in
2755 1142 2939 1179 verum
2996 1124 3217 1178 exitium
3268 1138 3403 1177 vana

2654 1195 2941 1250 formidine
2960 1193 3364 1248 contruduntur.
3383 1213 3400 1242 ι

2654 1266 2746 1319 Cui
2778 1266 3095 1334 Augustinus
3126 1280 3147 1318 :
3180 1284 3199 1334 ς
3241 1265 3410 1331 Agno-

2650 1351 2741 1390 sce
2773 1333 2930 1403 igitur
2958 1336 3011 1387 in
3041 1342 3132 1387 tuo
3159 1333 3409 1403 dogmate

2652 1402 2845 1459 nomen
2873 1416 3040 1466 tuum,
3088 1413 3142 1456 et
3197 1402 3413 1456 catholi-

1820 1478 1869 1524 et
1910 1472 2030 1526 aliis
2081 1472 2182 1527 non
2232 1472 2395 1528 solum
2441 1478 2579 1545 a/Iir-

1822 1553 1961 1596 mant
1982 1554 2213 1599 auctores
2239 1548 2402 1611 citati,
2424 1549 2513 1600 sed
2535 1557 2579 1600 et

1822 1615 1995 1680 plures
2019 1615 2131 1667 alii.

2651 1478 2749 1537 cis,
2783 1491 2811 1528 a
2851 1475 3044 1544 quibus
3091 1473 3409 1544 conitttaris,

2652 1548 2836 1601 desine
2849 1543 3078 1613 objicere
3090 1543 3339 1612 etdogma
3357 1552 3413 1595 et

2653 1632 2849 1671 nomen
2872 1620 3126 1668 alienum.
3169 1616 3297 1665 Nam
3331 1628 3412 1666 ve-

2654 1688 2786 1740 ritas
2828 1698 3083 1751 utrosque
3112 1683 3407 1752 redarguit,

2662 1768 2715 1811 et
2739 1750 3056 1809 MattichmOS
3078 1763 3129 1807 et
3148 1768 3237 1806 \os
3282 1750 3377 1803 ill
3399 1792 3410 1805 .

2399 1850 2455 1904 S.
2506 1850 2838 1906 PROSPEII.

1896 1935 2075 2000 Multi,
2108 1936 2302 2006 inquis,
2326 1940 2531 2009 singula
2560 1942 2667 1995 lucc
2716 1942 3001 2004 credentes,
3035 1952 3096 1990 ac
3126 1937 3411 2005 justo,am-

1822 2028 1958 2097 plius
1988 2040 2269 2083 asserentes
2295 2032 2453 2084 variis
2490 2032 2687 2102 sibique
2715 2030 2984 2084 contrariis
3013 2036 3129 2081 sunt
3156 2026 3412 2079 erroribus

1822 2118 2060 2172 involuti.
2108 2119 2292 2175 Placet
2320 2121 2478 2191 igitur
2510 2123 2604 2175 tibi
2644 2138 2768 2177 cum
2804 2121 3069 2175 haereticis
3090 2118 3406 2181 catholicos,

1822 2224 1943 2265 cum
1970 2210 2122 2265 victis
2149 2214 2405 2267 damnare
2424 2215 2679 2279 victores,
2707 2223 2761 2268 et
2785 2228 2879 2268 eos
2902 2212 3106 2267 erroris
3137 2222 3260 2263 nota
3283 2209 3415 2262 adn-

1828 2317 1969 2368 rere,
2003 2305 2090 2374 qui
2124 2320 2366 2361 errorem
2394 2306 2461 2361 ab
2493 2306 2730 2361 Ecclesia
2760 2306 3107 2374 depulerunt.
3145 2302 3259 2357 Lib.
3294 2317 3413 2353 cm-

1825 2402 1905 2449 tra
1928 2393 2254 2462 Collatorern,
2274 2413 2391 2468 cap.
2418 2397 2502 2453 IO.
2528 2398 2663 2453 Ilinc
2685 2396 2900 2452 dicebat
2918 2408 3144 2464 magnus
3166 2392 3256 2446 ille
3276 2391 3419 2445 theo—

1826 2487 1979 2557 logns
1999 2487 2292 2557 Gregorius
2321 2487 2697 2547 Arimineosis.
2723 2486 2919 2542 abhinc
2958 2484 3063 2540 300
3103 2496 3159 2540 et
3183 2484 3417 2550 amplius

1828 2579 1983 2630 annis
2009 2592 2293 2646 supremus
2317 2580 2720 2647 Augustinianze
2745 2577 3051 2647 reipublith
3076 2573 3380 2628 moderator
3405 2589 3418 2625 :

1836 2683 1853 2715 ‹
1889 2666 2005 2731 Qua
2052 2676 2320 2736 potestate
2346 2669 2535 2722 dicunt
2561 2666 2913 2737 Augustinum
2946 2666 3032 2721 hic
3078 2680 3184 2718 non
3213 2663 3424 2731 proprie

1830 2764 1885 2810 et
1908 2772 2064 2825 vere,
2098 2758 2194 2813 sed
2225 2761 2499 2814 excessive
2526 2762 2768 2814 locutum
2797 2799 2812 2823 ,
2844 2758 2987 2812 dicet
3011 2757 3148 2812 alius
3175 2756 3426 2811 similiter

1831 2850 1883 2904 in
1914 2850 2033 2905 aliis
2066 2852 2267 2922 regulis
2299 2866 2394 2920 per
2436 2852 2794 2922 Augustinum
2827 2848 3015 2917 positis
3060 2848 3224 2903 luisse
3275 2848 3423 2902 locu-

1835 2956 1943 2998 tum
1988 2946 2273 3001 excessive
2298 2957 2355 3000 et
2385 2960 2493 3000 non
2519 2955 2578 3000 ut
2602 2952 2798 2998 sonant
2829 2940 2957 2996 illas
2974 2956 3095 2997 esse
3131 2940 3423 3003 tenendas;

1833 3034 1925 3090 sed
1971 3036 2050 3090 sic
2087 3034 2319 3091 dicendo
2348 3050 2454 3092 nou
2487 3045 2569 3090 est
2619 3034 2840 3089 dubium
2869 3033 3100 3088 intuenti
3143 3032 3428 3101 diligenter

1833 3129 1973 3196 quod
2021 3130 2072 3183 in
2122 3129 2321 3183 multos
2349 3128 2469 3198 quis
2502 3128 2772 3183 laberetur
2800 3140 3035 3183 errores.
3070 3144 3089 3176 ι
3121 3125 3176 3180 2.
3211 3125 3429 3181 Senten-

979 3213 1730 3308 EXEdTifhiEfniJsTaliuaéen-
1759 3213 1804 3275 Ο
1837 3222 2047 3288 “animo
2079 3221 2203 3275 ἀίετ-
2228 3219 2323 3287 δδ,
2358 3230 2539 3287 ιιιιωειο
2570 3219 2627 3275 5-

977 3313 1103 3367 dum
1160 3312 1355 3363 bonum
1410 3313 1578 3377 gratia
1640 3310 1729 3362 Dei

976 3396 1096 3437 esse
1139 3378 1495 3443 liberandum,
1544 3391 1731 3434 contra

978 3452 1287 3520 Pelagianos
1317 3458 1428 3512 est;
1460 3450 1600 3517 quod
1650 3464 1735 3502 au-

980 3537 1085 3577 tem
1111 3522 1342 3575 dicimus
1373 3524 1440 3570 ab
1465 3521 1553 3571 illo
1578 3534 1733 3572 exor-

980 3603 1117 3655 tum,
1147 3589 1288 3658 quod
1311 3599 1463 3658 antea
1491 3602 1596 3658 non
1618 3598 1737 3643 erat

982 3656 1202 3724 malum,
1218 3668 1401 3713 contra
1417 3656 1734 3709 Manichacus

985 3743 1090 3796 est,
1122 3739 1228 3783 etc.
1273 3728 1536 3795 Utrosqne
1579 3728 1738 3795 igitur

986 3802 1252 3856 catholica
1300 3798 1453 3862 tides,
1503 3798 1641 3852 sicut
1685 3806 1740 3851 et

988 3884 1213 3927 caeteros
1247 3870 1526 3923 haereticos
1559 3869 1739 3921 adver-

983 3945 1152 3998 sarios
1204 3940 1426 4001 invenit,
1481 3947 1738 4007 utrosque

985 4014 1288 4067 divinorum
1309 4011 1736 4063 testimoniorum

987 4082 1303 4137 auctoritate
1322 4089 1377 4135 et
1400 4081 1517 4133 luce
1543 4080 1739 4133 verita-

989 4156 1057 4208 tis
1073 4153 1362 4207 convincit.
1390 4140 1505 4202 Lib.
1532 4164 1590 4202 ιιι
1612 4165 1740 4202 con-

986 4234 1065 4277 tra
1089 4223 1217 4276 duas
1255 4222 1406 4291 epist.
1446 4218 1654 4290 Pelag.,
1686 4221 1741 4273 in

982 4295 1086 4362 ﬁne
1115 4310 1231 4358 cap.
1261 4297 1317 4347 9.

652 4452 713 4509 S.
756 4442 1250 4507 C(ELESTINUS.

2574 3326 2680 3388 ‘Cl.

2062 3420 2350 3461 CENSORES.

1907 3497 1993 3551 Ita
2036 3513 2170 3565 sarpe
2207 3498 2262 3548 in
2295 3496 2438 3547 libris
2491 3493 2593 3546 Re-

1838 3568 2227 3619 trartationum.
2281 3580 2335 3616 se
2407 3572 2593 3630 purgat

1842 3637 2152 3705 Augustinus
2183 3672 2199 3705 ,
2234 3702 2244 3705 _
2270 3632 2406 3705 quod
2474 3631 2595 3705 olim

1839 3699 2016 3759 contra
2046 3702 2361 3756 Manichaaos
2386 3700 2495 3771 (qui
2516 3699 2598 3767 di-

1840 3778 2025 3830 cebant
2062 3775 2239 3825 tnnnia
2270 3772 2405 3826 bona
2434 3786 2461 3824 a
2490 3773 2597 3824 Deo

1841 3848 2004 3910 bono,
2034 3844 2213 3900 omnia
2260 3843 2397 3895 mala
2427 3857 2457 3895 a
2486 3842 2596 3896 Deo

1843 3918 1985 3970 malo
2016 3914 2171 3984 quasi
2203 3913 2332 3980 fato,
2360 3929 2463 3984 non
2497 3928 2593 3965 au-

1844 3999 1950 4042 tem
2022 3983 2189 4039 libere
2258 3985 2326 4037 ab
2383 3983 2597 4038 homine

1846 4057 1985 4123 lieri)
2006 4056 2250 4119 scribens,
2280 4054 2351 4106 ita
2378 4054 2594 4106 liberum

1842 4128 2114 4182 arbitrium
2156 4123 2450 4192 praedicarit
2476 4162 2492 4183 ,
2547 4130 2602 4174 ut
2632 4132 2635 4133 '

1843 4198 2020 4271 gratim
2031 4198 2216 4250 oblitus
2232 4196 2602 4271 essevideatur;

1844 4262 2022 4323 contra
2046 4277 2242 4337 postea,
2261 4273 2372 4337 orto
2389 4262 2603 4337 Pelagio

1848 4341 1992 4393 hoste
2017 4335 2201 4405 gratia:
2222 4377 2235 4401 ,
2266 4336 2346 4405 ita
2386 4335 2604 4405 gratiam

1854 4404 2077 4471 extollit,
2116 4414 2170 4458 ut
2215 4404 2430 4457 liberum
2468 4404 2605 4455 arbi-

2830 3417 2877 3456 8.
2925 3416 3266 3457 AUGUSTINUS.

2737 3493 2994 3556 Quamvis
3033 3501 3086 3544 et
3136 3493 3185 3543 iu
3238 3490 3321 3544 Itis
3369 3490 3431 3541 li-

2667 3560 2778 3613 bris
2806 3561 2896 3627 qui
2938 3575 3040 3612 non
3089 3568 3275 3612 contra
3307 3559 3426 3611 illos

2668 3628 2888 3682 omnino
2926 3629 3142 3697 (nempe
3187 3628 3429 3691 Pelagia-

2672 3698 2817 3766 nos),
2850 3699 3048 3767 quippe
3082 3697 3156 3749 illi
3195 3697 3428 3767 nonduin

2669 3779 2816 3823 erant
2834 3808 2848 3826 .
2871 3765 2990 3821 'sed
3023 3775 3212 3820 contra
3262 3765 3432 3819 Mani-

2670 3839 2853 3894 chaeos
2882 3838 3169 3905 conscripti
3207 3845 3332 3891 sunt
3362 3837 3430 3889 de

2672 3911 2839 3963 libero
2862 3908 3083 3962 arbitrio
3104 3948 3119 3971 ,
3151 3923 3255 3960 non
3283 3909 3426 3961 omni

2673 3981 2830 4033 modo
2872 3980 2940 4033 de
2978 3979 3077 4031 ista
3117 3977 3209 4031 Dei
3257 3978 3426 4044 gratia

2673 4051 3004 4113 reticuimus,
3027 4063 3184 4118 quam
3202 4046 3429 4103 nefanda

2677 4122 2949 4188 impietate
2971 4131 3235 4173 conantur
3262 4119 3433 4173 auter-

2679 4208 2735 4243 re
2761 4207 2774 4243 :
2808 4190 3042 4244 diximus
3068 4193 3289 4259 quippe,
3323 4199 3429 4243 etc.

2676 4260 2765 4327 (et
2798 4276 2915 4313 eam
2950 4261 3001 4314 in
3046 4275 3157 4313 rem
3192 4259 3435 4327 pluribus

2680 4330 3000 4385 testimoniis
3028 4329 3205 4382 allatis
3226 4328 3435 4382 conclu-

2678 4402 2794 4454 dit:
2831 4400 2849 4470 )
2881 4402 3016 4455 Ecce
3060 4414 3219 4470 quam
3278 4398 3437 4463 longe

232 4552 454 4607 Mirilice
479 4549 629 4617 prius
685 4544 900 4598 laudato
947 4544 1138 4594 sancto
1176 4532 1496 4602 Augustino,
1545 4530 1694 4585 addit
1726 4550 1741 4587 :
1771 4570 1822 4629 ο
1851 4530 1952 4605 ων,

162 4665 183 4697 s
221 4645 357 4712 Quia
388 4640 627 4696 nonnulli
660 4637 752 4707 qui
772 4634 1046 4691 catholico
1074 4631 1292 4686 nomine
1344 4627 1657 4697 gloriantur,
1692 4630 1745 4682 in

158 4734 432 4789 damnatis
460 4738 642 4785 autem
679 4727 1055 4782 haereticorum
1083 4720 1332 4777 sensibus
1359 4734 1453 4773 seu
1485 4720 1748 4789 pravitate

155 4827 277 4881 sive
308 4823 578 4891 imperitia
608 4819 978 4880 demorantes,
1036 4813 1293 4882 piissimis
1330 4810 1738 4879 disputaturihut

154 4917 378 4973 obviare
409 4918 762 4983 praesumunt,
791 4918 986 4964 etcum
1041 4903 1308 4974 Pelagium
1356 4914 1515 4970 atque
1564 4903 1731 4957 Caele

160 5013 326 5066 stium
358 5003 817 5061 anathematizare
832 5014 939 5053 non
969 4996 1234 5059 dubitent,
1268 4988 1540 5060 magistris
1564 5002 1738 5045 tamen

177 5098 402 5160 nostris,
434 5105 687 5163 tanquam
718 5088 1080 5145 necessarium
1125 5083 1339 5138 modum
1389 5083 1745 5147 excesserint,

156 5192 548 5258 obloquuntur,
583 5205 601 5236 ι
629 5194 733 5238 etc.
762 5180 929 5252 Epist.
963 5179 1031 5232 ad
1054 5176 1313 5247 episcopos
1335 5171 1743 5242 Galliw,cap.5,

160 5295 212 5335 ut
229 5296 461 5336 censores
486 5279 587 5350 ipsi
606 5275 840 5329 tradunt.

926 5363 992 5417 C.

876 5446 879 5449 ’
1153 5471 1201 5510 s.
1235 5463 1580 5510 AUGUSTINUS.

1061 5524 1176 5579 Non
1205 5536 1290 5581 est
1326 5526 1421 5586 ita,
1479 5532 1533 5575 ut
1567 5522 1749 5584 loque-

390 5477 677 5521 CFNSORES.

237 5537 538 5606 llesponzleo
560 5534 835 5606 dupliciter
848 5530 920 5606 in-

156 5591 516 5679 ιριίίῃὶίροδεε
671 5600 918 5679 Augusti-
993 5595 1517 5679 ris,quicunqueisla
1540 5591 1744 5679 dixisti,

156 5661 536 5748 nuni'aliosque
560 5661 921 5727 Patres'inter-
996 5661 1212 5748 nonest
1262 5661 1750 5748 ξιξ,¹ξιτιιιῑυῐη¹ς;ι1-

156 5756 284 5800 dum
307 5732 556 5802 excessive
577 5748 772 5798 locutos
794 5756 923 5795 esse:
952 5779 970 5803 ,
999 5740 1143 5797 leris.
1191 5738 1277 5792 vel
1313 5735 1498 5789 fallere
1525 5732 1769 5787 meditat

157 5820 331 5889 primo
360 5819 600 5877 scienter,
647 5824 693 5868 et
751 5823 927 5867 contra
999 5808 1222 5876 ris,Lib.
1244 5823 1278 5862 ιι
1302 5804 1610 5874 deNupt.et
1633 5819 1753 5856 cou-

1850 4481 2004 4533 trium
2056 4469 2338 4546 deprimere
2406 4489 2609 4527 censea-
2685 4469 3290 4546 antequamPclagiana
3330 4470 3437 4546 lim-

2686 4538 3184 4603 rcsisiexslitisset’,
3219 4542 3296 4591 sic
3328 4538 3439 4591 dis-

2685 4614 3005 4681 putavimus.
3022 4610 3167 4663 velut
3187 4609 3293 4678 jam
3309 4625 3439 4681 con-

2035 4700 2116 4745 tra
2144 4687 2263 4742 illos
2294 4680 2711 4754 disputaremus.
2749 4683 2861 4737 Lib.
2894 4698 2908 4735 ι
2950 4682 3200 4745 lletract.,
3233 4696 3349 4750 Cap.
3377 4680 3434 4732 9.

2418 4798 2476 4853 S.
2528 4794 2861 4853 PHOSPER.

1917 4895 2022 4951 Sed
2051 4894 2266 4948 videant
2291 4890 2561 4960 quomodo
2589 4903 2645 4941 se
2686 4902 2717 4939 a
2743 4884 3005 4938 dedecore
3037 4882 3191 4937 istius
3234 4894 3435 4937 exuant

1846 4983 2098 5040 falsitatis
2154 4983 2241 5051 qui
2288 4987 2511 5049 possunt
2542 4987 2648 5030 tam
2700 4975 2878 5039 inepta
2931 4974 3275 5043 ccutingerc,
3303 4976 3346 5029 si
3382 4977 3433 5027 hi

1850 5088 2074 5144 quorum
2100 5071 2390 5124 abutuntur
2435 5067 2687 5129 auribus,
2720 5066 3106 5133 aliquantulum
3147 5065 3437 5134 diligentiae

1849 5166 1916 5219 ad
1964 5160 2335 5232 cognoscenda
2384 5173 2444 5211 ea
2502 5173 2622 5226 quze
2672 5155 3141 5223 prmstantissimus
3195 5156 3438 5209 minister

1849 5255 2032 5327 gratiae
2077 5248 2473 5323 (Augustinus)
2515 5247 2838 5316 disputavit,
2893 5247 3241 5301 intenderim.
3294 5245 3438 5298 Licet

1849 5360 2061 5401 omnem
2112 5341 2263 5396 istius
2298 5341 2657 5411 inquisitionis
2688 5332 2891 5391 muratn
2940 5339 3038 5405 ipsi
3080 5338 3167 5403 qui
3212 5338 3325 5387 Itsec
3359 5331 3465 5386 In?

1848 5447 2082 5508 quuntur
2120 5435 2416 5502 praevenire
2441 5430 2733 5493 deberent,
2789 5428 3109 5495 proferendo
3155 5436 3314 5493 atque
3344 5440 3438 5477 es-

1851 5525 2102 5598 plicando
2129 5526 2327 5589 libros,
2363 5522 2597 5577 ullamve
2625 5534 2810 5574 eorum
2843 5518 3155 5588 particulam
3187 5517 3438 5569 demetu—

1850 5618 2259 5686 trando,quam
2315 5629 2410 5683 per
2450 5614 2671 5667 dubium
2728 5611 2917 5664 saltem
2966 5610 3290 5661 intellectum
3348 5610 3437 5663 tali

1854 5707 2280 5775 interpretationi
2302 5706 2590 5763 obnoxiam
2622 5705 2702 5759 vir
2725 5712 2944 5758 sanctus
2973 5699 3222 5756 ediderit.
3263 5699 3431 5772 Epist.

1851 5803 1917 5855 ad
1952 5800 2198 5869 Ruﬁnum
