3930 6310
519 330 619 384 867

746 556 1031 596 CENSORES.

1416 338 1980 397 SUI‘I‘LEMENTUM
2024 341 2112 395 AI)
2152 342 2376 398 OI’ERA
2422 343 2481 400 S.
2526 344 2913 401 AUGUSTINI.

1268 450 1375 505 Cll.
2143 465 2193 523 Α
2228 459 2573 525 irrideantur,
2604 471 2657 515 et
2688 463 2800 515 tunc
2826 458 3009 528 Opinio
3042 458 3164 526 plus
3196 456 3327 511 mihi
3360 457 3561 527 placet.
3606 459 3644 511 2
3673 461 3801 517 Sen-

1505 562 1553 601 8.
1598 565 1938 606 AUGUSTINUS.

3703 345 3803 402 868

2213 548 2517 617 teutiarum,
2548 550 2673 604 dist.
2708 549 2797 617 12,
2823 567 2872 619 q.
2910 550 2958 615 I,
2989 557 3089 601 art.
3121 546 3173 614 El,
3210 548 3261 601 in
3289 548 3392 619 fine
3423 551 3681 621 corporis.

581 633 767 686 Annon
818 632 915 684 hoc
968 634 1136 702 ipsum
1198 646 1271 688 est

508 703 645 772 quod
713 703 910 756 Manna
998 705 1267 769 concedit,
1345 706 1491 761 ribus
1536 708 1685 764 libris
1734 714 1811 766 sic
1854 703 2100 769 me‘rcs.

507 776 742 842 quodque
763 774 824 825 ab
854 789 913 826 eo
941 775 1151 847 superbe
1171 774 1269 847 dic-
1344 778 1599 843 pondisse
1649 782 1910 847 arbitror,
1964 794 2021 838 ut
2070 801 2101 840 ιι

508 854 614 895 tum
656 845 955 911 exaggerari
1009 846 1267 921 consuevit
1342 848 1490 921 nullo
1508 850 1737 918 amplius
1770 845 2095 921 requiratur.

508 915 569 965 ab
618 915 961 976 adversariis,
1017 916 1266 968 rationem
1346 917 1455 971 Lib.
1493 934 1520 970 v
1557 915 1736 973 contra
1778 915 1893 977 Jul.
1944 924 2101 980 Pela-

505 987 634 1035 Iumc
664 984 865 1060 tueudw
887 984 1133 1060 libertatis
1162 1002 1262 1038 non
1337 989 1569 1057 giarium,
1595 1006 1711 1060 cap.
1742 992 1789 1045 I.

505 1056 660 1122 fuisse
688 1055 863 1105 datam
912 1063 958 1104 et
1007 1056 1261 1123 explana-

501 1134 608 1175 tam
649 1124 712 1175 ab
752 1124 1036 1193 Augustino
1081 1137 1259 1178 contra
1295 1126 1601 1198 Pelagianos
1627 1132 1957 1202 disputante?

994 1234 1053 1290 S.
1077 1235 1417 1294 GELASIUS
1442 1256 1597 1310 papa.

568 1324 614 1380 Ο
640 1324 685 1378 si
732 1325 1010 1379 studerent
1061 1326 1319 1382 adversus
1348 1344 1442 1384 eos
1491 1333 1719 1401 (nempe
1744 1333 2097 1408 Pelagianos)

499 1415 767 1484 majorum
800 1424 1109 1470 nostrorum
1140 1416 1323 1483 libros,
1358 1434 1723 1491 responsaque
1745 1439 2093 1494 cognoscere,

498 1509 605 1561 illis
637 1509 885 1563 omnibus
934 1509 1108 1562 modis
1145 1520 1462 1565 cerneretur
1514 1513 1649 1567 nihil
1700 1530 1821 1571 esse
1879 1533 2097 1585 prorsus

496 1601 638 1667 quod
684 1600 751 1653 ab
802 1600 919 1652 istis
949 1600 1114 1654 fuerit
1138 1603 1458 1657 ventilatum
1490 1615 1545 1658 et
1588 1605 1656 1660 ab
1684 1607 1789 1662 illis
1815 1610 2095 1678 magnifica

497 1692 727 1746 veritate
749 1692 1064 1759 contritum,
1094 1693 1279 1762 sicque
1303 1696 1369 1750 de
1395 1698 1600 1751 cunctis
1622 1712 1809 1753 eorum
1840 1702 2096 1769 nequitiis

1421 636 1585 714 Unde
1601 640 1693 714 tibi
1717 642 1926 697 duobus
1960 645 2103 714 prio-

502 1783 801 1837 refutandis
845 1782 1033 1838 ﬁdeles
1080 1800 1296 1854 quoque
1350 1786 1666 1843 viderentur
1720 1790 1989 1858 instructi,
2039 1801 2097 1846 ut
2126 1802 2174 1861 Β

493 1875 623 1928 nihil
662 1876 890 1944 amplius
924 1886 1276 1945 quaereretur.
1328 1877 1495 1947 Epist.
1528 1881 1595 1934 ad
1646 1880 1937 1936 Honorium
1974 1885 2087 1954 epi-

491 1982 703 2037 scopum
723 1974 905 2019 contra
931 1964 1268 2037 Pelagianos.

1220 2060 1358 2116 CIII.

735 2164 1021 2207 CENSORES.

562 2241 713 2295 Nulli
744 2238 964 2295 Patrum
1000 2247 1255 2311 promissa

1495 2170 1543 2211 8.
1586 2174 1927 2218 AUGUSTINUS.

1400 2247 1551 2313 Quod
1577 2248 1853 2321 dlxi_mihi
1880 2254 2054 2321 obiice
2073 2295 2089 2320 ,

487 2312 587 2386 [uit
610 2312 1039 2386 infallibilitas,“
1058 2318 1253 2386 singuli
1331 2327 1387 2386 ut
1420 2312 1657 2385 purgem.
1691 2319 1801 2372 Lib.
1837 2338 1885 2375 ιν
1916 2312 2091 2379 contra

487 2382 595 2452 fere
621 2382 675 2434 in
714 2384 1017 2454 quibusdam
1052 2382 1252 2439 errave-
1325 2382 1462 2451 Jul.,
1496 2382 1612 2454 cap.
1650 2389 1698 2442 1.
1726 2389 1858 2443 Nam
1884 2401 1969 2444 tua
2003 2409 2089 2449 me

487 2460 624 2516 runt,
658 2462 712 2505 ut
749 2452 1251 2534 Cyprianusinnre-
1325 2470 1429 2508 non
1498 2452 1858 2534 terret__velut
1912 2460 2090 2534 lingua

486 2522 805 2600 baptizandis
832 2524 1101 2600 ltwreticis,
1124 2522 1249 2576 llie-
1323 2524 1588 2579 censoris.
1613 2526 1726 2580 Lib.
1754 2544 1829 2593 ut,
1856 2548 1969 2600 cap.
1988 2522 2085 2589 121.

483 2607 729 2661 ronymus
767 2594 820 2645 in
869 2594 1040 2661 aliqua
1090 2603 1234 2661 parte

486 2664 722 2741 [{aitielis
751 2663 1050 2741 rejicienda,
1083 2671 1212 2729 etc.,
1239 2673 1287 2719 et
1310 2675 1363 2718 ut
1387 2667 1537 2736 plura
1562 2666 1797 2723 dicamus
1819 2674 2087 2741 speciatim

494 2732 561 2786 de
583 2734 896 2802 Augustino.
1376 2752 1379 2757 ·

1078 2826 1137 2884 S.
1181 2827 1517 2885 PRUSPER.
1810 2894 1813 2897 λ

561 2914 871 2973 Doctrinam
895 2915 1056 2987 quam
1085 2930 1289 2974 sancta:
1317 2922 1594 2977 memoriae
1620 2923 1950 2995 Augustinus
1977 2929 2090 2997 epi-

488 3025 684 3078 scopus
714 3018 903 3065 contra
933 3011 1250 3083 Pelagianos
1290 3015 1539 3073 inimicos
1565 3022 1754 3090 gratiae
1784 3023 1985 3079 Christi
2031 3034 2087 3080 et

483 3098 640 3153 liberi
668 3098 871 3153 arbitrii
904 3099 1280 3172 decomptores
1314 3122 1407 3175 per
1439 3109 1639 3163 multos
1668 3125 1839 3165 annos
1867 3123 2082 3181 aposto-

490 3191 595 3245 lice
620 3193 849 3245 asseruit
878 3192 1178 3263 litterisque
1210 3198 1506 3264 mandavit,
1541 3201 1859 3269 quibusdam
1902 3205 2074 3260 visum

488 3290 573 3336 est
599 3289 691 3333 aut
716 3295 824 3335 non
869 3282 1239 3354 intelligendo,
1274 3296 1367 3342 aut
1396 3288 1620 3360 intelligi
1665 3306 1783 3347 eam
1844 3295 2076 3351 nolendo

485 3369 908 3440 reprehendere,
940 3384 995 3429 et
1026 3377 1124 3430 hoc
1154 3378 1306 3447 quasi
1353 3382 1727 3450 compendium
1757 3386 2075 3455 cognitionis

480 3461 565 3516 his
593 3461 687 3533 qui
713 3462 914 3532 judicio
940 3481 1126 3522 eorum
1154 3468 1490 3527 ducebantur
1533 3474 1752 3543 all'erre,
1783 3487 1841 3532 ut
1868 3494 1987 3548 quas
2018 3480 2071 3535 in

484 3552 637 3609 libris
669 3554 911 3624 praedicti
943 3556 1044 3612 viri
1072 3558 1399 3618 damnabilia
1442 3567 1709 3635 reperisse
1753 3568 2068 3638 jactabant,

486 3644 728 3700 brevium
767 3646 1126 3716 capitulorum
1177 3652 1425 3709 indiculis
1454 3655 1833 3726 publicarent;
1869 3661 2072 3732 talique

482 3746 793 3792 commento
821 3746 877 3792 et
920 3738 1334 3799 detestationem
1366 3744 1484 3814 eius
1537 3763 1699 3814 quem
1751 3751 2070 3821 itnpeterent

483 3826 813 3895 obtinerent,
847 3838 902 3884 et
926 3829 994 3885 ab
1020 3831 1105 3885 his
1131 3848 1252 3902 quae
1282 3834 1634 3893 intamassent
1656 3854 1840 3896 curam
1877 3854 2067 3900 exter-

481 3917 569 3973 riti
592 3920 809 3975 lectoris
832 3929 1162 3977 averterent.
1191 3922 1411 3997 Prefat.
1436 3944 1570 3999 resp.
1601 3933 1670 3985 ad
1697 3935 1927 4004 capitula
1949 3936 2069 3993 Gat-

2946 639 3056 696 CV.

2445 748 2732 788 CENSORES.

2275 823 2448 878 Sensit
2479 826 2638 878 etiam
2681 823 2890 897 angelos
2916 835 2964 879 et

2202 893 2460 966 da'mones
2526 911 2634 949 esse
2696 893 2965 966 corporeos

2204 966 2279 1032 (in
2311 965 2442 1030 psal.
2460 982 2633 1019 Lxxxv
2656 976 2709 1020 et
2738 981 2892 1029 CXLV,
2913 977 2964 1020 et

2201 1034 2358 1099 epist.
2398 1035 2521 1100 “5)
2552 1037 2668 1089 aliis
2706 1038 2757 1088 in
2798 1037 2922 1090 locis
2948 1077 2962 1099 ,

2201 1103 2287 1176 ubi
2325 1104 2543 1172 a/ﬁrmat
2588 1117 2678 1158 aut
2725 1108 2965 1176 supponit

3207 749 3254 789 S.
3295 748 3655 791 AUGUSTINUS.

3108 825 3480 899 Adhmrebunt
3531 841 3709 899 ergo,
3760 828 3800 887 si

3037 896 3118 968 eis
3167 898 3331 968 nulla:
3360 909 3487 952 sunt
3528 896 3796 968 corpora,

3037 966 3259 1035 spiritus
3303 966 3656 1034 daemonum,
3701 973 3800 1025 lmo

3039 1038 3260 1104 Spiritus
3305 1037 3629 1103 daemones,
3684 1041 3799 1095 licet

3040 1108 3339 1179 incorporei
3360 1110 3646 1176 corporeis
3668 1110 3797 1179 igni-

3037 1178 3137 1231 bus
3162 1179 3457 1234 cruciandi.
3472 1179 3593 1233 Lib.
3618 1178 3714 1234 ut
3737 1181 3795 1235 de

3036 1246 3185 1301 Civit.
3215 1245 3334 1312 Dei,
3364 1266 3483 1319 cap.
3520 1250 3613 1304 10.

2901 1342 3090 1395 IDEM.

2270 1428 2596 1499 Augustinus
2626 1430 2861 1501 loquitur
2884 1446 2988 1486 non
3015 1434 3347 1501 asserenda,
3395 1435 3495 1491 sed
3540 1437 3791 1507 opinione

2199 1517 2589 1575 Platonicorum
2614 1531 2792 1588 utens,
2825 1522 2914 1591 qui
2944 1522 3215 1591 ponebant
3240 1538 3360 1580 esse
3399 1526 3655 1595 quaedam
3682 1530 3790 1582 ani-

2198 1607 2358 1660 malia
2400 1621 2581 1674 aerea,
2625 1625 2745 1678 qua:
2798 1611 3076 1666 daemones
3135 1612 3506 1669 nominabant.
3552 1613 3708 1672 Part.
3738 1633 3786 1681 t,

2196 1707 2380 1766 quaest.
2410 1698 2501 1763 5|,
2534 1707 2635 1751 art.
2673 1699 2726 1765 I,
2760 1700 2828 1752 ad
2861 1702 2913 1755 I.

2926 1793 3060 1847 CVI.

2201 1175 2384 1245 habere
2439 1192 2654 1245 corpora
2725 1175 2962 1245 quietiam

2197 1244 2494 1299 subtiliora.

2378 1880 2383 1888 '
2434 1897 2720 1938 censorias.
3194 1903 3242 1943 s.
3284 1904 3626 1945 sucusrtsvs.

2268 1951 2400 2006 Item
2426 1953 2673 2007 dubitavit
2711 1971 2837 2008 num
2881 1957 2957 2010 sol
3101 1956 3179 2011 De
3230 1961 3346 2014 sole
3388 1973 3437 2014 et
3476 1961 3595 2016 luna
3648 1962 3784 2015 (alia

2201 2033 2241 2077 tt
2273 2024 2413 2099 luna,
2437 2025 2643 2099 aliaque
2654 2025 2822 2078 sidera
2845 2042 2959 2099 quae
3030 2025 3170 2099 dicm
3200 2038 3327 2083 sunt
3356 2039 3585 2099 tanquam
3630 2046 3784 2085 sen-

2201 2094 2354 2164 acu/is
2415 2095 2790 2163 conspicimus,
2857 2097 2959 2149 sint
3034 2097 3184 2164 tiant,
3216 2109 3271 2155 et
3297 2102 3419 2155 ideo
3443 2094 3670 2155 tolerent
3688 2117 3787 2155 va-

2200 2163 2439 2217 .tnimata.
3033 2181 3131 2221 nos
3173 2163 3178 2164 ί
3217 2170 3524 2224 adoratores
3602 2186 3741 2225 suos
3767 2215 3783 2237 ,

2333 2287 2345 2297 ,
2596 2305 2608 2310 _
2708 2305 2739 2310 __
2826 2307 2884 2310 Η
3008 2239 3271 2310 quamvis
3299 2240 3455 2295 verba
3494 2240 3562 2295 ibi
3615 2242 3785 2310 accipi

2194 2303 2403 2375 possint
2427 2305 2493 2358 ab
2523 2305 2741 2359 animali
2773 2307 2838 2360 ad
2872 2303 3164 2362 inanimale
3197 2314 3468 2375 translata,
3501 2314 3666 2365 modo
3704 2303 3782 2365 to-

2193 2374 2425 2428 cutionis
2454 2376 2806 2449 qui_vocatur
2846 2376 3034 2433 Graece
3077 2381 3413 2449 metaphora.
3446 2381 3558 2435 Lib.
3600 2397 3641 2436 ιι
3674 2382 3781 2437 Re-

2193 2453 2369 2509 tract.,
2400 2460 2513 2515 cap.
2547 2446 2600 2499 7.

2793 2538 2848 2593 S.
2891 2540 3190 2600 THOMAS.

2268 2623 2531 2682 Similiter
2552 2627 2715 2685 etiam
2747 2631 2889 2699 apud
2920 2633 3171 2691 doctores
3213 2635 3335 2692 fidei
3374 2637 3472 2692 luit
3500 2637 3651 2693 circa
3682 2640 3785 2695 hoc

2193 2715 2411 2770 diversa
2441 2719 2647 2787 Opinio.
2679 2720 2941 2791 Origenes
2972 2725 3113 2780 enim
3148 2729 3327 2796 posuit
3361 2742 3589 2799 corpora
3621 2732 3787 2788 cele-

2193 2808 2297 2862 stia
2324 2811 2579 2865 animata.
2600 2812 2958 2885 Hieronymus
2988 2819 3149 2873 etiam
3174 2820 3312 2875 idem
3341 2822 3543 2876 sentire
3567 2823 3789 2880 videtur

2193 2913 2469 2970 exponens
2500 2901 2629 2958 illud
2692 2906 3060 2964 Ecclesiastici
3098 2911 3273 2979 primo
3316 2928 3329 2965 :
3371 2910 3624 2967 Lustrans
3675 2932 3787 2969 οιιια

2190 2994 2302 3060 nia,
2331 3002 2437 3049 etc.
2472 2994 2704 3052 Basilius
2734 3013 2861 3055 vero
2886 3010 2941 3055 et
2971 3001 3334 3059 Damascenus
3372 3017 3626 3061 asserunt
3664 3021 3789 3063 cor-

2194 3098 2328 3151 pora
2355 3087 2597 3142 caelestia
2623 3103 2730 3143 non
2760 3104 2881 3147 esse
2910 3094 3504 3164 animata.Augustinus
3526 3112 3669 3155 vero
3690 3100 3789 3156 sub

2110 3166 2156 3228 C
2186 3174 2350 3229 dubio
2395 3177 2703 3249 dereliquit,
2742 3192 2989 3237 neutram
3021 3186 3074 3239 in
3127 3196 3334 3255 partem
3384 3188 3699 3257 declinans,
3734 3201 3789 3246 ut

2183 3275 2327 3333 patet
2359 3284 2421 3320 cx
2456 3284 2494 3321 ιι
2523 3269 2590 3324 de
2622 3270 2761 3326 Gen.
2794 3274 2859 3328 ad
2888 3274 3017 3342 litt.,
3048 3277 3176 3332 etin
3209 3277 3537 3335 Enchiridio.
3559 3279 3727 3337 Part.
3747 3299 3785 3350 ι,

2180 3366 2362 3424 qumst.
2395 3358 2485 3423 70,
2514 3370 2618 3415 art.
2652 3361 2708 3416 5.

2896 3453 3050 3510 CVII.

2406 3557 2691 3598 CENSORES.

2246 3609 2507 3666 Dubitabit
2535 3616 2686 3668 etiam
2714 3617 2777 3670 de
2828 3617 2933 3670 ori-

3178 3565 3224 3605 S.
3257 3568 3601 3610 AUGUSTINUS.

3078 3618 3312 3676 Proinde
3412 3624 3783 3692 ignorantiam

2173 3681 2291 3747 gine
2355 3683 2689 3762 animarum,
2765 3696 2935 3762 utrum
3007 3704 3180 3745 meam
3211 3692 3277 3744 de
3327 3681 3537 3762 origine
3564 3681 3786 3753 anim;-

2172 3760 2406 3831 creentur
2422 3753 2484 3805 de
2502 3771 2648 3817 noua,
2663 3756 2803 3840 quod
2824 3773 2934 3840 cer-
3010 3776 3127 3840 rum
3144 3770 3196 3815 te
3213 3753 3592 3832 corripiéntem
3609 3778 3785 3840 atque

2172 3821 2423 3874 tissimum
2450 3833 2543 3891 est,
2576 3841 2642 3878 an
2674 3841 2739 3900 ea:
2764 3826 2930 3881 Adam
3006 3821 3377 3900 objurgantetti
3410 3850 3515 3889 non
3538 3821 3785 3896 ωόιέέιὲ

2172 3902 2621 3974 ρνρραείειιιηγ,.μῑ
2664 3898 2835 3949 videre
2857 3909 2929 3953 est
3004 3898 3223 3974 ferient,
3285 3904 3393 3958 imo
3441 3904 3673 3974 insuper
3729 3920 3785 3965 et

2168 3961 2321 4038 epist.
2342 3961 2512 4038 29nd
2529 3964 2926 4038 Hieronymum,

3002 3987 3029 4037 g
3034 3985 3092 4048 _ra
3102 3971 3204 4026 tias
3254 3988 3473 4048 magnas
3520 3971 3777 4048 agerem,

480 4004 669 4060 lorum.

1190 4101 1322 4160 CIV.

696 4198 994 4243 ‘CENSORES.

539 4276 825 4355 Sgnsitille
874 4282 1089 4355 (nempe
1115 4287 1228 4343 Au-

464 4349 734 4420 gustinus)
774 4349 1038 4406 mundum'
1060 4357 1110 4410 in
1148 4360 1232 4411 iu-

462 4421 619 4498 stanti
638 4433 867 4498 creatum
892 4425 1062 4498 fuisse
1109 4428 1223 4498 (lib.

464 4505 518 4564 iv
541 4491 609 4545 de
629 4491 765 4547 Gen.
798 4494 864 4564 ad
887 4491 1013 4560 litt.,
1043 4511 1071 4549 a
1101 4491 1221 4564 cap.

459 4560 728 4636 ﬁliusque
761 4563 828 4616 ad
868 4564 1028 4619 linem
1061 4560 1222 4636 libri,

459 4640 512 4682 et
542 4631 719 4709 lib.'v,
765 4647 885 4703 cap.
923 4636 945 4688 -l
978 4649 1029 4709 et
1057 4631 1222 4709 seq),

458 4702 597 4769 quod
654 4720 754 4755 non
818 4707 1047 4760 convenit
1111 4702 1227 4761 cum

457 4772 659 4847 scriptis
706 4790 738 4827 a
793 4773 971 4844 Moyse
1019 4794 1133 4847 cap.
1197 4784 1219 4831 1

455 4838 726 4908 Getiescos,
760 4853 815 4896 ut
844 4838 1111 4901 ostendunt
1141 4866 1222 4902 ac-

454 4912 736 4988 curatiore}
760 4916 1004 4988 theologi,
1029 4922 1223 4984 specia-

456 4978 647 5057 t_iptqu_e
696 4982 913 5052 Suarez,
933 4978 955 4988 ⁷
974 4978 1174 5043 Mutina
1201 5034 1214 5057 ,

457 5046 746 5127 Martinon,
790 5046 1220 5127 conminuiterque

451 5120 683 5185 reficitur
721 5139 751 5176 a
796 5123 1086 5181 doctoribus
1125 5120 1215 5183 ca-

451 5186 674 5244 (Italicis.

1456 4216 1503 4255 S.
1538 4220 1882 4264 AUGUSTINUS.

1376 4294 1557 4381 Ugvita
1602 4315 1890 4381 pauperum
1927 4304 2062 4363 Deus

1303 4377 1472 4430 meus,
1510 4375 1559 4421 in
1590 4375 1744 4438 cujus
1786 4375 1907 4428 sinu
1957 4392 2060 4430 IIOll

1304 4442 1385 4511 est
1398 4441 1767 4512 contradictio,
1790 4446 1913 4512 plue
1933 4449 2061 4503 mihi

1303 4506 1660 4582 mitigationes
1718 4506 1952 4582 in'cor,
2006 4531 2062 4571 ut

1301 4580 1566 4657 patienter
1596 4582 1727 4657 tales
1742 4580 1945 4657 teram,
1966 4590 2055 4657 qui

1301 4658 1405 4726 non
1436 4649 1568 4726 mihi
1594 4655 1693 4705 hoc
1720 4653 1903 4726 dicunt
1931 4649 2055 4726 quia

1299 4712 1463 4768 divini
1504 4729 1654 4781 sunt,
1696 4732 1750 4775 et
1796 4724 1847 4776 in
1894 4712 2057 4782 corde

1301 4783 1483 4864 famuli
1515 4790 1585 4840 tui
1616 4791 1865 4864 viderunt
1909 4799 2052 4864 quod

1298 4853 1502 4920 dicunt,
1535 4860 1629 4913 sed
1678 4863 1798 4930 quia
1841 4853 2053 4933 superbi

1294 4937 1438 4993 sunt,
1465 4943 1561 5006 nec
1581 4936 2058 5006 noveruntMoysis

1293 5000 1658 5069 Sententiam,
1715 5007 1806 5057 sed
1875 5000 2055 5062 attinnt

1290 5078 1465 5143 Snain,
1487 5087 1605 5143 _non
1637 5074 1758 5140 quia
1786 5090 1910 5129 vera
1942 5090 2044 5143 est,

1289 5138 1383 5190 scd
1410 5139 1530 5205 quia
1569 5138 1664 5195 sua
1694 5156 1797 5198 cst.
1828 5146 1943 5203 Lib.
1977 5138 2051 5204 ni

1289 5204 1546 5278 (ἐρημίη,
1579 5227 1694 5281 cap.
1723 5215 1810 5270 25.

1046 5295 1103 5351 S.
1148 5298 1455 5360 TIIOMAS.

522 5378 631 5434 Sed
662 5382 809 5450 prior
841 5386 1122 5455 Augustini
1171 5394 1351 5461 Opinio
1390 5397 1483 5468 (de
1531 5404 1812 5462 creatione
1852 5413 2039 5467 mundi

448 5470 502 5523 in
535 5470 773 5547 instanti)
806 5485 891 5532 est
940 5481 1329 5552 rationabilior,
1371 5499 1425 5544 et
1474 5493 1645 5562 magis
1671 5497 1742 5551 ab
1788 5500 2040 5559 irrisione

445 5560 738 5622 inﬁdelium
766 5586 979 5629 sacram
1012 5575 1344 5647 Scriptorum
1369 5560 1684 5655 defendens,
1716 5594 1856 5661 quod
1885 5598 2041 5652 valde

441 5655 836 5718 observandum
862 5667 1025 5755 docet
1052 5675 1378 5743 Augustinus
1406 5696 1567 5751 super
1595 5655 1755 5749 Gem,
1789 5687 1882 5741 lib.
1916 5705 1957 5758 ι,
1979 5701 2041 5746 ιιι

442 5745 518 5800 sic
546 5745 840 5818 Scriptura:
869 5745 1230 5833 exponuntur,
1265 5772 1408 5838 quod
1457 5775 1526 5831 ab
1570 5775 1879 5837 inﬁdelibus
1927 5798 2033 5839 non

2169 4039 2214 4081 et
2237 4032 2387 4098 epist.
2416 4032 2599 4098 157,“
2625 4037 2678 4089 in
2707 4032 2835 4092 libro
2867 4032 2929 4093 de

2172 4100 2386 4171 Origine
2414 4106 2622 4161 anima}.

3002 4041 3047 4094 si
3077 4056 3197 4095 eam
3250 4041 3381 4097 mihi
3434 4041 3779 4105 non'solnni

3001 4110 3151 4182 duris
3205 4123 3519 4182 percuteres
3580 4120 3780 4174 convi-

3000 4181 3123 4244 t-iis,
3155 4186 3249 4236 sed
3281 4184 3426 4239 veris
3473 4188 3644 4242 etiam
3669 4205 3778 4246 ex-

2397 4254 2611 4299 cuteres
2637 4245 2813 4301 dictis.
2845 4248 2959 4302 Lib.
2992 4267 3040 4305 tv
3069 4254 3132 4305 de
3166 4251 3311 4324 Orig.
3340 4256 3526 4324 auim.,
3556 4274 3684 4329 cap.
3716 4262 3772 4317 ὅ.

2688 4338 2747 4392 S.
2791 4339 3246 4399 FULGENTIUS.

2239 4425 2407 4495 Cujus
2434 4428 2751 4496 quaestionis
2792 4430 2882 4497 (de
2921 4434 3128 4502 origine
3176 4436 3392 4508 animae)
3424 4438 3616 4495 beatus
3654 4442 3769 4497 Au-

2097 4548 2142 4605 Ι)
2169 4520 2418 4587 gustinus
2464 4522 2881 4590 profunditatem
2923 4527 3025 4582 sibi
3067 4529 3589 4598 imperscrutabilem
3638 4550 3769 4592 cer-

2168 4627 2301 4667 nens
2332 4613 2533 4668 nullam
2562 4616 2733 4670 voluit
2761 4618 2921 4688 hujus
2953 4622 3030 4675 rei
3051 4622 3328 4679 deﬁnitam
3370 4626 3610 4696 proferre
3626 4644 3767 4685 sen-

2164 4707 2408 4771 tentiam,
2446 4708 2797 4780 incongruum
2827 4729 3046 4783 prorsus
3075 4720 3397 4777 existimans
3447 4723 3643 4791 aliquid
3668 4729 3765 4780 at“-

2163 4795 2378 4850 lirmare
2402 4798 2518 4852 sine
2540 4798 2880 4859 dubitatione
2909 4806 3068 4874 velle,
3094 4810 3237 4876 quod
3259 4810 3395 4866 alter
3419 4822 3600 4880 posset
3616 4828 3762 4869 con-

2163 4885 2325 4939 traria
2359 4890 2712 4956 responsione
2741 4894 3067 4949 convellere.
3102 4897 3271 4967 Cujus
3323 4910 3430 4955 tam
3461 4902 3514 4956 in
3543 4903 3758 4959 decimo

2163 4975 2302 5029 libro
2333 4977 2400 5033 de
2430 4978 2627 5036 Genesi
2662 4982 2727 5036 ad
2758 4984 3013 5050 litteram,
3043 5003 3203 5055 quam
3247 4990 3298 5043 in
3331 4991 3480 5045 libris
3519 4993 3589 5047 ad
3621 4994 3752 5049 Vin-

2158 5068 2391 5121 centium
2446 5071 2720 5125 Victorem
2774 5076 2843 5129 de
2895 5076 3113 5146 Origine
3162 5081 3379 5148 animae,
3430 5098 3531 5137 nec
3560 5086 3751 5140 nonin

2158 5155 2295 5209 libro
2328 5161 2501 5225 primo
2519 5176 2585 5215 ex
2603 5162 2811 5217 duobus
2831 5182 2967 5235 quos
2989 5170 3055 5222 ad
3084 5181 3327 5224 sanctum
3360 5172 3749 5245 Hieronymum

2159 5247 2401 5316 scripsit,
2433 5250 2485 5303 in
2520 5252 2689 5306 tribus
2716 5270 2930 5326 quoque
2954 5259 3197 5329 epistolis
3225 5278 3359 5331 quas
3385 5265 3451 5319 ad
3494 5265 3747 5337 Optatum

2151 5338 2459 5409 episcopum
2493 5342 2562 5397 de
2594 5345 2692 5400 hac
2714 5350 3015 5416 quastione
3040 5357 3745 5428 composuit,disputatione

2150 5429 2379 5500 refulget
2426 5449 2533 5487 non
2586 5436 2761 5492 minus
2812 5442 3028 5511 copiosa
3083 5460 3243 5514 quam
3275 5448 3570 5516 profunda,
3601 5460 3741 5505 etet

2151 5523 2323 5591 magis
2385 5523 2637 5580 laudabili
2676 5531 2798 5597 quia
2852 5547 3088 5604 congrua
3139 5541 3401 5603 temperie
3443 5542 3741 5598 moderata.

2152 5608 2250 5664 Ubi
2295 5612 2552 5681 quidquid
2611 5617 2811 5687 ingenii
2869 5625 3137 5690 acumine,
3177 5629 3431 5698 quidquid
3463 5633 3742 5687 ratiocina-

2148 5700 2312 5756 tionis
2368 5704 2581 5768 ordine,
2636 5709 2893 5779 quidquid
2936 5716 3267 5772 auctoritatis
3298 5721 3536 5787 pondere
3568 5723 3743 5791 inqui-

2147 5791 2374 5848 rendum
2407 5793 2913 5871 discutiendumque
2939 5805 3241 5876 conspexit,
3265 5819 3321 5863 et
3341 5811 3619 5881 inquisivit
3636 5818 3735 5875 sin-
