3930 6328
170 361 266 419 869

1339 366 1656 422 γιΝυιυιίΕ
1698 368 2258 428 ΑυουεΤιΝιΑΝΑε.

3336 372 3438 430 870

167 479 423 547 gulariter
449 488 505 533 ct
534 478 807 545 discussit,
841 492 1168 534 consensum
1219 489 1396 535 tamen
1427 483 1493 534 ab
1526 489 1744 550 utraque
1772 488 1817 546 Α
1849 474 2265 559 ἀίεδθιοιυηι.θει,
2306 524 2323 553 ι
2360 502 2587 557 Sanctus
2617 500 2958 569 Prudentius,
2988 503 3042 559 in
3091 505 3316 576 epistola
3367 511 3438 565 ad

171 571 480 627 deﬁnitione
502 574 787 638 continuit,
819 588 885 627 ne
908 572 1146 627 laborem
1180 580 1341 628 tanta:
1370 573 1750 643 disputationis

168 662 401 717 inaniter
432 661 753 730 susciperet,
777 678 936 732 quem
968 664 1253 731 cujuslibet
1278 666 1559 717 sententiae
1589 676 1751 719 teme-

167 754 304 807 raria
332 752 577 807 deﬁnitio
605 762 880 810 vacuaret.
924 752 1036 805 Lib.
1070 768 1127 807 ιιι
1153 754 1214 805 de
1241 753 1404 807 Verit.
1440 755 1680 822 pra’dest.
1704 764 1753 807 et

164 852 461 915 grat.,cap.
496 842 582 898 l8.
602 844 814 910 Quanto
843 858 972 913 ergo
1001 844 1191 897 melius
1221 843 1287 897 ab
1316 843 1475 912 hujus
1504 846 1753 912 quastio-

168 934 251 987 uis
284 934 581 987 certamine
609 944 992 1002 temperamus,
1018 934 1070 987 in
1099 948 1201 1002 qua
1226 948 1323 987 nos
1356 934 1585 987 inaniter
1606 934 1752 987 labo-

165 1038 285 1077 rare
314 1024 731 1095 cognoscimus?
785 1025 1109 1093 prmscrtim,
1160 1025 1285 1093 quia
1331 1025 1472 1092 quod
1498 1040 1527 1077 a
1556 1025 1754 1079 sanctis

166 1112 295 1164 viris
326 1113 623 1181 majoribus
655 1114 856 1167 nostris
907 1113 1151 1168 videmus
1190 1114 1414 1168 minime
1458 1112 1754 1181 deﬁnitum,

164 1210 381 1270 oportet
411 1218 515 1259 nos
550 1212 700 1258 tanto
722 1204 927 1259 cautius
953 1215 1114 1273 atque
1139 1205 1527 1273 lcmpt'rnnlius
1552 1221 1759 1274 quaere-

160 1307 245 1359 re,
272 1302 474 1362 quanto
502 1294 567 1348 ad
596 1294 712 1364 ejus
744 1296 902 1349 linem
928 1295 1046 1350 illos
1090 1296 1379 1364 praeclaros
1410 1297 1555 1352 viros
1582 1298 1757 1353 cerni-

162 1398 288 1438 mus
317 1386 539 1441 minime
571 1388 902 1455 pervenisse.
932 1388 1060 1453 Cap.
1079 1387 1170 1442 20.

866 1478 1047 1534 CVIII.

399 1583 685 1624 CENSORES.
1165 1585 1211 1624 S.
1248 1586 1589 1628 AUGUSTINUS.

240 1636 517 1708 Perperam
546 1654 743 1704 quoque
770 1653 925 1708 expo-

159 1709 237 1779 nit
260 1707 313 1759 id
328 1708 465 1776 quod
476 1713 547 1760 ait
560 1707 839 1779 Apostolus
855 1708 924 1759 ad

157 1776 458 1841 Romanos,
502 1776 744 1844 cap.x1v,
792 1793 919 1831 vers.

155 1846 229 1899 25
262 1864 274 1897 :
309 1847 479 1900 Omne
523 1848 663 1915 quod
705 1863 810 1900 non
839 1857 923 1901 est

156 1932 225 1970 ex
254 1915 358 1969 Iide
383 1926 657 1983 peccatum
685 1926 787 1980 est,
805 1933 922 1981 qua-

156 1986 208 2040 si
261 1986 377 2039 velit
425 1986 589 2040 dicere
642 1987 921 2054 Apostolus

158 2056 335 2109 omnia
356 2072 511 2124 opera
534 2055 820 2124 inﬁdelium
845 2074 919 2110 es-

157 2142 211 2179 se
232 2137 457 2193 peccata,
474 2137 518 2178 et
539 2127 647 2179 sine
676 2142 791 2179 vera
811 2128 916 2194 [ide

157 2195 361 2264 nullum
390 2211 534 2264 posse
572 2196 687 2264 ﬁeri
727 2195 915 2249 bonum

156 2280 304 2345 Opus.
322 2263 447 2317 Cum
479 2263 642 2345 tamen
667 2266 734 2318 ibi
749 2282 913 2345 sermo

155 2335 220 2387 sit
251 2335 314 2387 de
350 2350 407 2387 eo
458 2336 594 2404 quod
634 2350 733 2387 non
762 2335 819 2402 ﬁt
850 2352 915 2388 ea:

155 2406 425 2457 dictantiue
446 2409 759 2459 conscientia:
771 2406 916 2473 judi-

157 2475 318 2527 cantis
343 2475 471 2527 bona
492 2475 594 2543 [ide
616 2476 814 2527 licitum
837 2491 915 2527 es-

154 2560 208 2597 se
230 2544 285 2596 id
309 2546 445 2609 quod
476 2546 554 2612 fit,
603 2554 654 2596 ut
679 2560 741 2596 ea:
766 2545 915 2596 ‘textu

154 2616 266 2681 ipso
319 2614 493 2681 liquet,
550 2625 598 2666 et
640 2616 916 2666 communis

154 2684 506 2750 interpretatio
523 2682 779 2734 doctorum
800 2698 919 2734 con-

152 2752 364 2804 tradicit
436 2750 761 2821 Augustino,
834 2752 919 2818 qui

154 2822 311 2875 etiam
334 2822 529 2889 aliquot
546 2821 693 2884 locis,
722 2829 776 2872 ut
797 2820 918 2874 alibi

156 2890 485 2955 notavimus,
534 2891 735 2942 videtur
789 2892 919 2943 hanc

155 2976 303 3013 suam
349 2962 679 3012 assertionem
708 2962 915 3013 restrin-

156 3046 271 3103 gere
297 3030 366 3082 ad
411 3029 596 3082 bonum
641 3046 769 3099 opus
800 3030 921 3103 tttle

157 3102 273 3152 vita:
295 3108 498 3168 (eterna:
528 3102 914 3168 consequeudw,

160 3178 269 3241 etc.
334 3167 619 3241 Utrumque
673 3180 841 3222 tamen
889 3186 919 3221 a
971 3185 1086 3223 vero
1136 3186 1286 3224 sensu
1336 3173 1572 3241 Apostoli

158 3240 315 3293 citato
342 3238 495 3309 plane
537 3240 761 3293 alienum
789 3248 882 3292 est.

1034 1639 1420 1693 Testimonium
1446 1642 1595 1705 illud,
1612 1641 1755 1707 quod

996 1722 1060 1762 ex
1083 1709 1347 1778 Apostolo
1378 1712 1526 1779 posui
1552 1729 1564 1762 :
1594 1710 1759 1765 Omne

994 1780 1129 1847 quod
1153 1795 1255 1832 non
1286 1791 1357 1833 est
1398 1796 1461 1833 ea:
1511 1782 1613 1850 ﬁde
1642 1799 1756 1849 pec-

994 1858 1161 1902 catum
1188 1860 1281 1912 est,
1308 1852 1445 1904 sicut
1469 1851 1561 1905 tibi
1584 1854 1753 1906 visum
1788 1851 1833 1910 Β

994 1926 1077 1972 est
1091 1922 1371 1989 accepisti,
1387 1931 1439 1974 et
1457 1924 1748 1989 exposuisti

994 2004 1099 2043 non
1128 2000 1183 2042 ut
1210 1990 1369 2059 sapit,
1388 1991 1480 2045 sed
1508 2002 1563 2045 ut
1585 1996 1748 2059 sapis.

998 2060 1068 2111 De
1098 2060 1231 2114 cibis
1288 2062 1428 2113 enim
1463 2064 1750 2128 Aposwlus

991 2128 1335 2196 Influebatur;
1390 2144 1573 2183 verum
1623 2146 1746 2185 cum

988 2198 1232 2264 dixisset,
1280 2198 1380 2262 Qui
1421 2208 1591 2251 autem
1638 2202 1749 2254 dis-

987 2268 1143 2319 cernit
1203 2270 1249 2321 si
1316 2271 1694 2324 manducauerit
1728 2312 1741 2335 ,

988 2340 1258 2407 damnatus
1288 2348 1379 2401 est,
1411 2341 1530 2407 quia
1555 2356 1654 2392 non
1684 2356 1746 2394 ex

988 2406 1107 2479 fide,
1126 2406 1262 2461 hanc
1286 2406 1486 2475 peccati
1510 2409 1743 2479 speciem

988 2474 1187 2547 dequo
1234 2474 1445 2545 agebat,
1504 2474 1743 2547 generali

990 2544 1156 2597 voluit
1190 2544 1421 2613 probare
1456 2544 1742 2613 sententia,

991 2628 1113 2671 mox
1138 2615 1371 2668 inferens
1396 2614 1590 2667 :Omne
1612 2620 1749 2667 enim

992 2685 1127 2749 quod
1160 2698 1261 2735 non
1287 2694 1357 2735 est
1403 2698 1466 2735 ea:
1510 2684 1613 2749 ﬁde
1637 2701 1751 2752 pec-

996 2762 1165 2802 catum
1209 2762 1303 2805 est.
1360 2752 1474 2804 Lib.
1525 2768 1574 2805 iv
1606 2765 1749 2807 cont.

994 2819 1123 2884 .lul.,
1154 2836 1274 2887 cap.
1307 2823 1359 2876 5.
1394 2819 1556 2875 Omne
1583 2823 1749 2885 enim,

994 2890 1130 2943 velis
1158 2892 1313 2954 nolis,
1355 2891 1493 2960 quod
1540 2908 1641 2944 non
1682 2902 1754 2946 est

993 2976 1057 3011 ex
1084 2961 1203 3026 ﬁde,
1232 2970 1493 3029 peccatum
1527 2969 1620 3017 est.
1672 2963 1755 3016 In-

994 3036 1090 3094 ira,
1125 3031 1251 3085 ibid.

626 3328 1030 3384 BONIFACIUS
1062 3329 1099 3383 Il
1130 3347 1283 3401 papa.

233 3420 356 3476 Illos
382 3430 558 3476 autem
590 3421 703 3491 qui,
733 3420 1074 3490 praecedente
1106 3422 1231 3489 ﬁde,
1259 3435 1475 3494 caetera,
1507 3428 1640 3483 sicut
1668 3430 1748 3484 in-

1856 594 2199 649 llincmarum
2245 604 2299 648 et
2344 594 2675 648 Pardulum:
2714 613 2732 645 ι
2770 593 2881 649 Hoc
2926 594 3159 666 primum
3203 610 3439 656 vestram

1852 684 2212 738 sinceritatem
2247 699 2486 746 monens,
2528 693 2585 738 ut
2611 683 2908 739 doctrinam
2940 685 3235 751 beatissimi
3263 689 3441 746 Patris

1854 774 2134 843 Augustini
2158 777 2395 828 omnium
2443 774 2646 843 absque
2698 774 2802 828 ulla
2842 774 3114 833 dubietate
3158 780 3440 836 undecun-

1855 879 1959 933 que
2006 865 2325 931 doctissimi,
2372 876 2679 921 sanctarum
2708 867 3105 936 Scripturarum
3135 873 3443 929 auctoritati

1856 957 1908 1010 in
1938 958 2187 1012 omnibus
2210 957 2680 1011 concordissimam
2703 973 2717 1022 ;
2742 961 2938 1029 quippe
2963 962 3139 1016 nullus
3160 963 3439 1021 doctorum

1856 1051 2103 1104 abstrusa
2134 1065 2316 1104 earum
2344 1050 2709 1120 scrupulosius
2742 1050 2966 1106 rimatus
3004 1053 3312 1123 diligentius
3339 1072 3439 1112 ex-

1857 1143 2117 1210 quisierit,
2143 1142 2321 1196 verius
2354 1142 2642 1205 invenerit,
2677 1142 2926 1197 veracius
2955 1146 3259 1213 protulerit,
3291 1149 3443 1203 lucu-

1857 1232 2049 1287 leutius
2071 1232 2403 1298 enodaverit,
2435 1232 2644 1286 ﬁdelius
2666 1234 2920 1299 tenuerit,
2954 1236 3228 1292 robustius
3257 1238 3445 1294 delen-

1856 1325 2017 1389 derit,
2048 1325 2269 1380 effusius
2298 1324 2762 1392 disseminaverit,
2800 1343 2821 1377 s
2851 1334 2953 1381 etc.
2985 1326 3299 1399 Rhemigius
3328 1334 3443 1385 An-

1858 1416 2227 1471 tisiodorensis
2249 1416 2302 1470 in
2327 1415 2362 1467 2
2392 1415 2457 1469 ad
2488 1415 2731 1470 Corinth.
2766 1433 2778 1467 :
2811 1434 2830 1468 ‹
2865 1417 3017 1472 Sicut
3039 1420 3123 1473 sol
3150 1420 3368 1475 excedit
3388 1423 3442 1477 in

1860 1508 2059 1563 lumine
2089 1523 2278 1563 omnes
2310 1508 2573 1576 planetas,
2607 1508 2676 1561 ita
2727 1509 3058 1577 Augustinus
3104 1525 3294 1567 omnes
3337 1528 3443 1568 ex-

1857 1604 2019 1654 cessit
2066 1602 2119 1654 iu
2164 1598 2496 1669 exponendis
2542 1601 2711 1653 sacris
2760 1599 3075 1670 Scripturis.
3129 1620 3150 1655 ι
3197 1602 3347 1673 ﬂugo
3376 1605 3445 1659 de

1858 1691 2055 1744 Sancto
2086 1691 2325 1755 Victore,
2353 1704 2521 1744 serm.
2562 1688 2633 1741 25
2664 1706 2679 1744 :
2717 1708 2736 1741 ι
2768 1689 2897 1746 Inde
2921 1702 2977 1747 et
3016 1693 3086 1748 de
3113 1694 3231 1763 ipso
3260 1697 3313 1749 in
3344 1696 3446 1751 bac

1860 1780 1977 1847 ejus
2002 1780 2346 1835 solemnitate
2362 1781 2628 1847 cauimus,
2653 1781 2796 1849 quod
2816 1783 3202 1852 prophetarum
3222 1795 3277 1841 et
3296 1801 3448 1857 apos-

1861 1872 2088 1925 tolorum
2144 1873 2332 1942 plenus
2384 1873 2598 1941 spiritu,
2630 1887 2749 1941 qua:
2781 1875 3147 1942 praedixerunt
3193 1881 3441 1948 mystica,

1855 1959 2160 2017 lecitnobis
2212 1965 2414 2032 pervia,
2451 1973 2571 2033 post
2616 1977 2753 2033 quos
2807 1966 3046 2021 secunda
3095 1967 3442 2038 dispensandi

1854 2053 2002 2106 verbi
2028 2053 2122 2109 Dei
2153 2055 2355 2125 primus
2381 2053 2591 2109 refulsit
2618 2056 2812 2124 gratia,
2851 2075 2870 2108 ι
2902 2066 3009 2112 etc.

2590 2169 2704 2225 CX.

2088 2274 2375 2314 CENSOBES.

1920 2327 2113 2380 Durius
2161 2346 2362 2398 quoque
2386 2332 2611 2399 loquitur

1848 2397 2078 2463 pluribus
2121 2397 2245 2453 locis
2278 2397 2355 2453 de
2402 2397 2609 2454 veritate

1847 2470 2076 2527 corporis
2109 2468 2299 2522 Christi
2320 2472 2375 2524 in
2402 2470 2609 2524 Eucha-

1848 2538 2026 2600 ristia,
2072 2549 2126 2589 ut
2155 2556 2316 2604 supra
2364 2542 2610 2595 indicavi-

2842 2280 2891 2319 8.
2932 2280 3276 2327 AUGUSTINUS.

2756 2333 3026 2407 Admouet
3062 2354 3149 2394 me
3182 2341 3355 2407 plane,
3380 2357 3442 2399 ac

2682 2401 2813 2456 mihi
2840 2403 2993 2472 jubet
3013 2401 3444 2467 suavissimo'im-

2683 2475 2833 2542 perio
2862 2477 2948 2529 lex
2977 2476 3200 2544 Christi,
3226 2479 3327 2534 hoc
3360 2492 3444 2535 est

2682 2545 2953 2619 elisi-itas,
2982 2557 3038 2619 ut
3081 2564 3203 2619 cum
3244 2550 3444 2619 aliquid

1640 3173 1750 3229 loco
1780 3206 1826 3267 ρ

1851 2620 1984 2666 mus,
2030 2621 2132 2670 qua
2170 2608 2231 2657 de
2276 2624 2431 2659 causa
2464 2626 2613 2661 suum

1854 2672 2005 2738 plane
2044 2671 2193 2721 illum
2238 2688 2347 2724 esse
2387 2677 2614 2739 glorian-

1856 2730 1960 2801 tur,
2010 2742 2099 2791 sed
2127 2740 2258 2807 falso
2303 2730 2609 2807 Calbinistte,

1856 2818 1902 2858 et
1931 2809 2355 2863 eminentissimus
2383 2812 2616 2865 doctrina

1854 2894 1996 2950 teque
2016 2896 2077 2932 ac
2102 2881 2350 2950 dignitate
2376 2885 2613 2937 cardina-

1858 2948 1919 3000 l:s
1950 2948 2228 3003 Perronius
2254 2953 2307 3005 in
2349 2954 2479 3005 libro
2508 2955 2615 3007 siu-

1858 3020 2027 3138 qulari
2054 3024 2135 3073 cui
2166 3022 2340 3075 titulus
2373 3032 2475 3087 est,
2511 3025 2615 3078 Rc-

1883 3089 2046 3138 utatio
2072 3092 2521 3138 nhiaclinnnnrex
2550 3095 2608 3138 Ι)-

1883 3089 2046 3143 utatio
2072 3092 2521 3158 objectionum‘ex
2548 3095 2610 3149 1).

1860 3160 2154 3227 Augustino
2192 3174 2375 3217 contra
2404 3164 2459 3219 S.
2504 3166 2612 3218 Eu-

1857 3230 2126 3285 charistia:
2166 3233 2571 3288 Sacramentutn
2594 3279 2607 3300 ,

1853 3313 1969 3366 cap.
1992 3301 2039 3363 1,
2062 3303 2174 3370 ipso
2203 3304 2371 3358 initio.
2406 3302 2612 3358 Idcirco

1852 3381 1993 3421 vocat
2014 3383 2246 3425 sanctum
2264 3375 2609 3443 Augustinum

1851 3454 2090 3507 magnum
2150 3454 2457 3508 prwtensum
2505 3446 2579 3499 Sa
2592 3476 2609 3486 -

2688 2611 2803 2663 falsi
2832 2614 2885 2664 in
2904 2615 3051 2666 libris
3072 2617 3206 2671 meis
3223 2634 3310 2671 me
3330 2611 3445 2674 seu-

2689 2679 2827 2756 sisse
2886 2681 3132 2736 homines
3206 2698 3443 2756 putant,

2688 2745 2830 2817 quod
2873 2763 2973 2817 ego
3005 2763 3106 2803 non
3149 2745 3314 2817 sensi,
3359 2745 3444 2809 at;

2688 2828 2790 2884 que
2820 2814 3048 2884 idipsum
3066 2820 3259 2875 falsum
3287 2814 3444 2881 alteri

2686 2882 2935 2963 displicet
2957 2928 2973 2952 ,
3029 2888 3181 2943 alteri
3211 2892 3442 2963 placet,

2690 2955 2869 3027 malim
2913 2971 2999 3011 me
3048 2955 3366 3027 reprehendi
3412 2955 3443 3020 ἁ

2687 3025 3077 3103 reprehensore
3109 3025 3391 3103 Talsitatis
3423 3078 3440 3103 ,

2688 3109 2844 3167 quam
2880 3098 2952 3167 ab
3000 3097 3125 3167 ejus
3170 3097 3444 3160 laudatore

2688 3163 2911 3220 laudari.
2979 3163 3062 3225 Ab
3141 3171 3233 3227 illo
3297 3176 3442 3231 enim

2685 3238 2927 3311 quamvis
2970 3254 3069 3310 ego
3116 3257 3221 3297 nou
3272 3252 3442 3311 recte,

2683 3308 2776 3379 qui
2799 3309 2900 3363 hoc
2917 3308 3025 3365 non
3045 3315 3327 3378 senserim,
3352 3308 3443 3371 eri-

2683 3395 2794 3443 ror,
2834 3389 3011 3436 tamen
3043 3383 3158 3452 ipse
3188 3396 3336 3441 recte
3363 3387 3445 3440 vi-

2686 3458 2982 3516 tuperatur.
3016 3454 3098 3506 Ab
3127 3455 3229 3508 hoc
3258 3467 3437 3511 autem

155 3512 331 3577 dicas,
364 3510 549 3565 volunt
596 3510 780 3580 gratiae
811 3509 1090 3579 deputare,
1124 3528 1219 3567 sua
1253 3517 1586 3583 professione
1615 3534 1747 3574 con-

152 3600 497 3669 stringimus,
528 3611 585 3655 ut
612 3599 781 3655 multo
811 3600 982 3669 magis
1010 3600 1154 3658 dono
1177 3606 1364 3671 gratiae
1393 3606 1552 3660 etiam
1588 3609 1745 3663 tidem

152 3699 421 3760 cogantur
444 3691 728 3757 ascribere,
758 3699 954 3759 praeter
973 3705 1132 3759 quam
1159 3694 1289 3748 nihil
1320 3706 1401 3751 est
1428 3698 1574 3763 boni,
1599 3700 1744 3768 quod

151 3780 456 3835 secundum
506 3782 671 3835 Deum
717 3780 940 3848 quilibet
989 3782 1163 3836 valeat
1214 3788 1448 3853 operari,
1497 3788 1636 3843 sicut
1680 3790 1734 3844 Β.

150 3874 452 3944 Apostolus
477 3874 599 3929 dicit
640 3892 652 3927 :
687 3874 848 3926 Omne
870 3874 1006 3944 quod
1032 3891 1094 3927 ea:
1107 3875 1211 3944 ﬁde
1238 3895 1339 3932 non
1362 3889 1455 3947 est,
1481 3892 1746 3950 peccatum

148 3975 254 4019 est.
286 3966 437 4034 Quod
466 3982 587 4021 cum
620 3967 689 4021 ita
720 3967 811 4032 sit,
843 3975 933 4019 aut
961 3968 1164 4023 nullum
1194 3970 1393 4027 bonum
1436 3977 1621 4044 gratia:
1650 3977 1747 4032 de-

151 4057 447 4123 putabunt,
479 4058 525 4111 si
567 4057 614 4110 ri
648 4056 804 4110 ﬁdem
833 4057 1153 4114 subtrahere
1202 4061 1515 4131 moliuntur,
1563 4075 1653 4119 aut
1700 4069 1745 4121 si

151 4144 306 4211 quod
337 4144 534 4200 bonum
559 4160 679 4200 esse
722 4145 906 4199 dicunt
933 4146 1000 4200 de
1024 4150 1213 4217 gratia,
1272 4152 1385 4221 ipsa
1441 4157 1746 4212 necessario

152 4234 297 4291 ﬁdes
324 4236 426 4292 erit
468 4238 654 4307 gratia:
693 4237 1016 4307 deputanda.
1052 4238 1221 4309 Epist.
1254 4245 1321 4296 ad
1370 4245 1430 4301 S.
1467 4246 1742 4304 Cwsarium

145 4328 531 4385 Arelatensem.

866 4416 1003 4474 CIX.

1850 3513 2608 3583 cramenturiorumputrouum.
2687 3513 2786 3573 nec
2828 3532 2926 3587 ego
2972 3532 3120 3575 recte
3162 3523 3380 3589 laudor,
3412 3541 3443 3579 a

2679 3605 2784 3657 quo
2805 3589 3088 3644 existimor
3110 3591 3163 3645 id
3180 3593 3438 3658 sensisse,

1850 3646 2534 3731 quodvituperatyeritas,
2566 3675 2664 3731 nec
2695 3646 2806 3727 ipsa
2836 3662 3102 3715 sententia
3121 3646 3445 3731 quamrvitu;

1852 3726 2005 3784 perat
2036 3722 2257 3773 veritas.
2289 3722 2407 3776 Lib.
2435 3741 2449 3779 I
2475 3730 2538 3785 de
2564 3722 2737 3797 Trini,
2769 3745 2887 3798 cap.
2915 3731 2969 3784 5.

2252 3832 2700 3897 GUITMUNDUS
2740 3843 3048 3912 episcopus.

1926 3941 2065 4007 Quid
2084 3941 2169 3997 hic
2188 3944 2482 4005 Umbratici
2500 3953 2942 4023 respondebunt?
2962 3958 3062 4014 Ubi
3083 3958 3137 4015 in
3157 3969 3302 4018 tanta
3323 3960 3442 4020 luce

1856 4031 2103 4104 lucifuga:
2143 4041 2311 4093 nostri
2348 4042 2596 4099 umbram
2643 4048 2950 4116 parabunt?
2986 4050 3128 4107 Ecce
3160 4054 3442 4125 Augustini

1856 4126 2294 4185 manifestissima
2344 4131 2663 4191 documenta
2719 4138 3034 4208 recitantur,
3084 4144 3213 4199 nihil
3260 4146 3312 4201 in
3361 4148 3442 4203 eis

1852 4218 2250 4285 scrupulosum,
2298 4223 2432 4277 nihil
2464 4226 2807 4296 ambiguum;
2840 4239 2933 4284 aut
2972 4230 3039 4286 de
3068 4232 3153 4287 bis
3183 4249 3241 4290 se
3268 4238 3443 4306 expli-

1853 4324 2021 4379 cent,
2067 4326 2157 4370 aut
2224 4322 2579 4388 Augustinum
2638 4324 2794 4380 nobis
2861 4327 3099 4398 objicere
3154 4331 3435 4388 desiStant.

1854 4402 1970 4457 Lib.
2003 4421 2059 4460 ιιι
2090 4408 2154 4461 de
2189 4407 2413 4465 Veritate
2440 4412 2805 4486 Eucharistiw,
2838 4430 3017 4475 contra
3046 4419 3439 4494 Berengarium,

390 4527 676 4567 CENSORES.

228 4580 282 4632 Ν
290 4594 440 4633 orant
459 4584 607 4634 etiam
629 4584 913 4653 quicunque

140 4667 205 4703 in
224 4654 339 4721 ejus
351 4652 559 4705 lectione
574 4656 758 4706 versati
771 4662 910 4715 sunt,

145 4737 259 4773 non
289 4724 418 4775 adeo
440 4722 634 4788 felicem
664 4726 715 4777 in
754 4726 910 4775 inda-

142 4791 328 4860 ganda
360 4791 568 4844 litterati
590 4809 738 4847 sensu
762 4794 907 4849 Scri-

143 4869 323 4927 pturte
340 4861 593 4914 interdum
625 4865 799 4932 fuisse.
830 4864 912 4917 Ex

139 4946 257 4999 quo
288 4938 453 5005 tamen
479 4933 741 5002 potissime
760 4951 914 5005 argu-

139 5003 485 5073 mentandum
534 5012 626 5067 est,
672 5003 916 5073 longeque

140 5072 231 5144 illi
263 5070 316 5122 in
337 5071 432 5123 hac
460 5086 603 5144 parte
638 5070 911 5144 prafereno

143 5140 279 5213 dum
310 5155 417 5194 esse
462 5140 830 5213 Hieronymum
867 5156 911 5199 et

142 5206 593 5277 Chrysostamum.

1146 4532 1191 4571 S.
1224 4535 1566 4578 AUGUSTlNUB.

1056 4585 1187 4639 Cum
1205 4572 1349 4664 “his
1374 4572 1587 4647 “autem
1651 4597 1736 4664 qui
1772 4572 1821 4630 ι)

984 4668 1174 4730 cuncta
1204 4657 1290 4711 illa
1310 4676 1427 4727 quin
1446 4679 1567 4716 vera
1590 4657 1736 4730 sunt,

986 4726 1118 4779 falsa
1148 4744 1267 4782 esse
1290 4726 1392 4783 uno
1418 4733 1619 4799 dicunt,
1646 4726 1740 4788 hu;

986 4804 1259 4863 norantes,
1306 4809 1360 4853 et
1408 4803 1459 4855 in
1507 4806 1739 4861 culmine

984 4869 1271 4934 sequenda:
1293 4875 1622 4929 auctoritatis
1644 4893 1739 4930 uo-

989 4937 1190 4989 biscum
1236 4942 1627 4998 constituentes
1675 4948 1735 4999 il-

990 5007 1090 5058 lam
1142 5020 1234 5072 per
1262 5020 1501 5063 sanctum
1558 5014 1736 5070 MOsen

986 5080 1181 5133 editam
1234 5089 1470 5133 sanctam
1503 5080 1740 5152 Scriptu-

988 5165 1096 5203 ram
1128 5162 1291 5213 tuam,
1312 5156 1366 5201 et
1390 5157 1565 5204 tamen
1588 5158 1690 5208 noh
1713 5170 1738 5207 s

987 5219 1179 5286 aliquid
1228 5220 1619 5286 contradicunt,
1666 5225 1737 5279 ita

992 5290 1227 5357 loquor:
1269 5289 1349 5341 Tu
1391 5300 1525 5357 esto,
1574 5296 1733 5362 Deus,

146 5358 339 5403 noeter
353 5351 558 5406 arbiter
581 5354 718 5408 inter
742 5351 1104 5414 confessiones
1123 5372 1269 5411 meas
1285 5366 1339 5413 et
1358 5351 1736 5419 contradictio;

145 5431 253 5471 nes
277 5433 485 5476 eorum.
518 5423 631 5476 Lib.
659 5440 729 5478 xu
762 5426 991 5497 Confess.
1021 5445 1135 5496 cap.
1169 5428 1252 5482 16.

663 5514 904 5569 SANCTI
940 5517 1230 5573 PATRES.

222 5597 583 5670 Hieronymus
607 5604 827 5672 epistola
840 5606 908 5662 50
924 5608 988 5661 ad
1008 5608 1361 5677 Augustinum
1386 5610 1458 5667 ait
1487 5630 1499 5665 :
1531 5631 1549 5663 ι
1578 5611 1738 5671 Certe

141 5690 408 5759 quidquid
434 5694 539 5749 dici
568 5700 759 5765 potuit,
790 5710 844 5754 et
864 5702 1077 5756 sublimi
1105 5704 1317 5772 ingenio
1337 5704 1404 5758 de
1433 5704 1735 5774 Scriptura-

142 5796 271 5835 rum
304 5794 612 5840 sanctarum
642 5787 845 5845 hauriri
875 5790 1128 5859 fontibus,
1162 5807 1191 5847 a
1220 5802 1269 5848 te
1313 5795 1546 5863 positum
1575 5806 1732 5865 atque

1853 4505 1987 4548 tome
2016 4495 2083 4550 XI
2113 4495 2250 4552 Bibl.
2282 4498 2402 4556 PP.

2612 4598 2747 4655 CXI.

2080 4697 2367 4741 CENSORES.

1916 4748 2049 4830 Item
2099 4754 2188 4808 lib.
2230 4771 2251 4830 t_
2302 4758 2364 4812 de
2408 4772 2605 4830 peccat.

1846 4817 2022 4898 Merit.
2042 4832 2087 4898 et
2130 4827 2349 4898 [emiss.,
2377 4817 2491 4898 cup.
2517 4831 2605 4894 20,

1842 4901 1888 4943 et
1916 4893 2004 4947 lib.
2037 4893 2099 4946 de
2123 4893 2372 4950 Prwdest.
2407 4893 2609 4953 sancta;

1844 4977 1980 5037 rum,
2047 4977 2162 5037 cap.
2216 4966 2301 5027 15,
2335 4977 2382 5019 ει
2438 4969 2543 5037 liba
2572 4985 2609 5021 ιι

1848 5029 2004 5099 Oper.
2045 5032 2251 5101 imperi.
2298 5045 2434 5091 cont.
2467 5029 2604 5099 Jul,

1843 5116 1957 5168 cap.
2016 5101 2116 5169 29,
2177 5104 2359 5157 docere
2414 5109 2609 5161 videtur

1843 5182 2216 5225 sacramentum
2268 5172 2609 5231 Eucharistia:

1844 5255 1946 5292 non
1999 5240 2169 5294 minus
2222 5260 2329 5296 esse
2381 5261 2607 5301 necessa-

1842 5312 1972 5361 rium
2016 5314 2243 5378 parvulis
2289 5315 2355 5367 ad
2392 5322 2607 5372 salutem

1839 5396 1992 5458 quam
2048 5381 2391 5458 baptismum,
2450 5405 2608 5458 neque

1846 5450 2012 5527 minus
2070 5450 2151 5527 ad
2207 5470 2291 5508 eos
2357 5450 2606 5527 pertinere

1842 5522 1979 5585 quod
2028 5522 2231 5595 dicitur
2291 5522 2448 5583 Joan.
2510 5546 2602 5595 vr,

1843 5605 1971 5661 uere.
2022 5594 2091 5647 54
2131 5611 2143 5645 :
2185 5594 2355 5651 Amen
2380 5638 2397 5661 ,
2446 5594 2603 5654 amen

1843 5660 1963 5713 dico
1994 5664 2165 5729 vobis,
2196 5668 2296 5720 nisi
2324 5660 2600 5724 manduca-

2839 4708 2885 4747 S.
2930 4711 3276 4752 AUGUSTINUS.

2747 4762 2948 4817 Sancto
2981 4766 3296 4824 Innocentio
3318 4771 3441 4828 vide

2672 4835 3191 4909 quid__re_spondeas,
3233 4840 3321 4909 qui
3358 4842 3437 4896 ni~

2674 4901 2745 4953 hil
2776 4902 2917 4955 aliud
2945 4904 3019 4983 de_
3052 4905 3150 4983 hac
3175 4901 3436 4983 're'sapit,

2672 4986 2843 5052 quam
2879 4974 3021 5041 quod
3063 4977 3173 5043 isti,
3223 4981 3275 5034 in
3304 4974 3438 5052 quo.-

2673 5055 2788 5094 rmn
2831 5051 2881 5097 te
2911 5058 3253 5117 conventum,
3284 5051 3333 5106 si
3361 5063 3436 5107 ta-

2675 5127 2794 5189 nien
2835 5115 3065 5189 prodest
3114 5115 3339 5189 aliquid,
3386 5134 3437 5177 te

2674 5181 2965 5241 introduxi.
3000 5186 3129 5242 Cum
3157 5181 3243 5244 his
3272 5181 3435 5245 etiam

2660 5251 2793 5325 ipse
2840 5256 3121 5323 considet,
3181 5260 3281 5313 etsi
3340 5274 3438 5325 p0-

2670 5324 2866 5397 sterior
2936 5337 3177 5394 tempore
3202 5369 3218 5393 ,
3289 5324 3438 5397 prior

2674 5393 2853 5469 loco,_
2890 5406 3009 5469 etc._
3051 5393 3153 5469 Qui
3184 5393 3436 5469 denique

2673 5464 2922 5530 parvulos
2978 5466 3269 5534 deﬁnivit,
3330 5464 3434 5525 nisi

2671 5535 3111 5589 manducaveriut
3124 5550 3340 5591 carnem
3356 5538 3435 5594 Fi-

2671 5602 2725 5677 lii
2745 5604 3004 5677 hominis,
3026 5607 3187 5660 vitam
3213 5622 3435 5677 prorsus

2670 5672 2869 5727 habere
2916 5690 3020 5730 non
3066 5672 3244 5744 posse.
3296 5680 3432 5737 Huic

1843 5731 2026 5819 veritis
2049 5749 2271 5819 fatalem.
2292 5737 2407 5819 Filii
2436 5738 2600 5795 homi—
2666 5743 2970 5819 responde,
3019 5731 3129 5819 imo
3177 5731 3275 5819 ipsi
3296 5731 3436 5805 "6i;

1843 5803 1945 5869 uis,
1977 5810 2029 5858 et
2058 5803 2302 5863 biberitis
2327 5808 2445 5878 ejus
2472 5824 2597 5867 sau-
2666 5803 2834 5882 mino,
2865 5803 3031 5889 .cuj'us
3077 5818 3167 5874 ille
3196 5803 3433 5875 'antistes
