3930 6308
519 302 617 359 871

1409 304 1971 365 SUPPLEMENTUM
2011 304 2104 361 AD
2145 305 2375 364 OPERA
2414 309 2470 366 S.
2514 309 2905 367 AUGUSTINI.
2958 360 2961 363 .

3714 312 3809 371 8ἷέ

514 420 750 497 guinem,
776 432 881 497 non
914 418 1180 497 habebitis
1203 422 1279 497 vi-_
1344 436 1473 476 usus
1499 432 1576 497 est
1600 403 1936 497 testimonio.
1969 420 2118 477 Lib.t
2151 427 2199 484 Α
2227 424 2295 478 sti
2326 424 2573 492 efﬁcitur,
2605 440 2704 481 nec
2733 424 2955 481 alienari
2977 425 3045 480 ab
3072 439 3137 481 eo
3169 427 3318 496 panis
3349 426 3648 497 ca.icisque
3679 446 3805 486 con-

516 500 622 562 t_am
656 490 707 543 in
750 489 922 555 vobis,
956 508 1111 560 quam
1139 492 1279 546 istud
1344 501 1480 547 cont.
1515 490 1654 561 Jul.,
1677 509 1792 562 cap.
1827 493 1878 545 4.

512 558 670 613 Joan.
728 573 832 624 tu,
884 558 1015 617 vers.
1056 562 1127 614 6:
1170 563 1279 616 Nisi

515 630 639 697 quis
684 639 901 703 renatus
950 628 1113 703 fuerit
1155 648 1221 686 ex
1264 647 1400 702 aqua
1432 642 1487 686 et
1533 632 1732 703 Spiritu
1774 640 1963 688 sancto
2003 647 2107 688 non

515 709 691 768 potest
718 700 939 756 introire
986 701 1038 755 in
1072 718 1292 770 regnum
1316 700 1445 757 'Dei.

930 816 990 871 S.
1032 814 1489 871 INNOCENTIUS
1528 829 1685 885 papa.

582 924 717 980 lllud
749 940 878 981 vero
899 925 1041 995 quod
1089 940 1185 981 eos
1214 925 1514 998 (Pelagium
1548 941 1611 980 ac
1635 924 1973 994 leestium)
2007 940 2101 979 ve-

508 1026 620 1072 stra
649 1018 975 1080 .iraternitas
1017 1020 1211 1072 asserit
1256 1018 1552 1087 praedicare
1596 1019 1844 1088 parvulos
1883 1028 2101 1072 teterttat

507 1107 632 1160 vita:
664 1107 897 1174 prtemiis
920 1106 1081 1161 etiam
1110 1109 1228 1163 sine
1257 1108 1597 1178 baptismatis
1627 1113 1796 1180 gratia
1829 1124 1984 1177 posse
2005 1109 2101 1162 do-

507 1200 645 1265 nari,
680 1198 982 1267 perlatuum
1034 1210 1136 1254 est.
1165 1200 1277 1255 Nisi
1308 1202 1455 1255 enim
1496 1202 1939 1255 manducaveriut
1981 1215 2099 1254 car-

508 1306 630 1347 nem
668 1291 790 1346 Filii
820 1292 1078 1356 hominis,
1101 1303 1155 1348 et
1184 1293 1423 1347 biberint
1467 1293 1785 1363 sanguinem
1816 1292 1957 1360 ejus,
1990 1307 2095 1346 non

507 1385 786 1440 habebunt
816 1385 979 1439 vitam
1021 1385 1073 1439 in
1104 1386 1445 1451 semetipsis;
1496 1385 1590 1454 qui
1635 1392 1810 1437 autem
1856 1384 1991 1437 hanc
2018 1384 2096 1438 eis

504 1476 626 1531 sine
657 1475 1070 1545 regeneratione
1116 1475 1437 1540 defendunt,
1470 1474 1720 1529 videntur
1749 1475 1881 1529 mibi
1922 1474 2094 1543 ipsum

504 1568 825 1636 baptismum
855 1568 995 1623 velle
1023 1581 1258 1629 caesare.
1288 1582 1409 1622 cum
1442 1566 1740 1635 praedicant
1767 1580 1861 1619 eos
1894 1564 2094 1619 habere

502 1658 645 1726 quod
683 1660 737 1712 in
766 1673 863 1714 eos
891 1657 1129 1714 creditur
1173 1672 1280 1712 non
1314 1658 1412 1712 nisi
1454 1657 1781 1724 baptismate
1810 1654 2088 1710 conlerem

500 1750 650 1804 dum.
686 1748 854 1817 Epist.
902 1750 971 1803 ad
1015 1748 1200 1803 Patres
1230 1746 1546 1805 Milevitana:
1572 1749 1779 1817 synodi,
1807 1747 1949 1817 apud
1986 1748 2092 1799 Au-

503 1850 641 1911 gust.
673 1858 754 1912 ep.
784 1839 873 1894 93.

978 1956 1037 2012 S.
1080 1948 1418 2012 GELASIUS
1459 1967 1612 2023 papa.

583 2069 651 2125 Ut
681 2068 1015 2137 providentia
1041 2069 1131 2123 Dei
1161 2082 1351 2123 omnes
1386 2067 1793 2138 Pelagianorum
1826 2065 2093 2134 nequitias

502 2169 842 2233 amputaret,
892 2148 997 2215 non
1042 2161 1216 2215 solum
1265 2159 1466 2214 dictum
1505 2168 1627 2213 est:
1661 2158 1763 2224 Qui
1804 2173 1906 2211 non
1937 2157 2092 2226 fuerit

499 2264 710 2310 renatus
737 2269 802 2308 ea:
837 2268 972 2323 aqua
1014 2262 1062 2306 et
1094 2252 1296 2319 Spiritu
1333 2263 1508 2307 sancto
1541 2267 1640 2304 non
1667 2250 1879 2303 intrabit
1908 2250 1962 2302 in
2006 2265 2090 2302 re-

503 2362 660 2419 gnum
690 2346 955 2410 cmlorum,
1002 2343 1095 2399 sed
1147 2344 1309 2399 etiam
1359 2343 1558 2412 pariter
1586 2341 1787 2395 dictum
1832 2349 1953 2394 est:
1988 2340 2091 2404 Qui

505 2451 607 2490 non
633 2434 1013 2490 manducauerit
1041 2448 1248 2488 carnem
1276 2431 1405 2485 Filii
1431 2430 1672 2494 hominis,
1697 2439 1743 2483 et
1769 2429 1945 2483 biberit
1974 2430 2087 2498 ejus

500 2527 820 2598 sanguinem,
861 2541 966 2579 non
994 2524 1196 2577 habebit
1226 2524 1378 2575 vitam
1425 2521 1480 2574 in
1519 2520 1807 2590 semetipso.
1859 2519 1937 2574 De
1977 2519 2084 2572 vita

504 2626 684 2673 autem
714 2625 916 2673 :eterua
944 2617 1047 2671 hoc
1063 2614 1263 2671 dictum
1296 2613 1472 2669 nullus
1501 2611 1798 2677 addubitat,
1832 2610 2084 2679 quoniam

500 2708 655 2765 multi
685 2724 793 2764 non
820 2708 1209 2764 manducantes
1237 2705 1339 2761 hoc
1364 2714 1761 2773 sacramentum
1793 2706 1957 2759 vitam
1992 2706 2087 2760 ha~

500 2802 631 2858 bere
672 2800 953 2856 videantur
977 2810 1318 2869 praesentem.
1371 2797 1541 2869 Epist.
1578 2798 1647 2851 ad
1687 2799 1953 2869 episcopos
1991 2796 2085 2851 Pi-

497 2895 630 2949 certi.

1201 2957 1362 3015 CXII.

1493 3067 1540 3107 S.
1565 3066 1911 3107 AUGUSTINUS.

1396 3120 1537 3176 Nihil
1565 3122 1649 3175 hic
1671 3122 1739 3175 de
1774 3130 1960 3175 nostra
1998 3121 2077 3174 af-

721 3069 1009 3113 CENSOBBS.

563 3128 793 3198 Indeque
830 3129 1102 3198 disputans
1130 3141 1253 3198 con-

489 3207 569 3249 (ra
597 3196 905 3264 Pelagianos

490 3267 655 3334 [antes
719 3262 828 3318 sine
904 3262 1248 3316 Eucltaristia:

489 3335 779 3406 sumptione
800 3351 901 3388 non
926 3348 1073 3399 posse
1095 3335 1249 3385 vitam

485 3417 730 3460 a'ternam
782 3408 1041 3471 consequi,
1091 3420 1247 3473 quam

483 3478 823 3542 sumptionem
891 3472 1157 3543 distinguit
1212 3491 1245 3527 a

484 3548 758 3615 baptismo,
806 3545 952 3615 quasi
997 3542 1117 3597 velit
1162 3542 1244 3615 de-

481 3613 599 3671 bere
663 3613 883 3687 infantes
957 3614 1241 3687 necessario

482 3703 592 3740 esse
656 3685 827 3757 reipsa
901 3694 945 3739 et
1006 3685 1242 3757 distincte

482 3756 746 3826 utriusque
789 3756 1095 3826 sacramenti
1122 3772 1241 3823 par-

485 3825 669 3898 ticipes
689 3828 929 3895 baptismi
952 3836 1003 3877 et
1034 3825 1240 3879 Eucha-

479 3900 659 3959 ristiar,
705 3908 759 3949 ut
810 3897 967 3948 vitam
994 3906 1239 3947 aeternam

479 3967 759 4019 obtineant.
797 3964 886 4018 Sic
910 3964 1045 4016 enim
1070 3961 1235 4026 loqui-

479 4046 564 4087 tur
588 4051 706 4102 cap.
736 4034 831 4086 illo
854 4032 948 4095 20,
975 4032 1065 4102 tib.
1090 4046 1131 4096 ι,
1172 4034 1236 4085 de

482 4120 593 4173 pec.
652 4100 831 4173 Merit.
876 4116 895 4154 :
918 4172 923 4173 γ
945 4100 1235 4173 Auferatur

479 4171 609 4244 ergo
644 4172 757 4242 jam
802 4171 1086 4244 dubitatio,
1132 4182 1229 4226 etc.

480 4242 609 4308 Quae
638 4244 785 4296 verba
822 4251 937 4296 sunt
967 4242 1094 4295 adeo
1132 4259 1234 4296 nta-

475 4314 682 4383 nifesta,
719 4323 775 4366 ut
803 4312 1100 4382 difficillime
1141 4330 1233 4381 pa-

476 4386 669 4439 tiantur
688 4385 961 4453 benignam
987 4386 1237 4449 interpre—

474 4456 840 4524 talionem,qua
860 4453 1237 4523 pleriquetlteo-

473 4527 706 4594 togarum
778 4526 1116 4595 Augustinum
1172 4524 1235 4576 ait

472 4611 642 4649 errore
668 4594 909 4649 excusare
952 4605 1232 4659 conantur;
1268 4618 1271 4621 λ
1309 4594 1479 4647 Serm.
1550 4594 1617 4645 ad
1675 4594 1897 4661 infantes
1937 4608 2055 4649 ante

1324 3262 1431 3315 lum
1460 3261 1585 3315 item
1609 3261 1911 3314 audiamus.
1940 3262 2073 3317 Cum

1321 3347 1448 3398 ergo
1478 3331 1544 3385 de
1589 3331 1690 3383 isto
1738 3343 2077 3386 sacramento

1323 3402 1633 3471 loqueretur
1657 3403 1732 3469 ait
1764 3418 1778 3455 :
1808 3400 1952 3453 Unus
1981 3420 2077 3470 pa-

1318 3473 1436 3537 nis,
1491 3487 1652 3525 unum
1693 3486 1879 3539 corpus
1925 3474 2075 3527 mutii

1316 3558 1511 3596 sumus.
1545 3541 1841 3611 Intelligite.
1869 3551 1921 3594 et
1949 3558 2073 3611 gau-

1316 3612 1464 3676 dete,
1490 3616 1688 3674 unitas,
1715 3612 1907 3680 pietas,
1935 3615 2075 3668 veri-

1317 3692 1418 3747 tas,
1449 3684 1704 3748 Charitas,
1738 3699 1873 3738 unus
1897 3687 2067 3749 panis,

1315 3769 1476 3807 unum
1527 3768 1723 3820 corpus
1784 3754 1936 3807 multi
1980 3770 2069 3808 su-

1313 3838 1462 3884 mus;
1502 3823 1723 3875 recolite
1769 3829 1910 3876 enim
1942 3825 2064 3889 quia

1311 3893 1587 3963 patrisuo"
1604 3891 1739 3963 little
1752 3908 1858 3947 uno
1875 3908 2060 3963 grano,

1310 3960 1403 4012 sed
1448 3962 1516 4013 de
1586 3961 1787 4015 multis.
1840 3960 2064 4029 Quando

1305 4043 1439 4101 ergo
1458 4030 1929 4101 exorcizabamini,
1944 4048 2063 4101 qua-

1305 4099 1352 4153 si
1378 4096 1393 4098 ’
1416 4096 1792 4166 molebamini;
1848 4096 2061 4168 quando

1304 4169 1558 4240 baptizati
1580 4172 1730 4236 estis,
1753 4186 1903 4240 quasi
1927 4186 2057 4226 con-

1305 4242 1473 4304 spersi
1504 4243 1631 4294 estis
1656 4257 1670 4306 ;
1711 4242 1924 4311 quando
1944 4243 2055 4311 spi-

1306 4312 1439 4365 ritus
1468 4317 1942 4367 sancttticationem
1967 4328 2057 4365 ac-

1307 4384 1549 4451 cepistis,
1573 4383 1726 4448 quasi
1748 4385 1885 4436 cocti
1901 4386 2051 4448 estis;

1309 4462 1478 4508 eStote
1500 4455 1639 4520 quod
1671 4453 1860 4507 videtis
1884 4464 1936 4507 et
1962 4469 2052 4507 ac-

2170 3888 2419 3944 diciorum
2437 3904 2483 3947 et
2503 3894 2778 3961 aﬂ'ectuum
2796 3888 2928 3962 nica,

2170 3974 2217 4014 et
2266 3964 2584 4034 Augustinus
2626 3975 2769 4019 tanta
2810 3983 2932 4020 con-

2168 4035 2392 4105 tentione
2418 4045 2604 4105 pugnet
2627 4046 2805 4091 contra
2830 4036 2932 4091 Pe-

2165 4102 2434 4173 lagianos,
2473 4102 2528 4158 ut
2556 4107 2779 4160 obtineat
2810 4109 2925 4161 nu!-

2165 4174 2271 4225 lum
2301 4189 2406 4228 esse
2429 4183 2745 4245 quantumvis
2782 4195 2930 4232 sanc-

2163 4254 2290 4307 tum,
2329 4248 2411 4296 cui
2440 4261 2541 4316 non
2581 4249 2646 4300 sit
2683 4264 2811 4316 apus
2850 4249 2928 4302 di-

2161 4328 2293 4378 αντε,
2351 4315 2444 4367 Uiu
2470 4315 2563 4370 itte
2622 4315 2775 4372 nobis
2828 4320 2925 4374 de-

2161 4382 2269 4435 bita
2313 4392 2494 4455 nostra
2565 4388 2623 4439 ob
2669 4389 2925 4455 quotidia-

2158 4470 2251 4505 nos
2277 4453 2549 4509 voluntatis
2598 4453 2793 4525 lapsus,
2835 4478 2923 4517 ne-

1308 4522 1467 4621 ccipite
1526 4524 1690 4621 Quini.
1721 4524 1883 4621 (istis,
1940 4536 2048 4578 etc.
2083 4561 2131 4621 ο
2156 4525 2263 4621 scio
2291 4526 2417 4593 quid
2429 4520 2665 4621 "Baiapis
2702 4520 2925 4614 iumen:
2999 4520 3102 4621 rion
3150 4520 3762 4621 perperatn'rcptjeben:

2218 514 2404 580 sartio,
2449 516 2659 573 etiamsi
2702 526 2986 585 antequam
3037 530 3228 585 panem
3262 516 3410 571 illum
3459 520 3718 573 comedat
3760 533 3805 576 et

2216 604 2436 661 calicem
2483 607 2652 675 bibat,
2707 608 2775 661 de
2826 609 2925 660 hoc
2972 607 3170 661 saeculo
3214 608 3266 661 in
3315 609 3521 663 unitate
3564 617 3803 680 corporis

2212 697 2411 751 ChriSti
2434 699 2756 751 constitutus
2797 696 3066 751 abscedat.
3108 698 3260 768 Resp.
3292 700 3359 749 ad
3386 709 3572 769 quatst.
3612 703 3677 756 de
3704 702 3801 755 Ba-

2208 787 2396 855 ptismo
2427 785 2719 853 zEt/iiopis.
3492 858 3497 863 _

2549 877 2921 934 CONCILIUM
2961 878 3457 936 TRIDENTtNUM.

2278 969 2460 1040 Neque
2487 970 2608 1025 ideo
2641 978 2817 1025 tamen
2842 968 3140 1023 damnanda
3164 981 3245 1023 est
3268 973 3588 1040 antiquitas,
3613 975 3659 1027 si
3684 991 3797 1029 eum

2214 1073 2424 1111 morem
2458 1058 2677 1128 (nempe
2696 1058 2857 1113 dandi
2886 1058 3274 1113 Eucharistiam
3301 1062 3568 1131 parvulis)
3606 1064 3659 1115 in
3691 1072 3799 1133 qui-

2204 1149 2426 1204 busdam
2472 1151 2606 1205 locis
2645 1151 2935 1221 aliquando
2986 1152 3259 1219 servavit;
3314 1163 3371 1205 ut
3398 1155 3545 1208 enim
3578 1158 3799 1211 sanctis-

2200 1245 2323 1299 simi
2354 1245 2427 1299 illi
2461 1246 2647 1299 Patres
2694 1247 2775 1299 sui
2809 1246 2929 1299 lacti
2977 1245 3307 1312 probabilem
3358 1260 3588 1301 causam
3621 1266 3713 1317 pio
3740 1252 3795 1303 il-

2200 1333 2304 1388 lius
2335 1335 2591 1404 temporis
2622 1345 2829 1389 ratone
2858 1334 3180 1399 habuerunt,
3234 1337 3303 1389 ita
3330 1350 3485 1391 certe
3514 1354 3614 1391 eos
3660 1341 3791 1393 nulla

2204 1430 2393 1483 salutis
2442 1430 2763 1483 necessitate
2797 1427 2848 1480 id
2890 1427 3080 1481 iecisse
3122 1428 3238 1482 sine
3266 1432 3644 1485 controversia
3681 1446 3791 1485 cre-

2198 1520 2431 1575 dendum
2467 1530 2569 1575 est.
2604 1520 2747 1576 Sess.
2779 1518 2871 1584 2|,
2898 1534 3014 1585 cap.
3040 1520 3093 1572 4.

2902 1610 3083 1665 CXIII.

2430 1718 2716 1757 CENSORES.

2270 1771 2547 1838 Prteterea,
2592 1775 2679 1826 lib.
2729 1789 2764 1827 tt
2814 1782 2951 1825 cont.

3187 1719 3237 1759 S.
3278 1719 3625 1763 AUGUSTINUS.

3102 1772 3277 1849 Unum
3301 1777 3477 1849 igitur
3510 1793 3681 1849 genus
3706 1792 3785 1835 est

2124 1812 2172 1872 Β
2197 1812 2332 1919 1.2.;
2348 1812 2487 1911 τιῖέί
2497 1812 2547 1895 "i
2557 1812 2785 1919 0:12.54
2813 1812 2955 1919 235.:
3028 1812 3488 1915 pridé'iiéiiﬁiii'i,

2200 1915 2413 1967 taliones
2455 1930 2699 1985 morosus,
2733 1915 2836 1966 sire
2861 1915 2951 1965 de-
3027 1918 3461 1985 purgatissimum
3487 1959 3501 1983 ,
3554 1915 3678 1974 cum
3730 1929 3784 1976 et

2200 1986 2492 2038 lectationes
2533 1984 2851 2038 voluntarias
2891 1985 2954 2038 de
3028 1984 3163 2038 bona
3213 1988 3411 2053 scripta
3451 2000 3589 2052 sunt,
3635 2000 3691 2045 et
3721 1992 3778 2045 in

2195 2054 2344 2107 rebus
2388 2056 2607 2107 venereis
2658 2070 2767 2107 esse
2815 2055 2949 2107 dun-
3027 2054 3217 2109 bonam
3249 2067 3451 2125 partem
3500 2059 3779 2123 accipiun-

2196 2133 2335 2176 taxat
2392 2135 2656 2189 peccatum
2711 2125 2908 2177 reniale
2931 2166 2945 2186 ,
3023 2132 3109 2178 tur
3140 2139 3171 2178 a
3204 2126 3529 2194 legentibus.
3558 2128 3675 2182 Lib.
3715 2132 3780 2183 de

2196 2197 2349 2246 modo
2395 2194 2525 2246 absit
2575 2210 2850 2249 consensus
2895 2196 2947 2249 in
3027 2194 3199 2250 Utitit.
3244 2196 3387 2250 cred.
3419 2199 3489 2251 ad
3541 2197 3779 2253 Honorm

2193 2279 2341 2331 opus,
2371 2262 2698 2337 seuumalum
2737 2266 2946 2337 deside-
3021 2273 3151 2334 tum,
3182 2282 3297 2337 cap.
3332 2267 3386 2320 5.

2192 2338 2349 2397 rium,
2374 2336 2450 2386 ret
2471 2332 2614 2386 illius
2636 2335 2941 2403 periculum.

2195 2403 2323 2469 Quae
2352 2403 2589 2483 doctrina
2611 2405 2674 2457 ab
2704 2406 2939 2483 omnibus
2968 2406 3235 2483 catholicis
3254 2409 3581 2483 jampridem
3608 2404 3775 2483 rejici-

2191 2484 2292 2540 tur,
2320 2489 2410 2529 nec
2439 2475 2551 2527 sine
2573 2475 2819 2528 scandan
2841 2494 2873 2529 a
2900 2493 3157 2549 quoquam
3187 2475 3573 2534 obtruderetur.

2702 2565 2760 2622 S.
2804 2565 3263 2625 AUGUSTINUS.

2261 2654 2333 2709 Ita
2363 2653 2467 2709 dici
2503 2662 2678 2723 potest
2726 2655 2781 2709 in
2812 2655 3029 2712 homine
3072 2672 3198 2723 uno,
3242 2658 3290 2712 si
3330 2658 3775 2717 delectationibus

2188 2746 2412 2810 illicitis,
2444 2762 2473 2801 a
2497 2748 2689 2817 quibus
2719 2762 2778 2803 se
2808 2749 3065 2804 continuo
3094 2750 3320 2806 deberet
3346 2760 3600 2809 avertere
3640 2758 3775 2824 cogi-

2189 2839 2339 2905 tatio,
2373 2838 2601 2894 libenter
2631 2838 2745 2891 sola
2778 2851 3059 2908 pascatur;
3090 2856 3189 2896 nec
3213 2841 3452 2899 facienda
3481 2845 3776 2901 decernan-

2188 2937 2272 2985 tur
2300 2929 2461 2996 mala,
2509 2929 2602 2985 sed
2652 2938 2854 2983 tantum
2901 2932 3140 2986 suaviter
3170 2933 3221 2986 in
3275 2933 3662 2991 recordatione
3705 2947 3780 2992 te-

2189 3029 2443 3086 neantur,
2474 3020 2627 3089 quasi
2668 3020 2946 3075 mulierem
2986 3024 3102 3077 sine
3132 3024 3249 3077 viro
3282 3040 3438 3093 posse
3488 3026 3775 3082 damnari:

2184 3113 2323 3168 absit
2364 3112 2468 3168 Itoc
2517 3112 2783 3168 credere!
2825 3115 2937 3168 htec
2982 3116 3182 3185 quippe
3234 3133 3337 3172 una
3387 3134 3627 3188 persona
3675 3132 3775 3182 est.

932 3194 1134 3281 ρτρραι,
1170 3196 1253 3281 ‘1'!!-
1326 3190 1585 3281 !Cffﬂﬂtjia
1613 3193 2079 3281 Δίρξξιρέρξζεζίξξ
2109 3184 2156 3247 C
2189 3220 2326 3258 unus
2360 3206 2519 3258 homo
2546 3215 2650 3270 est,
2681 3213 2930 3270 totusque
2968 3184 3327 3273 damnabitur,
3359 3184 3460 3263 nisi
3497 3211 3638 3275 haec,
3663 3229 3777 3281 quae

2184 3297 2301 3351 sine
2348 3298 2621 3350 voluntate
2670 3297 2951 3366 operandi,
2998 3298 3093 3353 sed
3127 3309 3306 3356 tamen
3335 3316 3458 3356 cum
3498 3304 3777 3358 voluntate

2180 3388 2418 3443 animum
2454 3386 2651 3442 talibus
2691 3388 3019 3453 oblectandi,
3071 3390 3240 3446 solius
3269 3395 3619 3463 cogitationis
3645 3411 3773 3451 sen-

2181 3480 2387 3533 tiuntur
2416 3472 2536 3536 esse
2582 3490 2824 3549 peccata,
2854 3495 2950 3553 per
2982 3482 3291 3541 mediatoris
3324 3489 3552 3558 gratiam
3582 3490 3775 3547 remit-

2181 3580 2375 3635 tantur.
2415 3572 2527 3628 Lib.
2560 3589 2633 3628 χιι
2660 3575 2723 3628 de
2752 3572 2965 3636 Trinit.,
2998 3590 3111 3640 cap.
3148 3578 3230 3633 12.

2875 3663 3060 3718 CXIV.

2407 3768 2692 3810 ﬂENSORER.

2244 3821 2388 3894 Certe
2414 3822 2527 3876 cum
2557 3825 2733 3878 eadem
2762 3825 2935 3894 sitju-

3166 3774 3214 3814 8.
3255 3777 3608 3822 AUGUSTINUS.

3077 3827 3263 3906 Neque
3284 3840 3428 3906 enim
3456 3852 3660 3906 negare
3682 3841 3774 3896 de-

3009 3897 3125 3973 beo,
3153 3897 3293 3973 sicut
3332 3903 3383 3956 in
3433 3897 3565 3973 ipsis
3610 3913 3772 3965 mori-

3004 3967 3125 4033 bus,
3150 3971 3219 4026 ita
3242 3976 3409 4027 multa
3431 3967 3556 4032 esse
3583 3979 3640 4032 in
3666 3994 3768 4036 tam

3005 4040 3184 4095 multis
3248 4047 3526 4112 opusculis
3591 4051 3767 4114 meis,

3002 4124 3121 4177 quae
3150 4115 3352 4187 possint
3372 4115 3525 4187 justo
3569 4120 3769 4187 judicio

3002 4192 3055 4261 e_t
3083 4185 3223 4261 nulla
3257 4185 3767 4261 temeritate'culpa-

3004 4251 3071 4306 ri.
3118 4252 3195 4306 Ex
3246 4255 3443 4323 quibus
3496 4260 3543 4312 si
3596 4251 3763 4314 aléoa

3001 4324 3444 4391 reprehenderes.
3474 4327 3588 4385 iitic
3617 4339 3674 4385 et
3701 4334 3763 4384 ti-

3002 4392 3053 4447 bi
3109 4398 3345 4450 l‘ortassis
3395 4402 3757 4463 ostenderem,

2997 4467 3202 4533 qua'em
3234 4475 3283 4520 te
3310 4481 3455 4531 esse,
3483 4470 3541 4523 in
3570 4471 3761 4539 quibus

2159 4597 2481 4679 lenivenerit,
2500 4601 2925 4679 utAugustiniani
2998 4597 3174 4679 deres',
3206 4597 3420 4679 vellent,
3448 4597 3642 4679 me'que
3671 4612 3759 4664 tibi

2157 4666 2318 4719 videri
2365 4666 2556 4748 velint,
2612 4666 2727 4722 cum
2784 4683 2921 4725 tanto
2990 4666 3184 4746 juniori
3220 4666 3418 4748 major,
3456 4692 3506 4733 et
3550 4666 3761 4748 purpo-

2159 4751 2272 4788 rtsu
2311 4742 2619 4816 persuadere
2671 4753 2921 4795 conantur
2991 4742 3126 4800 situs
3156 4742 3372 4801 subdi—to
3411 4742 3759 4805 correctionis

2162 4808 2511 4888 mentiones
2547 4819 2766 4888 (nempe
2817 4817 2924 4866 Au-
2997 4818 3299 4883 exemplum
3342 4831 3541 4888 quanto
3584 4821 3759 4875 humi-

2157 4881 2450 4951 gustinum)
2470 4881 2557 4947 qui
2572 4883 2773 4951 judicio
2794 4899 2924 4937 nun-
2998 4892 3119 4949 lius,
3147 4881 3291 4941 tanto
3311 4881 3579 4946 salubrius
3605 4892 3749 4947 exiti

2158 4962 2315 5014 quam
2336 4947 2597 5004 labantur.
2998 4947 3201 5014 berem.
3236 4958 3345 5013 Sed
3372 4976 3433 5015 ea
3464 4962 3520 5015 in
3554 4978 3645 5017 me
3674 4980 3754 5016 re-

2191 5088 2202 5100 .
2365 5089 2377 5100 .
2771 5093 2785 5100 _
3000 5030 3347 5100 prcbendisti,
3370 5048 3491 5099 quae
3513 5048 3624 5085 non
3646 5050 3751 5086 cor.

2161 5089 2336 5167 rigere
2365 5089 2660 5167 humilitas,
2693 5093 2788 5148 sed
2817 5089 3012 5165 partim
3038 5101 3216 5166 t’ateri,
3245 5089 3435 5167 partim
3466 5103 3751 5157 defendere

2160 5162 2356 5217 veritas
2386 5162 2548 5232 cogit.
2578 5163 2692 5218 Lib.
2718 5181 2767 5219 tv
2800 5162 2865 5221 de
2896 5169 3044 5240 Orig.
3068 5162 3276 5237 unitate,
3308 5187 3425 5242 cap.
3459 5174 3509 5227 i.

2550 5277 2609 5331 lt.
2641 5278 2997 5340 JORDANUS
3028 5285 3095 5340 de
3122 5285 3376 5340 Saxouia.

2233 5387 2350 5456 lpse
2382 5401 2559 5445 tamen
2593 5403 2775 5461 postea
2820 5397 3199 5467 (Augustinus)
3234 5408 3341 5452 tam
3374 5400 3443 5453 ab
3476 5400 3748 5455 erroribus

2164 5483 2489 5550 intellectus,
2533 5501 2711 5554 quam,
2738 5503 2768 5542 a
2808 5490 3153 5559 corruptione
3183 5490 3401 5546 aﬂectus
3449 5509 3547 5561 per
3576 5504 3744 5547 actum

2166 5575 2554 5631 Itierarcbicum
2579 5590 2833 5649 purgatus
2856 5582 2972 5635 fuit.
3003 5582 3175 5637 Serm.
3211 5582 3329 5638 I58.
3356 5583 3593 5637 Sanctus
3616 5585 3740 5638 Tho-

2166 5682 2277 5721 mas
2314 5667 2691 5726 Villanovanns
2718 5673 2832 5727 ait:
2873 5690 2891 5723 t
2930 5669 3053 5728 llazc
3100 5675 3261 5745 igitur
3306 5674 3594 5744 Augustini
3644 5685 3740 5726 tam

2165 5760 2428 5829 profunda
2462 5763 2731 5818 humilitas
2766 5765 2907 5836 apud
2935 5766 3100 5822 Deum
3135 5779 3189 5822 et
3214 5767 3461 5822 homines
3484 5767 3738 5836 sapientis

472 4682 615 4719 error
664 4668 798 4720 enim
853 4675 926 4721 est
954 4672 1157 4718 notatus
1186 4675 1232 4717 et
1305 4666 1485 4717 altare.
1574 4706 1577 4709 η

474 4736 752 4790 damnatus
789 4737 881 4790 sub
915 4736 1236 4789 anathemate

474 4821 507 4857 a
529 4809 743 4862 concilio
762 4807 1087 4861 Tridentino.

989 4919 1047 4976 S.
1090 4916 1535 4975 FULGENTIUS.

551 5028 746 5082 Beatus
774 5045 986 5099 quoque
1017 5033 1347 5101 Augustinus
1394 5033 1461 5088 de
1502 5033 1600 5087 hac
1643 5046 1701 5087 re
1749 5047 2052 5089 sermonem

476 5118 607 5176 fecit
634 5121 919 5175 admodum
952 5124 1303 5190 luculentum,
1331 5132 1387 5180 et
1414 5131 1598 5192 aptum
1629 5123 1973 5182 mdilicationi
2002 5135 2058 5181 et

478 5214 822 5271 instructioni
854 5214 1112 5270 ﬁdelium.
1140 5214 1229 5286 (Et
1274 5223 1388 5270 toto
1434 5231 1685 5272 sermone
1725 5218 1969 5284 recitato,
2000 5217 2056 5273 in

477 5320 588 5373 quo
629 5304 791 5359 verba
837 5304 1083 5373 proxime
1132 5306 1392 5360 recensita
1444 5306 1737 5375 leguntur,)
1788 5307 2055 5372 Arbitror,
2136 5320 2145 5335 '

477 5398 575 5459 ait,
623 5406 808 5450 sancte
854 5397 1036 5459 lrater,
1067 5394 1480 5463 disputationem
1527 5404 1764 5451 nostram
1817 5396 2057 5465 praeclari

476 5484 714 5554 doctoris
746 5484 1027 5556 Augustini
1056 5484 1307 5541 sermone
1333 5488 1618 5553 ﬁrmatam,
1647 5502 1743 5543 nec
1770 5489 2056 5557 quidquam
2080 5522 2083 5525 λ

478 5590 601 5630 e-se
632 5578 972 5647 aliquatenus
1012 5579 1414 5648 ambigendum,
1463 5591 1589 5635 tunc
1627 5594 2059 5650 unumquemque

481 5666 717 5719 lldelium
743 5672 989 5738 corporis
1017 5671 1401 5741 sanguinisque
1436 5671 1699 5727 Dominici
1740 5672 2056 5743 participem

481 5754 621 5821 ﬁeri,
650 5757 862 5822 quando
884 5760 936 5813 in
966 5761 1287 5830 baptismate
1316 5762 1613 5819 membrum
1642 5763 1886 5833 corporis
1906 5762 2060 5817 Citri-
