3930 6318
263 390 362 448 877

262 512 382 578 ruut
410 502 608 578 altioris
643 502 840 559 ordinis
865 521 1018 575 quam
1088 508 1325 578 geniosns
1350 509 1662 567 difﬁcillime
1683 522 1841 567 mteu-
1868 517 1925 577 Α

262 574 504 648 alterum
526 572 810 643 doctorum,
861 572 1018 630 etiam
1091 572 1205 648 Iigi,
1237 579 1337 633 nisi
1368 594 1486 633 cum
1518 582 1599 638 eis
1623 584 1839 637 easdem

261 643 706 701 ccliolusticorum.
1086 643 1319 702 clinabar
1335 664 1628 716 exponere,
1652 661 1707 706 et
1726 660 1843 706 erat

1086 716 1176 771 ille
1235 720 1716 774 excellentissimus
1784 722 1839 776 in

258 780 358 860 tis,
403 781 513 860 qui"
549 795 635 860 me
688 792 1046 860 exponentem
1081 802 1189 840 non
1243 787 1451 841 tardius
1497 802 1836 860 sequeretur.

257 848 371 904 Lib.
398 864 446 903 ιν
472 851 733 920 Cunfess.,
756 848 872 924 cap.
900 856 989 908 16.

566 961 624 1016 8.
668 962 947 1020 'I‘HOMAS
976 964 1524 1026 VILLANOVANUS.

335 1074 443 1128 lloc
474 1076 574 1129 sibi
592 1077 892 1144 iustissime
924 1079 1159 1133 vindicat
1184 1082 1539 1151 Augustinus,
1574 1084 1687 1140 [nec
1718 1100 1841 1152 pars

253 1163 535 1230 Augustini
590 1168 639 1219 in
699 1167 799 1221 hac
848 1167 1125 1238 sapientia:
1166 1172 1299 1237 luce,
1352 1176 1490 1229 sicut
1532 1177 1612 1230 sol
1662 1177 1840 1232 omnia

252 1266 422 1319 astra,
470 1258 541 1309 ita
573 1266 800 1311 caeteros
824 1274 1012 1313 omnes
1042 1270 1162 1329 post
1182 1265 1453 1329 apostolos
1486 1275 1705 1334 superat
1733 1268 1843 1321 Au-

250 1346 519 1411 gu~tinus,
570 1354 674 1404 etc.
729 1348 940 1403 Etenim
973 1350 1275 1406 intellectus
1323 1356 1592 1423 acumine,
1643 1356 1839 1426 ingenii

251 1438 657 1505 perspicuitate,
706 1441 1012 1510 disputandi
1051 1444 1369 1507 acrimonia,
1420 1446 1721 1501 inveniendi
1751 1464 1841 1502 co-

250 1526 363 1592 pia,
414 1527 717 1583 disserendi
768 1531 1061 1585 subtilitate
1116 1543 1411 1588 monstrum
1462 1536 1729 1604 quoddam
1784 1538 1835 1591 in

248 1627 445 1671 natura
496 1620 594 1673 fuit
640 1619 988 1691 Augustinus,
1043 1624 1134 1692 qui
1182 1625 1425 1680 humana:
1472 1627 1838 1697 intelligentiae

246 1712 513 1765 terminos
549 1712 840 1769 irradiante
871 1715 978 1768 Deo
1005 1716 1153 1770 visus
1182 1726 1265 1771 est
1298 1719 1715 1786 transcendisse,
1759 1723 1839 1775 vir

248 1802 547 1866 intellectu,
592 1814 648 1859 ut
677 1806 892 1875 quidam
939 1808 1035 1873 ait,
1082 1818 1136 1863 et
1182 1812 1442 1879 sapientia
1486 1828 1655 1881 prope
1692 1816 1833 1869 divi-

246 1905 372 1945 nus.
405 1891 561 1947 Conc.
597 1894 621 1948 1
656 1895 721 1948 de
747 1894 810 1949 S.
855 1895 1165 1965 Augustino.
1213 1877 1344 1966 Quis
1372 1877 1514 1955 enim
1545 1877 1616 1955 ita
1660 1904 1839 1959 excel-
1869 1877 1918 1935 Β

245 1980 347 2035 luit
376 1982 622 2052 ingenio?
651 1986 769 2054 quis
801 1985 873 2040 ita
904 1987 1072 2041 valuit
1095 1987 1386 2044 facundia?
1428 1993 1551 2062 quis
1577 1993 1840 2049 humana-

245 2084 366 2125 rum
395 2073 804 2144 divinarumque
832 2090 1013 2131 rerum
1043 2078 1303 2145 sapientia
1330 2080 1408 2134 sic
1434 2081 1676 2136 ell‘nlsit?
1720 2082 1839 2151 quis

248 2170 333 2216 tot
357 2164 627 2232 tantisque
651 2167 1009 2222 voluminibus
1054 2168 1147 2223 Dei
1190 2168 1487 2224 Ecclenam
1518 2171 1838 2226 illustravit?

241 2251 367 2318 quis
422 2252 821 2311 ecclesiasticos
864 2256 1084 2312 ordines
1121 2258 1199 2313 sic
1240 2259 1497 2314 edocuit?
1546 2262 1831 2328 Mentitur,

240 2342 322 2394 ait
349 2343 584 2411 quidam,
615 2346 703 2415 qui
731 2360 793 2401 se
817 2350 995 2402 omnia
1026 2348 1313 2418 Augustini
1334 2350 1607 2405 volumina
1640 2351 1833 2421 legisse

232 2431 433 2501 jactat,
463 2436 582 2505 plus
612 2436 777 2492 valuit
806 2436 898 2493 ille
923 2437 1185 2507 scribere,
1212 2454 1374 2510 quam
1406 2455 1504 2496 nos
1530 2440 1832 2499 sufﬁcimus

240 2522 448 2595 legere.
474 2528 630 2583 Conc.
661 2529 694 2583 ὅ
724 2529 788 2581 de
807 2528 1005 2584 eodem.

918 2642 1157 2703 CXXIX.

481 2745 766 2785 CENSORI-IS.
1233 2750 1280 2791 8.
1321 2752 1667 2796 AUGUSTINUS.

322 2797 651 2878 Vindicanda
677 2812 748 2878 cst
772 2801 1003 2878 Ecclesia
1144 2803 1414 2878 'I_'e___ergo,
1449 2825 1574 2863 vera
1615 2811 1824 2878 Sponsa

229 2884 271 2919 α
304 2869 467 2941 tutela
495 2880 542 2922 et
571 2872 874 2940 pwda'ogia
900 2873 1002 2925 Au-
1073 2876 1184 2927 veri
1215 2869 1433 2941 Christi,
1466 2869 1702 2933 Ecclesia
1732 2896 1827 2935 oa-

232 2938 456 3005 gustini.
722 2938 746 3010 Ἰ
790 2938 803 2940 ⁷
1075 2944 1291 3008 tholica,
1336 2938 1597 3019 alloquar,
1643 2960 1696 3005 et
1724 2967 1825 3019 ego

1073 3019 1126 3066 te
1158 3029 1252 3080 pro
1283 3015 1497 3089 modulo
1532 3034 1650 3071 meo
1688 3015 1826 3089 qua.

237 3075 553 3155 liscunque_
572 3076 710 3130 filius
738 3086 793 3132 et
822 3093 1012 3155 servus
1046 3075 1175 3155 tuus
1199 3085 1399 3149 positus
1427 3087 1477 3138 in
1519 3096 1571 3140 te
1598 3075 1821 3155 dispen-

233 3160 364 3199 sare
389 3146 585 3228 cibaria
610 3150 884 3203 conservis
912 3153 1064 3206 meis.
1091 3146 1211 3206 Lib;
1238 3168 1304 3207 xv
1330 3165 1510 3210 contra
1541 3146 1816 3228 Faustum,

230 3230 353 3281 cap.
388 3217 469 3270 15.
1428 3260 1431 3263 λ

545 3281 911 3388 FACUNDUS
962 3332 1499 3393 IIERMIANENSIS.

308 3437 555 3492 Andeant
602 3439 711 3504 isti,
761 3441 806 3495 si
848 3451 1095 3511 possunt,
1140 3443 1450 3501 haereticum
1498 3447 1679 3504 dicere
1708 3450 1819 3505 Au-

226 3525 527 3595 gustinum,
566 3532 797 3585 audeant
831 3532 1056 3587 sollicita
1088 3537 1507 3603 prtesumptione
1536 3539 1815 3605 damnare,

223 3626 288 3671 et
341 3630 465 3673 tunc
510 3636 635 3675 wre
683 3621 887 3677 discent
920 3638 1040 3693 qua:
1086 3624 1155 3678 sit
1195 3626 1367 3693 pietas
1416 3635 1470 3679 et
1516 3632 1814 3683 constantia

227 3708 496 3763 Ecclesia:
551 3711 887 3779 Latinorum,
941 3728 1101 3783 quam
1151 3713 1291 3768 Deus
1337 3716 1644 3785 magiSIerio
1699 3719 1815 3787 ejus

226 3802 463 3855 instituit
505 3810 663 3870 atque
705 3805 957 3869 ﬁrmavit,
988 3819 1110 3859 cum
1153 3804 1222 3858 ab
1249 3805 1499 3861 omnibus
1530 3808 1812 3865 coalestim

225 3893 667 3949 anathematizati
700 3896 916 3960 fuerint,
959 3906 1015 3952 et
1053 3909 1301 3967 tanquam
1333 3900 1540 3967 putrida
1569 3911 1625 3957 et
1668 3920 1813 3961 mor-
1862 3914 1867 3915 ’

220 3982 351 4037 bida
385 3986 625 4039 membra
660 3987 887 4053 prtecisi.
930 3985 1045 4041 Lib.
1075 3999 1253 4043 contra
1281 3988 1593 4046 Mociannm.

900 4097 1115 4155 CXXX.

458 4205 740 4245 υεκεοιιεε.
1218 4211 1266 4250 ε.
1298 4210 1641 4251 AUGUSTINUS.

272 4256 977 4330 UtrumAugustinuscontra
1120 4264 1235 4319 Non
1295 4267 1446 4319 valde
1498 4282 1661 4329 curo,
1725 4268 1807 4323 ln-

214 4328 272 4381 id
310 4331 455 4407 quod
495 4328 741 4407 sentimus
790 4334 976 4407 sentiat
1047 4349 1230 4401 quam,
1257 4337 1607 4407 superborum
1633 4328 1804 4407 impe-

215 4413 325 4451 non
356 4402 635 4453 admodum
659 4402 969 4455 curandum.
1044 4407 1376 4476 riturumque
1420 4406 1656 4476 judicia,
1710 4402 1799 4476 qui

1042 4473 1290 4527 similiter
1338 4475 1389 4527 in
1433 4475 1686 4542 legendos
1728 4473 1800 4530 li-

212 4534 348 4607 bros
374 4546 532 4607 atque
583 4539 633 4594 in
665 4539 976 4595 salutandos
1018 4543 1261 4598 homines
1287 4534 1516 4598 ενι-υυηί
1549 4544 1706 4602 Lib.t
1737 4548 1800 4601 de

215 4606 377 4673 Ord.,
407 4606 522 4676 (ap.
555 4612 642 4665 Η.

324 4699 383 4752 Β.
413 4699 773 4758 ALBERTUS
809 4703 1088 4761 MAGNUS
1132 4713 1187 4758 et
1226 4704 1283 4760 S.
1328 4704 1684 4763 PAULINUS.

288 4785 583 4844 Dicendum
618 4792 757 4859 quod
798 4792 896 4853 sic,
941 4794 1063 4862 quia
1098 4793 1198 4847 hoc
1238 4793 1569 4863 Augustinus
1606 4807 1795 4866 aperte

212 4874 365 4937 dicit,
406 4877 489 4930 cui
532 4879 903 4935 contradicere
942 4881 1165 4949 impium
1205 4890 1289 4937 est
1329 4884 1379 4936 in
1410 4884 1475 4937 iis
1515 4900 1636 4953 quas
1678 4896 1796 4942 tan-

209 4974 343 5034 gunt
370 4965 525 5021 fidem
554 4978 609 5024 et
637 4984 835 5024 mores.
872 4968 1020 5025 Part.
1037 4985 1075 5024 ιι
1107 4970 1257 5026 Sum.
1303 4971 1460 5028 tlteol.
1484 5012 1498 5035 ,
1530 4983 1678 5028 tract.
1702 4976 1789 5044 14,

206 5070 262 5124 q.
296 5054 501 5119 l8i,ad
530 5075 579 5125 ᾳ.
612 5059 664 5112 5.
711 5061 939 5115 Sanctus
975 5062 1263 5127 Paulinus,
1303 5063 1449 5132 epist.
1481 5064 1552 5119 36
1577 5066 1649 5117 ad
1682 5066 1791 5120 Ro-

208 5146 510 5200 manianum
552 5152 687 5203 inter
724 5153 1145 5221 Augustinianas,
1187 5155 1261 5209 ait
1294 5171 1308 5207 :
1343 5172 1362 5205 ι
1398 5154 1457 5210 Si
1501 5155 1713 5223 audias,
1745 5158 1791 5214 si

207 5239 457 5306 sequaris
494 5241 935 5313 (Augustinum),
984 5254 1044 5299 ut
1080 5261 1291 5301 rursum
1331 5257 1383 5302 te
1417 5261 1667 5303 sermone
1696 5250 1797 5303 Sa-

210 5328 442 5382 lomonis
480 5330 753 5385 alliciam:
787 5332 910 5399 Fili,
960 5350 1204 5389 coronam
1248 5337 1467 5403 accipies
1510 5339 1792 5407 gratiarum

209 5428 298 5470 tuo
324 5420 518 5473 vertici.
552 5439 577 5475 ι
614 5422 804 5477 Postea
836 5439 850 5478 :
892 5442 911 5475 ο
948 5425 1087 5479 Vere
1122 5426 1265 5480 enim
1307 5427 1542 5494 pontifex
1571 5438 1628 5484 et
1663 5446 1792 5488 vere

211 5508 415 5571 consul,
452 5509 676 5573 Licenti,
703 5513 832 5574 eris,
859 5514 903 5567 si
946 5512 1225 5583 Augustini
1255 5516 1496 5586 vestigiis
1520 5519 1795 5586 prOpheti-

212 5601 290 5651 cis
322 5608 375 5651 et
398 5602 708 5666 apostolicis
750 5602 1070 5671 disciplinis,
1105 5612 1162 5656 ut
1206 5614 1414 5657 sacrato
1452 5606 1639 5661 beatus
1674 5609 1805 5663 Eli--

207 5703 345 5741 scus
374 5688 528 5755 Elite,
565 5700 622 5742 ut
648 5691 839 5745 illustri
865 5693 1111 5761 apostolo
1135 5692 1451 5749 Timotheus
1471 5696 1787 5753 adolescens
1815 5738 1821 5741 -

205 5779 482 5836 adhaercas
513 5783 779 5840 indlvnlso
799 5798 896 5850 per
919 5786 1107 5842 itinera
1132 5786 1307 5842 divina
1336 5787 1644 5845 comitatu.»
1675 5801 1779 5846 etc.

1438 400 1755 461 VINDICl/E
1795 401 2355 464 AUCUS’I‘INIANE.

2620 519 2857 577 CXXXI.

2176 618 2463 660 CENSORI-IS.

2016 673 2138 725 Jam
2177 676 2311 725 enim
2342 677 2393 728 in
2425 676 2567 729 libris
2597 678 2710 731 edi-

1944 742 2009 794 tis
2038 750 2235 795 constat
2272 756 2491 812 quantas
2533 750 2706 800 turbas

1948 812 2187 864 excitarit
2217 830 2319 864 una
2349 816 2533 867 vocula
2564 828 2706 870 tanta

1944 880 2240 953 adulatione
2285 886 2487 953 jactata
2512 901 2531 939 :
2558 886 2705 940 Reli-

1944 964 2080 1016 quos
2114 950 2329 1017 quidem
2383 955 2567 1009 Patres
2609 958 2705 1011 uti-

1944 1018 2041 1082 les,
2077 1020 2170 1072 Sed
2205 1024 2553 1090 Augustinum
2583 1029 2702 1078 uni-

1944 1102 2068 1141 cum
2092 1103 2210 1141 esse
2234 1095 2619 1154 necessarium,
2647 1106 2700 1149 et

1944 1158 2011 1209 ad
2044 1172 2230 1213 omnes
2271 1163 2521 1214 materias
2560 1163 2704 1217 theo-

1944 1226 2147 1299 logicas
2192 1230 2439 1283 sufficere
2478 1247 2493 1284 ε
2541 1234 2699 1299 Quasi

1948 1294 2184 1350 Ecclesia
2248 1301 2343 1351 Dei
2393 1302 2462 1352 ad
2507 1294 2701 1354 tantam

1944 1367 2275 1420 solitudinem
2304 1371 2509 1423 redacta
2534 1373 2617 1433 sit,
2646 1382 2701 1424 ut

1944 1450 2043 1486 non
2076 1452 2138 1488 ex
2158 1439 2438 1491 multorum
2483 1440 2698 1494 Patrum

1943 1520 2209 1570 consensu,
2284 1510 2372 1561 sed
2424 1512 2485 1562 ab
2550 1513 2697 1565 unius

1940 1574 2189 1641 sn/fragio
2243 1592 2457 1631 suarum
2494 1580 2701 1632 decisin—

1942 1659 2064 1696 num
2097 1645 2253 1697 robur
2288 1651 2510 1701 mutuari
2544 1666 2695 1718 coga-

1941 1721 2043 1766 tur.

2942 626 2988 666 5.
3020 628 3357 672 AUGUSTINUS.

2849 680 3182 752 Tantumque
3204 688 3332 739 mihi
3365 689 3540 744 trilin-

2780 758 2889 805 tum
2940 762 3061 816 est,
3121 762 3178 807 ut
3232 756 3535 824 ubicunque

2780 836 2866 875 me
2910 834 3172 895 prajsente
3216 824 3355 893 loqui
3399 844 3533 895 opus

2777 901 2922 944 esset
2950 891 3013 944 ad
3048 891 3320 959 populum,
3364 891 3531 949 raris-

2775 960 2909 1032 sime
2961 971 3138 1016 tacere
3192 973 3351 1032 atque
3398 968 3534 1019 alios

2775 1030 2960 1107 audire
3029 1030 3391 1107 pnertuitterer.
3463 1035 3547 1107 1η,

2775 1096 3001 1170 Prologo
3032 1096 3261 1155 'Retract.

2848 1170 3053 1242 Absita
3086 1188 3169 1224 me
3202 1176 3321 1237 ista,
3361 1191 3520 1242 quam

2774 1236 2901 1290 mihi
2935 1240 3158 1312 ohjicis,
3198 1236 3527 1312 arrogantia,

2776 1315 2832 1359 ut
2857 1322 2943 1360 me
2975 1308 3129 1360 istam
3160 1308 3370 1364 causam
3400 1308 3530 1367 con;

2775 1385 2852 1427 tra
2880 1391 3008 1439 vos,
3038 1393 3197 1431 unum
3233 1397 3329 1445 pro
3355 1386 3529 1434 omni-

2774 1445 2871 1498 lnts
2911 1461 3069 1508 agere
3102 1448 3406 1511 pollirercr.
3459 1452 3527 1507 In

2770 1515 2874 1581 [ine
2915 1517 3003 1569 lib.
3052 1531 3087 1569 tl
3127 1528 3304 1573 centra
3351 1519 3526 1575 Julia-

2771 1600 2914 1637 num.

2596 1787 2852 1848 CXXXII.

2163 1890 2449 1931 CENSOBES.

2025 1942 2265 2015 Vidimus
2306 1948 2527 2000 sectione
2568 1964 2695 2015 pra}.

1942 2014 2137 2067 cedenti
2162 2018 2436 2084 scriptores
2457 2014 2694 2085 synbpsis

1942 2085 2053 2147 eius
2100 2088 2215 2137 vitae
2253 2090 2466 2154 (nempe
2514 2086 2696 2142 Janse-

1940 2154 2081 2218 nii),
2147 2156 2242 2207 hoc
2292 2156 2455 2221 ipsius
2504 2158 2696 2209 celebre

1940 2222 2133 2275 dictum
2196 2225 2350 2276 veluti
2399 2234 2538 2278 tanto
2586 2228 2693 2280 viro

1938 2292 2149 2363 dignum
2203 2296 2579 2363 apophthegma
2621 2312 2693 2348 rc-

1935 2360 2070 2431 [crre
2096 2380 2116 2415 :
2139 2360 2325 2417 Patres
2352 2360 2575 2419 caatéros
2597 2369 2693 2419 uti-

1935 2434 2015 2484 les
2041 2446 2183 2496 esse,
2213 2434 2306 2486 sed
2334 2436 2688 2503 Augustinum

1933 2515 2322 2563 IICCCSSIII'IIIIII,
2375 2520 2483 2557 llllO
2525 2523 2686 2560 unum

1998 2583 2033 2620 0
2073 2572 2218 2623 omni
2268 2575 2487 2626 materia
2541 2575 2690 2628 theo-

1952 2636 2103 2710 ogica
2132 2637 2397 2692 suflicere.
2431 2643 2555 2705 ρηω
2582 2660 2692 2710 pro-

1932 2708 2120 2773 positio
2164 2723 2267 2781 non
2296 2712 2445 2761 modo
2480 2708 2686 2781 grauem

1930 2779 2396 2847 exaggerationem,
2424 2779 2513 2832 sed
2533 2783 2687 2834 etiam

1930 2848 2270 2914 perniciosum
2306 2864 2531 2903 errorem
2570 2868 2686 2905 con-

1930 2916 2077 2969 tinet.

2934 1898 2980 1938 ς.
3020 1901 3047 1938 Α
3058 1900 3353 1943 υθυετικεε.

2842 1950 2985 2025 Urius
3007 1969 3122 2007 sum
3150 1972 3179 2008 e
3212 1960 3390 2010 inultis
3430 1960 3521 2025 qui

2770 2024 3016 2087 profanas
3065 2036 3264 2079 vestras
3316 2024 3521 2082 novita-

2772 2098 2872 2154 tes,
2908 2102 2965 2145 ut
2990 2107 3289 2160 possumus,
3323 2098 3519 2152 refuta-

2770 2174 2910 2224 mus,
2943 2163 3077 2215 sicnt
3108 2168 3391 2233 unicuique
3423 2184 3521 2220 nu-

2766 2240 2938 2284 srrum
2987 2234 3124 2286 Deus
3174 2238 3396 2302 partitus
3433 2248 3518 2292 est

2766 2314 3073 2355 mensuram
3114 2305 3258 2357 lidei.
3308 2307 3422 2360 Lib.
3462 2323 3515 2359 Vl

2763 2381 2895 2442 cont.
2925 2370 3061 2432 λιιι..
3096 2390 3211 2442 cap.
3242 2373 3295 2426 8.

2832 2440 2983 2493 Nunc
3010 2440 3165 2508 ergo,
3209 2459 3274 2497 ne
3306 2445 3379 2497 tui
3411 2454 3517 2497 stn-

2763 2510 2934 2581 _ma_chi
2962 2510 3101 2566 fallis
3124 2514 3379 2581 indigesta
3408 2531 3515 2567 ma-

2763 2578 3077 2633 ledictorum
3095 2578 3360 2637 cruditate
3383 2600 3515 2635 rum-

2763 2659 2939 2713 patur,
2973 2651 3025 2701 in
3066 2650 3202 2704 hunc
3225 2667 3433 2714 oronte,
3468 2669 3512 2706 st

2760 2718 2944 2780 audes,
2993 2720 3352 2773 ealumniosas
3396 2732 3514 2774 tua.-

2758 2788 3061 2852 vanitates,
3140 2800 3194 2844 et
3276 2792 3512 2844 insanias

2758 2855 3408 2930 ruen_tlaces,etc.Insignis
3424 2861 3512 2914 Ec-

2758 2924 3039 2998 clesiarum
3053 2927 3242 2983 doctor
3258 2924 3415 2998 lu'quit
3428 2947 3510 2985 ur.

2757 2993 2871 3047 Lib.
2889 3011 2924 3049 η
2946 3010 3079 3052 cont.
3105 3000 3293 3065 cumd.,
3325 2993 3509 3071 cap.t5.

1828 4586 1884 4645 D

2409 3100 2756 3159 BIARTINUS
2790 3104 2829 3156 v
2861 3121 3011 3175 papa.

1996 3185 2309 3258 Quicunque
2342 3190 2409 3245 de
2450 3192 2686 3256 Christo,
2734 3194 2800 3249 de
2846 3196 2968 3265 title,
3011 3199 3079 3252 de
3117 3201 3375 3272 religione
3406 3188 3526 3255 ali-l

1924 3278 2050 3345 quid
2083 3290 2373 3347 saperent,
2427 3283 2673 3337 omnibus
2704 3286 2753 3339 in
2783 3302 2881 3341 ore
2920 3299 3035 3342 erat
3064 3292 3414 3360 Augustinus,
3447 3306 3506 3350 ut

1922 3367 2051 3422 nihil
2076 3384 2215 3436 pene
2242 3386 2306 3423 ex
2338 3373 2507 3425 sacris
2539 3374 2726 3428 litteris
2759 3379 2922 3444 possit
2955 3380 3053 3432 nisi
3082 3397 3146 3433 eo
3173 3383 3308 3437 duce
3342 3385 3500 3437 iuret-

1921 3454 2033 3524 ligi,
2063 3458 2193 3511 nihil
2227 3460 2326 3513 nisi
2365 3476 2430 3514 eo
2469 3463 2757 3529 interprete
2799 3467 3079 3532 explicari.
3130 3472 3203 3521 Eo
3232 3474 3338 3538 iam
3370 3490 3501 3526 auc-

1921 3552 2037 3598 tore
2068 3544 2390 3600 factum‘est
2428 3558 2485 3601 ut
2514 3565 2610 3603 nec
2656 3550 2986 3618 lhiIOSophis
3014 3558 3327 3623 sapientiam
3362 3563 3500 3616 invi-

1918 3632 2174 3698 deamus,
2220 3651 2323 3691 non
2374 3647 2648 3692 oralomm
2694 3640 3053 3708 eloquentiam
3103 3647 3496 3715 desideremus,

1919 3738 2025 3777 non
2072 3724 2440 3778 studiosorum
2484 3726 2694 3794 ingenia
2732 3732 3087 3800 requiramus,
3120 3753 3223 3792 non
3266 3741 3498 3809 denique

1917 3814 2072 3869 nobis
2109 3829 2333 3869 acumen
2384 3817 2686 3873 Aristotelis
2716 3826 3076 3879 necessarium
3117 3830 3204 3891 sit,
3239 3847 3342 3884 ncn
3377 3834 3496 3885 Pla-

1916 3904 2055 3957 tonis
2082 3904 2408 3974 eloquentia,
2440 3924 2543 3962 nou
2588 3913 2863 3979 prudentia
2902 3916 3178 3986 Varronis,
3219 3938 3324 3975 non
3366 3930 3519 3992 gia-'

1920 3997 2054 4049 vitas
2083 3995 2337 4061 Socratis,
2381 4015 2485 4055 non
2526 4005 2814 4057 auctoritas
2846 4007 3179 4076 Pythagoras,
3230 4029 3332 4066 nun
3369 4016 3492 4067 Eni-

1912 4087 2148 4155 pedoclis
2187 4090 2427 4152 solertia,
2482 4106 2586 4144 non
2628 4096 2937 4161 cujusquam
2984 4100 3128 4154 illius
3151 4108 3363 4169 generis
3397 4107 3491 4159 Im.

1913 4176 2112 4231 minum
2160 4178 2386 4232 scientia
2431 4194 2494 4233 ac
2537 4182 2707 4236 virtus
2754 4186 2999 4253 exemplo
3041 4200 3131 4243 aut
3168 4191 3491 4250 documento

1910 4266 2062 4320 nobis
2090 4281 2209 4321 esse
2237 4268 2450 4322 debeat.
2477 4270 2620 4323 Idem
2653 4272 2807 4325 nobis
2838 4278 3218 4346 prophetarum
3251 4290 3509 4349 oracula,

1906 4354 2047 4410 idem
2088 4359 2453 4425 apostolorum
2497 4375 2657 4415 voces
2699 4362 2885 4429 refert,
2927 4368 3067 4422 idem
3107 4386 3320 4427 omnem
3368 4380 3515 4429 om?

1906 4444 2051 4498 nium
2081 4444 2479 4514 Scripturarum
2502 4464 2719 4505 sensum
2750 4458 3023 4521 exprimit,
3057 4477 3193 4515 unus
3220 4476 3490 4529 postremo

1908 4535 2148 4589 omnium
2207 4535 2425 4591 Patrum
2473 4538 2885 4613 sapientumque
2937 4550 3147 4618 ingenia
3206 4568 3269 4607 ac
3316 4559 3517 4609 studia

1908 4625 2144 4681 exhibet.
2166 4627 2223 4683 Si
2249 4629 2531 4683 veritatem
2557 4632 2774 4696 quaeris,
2819 4635 2864 4687 si
2895 4636 3217 4704 doctrinam,
3246 4644 3290 4696 si
3320 4646 3487 4711 ρίοιιει-

1904 4724 2034 4781 tem,
2060 4718 2181 4785 quis
2210 4717 2456 4773 doctior?
2496 4720 2619 4788 quis
2662 4722 2894 4789 iustior?
2929 4727 3074 4795 quis,
3102 4738 3158 4783 ut
3188 4732 3258 4784 ita
3285 4734 3483 4799 dicam,

1900 4809 2136 4862 sanctior
2200 4808 2540 4881 Augustino?
2596 4810 2766 4866 Serm.
2836 4816 2901 4869 ds
2958 4819 3194 4875 transiet.
3252 4827 3484 4892 corporis

1900 4897 1962 4952 S.
1998 4898 2241 4953 Monica’.

2550 4987 2839 5049 CXXXIII.

2133 5090 2418 5132 εειεεοκεε.
2884 5097 2935 5140 8ο
2965 5101 3307 5147 AUGUSTINUS.

1976 5164 2184 5249 Nones-t
2198 5182 2291 5249 cur
2316 5169 2478 5249 sancti
2501 5166 2661 5249 Pauli
2805 5172 2897 5230 Sic
2934 5176 3016 5249 vis
3062 5179 3331 5249 disputato
3346 5185 3488 5240 riln'x

1900 5251 1962 5315 ac
2002 5242 2167 5289 sancti
2192 5238 2465 5315 Augustini
2495 5237 2658 5315 verbis
2731 5259 2837 5297 non
2870 5237 3222 5315 prmjudica're
3255 5237 3519 5307 catholici.

1900 5312 2194 5387 teneamur,
2246 5308 2334 5387 qui
2366 5309 2656 5387 aliquando
2728 5315 2807 5387 eis
2835 5308 3089 5369 nonnulla
3119 5336 3234 5387 qua:
3265 5325 3332 5373 ah
3386 5326 3487 5377 eis.

1902 5376 2075 5449 omnia
2104 5377 2376 5449 mnersi
2403 5378 2656 5431 voluntati
2726 5385 2865 5437 sicut
2903 5396 3074 5449 putas,
3097 5376 3359 5443 incautius
3414 5376 3493 5441 fu;

1900 5446 2196 5526 attribuerem
2219 5448 2455 5526 uidentur
2498 5450 2653 5500 etiam
2724 5465 2805 5517 sa,
2828 5446 2979 5526 yobis
3015 5446 3316 5526 olijicintus,
3349 5460 3475 5526 quid

1896 5514 2085 5583 absque
2122 5516 2229 5568 ulla
2275 5516 2528 5590 bonorum
2556 5535 2650 5590 no-
2721 5514 2946 5585 esthoc,
2977 5514 3471 5590 nisi'diccreJetiam

1892 5592 2115 5659 s_t_rorum
2168 5602 2375 5659 operum
2431 5586 2641 5640 intuitu.
2722 5590 2774 5642 in
2822 5592 3111 5659 Scripturis
3158 5586 3357 5647 sanctis
3401 5612 3469 5653 ea

1899 5651 2006 5704 llos
2031 5651 2314 5730 enim_duos
2342 5672 2550 5730 magnos
2572 5660 2646 5708 υἱ·
2716 5674 2834 5726 qua:
2868 5651 2963 5727 pro
2991 5677 3050 5714 se
3078 5674 3333 5730 usurpant
3361 5651 3467 5719 hae;

1893 5737 1997 5785 ros,
2029 5726 2173 5792 quasi
2205 5726 2308 5776 duo
2341 5727 2504 5775 maria
2530 5743 2642 5777 ηια-
2715 5726 3159 5785 τειὶοϊιηοθιιιὶιιε
3180 5726 3291 5786 lusa
3310 5740 3469 5790 esse?
3510 5748 3512 5752 '

1889 5807 1990 5858 gna
2050 5795 2373 5847 considrrarc
2437 5810 2640 5850 nsccsse
2712 5811 2818 5867 quo
2846 5802 3154 5856 sceleratius
3184 5805 3308 5873 quid
3357 5822 3454 5873 po-
3512 5828 3513 5831 η
