3930 6300
465 368 568 424 879

1348 352 1898 414 SUPPLEMENTUM
1940 351 2031 407 AD
2070 350 2307 408 OPERA—
2340 350 2826 411 5.7AUCUSTINI.

3640 343 3744 401 880

466 493 559 547 est,
588 481 677 551 qui
702 478 892 550 ingenii
915 479 995 533 sui
1023 479 1215 547 impetu
1290 481 1396 551 test
1441 474 1587 551 dicit
1620 473 1733 527 Lib.
1761 474 1863 551 _'tv_
1886 474 2042 541 Oper.
2077 472 2131 532 Α
2154 473 2284 543 ipsis
2311 472 2468 528 divisi
2496 473 2658 528 etiam
2681 470 2751 526 ab
2773 470 2890 540 ipso
2916 466 3146 524 Domino
3168 465 3494 529 dividantur,
3511 461 3602 532 qui
3639 462 3743 517 illis

467 556 517 606 in
558 568 713 604 unum
759 552 901 604 littus
939 551 1010 601 ita
1054 563 1218 600 exun-

1291 545 1518 610 imperf..
1535 554 1711 597 contra
1749 542 2044 609 Iulianum,

468 628 607 682 dant,
632 630 685 673 ut
706 619 919 673 alterum
936 634 1026 688 pro
1048 616 1219 683 aliqua
1294 630 1410 683 cap.
1446 613 1569 668 112.

469 702 689 759 tentpore
714 690 903 743 siccum
940 688 1224 753 relinquere

469 752 594 813 velle
649 761 949 823 a'deantur;
998 752 1173 809 verum
1232 754 1360 807 sicut
1399 752 1635 823 Oceanus
1688 760 1949 823 postquam
1987 752 2048 823 in

470 831 693 899 aliquam
731 828 941 899 plagam
984 824 1428 899 eﬂ'usitts_sparsus
1457 832 1577 899 _es_t,
1619 822 1673 874 in
1711 824 1913 899 limites
1953 822 2047 899 sibi

473 915 505 951 α
535 892 643 951 Deo
671 892 974 951 constitutos
1006 892 1318 961 regreditur.
1348 892 1422 944 sic
1452 892 1740 943 istiusmodi
1767 892 1861 942 viri
1908 897 2049 952 post-

471 984 624 1035 quam
652 969 705 1021 in
752 966 963 1019 rebelles
1015 962 1241 1035 veritatis
1294 962 1677 1035 impugnatores
1707 961 2048 1035 insiluerunt,

471 1029 538 1089 ad
568 1036 899 1104 tranquillam
927 1032 1274 1103 a‘qualitatem
1317 1030 1649 1097 wdiﬁcationi
1691 1029 1924 1097 ﬁdelium
1962 1044 2050 1082 ac-

474 1108 844 1159 rommodatam
870 1104 1105 1157 redeunt.

1122 1187 1410 1245 CXXXIV.

711 1277 996 1319 CENSORI-18.

548 1356 748 1428 Ingenii
778 1354 1119 1428 sanctil’auli
1141 1371 1231 1407 ar-

480 1428 573 1480 dor
617 1425 741 1479 Satis
796 1425 1043 1492 fervebat,
1076 1435 1130 1477 ut
1179 1428 1232 1478 in

478 1497 731 1567 tjusntodi
754 1496 1105 1567 expressiones
1125 1494 1228 1567 (ex-

481 1565 717 1619 cessiras
778 1566 1006 1632 nempe)
1080 1565 1232 1633 facile

480 1636 820 1702 abriperetur.
857 1635 945 1689 Sic
967 1651 1081 1687 cum
1126 1637 1231 1688 vult

480 1706 787 1759 Christianis
817 1706 1081 1759 sublimem
1110 1720 1231 1773 gra-

483 1776 568 1829 tia!
598 1777 913 1846 baptismatis
941 1775 1233 1846 ideamtra-

481 1848 623 1909 dere,
663 1843 912 1915 ipsosque
970 1844 1041 1897 ad
1094 1843 1236 1896 illius

482 1917 915 1969 conservationem
1007 1924 1235 1981 potenter

482 1985 700 2044 hortari.
755 1987 952 2037 videtur
1010 1999 1237 2037 asserere

488 2054 799 2123 impossibile
849 2069 957 2123 esse
1008 2068 1091 2106 eos
1148 2055 1237 2122 qui

479 2122 652 2191 aliqua
692 2124 901 2176 crimine
940 2122 1074 2193 lapsi
1120 2133 1237 2175 sunt

484 2209 661 2247 rursus
710 2194 777 2245 ad
840 2210 953 2245 eam
1010 2194 1234 2245 revocari

480 2280 572 2332 per
623 2265 986 2332 paenitentiam.
1013 2260 1141 2315 Cum
1184 2264 1236 2315 in

489 2331 718 2401 Epistola
763 2335 830 2386 ad
870 2334 1128 2401 Romanos
1169 2332 1234 2399 ﬁ-

1480 1274 1526 1315 8.
1556 1273 1899 1316 AUGUSTINUS.

1375 1352 1431 1408 Si
1462 1356 1604 1409 enim
1645 1354 1708 1408 ad
1747 1351 2053 1423 Scripturas

1305 1433 1517 1477 sanctas
1566 1424 1796 1478 admissa
1854 1424 2054 1477 fuerint

1304 1498 1447 1546 velut
1475 1494 1712 1548 ofﬁciosa
1754 1495 2052 1556 mendacia,

1305 1563 1429 1630 quid
1495 1565 1548 1618 in
1612 1563 1691 1617 eis
1758 1563 2055 1617 remanebit

1306 1634 1670 1686 auctoritatis?
1691 1634 1817 1697 Qum
1844 1633 2053 1686 tandem

1305 1702 1375 1757 de
1395 1703 1684 1764 Scripturis
1717 1704 1817 1754 illis
1841 1712 2056 1756 senten-

1308 1774 1377 1825 tia
1407 1776 1724 1840 ptoleretttr,
1743 1772 1895 1840 cujus
1927 1788 2056 1837 pon-

1307 1834 1436 1896 dere
1468 1834 1826 1896 contentiusai
1856 1834 2056 1894 falsita-
2084 1834 2132 1893 Β

1309 1913 1376 1964 tis
1397 1922 1703 1966 conteratur
1721 1911 2056 1977 improbitas?

1310 1981 1499 2037 Statint
1522 1982 1661 2036 enim
1682 1981 2057 2048 utprotuleris,

1309 2052 1353 2104 si
1386 2052 1541 2105 aliter
1570 2052 1708 2118 sapit
1747 2052 1834 2118 qui
1874 2062 2059 2118 eontra

1311 2121 1516 2183 nititur.
1564 2117 1696 2175 dieit
1735 2117 1859 2174 illud
1917 2117 2059 2188 quod

1310 2191 1574 2257 prolatum
1640 2191 1779 2252 erit,
1836 2191 2061 2243 honesto

1309 2261 1491 2327 aliquo
1522 2259 1698 2312 ofﬁcio
1743 2260 2059 2327 scriptorem

1312 2326 1476 2382 fuisse
1498 2327 1813 2380 mentitum?
1836 2326 2008 2397 Epist.
2028 2328 2063 2381 9
2110 2360 2115 2363 ι

482 2398 598 2453 dem
628 2403 845 2464 eatollit,
863 2417 1008 2454 arma
1028 2398 1237 2453 Calvino
1311 2399 1377 2450 ad
1404 2398 1796 2466 Hieronymum.

484 2471 684 2524 videtur
696 2472 985 2524 ministrare
1000 2471 1069 2523 ad
1090 2486 1237 2523 suam

485 2541 714 2594 (iteresim
755 2539 1137 2607 stabiliendum,
1189 2549 1234 2593 et
1258 2539 1458 2593 videtur
1481 2553 1705 2592 asserere
1731 2553 1821 2607 per
1843 2554 1953 2590 eam
1982 2552 2067 2590 so-

485 2612 589 2663 lam
617 2611 889 2678 quemlibet
909 2610 1119 2663 salvari.
1147 2608 1272 2662 Cum
1302 2624 1423 2661 vero
1450 2609 1502 2661 in
1534 2608 1765 2675 Epistula
1789 2608 1856 2660 ad
1882 2607 2065 2662 Corin-

488 2682 624 2733 thios
654 2682 953 2735 charitatem
982 2679 1252 2748 prtedicat,
1290 2680 1489 2732 videtur
1537 2679 1708 2732 omnia
1752 2691 2067 2745 quaecunque

488 2757 553 2804 de
578 2750 681 2816 ﬁde
708 2752 909 2806 dixerat
952 2761 1187 2819 evertere,
1219 2759 1267 2804 et
1316 2765 1513 2802 oumem
1559 2763 1699 2818 spent
1748 2757 1973 2801 nostram
2010 2750 2065 2799 in

485 2836 545 2873 ra
569 2836 776 2889 ponere.
1142 2886 1383 2944 CXXXV

722 2976 1011 3020 CENSORES.
1490 2972 1537 3010 8.
1570 2972 1913 3012 AI'GUSTINUS.

561 3055 789 3123 Spiritus
812 3054 967 3107 Pauli
1005 3052 1239 3106 sublimis
1382 3049 1515 3117 Qua:
1543 3050 1836 3123 auctoritas
1858 3049 2063 3101 littera-

488 3119 678 3178 etacer
706 3126 757 3176 in
785 3132 982 3192 partem
1011 3124 1063 3173 in
1088 3137 1241 3185 quam
1312 3134 1431 3192 rum
1485 3120 1703 3192 aperiri,
1749 3119 1867 3192 quis
1914 3131 2066 3192 sacer

488 3193 700 3246 inclinat
771 3185 845 3244 ita
928 3193 1241 3243 vehementer
1315 3188 1451 3240 liber
1497 3188 1690 3251 evolvi,
1727 3185 1865 3254 quod
1905 3187 2069 3237 decu-

492 3263 674 3330 fertur,
705 3272 760 3313 ut
788 3263 840 3313 in
884 3271 1109 3313 extrema
1149 3264 1239 3314 de-
1317 3263 1558 3310 mentum
1605 3255 1894 3330 cujuslibet
1923 3255 2070 3330 Sc_ri-

488 3322 701 3391 clinare.
735 3331 1051 3397 alterumque
1078 3341 1244 3384 extre-
1318 3334 1488 3394 plura:
1552 3324 1618 3377 ad
1675 3322 2070 3397 convincendos

488 3417 630 3453 etum
652 3416 836 3472 negare
864 3393 1111 3453 videatur.
1317 3393 1531 3472 errores
1585 3396 1729 3472 exeri
1770 3402 1972 3472 potest,
2024 3393 2070 3472 si

1319 3465 1435 3519 haec
1490 3478 1595 3518 vox
1638 3463 1978 3525 admittitur,
2025 3462 2071 3516 si

492 3538 716 3663 alicuizus
743 3539 996 3611 ponderis
1034 3536 1364 3594 testimatur?
1397 3534 1513 3589 Lib.
1542 3550 1591 3589 st
1620 3545 1756 3589 cont.
1798 3531 2071 3597 Faustum,

494 3627 609 3663 can.
674 3648 688 3663 .

494 3627 609 3677 cap.
632 3627 688 3663 z.

1019 3696 1076 3753 S.
1117 3695 1495 3754 BllEMlGlUS

560 3788 807 3844 Graviter
835 3787 1066 3858 perculsi
1100 3799 1153 3842 et
1176 3787 1385 3843 confusi
1413 3784 1598 3838 animo
1618 3782 1845 3836 vidimus
1882 3781 1935 3836 in
1966 3779 2067 3843 eis,

459 3887 543 3935 et
569 3877 857 3946 Scriptura:
887 3884 1084 3931 sanctae
1129 3874 1482 3930 certissimam
1519 3869 1824 3934 veritatem,
1856 3878 1912 3924 et
1943 3870 2072 3924 bea-

490 3967 825 4022 tissimorum
877 3965 1117 4029 Patrum,
1169 3963 1544 4031 prmcipueque
1588 3961 1757 4014 sancti
1790 3959 2072 4028 Augustini

490 4053 841 4111 reverendam
871 4062 925 4106 et
945 4053 999 4106 in
1021 4052 1167 4106 omni
1198 4050 1436 4106 Ecclesia
1462 4048 1725 4105 catholica
1759 4047 2072 4116 receptissi-

497 4158 638 4201 snam
670 4144 1041 4199 auctoritatem
1070 4158 1209 4197 novo
1238 4150 1431 4197 conatu
1464 4149 1519 4195 et
1547 4154 1679 4193 ausu
1712 4139 1870 4193 nimis
1900 4145 2073 4191 teme-

495 4231 641 4288 rario
666 4232 990 4304 impugnari,
1029 4243 1081 4288 et
1106 4242 1361 4301 quantum
1392 4230 1443 4287 in
1476 4230 1605 4298 ipsis
1656 4228 1751 4283 luit
1779 4227 2074 4296 improvide

491 4334 652 4395 atque
671 4323 969 4379 insolenter
992 4323 1320 4379 labefactari.
1355 4322 1504 4380 Unde
1532 4321 1644 4391 ipsa
1671 4319 1931 4375 cbaritate
1952 4332 2072 4388 pro-

490 4414 671 4470 vocati
694 4420 751 4469 et
773 4413 1108 4477 commoniti,
1137 4428 1234 4481 per
1261 4428 1420 4482 quam
1441 4411 1493 4467 in
1511 4426 1615 4467 uno
1629 4411 1826 4466 Christi
1843 4424 2073 4479 corpore

487 4521 677 4564 omnes
699 4520 860 4561 unum
883 4520 1004 4560 esse
1025 4505 1303 4571 debemus,
1331 4514 1409 4569 ut,
1434 4504 1573 4559 sicut
1599 4503 1889 4569 Apostolus
1908 4502 2061 4557 dicit:

489 4599 713 4655 Invicem
741 4613 834 4660 pro
873 4612 927 4651 se
950 4596 1171 4651 sollicita
1191 4597 1294 4649 sint
1321 4596 1567 4660 membra,
1599 4604 1645 4648 et
1674 4598 1777 4648 sive
1816 4594 2068 4664 gloriatur

486 4684 645 4743 unum
665 4688 967 4753 membrum,
1001 4688 1353 4758 congaudeant
1383 4687 1553 4739 omnia
1574 4686 1820 4749 membra,
1869 4692 1917 4736 et
1967 4683 2071 4739 sive

484 4780 609 4845 quid
655 4779 851 4851 patitur
898 4795 1061 4833 unum
1120 4776 1423 4841 membrum,
1478 4775 1852 4842 compatiuntur
1898 4773 2071 4827 omnia

486 4870 712 4931 membra
735 4868 786 4940 (1
820 4869 939 4925 Cor.
972 4886 1065 4933 xu,
1091 4868 1224 4939 26);
1257 4867 1374 4931 hac,
1411 4867 1646 4934 inquam,
1678 4863 1957 4920 cbaritatis
1991 4862 2068 4917 af-

484 4961 716 5014 fectione
754 4960 929 5014 visum
958 4968 1042 5014 est
1079 4960 1237 5014 nobis
1265 4966 1427 5028 atque
1474 4956 1817 5024 complacuit,
1852 4963 1908 5008 ut
1953 4953 2068 5008 haec

485 5047 877 5114 qualiacunque
919 5056 1050 5103 sunt
1070 5060 1122 5105 et
1170 5048 1240 5102 ad
1284 5047 1759 5103 cummonitionem
1805 5051 2066 5107 nostram,

484 5147 542 5190 et
585 5135 657 5190 ad
680 5150 865 5199 eorum
916 5138 1007 5204 qui
1056 5138 1233 5207 legere
1280 5135 1546 5191 voluerint
1574 5135 1986 5190 aediﬁcationem
2016 5141 2073 5189 ct

485 5229 950 5285 conﬁrmationem
979 5228 1577 5293 eompendiosoJucitlo
1601 5228 1784 5295 (prout
1808 5224 2071 5278 Dominus

484 5322 721 5390 aspirare
769 5318 1038 5390 dignatur)
1088 5332 1340 5372 sermone
1390 5318 1779 5381 scriberemus;
1812 5312 2073 5385 quidquid

487 5413 544 5467 in
565 5427 630 5467 eo
652 5410 934 5465 dicendum
967 5408 1271 5478 putavimus
1292 5422 1398 5463 non
1421 5415 1607 5462 nostro
1632 5419 1793 5460 sensu
1820 5414 1913 5460 aut
1936 5419 2073 5474 prte-

487 5502 808 5569 sumptione,
842 5501 936 5554 sed
991 5496 1336 5567 praefatorum
1386 5506 1696 5551 sanctorum
1730 5494 1947 5550 Patrum
1982 5509 2072 5550 ve-

490 5588 709 5642 nerabili
742 5588 1063 5642 auctoritate
1096 5586 1393 5651 ﬁrmantes,
1417 5599 1447 5639 a
1473 5600 1702 5655 quorum
1749 5583 1989 5654 vestigiis
2017 5591 2073 5640 ct

487 5678 689 5730 unitate
731 5678 870 5732 absit
916 5689 973 5731 ut
1007 5678 1088 5731 vel
1119 5693 1236 5740 nos,
1285 5677 1365 5731 vel
1412 5677 1493 5731 illi
1536 5691 1761 5745 quorum
1810 5676 2072 5731 charitate

486 5764 749 5829 compulsi
798 5766 912 5817 haec
956 5765 1203 5831 dicimus,
1244 5766 1505 5821 ullatenus
1536 5765 1873 5831 recedamus,
1907 5778 1974 5819 ne
1998 5763 2072 5819 ab

2150 564 2454 633 specialiter
2476 564 2606 618 dicit
2632 579 2645 613 :
2681 561 2781 626 Qui
2808 575 2892 614 vos
2939 559 3084 611 audit
3116 572 3194 610 me
3219 556 3389 621 audit,
3421 563 3472 608 et
3512 554 3603 621 qui
3656 569 3743 605 eos

2152 655 2345 725 spernit
2372 670 2453 707 me
2480 653 2674 722 spernit
2704 651 2857 722 (Luc.
2888 666 2942 715 ι,
2979 648 3090 716 16).
3118 649 3264 714 Quos
3292 646 3547 699 nimirum
3580 650 3743 696 tanta

2152 746 2205 800 in
2247 744 2488 799 Ecclesia
2527 756 2627 798 sua
2653 755 2775 797 esse
2800 740 2968 793 voluit
2994 740 3179 807 gratiae
3211 744 3267 791 et
3292 735 3499 807 gloriae,
3526 741 3588 787 ut
3613 746 3744 787 con-

2156 834 2381 889 ﬁdenter
2436 848 2559 887 cum
2589 830 2844 899 Apostolo
2897 828 3078 882 dicere
3134 822 3603 896 possintzltaque
3656 821 3743 890 qui

2153 926 2261 981 hac
2278 926 2473 995 spernit
2501 940 2602 991 non
2625 922 2883 976 hominem
2906 918 3123 989 spernit,
3150 918 3237 970 sed
3264 917 3446 980 Deum,
3474 912 3563 975 qui
3588 914 3743 965 etiam

2153 1017 2292 1070 dedit
2325 1015 2579 1083 Spiritum
2614 1029 2765 1067 suum
2812 1020 3044 1065 sanctum
3084 1010 3137 1061 in
3179 1009 3315 1060 vobis
3346 1005 3394 1069 (l
3433 1005 3617 1060 Thess.
3669 1017 3741 1069 tv,

2156 1109 2234 1178 8),
2256 1117 2350 1163 etc.
2377 1106 2495 1163 Lib.
2527 1105 2593 1162 de
2623 1103 2840 1160 tenenti.
2871 1100 3029 1157 verit.
3056 1098 3275 1168 Script.,
3307 1111 3424 1163 Cap.
3462 1094 3514 1146 Δ.

2564 1218 2621 1274 S.
2665 1219 2723 1272 P.
2765 1217 2829 1271 Ν.
2870 1209 3330 1272 AUGUSTINUS.

2226 1311 2335 1365 Nos
2363 1310 2601 1380 quidem,
2633 1306 2966 1371 ebarissimi,
2988 1318 3112 1360 cum
3157 1301 3288 1355 falsa
3316 1296 3546 1355 crimina
3591 1296 3743 1351 andi-

2158 1419 2279 1458 mus
2301 1404 2367 1457 ab
2396 1404 2477 1457 eis
2516 1416 2650 1471 quos
2673 1398 2993 1455 oﬁendimus
3032 1392 3376 1466 praedicando
3403 1389 3623 1460 eloquia
3644 1405 3738 1445 re-

2157 1496 2352 1557 ritatis,
2383 1502 2437 1548 et
2467 1492 2675 1547 erroris
2702 1488 3005 1557 vaniloquia
3032 1482 3429 1550 convincenda,
3454 1481 3740 1547 habemus,

2157 1585 2293 1640 sicut
2332 1585 2523 1645 nasus.
2557 1579 3074 1638 abundantissimam
3111 1573 3559 1631 consolationem.
3610 1571 3741 1625 Nam

2158 1681 2203 1733 si
2232 1679 2281 1732 in
2307 1676 2386 1731 eis
2426 1676 2623 1745 quibus
2669 1690 2753 1727 me
2805 1670 3158 1727 criminantur
3205 1664 3571 1722 testimonium
3613 1677 3740 1716 conc

2160 1768 2397 1825 scientize
2428 1781 2562 1821 mete
2604 1780 2708 1819 non
2739 1771 2845 1817 stat
2870 1772 3061 1817 contra
3097 1774 3184 1813 me
3214 1758 3267 1811 in
3297 1764 3591 1824 conspectu
3625 1754 3739 1817 Dei,

2158 1876 2265 1931 quo
2305 1859 2483 1913 nullus
2530 1855 2718 1911 oculus
2760 1851 3004 1907 mortalis
3040 1848 3359 1911 intenditur,
3409 1862 3519 1901 non
3569 1846 3738 1899 solum

2160 1948 2468 2005 contristari
2522 1961 2627 2000 non
2686 1944 2896 2008 debeo.
2950 1954 3139 1996 verum
3186 1939 3350 1994 etiam
3403 1935 3635 2007 gaudere
3685 1944 3740 1987 et

2162 2039 2452 2104 exsultare,
2482 2036 2602 2105 quia
2648 2047 2857 2089 merces
2886 2046 3003 2087 mea
3035 2029 3199 2084 multa
3231 2037 3317 2083 est
3347 2028 3403 2081 in
3432 2026 3596 2081 caelis.
3623 2023 3726 2079 Ne-

2162 2145 2267 2202 que
2294 2132 2437 2203 enim
2465 2127 2779 2184 intuendum
2809 2134 3069 2193 estquam
3092 2122 3163 2178 sit
3188 2134 3453 2184 amarum,
3470 2117 3566 2174 sed
3585 2131 3739 2186 quam

2165 2223 2360 2283 faISum
2390 2221 2460 2276 sit
2487 2218 2627 2289 quod
2655 2217 2835 2281 audio,
2859 2225 2914 2271 et
2940 2230 3099 2285 quam
3129 2227 3293 2267 verax
3342 2226 3440 2280 pro
3466 2212 3618 2278 cujus
3644 2223 3735 2261 no-

2166 2314 2309 2369 mine
2359 2312 2476 2367 haec
2515 2310 2675 2365 audio
2707 2307 2848 2378 (Lib.
2882 2322 2941 2361 tu
2972 2314 3109 2360 cont.
3158 2303 3260 2358 litt.
3296 2301 3589 2367 Pstiliani).
3622 2299 3739 2354 lber

2166 2405 2351 2473 utique
2390 2401 2518 2456 falsa
2546 2409 2689 2464 sunt,
2715 2408 2770 2453 et
2798 2397 2921 2452 ideo
2952 2396 3104 2451 nobis
3124 2392 3255 2448 nihil
3282 2392 3499 2454 obsunt,
3525 2404 3648 2445 cum
3677 2404 3737 2445 ea

2166 2494 2297 2548 falsa
2329 2491 2504 2547 dicitis
2528 2505 2628 2545 nec
2660 2488 2927 2558 respicitis
2961 2500 3101 2552 vos;
3132 2483 3285 2540 vobis
3309 2491 3489 2537 autem
3521 2482 3733 2545 obsunt,

2165 2585 2287 2654 quia
2301 2597 2421 2638 cum
2439 2596 2503 2636 ea
2515 2581 2643 2634 falsa
2661 2579 2856 2645 dicitis,
2881 2577 2931 2632 in
2946 2592 3045 2632 nos
3066 2591 3173 2631 non
3196 2575 3413 2633 cadunt.
3428 2573 3525 2628 sed
3548 2573 3665 2640 quia
3679 2586 3736 2624 es

2167 2691 2291 2731 vera
2335 2674 2551 2745 putatis,
2600 2673 2651 2726 in
2683 2687 2779 2726 vos
2809 2671 3054 2725 recidunt
3076 2668 3215 2738 (Lib.
3261 2683 3295 2722 ιι
3322 2666 3735 2739 cont.eumdcm,

2167 2785 2285 2835 cap.
2334 2767 2450 2837 53).
2482 2765 2562 2819 Ad
2610 2763 3062 2820 existimationem
3097 2760 3372 2815 hominum
3426 2773 3619 2829 magna
3662 2765 3734 2811 te-

2168 2861 2330 2914 stium
2368 2858 2459 2927 qui
2502 2871 2588 2911 me
2616 2864 2880 2910 noverunt
2909 2852 3146 2923 suppetit
3175 2851 3353 2921 copia,
3388 2853 3455 2904 ad
3500 2850 3594 2903 Dei
3622 2862 3745 2902 vero

2169 2956 2518 3016 conspectum
2571 2946 2685 3000 sola
2735 2944 3089 3007 conscientia,
3121 2956 3281 3012 quam
3309 2948 3498 2995 contra
3549 2951 3744 2994 vestras

2171 3036 2572 3092 criminationes
2600 3052 2721 3090 cum
2746 3035 3063 3104 intrepidam
3094 3048 3299 3105 geram,
3330 3047 3439 3088 non
3468 3046 3555 3087 me
3577 3041 3746 3085 tamn

2172 3131 2272 3183 sub
2298 3128 2467 3182 oculis
2496 3128 2895 3198 Omnipotentis
2936 3124 3234 3196 iustiﬁcare
3271 3124 3466 3189 audeo,
3498 3124 3663 3193 magis
3683 3123 3747 3176 ab

2095 3192 2140 3252 C
2175 3219 2266 3274 illo
2295 3219 2601 3274 efﬁueutem
2633 3192 3018 3274 misericordia:
3051 3217 3371 3287 largitatem,
3417 3231 3578 3286 quam
3598 3192 3746 3285 ijudi-

2173 3311 2239 3366 cii
2262 3326 2530 3365 summum
2553 3326 2779 3366 examen
2796 3318 3054 3381 exspecto
3078 3310 3218 3381 (Lib.
3240 3325 3298 3365 ut
3328 3319 3465 3364 cont.
3489 3310 3748 3373 Crescon.,

2174 3420 2289 3472 cap.
2320 3404 2432 3473 80).
2463 3403 2606 3458 Dicis
2635 3418 2743 3466 me.
2775 3403 2822 3457 si
2856 3403 2956 3457 sub
2985 3411 3250 3471 potestate
3276 3401 3516 3472 iudicum
3542 3414 3749 3469 preme-

2176 3513 2283 3567 rer,
2308 3497 2493 3563 quales
2523 3494 2618 3550 tibi
2648 3494 2748 3565 ipsi
2777 3495 3079 3564 componis,
3111 3508 3216 3548 non
3248 3490 3559 3547 habiturum
3590 3491 3750 3544 luisse

2175 3586 2305 3657 quid
2337 3586 2597 3652 facerem,
2624 3599 2732 3654 quo
2761 3584 3130 3653 confugerem,
3177 3596 3299 3637 cum
3344 3580 3449 3635 tuis
3473 3594 3750 3649 argumen.

2181 3677 2468 3732 tationibus
2509 3677 2651 3733 unde
2694 3689 3062 3739 occurrerem,
3093 3673 3330 3742 reperire
3361 3686 3467 3726 non
3517 3684 3747 3738 possent.

2178 3769 2291 3839 Ego
2339 3769 2495 3838 plane
2542 3768 2793 3822 haberem
2846 3764 2990 3835 quod
3038 3763 3290 3831 facerem,
3342 3762 3601 3818 haberem
3649 3775 3752 3829 quo

2175 3860 2559 3930 confugerem;
2585 3873 2617 3913 a
2642 3858 2942 3927 Pelagianis
2960 3859 3107 3914 enim
3138 3855 3375 3914 tenebris
3403 3855 3471 3909 ad
3502 3854 3619 3910 haec
3646 3864 3751 3907 tam

2176 3953 2319 4006 clara
2365 3950 2626 4007 catholica
2678 3950 2877 4005 lumina
2929 3963 3298 4019 provocarem,
3333 3950 3564 4017 quodet.
3607 3960 3747 4000 nunc

2170 4041 2281 4111 jam
2328 4040 2488 4096 facio.
2520 4040 2601 4095 Tu
2646 4055 2775 4110 ergo
2822 4039 3088 4108 responde
3138 4039 3262 4108 quid
3317 4037 3502 4102 iacias,
3531 4036 3619 4091 die
3647 4049 3748 4105 quo

2176 4130 2452 4199 confugias
2492 4129 2632 4201 (Lib.
2667 4144 2704 4183 tt
2742 4139 2878 4183 cont.
2911 4126 3051 4195 Jul.,
3084 4144 3201 4196 cap.
3228 4125 3369 4195 ult.).
3400 4124 3512 4181 Nec
3533 4139 3628 4180 eos
3664 4124 3749 4194 qui

2178 4237 2447 4291 nunquam
2473 4221 2711 4288 fuerunt,
2738 4229 2830 4274 aut
2850 4234 2956 4275 non
2987 4229 3133 4285 sunt,
3163 4228 3259 4273 aut
3285 4232 3511 4288 quorum
3544 4226 3732 4273 senten

2179 4311 2265 4366 tias
2294 4311 2362 4367 de
2391 4311 2493 4366 hoc
2521 4309 2664 4381 quod
2697 4310 2837 4364 inter
2880 4322 2979 4363 nos
3019 4309 3320 4376 disputatur
3347 4308 3569 4362 incerta
3612 4317 3751 4370 sunt,

2178 4404 2322 4458 inani
2371 4403 2696 4475 cegitatione
2744 4399 3000 4467 conﬁnxi,
3034 4399 3129 4453 sed
3157 4406 3370 4453 sanctos
3407 4405 3465 4452 et
3492 4397 3544 4452 iu
3574 4406 3750 4451 sancta

2180 4495 2415 4550 Ecclesia
2466 4494 2703 4548 illustres
2751 4490 3019 4546 antistites
3067 4489 3179 4556 Dei,
3213 4504 3319 4544 non
3366 4488 3659 4544 Platonicis
3702 4496 3753 4540 et

2176 4583 2559 4651 Aristotelieis,
2591 4592 2643 4636 et
2673 4581 2979 4645 ZenOuicis,
3009 4580 3234 4649 aliisque
3271 4578 3641 4647 hujuscemodi
3672 4576 3751 4631 vel

2178 4673 2399 4738 Graecis,
2415 4674 2497 4728 vel
2525 4673 2752 4739 Latinis,
2768 4685 3073 4741 quanquam
3093 4678 3147 4725 et
3174 4668 3290 4722 istis
3319 4668 3524 4737 aliquos
3542 4682 3751 4731 eorum,

2174 4781 2360 4821 verum
2412 4777 2603 4819 omnes
2660 4763 2831 4818 sacris
2881 4760 3080 4815 litteris
3130 4759 3389 4820 eruditos,
3442 4755 3751 4811 nominatim

2175 4858 2311 4912 sicut
2334 4854 2617 4925 oportebat
2644 4868 2705 4908 ex
2716 4853 2903 4921 pressi,
2928 4866 3226 4921 eorumque
3252 4854 3563 4912 sententias.
3581 4865 3750 4918 quan-

2176 4959 2288 5007 tum
2321 4947 2570 5003 sufﬁcere
2592 4945 2893 5010 videbatur,
2926 4944 3042 4997 sine
3073 4942 3185 4999 ulla
3205 4940 3377 4996 editas
3406 4940 3752 5007 ambiguitate

2176 5038 2373 5108 digessi
2424 5036 2623 5109 (lbid.,
2646 5050 2759 5101 cap.
2795 5031 2907 5104 10).
2936 5031 2994 5088 Si
3039 5030 3359 5101 episcopalis
3404 5029 3643 5099 synodus
3690 5044 3750 5082 ex

2178 5139 2292 5185 to‘to
2322 5128 2454 5183 orbe
2480 5133 2915 5193 congregantur,
2948 5122 3138 5179 mirum
3170 5122 3213 5177 si
3245 5120 3381 5176 tales
3408 5133 3628 5189 possent
3650 5120 3753 5173 illic

2179 5220 2335 5275 facile
2364 5216 2556 5271 sedere
2586 5223 2683 5280 tot,
2717 5212 2838 5280 quia
2865 5229 2964 5268 nec
2994 5214 3078 5267 isti
3111 5227 3216 5267 uno
3245 5222 3488 5278 tempore
3519 5212 3753 5266 filerunt.

2177 5307 2287 5365 Sed
2308 5306 2495 5361 ﬁdeles
2524 5314 2576 5357 et
2606 5303 2785 5358 multis
2814 5302 3229 5361 escellentiores
3251 5316 3450 5370 paucos
3474 5301 3753 5370 duiSpensa-

2179 5409 2322 5455 tores
2350 5411 2478 5452 suos
2508 5394 2649 5448 Deus
2680 5408 2776 5463 per
2800 5393 3044 5448 diversas
3083 5400 3290 5459 atates,
3336 5402 3642 5463 temporum
3672 5393 3749 5445 ιο.

2176 5500 2470 5555 eorumque
2498 5483 2800 5549 distantias,
2834 5482 2973 5536 sicut
3001 5482 3049 5536 ei
3081 5480 3275 5551 placet,
3305 5489 3468 5551 atque
3498 5480 3751 5551 expedire

2172 5578 2393 5649 iudicat,
2420 5577 2534 5644 ipse
2557 5575 2847 5643 dispensat.
2869 5572 2977 5627 llos
3004 5573 3181 5641 itaque
3210 5572 3278 5627 de
3305 5572 3426 5627 aliis
3451 5581 3612 5640 atque
3634 5571 3749 5624 aliis

2178 5668 2508 5738 temporibus
2537 5673 2696 5734 atque
2724 5664 3031 5733 regionibus
3050 5665 3117 5717 ab
3138 5662 3357 5718 Oriente
3386 5672 3443 5719 et
3460 5662 3747 5717 Occidente

2178 5767 2529 5831 congregatos
2543 5759 2706 5824 vides,
2726 5769 2829 5809 non
2846 5754 2899 5809 in
2921 5754 3094 5810 locum
3110 5768 3212 5822 quo
3227 5753 3483 5823 navigare
3496 5759 3743 5822 cogantur
