4466 6750
1658 957 2335 1074 MONITUM

1947 1242 2027 1281 DE

979 1451 1142 1513 ΗΔΕ
1184 1444 1745 1510 ΒΕΝΕΒΙΟΤΙΝᾸΞ
1792 1440 2197 1506 EDITIONIS
2242 1436 2461 1497 NOVA
2509 1432 2743 1494 REGE!

1261 1444 1745 1508 ΞΝΕΒΙΟΤΙΝᾸΞ
1792 1440 2197 1506 EDITIONIS
2242 1436 2461 1497 NOVA
2509 1429 3025 1494 RECENSIONE.

445 1960 731 2021 Pretiosa
758 1954 1031 2035 quaedam
1067 1958 1313 2011 exstant
1346 1948 1622 2017 nomina,
1662 1960 1796 2024 qua
1824 1939 2281 2019 pronuntiasse
2316 1946 2411 1997 sat
2438 1944 2551 2010 est,
2576 1944 2647 1995 ut
2679 1933 2984 2011 extemplo
3020 1933 3164 1992 idem
3194 1928 3417 2007 gloria
3448 1927 3607 1988 mul-

378 2058 643 2140 tiplicis,
677 2028 915 2134 ingenii
955 2051 1193 2113 scilicet
1242 2060 1423 2127 atque
1461 2036 1848 2116 sanctitatis,
1894 2042 1963 2102 in
1994 2039 2314 2102 audientis
2344 2039 2553 2098 animo
2587 2039 3003 2103 suscitentur;
3054 2033 3120 2094 id
3176 2049 3321 2093 vero
3358 2030 3430 2091 de
3468 2028 3619 2091 illu-

365 2132 675 2223 strissimo
705 2132 1174 2231 archiepiscopo
1207 2142 1913 2222 Constantinopolitano
1940 2142 2262 2219 prazcipue
2290 2139 2641 2209 dicendum,
2668 2138 2780 2216 qui
2813 2133 2989 2196 solus
3021 2133 3167 2195 Oris
3198 2132 3379 2193 aurei
3404 2149 3626 2193 nomen

376 2260 646 2322 sortitus
679 2264 789 2314 est.
835 2276 862 2308 α
899 2255 1119 2323 Nemo,
1156 2251 1359 2329 inquit
1398 2247 1654 2313 Suidas,
1695 2242 1885 2304 tantis
1914 2238 2305 2316 eloquentia)
2340 2246 2401 2298 et
2461 2237 2771 2297 ubertatis
2803 2235 3047 2295 divitiis
3080 2238 3427 2294 exornatus
3476 2231 3623 2294 fuit.

366 2358 537 2419 Audi
584 2357 769 2417 etiam
811 2351 1369 2433 Monte/alconium
1393 2372 1415 2406 :
1449 2370 1479 2404 α
1521 2349 1859 2421 Lacrymas
1892 2339 2092 2401 movit
2131 2346 2199 2401 ut
2226 2337 2455 2412 voluit,
2489 2338 2643 2398 vitia
2675 2334 3060 2405 emendavit,
3092 2333 3519 2396 Christianam
3556 2333 3626 2390 ti-

376 2458 520 2520 dem
557 2456 760 2528 auxit,
791 2456 1049 2515 Judmos
1073 2461 1134 2514 et
1161 2450 1495 2513 luereticos
1528 2442 1913 2525 proﬂigavit.
1955 2442 2093 2502 Non
2129 2439 2439 2500 minorem
2476 2437 2647 2497 enim
2692 2436 2758 2497 in
2792 2433 3121 2497 dialectica
3156 2448 3348 2512 quam
3389 2433 3459 2494 in
3490 2449 3629 2493 ora-

368 2566 529 2620 toria
560 2565 693 2617 arte
722 2557 1031 2615 Joannem
1060 2560 1349 2613 nostrum
1379 2547 1837 2626 comperimus.
1878 2567 1906 2599 υ
1945 2543 2113 2618 Quid
2138 2542 2374 2620 plura?
2406 2542 2511 2601 Ex
2539 2541 2713 2601 brevi
2742 2538 2851 2600 illo
2884 2538 2990 2599 sed
3018 2537 3473 2618 perfectissimo
3511 2554 3617 2593 cn~

364 2660 566 2719 comio
594 2676 800 2717 nonne
824 2666 994 2735 patet
1022 2665 1256 2736 quanta
1285 2650 1635 2729 diligentia,
1675 2660 1909 2728 quanta
1928 2648 2147 2725 potius
2178 2645 2484 2722 religione
2518 2644 2683 2707 tanti
2722 2644 3003 2705 doctoris
3043 2660 3235 2720 opera
3282 2644 3633 2704 recudenda

368 2764 496 2821 sint
521 2781 542 2820 :
568 2777 677 2819 nec
715 2760 941 2818 mirum
969 2756 1308 2825 videbitur,
1340 2750 1924 2832 Monte/alconium,
1959 2767 2096 2807 cum
2121 2748 2393 2826 quinque
2423 2764 2501 2805 ea:
2529 2743 2852 2806 sodalibus
2881 2746 3038 2818 suis,
3062 2743 3367 2822 paranda:
3398 2744 3630 2805 editio-

366 2868 438 2926 ni
469 2864 778 2925 sexdecim
802 2880 1000 2921 annos
1030 2861 1379 2921 insudasse.
1414 2860 1596 2929 Nam,
1628 2864 1930 2931 praterea
1959 2851 2126 2930 quod
2156 2849 2532 2911 bibliotheca
2558 2857 2729 2921 sunt,
2752 2866 2876 2908 non
2910 2846 3090 2920 liber,
3124 2847 3396 2907 Joannis
3425 2847 3629 2922 Chry-

368 2967 627 3025 sostomi
671 2982 883 3040 opera,
929 2960 1129 3019 multa
1162 2962 1229 3020 in
1275 2960 1355 3019 iis
1393 2955 1739 3025 abundant,
1773 2972 1909 3033 qua:
1944 2952 2018 3012 ob
2069 2962 2455 3028 temporum,
2487 2947 2767 3010 locorum
2796 2966 3156 3027 morumque
3182 2948 3626 3017 diversitatem,

370 3067 542 3126 notis
570 3083 642 3124 ac
673 3061 1227 3125 dissertationibus
1273 3068 1448 3117 erant
1498 3054 1898 3117 illustranda.
1943 3052 2212 3112 Pensum
2241 3052 2356 3113 hoc
2400 3051 2639 3128 egregie
2679 3047 3078 3111 absolverunt
3119 3048 3342 3109 Patres
3375 3048 3636 3107 Band:-

310 3143 325 3156 ⁸
368 3164 549 3235 ctini,
576 3179 867 3241 omneque
897 3157 1179 3219 tulerunt
1202 3165 1533 3236 punctum,
1569 3152 1713 3213 licet
1740 3152 1869 3211 viri
1887 3151 2427 3229 prtestantissimi,
2455 3152 2624 3210 inter
2648 3167 2802 3228 quos
2831 3150 3137 3227 imprimis
3168 3149 3483 3208 Henricus
3511 3150 3591 3208 Sa
3618 3187 3626 3192 -

370 3262 559 3323 vilius
587 3274 643 3323 et
673 3264 918 3322 Fronto
961 3260 1250 3333 Ducceus,
1280 3256 1521 3334 magnis
1550 3252 1889 3315 sudoribus
1922 3252 2083 3313 idem
2112 3253 2387 3314 stadium
2416 3250 2833 3311 decurrerint.

447 3429 765 3489 Eximiam
810 3427 969 3488 hanc
1009 3426 1343 3487 editionem
1376 3443 1492 3485 nos
1525 3425 1753 3484 iterum
1790 3423 1964 3502 typis
2024 3422 2435 3489 mandamus;
2474 3424 2683 3483 omnia
2722 3419 2937 3481 sedulo
2969 3422 3351 3481 servavimus
3408 3418 3634 3500 quibus

369 3526 589 3587 crescit
627 3527 758 3604 ejus
788 3524 1062 3596 utilitas,
1092 3539 1306 3600 nempe
1354 3539 1639 3599 magnam
1662 3519 2203 3587 dissertationum,
2234 3528 2529 3579 notarum
2551 3518 2988 3595 variarumque
3012 3516 3345 3578 lectionum
3364 3519 3631 3597 copiam.

373 3630 464 3690 Ea
496 3632 679 3690 etiam
712 3630 1069 3690 addidimus
1099 3646 1235 3706 quae
1263 3635 1410 3704 post
1438 3624 1789 3685 absolutam
1819 3624 2083 3683 eamdem
2117 3624 2449 3684 editionem
2476 3624 2560 3683 ad
2590 3624 2748 3683 hanc
2778 3639 2971 3701 usque
3006 3622 3165 3682 diem
3187 3621 3439 3699 publici
3457 3623 3635 3702 juris

373 3730 537 3795 facta
569 3729 1001 3804 comperimus.
1044 3727 1153 3784 Ita
1191 3733 1395 3783 tamen
1439 3721 1797 3781 addidimus
1831 3728 1902 3779 ut
1952 3720 2107 3781 ordo
2152 3740 2190 3779 a
2218 3722 2713 3801 Monte/alconio
2762 3724 3095 3784 institutus
3126 3732 3508 3796 servaretur,
3551 3723 3634 3782 ad

373 3830 664 3892 ultimum
701 3847 917 3906 nempe
958 3838 1192 3888 tomum
1236 3825 1591 3886 additioncs
1634 3835 1890 3883 nostras
1941 3823 2311 3904 rejicienc'o.
2353 3826 2627 3903 Paginas
2670 3827 2967 3888 editionis
3008 3826 3428 3888 Bcnedictinw
3470 3826 3635 3887 inter

373 3948 567 3990 uncos
599 3932 665 3990 in
701 3938 884 3989 textu
918 3928 1133 3989 Graeco
1170 3927 1520 4004 posuimus,
1552 3925 1829 3985 numeris
1865 3924 2153 3987 Arabicis
2201 3944 2551 4004 expressas.
2588 3926 2863 3988 Iudicem
2905 3928 2988 3987 ad
3027 3926 3344 3987 columnas
3387 3936 3635 3988 nostras

375 4031 1001 4094 accommodavimus.

456 4176 616 4236 Ante
661 4176 770 4235 hos
802 4170 1271 4253 quatuordccim
1301 4187 1499 4228 annos
1529 4168 2040 4247 Chrysostomum
2061 4171 2198 4249 jam
2229 4169 2533 4241 dedimus,
2570 4170 2677 4229 sed
2706 4169 2927 4230 Latine
2959 4180 3223 4230 tantum.
3267 4171 3472 4247 Hujus
3504 4171 3634 4233 edi-

377 4279 577 4341 tionis
618 4280 913 4357 paginas,
960 4274 1392 4353 stereotypice,
1443 4283 1514 4332 ut
1547 4273 1752 4342 aiunt,
1785 4281 2088 4345 servatas,
2122 4274 2449 4350 posuimus
2498 4292 2527 4332 e
2583 4275 2837 4351 regione
2862 4274 3243 4350 paginarum
3281 4272 3636 4334 Graecarum

376 4396 513 4460 qua:
542 4377 911 4437 Latinarum
936 4377 1406 4455 paginationcm
1454 4375 1745 4435 retinent.
1782 4373 1933 4433 Inde
1987 4376 2056 4451 ﬁt
2101 4382 2174 4432 ut
2222 4373 2458 4434 notulaz
2497 4376 2775 4452 quiedam
2818 4373 3029 4434 Gra’ce
3080 4372 3268 4435 simul
3307 4382 3359 4431 et
3420 4373 3636 4433 Latine

383 4496 689 4554 expressis
710 4496 1155 4555 nonnunquam
1195 4484 1556 4537 occurrant.
1583 4477 1671 4534 De
1695 4492 1813 4553 quo
1842 4474 2184 4533 monendus
2226 4484 2356 4534 erat
2395 4474 2635 4535 Lector.
2688 4475 3018 4547 Utriusque
3046 4484 3256 4534 textus
3282 4473 3638 4548 diligentem

382 4580 779 4640 collationem
813 4580 1230 4640 instituimus.
1274 4576 1511 4639 Multas
1554 4577 1759 4648 etiam,
1799 4576 2048 4656 quando
2085 4595 2246 4655 opus
2288 4578 2439 4657 fuit,
2475 4588 2661 4638 notas
2715 4586 2770 4639 et
2822 4576 3281 4638 observationes
3319 4578 3390 4639 de
3417 4586 3637 4637 nostro

368 4674 968 4751 Monte/alconianis
1012 4676 1416 4739 inseruimus.
1446 4690 1615 4734 nunc
1645 4676 1898 4730 omnino
1933 4682 2219 4740 latentes,
2254 4677 2613 4738 charactere
2641 4686 2886 4739 tantum
2920 4679 3137 4741 italico
3181 4677 3365 4738 verba
3420 4688 3642 4739 nostra

370 4777 850 4857 distinguentes,
890 4774 1050 4835 alias
1086 4795 1309 4835 nomen
1341 4784 1629 4836 nostrum
1663 4772 2121 4835 subscribentes
2160 4777 2276 4852 (sic
2317 4788 2605 4840 notatum
2639 4803 2654 4841 :
2692 4782 2903 4853 Eum,
2947 4779 3044 4841 vel
3080 4782 3261 4842 Enn.
3312 4780 3641 4860 Pauor“),

370 4879 613 4957 quoties
669 4876 1019 4956 puesertim
1053 4873 1299 4953 aliquid
1343 4874 1779 4953 ambiguitatis
1816 4890 1896 4933 ea:
1933 4874 2131 4937 tacito
2159 4877 2411 4938 nomine
2443 4879 2785 4941 timendum
2814 4888 2968 4940 erat.

454 5040 675 5101 Editio
720 5038 1133 5103 Benedictma
1171 5037 1329 5099 duas
1360 5040 1486 5119 fert
1516 5040 1789 5101 Joannis
1819 5043 2253 5123 Chrysostomi
2294 5044 2486 5115 Vitas,
2519 5044 2713 5104 aliam
2750 5053 3009 5105 auctore
3031 5041 3323 5105 Palladio
3358 5044 3468 5120 qui
3496 5060 3633 5103 cum

378 5139 619 5218 inclyta
652 5140 910 5202 doctore
938 5138 1108 5200 vixit
1133 5137 1563 5217 familiariter,
1594 5141 1790 5203 aliam
1821 5162 1898 5203 ex
1930 5146 2135 5222 ipsius
2177 5143 2440 5221 scriptis
2469 5153 2844 5205 contextam.
2876 5142 3057 5207 Nihil
3081 5162 3227 5204 sane
3249 5139 3468 5202 melius
3489 5160 3633 5203 suc-

379 5240 695 5313 currebat,
723 5250 797 5301 ut
819 5238 1032 5302 Patris
1056 5238 1244 5317 hujus
1271 5239 1611 5316 ingenium,
1644 5260 1845 5302 mores
1873 5261 1946 5303 ac
1974 5244 2165 5303 saria:
2194 5244 2263 5303 in
2284 5243 2509 5323 quibus
2532 5245 2795 5321 scripsit
2824 5244 2922 5303 vel
2946 5243 3191 5304 locutus
3239 5249 3326 5301 est
3371 5241 3635 5303 circum-

378 5345 627 5404 stantia:
652 5362 935 5424 apprime
961 5350 1389 5403 noscerentur.
1424 5343 1531 5405 Sic
1562 5346 1743 5405 etiam
1772 5354 1981 5407 actum
2008 5357 2093 5407 est
2118 5346 2184 5406 in
2205 5346 2352 5407 Divi
2379 5345 2726 5425 Augustini
2756 5346 3027 5408 editione
3050 5346 3476 5407 Benedictina.
3518 5345 3627 5404 Ve-

377 5461 524 5504 rum
553 5446 881 5525 utriusque
906 5442 1119 5507 Patris
1158 5441 1307 5502 Vita
1338 5443 1421 5504 ad
1434 5442 1661 5505 calcem
1682 5463 1939 5524 operum
1968 5446 2395 5523 inopportune
2425 5448 2658 5528 rejectis
2678 5456 2847 5505 sunt.
2881 5445 3004 5505 Eas
3030 5446 3261 5504 rectius
3295 5445 3480 5505 initio
3505 5460 3631 5522 po-

378 5547 645 5605 suimus.
676 5545 824 5607 Non
848 5563 1022 5606 secus
1051 5542 1438 5605 sentiendum
1472 5552 1560 5604 est
1605 5546 1678 5606 de
1704 5545 2002 5625 Epistola
2037 5546 2427 5608 dedicatoria
2466 5558 2520 5608 et
2552 5548 2624 5607 de
2657 5545 3033 5626 Prtefatione
3060 5544 3336 5622 generali
3366 5564 3518 5625 quas
3553 5562 3626 5604 ex

382 5648 553 5701 tomo
589 5646 822 5708 decimo
850 5646 1040 5706 tertio
1076 5646 1143 5732 in
1165 5644 1439 5722 primum
1470 5647 1937 5711 transtulimus.

461 5805 658 5867 Forte
682 5807 915 5890 aliquis
934 5814 1227 5889 genuinis
1253 5809 1685 5892 Chrysostomi
1706 5816 2000 5896 operibus
2028 5825 2120 5876 tot
2152 5817 2373 5893 spuria
2404 5815 2734 5878 immisceri
2757 5834 2917 5895 aegre
2931 5819 3119 5895 feret;
3154 5829 3263 5875 nec
3294 5815 3626 5876 immerito.

706 5934 979 5997 Ριτιιοι..
1026 5939 1144 6000 Gn.
1191 5938 1417 5999 XLVII

3263 5941 3293 6000 1
