4466 6704
724 619 742 692 ἦ

723 595 743 628 3
809 586 878 630 Ῑιι

3998 579 4053 619 ιν

731 709 741 736 ε
815 696 1062 776 Duplex
1097 713 1236 754 vero
1273 703 1357 752 est
1388 694 1973 771 Spuriorumgenus
2011 708 2143 769 quae
2174 695 2478 751 communi
2504 693 2813 769 attingere
2847 692 3286 770 reprobatione
3336 692 3581 750 nu'nime
3616 704 3850 768 (equum
3869 687 4061 764 foret.

810 795 950 856 Alia
973 806 1138 861 sunt.
1164 811 1422 872 quorum
1449 803 1734 852 auctores
1765 790 2055 867 temporis
2077 789 2317 848 invidia
2342 789 2554 849 obruti
2586 787 2804 861 latent,
2843 802 2895 850 et
2931 809 3084 869 quae,
3118 791 3190 848 ob
3213 789 3537 868 quamdam
3565 787 3799 865 ingenii
3827 793 4062 845 tracta-

809 903 931 961 tire
957 898 1308 975 argumenti
1336 891 1824 957 similitudinem,
1858 886 2268 949 celeberrimis
2293 887 2628 966 aliquando
2661 890 3082 966 scriptoribus
3127 889 3520 948 tribuuntur.
3558 887 3728 948 Licet
3765 883 4062 966 gravibus

805 1009 983 1087 fraus
1002 1003 1363 1082 plerumque
1400 997 1817 1062 demonstrari
1845 1005 2026 1075 queat
2067 994 2461 1057 testimoniis.
2502 995 2746 1068 spuriis
2775 993 3134 1071 hujusmodi
3168 1010 3280 1051 nos
3309 990 3481 1052 ultro
3512 993 3749 1052 veniam
3773 991 4027 1053 concedi
4038 1021 4059 1031 -

805 1125 962 1172 mus,
984 1105 1132 1184 quia
1158 1102 1552 1180 philologica:
1581 1102 1830 1160 critices
1848 1099 2159 1160 thesauris
2193 1099 2259 1158 in
2287 1097 2412 1157 dies
2437 1096 2878 1156 crescentibus.
2899 1097 3065 1173 forte
3085 1097 3313 1154 eveniet
3335 1105 3401 1156 ut
3425 1115 3563 1158 cras
3587 1099 3937 1176 probentur
3964 1115 4067 1176 ge-

803 1210 1001 1268 nuina
1027 1227 1156 1287 qua-
1176 1205 1505 1268 hodiedum
1529 1205 1885 1265 adulterina
1903 1203 2215 1263 videntur.
2238 1199 2374 1260 Alia
2396 1217 2538 1258 vero
2561 1207 2751 1257 scatet
2774 1198 3007 1275 fetuum
3028 1197 3586 1272 supposititiorum
3611 1197 3909 1276 ignobilis
3932 1198 4065 1275 ple-

809 1311 1046 1384 becula,
1063 1312 1168 1390 qui
1183 1328 1424 1368 receren
1435 1309 1726 1377 dissimis,
1743 1309 1862 1366 imo
1877 1306 2290 1365 sanctissimis
2304 1304 2676 1364 adhaerentes
2690 1299 3068 1372 nominibus,
3087 1320 3152 1360 ea
3169 1301 3424 1379 indigno
3442 1307 3703 1376 turpant
3721 1298 4067 1368 consortio,

810 1426 864 1474 et
895 1417 986 1476 sic
1017 1414 1302 1475 indebita-
1320 1414 1476 1490 fiunt
1510 1401 2004 1468 inmortalitatis
2037 1402 2416 1479 participes.
2454 1400 2722 1460 Tantum
2757 1399 2925 1459 abest
2974 1407 3042 1457 ut
3095 1399 3169 1459 ab
3206 1400 3316 1460 hac
3344 1406 3511 1475 peste
3560 1397 3847 1456 immunis
3877 1395 4070 1474 fuerit

807 1512 1005 1571 Divus
1032 1511 1536 1587 Chrysostomus,
1571 1515 1622 1565 et
1662 1503 1873 1562 varios
1905 1503 2070 1562 inter
2103 1501 2231 1580 ejus
2257 1499 2549 1569 editores,
2582 1516 2756 1557 nemo
2793 1516 2920 1557 non
2951 1499 3357 1569 sensit,nemo
3379 1515 3506 1557 non
3535 1495 3705 1556 dixit
3737 1515 3918 1574 quam
3951 1511 4069 1570 op-

808 1613 1063 1673 tandum
1097 1622 1246 1672 esset
1278 1608 1638 1690 quisquiliis
1671 1608 1811 1666 istis
1844 1608 1972 1685 ejus
1992 1623 2180 1683 opera
2217 1604 2588 1682 expurgari.
2623 1604 2713 1666 Ne
2737 1601 2893 1680 quid
2909 1611 3112 1663 autem
3140 1602 3366 1681 exjam
3384 1603 3566 1666 editis
3590 1601 3655 1660 in
3671 1600 3782 1660 hac
3805 1598 4074 1658 editione

806 1723 1029 1775 nostra
1058 1715 1462 1776 desideretur.
1486 1731 1560 1771 ne
1583 1710 2001 1770 insulsissima
2032 1709 2276 1787 quidem
2308 1717 2646 1768 commenta
2679 1709 3020 1778 omisimus,
3050 1707 3292 1786 judicio
3334 1706 3634 1765 lectorum
3666 1696 4065 1774 confidentes,

807 1812 1033 1890 quibus
1054 1825 1350 1888 praeterea
1383 1811 1706 1888 exquisita?
1740 1809 2218 1890 Monte/alconii
2244 1811 2745 1890 prcefatiunculte
2778 1828 2997 1869 secura
3031 1807 3296 1868 consilia
3327 1802 3837 1884 suppeditabunt.
3879 1800 3956 1860 M

942 2083 2553 2099 ——.————a—————~————————————-
2562 2083 2774 2094 -ευσι-ο
2782 2081 3202 2094 κε’-.-ι--εισ-
3215 2083 3828 2096 —————_-o—--
3840 2087 3941 2098 ...-

843 2091 915 2139 !"i
942 2133 951 2137 ‘
971 2132 989 2138 ‘
1045 2132 1056 2138 '
1092 2134 1096 2135 '
1113 2131 1173 2136 ""
1207 2130 1292 2137 "'-
1321 2131 1331 2135 '
1355 2131 1388 2137 -οο
1407 2129 1422 2136 ο
1449 2131 1463 2136 -
1484 2131 1494 2136 -
1512 2101 1550 2137 ⁵-
1571 2097 2590 2136 °~-g!.———'——~l-——.I_.—_--.-._
2593 2086 4070 2134 _w.
2663 2127 2668 2130 .
2707 2125 2788 2132 -,,,
2810 2123 2948 2132 ,,-,,,,,
2973 2122 3192 2132 ,,,-,-,,-η
3579 2125 3626 2134 ,-
3775 2125 3876 2133 --η.
3895 2126 3907 2133 .
3930 2127 3940 2133 .
3979 2126 4028 2134 _

811 2341 1800 2456 BEBNABDI
1866 2341 2104 2451 DE
2184 2337 3462 2454 MONTPAUGON
3525 2340 4052 2456 VITA-

2196 2655 2612 2678 -————-I.~O.——-
2676 2665 2682 2671 -

893 2881 1442 2965 Montefalconius,
1469 2876 1691 2955 gallice
1721 2877 1792 2937 de
1827 2869 2695 2953 Montfaucon(Bernardus),
2723 2868 3056 2946 provincia
3093 2867 3432 2931 Occitanus
3457 2912 3473 2943 ,
3512 2873 3578 2933 in
3617 2877 3872 2938 castello
3902 2882 4074 2943 Sou-

817 2998 972 3076 lagii
1003 3013 1080 3055 ex
1108 2992 1366 3070 antiqua
1395 2981 1714 3059 nobilique
1741 2971 1986 3056 familia
2004 2982 2189 3032 natus
2221 2977 2306 3028 est
2333 2968 2430 3029 die
2453 2967 2749 3046 januarii
2783 2964 3020 3026 decima
3046 2967 3329 3044 septima,
3360 2987 3524 3029 anno
3567 2973 3744 3035 1653.
3773 2977 4080 3040 Militiam

815 3065 1087 3176 primum
1115 3065 1464 3170 amplexus,
1497 3097 1707 3142 rerum
1741 3078 2151 3136 humanarum
2189 3067 2607 3149 fragilitatem
2639 3076 2837 3126 morte
2861 3076 3196 3143 parentum
3225 3065 3481 3127 edoctus
3515 3079 3623 3130 est.
3666 3072 3858 3134 Haud
3889 3077 4082 3137 multo

811 3169 958 3280 post
1010 3169 1238 3258 saeculo
1289 3188 1597 3251 valedixit
1650 3181 2082 3256 hIaurianue
2131 3175 2258 3234 PP.
2311 3170 2866 3231 Benedictinorum
2919 3169 3396 3245 congregationi
3436 3189 3564 3231 sese
3609 3174 4088 3239 adscribendum

816 3271 1063 3366 curavit
1090 3317 1255 3360 anno
1284 3297 1458 3358 1675.
1494 3291 1654 3354 Novi
1684 3283 1919 3349 sodalis
1945 3285 2113 3362 fama
2145 3297 2291 3338 mox
2324 3285 2507 3335 extra
2537 3273 2805 3334 caenobii
2838 3271 3063 3332 limites
3096 3271 3217 3332 late
3241 3290 3357 3350 per
3387 3281 3578 3332 totam
3609 3274 3927 3353 Europam
3959 3277 4084 3356 ﬂo-

815 3411 974 3472 νωίι,
1007 3404 1328 3469 Memoria:
1350 3393 1696 3463 miraculis,
1736 3391 2030 3449 immensa
2062 3380 2387 3449 doctrina,
2405 3377 2658 3457 judicio
2694 3375 3043 3452 prwsertim
3072 3385 3128 3434 et
3169 3376 3408 3452 ingenii
3443 3379 3726 3438 acumine
3751 3381 3890 3457 jam
3936 3380 4088 3442 cele-

816 3516 1155 3583 berrimus,
1190 3511 1257 3570 in
1308 3504 1564 3568 Italiam
1620 3494 1914 3574 migravit
1948 3507 2114 3550 anno
2162 3485 2334 3549 1698.
2379 3483 2844 3557 manuscriptos
2889 3481 3128 3541 codices
3179 3479 3629 3540 vetustissimos
3675 3482 3915 3558 passim
3973 3497 4089 3559 pe.-

819 3613 1223 3676 bibliothecas
1251 3603 1765 3683 investigaturus.
1800 3597 1961 3656 Dum
1981 3594 2185 3652 Romre
2207 3589 2475 3664 degeret,
2511 3585 2683 3661 apud
2701 3584 2994 3677 Sanctam
3021 3585 3233 3644 Sedem
3257 3583 3502 3644 ordinis
3530 3584 3635 3643 sui
3665 3595 4078 3661 procurator,

819 3715 1268 3779 benedictinam
1296 3711 1424 3772 divi
1458 3703 1800 3783 Augustini
1849 3692 2440 3759 editionem‘contra
2474 3690 2812 3749 acerrimos
2852 3689 3252 3749 inimicorum
3292 3685 3572 3747 assultus
3619 3687 3894 3765 feliciter
3924 3704 4080 3764 pro-

813 3817 1149 3898 pugnavit.
1189 3813 1522 3890 Pontiﬁces
1571 3805 1846 3869 Clemens
1877 3801 1968 3860 XI
2010 3806 2061 3856 et
2114 3792 2486 3854 Benedictus
2520 3793 2695 3853 XIII
2722 3793 3183 3871 imperatorque
3229 3790 3497 3854 Carolus
3535 3790 3615 3848 Vl
3645 3791 3919 3850 maxima
3952 3809 4086 3851 eum

819 3934 1057 3996 semper
1091 3927 1381 3989 excepere
1409 3903 1855 3969 benevolentia.
1909 3897 2220 3957 Lutetiam
2251 3909 2538 3951 reversus
2568 3908 2733 3950 anno
2774 3892 2952 3964 1701,
2983 3892 3316 3952 continuos
3342 3889 3483 3948 vitae
3512 3889 3807 3948 studiosa.-
3842 3889 4084 3949 labores

820 4029 1188 4100 prosecutus
1219 4023 1326 4075 est.
1361 4000 1954 4086 Quamobrem,licet
1988 3991 2381 4058 curriculum
2402 4009 2595 4070 usque
2616 3990 2700 4050 ad
2714 4009 2825 4048 sex
2845 4000 2900 4051 et
2930 3992 3253 4068 octoginta
3275 4003 3470 4045 annos
3493 3987 3921 4062 protraxerit,
3952 3989 4087 4065 fer-

820 4083 927 4176 reo
948 4131 1147 4193 prope
1181 4083 1469 4186 corporis
1498 4102 1726 4165 robore
1762 4113 1954 4174 usque
1980 4091 2218 4162 valens,
2243 4089 2354 4149 vix
2383 4099 2590 4149 tamen
2625 4084 3008 4163 intelligitur
3040 4083 3344 4162 quomodo
3395 4093 3490 4146 tot
3525 4094 3766 4164 tamque
3790 4088 4085 4163 gravibus

825 4187 1118 4292 operibus
1150 4207 1396 4269 edendis
1413 4202 1752 4281 suffecerit.
1770 4198 2044 4275 Legatur
2063 4193 2241 4252 modo
2264 4209 2519 4270 sequens
2543 4187 3048 4250 nomenelatura:
3069 4194 3125 4248 1°
3145 4188 3443 4250 Analecta
3458 4207 3677 4268 grteca,
3710 4193 3876 4255 1vol.
3897 4194 4079 4266 ἰη-Ιιο,

822 4313 1278 4397 graec-latine,
1311 4310 1485 4371 1688.
1532 4307 1596 4365 2°
1638 4303 1926 4366 Diarium
1978 4299 2293 4365 Italicum,
2336 4299 2365 4355 1
2403 4293 2528 4355 vol.
2583 4294 2765 4363 ἱη-ῖιο,
2804 4293 2977 4352 1702.
3026 4291 3082 4350 3°
3129 4291 3435 4352 Collectio
3474 4304 3762 4356 veterum
3807 4298 4080 4372 scripto-

826 4387 969 4483 tum
1019 4426 1395 4493 graecorum,
1431 4410 1470 4468 2
1499 4405 1624 4468 vol.
1659 4401 1896 4483 in-fol.,
1942 4395 2403 4478 graeco-latine,
2442 4395 2617 4454 1706.
2655 4391 2716 4449 li“
2745 4389 2984 4450 Gallica
3036 4389 3246 4448 versio
3296 4387 3447 4450 libri
3487 4392 3773 4454 Philonis
3820 4397 3909 4455 De
3941 4395 4082 4455 Vita

827 4515 1351 4594 contemplativa,
1411 4514 1441 4572 1
1488 4508 1614 4571 vol.
1670 4505 1873 4568 in-12.
1915 4507 1977 4566 5⁸
2011 4499 2487 4580 Palaeogcaphia
2526 4512 2766 4594 graeca,
2807 4499 2834 4554 1
2878 4493 3000 4551 vol.
3045 4492 3288 4570 in-fol.,
3337 4495 3517 4564 1708,
3570 4510 3727 4570 opus
3791 4492 4084 4552 eximium

827 4627 894 4685 in
947 4637 1066 4701 quo
1109 4617 1287 4678 varia
1349 4613 1777 4672 characterum
1822 4621 2170 4684 graecorum
2217 4598 2557 4678 specimina
2599 4593 2996 4654 exhibentur.
3039 4595 3098 4652 6°
3157 4591 3440 4669 Hexapla
3497 4589 3808 4668 Origenis,
3861 4590 3900 4648 2
3957 4588 4078 4648 vol.

827 4685 1078 4800 in-fol.,
1107 4717 1281 4780 1713.
1316 4717 1376 4774 7"
1408 4709 1797 4772 Bibliotheca
1825 4704 2240 4773 Coisliniana,
2277 4704 2308 4760 1
2345 4695 2471 4757 vol.
2511 4691 2828 4780 in-fol._.8°
2870 4690 3233 4768 Antiquitas
3281 4692 3638 4769 explanata,
3677 4700 3815 4761 etc.,
3854 4689 3928 4748 10
3953 4685 4078 4764 υοι,

1117 4819 1288 4877 1719.
1328 4817 1390 4875 9'
1432 4809 1816 4889 Antiquitati
1858 4806 2213 4884 explanata)
2242 4798 2800 4876 Supplementum,
2841 4794 2879 4854 ὃ
2909 4791 3028 4853 vol.
3066 4793 3304 4870 in-fol.,
3348 4795 3533 4864 17215;
3572 4800 3904 4866 utrumque
3940 4786 4080 4864 gal-

831 4885 1210 4983 lica-latine.
1258 4917 1354 4976 10°
1400 4885 1783 4973 Monac—Chia;
1827 4907 2086 4968 Gallica;
2134 4902 2590 4966 Monumenta,
2635 4895 2672 4953 5
2701 4893 2822 4952 vol.
2864 4892 3106 4973 in-fol.,
3152 4913 3286 4954 cum
3323 4895 3569 4971 ﬁguris,
3622 4885 3864 4966 gallice,
3902 4887 4074 4945 17-29.

831 5023 928 5080 11°
974 5013 1366 5078 Bibliotheca
1409 5012 1944 5074 bibliothecarum
1997 5000 2582 5076 manuscriptorum
2631 5012 2828 5066 nova,
2880 4996 2919 5054 ’2
2963 4993 3083 5054 vol.
3130 4993 3379 5075 in-fol.,
3433 4994 3606 5055 1730.
3658 4989 3754 5048 12°
3811 4986 4079 5045 Joannis

829 5114 1263 5193 Chrysostomi
1316 5130 1568 5191 operum
1617 5109 1808 5170 editio
1862 5103 2357 5185 exquisitissima
2403 5115 2584 5176 quam
2627 5095 2827 5156 denuo
2880 5095 3049 5171 typis
3104 5098 3497 5164 mandamus,
3550 5092 3621 5150 13
3662 5085 3786 5146 vol.
3827 5087 4082 5178 in-fol..

829 5223 903 5281 ab
934 5185 1099 5280 a'nno
1135 5217 1288 5278 1718
1316 5185 1506 5294 usque
1539 5215 1620 5274 ad
1648 5229 1880 5271 annum
1915 5206 2090 5268 1738.
2119 5204 2260 5262 Ilcec
2299 5211 2384 5261 est
2403 5207 2870 5280 prcectpuorum
2903 5196 3380 5277 Montefalconii
3407 5207 3660 5269 operum
3700 5185 3911 5259 moles,
3950 5204 4084 5265 quae

829 5324 1024 5385 multo
1050 5320 1244 5397 magis
1294 5327 1661 5396 portentosa
1709 5312 2048 5378 videbitur,
2080 5307 2138 5367 si
2178 5307 2545 5366 attendatur
2584 5303 2922 5380 unicuique
2962 5302 3137 5379 operi
3171 5299 3356 5375 vulgo
3398 5292 3683 5355 accedere
3709 5290 4076 5357 versionem,

830 5434 1034 5490 notas,
1063 5423 1553 5490 dissertationes,
1578 5413 1894 5494 epistolas,
1936 5408 2394 5472 commentaria,
2433 5421 2559 5464 uno
2586 5401 2765 5461 verba
2799 5400 3101 5480 quidquid
3129 5400 3210 5460 ad
3230 5391 3657 5474 explanandas
3679 5391 3875 5448 omnis
3899 5405 4080 5463 gene-

830 5529 919 5588 ris
953 5522 1354 5604 difficultates
1375 5522 1668 5599 prodesse
1693 5525 1934 5596 potest.

911 5625 1436 5706 Monte/alconius
1461 5620 1729 5681 Parisiis
1751 5617 1906 5678 obiit
1936 5615 2034 5676 die
2064 5609 2397 5671 decembris
2423 5607 2708 5682 vigesima
2725 5607 2956 5682 prima,
2993 5623 3154 5664 anno
3195 5601 3365 5664 17H,
3404 5603 3455 5652 et
3477 5595 3555 5654 in
3577 5589 3829 5650 ecclesia
3860 5587 4079 5648 Sancti

835 5726 1126 5794 Germani
1152 5743 1187 5788 ιι
1219 5723 1424 5787 Pt‘atis
1441 5717 1719 5796 sepultus
1751 5727 1857 5776 est.
