4466 6704
1081 819 1165 924 ι.
1221 794 2199 922 BEBNARDI
2270 790 2508 906 DE
2577 691 3893 904 Μοιπτι-Ἀπόιῖ

1345 708 1348 711 _
1411 696 2017 712 ,______.____,__*_.
2669 690 2810 696 .-
2873 689 3080 695 .τῇ
3261 690 3304 695 .-
3399 691 3434 697 _

793 712 1905 737 W777

2669 688 3434 697 mg

2060 966 2685 1154 ﬁrmitatis
2701 1072 2735 1103 .

857 1407 954 1460 Diu
1003 1404 1288 1473 expetitum
1333 1401 1391 1454 S.
1442 1396 1656 1451 Joannis
1712 1388 2077 1461 Chrysostomi
2127 1384 2356 1451 Operum

784 1496 1020 1550 omnium
1048 1493 1330 1547 editionem
1359 1503 1386 1541 a
1416 1484 1597 1539 multis
1621 1484 1729 1552 jam
1760 1478 1912 1532 annis
1938 1489 2188 1546 paramus
2216 1489 2229 1525 :
2268 1486 2363 1525 ne-

782 1601 886 1656 que
913 1583 1053 1637 cnim
1083 1587 1291 1650 poterat
1319 1593 1404 1633 res
1435 1587 1541 1629 tam
1584 1586 1806 1642 operosa
1828 1611 1844 1635 ,
1874 1579 1978 1621 tam
2008 1564 2182 1632 ampla
2202 1603 2218 1628 ,
2244 1575 2361 1615 mo-

781 1677 902 1732 dico
928 1673 1181 1744 temporis
1209 1668 1475 1725 curriculo
1495 1663 1826 1721 concinnari.
1854 1658 2175 1714 Bibliotheca
2197 1661 2319 1707 sunt
2342 1693 2359 1717 ,

783 1784 891 1823 non
942 1766 1097 1831 liber,
1140 1762 1271 1817 tanti
1334 1759 1570 1815 doctoris
1611 1753 1909 1824 Opuscula,
1937 1744 2360 1805 Commentaria,

785 1856 1060 1926 Epistolas.
1106 1854 1180 1907 Ea
1219 1866 1345 1905 vero
1384 1864 1489 1902 non
1526 1862 1631 1899 uno
1668 1845 1719 1897 in
1771 1843 1889 1895 loco
1931 1838 2087 1892 simul
2141 1836 2363 1889 collecta

783 1922 1096 2014 cotiiparent
1128 1943 1177 1994 in
1208 1937 1542 1994 bibliothecis
1592 1930 2107 1998 manuscriptorum,
2137 1922 2279 1994 quod
2311 1922 2363 1974 in

784 2012 1008 2092 aliorum
1051 2034 1369 2101 scriptorum
1438 2026 1688 2097 operibus
1732 2037 1875 2091 srrpe
1924 2017 2225 2085 contingit;
2267 2012 2362 2067 sed

784 2127 1016 2194 undique
1044 2125 1285 2192 dispersa
1314 2134 1535 2189 carpere
1560 2128 1613 2171 et
1633 2116 1884 2181 colligere
1924 2118 2005 2161 est
2031 2120 2163 2173 opus
2187 2121 2200 2151 :
2224 2101 2363 2194 acci-

781 2190 967 2285 ditmte
1016 2190 1141 2269 non
1175 2211 1375 2275 semel,
1405 2219 1462 2262 ut
1507 2222 1629 2260 cum
1666 2215 1851 2257 omnes
1898 2199 2128 2264 EurOpte
2172 2190 2360 2246 biblio-

784 2283 969 2358 thecas
1007 2303 1059 2357 in
1102 2313 1312 2355 cassum
1357 2295 1702 2368 percurreris,
1728 2293 1781 2346 in
1816 2289 2013 2359 angulo
2045 2283 2261 2339 tandem
2300 2294 2363 2335 ea

784 2408 902 2460 qua:
939 2392 1029 2446 diu
1082 2388 1411 2461 exquisieras
1461 2382 1951 2455 deprehendantur.
2008 2376 2065 2432 ιιι
2101 2371 2365 2446 quantivis

785 2483 983 2539 laboris
1034 2484 1105 2537 sit
1153 2482 1381 2535 libenter
1435 2478 1757 2545 suscipitur,
1796 2471 2010 2543 quando
2057 2468 2123 2523 de
2160 2466 2367 2521 Joanne

784 2573 1173 2645 Chrysostomo
1203 2572 1389 2641 agitur,
1429 2579 1573 2622 tanto
1610 2567 1828 2620 doctore
1849 2605 1864 2629 ,
1891 2569 2106 2616 oratore
2134 2568 2364 2617 summo,

785 2668 874 2734 qui
905 2681 1016 2719 rem
1037 2663 1392 2718 Christianam
1423 2660 1543 2730 plus
1567 2673 1727 2729 quam
1767 2656 1853 2708 alii
1883 2666 2069 2707 omnes
2088 2689 2105 2715 ,
2130 2658 2240 2702 tum
2276 2644 2365 2714 qui

786 2762 1208 2822 prmcesserunt,
1243 2760 1350 2805 tum
1397 2750 1487 2819 qui
1536 2757 1651 2816 post
1692 2746 1841 2799 illum
1884 2742 2212 2800 ﬂoruerunt,
2254 2735 2366 2789 elo~

787 2843 1019 2911 quentize
1045 2840 1373 2895 ornamentis
1401 2836 1692 2892 decoravit.
1722 2834 1769 2887 Is
1798 2847 1827 2885 a
1858 2844 2022 2900 puero
2043 2827 2237 2882 divinis
2265 2822 2363 2877 hu-

788 2934 1067 3001 manisque
1108 2931 1275 2985 literis
1324 2944 1539 2999 operam
1569 2926 1715 2981 dedit
1743 2943 1756 2978 :
1790 2940 1817 2977 a
1849 2922 2177 2989 Libanioque
2214 2917 2365 2970 iusti-

793 3037 938 3078 tutus
973 3032 1174 3077 tantum
1208 3020 1461 3091 profecit,
1490 3030 1547 3071 ut
1575 3018 1626 3071 in
1649 3014 1900 3071 extremis
1928 3027 2091 3081 agens
2118 3007 2369 3062 Libanius

794 3111 1067 3181 professus
1092 3112 1182 3176 sit,
1214 3125 1272 3164 se
1293 3108 1553 3163 Joannem
1594 3106 1693 3160 sibi
1728 3115 2088 3158 successorem
2131 3097 2368 3152 destina-

792 3212 1010 3266 torum,
1054 3198 1154 3253 nisi
1199 3198 1243 3252 is
1271 3197 1374 3252 sibi
1420 3211 1452 3249 a
1490 3194 1809 3249 Christianis
1853 3191 2105 3259 abreptus
2158 3187 2365 3240 fuisset.

792 3291 990 3348 Forum
1038 3290 1383 3358 forensesque
1424 3301 1613 3341 causas
1640 3285 1898 3353 tantisper
1924 3289 2189 3343 sectatus,
2222 3276 2369 3333 brevi

793 3399 821 3433 a
875 3390 1051 3449 empto
1086 3380 1303 3443 resiliit,
1357 3392 1420 3431 ac
1462 3376 1774 3432 Christiana:
1816 3386 2035 3443 prorsus
2076 3368 2369 3436 disciplina:

794 3470 1163 3538 severiorique
1202 3469 1325 3522 vitze
1366 3468 1608 3521 instituto
1646 3480 1705 3519 se
1750 3472 1917 3518 totum
1956 3460 2192 3522 dedidit;
2222 3467 2280 3511 ut.
2320 3458 2371 3510 in

795 3559 910 3627 ejus
948 3559 1055 3613 vita
1094 3557 1161 3612 ad
1208 3557 1407 3610 calcem
1435 3556 1665 3625 Operum
1702 3561 1979 3615 accurate,
2008 3561 2260 3619 quantum
2295 3547 2375 3601 ias

795 3649 928 3714 erit,
960 3647 1264 3703 adornanda
1296 3646 1536 3717 pluribus
1581 3643 1901 3699 narrabitur.
1939 3640 2162 3695 Iuvenis
2200 3637 2376 3692 adhuc

794 3741 989 3797 eximia
1010 3742 1155 3796 dedit
1184 3740 1378 3809 ingenii
1404 3737 1726 3807 specimina;
1760 3735 2065 3790 Parteneses
2090 3747 2282 3801 nempe
2306 3731 2371 3784 ad

797 3832 1135 3887 Theodorum
1163 3831 1388 3899 lapsum,
1412 3830 1578 3883 libros
1615 3828 1679 3881 ad
1708 3826 2064 3889 Demetrium,
2095 3824 2158 3877 ad
2198 3823 2373 3879 Stcle-

798 3921 977 3977 citium
996 3961 1013 3987 ,
1034 3920 1100 3975 ad
1130 3919 1417 3988 Stagirium
1445 3924 1501 3972 et
1522 3917 1586 3970 ad
1613 3916 1746 3970 alios
1775 3931 1790 3968 :
1813 3930 1931 3984 quae
1960 3912 2209 3983 opuscula
2242 3926 2378 3981 prze-

798 4014 1000 4065 clarum
1040 4008 1277 4064 referunt
1312 4016 1620 4062 oratorem:
1652 4005 1945 4060 limatiorcs
1990 4011 2111 4056 sunt
2157 4001 2275 4056 libri
2310 4000 2379 4054 de

799 4102 1110 4159 Saccrdotio
1130 4142 1145 4167 ,
1179 4101 1231 4154 in
1263 4101 1435 4170 iisque
1462 4096 1910 4167 deprehendimus
1938 4095 2378 4165 Chrysostomum

800 4194 1185 4264 Chrysostomo
1216 4190 1656 4260 eloquentiorem.
1686 4188 1781 4242 llis
1808 4186 1972 4241 veluti
2013 4183 2282 4254 prazludiis
2312 4180 2379 4234 ad

802 4284 989 4341 orandi
1016 4297 1208 4339 munus
1227 4299 1287 4338 se
1308 4282 1653 4351 comparabat
1680 4279 1914 4334 Joannes
1938 4295 1950 4330 :
1975 4276 2065 4345 qui
2106 4275 2381 4344 presbyter

805 4375 1104 4431 Antiochia:
1143 4374 1299 4429 annis
1337 4371 1616 4427 duodecim
1641 4410 1657 4434 ,
1700 4369 1981 4438 episcOpus
2011 4365 2383 4421 Constantino~

806 4466 913 4535 poli
939 4465 1171 4534 quinque
1189 4476 1350 4518 sexve
1378 4461 1566 4524 annis,
1593 4475 1621 4513 a
1649 4456 2000 4512 concionandi
2026 4455 2200 4509 otticio
2222 4469 2380 4508 num-

807 4569 965 4624 quam
995 4553 1231 4618 destitit,
1261 4552 1423 4622 inque
1461 4550 1545 4604 sui
1574 4548 1979 4602 admirationem
2013 4554 2179 4599 totum
2207 4546 2383 4611 rapuit

806 4644 1098 4701 Orientem.
1130 4643 1372 4704 Paratus,
1398 4644 1689 4710 imparatus
1731 4637 2029 4700 accederet,
2068 4636 2247 4688 omnia
2284 4634 2384 4702 ipsi

810 4750 979 4806 prona
1024 4742 1177 4788 erant
1198 4773 1214 4799 ,
1245 4749 1312 4787 eo
1348 4745 1561 4799 semper
1597 4729 1805 4783 dicendi
1830 4741 2028 4797 genere
2057 4740 2217 4784 usus,
2246 4722 2385 4792 quod

809 4825 1016 4895 majore
1057 4822 1123 4877 ad
1165 4820 1587 4892 persuadendum
1643 4825 1913 4872 momento
1953 4816 2181 4868 futurum
2222 4821 2385 4866 esset.

811 4916 947 4984 Ejus
980 4912 1165 4967 orandi
1188 4913 1323 4966 ratio
1353 4912 1470 4981 plus
1497 4910 1654 4964 habet
1685 4909 1872 4963 nativis
1899 4906 2196 4975 elegantize,
2228 4918 2388 4973 quam

812 5006 1114 5059 artiﬁciosa:
1161 5001 1446 5071 diligentia:
1477 5019 1491 5055 :
1521 5000 1685 5054 sicubi
1732 5008 1849 5053 arte
1900 4998 2097 5059 utitur,
2147 4997 2217 5049 ita
2276 5008 2389 5048 rem

813 5103 1114 5164 temperat,
1146 5102 1205 5147 ut
1235 5093 1395 5147 lateat
1419 5106 1630 5160 semper
1650 5091 1931 5144 artiﬁcium
1974 5097 2029 5143 et
2069 5085 2392 5158 quadrandze

816 5186 1073 5241 arationis
1102 5184 1378 5239 industria.
1409 5183 1673 5253 Expedita
1700 5192 1753 5236 et
1786 5182 2081 5252 proﬂuente
2108 5180 2390 5235 verborum

813 5279 967 5348 copia
1014 5278 1278 5347 loquitur,
1326 5274 1701 5330 concinnitatis
1743 5272 2044 5343 leporisquc
2090 5274 2292 5342 plena:
2333 5280 2391 5325 ut

816 5368 1037 5423 mirifice
1057 5368 1157 5437 ipsi
1180 5374 1448 5436 competat
1475 5363 1602 5419 illud
1629 5362 1966 5419 Homericum
1992 5381 2006 5416 :

958 5466 1059 5514 Τοῦ
1082 5469 1165 5513 καὶ
1200 5463 1296 5513 ἀπὸ
1317 5467 1524 5527 γλώττης
1549 5465 1737 5525 μέλιτος
1765 5465 1959 5523 γλυκίων
1980 5461 2077 5524 ῥέεν
2105 5457 2247 5515 αὐδή.

1062 5555 1115 5599 Et
1137 5563 1202 5600 ex
1223 5563 1311 5601 ore
1334 5551 1440 5613 ejus
1458 5547 1608 5599 melle
1629 5549 1821 5598 suavior
1840 5547 2026 5596 ﬂuebat
2045 5558 2159 5597 vox.

808 5635 1204 5707 Perspicuitate
1245 5634 1447 5690 nemini
1489 5631 1767 5695 concedit,
1798 5631 1899 5683 nisi
1944 5627 2169 5683 fortasse
2208 5642 2394 5682 omnes

822 5737 1061 5799 superet.
1092 5723 1405 5780 lnventione
1424 5764 1439 5789 ,
1467 5740 1586 5794 qua:
1610 5740 1677 5778 ex
1708 5721 1900 5791 ingenii
1928 5719 2184 5775 felicitate
2224 5718 2397 5772 nasci-

812 5835 925 5887 tur,
946 5820 1228 5876 universos
1251 5825 1508 5888 quotquot
1529 5816 1787 5871 hactenus
1815 5814 1959 5867 fuere
1985 5822 2226 5867 oratores
2242 5811 2399 5881 longe

821 5922 967 5965 retro
1008 5910 1278 5982 relinquit.
1306 5907 1685 5978 lnexspcctatis
1723 5906 1814 5960 ille
1842 5904 2015 5958 modis
2039 5917 2156 5958 rem
2198 5917 2397 5972 prapo-

824 6002 981 6050 sttam
1010 6003 1199 6068 vertit,
1223 6011 1273 6058 et
1300 6014 1402 6071 qua
1441 5998 1523 6052 via
1561 6012 1715 6051 nemo
1752 5995 2038 6050 divinasset
2080 5993 2147 6048 ad
2179 6007 2398 6063 scopum

2472 1379 2673 1441 tendit;
2704 1379 2859 1447 idque
2888 1381 2956 1435 ita
2986 1382 3151 1438 libere
3180 1386 3530 1456 expediteque
3554 1429 3569 1451 ,
3598 1400 3655 1443 ut
3686 1407 3743 1446 re
3768 1406 4040 1463 perspecta

2473 1480 2624 1537 putes
2648 1485 2767 1525 eum
2795 1473 2936 1526 nulla
2969 1474 3068 1527 alia
3101 1490 3257 1544 posse
3284 1478 3398 1539 via,
3427 1478 3570 1531 nullo
3607 1494 3762 1535 cursu
3812 1485 4043 1538 feliciom

2470 1560 2535 1614 ad
2560 1561 2881 1619 destinatum
2905 1581 3123 1636 pergere
3150 1567 3531 1622 linem.\'erum
3561 1570 3679 1637 quia
3705 1573 3832 1626 nihil
3860 1585 4041 1630 natura

2469 1653 2638 1722 gignit
2684 1657 2825 1709 omni
2867 1673 2932 1711 cx
2978 1669 3127 1727 parte
3165 1659 3495 1728 perfectum,
3541 1660 3670 1713 nihil
3714 1677 3802 1716 ars
3845 1666 4043 1733 profert

2472 1746 2719 1800 omnibus
2743 1748 3043 1803 absolutum
3078 1751 3312 1819 partibus
3354 1761 3407 1805 et
3442 1754 3710 1818 numeris,
3744 1771 3903 1809 unum
3940 1756 4045 1811 for-

2476 1848 2617 1891 tasse
2645 1843 2747 1892 erit
2774 1840 2913 1907 quod
2947 1841 2997 1893 iu
3028 1851 3242 1895 oratore
3270 1851 3454 1896 nostro
3498 1842 3896 1911 reprehendas;
3939 1858 4045 1900 tro-

2475 1946 2663 1998 porum
2702 1946 2892 1999 nempe
2916 1946 2980 1985 ac
3008 1932 3412 1986 similitudinum
3448 1935 3791 2003 frequentiam
3814 1978 3829 2001 ,
3853 1956 3950 2007 qua
3979 1943 4042 1993 ad

2471 2032 2720 2070 nauseam
2758 2034 2925 2086 usque
2966 2020 3222 2072 redundat
3276 2023 3466 2074 oratio.
3507 2022 3610 2076 Sed
3665 2025 3714 2077 id
3763 2028 3873 2080 vitii
3928 2045 4043 2082 tevn

2471 2107 2645 2174 potius
2687 2106 3054 2175 Chrysostomi
3104 2123 3260 2177 quam
3306 2110 3689 2178 Chrysostomo
3736 2115 4044 2181 adscribae,

2468 2198 2895 2268 quandoquidem
2942 2199 3032 2254 ille
3058 2242 3072 2266 ,
3113 2200 3202 2253 tali
3246 2202 3600 2256 concionandi
3639 2218 3836 2272 genere
3882 2222 4039 2269 usus.

2470 2289 2707 2343 omnium
2730 2290 2831 2344 sibi
2855 2291 3156 2346 conciliavit
3184 2291 3654 2360 existimationem,
3681 2304 3883 2364 gratam
3916 2312 4046 2352 coa-

2472 2379 2643 2432 eionis
2693 2378 3276 2447 admurmurationem,
3323 2382 3540 2451 plausus
3609 2396 3931 2455 perpetuos,
3987 2403 4049 2443 ac

2476 2468 2823 2539 plerumque,
2853 2479 2910 2523 ut
2953 2470 3044 2525 ille
3091 2471 3199 2538 ait,
3234 2472 3603 2541 importunus;
3650 2478 3900 2543 aurciquc
3937 2480 4048 2534 oris

2474 2558 2598 2612 ideo
2635 2574 2830 2613 nomen
2870 2561 3093 2613 sortitus
3138 2571 3240 2615 est.
3272 2562 3405 2616 Audi
3459 2563 3674 2619 Snidam
3707 2584 3720 2621 :
3766 2566 4046 2638 Martyrum

2472 2650 2738 2702 conciones
2776 2652 3009 2717 expedita
3036 2662 3083 2703 et
3121 2656 3450 2721 extemporali
3479 2656 3840 2711 declamatione
3873 2661 4051 2712 arimo-

2473 2740 2594 2792 dum
2616 2742 2775 2794 auxit.
2796 2741 2995 2812 Lingua
3012 2742 3122 2811 ejus
3147 2741 3259 2795 Nili
3283 2746 3533 2812 caladupa
3554 2750 3831 2814 proﬂuente
3853 2750 4047 2803 dicendi

2472 2833 2620 2901 copia
2668 2832 2957 2902 superabat.
3002 2832 3163 2887 Nemo
3211 2850 3431 2902 unquam
3483 2839 3633 2889 tantis
3671 2838 3962 2901 eloquentia:
4005 2853 4050 2893 et

2474 2921 2714 2975 ubertatis
2753 2922 2940 2975 divitiis
2989 2932 3259 2976 exornatus
3299 2925 3395 2993 fuit
3421 2940 3438 2977 :
3464 2926 3603 2979 solus
3637 2927 3800 2995 itaque
3842 2944 4049 2981 παι-αυξτ

2475 3012 2797 3079 divinumque
2824 3028 3005 3065 nomen
3032 3014 3139 3064 sine
3172 3011 3283 3065 lube
3306 3014 3509 3066 sortitus
3534 3023 3623 3068 est.
3667 3015 3789 3068 litec
3812 3027 4047 3070 vett-runt

2476 3102 2574 3155 fuit
2627 3103 2866 3155 omnium
2909 3104 3089 3172 opinio
3119 3121 3132 3155 :
3162 3102 3541 3171 quamobrem,
3571 3104 3614 3156 si
3650 3104 3774 3173 quid
3819 3107 3954 3160 meri
3996 3107 4047 3161 in

2478 3201 2623 3246 tanta
2653 3202 2867 3262 tamque
2900 3194 3155 3260 prmclaro
3181 3201 3393 3247 oratore
3424 3195 3774 3261 reperiamus,
3804 3195 3853 3249 id
3883 3200 4045 3260 :etati,

2480 3292 2536 3335 ut
2594 3282 2741 3344 dixi,
2789 3297 2893 3335 non
2951 3281 3333 3352 Chrysostomo
3401 3283 3760 3337 tribuendum.
3830 3284 4052 3339 Solertis

2476 3374 2704 3427 oratoris
2725 3373 2825 3427 fuit
2844 3373 3141 3427 auditorum
3168 3374 3434 3443 ingenium
3464 3375 3684 3429 feliciter
3706 3377 4009 3445 explorasse
4034 3396 4047 3431 τ

2480 3479 2574 3532 per
2601 3464 2687 3518 illa
2717 3464 2912 3533 placuit
2940 3481 3056 3533 qua:
3079 3465 3189 3534 jam
3218 3467 3398 3520 multis
3427 3481 3531 3519 non
3573 3466 3642 3520 ita
3680 3468 3907 3537 placent.
3952 3467 4022 3523 La

2478 3568 2690 3622 crymas
2713 3555 2878 3609 movit
2907 3564 2964 3608 ut
2992 3555 3178 3620 Voluit,
3197 3555 3322 3608 vitia
3346 3555 3666 3619 emendavit,
3696 3556 4049 3610 Cillialiallﬂtll

2478 3645 2637 3699 tidem
2680 3645 2854 3704 auxit.
2900 3645 3113 3699 Judaeos
3148 3655 3204 3699 et
3250 3646 3529 3699 hmreticos
3564 3646 3880 3715 proﬂigavit.
3938 3648 4050 3703 Non

2480 3736 2735 3790 minorem
2764 3737 2905 3790 enim
2947 3737 2997 3790 in
3041 3736 3316 3791 dialectica
3372 3751 3529 3805 quam
3560 3737 3612 3790 iu
3660 3740 3892 3792 oratoria
3943 3750 4057 3791 arto

2477 3828 2735 3883 Joannem
2776 3838 3017 3883 nostrum
3045 3830 3403 3898 comperimus
3451 3844 3465 3881 :
3512 3828 3669 3899 idque
3706 3829 4056 3899 proculdubio

2482 3918 2733 3973 fatebitur
2757 3920 2994 3987 quisquis
3030 3920 3316 3974 conciones
3334 3919 3449 3987 ejus
3473 3929 3658 3973 contra
3678 3922 3966 3975 Anomaios
4004 3932 4056 3974 et

2480 4017 2667 4061 contra
2705 4006 2919 4062 Judatos
2958 4016 3204 4062 accurate
3238 4009 3553 4076 perlegerit,
3598 4007 3687 4060 ubi
3724 4010 4059 4076 argutissime

2484 4100 2756 4168 disputat,
2788 4108 2843 4153 ct
2872 4099 3267 4152 ratiociniorum
3306 4099 3354 4150 vi
3380 4096 3718 4150 adversarios
3757 4099 3824 4149 ita
3864 4108 4055 4167 urget,

2485 4200 2543 4245 ut
2571 4191 2711 4245 nulla
2739 4190 2970 4260 supersit
3008 4191 3135 4258 ipsis
3157 4189 3398 4246 elabendi
3427 4189 3529 4242 via.
3561 4188 3690 4242 Rem
3719 4191 4056 4258 epistularem

2485 4284 2643 4339 etiam
2672 4284 2844 4353 attigit
2868 4283 3316 4353 Chrysostomus,
3348 4280 3582 4334 maxime
3612 4295 3738 4333 vero
3767 4282 3815 4333 in
3847 4282 4053 4340 exsilio,

2484 4374 2607 4427 dum
2638 4374 2909 4428 calamitas
2931 4413 2945 4434 .
2971 4381 3146 4426 uictus
3166 4412 3181 4434 ,
3212 4370 3443 4424 solitudo
3473 4369 3818 4439 prohiberent
3850 4389 3877 4420 a
3905 4371 4061 4423 solito

2484 4465 2839 4519 concionandi
2870 4465 3048 4519 officio
3078 4504 3093 4528 ,
3121 4473 3171 4517 ct
3201 4463 3422 4515 multum
3466 4461 3619 4527 spatii
3662 4470 3804 4513 esset
3838 4461 3901 4512 ad
3932 4461 4062 4512 seri-

2487 4555 2738 4610 bendum.
2774 4556 2964 4609 Pulsus
2993 4556 3169 4623 itaque
3193 4552 3321 4606 sedc
3349 4551 3554 4605 curavit
3580 4558 3725 4603 utne
3756 4552 3923 4617 ipsum
3948 4550 4063 4618 qni-

2490 4648 2610 4702 dem
2638 4649 2802 4701 otium
2832 4654 2974 4699 esset
3002 4647 3249 4698 otiosum.

2492 4777 2520 4848 ᾗ
2556 4778 2597 4832 1.
2622 4807 2684 4817 -
2709 4776 2787 4830 De
2806 4777 2955 4829 variis
2975 4774 3314 4845 Chrysostomi
3350 4773 3695 4832 Editionibns,
3730 4788 3789 4824 ac
3817 4772 4066 4840 prwcipus

2876 4868 2938 4919 de
2979 4865 3183 4922 Ilrnrici
3218 4865 3398 4921 Savilii
3436 4864 3689 4917 Editione.

2567 4981 2706 5038 Nihil
2756 4984 2946 5035 mirum
2994 4981 3097 5035 sia
3126 4976 3430 5049 primordiis
3469 4987 3638 5042 usque
3678 4970 4056 5042 typograpbica

2496 5078 2624 5127 artis
2646 5074 2777 5128 tanti
2796 5072 3028 5127 decimis
3046 5069 3296 5138 operibus
3317 5063 3538 5119 edendis
3559 5063 3706 5116 multi
3728 5063 4057 5116 tiOslttiarilil'.

2497 5165 2787 5219 innumera:
2815 5163 2965 5216 vario
2990 5169 3233 5226 tempore
3258 5154 3636 5224 opusculorum
3666 5152 3781 5220 ejus
3808 5151 4063 5206 editiones

2496 5255 2743 5325 prodiere
2796 5254 2849 5306 in
2897 5250 3042 5304 Italia
3067 5289 3081 5310 .
3119 5246 3321 5311 Gallia,
3364 5244 3683 5306 Germania,
3713 5242 3918 5311 Anglia.
3966 5241 4067 5295 Alii

2494 5347 2752 5417 quasdam
2793 5357 3013 5414 operum
3055 5349 3233 5410 partes
3260 5339 3443 5393 Latine
3492 5345 3693 5390 tantum
3721 5334 3954 5400 dabant,
3982 5332 4067 5385 alii

2497 5438 2716 5503 Grzeoe,
2759 5431 2998 5489 nonnulli
3044 5439 3265 5501 utraque
3315 5430 3509 5499 lingua.
3552 5424 3669 5481 Non
3702 5423 3856 5493 pauci
3906 5421 4066 5477 colic-

2497 5533 2662 5588 ctioni
2708 5542 2932 5598 operum
2982 5526 3219 5580 omnium
3266 5518 3587 5577 adornandm
3628 5530 3843 5571 manum
3892 5514 4063 5568 admo.

2498 5634 2707 5680 verunt.
2739 5622 2795 5678 Si
2823 5621 2912 5691 qui
2937 5634 3064 5673 vero
3088 5628 3211 5673 ante
3226 5616 3491 5673 decimum
3517 5611 3799 5681 septimum
3824 5608 4071 5667 sarculum

2501 5716 2553 5773 id
2576 5711 2808 5784 aggressi
2838 5718 2987 5777 sunt,
3019 5709 3054 5763 ii
3092 5708 3306 5777 Latinas
3328 5714 3531 5761 tanmm
3553 5700 3921 5771 Chrysostomi
3945 5715 4068 5771 opo-

2500 5821 2618 5862 rum
2639 5802 2978 5859 collectioncs
3002 5799 3295 5855 emiserunt
3326 5810 3387 5850 ac
3420 5793 3595 5848 multa
3624 5788 3949 5859 reliquerunt
3995 5794 4064 5847 in-

2506 5905 2643 5953 tacta
2674 5903 2728 5948 et
2772 5892 3127 5947 inobservata.
3164 5889 3361 5945 Verum
3401 5888 3469 5938 de
3512 5883 3576 5937 iis
3606 5882 3853 5938 omnibus
3886 5884 4064 5938 editic-

2505 5991 2659 6049 nibus
2685 5983 2821 6043 alius
2846 5996 2927 6041 est
2953 5983 3102 6039 nobis
3128 5981 3194 6037 ad
3221 5980 3505 6034 dicendum
3531 5974 3846 6031 constitutus
3866 5976 4031 6029 locus.
