4466 6754
435 627 491 669 ικ
1464 607 1526 665 o.
1568 608 1630 664 Β.
1674 607 1762 663 ns
1799 602 2264 665 nonrrsucon
2304 598 2691 665 PMFATIO.
3673 630 3711 675 κ

509 732 730 786 Domum
760 730 918 799 paulo
944 732 1063 795 post
1104 723 1314 780 initium
1354 720 1547 780 decimi
1586 724 1797 795 septimi
1836 725 2016 782 sa:an

434 822 539 877 duo
566 823 665 877 viri
686 816 879 874 sumini
910 814 1100 871 eodem
1127 814 1298 872 ferme
1327 824 1567 885 tempore
1592 832 1707 870 eam
1736 833 2017 889 suscepere

434 910 762 975 provinciam
786 947 799 968 ,
830 912 888 959 nt
928 906 1105 960 omnia
1150 921 1369 977 prorsus
1396 906 1634 976 eiusdem
1676 906 1732 963 S.
1781 908 2015 964 doctoris

435 1016 596 1074 «.pcra
627 1012 786 1050 unum
833 996 885 1050 in
915 1011 1110 1065 corpus
1141 996 1471 1066 rcdigerent;
1522 998 1780 1054 llenricus
1823 1016 2015 1071 nempe

431 1090 658 1145 Savilius
685 1096 736 1139 et
763 1085 961 1140 Fronto
994 1088 1238 1142 Daunus.
1265 1088 1415 1142 Prior
1438 1091 1649 1160 magnis,
1681 1101 1737 1145 ut
1769 1092 1879 1162 ipse
1902 1093 2011 1155 ait,

428 1177 694 1231 sudoribus
721 1185 766 1230 et
806 1177 1061 1231 immensis
1091 1180 1389 1248 sumptibus,
1421 1181 1789 1252 undecumque
1833 1184 1876 1236 si
1908 1199 2011 1252 qua

429 1270 657 1321 lati-rent
701 1268 752 1319 in
794 1269 954 1322 variis
1003 1268 1230 1340 Europa:
1274 1270 1608 1327 hiblimhecis
1658 1273 2010 1344 perquirenda

425 1358 881 1422 exscrilwmla'me
934 1362 1177 1426 cruravit,
1224 1364 1517 1417 amicorum
1573 1365 2011 1433 literatorumqne

428 1462 560 1510 ςιειιη·
582 1450 818 1499 ninnium
842 1465 1001 1517 opera
1033 1468 1157 1505 usus
1187 1464 1239 1508 ct
1269 1454 1543 1506 industria.
1574 1453 1685 1519 Quo
1712 1456 1761 1506 in
1790 1455 2008 1525 negotio,

428 1538 630 1605 inquit,
661 1542 909 1611 egregiam
953 1543 1095 1596 nobis
1131 1554 1173 1595 et
1213 1553 1469 1596 strenuam
1515 1559 1719 1609 operum
1763 1556 2009 1598 intrarunt

434 1628 525 1679 rfri
546 1630 845 1697 anqdieimi
874 1632 1247 1699 doctissimique
1272 1674 1287 1693 ,
1317 1647 1441 1701 quos
1481 1631 1685 1684 honoris
1724 1648 1879 1684 causa
1913 1649 2007 1687 no-

423 1722 596 1783 mino,
648 1722 871 1776 Jurobns
918 1725 1176 1791 Angustus
1219 1721 1499 1790 Tltuanus,
1555 1740 1794 1795 magnum
1844 1725 2012 1778 lumen

425 1809 644 1874 (Iollae,
692 1811 900 1865 Marcus
960 1810 1191 1865 Vt'lscrus
1236 1810 1298 1865 II
1344 1813 1420 1866 vir
1461 1814 1823 1883 Augustanus,
1858 1812 2009 1868 Geor.

430 1900 649 1953 llic/mel
696 1900 1150 1972 Lingclslteimins,
1191 1902 1419 1959 Andreas
1466 1905 1750 1969 Sehottns,
1798 1904 2011 1959 Isauras

423 1990 747 2043 (fusuubonus
771 2033 787 2055 ,
823 1990 1015 2045 Fronto
1039 1992 1261 2047 Ducwns
1284 2034 1299 2058 ,
1331 1994 1497 2049 Janus
1524 1994 1770 2050 Gruterus
1795 2038 1808 2061 ,
1844 1996 2010 2050 David

427 2080 759 2143 limae/tellus,
790 2082 1116 2138 Sebastianus
1146 2083 1455 2156 Tengnagcl,
1483 2096 1529 2139 et
1548 2086 2008 2140 Reverendissimus

424 2169 631 2227 Gabriel
658 2173 1076 2244 Archiepiseopns
1117 2175 1599 2247 Philadelphiensis.
1641 2178 1802 2247 Nefas
1846 2188 2011 2234 tacere

422 2264 486 2317 de
510 2264 831 2318 Serenissimi
854 2263 1007 2335 Regis
1032 2267 1190 2318 nostri
1212 2267 1351 2333 apud
1378 2276 1576 2320 exteros
1604 2266 1871 2336 Principes
1899 2273 2007 2322 cla-

423 2357 634 2409 rissimis
663 2356 870 2425 legatis,
901 2356 1080 2424 quibus
1122 2358 1229 2425 ipse
1258 2357 1351 2409 Itoc
1380 2358 1430 2409 in
1463 2358 1717 2411 mandatis
1765 2359 2005 2425 dederat,

424 2456 476 2499 ut
501 2446 637 2499 ontni
665 2463 763 2515 qua
791 2455 991 2515 possent
1020 2462 1173 2516 opera
1213 2447 1437 2500 studium
1482 2448 1577 2501 hoc
1606 2465 1769 2501 meum
1801 2466 2005 2519 prorno-

421 2546 610 2589 wrent.
657 2533 835 2605 Itaque
890 2536 1109 2589 librariis
1165 2537 1349 2589 nostris
1396 2537 1562 2591 aditus
1617 2542 1897 2610 patefactus
1940 2539 2010 2593 ad

422 2626 767 2680 bibliothecam
796 2625 1007 2696 Regiam
1037 2624 1266 2691 Lnlelia‘,
1296 2624 1610 2693 Palatinam,
1635 2627 2004 2698 Augustanam,

423 2716 723 2771 Bararicam
742 2759 757 2782 ,
783 2716 1065 2772 Caesaream
1085 2760 1098 2782 ,
1129 2730 1335 2772 cazteras
1359 2735 1377 2772 :
1398 2720 1574 2789 quibus
1614 2720 1730 2789 freti
1772 2721 2008 2774 subsidiis

421 2809 548 2862 illud
596 2810 798 2863 domum
839 2808 1114 2862 attulerunt
1155 2811 1536 2864 instrumentum
1561 2852 1576 2877 ,
1609 2812 1750 2864 illaut
1786 2812 2005 2880 supelle-

419 2905 585 2956 rtilem
609 2945 622 2968 ,
656 2920 718 2956 ea:
746 2920 845 2972 qua
870 2903 1011 2956 nobis
1032 2913 1102 2956 est
1131 2903 1236 2957 lucc
1264 2903 1516 2956 adornata
1547 2903 1718 2957 editio.
1743 2904 1857 2971 Qua
1898 2903 2000 2957 uti-

417 3010 523 3057 que
573 2993 807 3048 editione
846 2993 988 3048 nulla
1040 3002 1194 3057 ante,
1224 2993 1362 3062 quod
1407 3009 1596 3064 parum
1637 3002 1723 3047 est
1764 2994 1963 3048 dixisse
1988 3033 2003 3060 ,

419 3087 669 3154 nullaque
694 3094 877 3156 postea
902 3085 1171 3153 cepiosior
1198 3085 1413 3153 prodiit.
1444 3086 1854 3139 Accurationem
1878 3099 2007 3139 vero

420 3177 471 3229 iu
498 3175 820 3245 castigandis
846 3174 1045 3231 σπυρίς
1071 3174 1392 3230 dictionibus
1418 3184 1577 3243 atque
1608 3175 1890 3245 phrasibns
1913 3177 2004 3229 vix

417 3268 613 3323 alicubi
645 3269 902 3335 majorem
930 3265 1321 3335 deprehendas.
1371 3266 1634 3320 Nimirum
1675 3281 1886 3321 summo
1916 3268 2005 3322 ille

417 3360 596 3414 studio
622 3360 744 3414 folia
779 3376 1005 3430 qumque
1030 3361 1215 3431 dispici
1243 3360 1463 3413 curabat
1509 3359 1808 3429 mendaquc
1846 3360 2000 3414 tolli:

415 3469 523 3521 quo
546 3453 738 3506 factum
761 3462 840 3517 ut,
864 3454 906 3507 si
929 3455 1049 3522 quis
1074 3453 1455 3522 longitudinem
1478 3452 1656 3520 operis
1675 3451 2002 3517 consideret,

415 3550 563 3596 certe
595 3557 757 3611 pauca
783 3552 958 3596 errata
988 3544 1217 3611 reperiat
1248 3542 1301 3596 in
1324 3551 1402 3595 tot
1421 3542 1726 3595 orationum
1754 3541 2003 3596 bomilia-

417 3649 645 3703 rumque
674 3634 904 3689 decursu
940 3653 953 3687 :
986 3650 1104 3703 qum
1135 3645 1311 3688 tamen
1348 3642 1525 3687 errata
1556 3633 1647 3687 ille
1682 3632 1735 3686 in
1761 3632 1867 3687 ﬁne
1903 3647 2000 3685 no-

418 3737 588 3779 tarum
638 3741 845 3779 summa
881 3724 1152 3794 diligentia
1196 3723 1372 3792 colligi
1413 3721 1606 3791 cdique
1632 3724 1875 3785 curavit,
1911 3722 1998 3775 ubi

416 3816 499 3869 vel
530 3816 744 3868 minima
766 3829 991 3883 quaeque
1021 3821 1294 3868 notantur.
1326 3811 1491 3865 Notas
1519 3820 1696 3865 autem
1718 3810 1785 3865 ad
1812 3812 2000 3881 singu-

416 3906 496 3959 los
527 3914 699 3959 tomos
738 3904 791 3957 in
823 3904 926 3957 ﬁne
955 3903 1129 3957 octavi
1174 3917 1280 3955 non
1320 3915 1445 3955 suas
1480 3900 1641 3956 modo
1675 3901 1880 3965 edidit,
1903 3900 1999 3956 sed

413 3995 572 4047 etiam
620 3994 849 4047 aliorum
895 3992 1175 4047 doctormn
1220 3991 1763 4059 hominumJoannis
1798 3992 1997 4059 Boisii,

417 4084 643 4138 Andrea:
689 4083 904 4138 Doumei
927 4124 940 4146 ,
973 4082 1185 4137 Ricardi
1225 4081 1553 4145 Montaeutii,
1582 4092 1637 4137 et
1676 4082 1911 4147 llalesii;
1944 4093 2001 4137 ut

413 4175 546 4228 alios
578 4184 777 4228 taceam
808 4174 900 4243 qui
929 4174 1011 4227 vel
1044 4174 1212 4243 rogati
1238 4214 1253 4239 ,
1284 4174 1364 4228 vel
1388 4183 1579 4241 suopte
1603 4174 1826 4230 consilio
1854 4176 1997 4229 varia

414 4270 528 4322 loca
558 4266 838 4320 restituere
866 4266 1039 4319 conati
1062 4306 1076 4327 ,
1107 4266 1173 4318 ab
1204 4267 1321 4333 ipso
1346 4264 1639 4319 alieruntur
1666 4266 1717 4319 in
1740 4266 1997 4321 medium.

416 4360 558 4411 Inter
586 4356 701 4409 illas
724 4371 851 4409 vero
881 4364 1036 4408 notas
1063 4395 1077 4419 ,
1111 4370 1233 4409 meo
1275 4355 1488 4424 quidem
1524 4355 1725 4424 judicio
1746 4398 1760 4420 ,
1788 4359 1998 4412 cretcris

413 4448 661 4501 omnibus
683 4455 936 4514 praestant
962 4444 1125 4514 ipsius
1144 4444 1353 4499 Henrici
1381 4445 1564 4501 Savilii
1592 4448 1812 4515 not;e,si
1841 4463 1995 4517 saga-

412 4540 628 4591 citatem
652 4545 895 4605 spectes,
926 4536 969 4590 si
998 4536 1234 4591 criticatn
1261 4548 1462 4602 artem,
1494 4538 1538 4592 si
1570 4548 1760 4593 czetera
1796 4539 1992 4591 omnia.

415 4630 650 4683 Aliorum
683 4630 879 4697 quippe
904 4636 1079 4693 noue,
1115 4637 1171 4681 ut
1203 4629 1485 4696 plurimum
1518 4630 1662 4684 leves
1689 4638 1845 4692 sunt,
1877 4644 1996 4698 qua:

412 4719 735 4790 coniecturis
764 4728 1012 4773 constant
1058 4720 1342 4788 aliquando
1377 4720 1595 4774 incertis
1633 4730 1687 4775 et
1727 4736 1995 4773 nonnum-

411 4826 569 4879 quam
616 4808 873 4864 futilibus.
923 4807 1188 4861 Saviliaua
1248 4824 1408 4878 porro
1458 4810 1662 4879 editio,
1708 4827 1827 4881 qua:
1875 4821 1997 4866 octo

410 4901 748 4959 densissimis
803 4901 856 4955 in
903 4899 1031 4954 folio
1078 4901 1235 4953 tomis
1272 4909 1519 4967 constat,
1548 4918 1710 4972 opera
1755 4903 1992 4973 Chryso—

409 4994 573 5047 stomi
602 4991 789 5047 Grmce
815 5001 1018 5046 tantum
1048 4989 1449 5061 complectitur.

451 5123 481 5177 ι
517 5122 582 5178 ll.
605 5152 678 5164 -
697 5123 777 5180 De
804 5123 1079 5179 Frontonis
1104 5122 1283 5179 Ducazi
1313 5122 1547 5178 Editione
1595 5134 1644 5178 et
1672 5124 1735 5180 de
1761 5127 1957 5183 Morel-

1116 5219 1276 5277 liana.

481 5373 597 5428 Non
625 5374 885 5430 minorem
910 5374 1231 5444 diligentiam
1259 5373 1311 5427 in
1340 5373 1653 5444 colligendis
1673 5377 1995 5450 Cbrysosto-

409 5464 481 5518 mi
514 5465 767 5534 operibus
809 5466 1049 5522 exhibuit
1096 5465 1297 5521 Fronto
1352 5466 1576 5522 Βυοωυδ
1623 5483 1690 5524 ex
1722 5470 1993 5529 Sucietate

407 5556 539 5612 Jesu
565 5568 800 5625 nostras,
826 5560 917 5631 qui
943 5569 1120 5616 tamen
1145 5601 1162 5628 ,
1194 5560 1408 5630 paribus
1435 5560 1661 5617 fortasse
1705 5564 1991 5624 destitutus

408 5647 747 5707 facultatibus
771 5661 827 5708 et
849 5654 1060 5709 auxiliis
1081 5696 1098 5723 ,
1130 5655 1181 5708 in
1209 5653 1514 5708 diuturnum
1570 5666 1780 5727 tempus
1811 5670 1992 5715 extra-

407 5746 554 5792 ctum
586 5756 722 5811 opus
764 5742 878 5800 fato
927 5754 1326 5816 pra-occupatus
1355 5745 1632 5803 absolvere
1661 5764 1766 5805 non
1795 5753 1985 5822 potuit.

410 5827 606 5883 Verum
652 5848 898 5905 magnam
926 5837 1015 5893 ille
1041 5847 1094 5893 et
1117 5837 1335 5893 arduam
1374 5853 1488 5892 rem
1536 5848 1620 5895 est
1668 5856 1984 5913 aggressus,

408 5926 471 5973 nt
487 5918 692 5975 scilicet
718 5940 825 5979 non
852 5928 1014 5984 modo
1040 5929 1224 5984 Grauia
1252 5928 1614 6000 Chrysostomi
1658 5935 1879 6003 perinde
1907 5947 1989 5992 at-

405 6026 506 6080 que
537 6011 760 6067 Suillius
790 6015 990 6085 ederet,
1042 6022 1132 6076 sed
1170 6022 1329 6077 etiam
1359 6021 1580 6092 singulis
1610 6026 1864 6093 operibus
1888 6029 1984 6088 ho.

2134 719 2402 792 miliisque
2428 721 2669 779 Latinam
2700 724 3195 793 interpretationem
3238 735 3446 796 aptaret
3474 745 3487 781 :
3525 746 3628 801 qua
3658 740 3709 788 in

2130 829 2189 870 re
2233 824 2501 870 strenuam
2550 818 2640 873 ille
2679 831 2896 887 cperam
2953 818 3184 873 navas-it.
3236 818 3708 889 lnterpretationes

2125 906 2324 976 quippe
2376 909 2660 963 tnultnrum
2715 924 2937 979 operum
2974 910 3179 979 jamdiu
3228 911 3398 967 editas
3430 928 3461 967 e
3497 914 3709 983 regione

2126 996 2432 1051 Graecorum
2464 1001 2658 1068 posuit,
2692 1000 2786 1055 sed
2817 1000 3125 1056 emendatas
3153 1010 3207 1057 et
3225 1002 3290 1056 ad
3318 1002 3477 1058 ﬁdem
3507 1003 3703 1059 Grtrczs

2126 1088 2387 1142 orationis
2436 1091 2800 1144 concinnatus.
2831 1092 2884 1145 Si
2913 1108 3015 1161 qua
3048 1108 3175 1147 vero
3198 1091 3418 1148 offendit
3467 1094 3701 1150 nonduin

2128 1179 2312 1233 Latine
2342 1181 2596 1234 translata
2624 1196 2784 1249 opera
2820 1182 2995 1252 (erant
3022 1193 3199 1236 autem
3231 1184 3535 1253 hujusntodi
3568 1186 3707 1241 bene

2122 1270 2346 1339 multa),
2376 1270 2492 1325 haec
2532 1270 2621 1325 ille
2665 1271 2731 1325 de
2758 1270 2944 1326 Graeco
2973 1274 3253 1337 convertit,
3277 1283 3332 1328 et
3357 1276 3571 1344 quidem
3602 1284 3709 1332 tam

2123 1370 2372 1415 accumte
2402 1371 2457 1415 et
2495 1360 2799 1432 eleganter,
2832 1372 2888 1416 ut
2938 1363 3076 1416 inter
3126 1365 3358 1433 optimos
3387 1364 3708 1435 interpretes

2118 1451 2238 1520 jure
2260 1464 2593 1508 numeretur.
2624 1452 2876 1523 Ejusdem
2921 1469 3082 1525 porro
3108 1455 3333 1511 erudita:
3374 1466 3512 1511 notte
3547 1473 3705 1528 repeo

2121 1543 2331 1598 riuntur
2364 1545 2415 1598 in
2447 1544 2551 1600 ﬁne
2585 1547 2763 1615 primi,
2797 1548 2968 1615 quarti
3011 1558 3065 1602 et
3107 1550 3241 1603 sexti
3297 1550 3449 1605 tomi.
3490 1549 3709 1607 Similes

2122 1631 2262 1683 haud
2306 1631 2466 1686 dubie
2514 1642 2666 1686 notas
2718 1633 2770 1688 in
2836 1635 3079 1703 quintum
3119 1646 3320 1692 tomum
3364 1640 3705 1706 destinabat;

2120 1729 2173 1771 at
2209 1720 2313 1775 vita
2363 1720 2573 1777 functus
2621 1738 2734 1778 rem
2792 1725 3049 1795 perlicere
3094 1728 3347 1798 nequivit.
3402 1730 3704 1787 Editionem

2121 1808 2533 1867 Frontonianam
2579 1814 2776 1884 incepit
2806 1816 3123 1874 Fredericus
3158 1818 3429 1882 Morellns,
3480 1822 3708 1877 absolvit

2119 1899 2374 1956 Claudius
2404 1917 2496 1957 sex
2531 1904 2581 1957 in
2622 1904 2751 1959 folio
2800 1908 2993 1973 tomis;
3036 1910 3126 1980 qui
3169 1910 3227 1966 S.
3282 1911 3526 1969 Doctoris
3556 1913 3706 1983 Opu-

2121 1992 2271 2045 scula
2332 2001 2388 2047 et
2434 1992 2862 2052 Commentarios
2928 1999 2981 2053 in
3058 2000 3221 2056 Vetus
3303 2002 3705 2059 Testamentum

2115 2085 2566 2154 Compleetuutur.
2617 2087 2819 2143 Deinde
2866 2104 3007 2145 anno
3062 2092 3202 2147 1655
3256 2094 3395 2149 idem
3447 2096 3698 2151 Claudius

2116 2174 2368 2229 Morellns
2404 2176 2838 2234 Commentarios
2867 2180 2918 2233 in
2945 2179 3150 2236 Novum
3176 2181 3575 2239 Testamentum
3607 2200 3699 2240 sex

2118 2265 2168 2317 iu
2225 2266 2353 2319 folio
2401 2268 2559 2321 tomis
2605 2270 2671 2322 ad
2723 2269 2885 2324 lidem
2943 2271 3387 2328 Commelinianze
3449 2274 3702 2330 editionis

2116 2352 2313 2407 emisit.
2356 2355 2514 2409 Anno
2552 2365 2730 2410 autem
2761 2359 2900 2414 1656
2931 2362 3186 2431 integram
3240 2380 3431 2419 novam
3473 2366 3707 2438 Chryse.

2118 2443 2281 2496 stumi
2326 2457 2551 2512 cperunt
2602 2445 2893 2501 editionem
2946 2448 3228 2505 duodecim
3278 2452 3330 2506 in
3373 2453 3499 2508 lolio
3548 2456 3708 2508 tumis

2115 2541 2275 2604 atque
2343 2533 2592 2590 undecim
2639 2537 2998 2595 voluminibus
3055 2541 3318 2610 publicam
3374 2542 3516 2598 fecit.
3582 2544 3704 2600 [hec

2116 2643 2276 2697 porro
2308 2640 2577 2699 postrema
2611 2632 2777 2688 editio
2817 2634 3001 2689 charta
3032 2636 3210 2691 minus
3245 2637 3472 2707 eleganti
3505 2637 3699 2693 instru-

2113 2729 2219 2783 cta,
2244 2720 2339 2776 sed
2368 2732 2554 2777 contra
2578 2738 2737 2792 quam
2770 2724 2928 2794 vulgo
2957 2726 3195 2780 creditur
3221 2728 3554 2782 emendatior
3580 2738 3663 2783 est
3686 2745 3700 2791 ;

2113 2824 2239 2864 usus
2280 2811 2463 2881 Operis
2510 2813 2824 2869 melioribus
2874 2815 3128 2871 Morellus
3190 2817 3402 2882 menda,
3444 2827 3699 2889 quantum

2112 2900 2315 2968 potuit,
2350 2917 2417 2955 ex
2468 2902 2567 2956 hac
2598 2914 2864 2971 postrema
2897 2905 3133 2960 editione
3186 2907 3442 2971 sustulit;
3495 2917 3605 2961 tum
3636 2923 3699 2962 ea

2110 3006 2229 3059 qua:
2252 2991 2453 3046 Fronto
2482 2992 2706 3047 Ducwus
2733 2994 2785 3047 in
2820 2996 2961 3049 notis
3011 2996 3166 3064 primi
3192 3006 3246 3051 et
3274 2998 3447 3067 quarti
3476 2999 3601 3052 tomi
3626 2999 3699 3053 iro

2110 3080 2344 3148 repsisse
2385 3092 2683 3147 monuerat,
2719 3094 2827 3137 tum
2868 3084 3027 3138 etiam
3078 3086 3180 3139 alia
3210 3101 3328 3156 qua:
3349 3088 3703 3143 occurrebant

2113 3171 2133 3238 (
2161 3182 2417 3239 expertus
2450 3172 2723 3243 loquor),
2758 3176 2990 3231 maxime
3015 3192 3144 3231 vero
3174 3177 3240 3232 de
3280 3180 3473 3247 primo,
3508 3188 3698 3250 quarto

2111 3269 2165 3314 et
2192 3262 2379 3331 quinto
2406 3273 2569 3317 tonio.
2596 3264 2651 3319 In
2695 3265 2841 3319 hisce
2882 3281 3009 3320 vero
3036 3266 3244 3322 duobus
3269 3279 3548 3337 postremo
3579 3286 3694 3325 me-

2110 3353 2328 3407 moratis
2359 3356 2517 3407 tomis
2542 3355 2784 3425 quaidam
2811 3355 3077 3427 Opuscula
3105 3358 3494 3429 (lbrysostomi,
3519 3376 3636 3429 qua:
3663 3376 3692 3413 a

2109 3443 2278 3511 prima
2309 3443 2549 3510 aberant,
2600 3446 2652 3499 in
2696 3446 2801 3501 ﬁne
2848 3447 3027 3502 addita
3057 3458 3202 3503 sunt.
3247 3448 3443 3504 Verum
3490 3452 3541 3505 in
3590 3451 3692 3507 hoc

2108 3536 2349 3604 peccavit
2411 3534 2661 3592 Claudius
2728 3538 3015 3605 Morellus,
3076 3541 3220 3611 quod
3280 3551 3433 3596 notas
3488 3543 3538 3597 in
3590 3546 3697 3599 line

2106 3627 2279 3693 quarti
2312 3627 2440 3681 tomi
2484 3643 2513 3681 a
2545 3627 2818 3683 Frontone
2864 3630 3058 3684 Ducaeo
3099 3632 3334 3699 positas,
3386 3642 3442 3687 et
3489 3634 3696 3703 aliquot

2105 3712 2372 3782 Opuseula
2401 3715 2787 3787 Chrysostomi,
2830 3718 3016 3773 Latine
3056 3728 3262 3774 tantum
3302 3721 3487 3791 quinto
3537 3730 3685 3777 tomo

2104 3819 2253 3871 cusa,
2283 3806 2334 3858 in
2384 3805 2484 3862 hac
2526 3808 2809 3875 posteriori
2857 3808 3091 3864 editione
3127 3811 3424 3865 sustulerit.
3468 3811 3694 3878 Eodem,

2106 3895 2181 3949 uti
2238 3895 2468 3951 diximus
2501 3937 2517 3963 ,
2563 3896 2731 3952 ferme
2778 3909 3018 3970 tempore
3071 3898 3332 3955 llenriens
3376 3901 3606 3956 Savilius
3642 3911 3697 3957 et

2107 3983 2308 4039 Fronto
2337 3984 2584 4053 Duczeus,
2616 3987 2806 4042 Etona:
2846 3989 2953 4053 ille,
3002 3990 3090 4045 hic
3128 3989 3386 4055 Lutetiae,
3428 3991 3690 4047 editiones

2106 4090 2331 4144 operum
2386 4076 2627 4131 omnium
2689 4077 3053 4148 Chrysostomi
3104 4078 3380 4148 parabant.
3436 4079 3697 4149 Quodque

2106 4166 2389 4220 observata
2439 4165 2655 4235 dignum
2707 4167 2972 4234 videatur,
3014 4169 3139 4223 licet
3178 4168 3368 4224 eodem
3415 4169 3467 4223 in
3520 4170 3695 4225 stadio

2106 4260 2264 4311 ambo
2293 4266 2590 4320 currerent,
2623 4258 2745 4313 licet
2772 4268 2878 4311 tam
2906 4259 3079 4313 varias
3104 4274 3379 4314 sacrorum
3408 4260 3695 4329 religiones

2105 4349 2264 4404 ambo
2309 4352 2732 4420 profiterentur,
2780 4351 2923 4404 nulla
2970 4350 3184 4405 invidia:
3212 4391 3226 4416 ,
3285 4352 3495 4406 adversi
3532 4352 3693 4407 animi

2105 4442 2247 4496 nulla
2299 4450 2425 4496 nota
2473 4442 2858 4510 comparebat:
2889 4442 3166 4511 quinimo,
3214 4451 3275 4496 ut
3314 4456 3432 4496 sese
3477 4443 3691 4497 occasio

2102 4532 2400 4598 oll‘erebat,
2458 4530 2656 4585 dabant
2694 4547 2883 4601 operas
2941 4540 3186 4599 mutuas,
3239 4547 3528 4603 numquam
3574 4533 3693 4587 sine

2103 4622 2323 4677 honoris
2366 4620 2831 4691 observantiaeque
2859 4621 3249 4691 signiﬁcatione
3289 4622 3427 4677 alter
3465 4622 3691 4678 alterum

2104 4714 2479 4781 memorabat,
2535 4722 2724 4769 contra
2750 4729 2909 4783 quam
2956 4729 3058 4768 usu
3095 4716 3311 4770 evenire
3360 4716 3517 4770 solet.
3560 4715 3692 4770 Nam

2104 4806 2345 4875 plerique
2371 4819 2491 4859 cum
2522 4804 2662 4859 idem
2693 4820 2827 4873 Opus
2855 4804 3014 4859 simul
3042 4806 3442 4875 aggrediuntur,
3465 4821 3695 4876 prmser-

2108 4897 2203 4949 tim
2234 4911 2356 4950 cum
2386 4895 2671 4949 intervenit
2696 4894 3014 4964 religionum
3040 4896 3351 4961 discrimen,
3382 4896 3688 4968 frequenter

2102 5001 2224 5041 sese
2270 4984 2569 5039 maledictis
2597 4993 2651 5041 et
2679 4986 2935 5040 conviciis
2966 4986 3238 5054 lacerant,
3278 4988 3514 5059 nihilque
3542 4988 3684 5042 aliud

2102 5090 2293 5130 curare
2339 5074 2586 5129 videntur
2648 5090 2807 5145 quam
2871 5083 2930 5129 ut
2978 5076 3213 5131 auctoris
3272 5077 3483 5133 adversi
3532 5076 3691 5130 fama;

2100 5166 2403 5228 detrahant.
2446 5180 2509 5221 ac
2559 5167 2603 5220 si
2649 5167 2700 5221 id
2746 5168 2888 5237 quod
2932 5169 3020 5223 alii
3071 5169 3369 5224 detrahitur
3408 5170 3689 5225 existima-

2102 5259 2282 5323 tionis,
2315 5256 2487 5311 laudis
2513 5259 2743 5326 propria:
2789 5257 2929 5314 foret
2954 5259 3214 5315 accessio.
3262 5259 3507 5313 Livorem
3537 5274 3689 5313 eam-

2099 5350 2219 5403 dem
2249 5348 2612 5402 exercentium
2655 5358 2825 5404 artem
2882 5351 2959 5405 sie
3014 5351 3271 5419 exprimit
3319 5348 3448 5403 illud
3503 5349 3688 5404 tritum

2100 5437 2311 5492 Hesiodi
2346 5457 2357 5490 :

2264 5581 2363 5627 Καὶ
2378 5584 2603 5647 κεραμεὺς
2631 5592 2822 5647 κεραμεῖ
2846 5585 2991 5631 κοτέει
3015 5586 3097 5630 καὶ
3123 5586 3303 5631 τέκτονι
3328 5586 3521 5647 thros,

2273 5672 2373 5720 Καὶ
2396 5676 2579 5735 πτωχὸς
2605 5678 2775 5735 πτωχῷ
2802 5676 2973 5737 φθονέει
3002 5678 3082 5721 καί
3100 5669 3265 5731 ἀοιδός
3282 5673 3449 5739 ἀοιδῷ.

2252 5761 2303 5805 Et
2325 5755 2503 5820 ﬁgulus
2523 5756 2723 5820 ﬁgulum
2746 5759 2995 5820 impugnat
3019 5766 3071 5807 et
3096 5758 3281 5808 fabrum
3312 5759 3467 5817 faber.

2251 5843 2303 5885 Et
2320 5838 2571 5887 mendicus
2592 5838 2813 5888 mendico
2836 5839 3021 5889 invidet
3043 5848 3095 5890 et
3117 5849 3282 5890 cantor
3304 5842 3507 5892 cantari.

2099 5936 2150 5992 ld
2185 5954 2310 5993 vero
2340 5941 2569 5996 maxime
2614 5940 2701 5995 illa
2727 5940 3014 5997 Frmxtonis
3061 5953 3110 5996 et
3142 5944 3320 5998 Savilii
3366 5952 3681 6013 tempestate

2097 6028 2234 6087 inter
2273 6029 2458 6090 doctos
2506 6032 2556 6088 in
2609 6050 2705 6088 usu
2749 6044 2861 6086 erat
2892 6076 2905 6093 ,
2964 6037 3053 6104 qui
3104 6033 3185 6087 rel
3236 6034 3501 6090 levissima
3557 6037 3681 6089 data
