4466 6704
774 687 829 724 χι
2011 652 2075 709 D.
2115 653 2177 709 Β.
2218 650 2309 708 DE
2348 648 2814 707 MONTFAUCON
3962 658 4036 703 XII

769 786 1051 847 occasione
1084 798 1203 836 sese
1223 774 1455 832 dicteiiis
1480 782 1533 827 et
1558 770 1850 826 maledictis
1877 766 2191 823 onerabant.
2222 766 2341 835 Quo

777 885 947 955 magis
985 875 1282 938 mstimandi
1333 874 1407 928 illi
1438 870 1546 925 duo
1567 869 1689 934 viri,
1735 867 1823 937 qui
1854 864 2059 921 meritis
2084 878 2181 933 pro
2221 862 2343 917 tali-

774 978 892 1042 bus,
934 985 989 1031 et
1018 988 1112 1043 pro
1140 981 1356 1025 strenue
1384 972 1572 1019 navata
1603 963 1655 1015 in
1696 960 1774 1014 rei
1823 957 2077 1012 literaria:
2103 968 2345 1011 commo-

770 1068 899 1122 dum
928 1078 1110 1134 Opera,
1140 1056 1427 1114 immortali
1466 1062 1613 1109 certe
1658 1050 1803 1120 digni
1834 1048 1987 1102 laude
2010 1055 2155 1101 sunt.

837 1156 917 1210 Ne
945 1152 1175 1213 mireris,
1205 1149 1411 1212 Lector,
1443 1160 1529 1200 me
1558 1141 1757 1196 tamdiu
1779 1155 1964 1195 eorum
1990 1136 2234 1193 laudibus
2261 1149 2352 1189 ce-

770 1243 1037 1302 lebrandis
1089 1242 1341 1297 insistere
1398 1256 1411 1291 :
1464 1251 1625 1300 nam,
1695 1241 2048 1302 praeterquam
2102 1226 2244 1298 quod
2282 1224 2350 1279 de

773 1336 907 1391 urbe
954 1333 1191 1388 literario
1224 1340 1329 1384 tam
1362 1329 1497 1382 bene
1545 1325 1717 1379 meriti
1744 1332 1887 1386 sunt,
1916 1322 2019 1375 hoc
2037 1336 2102 1373 ex
2134 1319 2343 1371 illorum

771 1424 1057 1479 sudoribus
1095 1423 1148 1475 in
1202 1418 1537 1474 commodum
1568 1429 1748 1468 meum
1778 1410 2115 1475 redundavit,
2144 1418 2203 1461 ut
2236 1417 2355 1476 post

775 1522 951 1568 tantos
974 1526 1158 1566 eorum
1187 1509 1396 1563 labores
1425 1505 1599 1559 minus
1633 1500 1980 1556 laborandum
2018 1499 2145 1552 mihi
2173 1498 2350 1551 fuerit.

773 1604 969 1677 Ecquis
996 1604 1083 1658 ille
1108 1601 1317 1656 futurus
1340 1609 1455 1654 crat
1482 1597 1653 1661 labor,
1679 1595 1723 1649 si
1749 1594 1947 1649 nullam
1975 1591 2202 1647 Savilius
2241 1588 2352 1643 col-

773 1697 996 1768 lgendis
1023 1692 1479 1761 emendandisque
1498 1689 1870 1759 Cbrysostomi
1898 1683 2109 1753 scriptis
2139 1696 2358 1750 operam

772 1787 1079 1860 posuisset?
1125 1787 1280 1857 quis,
1313 1785 1357 1839 si
1384 1783 1586 1837 Fronto
1627 1781 1853 1833 Duczeus
1902 1791 2085 1846 parem
2134 1789 2355 1844 aggres-

775 1895 866 1934 sus
895 1872 1536 1948 operam,convertendis
1561 1869 1721 1924 etiam
1774 1867 1964 1921 Latine
2013 1865 2072 1920 S.
2116 1863 2360 1919 Doctoris

776 1970 1030 2040 operibus
1077 1981 1185 2020 non
1226 1960 1594 2018 incubuisset?
1638 1958 1848 2025 Quanta
1887 1956 2059 2011 moles
2088 1956 2361 2011 collectio-

774 2060 896 2128 nis,
945 2064 1142 2128 quanta
1200 2050 1659 2123 interpretationis
1707 2045 1882 2103 futura
1939 2057 2098 2111 erat,
2143 2043 2361 2113 quando

774 2152 937 2206 etiam
967 2157 1088 2220 post
1114 2146 1339 2203 emissas
1384 2143 1504 2197 illas
1534 2140 1690 2195 laude
1727 2137 2066 2206 dignissimas
2091 2133 2354 2187 editiones

777 2252 979 2295 tantum
1007 2237 1217 2294 sudoris
1241 2235 1483 2289 relictum
1509 2230 1631 2285 est?
1657 2226 1879 2281 Infinita:
1910 2233 2056 2278 certe
2078 2230 2161 2276 est
2180 2235 2360 2290 operae

776 2341 856 2386 tot
882 2329 1094 2385 codices
1146 2323 1539 2391 manuscriptos
1588 2316 1872 2380 evolvere,
1919 2312 2010 2368 ubi
2065 2312 2361 2366 innumerae

784 2436 920 2490 pene
949 2415 1316 2489 Cbrysostomi
1341 2411 1577 2466 homilia:
1606 2415 1912 2471 occurrunt,
1950 2404 2109 2473 idque
2137 2403 2191 2456 in
2245 2416 2363 2455 om-

778 2513 939 2571 nibus
962 2508 1299 2567 bibliothecis
1330 2506 1514 2560 Grmca
1556 2503 1643 2555 illa
1673 2498 2006 2569 supellectile
2049 2496 2321 2549 instructis
2346 2535 2360 2559 ,

777 2605 867 2661 ubi
896 2600 1158 2657 auecdota
1180 2599 1316 2653 bene
1344 2595 1508 2649 multa
1537 2602 1748 2648 exstant
1786 2607 1799 2642 :
1839 2606 1944 2643 non
1993 2588 2234 2652 minoris,
2265 2586 2363 2640 nisi

777 2694 995 2765 majoris
1037 2691 1199 2746 etiam
1236 2731 1250 2754 ,
1299 2686 1478 2757 spuria
1540 2700 1570 2739 a
1638 2682 1906 2753 germanis
1956 2680 2359 2740 internoscere,

777 2788 973 2842 emissa
1001 2800 1031 2838 a
1064 2798 1173 2838 non
1220 2779 1452 2843 emissis,
1486 2792 1607 2831 cum
1651 2774 1897 2827 videlicet
1930 2770 2183 2840 principia
2240 2782 2363 2822 mu-

783 2888 964 2933 tantur
993 2875 1268 2930 :sinceras
1289 2870 1551 2925 lectiones
1580 2864 1837 2933 deligere,
1884 2860 2099 2932 quando
2131 2859 2367 2913 maxime

782 2977 863 3020 tot
912 2972 1038 3019 sunt
1077 2961 1356 3024 Ilomiliaa,
1388 2966 1465 3011 tot
1491 2952 1900 3015 Commentarii,
1953 2958 2032 3004 tot
2057 2949 2320 3018 Opuscula
2345 2989 2360 3013 ,

785 3070 842 3112 ut
863 3098 879 3123 ,
909 3054 1050 3126 quod
1075 3054 1186 3123 jam
1208 3052 1351 3116 dixi,
1380 3047 1701 3104 bibliotheca
1725 3044 1902 3115 potius
1924 3057 2082 3114 quam
2114 3042 2249 3096 liber
2276 3050 2367 3095 aut

783 3163 919 3217 opus
942 3144 1122 3200 vocari
1148 3149 1473 3197 mereantur.

783 3240 811 3308 ἓ
850 3235 935 3292 lll.
959 3264 1030 3275 —
1048 3232 1129 3287 De
1152 3239 1383 3300 suscepto
1411 3243 1553 3281 nove
1574 3225 1817 3297 paranda
1843 3222 2099 3277 Editionis
2124 3220 2356 3277 consilio.

852 3327 920 3384 Ut
946 3332 1124 3380 autem
1150 3323 1328 3392 aliquo
1362 3318 1550 3375 ordine
1593 3317 1718 3387 quid
1750 3316 1802 3370 in
1837 3315 1940 3369 hac
1966 3312 2204 3368 editione
2250 3310 2361 3381 jam

782 3417 1099 3488 prmstitum,
1123 3412 1250 3483 quid
1278 3413 1331 3466 in
1353 3408 1700 3479 sequentibus
1726 3406 1885 3460 tomis
1902 3402 2264 3473 prtestandum
2290 3400 2362 3454 sit

782 3519 1119 3569 enarremus,
1147 3516 1262 3556 rem
1288 3500 1356 3553 ab
1381 3514 1485 3553 ovo
1523 3506 1767 3566 repetere
1795 3510 1892 3564 par
1918 3494 2096 3547 fuerit.
2129 3491 2210 3545 Ab
2258 3505 2358 3543 an-

783 3600 867 3652 nis
905 3596 1025 3665 plus
1082 3592 1295 3661 triginta
1340 3588 1444 3642 hoc
1487 3585 1865 3642 Prazfectorum
1912 3581 2154 3637 Sodalitii
2200 3578 2370 3633 nostri

784 3685 1064 3742 consilium
1117 3682 1329 3746 fuerat,
1382 3688 1460 3745 ut,
1491 3684 1613 3747 post
1656 3684 1924 3744 peractam
1952 3674 2009 3727 S.
2044 3669 2366 3740 Augustini,

786 3782 927 3834 inter
945 3776 1195 3831 doctores
1224 3773 1443 3829 Latinos
1474 3770 1748 3840 principis,
1780 3768 2091 3830 editionem,
2118 3764 2369 3834 operibus

784 3865 1186 3940 Chrysostomi,
1217 3864 1307 3933 qui
1333 3877 1521 3931 parem
1568 3861 1621 3913 in
1659 3859 1898 3913 Ecclesia
1918 3856 2105 3912 Graeca
2144 3863 2370 3922 occupat

784 3958 1094 4028 dignitatem
1122 3994 1138 4019 ,
1194 3966 1411 4007 manmn
1457 3949 1885 4003 admoveremus.
1919 3946 2158 3999 Priscum
2189 3943 2369 3997 consi-

789 4050 920 4103 lium
961 4044 1244 4114 intcrcepit
1272 4042 1338 4096 ad
1387 4041 1587 4110 aliquot
1633 4052 1802 4092 annos
1853 4036 2130 4091 Athanasii
2171 4034 2369 4097 editio,

783 4153 903 4208 qua:
937 4149 1079 4189 anno
1124 4132 1262 4187 1698
1317 4133 1490 4186 lucem
1538 4128 1691 4183 vidit.
1743 4126 1947 4181 Deinde
2010 4139 2139 4180 vero
2178 4137 2373 4177 nervos

787 4242 977 4287 omnes
1002 4224 1279 4280 industriae
1317 4219 1692 4276 contendimus
1715 4227 1775 4272 ut
1811 4215 2181 4287 Chrysostomi
2212 4228 2371 4282 opera

784 4324 1001 4375 demum
1053 4316 1107 4368 in
1169 4311 1441 4382 publicum
1487 4307 1783 4379 prodirent.
1816 4308 2089 4374 Apparatu
2140 4303 2372 4357 maximo

785 4420 899 4466 erat
921 4421 1087 4477 opus:
1108 4400 1393 4458 luSIranda:
1415 4399 1773 4461 bibliothecae,
1792 4398 1965 4450 omnis
1990 4396 2219 4466 denique
2238 4394 2372 4465 lapis

792 4500 1109 4559 movendus.
1162 4497 1270 4551 lter
1310 4494 1549 4549 Italicum
1598 4506 1739 4545 anno
1778 4489 1914 4543 1693
1957 4488 2195 4557 suscepi,
2227 4486 2366 4540 unde

790 4593 956 4651 multa
984 4606 1050 4646 ex
1076 4587 1334 4645 Romanis
1363 4584 1550 4637 aliisve
1572 4582 1765 4635 Italicis
1797 4578 2132 4634 bibliothecis
2170 4580 2369 4632 corrasi

789 4682 859 4739 ad
887 4682 989 4737 hoc
1017 4681 1313 4735 institutum
1344 4673 1663 4744 pertinentia
1693 4688 1707 4723 :
1741 4670 1910 4723 tribus
1941 4668 2143 4722 exactis
2174 4669 2228 4720 in
2270 4668 2372 4720 hoc

783 4778 983 4831 itinere
1010 4771 1197 4837 annis,
1230 4777 1351 4839 post
1388 4766 1619 4821 reditum
1672 4764 1724 4818 id
1775 4778 1805 4816 a
1862 4762 2130 4816 Prwfcctis
2178 4760 2373 4813 nostris

790 4863 1100 4935 impetravi,
1128 4871 1185 4915 ut
1214 4876 1279 4915 ex
1319 4856 1591 4912 sodalibus
1616 4864 1844 4925 quatuor
1870 4853 1957 4906 vel
1986 4852 2218 4921 quinque
2247 4864 2374 4903 con-

790 4952 1027 5010 ferendis
1054 4950 1497 5006 bibliothecarum
1543 4947 1743 5017 llegim,
1774 4944 2096 5000 Colbertinae
2122 4954 2177 4997 et
2223 4940 2373 4995 Cois~

789 5044 1001 5098 liniaua:
1013 5040 1279 5095 codicibus
1298 5048 1551 5109 perpetuo
1571 5037 1954 5099 incumberent,
1972 5034 2113 5089 etsic
2137 5048 2237 5103 ope
2259 5047 2371 5085 ma-

787 5136 1178 5206 nuscriptorum
1200 5133 1372 5201 prisco
1400 5132 1556 5186 nitori
1587 5130 1791 5185 restitui
1820 5128 2228 5198 Chrysostomus
2247 5140 2371 5195 pos-

789 5238 894 5284 set.
909 5228 991 5282 Ab
1005 5227 1159 5281 annis
1177 5226 1334 5293 igitur
1350 5225 1625 5291 plusquam
1652 5221 1904 5276 tredecim
1925 5220 1973 5272 id
1988 5217 2229 5288 agunt,id
2253 5234 2370 5286 pro-

790 5328 1097 5384 inovent,ut
1125 5314 1607 5383 manuscriptorum
1639 5313 1809 5365 varias
1830 5311 2081 5365 lectiones
2102 5310 2368 5378 colligant.

786 5414 864 5468 Ne
895 5426 1022 5465 vero
1055 5425 1166 5464 rem
1196 5407 1405 5477 longius
1436 5422 1593 5475 quam
1631 5419 1723 5472 par
1754 5404 1821 5456 sit
1850 5411 2143 5456 extractam
2175 5412 2325 5470 putes
2351 5443 2367 5467 ,

785 5505 1007 5558 codices
1035 5502 1153 5570 plus
1182 5515 1339 5570 quam
1388 5506 1655 5551 trecentos
1680 5494 2041 5563 Chrysostomi
2072 5509 2291 5561 operum
2316 5494 2366 5546 iu

788 5594 939 5647 hisce
974 5590 1315 5645 bibliothecis
1348 5599 1560 5644 exstare
1601 5596 1804 5639 certum
1871 5583 2099 5645 habeas,
2132 5598 2264 5652 quos
2304 5583 2369 5637 de

784 5685 950 5740 verbo
988 5682 1054 5737 ad
1086 5682 1303 5735 verbum
1330 5680 1574 5735 conferre
1600 5695 1706 5731 non
1739 5678 1852 5731 sine
1873 5675 2124 5729 diuturno
2146 5685 2197 5729 ct
2226 5677 2366 5728 mul—

788 5786 961 5828 torum
987 5787 1247 5828 annorum
1280 5772 1473 5825 sudore
1499 5778 1790 5840 potuerunt
1818 5767 1906 5838 qui
1939 5765 2005 5819 ad
2043 5765 2092 5818 id
2127 5766 2363 5819 muneris

786 5864 974 5918 delectt
1034 5875 1175 5917 sunt.
1221 5863 1435 5918 lutcrim
1466 5876 1592 5915 vero
1616 5876 1737 5914 cum
1774 5859 1959 5913 amicis
1986 5858 2034 5911 id
2066 5873 2158 5926 per
2188 5858 2368 5911 literas

786 5956 890 6021 egi,
917 5962 975 6007 ut
1001 5956 1161 6024 siqua
1192 5958 1240 6009 in
1276 5956 1478 6025 Anglia:
1506 5963 1560 6007 et
1594 5952 1893 6008 Germania:
1918 5951 2254 6005 bibliothecis
2300 5949 2365 6001 ad

785 6062 903 6106 eam
937 6062 1048 6104 rem
1085 6056 1375 6117 opportuna
1408 6053 1622 6113 essent,
1670 6061 1728 6099 ea
1763 6043 1914 6099 nobis
1946 6043 2365 6097 transmitteren-

2458 772 2578 829 tur;
2608 764 2750 835 quod
2790 781 2821 820 a
2881 764 3009 819 viris
3060 763 3234 820 doctis
3276 763 3569 834 amicisque
3618 758 4038 818 cumulatissime

2457 856 2754 925 praestitum
2789 865 2872 911 est
2899 897 2914 921 ,
2947 865 3005 910 ut
3031 854 3271 925 pluribus
3315 853 3523 909 dicetur
3551 853 3709 910 infra.
3739 852 3834 908 llis
3859 860 4039 905 autem

2460 947 2691 1016 peraCIis
2722 947 3013 1003 editionem
3056 948 3129 1001 ita
3170 946 3408 1018 aggressi
3456 961 3662 1015 sumus,
3708 955 3765 1001 ut
3809 944 4041 1000 minuta-

2460 1039 2553 1093 tim
2595 1054 2718 1092 mox
2745 1039 3099 1093 describctur.

2462 1173 2491 1245 §
2536 1173 2626 1228 ιν.
2653 1204 2725 1213 -
2746 1173 2823 1227 De
2850 1176 3142 1227 restauratis
3176 1174 3476 1244 quibusdam
3526 1173 3764 1228 Homiliis
3793 1183 3838 1227 et
3867 1172 4039 1241 Opus-

2546 1265 2672 1317 culis
2701 1264 2913 1316 antehac
2959 1262 3141 1315 hiulcis
3160 1274 3206 1316 et
3244 1281 3431 1334 magna
3473 1266 3551 1318 sui
3582 1274 3722 1333 parte
3754 1264 3951 1318 laceris.

2539 1397 2796 1451 Homilias
2842 1412 2946 1450 non
2988 1410 3223 1466 paucas,
3271 1410 3389 1464 qua:
3424 1396 3476 1449 in
3513 1398 3661 1465 prius
3712 1398 3871 1452 editis
3916 1412 4038 1452 cum

2461 1489 2666 1558 magnis
2710 1487 2943 1544 hiatibus
2996 1487 3341 1558 prodierant,
3387 1502 3490 1556 ope
3564 1490 4044 1558 manuscriptorum

2462 1582 2700 1651 integras
2728 1595 2989 1649 sanasque
3013 1578 3253 1648 proferre
3278 1594 3385 1633 non
3426 1575 3621 1632 infelici
3647 1590 3842 1632 conatu
3868 1594 4030 1634 cura-

2463 1673 2680 1738 vimus;
2726 1671 2987 1743 siquidem
3029 1670 3314 1725 Homiliam
3343 1669 3410 1725 de
3440 1668 3642 1723 Lazaro
3677 1667 3789 1736 jam
3819 1684 4047 1724 numero

2462 1772 2669 1819 sextam
2696 1803 2711 1827 ,
2764 1777 2882 1831 qua:
2926 1762 2979 1816 in
3016 1760 3286 1817 Saviliana
3332 1770 3388 1815 et
3423 1758 3787 1814 Frontoniana
3813 1758 4046 1815 editione

2464 1856 2670 1924 paginis
2693 1855 2810 1924 plus
2836 1853 3112 1922 quaternis
3153 1853 3339 1906 mutila
3364 1860 3503 1916 erat,
3534 1850 3599 1905 ad
3626 1850 3858 1921 priscam
3893 1852 4037 1906 inte-

2465 1945 2709 2014 gritatem
2737 1951 2962 2012 quatuor
3002 1943 3483 2011 manuscriptorum
3534 1956 3636 2010 ope
3687 1941 4041 1996 reduximus:

2466 2047 2567 2086 nec
2594 2030 3039 2085 dissimulandum
3072 2039 3154 2084 est
3186 2046 3272 2095 ea,
3300 2046 3420 2099 qua:
3467 2035 3520 2083 in
3543 2032 3633 2084 illa
3662 2033 3920 2087 concione
3945 2032 4045 2088 de-

2464 2124 2637 2180 erant,
2668 2131 2698 2168 a
2728 2114 2844 2167 viro
2866 2113 3023 2168 docto
3046 2113 3295 2167 Benzelio
3321 2113 3603 2181 fragmenti
3630 2115 3874 2168 anecdoti
3900 2131 4048 2170 more

2468 2206 2655 2275 paucis
2684 2204 2809 2259 hinc
2830 2204 2986 2258 annis
3004 2202 3237 2272 Upsalim
3266 2202 3535 2271 publicata
3580 2200 3745 2256 fuisse
3793 2218 3915 2256 cum
3953 2204 4052 2257 ali-

2468 2306 2597 2365 quot
2625 2296 2743 2350 aliis
2770 2294 3135 2366 Chrysostomi
3167 2293 3463 2348 anecd0tis.
3498 2292 3780 2346 llomiliam
3811 2294 3939 2347 item
3982 2293 4050 2348 de

2472 2386 2778 2440 Abrahamo
2796 2426 2810 2449 ,
2837 2388 2956 2454 plus
2985 2400 3144 2454 quam
3190 2383 3406 2437 dimidia
3435 2382 3518 2436 sui
3548 2392 3695 2450 parte
3724 2390 3967 2435 truncam
3994 2392 4049 2437 et

2471 2474 2699 2531 laceram
2719 2516 2733 2542 ,
2758 2476 2867 2544 jam
2899 2476 3159 2543 integram
3181 2474 3522 2544 protulimus.
3554 2471 3745 2526 Hiatus
3771 2472 3899 2526 item
3932 2487 4049 2527 ma-

2470 2582 2601 2637 gnos
2620 2566 2877 2620 sarsimus
2894 2566 2947 2619 in
2973 2564 3201 2619 llomilia
3230 2563 3297 2619 de
3322 2563 3537 2617 Christo
3562 2562 3675 2617 Deo
3700 2571 3887 2617 contra
3908 2562 4051 2617 Gen-

2471 2659 2590 2711 tiles
2622 2696 2639 2722 ,
2679 2666 2732 2710 et
2782 2656 2837 2709 in
2890 2656 2996 2710 alia
3033 2655 3101 2709 de
3145 2655 3578 2708 Resurrectione.
3636 2653 3786 2708 Mitto
3835 2653 4053 2708 lacunas

2464 2747 2600 2803 alias
2628 2746 2883 2809 minores,
2907 2759 3041 2814 quas
3076 2745 3128 2797 in
3168 2745 3348 2797 multis
3393 2743 3744 2798 concionibus
3764 2743 4053 2811 complevi-

2471 2852 2612 2901 mus,
2665 2837 2895 2891 maxime
2929 2849 3058 2888 vero
3088 2834 3141 2887 in
3171 2835 3236 2888 iis
3260 2849 3379 2903 qua:
3405 2833 3473 2889 de
3520 2832 4050 2902 lncomprehensibili

2471 2938 2657 2983 contra
2707 2927 3017 2979 Anommos.
3059 2923 3177 2979 Una
3244 2935 3423 2979 tamen
3480 2924 3699 2978 bomilia
3769 2933 4052 2994 superest,

2470 3033 2589 3084 qua:
2621 3024 2704 3070 est
2750 3014 2983 3069 secunda
3024 3024 3210 3069 contra
3235 3014 3470 3076 Iudaeos,
3500 3014 3652 3084 cujus
3699 3014 3902 3068 initium
3931 3012 4056 3066 1am

2459 3106 2839 3176 iuiquumillud
2869 3113 2916 3159 et
2955 3106 3273 3159 immundum
3300 3146 3315 3171 ,
3341 3106 3515 3160 adhuc
3553 3121 3745 3175 magna
3794 3108 3873 3160 sui
3905 3115 4057 3175 parte

2473 3196 2663 3249 mutila
2693 3236 2708 3261 ,
2737 3194 2865 3248 licet
2891 3208 3104 3248 omnem
3135 3193 3462 3248 moverimus
3497 3193 3726 3262 lapidem
3770 3202 3827 3247 ut
3852 3208 3971 3247 eam
4001 3193 4057 3247 in

2472 3285 2710 3354 priscum
2747 3293 2947 3338 statum
2974 3283 3375 3338 reduceremus.
3405 3281 3573 3351 Opem
3601 3296 3662 3336 ea
3707 3283 3775 3336 de
3822 3296 3882 3336 re
3924 3283 4058 3335 ami-

2473 3389 2662 3428 corum
2692 3375 2931 3429 omnium
2988 3374 3393 3444 imploravinms
3416 3413 3431 3437 ,
3481 3372 3623 3427 nulla
3654 3388 3760 3428 non
3785 3372 4056 3442 diligentia

2473 3464 2714 3518 adhibita
2760 3464 2879 3518 fuit.
2912 3462 2970 3518 In
2998 3464 3247 3518 omnibus
3292 3474 3440 3518 certe
3464 3505 3480 3529 ,
3521 3478 3643 3532 qua:
3679 3477 3738 3517 se
3781 3463 4058 3532 patiuntur

2474 3553 2631 3639 adiri,
2674 3553 3011 3609 bibliothecis
3036 3569 3096 3608 ea
3136 3553 3495 3608 sollicitudine
3521 3552 3869 3621 perquisitum
3899 3560 4060 3606 estut

2475 3655 2684 3699 certum
2729 3644 2886 3699 nobis
2916 3645 2985 3698 sit
3008 3659 3127 3698 eam
3155 3644 3243 3699 vel
3274 3658 3534 3712 nusquam
3577 3658 3760 3696 sanam
3799 3652 4012 3697 exstare
4035 3683 4053 3708 ,

2474 3736 2558 3790 vel
2601 3734 2892 3790 admodum
2942 3735 3106 3789 latere
3129 3776 3144 3800 ,
3202 3736 3244 3788 si
3274 3734 3393 3788 talis
3418 3734 3672 3801 supersit.
3702 3734 3759 3788 ln
3783 3734 4056 3803 sequenti-

2476 3826 2577 3881 bus
2603 3827 2730 3881 item
2761 3826 2918 3879 tomis
2970 3824 3137 3878 multa
3174 3824 3287 3894 pari
3326 3824 3488 3878 modo
3530 3824 3913 3887 restituentur;
3959 3838 4060 3879 nec

2475 3917 2648 3970 minor
2673 3913 2930 3968 industria
2958 3914 3010 3967 in
3037 3913 3194 3967 editis
3248 3912 3611 3968 restaurandis
3635 3928 3793 3983 quam
3813 3911 3869 3966 in
3884 3924 4055 3965 auec-

2481 4006 2631 4062 dotis
2674 4003 2924 4060 emendis
2946 4003 3309 4058 adhibebitur.

2505 4118 2533 4189 ᾗ
2566 4118 2625 4172 γ.
2654 4148 2722 4159 -
2753 4117 2981 4183 Quantus
3005 4116 3365 4170 anecdolorum
3390 4129 3627 4166 numerus
3653 4128 3785 4165 nunc
3812 4113 4031 4181 primum

3134 4202 3394 4270 επεν-οων.

2550 4321 2802 4375 lloniilias
2833 4319 3191 4388 epuscnlaque
3221 4315 3323 4368 alia
3356 4312 3592 4367 nondum
3635 4313 3831 4367 emissa
3871 4313 4062 4369 iisdem

2475 4428 2544 4467 ex
2577 4410 2795 4465 latebris
2820 4409 3121 4471 eduximus,
3141 4413 3195 4458 et
3215 4402 3425 4472 quidem
3454 4411 3601 4456 tanto
3624 4418 3841 4457 nurnero
3872 4414 3927 4457 ut
3946 4405 4061 4458 sola

2475 4502 2709 4571 amplum
2732 4500 2981 4553 volumen
3010 4495 3273 4549 conficere
3295 4494 3522 4546 valeant.
3551 4493 3604 4547 In
3632 4493 3696 4547 iis
3721 4509 3847 4548 vero
3872 4510 4057 4564 magna

2476 4591 2682 4647 cautela
2712 4587 2967 4643 utendum
2999 4584 3274 4649 duximus,
3301 4598 3420 4637 cum
3450 4599 3516 4638 ne
3544 4598 3639 4653 pro
3662 4584 3910 4654 legitimis
3935 4600 4060 4654 spu-

2478 4682 2555 4734 ria
2585 4679 2949 4748 proferantur,
2976 4684 3085 4727 tum
3108 4673 3265 4727 etiam
3294 4688 3361 4727 ne
3385 4674 3751 4727 consarcinata
3780 4688 3963 4742 opera,
3986 4689 4056 4727 ex

2480 4771 2659 4823 multis
2685 4769 2909 4820 aliarum
2941 4765 3238 4817 orationum
3262 4763 3527 4832 excerptis
3555 4763 3891 4826 concinnata,
3923 4762 4055 4815 vela

2480 4859 2769 4927 nugacibus
2789 4855 3071 4921 Graeculis,
3094 4855 3173 4909 vel
3200 4854 3268 4907 ab
3296 4853 3413 4907 aliis
3439 4854 3527 4923 qui
3557 4853 3655 4906 hac
3680 4852 3867 4905 tcclma
3885 4850 4055 4921 Chry-

2479 4949 2703 5003 sostomi
2751 4962 2885 5002 nova
2926 4962 3089 5015 Opera
3131 4944 3507 5011 venditabant,
3541 4960 3607 4998 ne
3649 4942 3768 5004 illa,
3803 4940 4054 5008 inquam,

2480 5049 2808 5109 repetantur,
2845 5054 2947 5093 neu
2986 5037 3069 5091 bis
3109 5046 3256 5090 terve
3292 5035 3478 5089 eadem
3510 5032 3801 5104 prodeant,
3830 5030 3970 5099 quod
3999 5038 4054 5085 et

2479 5132 2617 5201 apud
2639 5132 3078 5202 Chrysostomum
3103 5136 3157 5181 ct
3179 5126 3318 5195 apud
3348 5126 3484 5179 alios
3509 5132 3719 5179 sanctos
3740 5118 3927 5176 Patres
3949 5137 4053 5175 non

2478 5224 2641 5277 semel
2670 5221 2927 5275 accidisse
2952 5218 3335 5286 comperimus.
3365 5217 3462 5270 Est
3497 5215 3657 5267 etiam
3695 5224 3814 5263 cum
3843 5211 4057 5265 mutatis

2478 5314 2744 5383 prioribus
2762 5310 2992 5365 homilia:
3014 5322 3109 5361 seu
3131 5308 3306 5362 verbis
3328 5322 3418 5360 seu
3444 5302 3693 5373 periodis,
3720 5315 3836 5368 qua:
3856 5301 4053 5355 caulem

2477 5406 2696 5457 omnino
2723 5410 2846 5454 sunt
2870 5399 3154 5452 conciones
3177 5441 3190 5461 ,
3235 5414 3328 5468 pro
3355 5396 3474 5450 aliis
3516 5402 3570 5446 et
3599 5392 3822 5444 diversis
3852 5393 4054 5445 haben-

2477 5504 2605 5548 tur:
2638 5492 2885 5545 nimirum
2916 5489 3111 5558 decipit
3154 5491 3300 5543 frons
3350 5487 3518 5557 prima
3568 5482 3797 5547 multos,
3835 5492 3890 5535 et
3932 5498 4053 5536 cum

2475 5584 2735 5655 principia
2760 5581 2998 5645 variant,
3029 5580 3094 5635 de
3122 5580 3332 5634 caeteris
3368 5587 3423 5627 ut
3464 5574 3745 5641 plurimum
3776 5587 3878 5624 non
3907 5587 4051 5640 qna:-

2477 5678 2612 5730 ritur
2640 5690 2705 5726 an
2734 5672 2919 5725 eadem
2948 5688 3012 5725 an
3042 5674 3250 5725 diversa
3277 5670 3399 5721 sint.
3430 5664 3559 5716 Rem
3592 5663 3817 5716 similem
3850 5665 4051 5731 experti

2476 5779 2661 5819 sumus
2705 5764 2754 5815 in
2803 5763 3026 5815 llmnilia
3067 5763 3132 5816 de
3161 5759 3331 5815 Natali
3370 5754 3607 5819 Christi,
3647 5754 3797 5821 cujus
3846 5754 4073 5811 initium,

2479 5853 2775 5923 Mystcrium
2797 5869 2974 5906 novum
3003 5863 3048 5907 et
3072 5848 3388 5905 admirabile.
3419 5844 3505 5898 llia
3538 5844 3678 5898 enim
3708 5844 3759 5897 in
3782 5844 4051 5901 codicibus

2478 5944 2744 5999 nonnullis
2786 5947 2888 5999 alio
2931 5945 3193 6014 principio
3226 5942 3478 5993 instructa
3518 5945 3639 5990 est:
3673 5938 3797 6007 quid
3825 5949 3963 6009 quod
3998 5939 4049 5991 in

2482 6037 2599 6092 aliis
2642 6036 2909 6092 codicibus
2948 6035 3165 6089 Athana.
3189 6031 3220 6085 ii
3264 6026 3659 6099 .‘lrcltiCpiscOpi
3710 6028 4050 6085 Alexandrini
