4466 6742
460 646 549 687 nu
1882 624 2263 685 ΡΠᾸΞΡΑΠΟ.
3651 646 3736 688 ιη

456 760 649 802 nomen
699 748 943 820 prmfert,
991 741 1171 797 multis
1217 750 1337 812 post
1376 741 1584 797 initium
1614 744 1952 797 commutatis
1983 753 2037 798 et

453 836 666 893 aliunde
695 832 965 893 corrasis‘l
987 832 1115 885 Eam
1145 845 1304 898 porro
1323 831 1555 887 Savilius
1584 841 1731 899 putat
1759 846 1815 886 se
1851 834 2039 901 legisse

452 928 744 983 admixtam
768 922 921 979 alteri
939 922 1203 981 concioni.
1226 938 1321 977 nec
1344 924 1578 992 assignat
1602 924 1773 977 locum
1802 942 1814 977 :
1840 924 2039 978 Fronto

450 1028 629 1072 autem
664 1018 885 1069 Ducmus
933 1013 1070 1064 inter
1113 1014 1289 1081 spuria
1331 1013 1616 1081 ablegavit.
1665 1014 1730 1067 lis
1778 1016 2034 1083 permoti,

450 1113 570 1179 quia
596 1106 749 1162 nobis
776 1103 1009 1171 suspicio
1036 1112 1117 1156 est
1145 1119 1262 1157 eam
1294 1119 1321 1155 a
1352 1104 1583 1159 librariis
1609 1106 1692 1161 vel
1718 1116 2030 1161 temeratam

451 1202 651 1257 fuisse,
694 1193 779 1246 vel
822 1208 887 1248 ex
922 1193 1055 1247 locis
1086 1193 1331 1247 alicunde
1371 1198 1636 1265 execrptis
1683 1197 2031 1259 adornatam,

451 1302 569 1341 cum
601 1284 834 1337 nondum
865 1284 990 1354 quid
1020 1284 1160 1339 circa
1201 1285 1342 1339 illam
1370 1299 1544 1342 actum
1572 1290 1640 1343 sit
1668 1290 1797 1343 satis
1834 1288 2034 1343 intelli-

443 1392 668 1447 gamus,
701 1377 752 1431 in
794 1386 1106 1446 sequentem
1155 1387 1353 1433 tomum
1399 1382 1775 1436 reservandam
1819 1383 2033 1437 censui.

447 1481 588 1531 Inus,
623 1477 771 1521 extra
807 1469 1077 1538 proprium
1102 1470 1309 1525 scilicet
1337 1472 1509 1526 locum
1530 1515 1544 1537 ,
1578 1489 1645 1526 ne
1686 1482 2030 1542 posteaquam

444 1558 589 1611 illam
618 1557 995 1625 edidissemus,
1024 1576 1101 1616 ex.
1117 1562 1329 1616 assidua
1359 1563 1674 1616 tractatione
1701 1563 1899 1631 aliquid
1931 1564 2030 1616 im-

443 1658 747 1716 portaretnr
777 1652 920 1704 novi.
948 1653 1188 1705 Profecto
1213 1661 1467 1721 quantum
1498 1651 1672 1704 fucum
1703 1652 1925 1705 fecerint
1948 1660 2027 1706 te-

440 1740 657 1794 merarii
702 1742 777 1795 illi
816 1753 909 1796 aut
937 1742 1273 1811 bibliopohe,
1316 1751 1405 1794 aut
1435 1740 1662 1795 Graeculi
1707 1742 2025 1810 scriptores,

449 1830 541 1883 vix
590 1832 854 1901 quispiam
902 1831 1091 1885 credat
1138 1830 1240 1883 nisi
1285 1840 1545 1900 espertus
1576 1848 1588 1883 :
1624 1830 2028 1895 homilia,verbi

439 1936 622 1983 causa,
639 1921 690 1973 in
714 1922 791 1973 An
803 1922 1214 1988 nuntiationem,
1233 1936 1351 1991 qua:
1378 1926 1429 1974 in
1460 1921 1696 1976 secundo
1717 1929 1863 1974 tomo
1890 1920 2030 1974 inter

437 2012 615 2080 spuria
645 2012 816 2065 locum
845 2011 1020 2075 habet,
1050 2012 1305 2082 cujusque
1330 2013 1534 2067 mitium
1566 2022 1647 2067 est
1678 2012 1875 2066 Rursus
1900 2012 2029 2065 (teti-

438 2103 523 2154 titr
542 2103 669 2173 felix
694 2104 924 2170 mutuus,
950 2103 999 2157 in
1029 2120 1134 2158 non
1163 2105 1343 2174 paucis
1370 2105 1641 2159 codicibus
1656 2104 2023 2175 CbrySOstomi

436 2210 631 2249 nomen
651 2195 862 2265 praefert
880 2214 894 2256 :
914 2196 965 2250 in
985 2197 1102 2251 aliis
1117 2196 1373 2267 Gregorio
1388 2198 1801 2253 Neoczesariensi
1822 2197 2025 2252 adscri-

436 2285 597 2351 bitur,
631 2296 789 2355 atque
817 2286 937 2341 ideo
963 2288 1101 2341 inter
1124 2288 1365 2357 Gregorii
1394 2289 1837 2343 Neocaesariensis
1858 2304 2021 2359 Opera

431 2374 575 2429 edita
603 2376 716 2429 fuit.
744 2376 943 2429 Eadem
975 2392 1125 2437 vero,
1159 2386 1216 2429 ut
1243 2393 1412 2444 nuper
1439 2379 1816 2446 comperimus,
1846 2380 1898 2432 in
1924 2394 2019 2433 co-

428 2464 548 2517 dice
578 2464 678 2518 106
708 2465 1041 2519 bibliotheca
1058 2465 1420 2531 Coislinianze,
1446 2468 1497 2519 in
1523 2467 1697 2519 indice
1722 2468 1929 2521 scilicet
1950 2468 2019 2522 ad

428 2557 661 2610 frontem
704 2557 820 2610 libri
860 2558 1068 2626 posito,
1110 2558 1322 2611 Macarii
1369 2558 1855 2626 Philadelphiensis
1898 2574 2020 2614 esse

428 2646 646 2700 dicitur.
680 2646 796 2700 .lam
839 2648 1009 2701 tribus
1045 2647 1369 2718 adscriptam
1414 2649 1720 2703 auctoribus
1751 2665 1907 2703 unam
1940 2651 2022 2704 in-

426 2737 671 2790 venimus
694 2736 992 2804 homiliam,
1021 2737 1264 2807 forteque
1286 2738 1337 2791 in
1359 2739 1475 2793 dies
1495 2748 1715 2809 quartus
1733 2742 2018 2810 quintusve

425 2827 667 2895 ejusdem
694 2837 883 2882 auctor
909 2838 1166 2898 emerget.
1203 2828 1269 2884 Ut
1308 2830 1470 2898 igitur
1501 2838 1616 2884 tuto
1654 2831 1705 2884 in
1738 2830 1838 2885 hac
1871 2839 2013 2885 tanta

424 2920 742 2988 supellectili
786 2920 964 2974 omnia
993 2919 1368 2989 disponantur,
1400 2922 1613 2975 nonnisi
1646 2931 1765 2991 post
1793 2936 2011 2976 accura-

424 3021 532 3063 tam
563 3010 1001 3079 perquisitionem
1030 3010 1144 3064 bare
1174 3026 1310 3064 nova
1339 3019 1393 3065 et
1429 3026 1619 3066 recens
1648 3020 1797 3066 eruta
1832 3014 1883 3066 in
1910 3028 2009 3082 pu-

423 3100 621 3154 blicum
664 3100 982 3155 efferimus:
1016 3116 1187 3169 eoque
1232 3102 1459 3155 consilio
1512 3116 1707 3170 paucas
1757 3103 2010 3157 homilias

421 3190 711 3245 auecdotas
752 3191 803 3244 in
845 3189 1053 3243 duobus
1084 3191 1349 3258 prioribus
1396 3191 1556 3244 tomis
1585 3191 1807 3258 damus;
1840 3200 1899 3246 ut
1940 3207 2007 3247 ex

420 3279 731 3347 quoudiano
757 3294 855 3333 usu
885 3278 1011 3349 quid
1056 3278 1124 3334 de
1168 3279 1287 3334 aliis
1328 3282 1657 3337 censendum
1695 3283 1762 3337 sit
1803 3284 2009 3338 cautius

420 3378 701 3423 statuatur.
731 3368 965 3424 Caeteros
1007 3370 1059 3424 in
1095 3372 1443 3440 sequentibus
1487 3373 1645 3427 tomis
1665 3414 1681 3437 ,
1710 3384 1766 3429 et
1788 3374 2004 3444 quidem

419 3462 754 3530 congruenti,
787 3470 1043 3531 quantum
1070 3461 1147 3515 fas
1170 3463 1291 3525 erit,
1320 3461 1507 3518 ordine
1536 3462 1851 3520 locabimus.
1874 3464 2021 3519 Sunt.

421 3567 583 3619 porro
609 3552 711 3606 illa:
741 3567 935 3622 magno
963 3568 1207 3617 numero,
1231 3553 1470 3623 variique
1490 3556 1811 3625 argumenti.
1836 3553 2009 3610 Cmte—

419 3659 539 3697 rum
566 3645 703 3699 inter
731 3646 847 3699 illas
875 3645 1118 3699 homilias
1139 3660 1169 3700 e
1193 3645 1427 3700 tenebris
1449 3662 1591 3701 nunc
1617 3648 1846 3715 primum
1875 3648 2008 3703 edu—

417 3745 534 3790 ctas
560 3738 851 3805 principem
883 3737 1126 3791 obtinent
1170 3737 1345 3791 locum
1376 3754 1513 3792 unus
1541 3748 1594 3793 et
1633 3741 1843 3810 triginta
1891 3757 2005 3795 ser-

421 3840 610 3880 mones
657 3828 708 3880 in
763 3828 1039 3893 l‘salmos,
1085 3829 1175 3896 qui
1225 3828 1280 3882 in
1323 3828 1562 3898 ejusdem
1606 3832 2004 3885 commentariis

419 3916 680 3971 haetenus
706 3917 1168 3985 desiderabantur,
1196 3933 1367 3989 exque
1394 3920 1703 3989 Anglieauis
1731 3921 2003 3976 codicibus

416 4008 555 4061 eruti
580 4017 720 4060 sunt.
750 4008 950 4062 llorum
983 4010 1271 4079 apographi
1311 4019 1514 4080 partem
1529 4011 1690 4067 nobis
1710 4012 2004 4068 transmisit

417 4098 499 4150 vir
548 4098 939 4153 illustrissimus
978 4100 1041 4153 D.
1092 4100 1328 4156 Joannes
1373 4102 1659 4166 Potterus,
1706 4104 2004 4174 Episcopus

414 4188 755 4255 Osoniensis,
785 4206 890 4244 non
913 4193 1089 4245 minus
1111 4192 1414 4246 eruditione
1435 4234 1450 4257 ,
1486 4208 1643 4262 quam
1673 4193 2003 4252 humanitate

414 4282 757 4350 conspicuus,
799 4282 888 4351 qui
930 4282 1111 4336 multis
1156 4283 1556 4353 insignibusquc
1594 4285 1844 4354 operibus
1888 4300 2001 4339 rem

414 4370 703 4424 literarium
730 4372 1045 4437 exornavit;
1076 4382 1271 4428 caetera
1299 4374 1447 4427 brevi
1483 4374 1912 4440 transmissurus,
1944 4386 2002 4431 ut

413 4478 633 4533 sperare
652 4462 823 4533 jubet.
854 4464 978 4519 llzec
1007 4480 1136 4520 sane
1174 4474 1318 4519 tanta
1348 4466 1745 4521 commentariis
1771 4466 1825 4519 in
1854 4466 2000 4520 Psal-

413 4569 533 4609 lllOS
570 4558 811 4610 accessio
843 4559 1188 4627 magnamrei
1217 4558 1605 4612 Ecclesiastica:
1647 4558 1998 4627 literarizeque

411 4645 663 4699 studiosis
696 4647 929 4700 lmtitiam
960 4650 1129 4717 pariat
1159 4658 1389 4717 oportet.

415 4753 446 4825 ι
476 4753 635 4809 γι-
666 4753 739 4809 De
768 4756 956 4827 ingenti
993 4774 1199 4827 cperunt
1238 4776 1472 4824 numero,
1502 4775 1617 4830 qua:
1650 4759 1993 4831 Cltrysostonti

924 4865 1105 4902 nomen
1133 4850 1487 4904 ementiuntur.

480 4961 542 5016 ln
569 4963 654 5016 illa
679 4976 812 5017 vero
841 4969 982 5016 tanta
1013 4960 1395 5016 anecdotorum
1427 4963 1615 5033 sylva,
1642 4965 1824 5034 spuria
1858 4966 1995 5022 bene

407 5054 574 5107 multa
605 5055 959 5124 reperiuntur.
983 5051 1113 5107 Nam
1141 5053 1403 5108 innumeri
1432 5070 1567 5124 pene
1596 5055 1847 5120 Graeculi.
1888 5076 1995 5114 non

405 5144 621 5216 ingenio
651 5146 829 5201 minus
851 5189 867 5213 ,
894 5162 1052 5217 quam
1082 5156 1237 5201 aetate
1264 5147 1502 5217 dispares
1522 5189 1535 5213 ,
1574 5164 1694 5203 eum
1728 5166 1826 5206 nec
1857 5152 1993 5207 fama

404 5235 812 5291 celebrarentur
851 5252 951 5291 nec
990 5247 1176 5307 suapte
1218 5254 1382 5307 Opera
1421 5254 1614 5294 nomen
1657 5240 1758 5295 sibi
1802 5257 1993 5313 parere

404 5342 564 5395 posse
592 5329 939 5395 confiderent,
966 5341 1205 5385 mutuato
1229 5331 1597 5404 Chrysostomi
1628 5335 1863 5397 nomine,
1891 5337 1992 5391 ali-

402 5433 562 5488 quam
592 5420 875 5488 sperabant
916 5423 1126 5491 scriptis
1165 5424 1276 5477 suis
1301 5423 1458 5493 adjici
1486 5424 1834 5494 dignitatem;
1867 5426 1991 5484 hinc

402 5509 599 5563 accidit
643 5520 697 5563 ut
742 5511 1053 5581 plerumque
1097 5514 1466 5582 imperitorum
1513 5515 1786 5570 hominum
1836 5521 1992 5589 nugis

404 5602 545 5656 male
572 5615 760 5656 auctus
791 5604 860 5657 sit
893 5616 995 5657 tam
1026 5606 1223 5674 peritus
1246 5608 1457 5663 artifex.
1485 5608 1597 5663 Non
1629 5609 1743 5664 haec
1763 5626 1866 5665 una
1895 5612 1992 5669 fuit

407 5703 515 5747 tam
546 5695 792 5749 immanis
820 5698 1143 5753 accessionis
1176 5716 1371 5755 causa:
1404 5701 1661 5770 siquidem
1688 5702 1991 5775 bibliopolae

405 5791 642 5849 \eteres,
678 5796 734 5838 ut
762 5786 925 5841 libros
945 5788 1107 5857 pluris
1126 5791 1438 5857 venderent,
1460 5792 1738 5860 prtemisso
1763 5798 1989 5852 ementi-

404 5880 562 5939 toque
583 5876 947 5947 Chrysostomi
978 5882 1212 5949 nomine,
1233 5892 1504 5953 emptores
1522 5882 1622 5939 hac
1647 5895 1762 5941 arte
1783 5887 1986 5944 allicie-

403 5960 547 6014 lraut.
585 5964 663 6021 Ex
696 5970 801 6024 illis
824 5986 955 6027 vero
978 5976 1174 6043 spuriis
1197 5991 1258 6031 ea
1284 5976 1454 6031 solum
1480 5976 1754 6045 publicare
1776 5982 1985 6036 animus

397 6065 501 6119 est,
527 6069 643 6125 qua:
674 6059 894 6129 alicuius
916 6076 1037 6122 sunt
1068 6068 1321 6127 momenti
1346 6087 1357 6123 :
1379 6078 1573 6125 extera
1594 6082 1778 6130 autem
1806 6075 1982 6137 ine;-ta

2151 747 2313 807 atque
2336 735 2523 805 futilia,
2542 746 2724 809 utpote
2739 738 2897 809 digna
2923 738 3177 801 tenebris,
3202 738 3396 794 intacta
3418 742 3730 797 manebunt.

2148 828 2226 883 Ex
2276 827 2340 881 iis
2381 842 2508 883 vero
2531 830 2726 898 spuriis
2750 871 2764 893 ,
2795 844 2915 899 quae
2942 829 3172 885 Savilius
3200 838 3255 885 et
3281 830 3479 885 Fronto
3507 832 3729 887 Ducam:

2140 918 2250 987 jam
2284 918 2477 987 publici
2515 920 2653 989 juris
2679 919 2947 986 fecerant,
2986 921 3188 975 nullum
3219 936 3311 990 pra
3334 922 3727 977 termittendum

2144 1008 2417 1073 duximus,
2447 1026 2513 1065 ne
2544 1011 2669 1081 quid
2701 1014 2751 1065 in
2779 1012 3014 1068 editione
3048 1023 3227 1067 nostra
3259 1012 3553 1068 desiderari
3579 1014 3730 1067 vide-

2144 1108 2295 1153 retur
2320 1116 2332 1154 :
2362 1103 2571 1156 tametsi
2604 1103 2743 1157 inter
2772 1103 2881 1167 illa,
2914 1103 3137 1173 plurima
3165 1114 3314 1159 certe
3338 1113 3465 1159 sunt
3491 1104 3612 1159 luce
3641 1106 3728 1158 in-

2142 1189 2324 1260 digna,
2352 1206 2471 1259 quae
2498 1207 2658 1246 nemo
2684 1208 2846 1247 sanus
2870 1195 2987 1248 sine
3021 1194 3298 1249 stomacho
3326 1195 3504 1266 legere
3534 1197 3725 1267 possit.

2140 1280 2251 1335 Nec
2278 1281 2424 1335 venit
2450 1283 2504 1335 in
2535 1290 2767 1337 mentem
2794 1298 2889 1337 cur
2927 1284 3192 1349 Savilius,
3236 1286 3325 1354 qui
3373 1286 3539 1341 multa
3575 1287 3725 1356 ejus-

2139 1376 2283 1431 modi
2308 1375 2479 1431 futilia
2504 1378 2758 1447 opuscula
2777 1419 2791 1440 ,
2819 1392 3045 1447 quorum
3067 1378 3363 1447 catalogum
3385 1379 3499 1446 ipse
3525 1381 3721 1446 texuit,

2136 1483 2196 1522 se
2238 1469 2485 1523 consulto
2514 1469 2676 1524 missa
2720 1469 2908 1525 fecisse
2939 1468 3239 1538 proﬁtetur,
3270 1477 3347 1522 tot
3372 1468 3504 1524 alias
3538 1468 3725 1537 hujus-

2136 1560 2280 1615 modi
2306 1575 2511 1615 merces
2542 1560 2694 1615 nobis
2710 1559 2982 1627 obtulerit,
3008 1575 3142 1630 quas
3158 1574 3287 1615 sane
3302 1558 3518 1614 :eternis
3534 1559 3724 1629 dignas

2134 1665 2254 1705 esse
2286 1651 2524 1706 tenebris
2554 1666 2711 1704 nemo
2742 1666 2846 1705 non
2878 1650 3121 1706 fateatur.
3148 1651 3202 1706 Id
3232 1651 3369 1705 haud
3399 1651 3559 1707 dubie
3581 1653 3723 1707 acci-

2134 1738 2233 1804 dit,
2262 1741 2384 1808 quia
2413 1741 2465 1792 in
2496 1749 2639 1794 tanta
2668 1754 2890 1808 operum
2926 1740 3071 1810 sylva
3092 1780 3107 1804 ,
3145 1741 3200 1794 in
3230 1750 3379 1795 tanto
3416 1743 3717 1795 orationum

2133 1825 2385 1893 decursu,
2410 1842 2515 1881 non
2541 1843 2634 1896 par
2655 1843 2866 1897 semper
2884 1839 2967 1882 est
2985 1830 3195 1883 animus
3220 1845 3391 1899 neque
3414 1830 3551 1885 idem
3567 1847 3721 1887 men-

2135 1917 2203 1970 tis
2246 1916 2539 1986 judiciique
2582 1920 2738 1974 situs.
2779 1920 2960 1989 Neque
2988 1920 3119 1975 satis
3152 1920 3437 1976 habuimus
3476 1922 3657 1991 spuria
3687 1940 3719 1978 a

2131 2008 2404 2077 germanis
2424 2010 2788 2079 segregavisse
2809 2027 2823 2074 ;
2847 2010 2912 2065 ad
2930 2011 3185 2080 majorem
3207 2013 3402 2081 quippe
3420 2012 3719 2067 distinctio-

2131 2111 2255 2151 nem
2282 2097 2370 2151 illa
2396 2098 2463 2152 ad
2494 2098 2655 2153 finem
2684 2100 2945 2169 cujusque
2960 2102 3243 2157 voluminis
3268 2103 3635 2172 ablegavimus
3653 2118 3717 2159 ac

2128 2190 2416 2245 minutiore
2443 2189 2756 2246 charactere
2785 2190 2869 2245 edi
2898 2192 3198 2245 curavimus
3220 2234 3233 2255 ,
3259 2192 3434 2246 habita
3458 2203 3713 2262 quantum

2128 2281 2276 2336 licuit
2314 2285 2613 2352 argumenti
2647 2284 2891 2339 ratione:
2924 2298 3029 2337 non
3060 2284 3201 2337 enim
3239 2298 3452 2350 semper
3490 2299 3553 2338 ea
3595 2301 3715 2353 qua:

2126 2388 2230 2426 una
2270 2374 2409 2428 serie
2437 2374 2678 2442 ponenda
2714 2374 3032 2429 videbantur
3059 2375 3249 2429 eodem
3284 2375 3333 2427 in
3362 2383 3506 2428 tonio
3537 2375 3715 2431 locare

2128 2464 2419 2531 potuimus,
2448 2479 2514 2519 ne
2541 2467 2699 2519 nimia
2729 2466 2867 2520 foret
2885 2468 3166 2520 voluminis
3183 2468 3368 2520 moles.
3393 2466 3558 2521 Dubia
3586 2482 3714 2522 vero

2126 2567 2312 2622 opera,
2338 2570 2457 2624 quae
2485 2571 2589 2608 non
2615 2571 2778 2625 parvo
2801 2564 2926 2610 sunt
2952 2572 3204 2619 numero,
3228 2557 3292 2610 ad
3321 2558 3518 2613 calcem
3539 2559 3714 2629 gemi—

2125 2658 2319 2698 norum
2342 2645 2530 2699 eadem
2558 2645 2882 2700 characteris
2909 2646 3077 2700 forma
3107 2646 3398 2715 posuimus,
3422 2649 3712 2717 prmtiiissis

2122 2736 2585 2792 admonitionibus
2610 2746 2664 2793 et
2698 2737 2875 2793 allatis
2900 2736 3175 2792 dubitandi
3203 2738 3399 2793 causis.

2123 2864 2151 2935 ς
2180 2865 2449 2922 Vll.—De
2473 2869 2626 2923 uariis
2650 2868 2946 2923 lectionibus
2968 2878 3117 2935 atque
3139 2869 3290 2934 notis,
3309 2868 3466 2938 deque
3485 2868 3704 2932 monitis,

2416 2974 2531 3029 qua:
2548 2960 2616 3013 ad
2642 2960 2845 3031 singula
2869 2974 3024 3028 opera
3049 2958 3401 3029 prtemisimus.

2190 3066 2379 3121 Varias
2409 3068 2668 3123 lectiones
2696 3083 2761 3123 ex
2789 3069 3162 3137 manuscriptis
3189 3078 3372 3124 erutas
3401 3069 3455 3123 in
3483 3071 3585 3123 ima
3610 3085 3705 3140 pa-

2117 3156 2239 3225 gina
2267 3157 2544 3225 posuimus
2568 3173 2661 3213 eas
2690 3158 2888 3223 solum,
2916 3174 3034 3229 qua:
3058 3160 3286 3227 alicujus
3307 3161 3561 3215 momenti
3583 3176 3705 3216 esse

2114 3247 2434 3303 videbantur
2458 3268 2473 3304 :
2496 3264 2642 3314 nam,
2673 3251 2718 3305 si
2746 3264 2935 3306 omnes
2954 3252 3071 3307 sine
3092 3251 3299 3307 delectu
3327 3252 3703 3318 edidissemus,

2121 3339 2175 3393 in
2207 3341 2427 3396 nimiam
2457 3343 2653 3399 molem
2679 3344 2826 3398 nullo
2850 3359 3028 3413 opera:
3056 3345 3227 3415 pretio
3256 3346 3515 3401 crevisset
3543 3360 3696 3415 opus,

2114 3432 2257 3500 quod
2281 3434 2393 3501 jam
2417 3435 2662 3504 quemvis
2690 3436 3007 3505 scriptorem
3032 3436 3277 3492 Grzecum
3298 3437 3439 3492 mole
3458 3448 3696 3508 Superat.

2113 3520 2277 3577 Notas
2299 3524 2545 3592 ponimus
2573 3524 2764 3580 breves
2784 3566 2800 3591 ,
2826 3526 2913 3580 ubi
2945 3541 3166 3581 necesse
3191 3526 3434 3582 ducimus
3460 3542 3580 3583 esse
3609 3546 3621 3582 :
3653 3529 3699 3583 si

2112 3630 2216 3683 qua
2248 3629 2375 3670 vero
2415 3616 2674 3686 majorem
2704 3618 2988 3687 requirnnt
3032 3618 3492 3688 disquisitionem,
3532 3633 3595 3674 ea
3633 3621 3700 3673 ad

2112 3706 2364 3759 trutinam
2396 3708 2773 3762 examinantur
2801 3709 2851 3761 in
2882 3708 3133 3774 monitis,
3162 3724 3281 3778 qua:
3316 3709 3367 3763 in
3399 3708 3571 3764 fronte
3598 3724 3695 3764 cu-

2105 3794 2302 3863 jusque
2332 3795 2451 3850 libri
2480 3797 2562 3850 vel
2594 3798 2825 3851 bomiliaa
2855 3798 3287 3866 prmmittuntnr:
3316 3813 3376 3853 re
3412 3807 3589 3855 tamen
3620 3802 3696 3854 sic

2109 3894 2435 3955 temperata,
2466 3896 2527 3941 ut
2554 3903 2675 3942 cum
2704 3890 2887 3958 plures
2911 3890 3153 3958 ejusdem
3190 3893 3489 3959 argumenti
3522 3896 3699 3946 contio

2108 3989 2213 4028 nua
2239 3976 2378 4031 serie
2406 3986 2677 4045 ponuntur
2701 3981 3008 4043 orationes,
3041 3996 3202 4034 unum
3236 3996 3331 4050 pro
3355 3982 3419 4035 iis
3446 3983 3697 4037 manibus

2109 4072 2163 4116 et
2207 4063 2431 4134 singulis
2460 4068 2720 4122 monitum
2760 4068 2813 4123 in
2859 4069 3035 4125 fronte
3081 4072 3275 4140 prioris
3314 4072 3537 4127 locetur.
3566 4073 3695 4139 Quas

2108 4152 2323 4221 quidem
2350 4157 2552 4210 monita
2574 4156 2785 4225 lectori,
2814 4167 2871 4213 ut
2894 4176 3076 4230 spero,
3105 4176 3204 4214 nec
3226 4161 3431 4231 ingrata
3469 4177 3567 4216 nec
3604 4163 3687 4215 in-

2111 4242 2259 4297 utilia
2298 4243 2473 4300 futura
2504 4257 2648 4302 sunt.
2678 4248 2897 4304 Multum
2924 4250 3068 4305 enim
3105 4250 3257 4321 juvat
3282 4252 3348 4305 ad
3393 4252 3692 4324 intelligen-

2110 4332 2237 4388 tiam
2268 4334 2500 4392 bomilice
2545 4339 2625 4393 vel
2672 4340 2965 4406 orationis,
3012 4342 3057 4396 si
3102 4357 3207 4413 qua
3252 4344 3551 4407 occasione,
3591 4359 3696 4412 quo

2108 4435 2351 4499 tempore
2372 4471 2387 4494 ,
2430 4446 2459 4484 a
2503 4433 2699 4502 quibus
2739 4434 2985 4490 inductus
3008 4445 3189 4490 orator
3212 4451 3271 4490 ea
3300 4435 3365 4489 de
3392 4450 3450 4490 re
3478 4436 3694 4491 concio—

2107 4534 2228 4573 nem
2276 4521 2549 4589 habuerit,
2597 4525 2764 4580 lector
2786 4526 3102 4581 edidicerit:
3131 4536 3185 4580 et
3213 4527 3256 4580 si
3284 4541 3400 4595 qua:
3432 4526 3693 4595 legentem

2104 4611 2304 4664 morari
2331 4622 2617 4680 poterant,
2644 4623 2931 4684 antequam
2964 4616 3121 4671 lectio
3150 4615 3391 4682 adeatur,
3423 4617 3695 4686 explicen-

2104 4711 2209 4755 tur.
2238 4702 2371 4758 Illud
2399 4720 2527 4759 vero
2551 4706 2818 4761 commodi
2847 4706 2900 4761 in
2934 4708 3085 4778 prius
3112 4707 3269 4762 editis
3298 4723 3519 4776 prorsus
3543 4708 3686 4763 desi-

2102 4795 2412 4852 derabatur.
2440 4797 2498 4853 In
2522 4798 2670 4855 hisce
2697 4800 2918 4855 monitis
2947 4815 3054 4854 non
3086 4797 3455 4869 infrequenter
3476 4816 3503 4852 a
3529 4800 3690 4856 Tille-

2102 4890 2293 4943 montii
2346 4891 2610 4945 sententia
2672 4892 3043 4956 dellectimus;
3092 4892 3215 4946 licet
3262 4893 3407 4946 enim
3457 4891 3573 4959 ejus
3619 4893 3688 4946 ad

2102 4977 2383 5035 historiam
2429 4981 2859 5037 Ecclesiasticam
2907 4982 3273 5037 illustrandam
3310 4984 3685 5036 concinnatum

2100 5082 2237 5138 opus
2286 5070 2463 5139 magni
2511 5069 2803 5135 faciamus,
2853 5085 2957 5125 non
3008 5085 3172 5139 pauca
3224 5080 3401 5125 tamen
3448 5080 3605 5136 sunt,
3635 5079 3686 5127 In

2102 5160 2295 5229 quibus
2324 5176 2444 5215 eum
2469 5175 2499 5213 a
2528 5174 2654 5214 vero
2678 5160 2958 5216 aberrasse
2985 5170 3252 5230 putamus.
3277 5161 3438 5217 Certe
3465 5178 3683 5217 accura-

2102 5250 2250 5305 tione
2301 5250 2389 5305 ille
2427 5265 2489 5303 ac
2531 5249 2803 5320 diligentia
2851 5251 3053 5305 nemini
3096 5252 3341 5307 concedit
3369 5270 3382 5307 :
3410 5254 3588 5307 omnia
3634 5254 3684 5307 in

2101 5340 2331 5395 medium
2363 5340 2539 5405 afi‘ert,
2570 5340 2778 5409 singula
2808 5340 3046 5407 discutit,
3086 5343 3218 5397 nihil
3240 5345 3436 5398 omittit
3473 5359 3683 5409 eorum,

2106 5448 2226 5503 quae
2250 5432 2315 5485 ad
2348 5446 2459 5487 rem
2493 5432 2559 5487 de
2585 5448 2685 5502 qua
2710 5435 2886 5504 agitur
2912 5434 3291 5504 explorandam
3321 5432 3629 5500 conferunt;
3654 5451 3682 5488 a

2101 5523 2443 5593 pra'judicala
2473 5524 2724 5594 opinione
2756 5527 2947 5579 mirum
2984 5534 3236 5593 quantum
3268 5529 3337 5576 sit
3360 5523 3587 5578 alienus.
3626 5528 3681 5581 In

2095 5613 2297 5683 judicio
2328 5623 2502 5669 tamen
2528 5615 2751 5670 ferendo
2777 5631 2881 5670 non
2915 5630 3127 5683 semper
3147 5615 3258 5683 pari
3291 5614 3543 5671 felicitate
3565 5632 3685 5687 pro-

2097 5704 2268 5769 cedit;
2302 5704 2395 5759 sed
2427 5716 2550 5761 tunc
2577 5708 2735 5761 etiam
2762 5706 2831 5761 ob
2852 5706 3175 5775 diligentiam
3208 5706 3355 5759 utilis
3386 5707 3464 5761 vel
3494 5708 3556 5760 iis
3593 5709 3681 5775 qui

2098 5797 2379 5852 adversam
2423 5808 2637 5855 tuentur
2676 5799 3003 5869 opinionem.
3034 5799 3113 5852 Ad
3148 5800 3261 5854 ba‘c
3286 5816 3414 5854 vero
3458 5817 3574 5870 qua!
3612 5801 3681 5855 de

2100 5888 2306 5944 Joanne
2327 5888 2713 5960 Cbrysostomo
2737 5890 2823 5944 ille
2845 5890 3155 5959 scripserat,
3181 5892 3270 5945 diu
3296 5901 3415 5961 post
3442 5907 3558 5959 ejus
3587 5897 3680 5946 ob-

2096 5984 2225 6038 itum
2257 5993 2383 6039 sunt
2408 5985 2458 6038 in
2490 5985 2660 6040 lucem
2684 5984 2912 6051 emissa;
2947 6001 3043 6040 nec
3065 5986 3229 6055 potuit
3258 6000 3340 6049 ea,
3362 6001 3481 6054 qua:
3509 5984 3682 6037 minus

2100 6086 2347 6132 accurate
2376 6078 2547 6147 posita
2574 6087 2760 6149 erant,
2792 6078 3173 6149 posterioribus
3204 6080 3343 6133 curis
3370 6078 3587 6132 sarcire.
