4466 6702
722 618 793 661 xv
1328 626 1329 629 η
1958 599 2020 654 Ι).
2061 597 2122 653 Β.
2163 595 2253 652 DE
2292 591 2486 650 M'ONT]

1328 626 1329 629 η
1958 599 2020 654 D.
2061 597 2122 653 Β.
2163 595 2253 652 DE
2292 591 2752 653 M'ONTFAUCON

799 718 981 772 Varias
1011 716 1268 772 lectiones
1296 724 1350 771 et
1376 723 1527 769 notas
1559 712 1771 768 llenrici
1800 712 1980 767 Savilii
2002 722 2056 768 et
2079 712 2309 766 Fronto-

726 813 808 865 nis
850 810 1033 866 Dneaei
1072 825 1177 864 non
1224 809 1457 877 integras
1501 806 1728 861 damus:
1758 821 1882 859 nam
1926 820 1991 859 ex
2030 804 2313 861 Savilianis

726 906 867 958 netis
899 905 1077 958 multa:
1103 902 1286 956 Graeca
1318 899 1615 969 respiciunt
1642 897 2017 963 restauranda,
2046 913 2165 967 qua:
2191 910 2313 951 cum

725 997 791 1051 ad
823 996 979 1051 ﬁdem
1008 993 1493 1062 manuscriptorutu
1518 991 1628 1061 jam
1653 1006 1681 1044 a
1704 989 1860 1045 nobis
1885 990 2164 1046 emendata
2196 990 2313 1043 fue-

727 1090 852 1153 rint,
883 1101 1138 1158 quorsum
1169 1085 1272 1139 illa:
1302 1094 1465 1149 notzn,
1490 1084 1593 1138 nisi
1622 1092 1677 1136 ut
1701 1084 1812 1153 jam
1838 1092 2014 1137 actum
2050 1081 2312 1153 agendum

726 1196 846 1236 esse
876 1178 1164 1234 moneant?
1187 1177 1338 1233 Nota:
1364 1193 1497 1233 vero
1519 1176 1900 1231 Frontonianae
1931 1176 2033 1230 illae
2054 1219 2068 1240 ,
2100 1192 2219 1245 qum.
2248 1174 2315 1229 de

726 1269 1039 1340 corrigenda
1064 1270 1506 1340 interpretatione
1529 1268 1716 1324 Latina
1734 1270 1903 1325 veteri
1924 1270 2149 1338 agebant
2172 1270 2316 1335 (sunt

726 1371 906 1418 autem
947 1361 1150 1418 etedem
1179 1362 1308 1431 ipsa:
1345 1376 1569 1416 numero
1599 1362 1829 1429 ηιυιιλιξ),
1854 1362 1962 1429 jam
1992 1374 2213 1430 prorsus
2234 1358 2314 1411 in-

727 1457 888 1510 utiles
915 1452 1115 1519 essent,
1136 1454 1349 1524 quando
1370 1469 1432 1508 ea
1465 1455 1547 1507 vel
1566 1452 1843 1508 emendata
1874 1454 1989 1516 fuit,
2017 1452 2097 1505 vel
2120 1452 2316 1521 rejecta

728 1561 882 1599 novze
911 1544 1338 1614 interpretationi
1368 1545 1545 1598 locum
1572 1543 1739 1598 dedit.
1769 1544 1916 1597 Alias
1941 1544 2064 1596 item
2091 1543 2318 1596 Fronto-

728 1636 811 1689 nis
841 1634 1017 1689 Ducaei
1046 1642 1222 1700 notas,
1250 1633 1303 1688 in
1330 1634 1524 1703 quibus
1548 1634 1691 1688 varia
1718 1632 2084 1703 Cltrysostomi
2112 1633 2228 1688 loca
2250 1633 2316 1687 ad

729 1724 869 1779 idem
890 1734 1263 1795 argumentum
1282 1726 1578 1795 spectantia
1599 1725 1860 1795 congerit,
1883 1726 2114 1793 exempli
2132 1740 2312 1791 causa,

729 1830 852 1869 cum
877 1815 943 1870 de
958 1815 1187 1885 jejunio,
1212 1815 1278 1871 de
1301 1817 1662 1881 matrimonio,
1690 1815 1756 1870 de
1780 1815 2078 1870 humilitate
2107 1817 2315 1886 agitur:

732 1906 869 1972 illas,
893 1907 1129 1976 inquatn,
1154 1915 1311 1960 notas
1345 1906 1547 1975 pariter
1581 1907 2025 1976 prmtermisimus
2050 1925 2062 1960 :
2092 1918 2318 1976 quauta-

730 2013 960 2068 cumque
1000 1998 1141 2052 enim
1175 1997 1479 2067 ltujusmodi
1529 1998 1688 2052 simul
1729 2010 2016 2067 ponantur,
2064 1999 2114 2053 id
2161 2014 2320 2053 num-

729 2102 888 2157 quam
918 2096 1061 2142 tanta
1091 2089 1433 2144 accuratioue
1470 2089 1829 2158 praestabitur,
1854 2099 2048 2159 quanta
2072 2090 2121 2141 in
2144 2088 2321 2143 lodice

730 2178 996 2247 generali,
1030 2176 1119 2232 ubi
1147 2182 1325 2234 omnia
1353 2180 1576 2235 omnino
1606 2180 1721 2234 loca
1753 2180 1820 2234 ad
1860 2180 1997 2233 idetu
2036 2193 2320 2247 argumen-

733 2278 846 2320 tum
879 2268 1198 2337 pertinentia
1229 2268 1329 2323 sub
1359 2284 1465 2323 uno
1494 2278 1785 2337 conspectu
1830 2268 2166 2323 locabuntur.
2192 2268 2323 2323 Bre-

733 2359 912 2412 vitatis
946 2358 1105 2428 igitur
1130 2374 1291 2414 causa
1316 2369 1469 2415 notas
1494 2358 1677 2415 Savilii
1711 2369 1764 2414 ct
1793 2358 2082 2413 Frontonis
2107 2358 2314 2429 delegi-

730 2464 881 2515 mus,
903 2458 957 2505 et
988 2449 1055 2504 ad
1091 2451 1294 2506 calcem
1331 2452 1591 2523 cujusque
1626 2452 1757 2506 tomi
1796 2451 2072 2521 posuimus
2108 2465 2199 2503 eas
2236 2465 2326 2504 so-

733 2541 874 2608 lutn,
904 2556 1024 2611 qua:
1066 2540 1383 2598 videbantur
1417 2542 1483 2597 ad
1518 2559 1632 2599 rem
1672 2540 2042 2613 explicandam
2066 2549 2323 2610 opportu-

733 2646 818 2685 ιιιιξ

731 2779 756 2847 ς
785 2776 919 2832 Vill.
939 2778 1102 2832 —-De
1132 2781 1568 2848 interpretatione
1602 2778 1797 2831 Latina
1829 2792 2046 2844 operum
2075 2777 2313 2844 Lliryso-

795 2874 973 2925 stanti.
1018 2871 1335 2927 Retinentur
1365 2874 1607 2940 pristinae
1646 2870 2106 2937 interpretationes
2147 2866 2313 2920 variis

795 2963 852 3015 in
898 2962 1027 3016 locis
1077 2963 1402 3025 emendatae;
1443 2960 1565 3015 libri
1621 2968 1828 3014 tantum
1884 2960 1956 3015 De
2006 2956 2316 3015 sacerdotio

801 3069 935 3109 nova
957 3055 1193 3107 versione
1221 3056 1510 3110 donantur.

794 3264 948 3321 Circa
989 3262 1480 3332 interpretationem
1521 3274 1743 3330 operum
1784 3260 1842 3316 S.
1881 3260 2102 3314 Joannis
2139 3258 2316 3330 Chry-

725 3354 945 3410 sostomi
992 3351 1084 3408 ditt
1126 3351 1431 3417 limrebam,
1478 3360 1532 3405 et
1578 3349 1717 3405 inter
1760 3350 1969 3405 diversa
2020 3349 2314 3404 amicorum

725 3445 945 3500 consilia
987 3442 1153 3498 animi
1196 3442 1522 3511 peudebam:
1562 3442 1810 3495 volebant
1852 3441 1940 3495 alii
1984 3457 2176 3496 novam
2203 3456 2317 3494 om.

727 3536 872 3591 nium
900 3532 1391 3602 interpretationem
1421 3546 1451 3585 a
1485 3546 1572 3586 me
1604 3530 1889 3595 adornari;
1922 3532 2008 3584 alii
2037 3548 2101 3585 ex
2132 3532 2317 3601 pristi-

725 3627 810 3684 nis
836 3640 1033 3698 paucas
1055 3624 1383 3687 conservari,
1406 3624 1704 3693 corrigiqtte
1727 3632 1925 3689 tamen,
1947 3624 2114 3677 sicubi
2135 3638 2320 3679 emcn-

724 3718 939 3775 datione
979 3730 1115 3786 opus
1156 3714 1438 3770 baberent.
1480 3714 1605 3769 llaec
1635 3729 1761 3768 vero
1790 3713 1886 3768 fuit
1924 3729 2137 3783 semper
2172 3715 2319 3769 onmi

725 3808 1037 3879 exceptione
1067 3805 1327 3875 majorum
1349 3806 1747 3874 amicorumque
1772 3806 2008 3859 virorum
2031 3807 2314 3873 sententia,

725 3899 903 3955 Caroli
928 3898 1137 3968 Cangii,
1165 3896 1503 3966 Emericique
1529 3896 1739 3967 Bigotii,
1762 3898 2077 3965 quibuscum
2100 3896 2317 3953 senibus

724 3991 935 4061 juvenis
971 3989 1098 4044 olim
1129 3987 1404 4053 versabar,
1436 3996 1492 4040 ttt
1519 4002 1586 4041 ne
1620 3989 1839 4041 semotis
1875 3988 2202 4041 laudatorum
2233 3988 2317 4042 in-

727 4089 1022 4152 terpretum
1062 4078 1398 4134 versionibus
1442 4092 1588 4132 meas
1617 4077 2022 4140 substituerent;
2054 4078 2107 4130 id
2148 4079 2319 4145 ipsum

726 4172 995 4244 prtecipue
1039 4185 1135 4240 per
1172 4169 1355 4225 literas
1418 4170 1670 4224 mouebat
1709 4168 1943 4224 Joannes
1984 4168 2317 4235 Cotelerius,

727 4272 1010 4335 attwquam
1036 4263 1348 4319 Graecorum
1376 4262 1593 4317 Patrum
1628 4262 1951 4317 editionibus
1978 4277 2193 4316 manum
2221 4262 2320 4317 ad-

727 4370 1021 4411 moverent.
1053 4354 1235 4422 Neque
1259 4369 1389 4409 vero
1414 4355 1530 4409 sine
1553 4355 1728 4423 aliqua
1752 4355 2065 4410 temeritatis
2090 4364 2213 4409 nota
2236 4371 2321 4411 me

730 4459 1103 4515 aggressurum
1127 4444 1394 4508 dicebant,
1425 4453 1481 4498 ut
1503 4443 1895 4501 laudatissimas
1923 4445 2039 4500 illas
2064 4446 2321 4516 interpre-

733 4535 962 4589 tationes
985 4534 1119 4590 meis
1139 4542 1534 4605 postponerem.
1564 4535 1743 4606 Itaque
1766 4552 1869 4590 non
1896 4543 1956 4591 ut
1977 4538 2321 4594 convertendi

734 4625 969 4681 laborem
1009 4624 1431 4695 subterfugerem
1476 4625 1612 4697 (non
1655 4627 1797 4682 enim
1840 4629 2008 4682 multo
2033 4631 2210 4682 minus
2248 4629 2324 4683 la-

734 4715 881 4771 boris
905 4716 1046 4771 inest
1080 4716 1135 4770 in
1162 4715 1509 4771 emendandis
1548 4717 1616 4772 de
1643 4718 1806 4772 verbo
1833 4718 1899 4772 ad
1933 4721 2148 4772 verbum
2186 4720 2321 4773 alio-

737 4823 853 4864 rum
879 4807 1423 4877 interpretationibus,
1454 4824 1612 4879 quam
1641 4808 1693 4862 in
1722 4809 1871 4862 novis
1893 4809 2322 4877 concinttandis),

737 4898 833 4955 sed
877 4909 936 4955 ut
975 4899 1133 4954 tantis
1160 4898 1289 4954 viris
1316 4914 1517 4954 morem
1547 4915 1787 4970 gererem
1810 4940 1823 4963 ,
1877 4900 1927 4953 in
1971 4898 2073 4955 lioc
2110 4898 2323 4953 demum

738 4990 1009 5061 proposito
1030 4990 1240 5045 substiti
1262 5008 1276 5043 :
1309 4997 1367 5043 ut
1398 5003 1585 5044 omnes
1606 5006 1818 5059 prorsus
1840 4990 2128 5045 Frontonis
2150 4991 2324 5045 [ὶιιαιξὶ

739 5082 1205 5153 interpretationes
1233 5097 1535 5148 servarem,
1567 5083 1665 5135 nisi
1690 5098 1810 5137 cum
1834 5127 1848 5150 ,
1878 5084 2203 5139 variantibus
2230 5099 2325 5138 co-

737 5176 977 5241 dicibus,
1008 5176 1257 5230 mutanda
1298 5175 1457 5230 lectio
1485 5184 1598 5238 est,
1639 5185 1693 5229 et
1723 5176 2087 5244 interpretatio
2115 5193 2326 5246 quoque

740 5273 975 5319 mutetur
1005 5272 1247 5333 Oportet;
1280 5266 1363 5321 vel
1403 5279 1522 5319 cum
1554 5265 1655 5318 alia
1681 5266 2009 5320 commodior
2035 5278 2086 5321 et
2125 5267 2327 5323 Cra-cis

741 5358 1118 5428 congrtteutior
1140 5373 1242 5412 vox
1276 5367 1367 5413 aut
1407 5359 1655 5427 periodus
1681 5360 1839 5413 etiam
1881 5360 2061 5414 Latina
2096 5376 2216 5417 Sese
2243 5362 2327 5416 of-

742 5451 873 5513 fert;
902 5448 1044 5521 quod
1067 5449 1431 5520 infrequenter
1454 5452 1632 5507 evenit
1657 5468 1668 5505 :
1700 5466 1845 5514 nam,
1870 5451 2050 5518 ntjam
2074 5453 2323 5521 diximus,

744 5553 884 5598 inter
933 5544 1164 5613 optimos
1208 5544 1529 5614 interpretes
1574 5544 1692 5613 jure
1751 5544 1950 5599 Fronto
1994 5558 2322 5602 muneratur.

746 5635 950 5690 Erasmi
986 5650 1193 5705 quoque
1221 5646 1275 5691 et
1313 5636 1496 5691 Jacobi
1537 5635 1670 5690 Billii
1712 5636 1985 5691 vcrsioucs
2014 5637 2126 5704 pari
2168 5640 2328 5691 modo

741 5726 1044 5781 retinendas
1090 5728 1292 5781 censui.
1348 5728 1586 5782 Aliorum
1638 5738 1814 5781 autem
1866 5728 2327 5797 interpretationes

743 5826 835 5869 ant
868 5818 1027 5872 variis
1058 5819 1109 5872 in
1152 5818 1284 5872 locis
1312 5819 1620 5874 emendatas
1661 5819 2003 5886 retinuituus,
2045 5834 2165 5875 cum
2197 5823 2327 5877 satis

743 5921 988 5967 accurate
1014 5909 1457 5984 Cltrvsostomum
1494 5926 1735 5971 orantem
1764 5915 1999 5970 referunt
2020 5958 2034 5980 ,
2063 5919 2144 5971 vel
2173 5934 2324 5987 pror-

745 6017 835 6056 sus
865 6002 1141 6069 rejeciams
1168 6014 1219 6058 et
1245 6017 1408 6059 novas
1431 6004 1717 6076 edidimus,
1749 6007 1959 6079 quando
1989 6008 2089 6064 illae
2120 6019 2326 6065 veteres

3907 626 3997 670 XVI

2422 721 2529 762 non
2577 718 2819 779 poterant
2860 712 3064 768 medica
3104 723 3265 773 manu
3306 719 3372 774 ad
3412 720 3604 778 bonam
3648 726 4005 787 conditionem

2421 803 2682 855 revocari.
2716 804 2860 857 Alias
2920 806 3046 859 item
3076 809 3476 878 paraphrastice
3522 814 3839 884 adornatas,
3888 838 4006 893 quae

2423 889 2581 962 longo
2606 895 2890 952 verborum
2922 897 3183 955 inutilium
3211 902 3436 961 circuitu
3466 909 3730 965 fastidium
3756 889 3970 982 pariunt
3989 958 4004 980 ,

2422 998 2645 1053 prorsus
2682 990 3073 1061 ablegavimus,
3116 1008 3384 1064 novasque
3438 1005 3755 1069 paravimus.
3810 1006 4005 1075 llujus-

2422 1077 2567 1132 modi
2592 1090 2715 1136 sunt
2742 1084 3013 1140 Godefridi
3039 1084 3303 1141 Tilmanui
3333 1100 3386 1143 et
3412 1093 3634 1148 aliorum
3656 1099 4007 1167 quoruuulam

2423 1167 2911 1263 iii-terpretationes,
2940 1194 3058 1249 qua:
3086 1179 3402 1235 redundanti
3431 1184 3517 1237 illa
3538 1186 3827 1244 dictionum
3856 1193 4008 1263 copia

2423 1258 2862 1332 Chrysostomnm
2884 1312 2897 1329 .
2926 1271 3015 1339 qui
3048 1270 3220 1337 inopia
3246 1271 3452 1327 dicendi
3482 1291 3766 1347 numquam
3797 1258 4009 1337 labora-

2422 1350 2528 1416 vit,
2559 1354 2921 1413 verbosiorem
2962 1378 3116 1431 quam
3151 1378 3244 1431 par
3271 1366 3339 1417 sit
3376 1364 3633 1420 referunt.
3667 1370 3785 1425 lllas
3821 1388 4007 1428 onines

2423 1444 2690 1500 variorum
2724 1448 3213 1520 interpretationes,
3245 1469 3277 1509 e
3313 1456 3527 1524 regione
3563 1459 3866 1517 (Ira-corum
3892 1466 4009 1518 edi-

2426 1542 2540 1602 tas,
2586 1548 2873 1609 utcumque
2914 1546 3291 1601 emendaverat
3336 1546 3537 1600 Fronto
3584 1552 3806 1607 Ducaens
3836 1573 3850 1607 :
3880 1571 4011 1625 quas

2425 1643 2544 1683 cum
2588 1634 2666 1688 sic
2691 1635 2849 1690 etiam
2881 1640 3191 1696 emendatas
3235 1656 3338 1695 non
3368 1642 3588 1697 omnino
3614 1647 3892 1712 probaret,
3922 1663 4009 1703 se-

2425 1722 2615 1777 cundis
2640 1727 2783 1780 curis
2813 1728 3004 1783 iterum
3045 1731 3312 1801 corrigere
3354 1733 3404 1786 in
3448 1734 3878 1790 annotationibus
3902 1740 4011 1793 suis

2427 1824 2509 1867 est
2532 1830 2830 1886 aggressus.
2858 1820 3051 1875 Verum
3074 1864 3087 1887 ,
3122 1825 3193 1878 uti
3215 1824 3323 1893 jam
3362 1825 3592 1880 diximus
3612 1868 3626 1889 ,
3656 1842 3837 1880 carum
3868 1846 4012 1897 qua:-

2427 1902 2547 1960 dam
2588 1908 2657 1960 ita
2687 1911 3017 1965 concinnam
3054 1924 3208 1979 sunt,
3258 1918 3426 1971 utvix
3464 1932 3526 1972 ac
3568 1934 3633 1972 ne
3673 1919 3758 1974 vix
3798 1919 4011 1987 quidem

2428 2000 2631 2064 possint
2660 2002 2871 2070 corrigi.
2903 2003 3181 2059 Nonnulla:
3211 2022 3369 2070 vero,
3398 2010 3581 2077 quales
3610 2022 3732 2065 sunt
3770 2012 3973 2067 Erasmi
3992 2055 4008 2078 ,

2424 2087 2606 2142 Jacobi
2638 2091 2807 2153 Billii,
2841 2092 3090 2147 Germani
3120 2096 3283 2151 Brixii
3305 2139 3319 2161 ,
3360 2099 3686 2169 Sigismundi
3726 2102 3931 2158 Gelenii
3959 2116 4012 2160 et

2423 2178 2647 2233 aliorum
2676 2197 2780 2235 non
2811 2182 3092 2240 infeliciter
3112 2187 3384 2244 adornata:
3403 2231 3419 2256 ,
3448 2194 3637 2262 corrigi
3672 2205 3924 2262 possunt,
3957 2208 4012 2254 ιιι

2424 2285 2522 2324 nos
2548 2271 2713 2327 libere
2742 2272 2983 2341 fecimus,
3022 2277 3109 2331 ubi
3138 2294 3355 2336 necesse
3384 2282 3553 2337 visum
3586 2296 3686 2338 est.
3717 2286 3907 2343 Libros
3932 2297 4013 2342 ta-

2425 2377 2546 2415 men
2586 2362 2653 2418 de
2690 2363 3033 2432 Sacerdotio,
3080 2369 3202 2425 licet
3243 2387 3271 2424 a
3306 2372 3571 2430 Germano
3610 2377 3789 2433 Brixio
3829 2379 4015 2436 Latine

2425 2454 2667 2509 conversi
2696 2466 2904 2523 essent,
2945 2474 3080 2512 nova
3123 2461 3556 2533 interpretatione
3585 2468 3859 2526 donandus
3883 2487 4013 2528 cen-

2426 2543 2663 2608 suimus,
2702 2547 2823 2614 quia
2866 2548 3113 2603 nimirum
3146 2553 3234 2608 ille
3267 2556 3610 2626 parapltrasin
3642 2560 3710 2615 ibi
3740 2562 3848 2617 fere
3872 2578 4014 2619 sem-

2427 2647 2521 2702 per
2545 2633 2812 2691 ail‘ectavit
2831 2679 2846 2703 ,
2890 2641 3029 2709 quod
3064 2657 3234 2712 genus
3263 2646 3641 2716 interpretandi
3673 2652 3799 2706 viris
3827 2669 4014 2711 eumn-

2424 2730 2523 2814 cte
2561 2727 2705 2780 naris
2743 2727 3029 2785 admodum
3075 2732 3339 2802 diSpIicet.
3376 2739 3449 2792 Ea
3490 2756 3651 2809 porro
3675 2758 3885 2814 semper
3919 2746 4014 2803 fuit

2424 2812 2651 2869 instituti
2694 2820 2863 2873 nostri
2896 2822 3068 2887 ratio,
3117 2833 3175 2877 ut
3213 2825 3612 2894 interpretando
3651 2812 3875 2889 mediam
3915 2851 4011 2892 ceu

2423 2904 2560 2956 viam
2585 2912 2890 2963 teneremus
2918 2912 3056 2965 inter
3076 2915 3616 2984 parapltrasticam,et
3644 2924 3923 2991 strigosam
3944 2926 4012 2980 il-

2425 2997 2527 3051 lam
2548 2998 2739 3065 aiiam,
2762 3016 2881 3070 qum
2911 3000 3096 3059 Graaca
3125 3006 3455 3075 pedetentim
3482 3020 3536 3065 et
3566 3012 3730 3068 nimio
3760 3016 4014 3086 scrupulo

2423 3100 2776 3145 ωιιεθοιθιυτ.

2428 3240 2456 3312 §
2487 3240 2577 3296 IX.
2605 3273 2676 3284 —-
2705 3242 2784 3297 De
2806 3245 2986 3301 ordine
3014 3248 3289 3302 multarum
3315 3251 3445 3304 inter
3470 3268 3526 3305 se
3559 3254 3881 3311 [comitiorum
3897 3260 4011 3328 jam

3089 3340 3337 3397 restituto.

2496 3464 2652 3519 Aliud
2684 3467 2736 3521 in
2781 3467 2881 3523 bac
2917 3468 3153 3525 editione
3182 3474 3527 3541 praestitimus
3564 3491 3670 3531 non
3710 3478 3884 3533 minus
3912 3496 4012 3536 ne-

2422 3558 2735 3623 cessarium,
2769 3575 2865 3613 nec
2888 3564 3062 3615 minus
3082 3563 3148 3617 ad
3171 3563 3610 3635 Chrymstomum
3642 3569 4008 3628 illustrandum

2422 3659 2795 3715 opportunum.
2830 3650 2961 3704 Cum
2992 3668 3183 3721 nempe
3210 3652 3435 3709 Sat-ilius
3468 3666 3522 3711 et
3559 3656 3755 3715 Fronto
3791 3660 4010 3717 Ducmus

2423 3737 2617 3807 ubique
2644 3748 2907 3793 terrarum
2951 3744 3236 3811 perquisita
3266 3744 3320 3799 S.
3350 3744 3585 3801 doctoris
3613 3762 3773 3817 opera
3800 3750 4011 3807 confer-

2421 3826 2514 3881 tim
2556 3828 2893 3897 accipcrcut,
2944 3848 3046 3884 non
3090 3834 3219 3887 satis
3258 3835 3540 3893 advertere
3579 3848 3859 3907 potuerunt
3904 3859 4008 3913 qua

2419 3916 2559 3972 serie
2594 3927 2649 3972 et
2686 3918 2874 3975 ordine
2908 3922 3086 3975 multa:
3117 3922 3349 3978 humilia:
3389 3925 3624 3982 locanda:
3658 3941 3870 3993 essent;
3915 3933 4010 3987 scd

2419 4006 2539 4062 illas
2576 4016 2635 4062 ut
2663 4007 2772 4062 fors
2801 4009 3001 4065 ferebat
3035 4011 3314 4079 locabant,
3354 4016 3423 4070 ab
3452 4018 3515 4071 iis
3535 4058 3551 4082 ,
3592 4032 3711 4087 qua:
3739 4035 3842 4073 uua
3869 4021 4010 4078 serio

2419 4099 2547 4169 poni
2586 4098 2920 4165 debuerant,
2964 4102 3122 4174 longo
3166 4106 3338 4173 spatio
3380 4107 3693 4176 disjunctas.
3741 4110 3815 4164 Ea
3842 4112 3910 4166 de
3950 4126 4009 4168 re

2418 4202 2549 4243 vero
2575 4190 2649 4243 illi
2674 4191 2961 4261 aliquando
2989 4210 3039 4246 tu
3082 4196 3224 4248 notis
3250 4207 3603 4264 monuerunt,
3635 4199 3720 4252 ubi
3749 4210 4008 4257 mutatum

2419 4293 2640 4350 operum
2678 4281 2838 4336 situm
2866 4284 3389 4349 animadverteram;
3422 4287 3616 4356 saepius
3653 4298 3829 4344 autem
3862 4291 4008 4347 illum

2419 4382 2806 4442 prteposterum
2866 4372 3109 4428 ordinem
3162 4375 3469 4429 nullatenus
3507 4388 3807 4433 sensrruut.
3861 4380 4006 4436 Illam

2417 4478 2548 4521 vero
2577 4466 2845 4536 propriam
2878 4466 3072 4519 seriem
3102 4481 3205 4519 non
3245 4481 3310 4521 ex
3341 4482 3656 4538 argumento
3688 4480 3890 4527 tantum
3923 4487 4010 4529 as-

2418 4555 2570 4626 sequi
2617 4570 2931 4626 possumus,
2972 4554 3066 4608 sed
3109 4556 3267 4610 etiam
3319 4557 3623 4624 frequenter
3665 4576 3735 4617 ex
3775 4559 4008 4635 Chryso—

2419 4648 2576 4703 stomi
2602 4647 2894 4717 prooemiis,
2923 4644 3010 4698 ubi
3037 4647 3229 4715 prioris
3256 4649 3486 4704 liotuili:e
3520 4651 3796 4722 bypotliesi
3823 4669 3882 4709 se
3913 4654 4011 4709 ad-

2421 4737 2526 4791 buc
2556 4738 2607 4791 in
2647 4737 2946 4807 posteriore
2974 4736 3175 4793 h:erere
3217 4742 3547 4808 testificatur,
3577 4744 3658 4796 vel
3688 4745 3845 4799 etiam
3885 4760 4007 4801 cum

2422 4826 2618 4880 multas
2661 4838 2942 4881 enumerat
2966 4840 3113 4883 certo
3141 4829 3328 4886 ordine
3369 4833 3554 4888 eadem
3590 4834 3655 4889 de
3685 4851 3742 4889 re
3776 4836 4006 4890 habitas.

2420 4914 2554 4970 Nam
2590 4915 2728 4970 solet
2758 4916 2846 4972 ille
2876 4928 3242 4989 argumentum
3284 4922 3424 4978 idem
3469 4926 3519 4977 in
3565 4926 3742 4977 multis
3776 4926 4005 4981 ltomiliis

2424 5015 2782 5074 pertractare;
2815 5009 2884 5063 ita
2926 5021 2982 5065 ut
3006 5028 3124 5082 qtne
3164 5014 3412 5068 dicuntur
3439 5016 3487 5067 in
3516 5014 3688 5083 aliqua
3716 5017 4001 5081 concione,

2421 5111 2539 5151 cum
2572 5110 2827 5168 sequente
2866 5101 3202 5167 eolt:ereaut,
3248 5114 3301 5157 et
3332 5105 3408 5159 sic
3453 5120 3571 5158 cum
3615 5106 3881 5174 plerispte
3913 5120 4005 5175 po-

2420 5191 2733 5245 steriorilius
2763 5195 2910 5262 quasi
2950 5203 3191 5249 catenam
3235 5196 3485 5251 efficiant.
3521 5197 3640 5249 ll:rc
3667 5196 4001 5253 bomiliarum

2422 5283 2748 5351 perturbatio
2777 5285 2914 5352 apud
2940 5284 3191 5340 Savilium
3211 5331 3226 5355 ,
3258 5291 3351 5344 sed
3388 5290 3581 5357 sa'pius
3607 5289 3743 5357 apud
3774 5289 4001 5345 Fronto-

2422 5390 2541 5429 nem
2587 5376 2832 5429 Duewuu:
2879 5376 3209 5433 observatur.
3260 5380 3500 5433 llomilim
3542 5380 3685 5432 verbi
3727 5381 3889 5447 gratia
3936 5381 4002 5436 de

2419 5466 2948 5535 locompreltensibili
2977 5480 3029 5523 et
3054 5484 3239 5527 eontra
3280 5476 3566 5527 Anontazos
3587 5513 3600 5534 ,
3646 5474 3849 5540 priores
3881 5474 4001 5542 qui-

2418 5558 2539 5614 dem
2584 5574 2685 5612 nua
2727 5568 2783 5613 et
2824 5562 2995 5615 nativa
3037 5566 3175 5618 serie
3213 5574 3500 5635 ponuntur,
3546 5564 3636 5617 sed
3682 5568 3999 5631 posteriores

2418 5650 2687 5704 distracta:
2732 5660 2855 5705 sntit
2898 5664 2951 5707 et
2998 5657 3179 5721 procul
3231 5658 3413 5726 posilze
3463 5655 3512 5707 iu
3564 5665 3788 5722 utroque
3830 5658 3991 5714 edito.

2418 5741 2555 5808 Quid
2598 5752 2775 5795 autem
2824 5743 2944 5798 liinc
2987 5745 3290 5802 detrimenti
3334 5756 3569 5815 emergat
3611 5746 3711 5800 hoc
3753 5751 3995 5821 exemplo

2417 5834 2734 5901 cotnperies.
2778 5834 3017 5891 Halesius
3055 5840 3105 5892 in
3153 5840 3299 5894 Notis
3339 5838 3616 5893 Savilianis
3641 5854 3759 5893 own
3788 5840 4000 5913 legisset

2419 5923 2698 5979 Ποίυίίίῖηη
2727 5926 2793 5982 de
2820 5926 3020 5987 Lazaro
3050 5932 3403 6001 quati-iduano
3430 5943 3483 5984 et
3508 5931 3575 5987 de
3601 5932 3791 5993 thristi
3824 5939 3996 6008 preci-

2420 6019 2549 6081 bus,
2591 6032 2704 6087 qtae
2750 6023 2880 6076 inter
2927 6022 3041 6077 il‘as
3072 6033 3253 6079 contra
3287 6025 3568 6081 Ait-“123336
3614 6027 3856 6087 betuilias
3888 6032 3992 6100 jac:
