4466 6740
345 689 452 727 XVII

331 798 468 841 nona
498 795 825 848 numeratur,
854 784 996 837 illam
1022 780 1411 851 Chrysostomo
1432 777 1754 847 abjudicavit
1779 795 1793 831 :
1822 778 1913 848 qui

330 875 374 929 si
405 890 532 931 mox
555 876 771 948 legisset
798 874 940 927 illam
962 913 975 938 ,
1008 886 1126 941 qute
1149 871 1256 942 jam
1289 870 1410 926 huic
1438 869 1671 925 colueret
1690 910 1705 934 ,
1734 878 1920 938 estque

330 982 558 1023 numero
582 966 817 1027 decima,
862 977 894 1017 a
923 962 1011 1016 tali
1044 962 1181 1017 haud
1220 963 1378 1017 dubie
1404 959 1605 1029 judicio
1629 958 1919 1013 abstinuis-

327 1068 429 1113 set.
466 1059 524 1114 ln
555 1058 655 1111 hac
680 1055 873 1124 quippe
900 1056 1215 1124 posteriore,
1242 1070 1359 1123 qua:
1387 1050 1517 1105 nulli
1546 1049 1645 1104 fuit
1671 1065 1918 1119 umquam

327 1148 625 1220 suSpicioni
659 1146 915 1211 obnoxia,
958 1146 1144 1202 eadem
1191 1161 1335 1211 srepe
1373 1143 1567 1212 repetit
1602 1141 1923 1211 (Zhrysosto-

335 1256 478 1303 mus,
509 1253 629 1307 qua:
651 1238 701 1291 in
729 1239 889 1308 priori
916 1239 1144 1301 dixerat,
1174 1250 1339 1305 seque
1365 1235 1417 1288 in
1445 1234 1529 1287 illa
1557 1232 1755 1287 dixisse
1773 1247 1925 1285 eom-

334 1337 620 1386 mcmnrat.
664 1328 856 1384 Verum
902 1331 1024 1399 quia
1073 1329 1218 1397 prior
1265 1337 1408 1380 tome
1452 1326 1638 1396 qttinto
1682 1323 1921 1391 jacebat,

338 1419 602 1490 posterior
630 1435 753 1473 vero
780 1430 924 1472 tomo
951 1429 1102 1473 sexto
1134 1427 1250 1487 post
1275 1428 1532 1471 centenas
1559 1417 1724 1469 ferme
1757 1414 1925 1467 inter-

339 1510 560 1577 pOsitas,
585 1526 687 1562 non
714 1510 945 1564 advertit
971 1509 1236 1571 llalesius,
1266 1509 1319 1561 in
1346 1509 1444 1560 hac
1468 1506 1745 1575 posteriori
1778 1504 1926 1573 prio-

341 1599 414 1651 ris
460 1599 782 1653 authentiam
828 1599 1014 1653 asseri.
1041 1598 1095 1652 ln
1125 1598 1358 1651 editione
1409 1596 1603 1663 pariter
1646 1592 1932 1646 Frontonis

344 1688 515 1740 llut‘u'i
561 1689 640 1740 huc
671 1690 907 1742 ltontilizn
947 1691 1103 1756 longo
1148 1685 1425 1740 intervallo
1466 1683 1746 1751 disiuncta}
1788 1691 1930 1734 sunt.

350 1776 621 1846 Vulgatunt
654 1794 783 1832 sane
826 1787 938 1842 est,
990 1792 1108 1844 qum
1140 1775 1434 1844 peregrinis
1475 1774 1527 1827 in
1571 1774 1704 1827 locis
1729 1781 1937 1826 exstant

345 1873 678 1940 peregrinum
710 1872 891 1934 olere,
921 1880 974 1923 et
1016 1883 1409 1938 quamcumque
1440 1883 1550 1920 rem
1597 1866 1805 1919 nonnii
1839 1880 1938 1918 suo

345 1958 463 2012 loco
504 1975 629 2013 suas
660 1970 833 2027 partes
864 1958 1085 2027 implere
1125 1972 1301 2025 posse.
1346 1957 1533 2010 Parem
1576 1955 1939 2025 perturbatio-

350 2065 471 2106 nem
494 2050 861 2119 deprehendas
890 2050 940 2103 in
965 2049 1209 2104 lietniliis
1235 2058 1420 2103 contra
1451 2049 1685 2113 Judmos,
1715 2064 1938 2117 quarum

348 2144 644 2195 secundau
715 2148 772 2194 et
848 2140 1056 2194 tertiam
1104 2140 1290 2209 quinto
1337 2151 1479 2193 lOﬂlﬂ
1522 2142 1697 2209 posuit
1740 2140 1939 2194 Fronto

351 2229 608 2293 Ducmus,
636 2244 729 2285 sex
773 2245 901 2284 vero
943 2230 1173 2297 reliquas
1217 2229 1387 2299 primo
1434 2229 1783 2299 tomo:qnod
1836 2229 1937 2283 nisi

348 2319 651 2376 advertatur
690 2329 942 2390 quantam
987 2320 1039 2372 in
1080 2320 1418 2386 chronologia
1452 2319 1618 2386 pariat
1656 2320 1937 2387 caliginem

350 2409 473 2464 vide
499 2411 571 2463 sis
597 2411 646 2462 in
670 2410 873 2461 monito
901 2416 1084 2461 nostro
1104 2407 1170 2460 ad
1212 2407 1470 2460 llomilias
1497 2415 1679 2460 contra
1705 2408 1806 2461 Jnd
1824 2422 1938 2459 ros.

351 2498 472 2551 Pari
498 2497 656 2551 modo
683 2497 964 2565 disjnnctzn
992 2495 1202 2549 fuerant
1229 2496 1462 2549 ltotnilite
1491 2504 1597 2549 tres
1623 2495 1692 2549 de
1727 2496 1945 2548 Diabqu

356 2593 648 2648 tentatore,
683 2599 815 2653 quas
846 2598 944 2638 suo
964 2584 1152 2637 ordine
1185 2584 1238 2637 in
1266 2583 1365 2638 hac
1387 2584 1621 2639 editione
1649 2585 1933 2654 posuimus.

357 2674 482 2728 llzec
513 2674 564 2727 in
595 2673 767 2742 primo
796 2686 849 2728 et
870 2674 1106 2728 secundo
1136 2682 1302 2728 tonio.

428 2762 506 2818 Ex
537 2765 691 2818 tertio
721 2771 868 2819 torno
905 2763 1046 2817 aliud
1077 2765 1379 2832 exemplum
1421 2762 1762 2831 proferimus.
1800 2762 1946 2817 Lon-

356 2871 475 2923 gam
538 2855 731 2909 seriem
784 2854 1119 2908 homiliarum
1185 2854 1443 2907 habuerat
1497 2853 1944 2924 Chrysostomus,

357 2962 581 3016 quarum
607 2947 695 3000 ille
724 2946 964 3000 ordinem
988 2947 1055 2999 ita
1082 2946 1227 2999 clare
1255 2961 1359 3000 non
1390 2946 1557 2999 semel
1588 2946 1858 3011 enuntiat,
1887 2953 1946 2998 ut

360 3053 427 3092 ne
452 3037 535 3092 vel
576 3038 854 3091 minimum
890 3037 1034 3092 dubii
1070 3036 1137 3091 de
1180 3036 1369 3091 ordine
1407 3052 1688 3106 superesse
1732 3037 1944 3105 possit:

360 3128 429 3180 ita
456 3142 582 3181 vero
608 3127 877 3194 diSpositte
902 3135 1055 3181 erant
1083 3128 1185 3180 illa:
1211 3127 1496 3181 conciones
1517 3169 1532 3193 ,
1573 3136 1635 3182 ut
1678 3127 1947 3196 posterior

362 3215 553 3283 prioris
580 3230 795 3283 semper
821 3224 1187 3284 argumentum
1218 3226 1647 3284 prosequet'etur.
1676 3217 1945 3285 Erantque

363 3307 465 3361 ilhc
491 3320 717 3361 numero
745 3321 957 3370 novem,
982 3321 1205 3374 quarum
1231 3308 1463 3376 quinque
1487 3309 1692 3377 priores
1715 3309 1766 3360 in
1790 3306 1948 3362 Prin—

363 3396 551 3462 cipium
569 3395 809 3449 Actorum
826 3396 1283 3462 inseribebantur;
1305 3407 1529 3466 quatuor
1555 3408 1733 3451 autem
1765 3408 1946 3467 poste-

366 3486 535 3538 riores
576 3485 639 3537 de
669 3484 951 3537 Mutatione
979 3483 1256 3538 Nominum
1275 3526 1290 3550 ,
1320 3487 1599 3539 occasione
1638 3487 1949 3542 mutationis

366 3577 596 3630 nominis
633 3576 778 3631 Sauli
801 3577 850 3629 in
874 3576 1114 3630 Paulum.
1147 3578 1222 3631 Ex
1247 3578 1327 3630 his
1347 3593 1474 3632 vero
1501 3594 1689 3633 novem
1718 3579 1951 3634 bomiliis

366 3678 489 3721 octo
518 3676 721 3722 tantum
756 3668 808 3721 in
832 3679 1054 3737 utraque
1078 3667 1309 3723 editione
1335 3679 1646 3738 comparent
1674 3687 1687 3723 :
1720 3670 1952 3725 secunda

366 3761 508 3814 enim
530 3760 829 3825 exciderat,
862 3776 979 3828 qua!
1002 3760 1112 3829 jam
1139 3770 1349 3828 reperta
1377 3772 1475 3814 est.
1496 3761 1629 3814 Octo
1643 3770 1819 3815 autem
1849 3762 1952 3816 ilhe

368 3848 601 3903 Itontilim
618 3861 762 3903 tomo
775 3850 959 3918 quinto
972 3850 1218 3903 editionis
1231 3848 1603 3902 Frontoniante
1617 3851 1949 3912 exstant,sed

368 3939 632 4008 susdeque
660 3940 846 4009 positze
871 3956 886 3993 :
916 3940 1085 4009 prima
1129 3954 1358 4008 namque
1395 3955 1513 4008 pag.
1546 3940 1651 3995 556
1700 3939 1947 4007 habetur,

368 4028 601 4084 secunda
641 4029 913 4084 exciderat
942 4040 997 4081 ttt
1033 4029 1298 4093 diximus,
1343 4029 1494 4082 tertia
1526 4045 1578 4100 p.
1610 4030 1734 4096 151,
1763 4040 1950 4099 quarta

371 4136 424 4189 p.
451 4118 587 4184 589.,
616 4118 794 4189 quinta
826 4134 879 4188 p.
912 4119 1034 4180 851.
1068 4128 1217 4172 sexta
1245 4134 1298 4187 p.
1328 4118 1454 4183 544,
1482 4120 1705 4188 septima
1734 4135 1786 4189 p.
1819 4120 1945 4187 850,

369 4220 554 4266 octava
579 4226 631 4281 p.
667 4209 786 4273 ιθι,
812 4224 947 4262 nona
974 4224 1027 4278 p.
1056 4208 1180 4264 568.
1208 4208 1373 4277 Major
1396 4208 1569 4263 adhuc
1593 4210 1796 4265 ordinis
1825 4226 1952 4280 per-

374 4305 605 4360 turbatio
632 4304 684 4358 in
718 4303 949 4357 editione
973 4302 1236 4357 Saviliana
1268 4300 1723 4370 deprehenditur:
1756 4303 1809 4356 in
1848 4319 1953 4372 qua

375 4396 606 4451 homiliae
633 4396 747 4450 ista:
778 4394 936 4447 variis
957 4393 1009 4447 in
1036 4393 1191 4447 tomis
1218 4391 1485 4447 distractae
1512 4400 1566 4445 et
1590 4401 1849 4461 separatae
1878 4392 1955 4447 le—

371 4494 586 4557 guntur.
616 4484 757 4539 Cave
795 4495 971 4538 autem
1000 4482 1051 4536 id
1077 4481 1158 4536 vel
1198 4480 1394 4537 Savilio
1419 4481 1501 4535 vel
1542 4480 1795 4535 Frontoni
1825 4481 1951 4536 vitio

374 4588 550 4634 vertas
583 4594 597 4631 :
638 4591 762 4631 nam
803 4575 1206 4647 properantibus
1253 4573 1609 4645 typographia:
1654 4572 1833 4643 operis
1870 4572 1952 4627 ha:

372 4669 605 4727 bomilia:
632 4670 918 4737 separatim
963 4666 1323 4727 accedebant,
1368 4680 1538 4734 neque
1566 4663 1789 4718 fortasse
1831 4678 1954 4732 spa-

377 4762 504 4815 tium
544 4767 658 4814 erat
699 4758 765 4812 ad
796 4774 979 4812 earum
1009 4756 1415 4813 restaurandum
1453 4756 1715 4810 ordinem.
1758 4755 1812 4809 ln
1854 4754 1954 4810 hac

378 4866 505 4907 vero
532 4860 712 4904 nostra
739 4848 973 4902 editione
1001 4848 1085 4902 ha:
1111 4864 1300 4903 novem
1330 4849 1560 4903 Ιιοιιιίιίω
1589 4848 1733 4919 (nam
1759 4863 1955 4903 secun-

376 4942 475 5007 da,
517 4955 633 5011 qua:
667 4937 893 5000 latebat,
935 4952 998 4991 ex
1043 4937 1277 4991 tenebris
1318 4939 1571 5009 emersit)
1601 4955 1698 4994 suo
1733 4939 1953 5007 ordine,

377 5031 513 5086 duce
555 5028 969 5100 Chrysostomo,
1018 5026 1069 5079 in
1118 5028 1274 5080 tertio
1313 5035 1458 5081 tomo
1505 5041 1789 5098 ponentur,
1833 5045 1954 5084 eum

380 5122 578 5189 prmvio
604 5119 819 5184 Monilo,
840 5117 923 5172 ubi
944 5117 1079 5171 idem
1101 5118 1213 5187 ipse
1237 5118 1368 5172 ordo
1394 5128 1449 5172 ut
1468 5121 1731 5191 genuinus
1756 5122 1959 5191 perSpi-

378 5227 477 5267 cue
516 5221 800 5265 asseretur.
854 5210 1083 5264 Plurima
1132 5211 1234 5264 alia
1268 5212 1502 5279 proferre
1548 5227 1825 5280 possemus
1854 5212 1956 5265 Ιιιι-

375 5302 606 5372 jusmodi
652 5300 1057 5374 perturbationis
1081 5303 1345 5369 exempla,
1370 5302 1461 5356 sed
1489 5301 1603 5356 lta-c
1630 5303 1679 5354 in
1712 5302 1955 5372 praesenti

380 5394 510 5448 satis
557 5403 746 5456 erunt;
776 5404 964 5447 caetera
991 5391 1197 5446 erudito
1228 5391 1413 5447 lectori
1442 5394 1496 5448 in
1534 5394 1710 5464 operis
1731 5393 1957 5448 decursu

381 5486 713 5541 observanda
742 5484 1103 5555 relinquimus.

384 5595 413 5665 ς
446 5597 512 5652 Χ.
534 5627 605 5639 —
634 5596 711 5651 De
729 5597 1073 5652 distributione
1092 5603 1339 5648 (amorum
1361 5597 1415 5649 in
1440 5598 1704 5652 Saviliana
1724 5605 1767 5651 et
1795 5594 1964 5650 Fron-

926 5688 1129 5741 toniana
1154 5683 1417 5740 Editt‘onc.

450 5796 568 5852 Jam
595 5800 660 5854 ad
691 5800 934 5855 ordinem
963 5808 1019 5855 et
1040 5796 1465 5853 distributionem
1496 5808 1762 5856 tomorum
1790 5798 1965 5871 Chry-

384 5889 605 5941 sostomi
631 5892 945 5945 veniamus:
978 5906 1079 5957 qua
1111 5891 1162 5943 in
1192 5902 1252 5942 re
1278 5890 1396 5958 plus
1425 5887 1564 5944 inest
1605 5891 1965 5956 dillicultatis,

383 5989 541 6043 quam
572 5979 732 6047 vulgo
774 5981 1043 6036 credatur.
1085 5982 1263 6052 Longe
1304 5980 1569 6035 diversam
1619 5982 1966 6039 distribuendi

383 6067 687 6124 taethmlmn
734 6074 943 6141 sequuti
975 6085 1090 6129 sunt
1123 6076 1347 6130 Sariiius
1371 6082 1424 6129 et
1468 6074 1666 6130 Fronto
1702 6078 1960 6141 l‘uevus;

1766 663 2150 722 PBJEFATIO.

3487 680 3614 725 XVII

2028 790 2218 836 neuter
2244 790 2418 837 tamen
2460 785 2631 853 potuit
2670 796 2823 847 eam,
2864 796 3022 854 quam
3069 780 3168 837 sibi
3197 784 3611 854 prmscripserat,

2030 887 2272 929 normam
2292 874 2538 929 retinere.
2562 875 2705 929 Duas
2726 888 2853 928 vero
2872 875 2922 928 in
2946 884 3123 943 partes
3143 882 3363 944 possunt
3383 872 3438 927 S.
3457 874 3617 929 Joan-

2030 964 2115 1019 nis
2141 963 2503 1033 Chrysostomi
2549 980 2709 1034 opera
2743 974 3036 1033 generatim
3080 963 3331 1033 distingui
3360 981 3373 1016 :
3405 963 3456 1016 in
3488 978 3619 1032 opu-

2029 1055 2175 1108 scula
2195 1054 2527 1119 videlicet,et
2551 1056 2602 1109 in
2635 1054 3046 1108 commentarios
3064 1054 3285 1109 in\'etus
3308 1053 3622 1122 Nuruman

2032 1144 2456 1199 Testamentum.
2504 1144 2734 1200 Savilius
2772 1145 3182 1199 commentarios
3213 1145 3383 1213 primo
3408 1144 3619 1215 posuit,

2034 1234 2069 1288 ii
2097 1249 2227 1287 vero
2266 1246 2493 1302 quatuor
2518 1235 2717 1303 primos
2745 1245 2920 1288 tomos
2947 1245 3238 1300 occupant;
3282 1234 3534 1304 Opuscula
3569 1234 3620 1290 in

2033 1326 2381 1395 seqttentihus
2424 1328 2582 1379 tomis
2630 1327 2905 1389 locantur;
2956 1326 3007 1380 in
3051 1326 3235 1395 quittto
3283 1344 3473 1396 nempe
3519 1328 3622 1383 hoc

2034 1416 2180 1471 ritu:
2218 1416 2270 1469 l°
2295 1414 2582 1470 Sernmnes
2624 1417 2675 1469 in
2720 1416 2834 1470 loca
2876 1430 3042 1469 saera:
3074 1416 3381 1483 Scriptnrte.
3411 1415 3467 1469 2°
3491 1416 3623 1471 Ser-

2036 1522 2225 1561 mones
2271 1510 2569 1578 panegyrici
2624 1508 2962 1563 Sanctorum.
3014 1507 3074 1563 5°
3120 1508 3409 1563 Sermones
3449 1508 3623 1564 dubia!

2037 1597 2158 1651 ﬁdei
2214 1599 2265 1651 in
2306 1599 2419 1654 loca
2464 1616 2629 1653 saerze
2677 1601 2984 1671 Scripturm.
3035 1600 3093 1655 4°
3119 1600 3406 1656 Sermones
3458 1618 3623 1672 pane-

2036 1690 2201 1759 gyrici
2244 1691 2418 1743 dubiae
2469 1691 2614 1744 lidei.
2672 1692 2728 1744 In
2760 1702 2912 1745 sexto
2955 1702 3133 1745 autent
3182 1701 3369 1746 torno:
3405 1694 3457 1748 1°
3487 1693 3621 1748 Tra-

2039 1789 2209 1834 ctatus
2247 1780 2399 1833 varii.
2448 1780 2505 1833 2°
2538 1780 2614 1834 De
2660 1780 2861 1834 Statuis
2903 1781 3172 1834 orationes
3220 1796 3324 1834 una
3356 1792 3409 1836 et
3454 1782 3627 1852 vigin-

2043 1871 2115 1934 ti,
2164 1887 2296 1937 quas
2343 1882 2640 1941 sequuntur
2682 1872 2771 1925 alii
2802 1886 3082 1927 sermones
3132 1873 3260 1925 varii
3309 1874 3627 1941 argumenti.

2045 1960 2101 2012 5°
2142 1960 2421 2015 Orationes
2467 1977 2531 2017 ex
2581 1964 2741 2016 variis
2784 1962 3150 2034 Cltrysostotni
3196 1962 3327 2017 locis
3364 1964 3617 2017 Consarci-

2048 2058 2206 2115 nata‘,
2238 2053 2732 2117 ηυειδᾋπανθίσματα
2759 2068 2852 2105 seu
2877 2052 3154 2121 Fiorilegia
3178 2060 3391 2107 vocant.
3423 2052 3480 2107 4⁸
3501 2051 3621 2107 Ora-

2048 2139 2219 2193 tiones
2267 2139 2511 2207 quaedam
2556 2142 2818 2208 ambigua:
2871 2142 3014 2195 tidei.
3061 2142 3115 2195 In
3164 2153 3309 2197 tomo
3358 2145 3628 2213 septimo:

2049 2233 2102 2286 l°
2135 2232 2419 2301 Epistohe,
2453 2233 2745 2302 prtemissis
2774 2232 2980 2287 duabus
3022 2234 3349 2287 orationibus
3378 2249 3511 2303 quas
3535 2251 3632 2289 ex-

2047 2323 2147 2375 silii
2185 2325 2264 2375 sui
2296 2332 2535 2392 tempore
2571 2323 2991 2394 Cltrysostomus
3027 2325 3227 2378 emisit.
3269 2323 3329 2377 2°
3354 2323 3543 2394 Spttria
3584 2325 3636 2380 itt

2050 2411 2162 2465 loca
2232 2414 2541 2482 Scripturae.
2600 2415 2657 2467 δ’
2711 2415 3001 2468 Sermones
3072 2416 3374 2485 panegyrici
3445 2415 3636 2485 spurii.

2052 2503 2108 2556 4°
2133 2504 2414 2558 Ttaetatus
2444 2506 2572 2557 varii
2596 2506 2781 2572 spurii.
2814 2505 2871 2559 5°
2897 2506 3180 2560 Orationes
3200 2507 3441 2574 qnmdatn
3469 2506 3611 2561 atnbi

2051 2607 2168 2662 guze
2202 2592 2339 2647 tidei.
2373 2593 2429 2647 6°
2452 2593 2739 2662 Florilegia
2765 2594 3133 2664 Chrysostomi
3161 2611 3189 2646 a
3220 2594 3502 2650 Theodoro
3527 2595 3637 2649 Ma-

2051 2688 2219 2754 gistro
2261 2686 2507 2739 collecta.
2556 2686 2611 2737 7°
2652 2685 2933 2739 Orationes
2981 2684 3222 2754 qu-rdam
3273 2684 3639 2755 CIn-ysostomi

2051 2776 2259 2831 Latine.
2281 2777 2334 2831 In
2358 2786 2546 2833 octavo
2568 2786 2712 2830 tonto
2735 2796 2748 2831 :
2780 2778 2830 2830 l°
2848 2778 3127 2832 Orationes
3149 2777 3391 2847 qua-dant
3425 2777 3475 2832 in
3504 2793 3641 2845 prte-

2052 2867 2365 2922 cedentibus
2404 2868 2563 2922 tomis
2600 2868 2836 2923 omissa).
2864 2868 2922 2921 2°
2956 2868 3097 2922 Varii
3128 2867 3417 2937 scriptores
3444 2867 3514 2922 de
3536 2867 3640 2921 vita

2053 2957 2274 3012 Joannis
2300 2957 2697 3028 Cbrysostomi,
2731 2967 2785 3013 et
2815 2959 2962 3013 initia
2993 2958 3231 3012 onmium
3272 2956 3640 3028 Chrysostonti

2052 3049 2393 3113 orationum,
2434 3064 2499 3103 ac
2544 3058 2727 3118 pestea
2772 3049 3142 3118 epistularum.
3191 3049 3247 3103 3°
3277 3048 3427 3102 Nota:
3454 3046 3638 3103 Savilii

2053 3150 2107 3196 et
2136 3139 2363 3193 aliorum
2390 3139 2441 3193 in
2470 3140 2649 3194 omnia
2690 3139 2748 3195 S.
2773 3138 2996 3194 Joannis
3032 3138 3404 3211 Chrysostomi
3433 3152 3597 3208 Opera
3622 3156 3636 3192 :

2050 3246 2170 3302 qua:
2201 3238 2341 3283 notm
2366 3229 2654 3283 maximam
2679 3229 2857 3283 octavi
2884 3229 3011 3282 torni
3040 3238 3243 3297 partem
3272 3237 3558 3297 occupant.

2140 3319 2322 3390 Longe
2380 3321 2540 3373 aliam
2598 3318 2949 3373 distribuendi
3014 3317 3325 3372 methodum
3384 3327 3641 3388 sequutus

2054 3412 2257 3467 Fronto
2304 3412 2549 3477 Ducatus,
2582 3412 2754 3481 primo
2781 3421 2926 3465 tumo
2951 3410 3129 3480 posuit
3154 3411 3407 3479 opuscula
3451 3410 3637 3475 multa,

2053 3515 2208 3556 orsus
2236 3502 2304 3555 ab
2324 3501 2567 3555 llomiliis
2609 3500 2676 3555 ad
2706 3500 2959 3570 populum
2998 3500 3391 3555 Antiochenunt
3436 3500 3488 3555 in
3518 3499 3642 3556 Sta-

2057 3603 2194 3658 tuas,
2218 3593 2409 3662 quibus
2443 3592 2681 3647 subdidit
2715 3593 2819 3646 alia
2858 3593 3110 3662 opuscnla
3146 3593 3278 3647 varii
3305 3593 3642 3663 argumenti;

2058 3693 2168 3738 tum
2210 3699 2490 3739 sermones
2534 3686 2902 3757 panegyricos,
2935 3684 3179 3739 llomilias
3205 3685 3272 3739 tle
3300 3685 3641 3751 Pmnitentia,

2057 3772 2221 3827 libros
2252 3774 2320 3827 de
2362 3773 2529 3838 Fato,
2558 3783 2609 3828 et
2650 3775 2753 3827 alia
2802 3788 2988 3843 pauca.
3027 3773 3227 3827 Horum
3259 3775 3488 3829 maxima
3519 3790 3644 3845 pars

2058 3862 2371 3931 Antiochiai,
2392 3879 2491 3918 nec
2516 3865 2615 3918 nisi
2635 3864 2949 3933 paucissima
2960 3864 3419 3935 Constantinopoli
3446 3866 3643 3923 emissa

2054 3964 2194 4008 sunt.
2226 3954 2281 4008 In
2331 3956 2570 4009 secundo
2597 3966 2741 4010 tonio
2761 3999 2774 4021 ,
2808 3956 3063 4010 llomilias
3089 3971 3183 4011 seu
3213 3957 3642 4013 Commentarios

2055 4045 2109 4100 in
2131 4045 2379 4101 Genesitn
2405 4063 2421 4112 ;
2458 4058 2507 4104 et
2537 4057 2719 4116 postea
2763 4049 2967 4117 aliquot
3004 4046 3250 4102 homilias
3276 4048 3328 4103 lll
3357 4048 3520 4104 Vetus
3543 4049 3645 4107 Te-

2059 4149 2407 4206 stamentum,
2433 4139 2483 4192 in
2507 4140 2651 4195 varia
2680 4139 3020 4194 scilicetltinc
3045 4150 3100 4195 et
3128 4139 3250 4194 inde
3270 4150 3478 4209 sumpta
3508 4142 3641 4196 loca.

2058 4231 2115 4286 In
2150 4232 2304 4285 tertio
2343 4240 2488 4285 tonio
2519 4231 2773 4286 llomilias
2815 4246 2908 4287 seu
2943 4231 3369 4286 Commentarios
3410 4233 3459 4302 in
3494 4232 3643 4287 Psal-

2060 4338 2215 4389 mos,
2251 4334 2432 4393 postea
2475 4323 2926 4379 Cotnmentarinm
2976 4324 3027 4377 in
3074 4333 3196 4378 octo
3238 4323 3409 4392 Capita
3454 4323 3640 4379 lsaim:

2060 4413 2158 4468 sub
2200 4414 2312 4470 hmc
2339 4414 2592 4470 llomilias
2622 4416 2674 4469 in
2712 4415 2889 4469 varios
2918 4414 3161 4471 Psalmos
3187 4429 3281 4470 seu
3313 4414 3643 4470 l’salmorum

2059 4516 2257 4574 partes.
2310 4506 2365 4560 In
2394 4518 2586 4576 quarto
2635 4518 2780 4561 tomo
2817 4508 2983 4561 libros
3021 4507 3087 4562 de
3130 4506 3442 4563 Sacerdotio
3470 4524 3483 4560 :
3513 4520 3647 4577 quos

2056 4606 2353 4666 sequuntur
2378 4596 2590 4666 quidam
2647 4596 2766 4651 libri
2804 4598 3021 4651 ascetici
3068 4598 3324 4651 adversos
3372 4613 3645 4668 Oppugna-

2060 4698 2203 4743 tores
2228 4688 2349 4741 vitte
2374 4688 2707 4752 monastiete,
2735 4685 2801 4740 ad
2824 4686 3170 4749 Demetrium,
3194 4686 3259 4740 ad
3283 4685 3637 4753 Steleehium.

2060 4783 2124 4839 ad
2150 4782 2434 4853 Stagirium
2458 4822 2472 4844 ,
2518 4779 2586 4835 de
2626 4778 3076 4846 subintroductis,
3121 4788 3231 4834 tum
3261 4781 3360 4834 alia
3398 4779 3643 4849 quaedam

2063 4890 2224 4945 opera
2252 4872 2555 4944 permixtim
2582 4870 2742 4934 edita,
2775 4870 2978 4939 liturgia
3006 4869 3373 4942 Chrysostomi
3404 4871 3644 4937 nomine,

2065 4969 2325 5040 epistolze,
2349 4968 2559 5022 demum
2587 4965 2674 5018 alii
2705 4962 2916 5033 quidam
2948 4962 3107 5019 libelli
3149 4972 3295 5018 extra
3338 4964 3511 5019 locum
3548 4981 3643 5035 po-

2063 5061 2171 5121 siti.
2195 5061 2316 5130 quia
2363 5058 2562 5112 tardius
2590 5065 2942 5111 accesserant.
2976 5054 3033 5110 In
3074 5058 3261 5127 quinto
3290 5066 3438 5113 tomo
3466 5058 3643 5114 homi-

2065 5154 2163 5210 lias
2188 5151 2352 5206 edidit
2384 5150 2438 5204 in
2467 5150 2610 5203 varia
2657 5148 2786 5203 Novi
2814 5146 3143 5203 Testamenti
3175 5149 3315 5215 loca,
3341 5160 3450 5205 tuin
3482 5165 3643 5220 pane-

2063 5244 2275 5316 gyricos
2300 5256 2574 5296 sermones
2601 5241 2652 5295 in
2677 5240 3040 5296 solemnitates
3066 5239 3284 5307 Christi,
3308 5251 3363 5297 et
3387 5241 3437 5295 in
3469 5241 3645 5295 divum

2067 5336 2311 5399 Paulum,
2343 5334 2558 5389 demum
2586 5332 2853 5388 orationes
2884 5342 2936 5387 et
2956 5333 3209 5403 opuscula
3244 5334 3469 5403 plurima
3499 5342 3647 5388 extra

2067 5427 2240 5482 locum
2272 5426 2461 5495 posita,
2491 5425 2613 5495 quia
2643 5424 2847 5478 tardius
2876 5424 3031 5479 allata
3070 5433 3213 5479 sunt.
3246 5422 3302 5477 ln
3328 5435 3478 5478 sexto
3507 5432 3651 5477 tomo

2068 5517 2317 5573 homilias
2344 5516 2554 5585 spurias
2603 5515 2828 5576 locavit,
2875 5530 3008 5585 quas
3048 5522 3339 5583 sequuntur
3370 5511 3649 5582 Florilegia

2071 5626 2136 5665 ex
2164 5610 2327 5663 variis
2348 5606 2716 5678 Chrysostomi
2747 5605 3094 5661 orationibus.
3127 5603 3202 5657 Eo
3223 5613 3401 5658 antem
3427 5604 3653 5659 consilio

2073 5702 2299 5756 Ducieus
2342 5699 2589 5755 homilias
2634 5699 2690 5752 in
2721 5699 2865 5753 varia
2901 5696 3031 5750 Novi
3068 5694 3396 5750 Testamenti
3441 5696 3557 5751 loca
3602 5695 3654 5749 in

2071 5794 2316 5864 quintum
2345 5802 2542 5847 tomum
2569 5790 2821 5859 reiecisse
2865 5788 3093 5851 videtur,
3121 5797 3180 5842 ut
3210 5803 3328 5857 qum
3355 5786 3420 5840 ad
3452 5785 3653 5840 Novum

2075 5887 2473 5941 Testamentum
2501 5880 2854 5951 pertinebant,
2884 5887 3003 5949 post
3030 5878 3443 5933 commentarios
3473 5876 3524 5929 in
3556 5874 3657 5929 Ve—

2077 5991 2162 6036 tus
2190 5980 2590 6035 Testamentum
2639 5974 2817 6030 locum
2862 5971 3158 6029 haberent:
3196 5969 3341 6042 quasi
3374 5983 3500 6024 vero
3536 5977 3657 6023 tan-

2083 6085 2186 6131 tam
2214 6071 2524 6127 al’linitatem
2566 6084 2682 6125 eum
2729 6068 3125 6125 commentariis
3164 6066 3390 6121 habeant
3429 6062 3659 6119 houiilim
