4466 6762
797 734 923 799 illae,
952 751 1072 806 qua:
1097 751 1128 792 a
1155 738 1401 809 quapiam
1428 740 1719 811 Scriptura:
1746 755 1914 796 sacra:
1954 742 2189 797 clausula
2231 759 2383 812 argu-

796 838 1037 883 mentum
1068 841 1395 887 mutuantur.
1417 829 1576 887 Certe
1602 834 1645 887 si
1683 831 1985 900 hujusmodi
2018 837 2269 892 homilias
2289 853 2383 905 pro

798 922 1194 974 commentariis
1228 922 1519 976 habeamus
1542 965 1559 989 ,
1591 940 1699 976 non
1750 940 1931 993 pauca:
1971 928 2307 996 reperientur
2331 928 2382 979 in

800 1011 972 1078 primo
999 1021 1141 1064 tomo
1168 1011 1397 1068 homilia:
1442 1014 1743 1085 hujusmodi
1766 1059 1778 1079 ,
1805 1034 1869 1072 ex
1902 1019 2035 1074 Novi
2064 1022 2105 1075 Τ
2107 1019 2384 1076 estamenti

796 1101 1044 1156 clausulis
1063 1112 1434 1174 argumentum
1463 1117 1785 1172 mutuantes,
1807 1126 1927 1180 qua:
1957 1123 2082 1167 ante
2103 1113 2387 1168 Commen-

805 1193 968 1247 tarios
998 1194 1049 1247 in
1076 1193 1327 1251 Genesim
1372 1207 1427 1253 et
1473 1200 1526 1254 in
1556 1201 1721 1257 Vetus
1750 1204 2153 1259 Testamentum
2179 1206 2246 1259 ah
2272 1205 2387 1271 ipso

799 1282 1072 1341 Frontone
1086 1288 1272 1358 posita:
1290 1288 1523 1346 fuerunt.
1541 1294 1616 1348 Ex
1639 1294 1794 1349 dictis
1813 1296 1977 1366 liquet
1993 1311 2228 1351 summos
2249 1297 2387 1349 viros

800 1374 1059 1432 Savilium
1086 1388 1140 1433 et
1175 1381 1422 1436 Ducteum
1453 1384 1505 1436 in
1545 1385 1911 1440 concinnanda
1948 1402 2173 1455 operum
2222 1395 2276 1441 et
2307 1395 2389 1439 to«

800 1478 1011 1521 morum
1042 1467 1412 1525 distributione
1462 1487 1566 1525 non
1613 1487 1799 1540 parum
1850 1475 2178 1530 laboravisse
2223 1495 2237 1530 :
2288 1475 2387 1530 etsi

797 1557 996 1626 quippe
1035 1558 1085 1611 id
1112 1574 1177 1613 ex
1203 1561 1425 1615 arbitrio
1454 1571 1509 1616 ut
1540 1562 1826 1632 plurimum
1869 1565 2105 1635 pendere
2146 1576 2380 1636 putetur,

798 1662 904 1701 non
937 1649 1007 1703 ita
1039 1650 1193 1706 facile
1220 1661 1301 1707 est
1340 1653 1406 1708 ad
1434 1653 1659 1710 aliorum
1688 1656 1937 1726 placitum
1968 1668 2168 1712 tantam
2208 1657 2385 1727 supel-

799 1735 1033 1793 lectilem
1060 1740 1339 1798 ordinare.
1385 1742 1505 1799 Jam
1532 1747 1839 1801 monuimus
1867 1762 1967 1803 nec
2006 1748 2262 1804 Savilium
2294 1762 2394 1802 nec

800 1826 1053 1884 Ducteum
1072 1847 1229 1901 quem
1257 1834 1357 1888 sibi
1377 1837 1771 1905 prmstituerant
1790 1838 2031 1893 ordinem
2059 1854 2273 1895 servare
2296 1854 2393 1909 po-

802 1921 975 1978 tuisse
1005 1940 1019 1975 :
1048 1924 1171 1993 quia
1203 1935 1320 1995 post
1350 1926 1521 1983 editas
1560 1928 1856 1999 cujuspiam
1887 1930 2188 2000 argumenti
2220 1930 2394 1984 homi-

805 2012 904 2068 lias
936 2013 1316 2083 inexspectata:
1358 2017 1479 2070 alia:
1524 2018 1765 2087 ejusdem
1820 2020 2119 2089 argumenti
2155 2034 2397 2073 accesse-

800 2112 944 2158 runt.
976 2105 1111 2161 llinc
1130 2116 1233 2171 est,
1262 2107 1405 2177 quod
1434 2108 1575 2177 apud
1602 2108 1857 2164 Savilium
1890 2109 2052 2162 multa
2084 2109 2135 2161 in
2165 2108 2392 2175 septimo

803 2205 858 2251 et
882 2206 1075 2252 octavo
1105 2206 1253 2252 tomo
1304 2200 1659 2269 reperiantur,
1688 2215 1806 2267 qua:
1846 2199 1913 2252 ad
1946 2198 2115 2266 quinti
2157 2205 2213 2250 et
2251 2195 2389 2250 sexti

811 2287 1009 2341 seriem
1032 2288 1389 2356 pertinebant.
1408 2289 1716 2358 Pariterque
1744 2287 1946 2342 Fronto
1968 2288 2190 2342 Duc-.eus
2219 2287 2396 2356 aliqua

804 2379 856 2434 in
895 2389 1105 2449 quarto,
1134 2395 1254 2450 qua:
1297 2378 1455 2449 primi
1486 2379 1617 2434 tomi
1647 2387 1813 2445 sunt;
1849 2380 2014 2433 multa
2062 2379 2309 2432 similiter
2338 2378 2393 2432 in

803 2468 1008 2537 quinto,
1034 2484 1155 2540 qua:
1181 2469 1268 2525 vel
1295 2469 1363 2525 ad
1392 2469 1627 2539 primum
1653 2470 1739 2525 vel
1782 2469 1850 2524 ad
1895 2479 2146 2541 quartum
2191 2477 2403 2539 Specta-

806 2561 952 2629 bant,
984 2561 1243 2632 reposuit.

805 2651 835 2722 5
859 2650 955 2705 XI.
982 2681 1055 2692 —
1096 2650 1177 2705 De
1204 2650 1554 2706 distributione
1578 2661 1829 2706 tantorum
1864 2653 1916 2705 in
1946 2662 2121 2706 nostra
2143 2652 2399 2705 Editione.

876 2740 1022 2796 Ordo
1071 2741 1285 2807 Savilii,
1338 2742 1428 2810 qui
1478 2741 1650 2811 primo
1694 2742 1813 2797 loco
1864 2743 2297 2796 Commentarios
2344 2742 2395 2793 in

806 2833 1134 2904 Scripturam
1192 2834 1388 2902 posuit,
1417 2834 1757 2903 quantumvis
1806 2834 2114 2903 placuisset,
2145 2847 2252 2886 non
2305 2846 2402 2900 po—

810 2936 949 2982 terat
973 2942 1004 2980 a
1034 2927 1188 2981 nobis
1215 2927 1459 2995 usurpari
1478 2926 1588 2980 'hac
1624 2926 1693 2982 de
1725 2940 1887 2980 causa
1920 2944 1934 2979 :
1967 2924 2401 2979 Commentarios

813 3021 869 3076 in
896 3020 1142 3076 Psalmos
1164 3020 1285 3091 plus
1318 3035 1478 3090 quam
1497 3018 1717 3073 dimidia
1745 3017 2086 3072 homiliarum
2110 3025 2262 3086 parte
2288 3030 2407 3069 mtt-

816 3110 943 3167 tilus
974 3110 1041 3165 ad
1076 3118 1313 3164 nostram
1347 3110 1592 3177 pervenit
1617 3117 1851 3163 aztatem.
1892 3106 2028 3177 Spes
2065 3116 2244 3160 autem
2295 3114 2410 3159 emt

818 3217 915 3256 nos
960 3215 1029 3256 ex
1056 3199 1292 3254 homiliis
1317 3200 1420 3253 illis
1457 3200 1751 3269 deperditis
1790 3215 1895 3253 non
1927 3214 2123 3269 paucas
2148 3214 2215 3253 ex
2254 3208 2404 3252 tene-

817 3290 927 3346 bris
954 3290 1238 3346 educturos
1259 3305 1415 3344 esse:
1450 3305 1641 3361 resque
1662 3291 1771 3359 jam
1803 3291 2051 3345 cessitex
2080 3298 2203 3345 voto
2237 3308 2251 3342 :
2283 3304 2406 3342 nam

820 3390 875 3435 ut
896 3389 1018 3435 ante
1046 3381 1363 3447 narrabam,
1413 3397 1517 3434 una
1552 3390 1607 3435 et
1652 3380 1866 3450 triginta
1909 3380 2144 3434 humilia:
2188 3380 2412 3435 sincerae

821 3473 874 3527 in
905 3472 1093 3543 Anglia
1113 3481 1341 3542 reperta:
1364 3479 1511 3537 sunt,
1539 3486 1763 3540 quarum
1789 3472 2013 3525 alteram
2058 3480 2261 3540 partem
2303 3471 2414 3539 jam

822 3566 1143 3635 exscriptam
1169 3574 1348 3631 teneo,
1375 3564 1602 3619 alteram
1628 3575 1902 3633 exspecto.
1933 3564 2121 3634 Neque
2150 3573 2417 3633 postrema

825 3660 1065 3715 fortassis
1110 3658 1215 3712 erit
1261 3657 1351 3711 illa
1400 3658 1673 3722 accessio;
1734 3672 1857 3709 nam
1906 3656 2142 3725 reliquas
2194 3657 2419 3708 amissas

830 3750 943 3822 pari
992 3748 1170 3804 studio
1217 3748 1611 3817 perquirimus,
1678 3756 1733 3801 et
1796 3746 1954 3817 fugax
2032 3759 2204 3800 aevum
2273 3757 2418 3812 εωρο

826 3843 950 3915 quid
996 3845 1252 3912 importat
1300 3840 1445 3895 novi.
1493 3840 1549 3894 Si
1603 3855 1730 3894 vero
1783 3855 1814 3893 a
1862 3836 2261 3893 commentariis
2306 3851 2417 3891 ca:-

830 3936 1132 4005 pissemus,
1184 3932 1442 4002 quidquid
1501 3932 1553 3985 in
1610 3932 1852 3987 Psalmos
1906 3932 2027 3985 novi
2077 3944 2417 3985 accessurum

830 4033 947 4079 erat
972 4066 988 4090 ,
1019 4032 1171 4078 extra
1199 4022 1442 4076 ordinem
1470 4032 1524 4075 et
1554 4022 1728 4076 locum
1760 4022 2059 4089 proprium,
2093 4034 2289 4088 magno
2312 4018 2421 4071 sci-

832 4117 953 4172 licet
982 4130 1105 4170 cum
1149 4112 1463 4182 dispendio,
1508 4112 1782 4181 jacuissct.
1838 4110 1988 4164 llunc
2029 4124 2156 4178 ergo
2201 4123 2422 4176 Operum

833 4218 1205 4274 tomornmque
1250 4204 1493 4259 ordinem
1520 4244 1535 4269 ,
1576 4218 1633 4257 re
1664 4211 1911 4256 accurate
1944 4215 2201 4270 perpensa
2222 4240 2239 4265 ,
2274 4198 2427 4252 nobis

838 4295 1220 4365 prtestituimus
1251 4312 1264 4348 :
1306 4294 1562 4361 opuscula
1587 4294 1817 4361 primum
1845 4292 2046 4355 omnia,
2079 4290 2312 4359 cujusvis
2331 4305 2428 4359 ge-

840 4390 985 4446 neris
1023 4390 1151 4452 sint,
1184 4388 1237 4442 in
1267 4388 1437 4440 tribus
1468 4387 1629 4441 tomis
1669 4385 1934 4455 prioribus
1976 4385 2247 4447 locamus;
2276 4398 2428 4437 com.

838 4481 1130 4540 tnentarios
1159 4495 1281 4535 cum
1304 4479 1514 4535 Veteris
1545 4488 1652 4533 tum
1698 4476 1830 4532 Novi
1868 4476 2192 4533 Testamenti
2222 4484 2426 4544 septem

841 4574 1167 4645 posteriores
1207 4570 1561 4640 occupabunt.
1595 4568 1862 4639 Opuscula
1892 4584 2019 4623 vero
2051 4568 2154 4621 hoc
2198 4569 2300 4622 ritu
2341 4566 2429 4620 di-

841 4664 1092 4720 viduntur
1122 4680 1135 4716 :
1167 4663 1340 4732 primo
1370 4661 1615 4731 ponimus
1644 4676 1707 4713 ea
1754 4675 1874 4728 qua:
1910 4660 1979 4713 ob
2007 4660 2315 4713 varietatem
2341 4673 2433 4711 ar-

840 4754 1080 4826 gumenti
1107 4768 1211 4807 non
1243 4761 1463 4822 possunt
1489 4753 1541 4805 in
1588 4766 1745 4803 unam
1775 4760 1828 4803 et
1855 4759 2057 4803 certam
2083 4749 2251 4818 redigi
2291 4748 2431 4802 clas-

841 4862 956 4903 sem
986 4861 1002 4910 ;
1030 4846 1222 4916 illaque
1252 4843 1547 4899 secundum
1574 4842 1815 4897 ordinem
1848 4841 2104 4911 temporis
2129 4882 2143 4907 ,
2174 4850 2431 4909 quantum

843 4938 1009 5004 licet,
1054 4937 1445 4991 constituimus.
1499 4936 1703 5003 Agnten
1759 4934 1961 4989 ducunt
2024 4946 2327 5001 parmncses
2369 4930 2437 4985 ad

842 5028 1186 5084 Theodorum
1231 5028 1435 5098 lapsum
1460 5070 1476 5095 ,
1523 5027 1647 5081 hinc
1685 5037 1983 5097 sequuntur
2014 5026 2135 5079 libri
2178 5023 2438 5079 adversus

841 5120 1250 5191 Oppugnatores
1286 5122 1409 5174 vitae
1454 5120 1785 5186 monastic-te,
1815 5119 1936 5173 libri
1960 5118 2029 5172 ad
2068 5116 2396 5171 Demetrium
2420 5155 2434 5180 ,

849 5210 916 5266 ad
956 5210 1284 5266 Stelechium
1308 5251 1323 5270 .
1358 5209 1427 5263 ad
1468 5210 1758 5279 Stagirium
1782 5250 1796 5275 ,
1848 5209 1917 5264 de
1958 5206 2394 5264 Snbintroductis
2418 5248 2432 5272 ,

848 5304 918 5360 de
939 5302 1271 5373 Virginitatc,
1302 5302 1370 5355 ad
1398 5302 1619 5356 Viduam
1640 5304 1903 5371 juniorem
1931 5321 1942 5355 :
1977 5302 2271 5358 secundum
2302 5309 2439 5356 tein-

850 5396 996 5468 poris
1021 5396 1219 5452 seriem
1261 5394 1525 5449 accedunt
1573 5395 1693 5450 libri
1736 5395 1803 5450 de
1841 5395 2150 5451 Saccrdotio
2173 5438 2189 5463 ,
2220 5396 2438 5451 homilia

850 5505 972 5546 cum
998 5489 1283 5560 presbyter
1322 5487 1421 5543 fuit
1459 5487 1773 5542 ordinatus:
1803 5488 1870 5542 de
1914 5487 2439 5557 lncomprehcnsihili

854 5590 909 5636 et
930 5589 1113 5633 contra
1137 5581 1425 5634 Anomazos
1452 5578 1697 5633 llomilia:
1720 5577 1831 5642 Xll,
1853 5590 2038 5633 contra
2060 5579 2272 5634 Jmlaros
2300 5577 2437 5641 V'lll;

848 5674 1094 5733 llomilia:
1152 5676 1219 5729 de
1254 5674 1506 5731 Kalendis
1534 5684 1589 5731 et
1640 5675 1707 5730 de
1752 5675 1953 5730 Lazaro
1999 5674 2105 5743 jam
2147 5686 2287 5730 octo.
2347 5674 2441 5729 lla:

847 5788 975 5828 vero
1003 5772 1231 5843 primum
1262 5780 1463 5827 tomum
1493 5772 1795 5827 absolvunt.
1825 5772 1900 5826 Ex
1931 5771 2031 5825 hac
2074 5772 2239 5840 prima
2269 5772 2441 5825 classe

850 5867 903 5917 in
931 5864 1171 5920 secundo
1202 5873 1350 5919 torno
1374 5865 1611 5920 llomilia:
1640 5865 1762 5920 XXI
1790 5866 1841 5919 in
1872 5865 2106 5927 Statuas,
2132 5863 2442 5917 catechescs

854 5956 999 6021 dum,
1028 5965 1138 6013 tres
1164 5957 1231 6013 de
1254 5957 1481 6013 Diabolo
1509 5968 1768 6013 tcntatore
1796 5958 2051 6023 homilim,
2077 5964 2131 6010 et
2162 5970 2351 6012 novem
2374 5954 2441 6010 de

855 6045 1184 6107 Pteuitentia.
1224 6050 1336 6108 lluc
1376 6049 1571 6107 desinit
1620 6050 1788 6121 prima
1818 6050 2038 6116 classis,
2070 6066 2186 6119 quae
2227 6050 2292 6105 ad
2323 6064 2440 6105 me.

2048 628 2109 683 D.
2152 628 2212 684 Β.
2254 626 2343 684 DE
2382 624 2843 686 MONTFAUCON
3998 625 4067 677 Ss

2490 741 2639 797 dium
2686 746 2851 799 ferme
2888 743 3107 799 secundi
3148 746 3280 800 tomi
3310 751 3578 822 pertingit.
3608 749 3851 807 Secunda
3890 753 4077 810 classis

2490 845 2574 888 est
2602 838 2921 891 conciouum
2967 836 3407 906 panegyricarum
3447 842 3512 896 de
3543 843 3692 899 festis
3741 844 3948 899 Domini
3977 862 4047 900 no

2491 929 2588 980 stri
2618 927 2743 983 Jesu
2773 930 2992 985 Christi.
3024 929 3266 984 Homilia:
3308 931 3362 984 in
3404 932 3625 990 Paulum
3673 948 3726 991 et
3765 938 3815 991 in
3843 936 4082 1007 reliquos

2493 1014 2756 1072 Sanctos:
2786 1019 2870 1073 ha:
2900 1020 3189 1076 secundum
3216 1019 3471 1074 claudunt
3494 1032 3716 1080 tomum.
3750 1028 3923 1083 Tertia
3946 1029 4087 1084 clas-

2496 1109 2571 1163 sis
2595 1120 2678 1163 est
2709 1110 3045 1165 homiliarum
3071 1126 3189 1181 qua:
3217 1126 3284 1165 ex
3309 1110 3477 1165 variis
3503 1110 3795 1183 Scriptura:
3831 1118 4085 1173 clausulis

2494 1210 2864 1267 argumentum
2900 1208 3248 1266 mutuantur;
3289 1199 3373 1254 ha:
3399 1214 3526 1254 vero
3567 1206 3903 1270 occupabunt
3938 1208 4085 1276 prio-

2497 1305 2612 1343 rem
2648 1299 2851 1357 partem
2880 1291 3008 1344 tomi
3038 1293 3201 1345 tertii.
3233 1293 3429 1358 Quarta
3459 1292 3649 1347 classis
3688 1306 3772 1349 est
3796 1300 4055 1367 Opuscula

2499 1395 2615 1432 rum
2638 1379 2705 1433 ad
2747 1389 2924 1433 motus
2951 1379 3595 1450 Constantinopolitanos,
3619 1392 3673 1438 et
3698 1385 3766 1439 ad
3796 1397 4087 1460 utrumque

2498 1470 3177 1544 SJoannisChrysostomi
3203 1474 3446 1529 exsilium
3467 1475 3866 1543 pertinentium.
3892 1480 4086 1545 Quinta

2498 1563 2689 1619 classis
2732 1564 3081 1634 epistolarum
3110 1566 3345 1619 omnium
3375 1584 3388 1619 :
3419 1574 3607 1636 quarta
3635 1575 3691 1621 et
3732 1570 3939 1637 quinta,
3965 1589 4085 1640 qua:

2504 1670 2749 1725 magnam
2782 1656 2979 1711 habent
3007 1658 3145 1711 inter
3160 1672 3218 1711 se
3242 1658 3569 1723 affinitatem,
3594 1666 3919 1727 postremam
3950 1664 4089 1717 tertii

2509 1750 2639 1803 torni
2692 1759 2897 1818 partem
2945 1750 3310 1819 complebunt.
3353 1750 3569 1816 Septem
3613 1764 3741 1805 vero
3766 1752 4093 1820 posteriores

2506 1843 2634 1896 tomi
2672 1857 2861 1895 omnes
2905 1842 3125 1895 omnino
3172 1843 3611 1908 commentarios,
3641 1843 3730 1912 qui
3773 1854 4090 1911 supersunt,

2506 1933 2947 2001 complectentur.
2996 1933 3172 2000 Atque
3221 1932 3274 1985 in
3338 1932 3442 1986 fine
3493 1934 3746 2002 postremi
3799 1933 4092 2003 fragmenta

2509 2024 2652 2076 varia
2680 2022 2969 2075 afferentur
3000 2030 3109 2075 lum
3141 2038 3205 2075 ex
3238 2022 3431 2077 Photio
3455 2064 3469 2085 ,
3496 2033 3607 2077 tum
3635 2041 3698 2078 ex
3726 2026 3845 2078 aliis
3872 2027 4096 2095 scripto-

2509 2114 2653 2166 ribus
2682 2123 2841 2182 atque
2879 2128 2943 2167 ex
2972 2113 3349 2179 manuscriptis
3392 2123 3661 2180 excerpta.
3697 2116 3861 2169 Dubia
3892 2132 4020 2171 vero
4044 2127 4099 2171 et

2507 2205 2688 2274 spuria
2726 2220 2888 2274 opera
2919 2205 2988 2259 ita
3018 2203 3341 2259 distribuere
3386 2205 3562 2259 conati
3593 2219 3798 2269 sumus,
3835 2216 3891 2259 ut
3921 2208 4097 2260 habita

2507 2297 2809 2367 argumenti
2840 2296 3047 2350 ratione
3077 2296 3128 2348 in
3162 2294 3319 2349 finem
3367 2295 3624 2365 cujusque
3670 2296 3797 2349 tomi
3846 2296 4099 2364 ablegcn-

2515 2400 2618 2444 tur.
2654 2390 2908 2444 Fatemur
2969 2399 3147 2442 tamen
3207 2404 3312 2441 non
3373 2388 3611 2457 potuisse
3659 2402 3758 2442 nos
3802 2387 3853 2441 id
3906 2389 4101 2456 ubique

2515 2490 2771 2550 praestare
2792 2498 2804 2532 :
2826 2480 2868 2533 si
2896 2480 3059 2541 cnim,
3085 2479 3313 2547 exempli
3342 2493 3521 2542 causa,
3543 2494 3729 2532 omnes
3754 2479 4102 2547 panegyricos

2514 2573 2724 2643 spurios
2751 2587 3029 2626 sermones
3058 2572 3109 2625 in
3139 2571 3245 2626 fine
3274 2570 3491 2625 secundi
3520 2571 3651 2624 tomi
3671 2611 3686 2635 ,
3716 2572 3802 2640 qui
3830 2570 3979 2624 locus
4006 2585 4101 2624 eo-

2512 2679 2630 2719 rum
2672 2663 2923 2731 proprius
2979 2671 3144 2728 erat,
3188 2663 3574 2731 posuissemus,
3627 2662 3678 2713 in
3722 2662 3937 2715 nimiam
3990 2675 4107 2713 mo-

2512 2754 2615 2806 lem
2670 2752 2929 2806 crevisset
2980 2752 3070 2805 ille
3139 2762 3315 2805 tomus
3372 2770 3385 2805 :
3438 2751 3785 2819 quamobrem
3851 2750 4106 2819 plurimos

2511 2841 2816 2910 hujusmodi
2836 2841 2903 2894 ad
2930 2850 3220 2909 sequentes
3250 2850 3424 2894 tomos
3446 2842 3667 2909 rejiccre
3697 2840 3865 2894 coacti
3897 2854 4101 2894 sumus.

2511 2932 2619 2988 Sed
2656 2932 2705 2986 id
2736 2931 3066 2987 levissimum
3097 2941 3200 2995 est,
3232 2930 3286 2983 ni
3325 2930 3502 2993 fallor,
3532 2929 3927 2983 incommodum
3951 2948 3962 2981 :
3986 2944 4106 2997 spu-

2514 3025 2591 3078 ria
2621 3023 2818 3091 quippe
2846 3031 2952 3075 tam
2984 3022 3163 3090 inepta
3194 3019 3508 3089 plerumque
3537 3027 3661 3071 sunt
3691 3027 3747 3071 ut
3791 3018 3964 3071 lucem
3994 3033 4104 3071 non

2518 3125 2843 3169 nwreautur.
2880 3113 2935 3167 In
2964 3112 3150 3167 decem
3181 3112 3338 3180 igitur
3379 3120 3553 3164 tomos
3595 3111 3773 3163 omnia
3806 3109 3863 3164 S.
3889 3108 4111 3164 Joannis

2520 3203 2888 3275 Chrysostomi
2934 3217 3094 3271 Opera
3134 3200 3570 3255 distribuentur:
3626 3197 3964 3253 undecimum
4017 3215 4112 3268 ap-

2519 3294 2748 3365 prndici,
2780 3294 2848 3348 de
2887 3308 2988 3361 qua
3020 3308 3143 3345 mox
3196 3300 3400 3359 agetur,
3432 3290 3782 3344 chIiuamus.
3817 3288 3922 3343 Sed
3948 3297 4107 3342 erunt

2521 3388 2751 3442 fortasse
2780 3387 2869 3453 qui
2900 3394 3179 3455 quaerant:
3206 3383 3495 3437 Frontonis
3519 3382 3695 3435 Ducmi
3726 3380 3890 3435 editio
3916 3380 4119 3434 duode-

2525 3480 2627 3533 cim
2659 3478 2817 3531 tomis
2844 3518 2857 3541 ,
2891 3476 3003 3530 sive
3032 3473 3281 3528 undecim
3328 3473 3517 3541 ampla:
3562 3471 3717 3524 molis
3758 3469 4116 3523 voluminibus

2528 3568 2822 3624 absolvitur
2858 3584 2871 3619 :
2920 3579 3028 3635 quo
3080 3574 3235 3633 pacto
3287 3563 3450 3631 igitur
3491 3570 3566 3615 tot
3608 3571 3814 3613 auctam
3842 3557 4118 3613 ancedotis

2530 3670 2712 3731 totque
2739 3658 2955 3713 monitis
2985 3656 3275 3709 editionem
3307 3652 3491 3707 decem
3535 3653 3585 3705 in
3629 3651 3989 3704 voluminibus
4024 3649 4110 3702 in-

2526 3751 2754 3805 eludas?
2784 3749 2837 3802 ld
2869 3748 2957 3818 qui
3003 3746 3118 3801 fieri
3170 3745 3402 3813 potuerit
3440 3742 3593 3796 facile
3635 3740 3895 3808 intelligas
3924 3740 3967 3793 si
3999 3756 4119 3810 per-

2525 3842 2727 3914 pendas
2756 3840 2911 3908 longe
2951 3836 3140 3906 majori
3168 3837 3353 3890 charta
3394 3844 3448 3888 et
3487 3833 3675 3902 pagina
3721 3847 3844 3885 usos
3876 3840 4120 3901 typogra-

2526 3936 2662 4005 phos
2693 3942 2902 3986 nostros
2932 3930 3088 3983 tomis
3118 3942 3309 3981 novem
3340 3935 3393 3979 et
3420 3924 3649 3979 dimidio
3674 3939 3737 3978 ea
3775 3924 3951 3977 omnia
3985 3937 4121 3976 con-

2529 4022 2747 4078 cludere
2773 4034 2929 4089 posse
2955 4060 2969 4083 ,
3004 4033 3123 4087 qua:
3155 4018 3206 4070 in
3248 4014 3496 4069 undecim
3528 4013 3813 4065 Frontonis
3840 4011 4124 4064 volumini-

2530 4114 2631 4168 bus
2677 4112 3038 4173 continentur,
3067 4108 3209 4179 quod
3254 4107 3363 4177 jam
3411 4106 3776 4173 experimento
3816 4101 4122 4155 didicimus.

2534 4208 2615 4262 Ad
2646 4208 2760 4261 hazc
2786 4222 2913 4260 vero
2943 4206 3125 4275 spuria
3159 4219 3278 4273 qua:
3311 4202 3361 4255 in
3401 4199 3688 4254 Frontonis
3735 4196 3971 4250 editione
4006 4208 4123 4246 am-

2536 4300 2681 4371 plum
2711 4298 2955 4352 volumen
3000 4296 3385 4359 conficiebant,
3418 4292 3470 4345 in
3514 4298 3696 4344 nostra
3743 4287 3975 4341 editione
4004 4300 4125 4338 cum

2537 4407 2602 4446 ex
2634 4404 2790 4458 supra
2827 4397 3118 4442 memorata
3159 4385 3361 4440 charta:
3402 4380 3799 4451 magnitudine,
3833 4388 3942 4431 tum
3969 4377 4126 4430 etiam

2537 4499 2605 4537 ex
2630 4482 2829 4535 minuta
2859 4488 3102 4550 typorum
3139 4476 3307 4531 forma
3329 4475 3395 4530 ad
3424 4472 3703 4528 dimidium
3733 4468 4014 4523 voluminis
4043 4483 4131 4521 re-

2539 4572 2847 4627 ducuntur:
2894 4570 3003 4638 jam
3054 4568 3216 4622 habes
3265 4565 3510 4622 undecim
3553 4563 3823 4617 volumina
3855 4562 3906 4614 in
3936 4574 4126 4615 novem

2538 4664 2774 4719 redacta.
2808 4663 3050 4730 Insuper,
3077 4660 3296 4714 sublatis
3338 4660 3439 4713 illis
3464 4655 3867 4729 paraphrasticc
3897 4653 4128 4708 adorna-

2543 4758 2608 4811 tis
2652 4754 2857 4810 Latinis
2900 4751 3446 4820 interpretationibus,
3493 4766 3612 4819 qute
3653 4748 3937 4801 verborum
3977 4743 4128 4812 copia

2544 4846 2935 4912 redundabant,
2964 4861 3081 4914 qua:
3113 4844 3217 4898 illis
3257 4843 3555 4897 substitute
3590 4850 3715 4893 sunt
3753 4839 3909 4903 longe
3956 4834 4132 4888 minus

2545 4939 2700 5009 spatii
2726 4937 3080 5007 occupabunt,
3108 4936 3337 5005 hincque
3367 4930 3606 4987 nonnihil
3639 4928 3801 4983 etiam
3832 4941 3897 4980 ex
3926 4938 4131 4977 memo-

2546 5034 2674 5089 ratis
2726 5047 2916 5088 novem
2948 5029 3309 5085 voluminibus
3356 5024 3638 5079 deciditur.
3673 5019 3879 5087 Quibus
3908 5030 4132 5086 perSpe-

2545 5134 2643 5187 ctis
2674 5132 2827 5186 facile
2872 5128 3137 5195 intelligas
3176 5124 3228 5177 in
3257 5122 3443 5177 decem
3496 5118 3600 5173 illis
3638 5115 3891 5171 editionis
3936 5120 4131 5165 nostra:

2547 5223 2901 5279 voluminibus
2978 5230 3097 5273 tum
3154 5230 3221 5269 ea
3286 5227 3404 5283 qua:
3465 5226 3531 5264 cx
3601 5205 3837 5262 tenebris
3897 5202 4137 5259 eruimus

2547 5311 2917 5383 Chrysostomi
2945 5322 3136 5377 opera,
3168 5314 3276 5359 tum
3326 5304 3485 5358 etiam
3525 5300 3761 5366 monita,
3808 5297 3929 5369 plus
3976 5308 4135 5364 quam

2550 5425 2709 5462 unum
2742 5405 2987 5460 volumen
3017 5413 3277 5469 occupare
3315 5396 3414 5466 (α).

2554 5543 2583 5615 §
2615 5541 2727 5597 Xll.
2760 5570 2831 5580 -ο
2861 5538 2938 5591 De
2966 5534 3244 5607 appendice
3286 5547 3527 5603 perquam
3578 5525 3858 5581 m=cessaria
3906 5520 4136 5592 aperibus

2790 5633 2850 5686 S.
2883 5629 3101 5683 Joannis
3122 5624 3469 5697 Chrysostomi
3498 5617 3871 5691 subjungenda.

2628 5750 2769 5803 lntcr
2798 5762 2859 5800 ea
2891 5760 3008 5813 qua;
3036 5742 3101 5796 ad
3129 5742 3575 5812 Chrysostomtnn
3609 5728 3981 5786 illustrandum
4005 5744 4131 5782 con-

2620 5928 2671 5985 u)
2698 5924 2828 5974 Hattd
2846 5923 2995 5974 multo
3015 5930 3119 5985 post
3137 5921 3294 5971 sensit
3315 5928 3429 5986 sese
3446 5911 3578 5986 male
3590 5908 3938 5986 .prmjudimsse
3957 5918 4007 5986 l‘.
4018 5916 4134 5986 uep-
4178 5917 4187 5923 ·

2620 5928 2671 5985 u)
2698 5928 2828 5974 Haud
2846 5928 2995 5974 multo
3015 5930 3119 5985 post
3137 5928 3294 5971 sensit
3315 5928 3429 5967 sese
3446 5928 3574 5963 male
3598 5928 3933 5974 prwjuutcnssc
3957 5928 4002 5958 l'.
4024 5928 4134 5975 uou-

2552 5928 2867 6044 teS’aimmus;
2896 5989 2941 6037 in
2968 5987 3100 6037 tertii
3126 5985 3259 6033 enim
3279 5979 3395 6030 tomi
3418 5975 3700 6044 praefatione
3727 5974 3823 6035 jam
3848 5977 4012 6044 monet
4039 5970 4137 6015 ραι-

2556 6036 2741 6109 iiBiem’
2760 6036 2905 6114 usqu.
2940 6052 2985 6099 in
3005 6047 3239 6098 tredecim
3268 6036 3431 6094 tomos
3445 6036 3569 6089 forte
3591 6048 3856 6088 evasuram.
3896 6041 3953 6083 at.
