4466 6714
348 681 439 728 xu

348 787 488 843 ferre
518 799 780 859 possunt,
827 788 959 844 nihil
997 790 1365 858 opportunius.
1400 807 1520 845 meo
1548 788 1764 860 quidem
1793 787 1929 855 judi—

346 883 451 948 cio,
482 884 779 952 appendice
830 881 920 933 illa
970 880 1037 935 ad
1083 883 1281 938 calcem
1324 897 1546 952 operum
1594 878 1926 948 adjicienda,

346 987 465 1041 qua:
493 972 747 1028 editionis
774 970 1014 1025 ultimum
1045 980 1245 1028 tomum
1282 973 1569 1029 constituet
1601 985 1616 1025 :
1645 969 1762 1034 ubi,
1792 983 1927 1036 pra:-

346 1063 523 1118 missis
581 1069 822 1116 veterum
870 1061 938 1117 de
994 1063 1199 1120 Joanne
1253 1065 1640 1135 Chrysostomo
1694 1061 1931 1114 testimo-

344 1156 464 1216 niis,
498 1153 743 1208 diatribae
763 1156 996 1227 quinque
1023 1158 1269 1213 edentur.
1308 1158 1363 1211 ln
1388 1170 1570 1211 earum
1599 1154 1767 1222 prima
1796 1168 1924 1223 age-

342 1255 430 1300 tur
455 1245 524 1299 de
561 1244 770 1298 fortuna
796 1262 1018 1314 cperum
1053 1250 1185 1305 tanti
1228 1248 1466 1305 doctoris
1488 1288 1504 1312 ,
1547 1246 1720 1315 deque
1769 1245 1927 1298 variis

342 1334 724 1405 manuscriptis
748 1337 1020 1394 codicibus
1051 1341 1313 1410 ejusdem,
1343 1340 1434 1411 qui
1469 1339 1523 1393 in
1555 1337 1794 1407 plurimis
1816 1336 1925 1390 Eu-

340 1439 489 1493 ropae
537 1424 875 1481 bibliothecis
916 1430 1111 1499 ingenti
1149 1444 1372 1484 numero
1418 1427 1661 1482 feruntur
1692 1446 1704 1480 :
1734 1427 1777 1480 si
1825 1441 1925 1495 qua

339 1529 471 1569 vero
500 1516 552 1568 in
580 1516 645 1570 iis
673 1527 854 1572 notatu
883 1520 1036 1590 digna
1065 1531 1119 1575 et
1149 1520 1438 1590 singularia
1466 1520 1834 1583 observentur,
1864 1532 1926 1571 ea

342 1620 449 1659 non
492 1607 689 1677 pigebit
714 1619 990 1666 annotare.
1019 1612 1154 1665 Tum
1183 1611 1250 1664 de
1292 1610 1581 1664 innumeris
1611 1624 1745 1679 pene
1768 1609 1927 1663 editis

343 1697 676 1765 tractabitur,
700 1701 788 1770 qui
831 1702 914 1755 vel
964 1711 1142 1771 partes
1184 1715 1429 1769 cperum,
1453 1700 1533 1755 vel
1560 1715 1718 1770 opera
1748 1699 1927 1753 omnia

341 1790 789 1857 complectuntur,
813 1792 1082 1844 annotatis
1111 1806 1272 1852 anno,
1320 1790 1436 1844 loco
1461 1800 1513 1845 et
1552 1790 1799 1845 editionis
1828 1804 1926 1842 au-

340 1890 489 1935 ctore
521 1899 532 1934 :
564 1881 903 1950 praefationes
946 1882 1105 1936 etiam
1145 1881 1471 1951 singularum
1499 1881 1791 1935 editionum
1830 1879 1930 1931 mi-

344 1971 556 2024 nutiore
606 1969 921 2024 charactere
971 1970 1253 2024 cudentur.
1310 1970 1365 2024 In
1417 1969 1649 2024 secunda
1698 1967 1925 2022 diatriba

340 2058 409 2113 de
449 2075 506 2113 re
546 2059 835 2114 admodum
884 2075 1108 2131 operosa
1140 2060 1536 2130 disputabitur;
1587 2059 1833 2113 nimirum
1863 2056 1929 2111 de

340 2152 554 2205 amissis
606 2152 722 2220 ejus
769 2152 918 2206 libris
966 2152 1324 2223 operibuSque
1377 2152 1535 2204 variis
1564 2192 1579 2216 ,
1624 2166 1743 2218 qua:
1792 2156 1926 2202 teste

338 2240 498 2295 Suida
545 2256 761 2296 omnem
799 2258 1079 2297 numerum
1127 2242 1454 2311 superabant
1487 2258 1499 2293 :
1552 2241 1624 2294 ibi
1663 2240 1729 2294 de
1763 2238 1925 2293 Com-

340 2332 614 2385 mentariis
642 2332 693 2384 in
726 2332 958 2385 Marcum
989 2341 1044 2385 et
1070 2332 1123 2385 in
1166 2332 1365 2385 Lucam
1395 2331 1770 2399 disputabitur,
1791 2345 1929 2398 quos

338 2420 429 2473 alii
477 2420 710 2474 edidisse
745 2419 1187 2491 Cbrysostomum
1241 2429 1491 2481 narrant.
1519 2420 1607 2473 alii
1640 2434 1928 2488 numquam

338 2511 612 2566 exstitisse
658 2512 1025 2568 contendunt:
1058 2512 1127 2567 de
1171 2512 1541 2584 Cbrysostomi
1576 2513 1704 2567 item
1733 2513 1929 2566 oratio-

339 2604 495 2656 nibus
524 2611 711 2657 contra
738 2603 964 2667 Arabas,
994 2604 1084 2673 qui
1114 2603 1363 2658 dicebant
1384 2605 1617 2657 animam
1648 2605 1785 2658 mori
1807 2618 1926 2657 cum

337 2707 603 2763 corpore,
645 2708 778 2763 quas
836 2693 1108 2749 orationes
1156 2694 1319 2764 aliqui
1372 2694 1513 2749 inter
1558 2693 1927 2764 Cbrysostomi

336 2797 499 2851 opera
530 2792 811 2838 recensent
840 2801 853 2837 :
885 2784 1061 2855 deque
1096 2785 1216 2839 aliis
1249 2783 1553 2854 bujusmodi
1580 2786 1718 2840 bene
1743 2785 1926 2839 multis

338 2874 652 2927 disseretur.
695 2873 751 2928 ln
790 2874 945 2928 tertia
989 2874 1215 2929 diatriba
1240 2874 1309 2930 de
1338 2875 1580 2930 doctrina
1617 2874 1674 2930 S.
1702 2874 1925 2929 Joannis

336 2961 704 3034 Cbrysostomi
752 2966 894 3019 circa
946 2964 1068 3020 ﬁdei
1127 2965 1372 3037 dogmata
1428 2966 1779 3031 tractabitur,
1835 2966 1921 3019 ubi

337 3054 502 3123 ipsius
545 3055 765 3124 prolatis
820 3055 880 3110 S.
934 3055 1170 3111 doctoris
1232 3056 1391 3111 dictis
1438 3068 1599 3127 atque
1644 3057 1926 3112 sententiis

335 3146 511 3199 omnia
542 3146 1001 3211 recensebantur;
1032 3149 1190 3218 idque
1220 3165 1325 3203 non
1353 3150 1687 3220 disceptandi
1715 3150 1920 3218 animo,

338 3235 435 3291 sed
464 3252 529 3290 ex
570 3252 678 3291 uno
706 3238 815 3291 veri
858 3238 1053 3293 studio.
1086 3240 1141 3293 In
1179 3250 1365 3310 quarta
1395 3241 1624 3297 diatriba
1655 3243 1724 3297 de
1760 3243 1922 3297 disci-

334 3329 476 3399 plina
502 3337 746 3399 tempore
772 3329 1140 3402 Cbrysostomi
1165 3348 1233 3388 ex
1260 3335 1424 3403 ipsius
1453 3336 1685 3389 maxime
1709 3333 1925 3405 scriptis

332 3428 538 3488 agetur.
577 3418 680 3475 Ubi
706 3421 998 3490 singularia
1037 3431 1218 3490 certe,
1249 3424 1363 3479 sive
1396 3424 1537 3494 quod
1562 3424 1629 3479 ad
1657 3425 1925 3494 liturgiam

333 3519 389 3563 et
429 3508 674 3564 sacriﬁcii
702 3511 1151 3579 celebrationem,
1185 3514 1297 3569 sive
1322 3514 1463 3583 quod
1493 3514 1559 3568 ad
1596 3515 1727 3569 alios
1753 3516 1887 3569 ritus
1906 3555 1923 3581 ,

331 3599 784 3667 observabuntur,
813 3618 1006 3674 nempe
1044 3604 1113 3659 de
1138 3604 1299 3660 variis
1329 3604 1517 3661 ofﬁciis
1552 3606 1762 3661 diaconi
1791 3607 1926 3661 alio-

332 3705 560 3760 rumque
602 3691 1006 3757 ministrorum;
1050 3696 1118 3749 de
1160 3696 1491 3749 ornamentis
1532 3696 1923 3765 Ecclesiarum,

330 3778 399 3833 de
427 3780 563 3849 signi
610 3780 799 3836 Crucis
828 3783 974 3837 vario
1002 3798 1133 3851 usu;
1174 3785 1241 3840 de
1266 3786 1384 3840 oleo
1410 3802 1475 3840 ex
1503 3786 1600 3840 SS.
1630 3797 1922 3858 martyrum

328 3869 585 3937 sepulcris
626 3870 933 3942 desumpto,
980 3888 1086 3943 quo
1126 3874 1409 3929 utebantur
1449 3876 1515 3929 ad
1542 3876 1814 3932 dsemones
1841 3878 1923 3932 lu-

326 3959 532 4029 gandos
575 3962 899 4032 morbosque
943 3964 1250 4034 pellendos;
1298 3967 1651 4038 similiterque
1693 3969 1762 4025 de
1801 3971 1922 4025 oleo

328 4064 527 4109 sancta:
568 4054 787 4120 Crucis,
828 4056 896 4112 de
924 4072 1031 4127 quo
1069 4058 1123 4114 in
1151 4058 1268 4114 Vita
1296 4060 1355 4115 S.
1387 4060 1577 4127 Sabm;
1606 4062 1780 4134 deque
1806 4064 1924 4119 aliis

331 4146 628 4200 innumeris
658 4147 851 4202 veteris
891 4147 1149 4205 Ecclesia:
1190 4150 1477 4207 Orientalis
1517 4154 1747 4209 ritibus:
1789 4173 1924 4226 quos

329 4238 465 4290 ritus
489 4238 685 4307 smpius
711 4253 867 4309 quam
898 4241 1071 4310 quivis
1092 4242 1228 4297 alius
1265 4256 1650 4300 commemorat
1676 4246 1734 4302 S.
1762 4247 1925 4304 Joan-

328 4343 427 4383 nes
467 4329 903 4401 Chrysostomus.
944 4333 1002 4387 In
1048 4334 1232 4404 quinta
1277 4335 1507 4391 diatriba
1549 4338 1617 4393 de
1662 4340 1825 4394 variis
1867 4350 1921 4396 et

329 4420 687 4477 miscellaneis
712 4424 874 4479 rebus
904 4426 1255 4481 tractabitur:
1287 4427 1331 4480 si
1360 4427 1485 4497 quid
1514 4429 1772 4484 omissum
1799 4430 1917 4486 fue-

328 4511 419 4575 rit,
450 4509 499 4563 id
526 4512 808 4577 aﬂ‘eretur;
840 4516 886 4569 si
913 4515 1036 4586 quid
1062 4525 1296 4571 erratum
1326 4526 1417 4571 aut
1445 4519 1620 4572 minus
1647 4530 1792 4574 recte
1823 4536 1917 4589 po-

325 4602 485 4655 situm
508 4642 522 4667 ,
556 4604 967 4672 emendabitur;
996 4621 1120 4661 nam
1155 4624 1281 4663 usus
1306 4619 1359 4662 et
1398 4611 1639 4665 tractatio
1666 4610 1913 4666 diuturna

327 4692 708 4747 accuratiorem
738 4694 967 4752 afferunt
994 4715 1173 4754 rerum
1213 4702 1477 4755 notitiam.

394 4784 655 4854 Sequetur
678 4783 795 4839 Vita
819 4786 875 4841 S.
898 4787 1119 4845 Joannis
1138 4792 1509 4863 Cbrysostomi
1535 4838 1550 4863 ,
1578 4805 1686 4850 tum
1709 4811 1773 4851 ex
1798 4798 1913 4869 ejus

327 4876 559 4930 maxime
604 4875 855 4945 scriptis,
904 4887 1014 4931 tum
1058 4895 1123 4934 ex
1167 4882 1392 4938 aliorum
1439 4887 1557 4942 sive
1598 4889 1912 4958 aequalium,

324 4968 441 5023 sive
469 4969 773 5038 supparium
799 5010 813 5031 ,
846 4968 958 5023 sive
989 4973 1347 5038 posteriorum
1376 4979 1697 5047 scriptorum
1725 4997 1907 5036 narra-

323 5066 381 5113 tu
406 5101 420 5124 ,
455 5058 853 5113 accuratissime
882 5070 1138 5128 quantum
1177 5063 1356 5118 licebit
1395 5071 1732 5124 concinnata.
1776 5072 1912 5128 lluic

322 5149 673 5219 “uidemur
699 5149 815 5219 ejus
854 5150 975 5204 vita:
1009 5152 1300 5223 scriptores
1325 5165 1531 5212 veteres
1554 5200 1568 5224 9
1600 5159 1867 5218 Palladius
1892 5206 1906 5231 ν

321 5241 584 5310 Georgius
607 5285 623 5308 ,
661 5242 853 5312 aliique
879 5244 1131 5313 anonymi
1160 5287 1174 5309 ,
1207 5262 1431 5316 quorum
1460 5251 1697 5306 nonnulli
1735 5253 1906 5309 lucem

321 5335 561 5389 nondum
590 5334 849 5390 viderant.
882 5334 993 5390 Sub
1016 5335 1129 5391 haec
1152 5337 1379 5395 indicem
1401 5342 1643 5397 dabimus
1670 5346 1907 5402 locorum

320 5426 614 5495 Scriptura:
642 5443 809 5482 sacra:
832 5470 847 5492 ,
877 5442 1033 5497 quem
1062 5441 1316 5497 sequetur
1343 5433 1505 5489 index
1536 5452 1710 5491 rerum
1743 5454 1905 5507 gene-

320 5514 451 5567 ralis
480 5516 532 5571 in
561 5518 737 5570 omnia
768 5517 882 5588 ejus
911 5531 1092 5586 opera.
1125 5518 1241 5573 Erit
1272 5536 1433 5590 porro
1464 5526 1619 5581 index
1650 5528 1736 5583 illc
1758 5530 1905 5584 locu-

320 5604 647 5668 pletissimus
669 5619 723 5664 et
749 5624 960 5665 summo
988 5610 1166 5666 labore
1190 5618 1635 5690 accurationeque
1656 5623 1905 5692 singulari

320 5700 691 5756 concinnatus.
721 5703 943 5771 Quantae
973 5718 1132 5774 porro
1163 5705 1410 5761 utilitatis
1439 5712 1546 5765 sint
1574 5713 1775 5769 indices
1804 5715 1905 5769 hu-

315 5783 545 5853 jusmodi
595 5798 745 5863 pauci
792 5798 1019 5866 experiri
1059 5797 1258 5851 volunt.
1308 5800 1377 5853 At
1417 5804 1559 5856 enim
1601 5821 1706 5860 non
1749 5808 1907 5864 modo

320 5888 441 5930 sunt
471 5882 533 5933 ad
565 5886 679 5942 loca
726 5891 1083 5961 perquirenda
1126 5891 1317 5955 utiles;
1360 5894 1454 5948 sed
1496 5899 1655 5952 etiam
1696 5902 1907 5970 quando

321 5978 565 6023 accurate
592 5980 926 6052 cogitathue
957 5982 1137 6054 scripti
1170 5994 1287 6037 sunt
1314 6027 1327 6047 ,
1369 5986 1483 6040 sine
1523 5990 1680 6045 twdio
1704 6002 1755 6046 et
1784 6009 1903 6048 cum

322 6062 492 6120 {ructu
520 6067 754 6125 maximo
785 6074 1033 6145 leguntur
1056 6118 1070 6145 ,
1103 6076 1311 6134 omissis
1346 6076 1591 6138 videlicet
1624 6087 1859 6142 uetueris
1885 6129 1899 6154 ,

1768 670 2155 729 PREFATIO.

3513 672 3631 719 χιιι

2044 789 2134 857 qui
2165 785 2231 840 ad
2262 784 2455 839 seriem
2486 781 2708 839 minime
2730 778 3025 852 pertinent.
3056 779 3139 834 Ex
3171 776 3473 848 bujusmodi
3502 792 3631 832 vero

2040 878 2271 932 lectione
2300 877 2342 930 is
2374 875 2572 930 fructus
2600 874 2911 943 decerpitur
2935 913 2950 937 ,
2987 885 3146 941 quem
3176 869 3231 923 in
3260 868 3371 938 ipsa
3398 869 3630 921 auctoris

2039 971 2270 1026 lectione
2301 970 2383 1022 vix
2416 969 2673 1038 reperias.
2701 967 2758 1021 lu
2786 974 3005 1019 auctore
3039 963 3235 1034 quippe
3262 960 3441 1014 omnia
3476 973 3628 1028 spar-

2037 1062 2137 1116 sim
2167 1059 2337 1129 posita
2360 1068 2482 1113 sunt
2504 1077 2517 1124 ;
2541 1060 2585 1113 si
2612 1058 2737 1128 quid
2763 1057 2829 1112 de
2853 1058 2983 1121 Deo,
3011 1054 3160 1109 verbi
3186 1052 3380 1122 gratia,
3402 1049 3632 1106 senserit

2037 1154 2454 1223 Cbrysostomus
2482 1150 2721 1205 ediscere
2749 1148 2934 1217 cupias
2959 1189 2973 1213 ,
3003 1146 3047 1200 si
3077 1144 3202 1215 quid
3230 1143 3298 1198 de
3322 1142 3588 1212 baptismo
3607 1179 3627 1207 ,

2036 1245 2105 1298 de
2131 1242 2298 1312 gratia
2326 1286 2339 1307 ,
2368 1250 2474 1296 etc.
2502 1283 2517 1306 ,
2548 1250 2657 1294 tota
2683 1239 2867 1293 decem
2898 1236 3165 1291 volumina
3196 1234 3438 1305 perlegas
3462 1247 3629 1302 opor-

2038 1344 2151 1400 tet,
2201 1334 2605 1403 periculumque
2649 1344 2863 1398 semper
2899 1335 2983 1382 est
3023 1341 3091 1381 ne
3129 1327 3183 1379 in
3229 1335 3334 1379 tam
3372 1323 3629 1379 diuturno

2037 1425 2285 1480 lectionis
2328 1423 2600 1488 decursu,
2650 1419 2793 1491 quod
2844 1418 3015 1489 primo
3055 1424 3362 1486 perceptum
3412 1414 3624 1477 fuerat,

2037 1524 2320 1585 antequam
2351 1514 2417 1570 ad
2449 1513 2607 1569 linem
2647 1511 2901 1567 devenias
2926 1553 2941 1577 ,
2988 1507 3233 1564 elabatur
3266 1525 3280 1561 :
3332 1504 3628 1576 periculum

2037 1607 2163 1661 item
2198 1622 2264 1661 ne
2293 1606 2522 1661 assiduae
2550 1615 2817 1674 tantaeque
2844 1601 3088 1657 lectionis
3117 1598 3276 1655 taedio
3298 1599 3434 1653 bene
3463 1595 3629 1651 multa

2036 1695 2381 1750 inobservata
2412 1704 2719 1763 prmtereas.
2751 1692 2951 1746 Contra
2977 1706 3104 1745 vero
3135 1692 3187 1744 in
3217 1688 3513 1744 istiusmodi
3545 1686 3631 1741 in-

2037 1786 2157 1840 dice
2181 1828 2195 1850 ,
2224 1798 2574 1854 qu:ecumque
2594 1782 2660 1837 de
2683 1783 2797 1836 Deo
2820 1823 2835 1845 ,
2863 1794 3210 1850 quaacumque
3234 1779 3302 1833 de
3322 1778 3584 1847 baptismo
3608 1817 3627 1843 ,

2039 1875 2178 1931 deve
2214 1876 2333 1929 aliis
2377 1873 2701 1945 quibuslibet
2744 1874 2798 1928 in
2842 1879 3063 1926 auctore
3100 1869 3325 1939 reperiri
3366 1877 3586 1937 possunt
3611 1907 3627 1931 ,

2040 1982 2201 2020 unum
2251 1966 2349 2020 sub
2388 1975 2662 2034 aspectum
2714 1962 3089 2031 subjiciuntur.
3137 1959 3499 2027 Quamobrem
3544 1955 3630 2011 vel

2040 2056 2228 2112 iisdem
2262 2056 2391 2126 ipsis
2418 2055 2506 2125 qui
2538 2064 2617 2108 tot
2643 2054 2911 2107 volumina
2949 2053 3169 2122 legunt,
3212 2049 3405 2105 indicis
3443 2047 3631 2104 lectio-

2037 2165 2159 2204 nem
2191 2165 2257 2203 ne
2280 2147 2692 2219 prmtermittant
2711 2155 2897 2198 auctor
2916 2158 3054 2197 sum.
3078 2143 3203 2196 Post
3230 2140 3458 2195 indicent
3478 2138 3629 2193 Ono-

2034 2241 2296 2296 masticon
2317 2239 2706 2309 amplissimum
2728 2235 2943 2290 dabitur
2964 2247 3155 2287 vocum
3181 2231 3420 2285 omnium
3446 2229 3629 2297 singu-

2035 2331 2225 2384 larium
2250 2372 2265 2396 ,
2292 2346 2411 2399 qua:
2439 2330 2492 2383 in
2516 2328 2662 2384 edito
2688 2323 3061 2397 Cbrysostomi
3093 2320 3437 2392 reperiuntur
3462 2360 3478 2385 ,
3507 2333 3630 2374 cum

2038 2436 2221 2475 earum
2255 2421 2695 2489 interpretatione
2722 2418 2910 2471 Latina
2938 2435 2953 2471 :
2985 2414 3269 2480 idiotismi,
3298 2413 3389 2483 qui
3413 2411 3631 2482 plurimi

2038 2511 2177 2581 apud
2202 2512 2347 2565 illum
2374 2518 2683 2573 occurrunt,
2712 2508 3056 2563 notabuntur.
3128 2508 3335 2575 Agmen
3414 2504 3629 2559 claudet

2038 2603 2310 2670 catalogus
2339 2600 2706 2671 alpliaheticus
2744 2613 2967 2667 operum
2996 2594 3233 2649 omnium
3261 2591 3628 2664 Cbrysostomi

2035 2703 2091 2747 et
2118 2692 2462 2762 epistularum
2504 2706 2533 2744 a
2574 2689 2759 2759 primis
2805 2688 3066 2757 cujusque
3106 2684 3288 2754 operis
3331 2683 3505 2739 verbis
3532 2684 3631 2739 du-

2034 2793 2153 2839 ctus
2173 2824 2188 2849 ,
2220 2782 2484 2852 longeque
2510 2780 2739 2850 amplior
2769 2793 2932 2849 quam
2965 2774 3265 2833 Savilianus
3288 2815 3305 2841 ,
3346 2775 3400 2830 in
3440 2784 3630 2830 octavo

2033 2887 2179 2932 torno
2208 2878 2349 2932 illius
2376 2876 2625 2932 editionis
2658 2875 2882 2944 positus.

2075 3051 2103 3122 ᾖ
2132 3050 2273 3107 Xlll.
2295 3082 2367 3092 —
2394 3050 2473 3107 De
2495 3054 2614 3108 viris
2663 3054 2946 3123 insignibus
2967 3094 2981 3115 ,
3012 3068 3227 3120 quorum
3255 3068 3351 3121 ope
3403 3053 3455 3103 in
3499 3052 3594 3105 hac

2536 3144 2751 3198 editione
2788 3144 2869 3197 usi
2894 3159 3087 3198 sumus.

2102 3353 2288 3408 Restat
2314 3361 2371 3407 ut
2400 3353 2451 3407 in
2477 3354 2611 3423 grati
2644 3352 2807 3407 animi
2839 3349 3202 3406 testimonium
3236 3349 3426 3403 lectori
3456 3348 3625 3417 signi-

2031 3441 2254 3496 ﬁcemus
2277 3482 2293 3507 ,
2325 3458 2549 3511 quarunt
2578 3441 3021 3496 bibliothecarum
3049 3438 3323 3494 codicibus
3350 3479 3366 3504 ,
3394 3453 3623 3506 quorum

2030 3546 2133 3600 ope
2180 3532 2415 3585 virorum
2458 3531 2524 3585 ad
2566 3530 2703 3585 hanc
2743 3530 3034 3585 editionem
3081 3529 3162 3583 usi
3198 3529 3387 3583 simus.
3418 3527 3628 3582 Primus

2030 3622 2385 3677 celebrandus
2412 3623 2568 3678 nobis
2593 3632 2678 3677 est
2707 3622 3188 3677 excellentissimus
3233 3621 3388 3675 Dom.
3421 3618 3624 3675 Hem-

2030 3728 2126 3768 cus
2152 3714 2401 3769 Cnemis
2446 3731 2513 3769 nu
2554 3714 2811 3770 Caunour
2850 3730 2918 3769 De
2953 3712 3202 3777 Corsus,
3251 3713 3368 3767 Dux
3412 3721 3467 3768 et
3511 3712 3624 3766 Pan

2028 3802 2306 3869 Francize,
2379 3805 2680 3875 Episcopus
2748 3804 3040 3867 Metensis,
3092 3804 3183 3873 qui
3244 3802 3624 3858 bibliothecam

2026 3908 2179 3947 suam
2207 3894 2353 3947 omni
2384 3896 2869 3964 manuscriptornm
2896 3936 2911 3959 ,
2944 3893 3238 3962 prazsertitn
3266 3892 3576 3948 Graecorum
3601 3935 3619 3961 ,

2026 3997 2225 4052 genere
2250 3982 2505 4037 refertam
2537 3984 2640 4037 hoc
2667 3983 2720 4038 in
2749 3983 2997 4039 coenobio
3025 3983 3269 4053 deposuit
3297 4023 3313 4048 .
3342 3993 3396 4038 et
3425 3998 3522 4053 pro
3542 3983 3623 4039 in-

2027 4082 2152 4128 nata
2183 4073 2536 4129 beneﬁcentia
2575 4085 2681 4128 tam
2721 4075 2880 4129 lauta:
2908 4073 3255 4144 supellectilis
3285 4073 3439 4129 nobis
3466 4089 3623 4130 usum

2027 4166 2296 4220 concessit
2321 4181 2335 4230 ;
2361 4164 2502 4220 unde
2525 4166 2687 4220 multa
2714 4165 3152 4237 Cbrysostomum
3175 4166 3469 4236 spectantia
3498 4182 3620 4221 mu-

2026 4257 2159 4311 tuati
2196 4272 2402 4311 sumus.
2448 4256 2525 4311 Ex
2571 4256 2892 4311 bibliotheca
2938 4256 3101 4326 Regia
3146 4271 3362 4325 semper
3404 4257 3620 4313 codices

2024 4346 2183 4401 nobis
2225 4346 2293 4401 ad
2335 4346 2616 4401 arbitrium
2659 4346 2979 4418 suppeditati
3026 4357 3151 4402 sunt
3200 4347 3529 4402 humanitate
3563 4361 3621 4407 et

2020 4438 2387 4494 muniﬁcentia
2419 4440 2688 4495 illustriss.
2734 4443 2967 4495 ABBATIS
3001 4440 3066 4495 D.
3116 4457 3181 4495 ne
3229 4439 3461 4496 Louv0ts
3485 4482 3501 4506 ,
3534 4439 3618 4495 bi-

2019 4527 2299 4584 bliothecae
2329 4531 2509 4599 Regia:
2538 4532 2775 4601 przel'ecti
2800 4574 2815 4597 ,
2858 4533 2959 4587 sub
2998 4533 3150 4602 cujus
3187 4533 3438 4602 auspiciis
3464 4533 3615 4603 ejus-

2018 4620 2141 4676 dem
2192 4620 2531 4676 bibliothecte
2555 4622 2807 4677 custodes
2845 4623 2907 4676 D.
2951 4622 3021 4678 de
3067 4622 3338 4688 Tancms,
3387 4638 3617 4693 parser-

2018 4714 2221 4784 timque
2242 4714 2326 4768 vir
2346 4713 2416 4767 cl.
2436 4713 2674 4770 Joannes
2694 4715 2970 4771 Bommes
2992 4757 3007 4781 ,
3033 4729 3140 4770 non
3163 4715 3339 4771 minus
3360 4715 3615 4772 comitate

2018 4820 2177 4875 quam
2208 4803 2510 4860 eruditione
2540 4814 2654 4860 toto
2679 4806 2810 4860 orbe
2841 4806 3078 4862 literario
3108 4807 3420 4861 notissimus
3441 4848 3457 4873 ,
3486 4807 3615 4863 soli-

2020 4897 2089 4950 tis
2113 4894 2303 4951 ol‘liciis
2332 4911 2431 4951 nos
2462 4898 2771 4966 prosequuti
2796 4907 2939 4952 sunt.
2970 4897 3121 4952 Haud
3163 4898 3328 4953 multo
3372 4900 3612 4957 minores

2017 4987 2172 5041 nobis
2200 4988 2457 5056 suppetiae
2481 5001 2760 5042 accessere
2788 5002 2851 5042 ex
2883 4988 3207 5042 bibliotheca
3253 4987 3610 5045 illustrissimi

2015 5076 2238 5131 Coums
2268 5093 2332 5129 ne
2361 5077 2657 5130 SEIGNELAY
2682 5118 2695 5140 ,
2731 5093 2850 5147 qua:
2877 5076 3203 5133 Colbertina:
3232 5080 3449 5136 nomine
3480 5080 3611 5137 insi-

2011 5169 2155 5236 gnita
2212 5168 2411 5238 ingenti
2461 5168 2772 5223 Griecorum
2818 5169 2943 5225 Mss.
2995 5172 3147 5241 copia
3204 5172 3463 5229 instructa
3503 5184 3605 5230 est.

2012 5259 2213 5313 Horum
2247 5261 2401 5314 nobis
2428 5261 2495 5314 ad
2534 5272 2722 5316 nutum
2765 5264 2975 5333 copiam
3022 5264 3146 5319 fecit
3192 5265 3609 5322 humanissimus

2010 5351 2100 5405 ille
2130 5353 2209 5405 vir
2236 5394 2249 5413 .
2279 5352 2343 5405 ad
2374 5352 2654 5408 literarum
2678 5356 3021 5409 commodum
3050 5365 3227 5411 natus.

2085 5443 2138 5495 In
2167 5443 2486 5498 bibliotheca
2514 5445 2767 5500 Vaticana
2793 5489 2807 5514 ,
2839 5447 2965 5502 dum
2996 5448 3180 5502 Romae
3210 5463 3486 5514 versarer,
3519 5449 3604 5503 in-

2010 5548 2233 5588 numera
2263 5535 2523 5604 exscripsi
2550 5578 2565 5603 ,
2589 5537 2776 5607 collegi
2802 5579 2818 5601 ,
2846 5538 3066 5592 contuli.
3092 5537 3219 5591 Post
3250 5538 3480 5593 reditum
3510 5554 3607 5593 an-

2009 5636 2115 5678 tem
2146 5668 2159 5690 ,
2190 5642 2254 5680 ex
2284 5642 2389 5697 quo
2421 5628 2815 5683 illustrissimus
2840 5630 2919 5682 vir
2961 5629 3020 5682 υ.
3062 5626 3314 5686 Cmows
3350 5631 3603 5686 Muscas

2009 5718 2061 5771 in
2110 5718 2567 5774 bibliotbeearium
2612 5730 2888 5791 cooptatus
2936 5730 3053 5781 est.
3103 5724 3286 5777 omnia
3334 5738 3429 5793 pro
3479 5731 3603 5776 vc-to

2009 5810 2343 5877 suppeditata
2390 5811 2553 5866 fuere.
2605 5812 2701 5866 Est
2736 5812 2880 5866 enim
2924 5813 3006 5867 vir
3052 5813 3180 5880 ille,
3224 5824 3282 5868 nt
3321 5816 3601 5882 omnigcna

2005 5902 2307 5957 Cl‘lltlilltllle
2335 5914 2553 5958 ornatus
2579 5946 2593 5969 ,
2644 5907 2711 5960 ita
2753 5907 2982 5963 literatis
3023 5910 3309 5964 admodum
3340 5918 3601 5979 Opportu-

2006 6011 2123 6047 nus.
2156 5994 2231 6047 liv
2265 5996 2361 6048 ista
2393 6012 2522 6050 vero
2566 5997 2886 6054 bibliomeca
2917 6001 3080 6055 multa
3113 6000 3265 6057 nobis
3294 6002 3595 6072 apograpba

2014 6087 2300 6147 unismisit
2330 6088 2408 6142 vir
2440 6089 2795 6148 amicissimus
2826 6100 2879 6149 et
2906 6091 3244 6147 doctissimus
3275 6091 3596 6147 Bsnnnnus
