4466 6726
833 534 961 573 ιιιη

820 640 1072 692 Asnaus
1095 636 1247 692 ιιιιλ
1270 680 1286 703 ,
1318 639 1406 708 qui
1433 641 1541 708 jam
1570 641 1792 695 Lutetizc
1813 645 1939 711 agit.
1974 644 2050 698 Ex
2084 646 2402 703 bibtiotheca

817 726 948 781 item
977 727 1365 794 Ottoboniana,
1412 730 1622 785 favente
1666 730 2092 789 eminentissimo
2136 735 2404 793 Cardiuali

818 816 1004 873 l‘mno
1032 818 1316 872 Or'roaoao
1337 860 1350 881 ,
1384 835 1492 873 non
1521 836 1685 889 pauca
1711 824 1935 876 mutuati
1965 839 2170 880 suums.

893 911 947 964 In
974 910 1158 978 Anglia
1189 910 1330 964 nulla
1362 926 1466 964 non
1495 912 1793 968 officiorum
1839 931 2039 985 genera
2079 919 2231 975 nobis
2270 934 2406 991 prm-

817 1002 937 1054 stita
967 1012 1087 1054 sunt
1111 1043 1127 1065 ,
1150 999 1428 1072 fateorque
1455 1018 1540 1057 me
1562 1020 1820 1074 nusquam
1845 1009 2101 1078 majorem
2126 1022 2402 1080 expertum

821 1092 1198 1148 humanitatem
1242 1109 1400 1163 quam
1449 1096 1588 1165 apud
1634 1099 1929 1167 Anglorum
1973 1113 2207 1171 gentem.
2253 1104 2407 1157 Prteit

823 1185 917 1238 li0c
960 1185 1014 1239 in
1047 1203 1267 1241 munere
1295 1188 1375 1241 vir
1402 1190 1472 1242 cl.
1502 1199 1555 1242 et
1598 1192 1989 1248 illustrissimus
2015 1194 2247 1249 Joaxxes
2276 1196 2406 1249 Ροτ-

819 1289 991 1329 τεηυε
1014 1315 1031 1341 ,
1058 1278 1352 1347 Episcopus
1378 1278 1727 1338 Oxonieusis.
1756 1285 2054 1338 ermhtione
2077 1303 2196 1339 cum
2228 1288 2406 1353 primis

822 1370 1224 1433 munerandus,
1265 1372 1351 1438 qui
1401 1373 1613 1425 eximiis
1654 1373 1907 1438 operibus
1953 1392 2067 1429 rem
2122 1377 2405 1430 literarium

820 1458 1160 1526 locupletavit
1191 1476 1205 1511 :
1231 1460 1273 1510 is
1300 1460 1454 1514 nobis
1479 1461 1779 1529 apographa
1811 1479 1986 1517 rerum
2014 1465 2079 1517 ad
2110 1467 2404 1519 ittslitttlttm

820 1557 1059 1601 nostrmn
1106 1550 1483 1617 pertinentium
1529 1561 1745 1622 rogatus
1792 1569 1896 1608 non
1940 1567 2156 1624 rogatus
2195 1557 2244 1609 in
2291 1556 2408 1611 dies

817 1638 980 1695 mittit
1004 1680 1018 1698 ,
1051 1649 1105 1692 et
1133 1641 1402 1711 ingentem
1434 1643 1579 1696 iliam
1610 1648 2014 1700 commentariis
2045 1648 2095 1700 in
2124 1646 2367 1702 Psalmos
2390 1687 2406 1713 ,

821 1738 878 1780 ut
903 1728 1012 1794 jam
1041 1730 1311 1794 diximus,
1340 1736 1701 1787 accessionem
1736 1737 2041 1804 procuravit
2062 1778 2078 1802 ,
2114 1739 2265 1806 cujus
2300 1740 2410 1807 jam

823 1831 1028 1888 partem
1058 1832 1299 1876 tenemus
1323 1864 1337 1883 .
1369 1833 1571 1891 partem
1599 1838 1991 1890 exSpectamus.
2023 1828 2202 1897 Neque
2230 1841 2410 1885 tacen-

819 1910 920 1963 dus
950 1911 1028 1964 vir
1052 1912 1408 1964 allllt‘inSllllllS
1434 1923 1488 1967 et
1514 1915 1908 1972 eruditissimus
1934 1918 2243 1973 Tutomeus
2269 1920 2409 1975 Gon-

823 2015 991 2055 wmus
1014 2042 1029 2065 ,
1067 2001 1363 2070 Episc0pns
1384 2003 1757 2061 Kilmoriensis
1781 2047 1796 2072 ,
1822 2010 1909 2076 qui
1940 2011 2067 2062 mihi
2097 2018 2151 2062 et
2179 2025 2332 2076 Opem
2357 2020 2410 2063 et

821 2090 1252 2146 heneVolentiam
1277 2094 1619 2148 illustrissimi
1645 2096 1840 2149 Pottert
1867 2098 2202 2154 conciliavit.
2234 2112 2407 2165 neque

821 2190 1000 2235 cessat
1048 2184 1343 2237 commodis
1384 2186 1516 2239 meis
1553 2185 1859 2255 advigilare.
1898 2186 2253 2255 Cantabrigize
2289 2187 2408 2241 offi-

822 2272 920 2327 ciis
948 2272 1057 2325 suis
1082 2288 1178 2325 nos
1207 2274 1447 2327 certatim
1480 2276 1787 2343 prosequuti
1829 2285 1954 2331 sunt
1994 2278 2076 2330 vir
2116 2278 2186 2331 rl.
2230 2277 2409 2332 Bam-

823 2377 972 2415 LEIUS
996 2401 1011 2424 ,
1039 2362 1348 2431 reipublicm
1376 2364 1626 2418 literarias
1650 2366 1813 2420 decus
1842 2375 1895 2420 et
1922 2377 2292 2420 ornamentum
2316 2407 2334 2433 ,
2359 2378 2414 2422 ct

823 2454 902 2508 vir
947 2454 1292 2508 doctissimus
1335 2456 1798 2526 amirissitnnsquc
1852 2458 2064 2513 Funus
2109 2458 2369 2513 Νεευωιι
2396 2500 2410 2524 ,

825 2544 1006 2600 multis
1036 2546 1331 2613 insignibus
1357 2546 1515 2600 editis
1542 2548 1792 2614 operibus
1819 2548 2016 2601 clarus.

896 2635 952 2689 In
980 2635 1261 2691 Germania
1294 2637 1446 2690 nobis
1475 2650 1689 2705 semper
1715 2645 1909 2704 praesto
1941 2636 2073 2699 fuit,
2106 2645 2161 2690 et
2206 2637 2274 2691 ad
2314 2653 2412 2690 nu-

824 2737 935 2779 tum
965 2726 1221 2780 beneficia
1248 2728 1473 2781 contulit
1501 2729 1581 2780 vir
1607 2728 1936 2781 clarissimus
1972 2727 2205 2781 Joaases
2235 2727 2408 2781 Baue-

826 2832 1010 2871 υιοτυε
1038 2816 1415 2872 ϐεητιιοττυε
1445 2834 1509 2872 an
1538 2817 1878 2873 Eunt-21.533151!
1904 2858 1919 2883 ,
1942 2816 2279 2871 bibliothecae
2300 2816 2410 2870 Cae-

824 2924 992 2962 sarea:
1021 2909 1301 2978 praefectus
1325 2951 1341 2973 ,
1372 2908 1454 2962 vir
1490 2908 1787 2962 eruditione
1830 2909 2149 2976 conspicuus
2174 2950 2188 2971 ,
2217 2906 2406 2959 huma-

2268 539 2660 595 f'll/EFATIO.

3952 561 4075 601 χειν

2514 649 2677 701 nitate
2706 662 2823 700 cum
2854 661 2901 714 p:
2918 647 3033 701 imis
3059 650 3413 715 celebrandus
3436 700 3451 726 ,
3477 659 3706 731 denique
3729 663 3967 721 omnium
3996 687 4090 725 nu.

2513 754 2804 794 mererum.
2839 738 3054 796 Vienna:
3079 757 3293 813 quoque
3319 758 3375 804 et
3405 768 3564 809 manu
3590 764 3643 810 et
3667 770 3767 825 ope
3803 766 3857 811 ct
3893 761 4095 816 amico-

2511 846 2631 885 rum
2664 834 2954 887 ministerio
2976 833 3042 887 ad
3072 837 3238 888 nostri
3267 845 3607 898 commodmn
3633 862 3758 902 usus
3779 863 3989 916 semper
4011 866 4098 908 εει

2509 926 2742 982 Joannes
2786 927 3220 984 Cnms'roruonus
3264 930 3731 993 erassramus
3768 955 3952 1003 meus.
3993 945 4096 997 Ar-

2509 1022 2900 1099 gentomtensis
2922 1061 2936 1084 ,
2970 1036 3134 1076 sacra:
3176 1021 3439 1079 Caesareae
3481 1026 3744 1097 Majestati
3770 1051 3798 1086 ει
3827 1033 4097 1089 Consiliis.

2513 1110 2801 1180 Ilamburgi
2829 1114 2988 1166 etiam
3034 1114 3148 1181 pari
3187 1128 3283 1167 nos
3326 1113 3702 1177 benevolentia
3746 1136 4100 1193 proscquutus

2509 1211 2587 1254 est
2614 1203 2693 1255 vir
2714 1203 3101 1270 insignis-simus
3127 1210 3183 1258 et
3204 1205 3601 1263 eruditissimus
3626 1211 3861 1270 Josxxes
3890 1219 4099 1271 Αιῐςεκ-

2510 1306 2607 1345 res
2647 1291 2961 1359 humerus,
3010 1309 3169 1363 quem
3215 1294 3286 1349 ob
3325 1298 3578 1365 pra'clara
3620 1301 3672 1355 in
3718 1307 4097 1373 rempublicam

2510 1383 2798 1437 literariam
2825 1386 3013 1439 collata
3043 1385 3300 1440 beneﬁcia
3340 1388 3548 1455 ignorat
3585 1406 3741 1444 nemo
3789 1397 3875 1449 nui
3921 1398 4099 1451 litem;

2512 1475 2671 1527 norit.
2703 1474 2749 1528 Is
2779 1477 3196 1545 manuscriptum
3218 1476 3560 1545 epistularum
3590 1478 3649 1532 S.
3681 1480 3904 1539 Joannis
3925 1485 4096 1557 Chry-

2512 1566 2732 1618 sostomi
2758 1607 2774 1630 ,
2805 1581 2903 1620 nec
2933 1579 3147 1636 rogatus
3170 1607 3185 1631 ,
3217 1567 3515 1637 llamhutgo
3541 1567 3801 1623 Lutetiam
3828 1573 3975 1627 misit.
3999 1617 4011 1634 ,
4043 1584 4100 1629 ut

2513 1656 2680 1708 oculis
2697 1657 2808 1725 ipse
2829 1657 2963 1712 meis
2985 1661 3156 1709 varias
3178 1658 3300 1711 inde
3322 1659 3576 1712 leetimzcs
3592 1674 3677 1712 ext
3693 1661 3839 1727 ipere
3862 1677 4096 1727 possem.

2514 1747 2697 1816 Neque
2723 1748 2934 1801 silentio
2960 1749 3449 1815 praetermittendus
3475 1751 3553 1804 vir
3582 1750 3651 1804 cl.
3679 1749 3959 1807 Coxnanus
3986 1753 4098 1809 Wt-

2514 1855 2635 1893 Dow
2659 1881 2676 1904 ,
2706 1841 2794 1908 qui
2827 1840 3030 1892 nullum
3064 1839 3292 1907 lapidem
3324 1856 3428 1894 non
3461 1843 3626 1895 movit
3651 1857 3706 1896 ut
3731 1843 3926 1897 nostris
3954 1843 4099 1898 fave-

2516 1942 2595 1985 ret
2624 1932 2812 1985 studiis
2842 1940 2896 1985 et
2933 1932 3204 1998 operibus.
3252 1932 3331 1986 En
3373 1932 3536 1987 habes
3560 1975 3575 1998 ,
3626 1935 3850 1990 canidide
3890 1937 4098 2003 lector.

2513 2021 2751 2073 festivam
2823 2020 3201 2087 prmclarornm
3263 2019 3539 2074 hominum
3600 2026 4098 2091 ennmeratioaem,

2510 2126 2735 2179 quorum
2779 2111 3224 2165 commemoratio
3272 2112 3470 2165 nemini
3520 2112 3704 2168 literas
3748 2117 3948 2171 amanti
3996 2132 4101 2171 non

2512 2216 2603 2270 ενα
2612 2208 2661 2253 ιιι
2696 2209 2871 2269 ροιεξδι
2897 2215 3038 2255 esse.

2585 2290 2769 2359 Neque
2821 2291 3031 2343 tacendi
3089 2299 3213 2343 sunt
3269 2290 3530 2344 carissimi
3588 2290 3800 2345 sodales
3845 2293 3950 2347 mei
4006 2294 4102 2348 viri

2516 2383 2657 2437 docti
2683 2422 2697 2443 ,
2727 2383 2814 2447 qni
2849 2398 3055 2436 mecum
3089 2382 3143 2435 in
3176 2382 3274 2435 hoc
3303 2383 3510 2437 edendo
3540 2399 3703 2453 opere
3730 2385 4058 2440 d--sndarunt
4085 2429 4100 2452 ,

2516 2474 2577 2525 Ι)⁸
2612 2472 2857 2525 (ἷΑιιοιυε
2883 2486 2947 2524 οε
2972 2486 3036 2524 LA
3064 2471 3180 2525 Rue
3203 2513 3215 2532 ,
3247 2471 3306 2524 ι).
3340 2472 3613 2527 Μλιιτικιτε
3640 2473 3892 2536 Βουουετ
3915 2517 3930 2539 ,
3958 2486 4011 2530 ct
4040 2477 4102 2530 ι).

2514 2562 2775 2616 Joseruus
2807 2561 3063 2614 DObaSOT.
3091 2560 3284 2615 Caeteri
3313 2572 3489 2616 autem
3527 2563 3615 2630 qui
3657 2565 3819 2617 variis
3860 2564 4103 2620 lectioni-

2513 2654 2613 2707 bus
2641 2651 2967 2720 exeipiendis
2994 2666 3214 2719 Operam
3247 2650 3384 2705 bene
3412 2653 3562 2705 multi
3585 2652 3880 2719 dederunt,
3904 2664 3958 2709 et
3977 2655 4107 2709 dant

2514 2744 2797 2813 hodieque,
2816 2743 2866 2796 in
2880 2743 3056 2810 aliquo
3077 2750 3344 2796 tomorum
3367 2744 3702 2811 sequentium
3720 2760 4079 2799 commemora
4092 2776 4104 2785 -

2514 2836 2741 2890 buntur:
2762 2848 2884 2888 nam
2903 2834 2952 2886 in
2975 2834 3091 2887 dies
3109 2834 3230 2885 novi
3254 2832 3320 2885 ad
3344 2832 3392 2885 id
3410 2835 3643 2885 muneris
3657 2848 3715 2886 se
3730 2833 4030 2898 conferunt,
4054 2845 4108 2886 et

2818 2958 2830 2970 .
2901 2959 2915 2971 .
2932 2937 3031 2972 uno
3053 2923 3221 2971 avulso
3243 2935 3338 2970 non
3355 2922 3518 2970 delleit
3535 2921 3678 2971 alter.

835 3019 4109 3048 MM

1428 3121 1575 3201 DE
1625 3116 1897 3201 VITA
1949 3118 2035 3200 S.
2078 3116 2566 3199 JOANNIS
2629 3108 3493 3207 CHRYSOSTOMI,

1177 3277 1281 3336 ET
1326 3274 1578 3337 PRIMO
1621 3274 1725 3335 DE
1769 3271 2334 3335 SCRIPTORIBUS
2378 3268 2597 3331 VITJE
2644 3261 2997 3325 EIUSDEM
3028 3260 3311 3321 SANCTI
3353 3259 3741 3321 DOCTOIIIS

1833 3416 2013 3483 QUOS
2053 3410 2661 3471 PRIETERMITTERE
2703 3405 2909 3460 VISUM
2952 3402 3097 3457 EST.

2120 3573 2395 3596 ______._....

897 3688 995 3756 Qui
1028 3686 1228 3758 primus
1258 3686 1325 3740 ab
1352 3684 1581 3740 Ilcnrico
1615 3683 1816 3739 Savilio
1845 3681 2020 3735 editus
2060 3678 2158 3732 fuit
2188 3677 2317 3729 Viue
2349 3669 2408 3726 S.

833 3779 905 3833 'o.
944 3778 1311 3850 Chrysostomi
1355 3777 1603 3844 scriptor,
1631 3784 1715 3830 est
1756 3773 2018 3843 Georgius
2070 3766 2410 3825 Alexandria:

824 3870 1260 3939 archiepiscOpus
1279 3911 1293 3933 ,
1325 3884 1481 3938 quem
1528 3867 1744 3935 quidam
1790 3875 1977 3933 putant
2000 3862 2221 3919 Joannis
2250 3860 2411 3914 Elec-

830 3961 1119 4031 mosynarii
1165 3973 1527 4013 successorem
1561 3957 1747 4010 fuisse.
1779 3956 1878 4010 llic
1919 3954 2106 4009 humili
2152 3962 2208 4007 et
2248 3950 2414 4003 inele-

828 4052 970 4121 ganti
996 4050 1137 4121 stylo
1159 4050 1436 4104 innumera
1459 4048 1623 4103 refert
1645 4046 1904 4107 fabulosa,
1931 4044 1995 4097 iis
2014 4040 2271 4110 exceptis,
2297 4052 2416 4108 qum

829 4158 896 4197 ex
920 4139 1159 4195 Palladio
1187 4149 1241 4193 et
1266 4137 1485 4193 Socrate
1514 4147 1784 4190 mutuatus
1808 4144 1908 4190 est.
1941 4133 2131 4187 Narrat
2154 4131 2414 4186 Joannem

831 4234 1100 4300 juvenem,
1140 4232 1249 4300 jam
1298 4231 1471 4284 literis
1508 4229 1811 4293 eruditum,
1855 4226 2094 4281 Athenas
2120 4223 2417 4293 profecmm

833 4336 989 4384 esse;
1021 4321 1198 4389 ibique
1243 4335 1365 4374 cum
1416 4328 1537 4387 post
1582 4317 1848 4371 modicum
1891 4315 2147 4384 temporis
2190 4313 2416 4382 spatium

835 4412 1191 4467 Athenienses
1218 4426 1404 4466 onmes
1434 4410 1837 4477 disciplinarum
1871 4409 2054 4461 notitia
2087 4415 2141 4461 et
2173 4404 2416 4460 facundia

836 4511 1137 4573 superaret,
1166 4502 1363 4556 multos
1391 4502 1443 4556 in
1472 4501 1551 4554 sui
1574 4500 1979 4555 admirationem
2004 4498 2263 4566 rapuisse,
2286 4495 2419 4549 alio-

841 4613 956 4650 rum
984 4611 1113 4649 vero
1140 4593 1387 4648 invidiam
1419 4594 1803 4652 concitavisse,
1841 4594 2177 4657 maximeque
2209 4587 2417 4640 Anthe-

841 4686 931 4740 mii
961 4685 1235 4754 cujusdam
1265 4684 1361 4736 viri
1384 4683 1524 4736 docti
1547 4690 1601 4734 et
1623 4680 1858 4749 superbi,
1876 4694 2106 4747 quocum
2132 4679 2294 4730 etiam
2321 4676 2423 4729 dis-

842 4775 1066 4845 putavit.
1129 4773 1254 4827 lliec
1295 4770 1581 4840 disputatio
1622 4770 1862 4839 pluribus
1905 4776 2256 4821 memoratur.
2297 4763 2428 4817 Post

845 4862 1145 4932 hujusmodi
1174 4861 1403 4915 fabulam
1425 4859 1624 4914 fusiore
1641 4858 1781 4931 stylo
1801 4865 2151 4913 recensentur
2171 4852 2428 4908 miracula

846 4958 982 5011 bene
1026 4955 1190 5010 multa
1237 4970 1267 5009 a
1316 4954 1524 5009 Joanne
1569 4962 1753 5007 nostro
1804 4959 2203 5020 patrata:cum
2251 4955 2429 5000 tamen

842 5048 1256 5118 Chrysostomus
1274 5060 1377 5099 non
1399 5044 1564 5099 semel
1586 5044 1746 5104 dicat,
1762 5041 2012 5096 miracula
2032 5038 2173 5093 nulla
2187 5052 2285 5091 suo
2299 5045 2434 5090 tem-

847 5155 974 5208 pore
1002 5137 1116 5192 fieri
1136 5178 1152 5202 ,
1180 5151 1280 5189 nec
1305 5151 1423 5190 esse
1449 5134 1771 5188 necessaria.
1802 5132 2084 5186 lnnumera
2122 5126 2326 5199 profert
2354 5125 2431 5179 si-

850 5230 1031 5294 milia,
1076 5242 1175 5282 nec
1212 5227 1430 5295 majoris
1473 5226 1651 5294 pretii.
1698 5223 2030 5295 Quapropter
2055 5221 2176 5290 jure
2201 5217 2433 5273 Savilius

855 5324 1011 5379 talem
1036 5320 1104 5376 de
1130 5319 1363 5388 Cebrgio
1394 5319 1493 5371 fert
1519 5315 1839 5370 sententiam
1866 5332 1879 5367 :
1910 5312 2154 5366 Omnibus
2180 5318 2311 5364 certe
2329 5308 2435 5361 suis

856 5414 1129 5476 canalibus
1152 5456 1164 5475 ,
1194 5413 1344 5466 etiam
1376 5409 1589 5478 posteris
1628 5406 1646 5477 (
1669 5416 1723 5459 ut
1750 5406 1811 5458 de
1833 5404 2176 5458 vetustioribus
2202 5397 2430 5467 loream)

852 5506 1084 5573 infantia:
1112 5504 1164 5555 in
1184 5502 1398 5555 dicendo
1431 5500 1654 5567 palmam
1685 5494 2005 5564 prwripuisse
2033 5494 2207 5545 merito
2230 5492 2435 5560 judice-

854 5605 955 5646 tur.
982 5591 1065 5646 Ea:
1085 5592 1236 5659 huius
1262 5598 1426 5643 tanien
1456 5588 1660 5658 {mribus
1691 5586 1963 5638 hauserunt
1996 5582 2097 5636 Leo
2128 5581 2433 5652 Imperator,

854 5696 1033 5739 auctor
1083 5683 1334 5745 incertus,
1375 5689 1422 5734 et
1470 5678 1678 5733 Simcon
1724 5674 2124 5740 Metaphrastes,
2170 5691 2294 5742 quos
2336 5689 2438 5724 una

854 5783 1051 5831 damus.

931 5871 1056 5923 l’nst
1095 5867 1236 5923 hanc
1267 5864 1438 5919 Vitam
1470 5878 1500 5917 a
1531 5863 1759 5932 Georgio
1790 5859 2155 5915 Alexandrino
2186 5857 2435 5927 scriptam

872 5963 1009 6031 apud
1054 5962 1306 6016 Savilium
1353 5957 1591 6027 sequitur
1635 5956 1827 6009 Leonis
1878 5952 2216 6023 Imperatoris
2267 5950 2440 6005 Enco-

2396 3546 2553 3600 CILI?)

2568 3567 2891 3584 ——‘

2519 3664 2684 3717 mium
2732 3664 2790 3718 S.
2829 3665 2913 3721 Jo.
2957 3666 3349 3736 Clu-ysostomi.
3393 3667 3502 3721 Leo
3533 3682 3723 3736 nempe
3754 3667 3841 3721 ille
3871 3676 3987 3732 est,
4016 3665 4115 3737 qui

2516 3754 2739 3821 Sapiens
2782 3763 2838 3809 et
2880 3756 3237 3825 PhiIOSophus
3266 3756 3475 3819 dictus,
3506 3757 3774 3811 Orientale
3818 3757 4106 3825 Imperium

2521 3846 2690 3896 tenuit
2712 3844 2781 3897 ab
2802 3859 2943 3899 anno
2967 3844 3073 3899 886
3097 3845 3163 3898 ad
3189 3860 3387 3899 annum
3413 3845 3539 3899 910.
3575 3844 3666 3899 Ille
3693 3856 3866 3898 tamen
3890 3847 4107 3914 sapiens

2523 3932 2819 3999 Imperator
2866 3949 2932 3987 ex
2981 3933 3318 3988 fmtidissimo
3365 3935 3457 3988 illo
3500 3932 3714 4001 Georgii
3757 3935 3904 3988 fonte
3929 3933 4108 3987 omnia

2524 4033 2817 4087 mutuatur,
2851 4036 2949 4076 nec
2979 4023 3165 4089 majori
3198 4038 3357 4092 quam
3388 4023 3479 4076 ille
3506 4023 3611 4076 [ide
3641 4022 3833 4089 dignus
3861 4033 3965 4076 est.

2593 4112 2829 4167 Leonem
2859 4112 3243 4181 Imperatorem
3276 4111 3474 4179 excipit
3510 4110 3651 4179 apud
3691 4110 3944 4165 Savilium
3972 4124 4108 4164 ano«

2524 4219 2718 4274 nynms
2744 4204 2976 4272 scriptor
3003 4203 3136 4258 Vita:
3163 4203 3218 4257 S.
3243 4202 3402 4257 Joan.
3429 4200 3818 4271 Chrysostomi,
3838 4201 3925 4267 qui
3956 4200 4109 4254 initio

2524 4294 2727 4365 profert
2768 4296 2984 4349 nomina
3014 4309 3201 4350 eorum
3233 4294 3322 4363 qui
3352 4292 3420 4348 de
3451 4293 3555 4346 vita
3586 4290 3957 4361 Chrysostomi
3986 4290 4113 4346 scri-

2528 4396 2768 4456 pserunt,
2795 4388 2895 4442 hoc
2924 4388 3077 4441 titulo
3108 4404 3121 4439 :
3156 4386 3376 4453 Quinam
3407 4386 3471 4439 de
3498 4386 3599 4438 vita
3627 4383 3969 4454 Chrysostomi
3988 4385 4118 4438 scri-

2526 4490 2750 4550 pserunt.
2780 4478 2980 4532 Ilorum
3010 4479 3223 4532 nomina
3257 4478 3373 4530 hrec
3398 4483 3558 4530 sunt:
3584 4475 3834 4530 Socrates
3858 4473 4117 4528 ecclesia-

2528 4570 2694 4622 sticus
2719 4568 3200 4637 historiographus,
3222 4566 3491 4621 Palladius
3513 4565 3900 4633 llelenopoleos
3918 4563 4115 4631 cpisc.,

2531 4660 2751 4713 Proclns
2773 4657 3415 4725 Coustantinopolitanus,
3434 4655 3665 4726 Cyrillus
3689 4653 4076 4708 Alexandrinus
4099 4694 4113 4715 ,

2531 4749 2598 4803 de
2626 4748 2780 4816 cujus
2809 4749 3012 4803 visione
3042 4748 3177 4802 infra
3206 4749 3399 4817 agitur,
3439 4747 3775 4816 Sophronius
3815 4743 4114 4813 patriarcha

2532 4838 3044 4909 Jerosolymitanus,
3088 4838 3322 4893 Joannes
3380 4838 3783 4898 Damascenus,
3835 4833 4120 4902 Martyrius

2536 4929 2900 4984 Antiochenus
2944 4929 3242 4998 patriarcha
3264 4967 3279 4986 ,
3313 4926 3536 4980 Cosmas
3569 4921 3936 4993 Chrysostomi
3982 4931 4120 4975 tem-

2536 5038 2666 5091 pore
2692 5023 2947 5076 diaconus
2972 5024 3292 5075 ἀποστολιχῶν
3311 5057 3325 5079 ,
3352 5013 3720 5069 Theodorotns
3754 5012 3875 5084 Cyri
3910 5012 4078 5080 cpisc.
4100 5051 4118 5078 ,

2535 5112 2686 5166 Nilus
2713 5113 2933 5181 Magnus
2956 5152 2969 5172 ,
2998 5109 3231 5164 Isidorus
3264 5105 3528 5159 Pelusiota
3550 5147 3564 5168 ,
3598 5104 3860 5173 Evagrius
3887 5103 4078 5156 Asceta
4100 5142 4117 5167 ,

2535 5203 2760 5259 Cosmas
2782 5201 3041 5260 Vestitor.
3079 5198 3187 5253 Leo
3217 5198 3531 5266 Imperator,
3563 5194 3777 5249 Nicetas
3801 5197 4122 5263 σκεωῖὺὶαε,

2537 5295 2749 5351 Nicetas
2773 5292 3046 5360 Paphlago
3067 5332 3081 5353 ,
3111 5290 3422 5344 Eustathius
3455 5287 3617 5341 Primi
3640 5328 3653 5350 ,
3686 5284 3914 5339 Basilius
3942 5288 3966 5335 ὁ
3993 5304 4121 5351 πρυ-

2538 5396 2783 5458 τὸθρονος,
2832 5382 3214 5437 Constantinus
3265 5379 3761 5451 Porphyrogenitus
3804 5375 4120 5442 Imperator.

2540 5479 2625 5533 Es;
2656 5480 2733 5531 his
2764 5474 3016 5538 omnibus,
3048 5473 3218 5543 pergit
3244 5474 3352 5536 ille,
3375 5470 3739 5543 Opportuniora
3762 5474 3807 5518 et
3836 5463 4124 5535 pulrlzriora

2542 5573 2855 5640 colligentes,
2886 5583 3101 5637 quorum
3129 5567 3364 5637 quadam
3393 5565 3507 5619 aliis
3533 5580 3594 5617 ex
3614 5561 3796 5614 [torum
3825 5557 4123 5625 scriptorum

2544 5678 2756 5717 numero
2777 5670 2917 5719 nota.
2941 5658 3055 5714 aliis
3077 5661 3246 5730 ignota
3270 5667 3435 5724 erant,
3460 5657 3594 5709 hunc
3622 5654 3804 5706 librum
3833 5649 3884 5702 in
3910 5651 4121 5719 gratiam

2545 5758 2745 5825 piorum
2787 5753 3042 5806 hominum
3083 5752 3443 5805 adornavimus
3487 5746 3554 5799 ad
3590 5744 3805 5813 gloriam
3834 5740 3958 5805 Dei,
3989 5752 4033 5795 et
4059 5740 4125 5793 ad

2547 5845 2839 5900 memoriam
2869 5844 3031 5897 sancti
3055 5844 3167 5896 viri.

2623 5937 2716 5991 liir
2759 5952 2806 5987 γι
2826 5952 2884 5988 ro
2937 5938 3251 6003 Anonymus
3297 5928 3501 5983 ra-teris
3550 5927 3834 5996 elegantior
3874 5936 3988 5987 est;
4038 5920 4127 5971 «ται
