4466 6720
377 633 475 671 ιιτ

376 730 507 788 nihil
538 735 702 804 magis
733 737 940 790 confert
968 735 1033 788 ad
1081 736 1239 790 vitam
1271 737 1326 794 S.
1355 739 1513 796 Joau.
1552 742 1913 812 Chrysostomi
1936 785 1951 809 ,

373 841 531 893 quam
560 825 843 898 Georgius,
873 841 936 879 ex
965 827 1116 896 cujus
1143 828 1360 885 fmcibus
1385 834 1562 886 omnia
1590 831 1788 898 hausit,
1818 843 1875 888 ut
1902 845 1956 889 et

373 913 761 985 Metapbrastes
791 914 1092 984 Scriptores
1119 935 1245 975 vero
1276 922 1347 975 illi
1376 921 1438 974 de
1467 923 1566 974 vita
1589 920 1952 991 Chrysostomi,

373 1023 508 1076 quos
537 1007 848 1060 nominatim
881 1007 992 1076 ipse
1018 1021 1422 1074 commemorat,
1449 1028 1553 1064 non
1579 1027 1769 1066 omnes
1793 1023 1953 1068 totam

373 1096 744 1166 ClirySostomi
772 1097 928 1150 vitam
952 1099 1372 1169 descripserunt,
1402 1101 1495 1154 sed
1518 1117 1582 1155 ex
1610 1103 1715 1156 illis
1745 1102 1952 1170 plurimi

374 1186 629 1240 nonnulla
675 1195 878 1241 tantum
919 1189 984 1242 ad
1027 1192 1187 1243 vitam
1229 1191 1598 1260 Chrysostomi
1639 1195 1955 1263 pertinentia

373 1277 623 1330 retulere.
653 1274 921 1333 Visionem
951 1292 1128 1335 autem
1158 1282 1299 1335 illam
1325 1282 1504 1354 Cyrilli
1527 1325 1542 1349 ,
1569 1284 1635 1339 de
1662 1302 1763 1355 qua
1794 1302 1953 1356 supra

379 1365 610 1433 loquitur
633 1368 945 1440 Ananjmus
965 1412 980 1436 ,
1010 1372 1062 1426 3::
1093 1371 1244 1427 Notis
1269 1375 1380 1428 suis
1403 1375 1557 1430 all'ert
1587 1375 1814 1430 Savilius
1835 1417 1849 1441 ,
1878 1386 1958 1430 at-

377 1471 478 1520 quo
514 1456 578 1505 ita
608 1455 824 1510 ridicula
856 1461 959 1512 visa
991 1459 1089 1514 fuit
1113 1462 1476 1528 Tillemontio,
1499 1474 1553 1518 ut
1574 1481 1640 1518 ne
1662 1481 1958 1520 memorare

377 1545 590 1612 quidem
625 1545 767 1600 illam
798 1549 1044 1618 dignatus
1069 1553 1159 1605 sit.

451 1637 522 1688 lle
553 1636 778 1708 Georgio
810 1643 1169 1698 Alexandrino
1207 1654 1262 1699 et
1303 1644 1370 1700 de
1413 1644 1582 1698 fribus
1621 1648 1963 1714 sequentibus

375 1727 494 1780 ViL‘L‘
516 1729 877 1801 Chrysostomi
905 1736 1276 1803 scriptoribus,
1307 1750 1336 1787 a
1367 1736 1563 1792 Savilio
1589 1737 1771 1792 Graece
1800 1739 1960 1803 ensis,

378 1815 429 1867 in
458 1817 702 1873 Latinum
731 1823 1002 1876 vertendis
1029 1866 1042 1887 ,
1075 1834 1131 1876 et
1159 1824 1213 1877 in
1247 1826 1344 1879 hac
1372 1826 1606 1880 editione
1636 1827 1965 1896 publicandis

379 1909 580 1974 pridem
611 1914 998 1981 cogitaveram;
1035 1916 1139 1968 imo
1163 1932 1289 1970 vero
1313 1916 1595 1984 Georgium
1627 1919 1813 1972 Latine
1838 1934 1966 1972 con-

379 2013 585 2055 Vertere
607 2017 873 2074 cmperam
897 2023 910 2058 :
939 2007 1031 2060 sed
1058 2007 1144 2060 ubi
1177 2018 1252 2061 tot
1277 2010 1585 2078 quiSqnilias
1617 2009 1816 2068 inveni.
1843 2018 1966 2062 tunc

1285 624 1370 679 DE
1409 625 1894 684 SlZRlPTORlBUS
1931 629 2174 686 REBUM
2213 625 2708 684 CHRYSOSTOMI.

3530 643 3650 682 ηνι

2067 742 2316 813 ρωηὶιυῐι
2343 742 2594 810 coepisse,
2621 750 2676 795 et
2704 741 2855 795 libuit
2881 741 3160 806 desistere,
3191 754 3252 795 ac
3283 739 3512 795 Leonem
3544 741 3648 795 hn-

2063 843 2387 904 peratnrem.
2419 834 2754 901 Anonymnm
2778 842 2832 885 et
2858 831 3273 903 Metaphrasten,
3301 833 3390 904 qui
3409 848 3475 886 ex
3493 832 3652 889 Gerus

2063 926 2134 994 gii
2163 922 2380 977 fascibus
2409 924 2692 978 hauserant
2716 965 2731 987 ,
2761 924 3004 979 similiter
3031 926 3338 980 amandare.
3369 923 3500 980 Nam
3529 939 3649 979 cum

2065 1015 2256 1068 borum
2285 1014 2404 1066 vita:
2429 1013 2792 1085 Chrysostomi
2823 1013 3141 1083 scriptorum
3169 1030 3332 1084 opera
3362 1015 3651 1071 admodum

2065 1104 2272 1174 prolixa
2294 1105 2418 1168 sint,
2446 1103 2628 1158 Latine
2648 1119 2908 1159 conversa
2935 1119 3038 1156 non
3066 1106 3358 1172 potuissent
3382 1105 3434 1158 in
3460 1104 3651 1158 eodem

2065 1196 2235 1250 Tomo
2270 1196 2569 1262 contineri,
2610 1205 2666 1251 et
2704 1196 3038 1266 oportuisset
3079 1196 3237 1248 alium
3282 1197 3542 1251 adornare
3572 1207 3653 1249 to-

2067 1303 2212 1341 mum
2236 1302 2251 1349 ;
2273 1285 2429 1355 idque
2455 1289 2598 1341 nullo
2628 1289 2821 1350 fructu,
2842 1305 2962 1342 cmn
2991 1288 3055 1341 ad
3081 1288 3239 1341 vitam
3262 1286 3650 1358 Chrysostouti,

2067 1386 2125 1430 ut
2153 1378 2398 1444 superius
2425 1376 2617 1431 dictum
2645 1388 2747 1444 est,
2769 1378 2896 1433 nihil
2932 1378 3136 1448 possint
3159 1377 3350 1431 all‘crre
3376 1381 3650 1431 momenti.

2067 1475 2402 1537 Quapropter
2431 1469 2511 1522 his
2539 1474 2771 1536 omissis,
2803 1488 2831 1525 a
2866 1473 2983 1525 Vita
3012 1471 3380 1541 Chrysostomi
3415 1486 3508 1538 per
3535 1470 3652 1525 Pal-

2069 1562 2264 1615 ladium
2297 1603 2310 1624 ,
2367 1562 2750 1630 llelenopoleos
2801 1565 3111 1632 episcopum
3167 1573 3220 1618 et
3269 1563 3660 1634 Chrysostomo

2068 1669 2304 1707 comvum
2326 1695 2340 1717 ,
2372 1653 2688 1721 incipiemus
2718 1672 2730 1706 :
2763 1656 2850 1723 qui
2881 1656 3244 1724 Chrysostomi
3277 1665 3455 1722 partes
3480 1663 3655 1708 secta.

2071 1755 2185 1809 tus,
2221 1747 2381 1798 multa
2415 1747 2634 1809 retulit,
2668 1761 2788 1815 qua:
2819 1747 2931 1814 ipse
2964 1747 3166 1799 viderat
3191 1756 3245 1798 et
3269 1761 3493 1814 quorum
3518 1760 3650 1799 con-

2073 1850 2188 1890 Sors
2215 1836 2400 1889 fuerat.
2439 1837 2638 1891 Deinde
2679 1853 2806 1891 vero
2845 1839 3006 1890 vitam
3050 1835 3107 1891 S.
3145 1835 3381 1888 doctoris
3416 1849 3656 1903 oppone-

2076 1939 2214 1988 mus,
2234 1941 2299 1977 ex
2325 1927 2438 1990 ejus
2461 1928 2687 1981 maxime
2707 1929 2917 1997 scriptis
2933 1935 2987 1982 et
3009 1943 3073 1981 ex
3097 1926 3202 1980 lidc
3227 1926 3403 1996 dignis
3429 1931 3659 1979 auctori.

2078 2011 2176 2064 bus
2201 2028 2229 2064 a
2260 2013 2411 2064 nobis
2440 2014 2768 2067 adornatam.

390 2133 2156 2156 *ΨΜ-Λή

1223 2229 1993 2342 HENRICI
2064 2229 2768 2348 SAVILII

1702 2433 2297 2509 ADMONITIO

1203 2564 1309 2624 DE
1353 2563 1912 2628 SCRIPTORIBUS
1957 2569 2230 2631 RERUM
2275 2571 2863 2645 CHRYSOSTOMI,

449 2683 536 2738 ΕΤ
578 2682 993 2737 ΡΒίΕΒΕΒΤΙΜ
1035 2682 1336 2738 GEORGlO
1375 2684 1826 2751 CAS'l‘ElllSQUE
1867 2687 2274 2745 BlOCRAl‘lllS
2313 2692 2862 2750 ιιεαελτιῡιιιιιῑε
2899 2694 3127 2750 CAUTE
3169 2693 3523 2750 LEGENDIS.

1708 2820 2336 2876 «νῶι-ϐφπθ»

457 2973 477 3005 ι
513 2952 589 3007 Ad
623 2953 904 3018 scriptores
935 2967 1110 3006 rerum
1134 2950 1500 3021 ClirySostomi
1524 2952 1762 3021 ancdam
1790 2954 1961 3007 adno-

380 3052 554 3096 taturo
599 3041 967 3094 Constituenda
1012 3041 1141 3094 mihi
1188 3050 1313 3093 ante
1355 3045 1531 3093 omnia
1581 3043 1788 3096 videtur
1826 3044 1962 3097 ratio

382 3147 678 3200 temporum
704 3171 720 3196 ,
750 3148 851 3200 qua
884 3134 982 3184 rite
1011 3133 1366 3198 eonstabilita,
1397 3144 1587 3187 etetcra
1618 3136 1746 3188 lient
1772 3135 1964 3190 diluci-

377 3224 551 3286 diora,
583 3232 638 3276 et
663 3224 824 3276 multa
859 3223 910 3275 in
935 3223 1031 3276 hac
1057 3223 1273 3276 historia
1301 3225 1454 3278 dubia
1482 3227 1793 3286 dissolvere,
1820 3227 1960 3280 mul-

379 3324 464 3370 tos
499 3314 874 3368 historicorum
918 3331 1129 3368 errores
1167 3315 1446 3369 chronit'os
1475 3333 1578 3371 non
1617 3320 1718 3372 erit
1745 3319 1961 3374 diflicilc

379 3407 679 3471 castigare:
712 3420 830 3471 qua:
861 3414 1058 3466 tamen,
1092 3414 1146 3456 ut
1170 3421 1284 3458 mea
1311 3407 1511 3471 omnia,
1536 3407 1789 3462 lectorum
1816 3409 1959 3476 judi-

377 3497 461 3549 cio
487 3496 569 3549 vel
611 3494 908 3561 recipienda
933 3535 948 3557 ,
981 3496 1060 3547 vel
1093 3495 1418 3563 repudianda
1457 3498 1718 3564 relinquo.
1749 3501 1823 3552 Ac
1852 3499 1961 3565 pri-

379 3603 520 3640 mum
561 3585 627 3638 de
655 3586 742 3638 die
781 3595 834 3638 et
863 3585 1082 3638 consule
1103 3627 1117 3649 ,
1164 3603 1268 3654 quo
1301 3595 1454 3640 natus
1483 3598 1562 3640 est
1591 3588 1826 3642 Joannes
1866 3605 1962 3638 no-

377 3687 508 3739 ster,
539 3692 698 3728 nemo
738 3687 976 3728 veterum
1019 3676 1323 3729 Crtecorum
1369 3677 1657 3745 quidquam
1701 3678 1958 3745 prodidit,

379 3781 536 3818 nemo
581 3768 933 3819 recentiorum
967 3783 980 3818 :
1011 3767 1146 3819 adeo
1189 3777 1313 3819 sunt
1349 3783 1657 3835 magnorum
1687 3769 1920 3820 virorum
1942 3807 1956 3828 ,

377 3855 594 3922 perinde
635 3870 697 3908 ac
727 3855 1002 3908 fluviorum
1029 3898 1042 3921 ,
1076 3867 1224 3910 ortus
1265 3857 1510 3920 obscuri,
1553 3873 1865 3924 progressus
1905 3866 1959 3910 et

374 3947 552 3997 exitus
576 3946 868 4010 conspicui.
899 3946 1238 4009 Secundum,
1271 3945 1489 3999 Joannis
1523 3959 1748 4014 patrem,
1779 3948 1957 4014 paucis

377 4043 494 4102 post
521 4035 846 4086 nativitatem
878 4035 964 4086 lilii
993 4035 1180 4087 diebus
1200 4075 1215 4096 ,
1248 4050 1313 4086 an
1342 4036 1612 4089 mensibus
1642 4036 1856 4100 obiisse,
1887 4053 1954 4090 ex

377 4128 561 4180 matris
595 4126 658 4177 :nl
685 4125 940 4179 Joannem
971 4126 1145 4179 verbis
1188 4127 1386 4193 liquet,
1417 4127 1506 4180 lib.
1555 4129 1574 4181 1
1610 4128 1677 4180 de
1700 4128 1960 4182 Sacerdo-

385 4217 457 4269 tio
487 4234 541 4269 ιι.
569 4218 603 4270 5
633 4233 646 4268 :
682 4214 864 4268 Partus
893 4216 965 4267 tui
992 4215 1192 4268 dolores
1231 4227 1420 4286 excepit
1451 4219 1614 4270 ooitus
1642 4218 1818 4285 patris.
1842 4218 1957 4272 Jam

378 4326 498 4363 cum
537 4321 710 4364 mater
738 4311 898 4376 ipsius
928 4325 1094 4362 annos
1122 4311 1393 4363 viduitatis
1421 4313 1694 4381 explesset
1738 4313 1954 4380 viginti,

376 4413 595 4469 apparet
633 4416 753 4454 emn
793 4401 961 4453 adhuc
991 4401 1284 4453 Antiochia:
1310 4399 1362 4453 in
1393 4404 1572 4455 schola
1602 4403 1807 4457 Libanii
1841 4420 1958 4456 ver-

377 4499 569 4552 Satmu,
609 4506 673 4542 ex
717 4492 880 4559 ipsius
911 4492 1274 4562 Chrysostomi
1303 4493 1500 4554 verbis,
1533 4494 1682 4548 Orat.
1716 4496 1737 4548 1
1771 4495 1834 4549 ad
1865 4495 1958 4548 Vi-

375 4581 530 4633 duam
554 4583 672 4648 jnn.
693 4601 706 4634 :
727 4582 778 4634 Ν
781 4601 861 4634 mu
884 4596 927 4638 et
957 4601 1046 4653 ego
1066 4585 1334 4653 aliquando
1350 4601 1460 4637 cum
1480 4602 1634 4638 essem
1648 4589 1846 4656 junior,
1867 4591 1955 4638 do-

374 4673 499 4724 ctori
529 4688 637 4723 meo
669 4671 966 4745 (Libanio),
1001 4687 1106 4728 erat
1137 4686 1299 4729 autem
1326 4675 1412 4728 ille
1439 4681 1662 4730 omnium
1694 4679 1953 4732 hominum

375 4763 589 4814 maxime
625 4767 1033 4831 superstitiosus,
1064 4778 1166 4821 etc.
1191 4809 1206 4831 ,
1248 4782 1414 4835 usque
1444 4768 1510 4821 ad
1543 4771 1702 4823 Vt-rlia
1723 4811 1736 4833 ,
1783 4772 1954 4839 quales

375 4855 606 4908 mulieres
645 4855 782 4922 apud
810 4857 1110 4912 christianos
1145 4871 1260 4912 sunt
1289 4859 1374 4925 (T.
1409 4857 1449 4910 l.
1487 4861 1552 4913 ad
1583 4861 1809 4914 Viduam
1834 4863 1949 4932 jun.

375 4961 430 4999 η.
458 4945 547 5013 2).
581 4944 730 5009 Quod
764 4945 807 4997 si
842 4961 1098 5003 numerus
1139 4951 1237 5004 iste
1267 4950 1446 5018 viginti
1487 4965 1746 5005 annorum
1782 4956 1954 5022 justus

372 5045 473 5099 est,
521 5050 624 5087 non
669 5035 958 5100 rotundus,
1004 5039 1143 5107 quod
1175 5039 1398 5093 fortasse
1425 5041 1633 5104 verius,
1671 5051 1725 5094 ut
1765 5043 1953 5096 demus

374 5125 551 5177 statim
581 5134 697 5190 post
729 5123 949 5179 Joannis
987 5139 1161 5184 ortum
1189 5145 1393 5199 patrem
1434 5131 1754 5196 decessisse,
1783 5147 1953 5187 annos

372 5224 551 5268 natum
582 5215 858 5268 minimum
887 5217 1067 5285 viginti
1101 5221 1152 5274 in
1176 5223 1439 5278 auditorio
1465 5223 1664 5277 Libanii
1690 5221 1948 5278 Joannem

374 5305 589 5359 lizesisse
617 5320 833 5359 necesse
871 5317 972 5361 est.
998 5308 1266 5367 Palladius
1311 5331 1506 5369 annum
1535 5325 1774 5369 octavum
1801 5315 1948 5370 deci-

371 5411 514 5448 mum
545 5403 784 5465 agentern
816 5398 1064 5451 orator-ite
1091 5415 1308 5468 operam
1349 5406 1559 5461 dedisse
1589 5415 1823 5461 testatur.
1851 5405 1952 5462 Cc-

370 5483 570 5539 drenns
593 5486 791 5539 diserte
829 5487 1014 5540 scribit
1042 5503 1184 5542 anno
1211 5496 1382 5548 :etatis
1409 5497 1617 5552 decimo
1645 5505 1832 5552 octavo
1855 5496 1950 5551 dc-

367 5577 603 5632 stituisse
643 5577 936 5631 Libanium.
981 5577 1242 5650 Georgius
1287 5595 1342 5638 et
1379 5585 1490 5641 Leo
1531 5589 1630 5643 hoc
1669 5590 1781 5658 ipso
1810 5605 1949 5642 anno

369 5664 592 5723 Athenis
626 5669 772 5740 (quo,
800 5679 856 5722 ut
881 5671 1076 5731 ferunt,
1110 5682 1228 5740 post
1251 5676 1635 5735 Antiochenam
1665 5682 1948 5737 institutio-

367 5767 491 5807 ncm
519 5761 811 5818 studiorum
839 5777 994 5818 causa
1033 5763 1373 5836 migraverat)
1404 5770 1628 5826 rediisse
1675 5773 1901 5842 produnt
1930 5791 1944 5827 :

368 5846 456 5898 alii
483 5861 623 5901 anno
649 5854 822 5909 mtatis
846 5855 1132 5922 sedet-imo,
1157 5855 1364 5926 longius
1381 5857 1555 5913 adhuc
1583 5876 1614 5914 a
1641 5879 1768 5918 vero
1797 5864 1949 5924 aber-

370 5949 562 5992 rantes.
615 5939 847 6010 Expleta
894 5948 1050 6018 igitur
1078 5965 1217 6004 anno
1243 5947 1496 6002 vicesimo
1543 5951 1761 6022 (neque
1809 5956 1950 6009 enim

374 6031 550 6102 plures
575 6044 769 6100 ponere
796 6049 885 6104 pat
908 6050 992 6094 tur
1009 6056 1107 6097 nos
1127 6041 1460 6114 sequentium
1481 6043 1714 6098 calculus
1746 6057 1949 6118 tempo-

2071 2956 2209 3003 rum,
2239 2957 2338 2994 nec.
2363 2945 2640 3009 pauciores
2657 2944 2817 2999 verba
2843 2945 3211 3017 Chrysostomi
3239 2948 3279 3016 ),
3307 2945 3534 3002 desertis
3549 2957 3662 3000 stu.

2075 3030 2176 3083 diis
2193 3032 2516 3098 juvenilibus
2540 3036 2858 3104 eloquentia:
2883 3048 2936 3090 et
2966 3038 3316 3105 philosophia:
3339 3040 3552 3108 argutiis
3572 3054 3660 3092 so-

2071 3118 2264 3187 phista:
2288 3120 2494 3174 Libanii
2533 3124 2739 3192 longum
2766 3125 2875 3177 rale
2898 3125 3069 3178 dicens
3098 3128 3192 3194 (ait
3230 3126 3534 3196 Georgius).
3566 3129 3651 3180 ad-

2069 3213 2275 3267 h:rrere
2302 3217 2465 3283 coepit
2499 3215 2558 3268 Β.
2608 3216 2840 3282 Meletio,
2871 3219 3124 3287 episcopo
3160 3218 3496 3273 Antiocheno
3517 3259 3531 3282 ,
3560 3235 3657 3273 nec

2068 3304 2136 3357 ab
2173 3305 2288 3371 cius
2317 3321 2564 3373 umquam
2598 3307 2764 3361 latere
2791 3309 3100 3374 discedere;
3130 3326 3156 3361 a
3195 3326 3302 3380 quo
3333 3313 3501 3364 sacris
3526 3312 3657 3380 dog-

2069 3397 2297 3449 matihus
2335 3397 2614 3462 diligenter
2637 3399 2924 3453 instructus
2943 3410 3029 3465 et,
3063 3401 3324 3470 baptismo
3353 3411 3471 3470 post
3493 3406 3659 3458 trieno

2070 3488 2214 3540 nium
2241 3489 2397 3554 ferme
2419 3490 2750 3551 illuminatus,
2786 3491 2954 3546 lector
2982 3494 3258 3548 ordinatus
3285 3505 3368 3549 est
3395 3514 3406 3546 τ
3438 3498 3512 3550 sic
3537 3496 3655 3550 Pa'-

2070 3576 2270 3639 ladius,
2303 3579 2576 3633 Cedrenns
2596 3620 2611 3643 ,
2641 3581 2749 3634 alii.
2791 3582 2888 3636 llic
2921 3598 3048 3651 ergo
3074 3601 3242 3637 annos
3280 3585 3443 3640 habes
3472 3598 3576 3639 tres
3603 3598 3654 3638 et

2069 3668 2272 3735 viginti.
2306 3669 2454 3722 Circa
2497 3669 2598 3723 hoc
2645 3679 2850 3738 tempus
2892 3683 3112 3726 matrem
3155 3675 3352 3728 ohiissc
3388 3675 3656 3742 prohabilo

2067 3766 2174 3817 est;
2208 3758 2485 3826 ipsumque
2511 3761 2628 3812 vita:
2657 3776 2715 3814 sc
2735 3761 2984 3829 deinceps
3007 3765 3330 3827 monastic.t-,
3356 3781 3512 3832 quam
3545 3784 3654 3818 mas

2067 3850 2229 3902 ternis
2259 3851 2501 3916 precilms
2529 3853 2696 3904 victus
2733 3853 3010 3907 distulerat
3047 3857 3223 3909 verius
3246 3873 3403 3926 quam
3444 3859 3653 3923 abiece-

2065 3949 2178 4002 rat,
2222 3939 2520 3995 tradidisse.
2560 3943 2976 4008 Quadrienninm
3017 3947 3207 4000 vixisse
3237 3947 3286 3999 in
3330 3951 3653 4002 monasterio

2066 4032 2360 4085 AntiochLe
2389 4033 2564 4087 vicino
2590 4049 2777 4090 omnes
2799 4041 3083 4106 scriptorcs
3113 4050 3390 4104 tvstantur,
3423 4053 3524 4094 tam
3555 4059 3650 4097 vc-

2067 4129 2205 4175 teres
2245 4139 2399 4189 quam
2449 4131 2804 4190 recentiores,
2854 4143 3234 4197 sacrorumque
3276 4131 3530 4184 librorum
3572 4134 3646 4186 leo

2065 4212 2246 4276 ctioui,
2277 4221 2320 4264 et
2345 4215 2568 4265 asceticis
2590 4217 2751 4278 rebus,
2781 4217 2916 4282 apud
2940 4216 3029 4270 Cat
3047 4227 3234 4270 ternum
3259 4230 3310 4271 et
3339 4221 3643 4284 Diodorum,

2067 4310 2184 4354 tunc
2209 4303 2508 4355 monasterio
2536 4307 2829 4372 prtrpositos
2849 4347 2861 4365 ,
2893 4321 3106 4374 operam
3135 4307 3365 4363 dedisse.
3401 4310 3521 4364 llzec
3549 4311 3648 4366 So-

2061 4406 2252 4447 erates.
2290 4395 2364 4447 Ex
2391 4397 2580 4465 quibus
2613 4397 2892 4462 Diodorus,
2920 4404 3109 4454 postea
3137 4401 3412 4456 Tarsensis
3438 4404 3646 4471 episeo.

2061 4498 2190 4551 pus,
2223 4490 2383 4537 multa
2425 4488 2634 4553 scripsit
2675 4489 2918 4540 (iteruleut
2963 4490 3246 4544 divinarum
3271 4491 3645 4560 Scripturartuu

2057 4592 2255 4628 sensum
2298 4578 2440 4629 unice
2475 4595 2656 4630 curans
2697 4597 2968 4648 earumque
3005 4582 3195 4650 ﬁguras
3245 4584 3545 4651 (allegorias
3592 4597 3644 4638 et

2057 4682 2351 4734 auagogas,
2388 4668 2607 4736 quibus,
2649 4685 2804 4737 supra
2846 4687 3002 4739 quam
3038 4688 3128 4740 per
3158 4683 3308 4736 erat,
3351 4676 3642 4731 delectatus

2059 4759 2230 4811 fuerat
2246 4759 2523 4828 Origenes)
2544 4762 2794 4829 rcjicicus.
2817 4764 2984 4827 Quam
3009 4764 3454 4831 interpretationis
3475 4769 3643 4819 ratio-

2059 4868 2178 4906 nem
2204 4868 2233 4906 a
2262 4856 2513 4923 magistro
2569 4867 2835 4909 mutuatus
2871 4857 3078 4910 videtur
3125 4858 3210 4910 hic
3239 4868 3436 4922 noster,
3483 4871 3640 4924 quem

2058 4947 2269 4999 nonnisi
2299 4947 2506 5012 pra-fata
2532 4949 2679 4999 venia
2700 4945 2810 4999 fere
2826 4946 2892 4998 ad
2911 4947 3190 5015 allegorias
3207 4948 3532 5003 descendere
3563 4951 3637 5001 vi-

2057 5039 2265 5092 demus.
2280 5038 2548 5092 Cedrenus
2565 5039 2727 5090 solius
2747 5038 2985 5091 meminit
2999 5038 3241 5092 Carterii.
3261 5039 3526 5092 Palladius
3540 5040 3632 5111 Sy—

2059 5145 2174 5183 rum
2201 5128 2480 5197 quemdam
2501 5141 2680 5181 senem
2701 5139 3080 5180 commemorat
3101 5129 3442 5183 continentize
3461 5131 3642 5198 impri-

2058 5221 2159 5278 mis
2176 5218 2490 5282 studiOsum,
2508 5217 2592 5271 eui
2609 5233 2666 5272 se
2683 5217 2887 5271 socium
2907 5218 2958 5271 in
2979 5220 3304 5274 monasterio
3319 5219 3464 5273 dedit
3483 5220 3638 5274 Joan-

2056 5327 2171 5365 nes.
2204 5310 2390 5364 Utrum
2419 5324 2482 5362 ex
2509 5307 2720 5364 duobus
2747 5309 2851 5364 illis
2893 5325 3027 5364 unus
3060 5309 3215 5364 fuerit
3239 5311 3336 5363 isre
3361 5309 3544 5379 Syrus,
3574 5326 3637 5360 an

2056 5403 2232 5472 potius
2264 5402 2580 5472 Hesychius,
2615 5402 2780 5473 Syrus
2809 5419 2986 5474 genere
3013 5418 3044 5462 a
3064 5403 3293 5472 Georgio
3313 5405 3633 5462 nominatus,

2057 5511 2161 5550 non
2191 5510 2404 5564 possum
2437 5505 2694 5550 statuere.
2719 5495 2797 5550 Ex
2823 5505 2928 5550 tota
2963 5504 3108 5550 certe
3128 5494 3336 5564 Georgii
3370 5497 3634 5550 narratio-

2057 5603 2158 5652 ne,
2189 5587 2516 5641 monasterio
2554 5588 2597 5644 si
2636 5603 2741 5641 non
2787 5585 3093 5656 praifuisse,
3131 5595 3276 5640 certe
3317 5585 3386 5640 ad
3425 5602 3637 5641 omnem

2054 5680 2308 5748 pietatem
2340 5682 2612 5749 prasivisse
2660 5682 2908 5734 fratribus
2951 5679 3118 5748 iisque
3149 5679 3364 5747 regulas
3385 5681 3638 5734 asceticas

2053 5770 2380 5832 condidisse,
2407 5772 2582 5841 potius
2600 5788 2756 5842 quam
2783 5770 2882 5824 sub
2901 5770 3119 5825 alterius
3143 5768 3423 5839 disciplina
3445 5770 3636 5822 vixisse

2061 5865 2332 5920 videatur.
2361 5866 2569 5920 Relicto
2594 5874 2714 5935 post
2737 5862 3144 5932 quadriennium
3171 5862 3274 5918 hoc
3291 5862 3632 5923 monasterio,

2057 5957 2325 6012 desiderio
2369 5955 2715 6012 delitescendi
2765 5954 3108 6010 remotiorem
3150 5968 3388 6009 eremnm
3438 5953 3630 6022 petiit-

2059 6046 2272 6120 illicque
2311 6048 2577 6121 spelunca:
2621 6046 2852 6104 inclusus
2893 6045 3164 6103 biennium
3201 6046 3364 6100 ferme
3411 6044 3636 6116 peregit.
