4466 6714
806 572 951 652 ‘XXVII

805 703 982 774 Atque
1003 701 1071 759 de
1098 702 1197 758 hoc
1223 702 1497 771 sexennio,
1526 712 1584 758 ut
1602 703 1730 770 dixi,
1760 703 1901 761 inter
1922 716 2170 763 auctores
2190 722 2384 762 conve-

806 795 906 850 nit.
940 793 1067 851 Inde
1112 794 1179 849 ad
1208 794 1395 850 urbem
1430 810 1695 860 reversus,
1726 795 1985 854 diaconus
2022 815 2052 854 a
2084 802 2141 856 S.
2186 800 2391 855 Meletio

807 884 977 955 (quod
999 887 1136 940 inter
1159 898 1346 941 omnes
1365 886 1595 956 constat)
1618 887 1729 957 jam
1750 889 2141 957 proficiscente,
2167 900 2223 946 ut
2242 899 2389 961 puto,

807 976 1317 1047 Constantinopolim
1334 978 1399 1032 ad
1416 978 1702 1034 secundam
1719 981 1982 1051 synodum
1999 984 2389 1048 celebrandam,

807 1081 951 1121 anno
996 1066 1205 1121 Domini
1250 1068 1348 1123 581
1383 1068 1621 1136 ineunte,
1651 1070 1949 1139 ordinatus,
1975 1075 2391 1144 quinquennium

809 1158 1130 1213 venerandis
1155 1159 1479 1215 ministravit
1504 1161 1780 1218 altaribus.
1810 1163 1942 1219 Nam
1972 1165 2114 1236 quod
2140 1174 2260 1236 post
2288 1164 2395 1218 Me-

806 1246 918 1303 letii
947 1260 1201 1317 mortem,
1229 1266 1348 1321 quae
1370 1252 1487 1322 ipso
1504 1260 1746 1323 tempore
1771 1256 2017 1309 secunda:
2045 1256 2231 1327 synodi
2252 1253 2395 1309 acci-

809 1330 912 1397 dit,
942 1331 1191 1389 Socrates
1219 1336 1297 1389 ait
1327 1354 1341 1390 :
1373 1335 1629 1391 Recedens
1669 1338 1896 1392 Joannes
1925 1358 1955 1393 α
1982 1339 2268 1394 Meleliant's
2313 1338 2397 1409 (ea:

811 1422 951 1486 urbe,
982 1424 1151 1493 inquit
1166 1423 1444 1495 Georgius)
1460 1435 1558 1478 tres
1578 1427 1796 1496 integros
1812 1443 1972 1481 annos
1991 1431 2260 1499 tranquille
2273 1430 2396 1498 egit;

808 1523 1147 1567 commoratur
1165 1515 1217 1567 in
1238 1517 1543 1570 monasterio
1570 1517 1623 1571 in
1653 1534 1752 1589 quo
1795 1519 2015 1589 primunt
2043 1529 2150 1573 erat
2167 1562 2181 1583 ,
2228 1521 2399 1590 inqttit

808 1600 1099 1673 Georgius;
1130 1605 1416 1660 triennium
1438 1606 1563 1674 hoc,
1594 1617 1655 1663 ut
1680 1610 1987 1680 importune
2011 1621 2193 1667 contra
2226 1613 2397 1667 ratio-

810 1708 934 1750 nem
963 1705 1286 1767 temporum,
1309 1708 1369 1754 ut
1396 1701 1448 1754 in
1478 1703 1827 1771 sequentibus
1851 1705 2258 1771 monstrabitur,
2283 1706 2402 1761 Pal-

812 1784 955 1841 ladio
979 1790 1139 1843 etiam
1170 1807 1279 1845 non
1309 1792 1657 1862 suffragante,
1693 1796 2049 1864 interjcctum,
2083 1814 2149 1853 ex
2179 1814 2402 1854 numero

808 1894 1070 1934 annorum
1102 1880 1472 1953 Cltrysostomi
1504 1886 1845 1941 eximendum
1892 1903 2109 1944 censeo.
2143 1890 2269 1945 Post
2292 1891 2405 1944 dia-

807 1980 1057 2026 conatum
1088 1987 1235 2042 ergo,
1282 1976 1563 2046 presbyter
1589 1976 1805 2041 deinde,
1842 1979 1985 2049 quod
2037 1981 2175 2034 inter
2218 1996 2403 2034 omnes

806 2061 1078 2127 convenit,
1097 2071 1220 2131 post
1247 2078 1419 2119 annos
1449 2064 1682 2136 quinque
1710 2082 1741 2122 a
1764 2068 2019 2122 Flaviano
2040 2069 2190 2136 (non,
2211 2078 2266 2120 ut
2289 2069 2401 2121 vult

808 2149 1079 2217 Socrates,
1113 2153 1360 2223 Evagrio,
1408 2155 1614 2209 Paulini
1644 2156 1994 2225 successore),
2033 2156 2177 2224 quod
2208 2164 2393 2224 postea

810 2245 1177 2312 ostendemus,
1218 2246 1493 2300 ordinatus
1519 2255 1621 2300 est.
1656 2247 1743 2302 Sic
1781 2247 2042 2303 habemus
2067 2264 2096 2301 a
2128 2249 2403 2304 nativitate

812 2339 1035 2395 Joannis
1060 2356 1227 2411 usque
1253 2341 1320 2396 ad
1346 2341 1560 2397 deserta
1600 2342 1773 2396 studia
1796 2342 2053 2411 juvenilia
2093 2356 2281 2404 annos,
2317 2357 2406 2395 se-

809 2436 1042 2490 cundum
1074 2436 1515 2508 Chrysostomum
1545 2439 1739 2505 ipsum,
1758 2435 1965 2505 viginti,
1986 2434 2089 2496 vel,
2110 2433 2406 2488 secundum

810 2525 969 2593 alios,
1000 2527 1297 2583 octodecim
1334 2527 1515 2597 :apud
1558 2527 1826 2582 Meletium
1866 2542 2037 2583 annos
2062 2528 2228 2581 ferme
2262 2534 2404 2587 tres;

813 2617 939 2674 inde
964 2619 1017 2674 in
1046 2634 1227 2674 eremo
1250 2635 1420 2674 annos
1452 2620 1620 2674 ferme
1640 2636 1734 2675 sex
1768 2638 1782 2675 :
1811 2621 1863 2674 in
1891 2620 2099 2674 diaconi
2128 2620 2292 2690 gradu
2313 2635 2409 2673 an-

812 2726 913 2767 nos
942 2715 1195 2784 quinque,
1228 2723 1302 2780 et,
1326 2722 1576 2782 exempto
1604 2714 1692 2767 illo
1705 2713 1939 2768 Socratis
1967 2722 2021 2766 et
2045 2713 2404 2766 recentiorum

812 2802 1063 2867 triennio,
1097 2804 1150 2859 in
1198 2805 1495 2876 presbyteri
1524 2806 1691 2873 gradu
1720 2819 1889 2859 annos
1918 2803 2223 2858 duodecim.
2250 2802 2405 2869 Quod

812 2897 859 2952 si
885 2898 1027 2967 pleni
1067 2899 1268 2954 fuerint
1292 2898 1347 2953 lti
1377 2899 1525 2963 anni,
1558 2914 1664 2954 non
1700 2899 1815 2953 cavi
1857 2908 1947 2953 aut
1975 2898 2217 2953 labentes
2241 2898 2404 2967 (quod

822 2988 1001 3059 potius
1020 3004 1162 3053 reor,
1188 2990 1243 3044 in
1268 2992 1423 3045 annis
1453 2991 1747 3059 prtesertim
1776 2998 1898 3044 ante
1925 2990 2284 3054 diaconatum,
2310 3002 2409 3057 pro

819 3093 971 3135 more
1008 3079 1249 3134 omnium
1301 3080 1412 3135 fere
1454 3090 1729 3135 auctorum
1761 3095 2013 3135 numeros
2042 3095 2184 3149 smpe
2208 3095 2407 3149 augen-

827 3170 979 3237 tium,
1006 3179 1061 3225 et
1084 3172 1203 3240 quia
1235 3170 1552 3225 vocabulum
1581 3170 1747 3225 ferme
1776 3172 1856 3224 bis
1884 3186 1912 3223 a
1942 3170 2176 3224 Palladio
2209 3168 2406 3237 repeti-

823 3270 933 3314 tum
960 3259 1087 3333 est),
1120 3276 1148 3314 a
1180 3261 1454 3316 nativitate
1487 3260 1554 3315 ad
1595 3261 1958 3331 episcopatum
1998 3261 2124 3314 anni
2151 3260 2408 3331 colligen-

824 3362 911 3405 tur
938 3350 1027 3405 46.
1057 3351 1209 3418 Quod
1238 3352 1281 3405 si
1308 3351 1444 3406 duos
1470 3365 1638 3405 annos
1666 3367 1786 3406 cum
1815 3350 2052 3405 Palladio
2071 3358 2127 3405 et
2148 3349 2412 3404 recentio-

828 3440 977 3495 ribus
994 3440 1271 3496 demamus
1295 3457 1360 3495 ex
1378 3441 1931 3511 studiisjuvenilibus;
1955 3450 2010 3494 et
2032 3455 2229 3494 annum
2250 3453 2414 3493 unum

824 3544 923 3599 pro
945 3529 1036 3584 illo
1064 3529 1147 3584 bis
1168 3530 1393 3599 repetito
1421 3529 1621 3594 ferme;
1648 3530 1777 3583 anni
1805 3538 2007 3583 tantum
2028 3538 2185 3583 erunt
2200 3530 2286 3583 45.
2314 3529 2419 3582 Re-

828 3622 969 3692 liqua
990 3620 1243 3692 deinceps
1270 3636 1455 3691 prona,
1488 3621 1813 3690 epocharque
1833 3630 2013 3686 certe,
2033 3636 2140 3674 non
2155 3635 2415 3673 annorum

824 3720 1051 3778 tantum,
1075 3712 1170 3768 sed
1199 3720 1254 3766 et
1278 3712 1541 3767 mensium
1575 3710 1960 3780 propemodum
1988 3720 2040 3765 et
2070 3710 2299 3765 dierum.
2328 3709 2414 3763 ln-

825 3814 909 3859 ter
932 3819 1117 3859 omnes
1154 3805 1422 3867 convenit,
1467 3812 1573 3857 tam
1620 3811 1832 3857 veteres
1873 3817 2030 3872 quam
2062 3801 2411 3867 recentiores,

826 3893 1087 3949 Joannem
1122 3893 1190 3947 ab
1216 3893 1443 3947 Arcadio
1468 3894 1706 3962 Augusto
1742 3892 2042 3957 Antiochia,
2076 3892 2167 3946 ubi
2194 3891 2415 3961 presby-

832 3993 915 4040 ter
938 3984 1056 4047 fuit,
1097 3984 1322 4038 accitum
1368 3985 1418 4036 in
1466 3984 1594 4037 sella
1634 3983 1922 4052 episcopali
1956 3982 2420 4050 Constantinopoli

832 4080 1087 4146 locatum,
1107 4079 1257 4134 Coss.
1287 4078 1523 4132 Honorio
1540 4079 1571 4131 4
1588 4088 1641 4132 et
1662 4077 2009 4148 Eutyehiano,
2035 4076 2136 4130 hoc
2156 4084 2258 4139 est,
2280 4089 2421 4128 anno

828 4172 1045 4237 Christi,
1080 4181 1137 4226 ut
1165 4187 1264 4226 nos
1290 4186 1653 4231 numeramus.
1683 4169 1809 4235 598,
1858 4167 2131 4222 Februarii
2160 4166 2253 4231 26,
2293 4165 2422 4220 sede.

832 4264 1068 4334 urbcque
1098 4264 1307 4334 pulsum
1332 4262 1421 4334 (de
1444 4263 1736 4331 posteriore
1756 4262 1945 4315 exsilio
1969 4261 2187 4330 loquor;
2214 4275 2335 4313 nam
2357 4260 2423 4313 de

834 4357 1012 4426 priore
1047 4367 1229 4427 postea
1268 4354 1586 4424 videbimus)
1617 4354 1853 4409 Honorio
1894 4355 1948 4419 6,
1993 4363 2047 4407 et
2098 4354 2421 4408 Aristtenato

835 4448 1014 4513 Coss.,
1043 4448 1131 4518 qui
1157 4462 1329 4502 annus
1353 4457 1435 4502 est
1475 4446 1685 4501 Domini
1711 4446 1836 4510 404,
1868 4446 2121 4501 vicesimo
2146 4445 2232 4499 die
2256 4444 2418 4509 Junii,

839 4542 977 4605 sive,
1011 4550 1069 4595 ut
1092 4542 1179 4594 alii
1209 4543 1517 4611 loquuntur,
1551 4541 1784 4611 quinque
1814 4540 2006 4595 diebus
2036 4548 2156 4609 post
2180 4540 2420 4610 complc-

838 4643 945 4687 tam
974 4632 1346 4687 Pentecosten.
1381 4634 1446 4685 Et
1471 4632 1688 4700 quidem
1715 4632 1923 4685 decimo
1964 4632 2119 4685 tertio
2168 4641 2287 4700 post
2313 4631 2422 4693 die,

840 4724 943 4779 hoc
967 4731 1068 4789 est,
1098 4724 1254 4778 tertio
1281 4722 1429 4788 Julii,
1457 4722 1579 4776 data
1610 4732 1691 4777 est
1714 4722 1932 4776 Joannis
1961 4724 2126 4776 nostri
2153 4723 2218 4775 ad
2245 4723 2431 4793 Olynt-

840 4815 1047 4888 piadem
1088 4815 1313 4886 epistola
1351 4828 1524 4879 nona;
1564 4821 1621 4869 et
1658 4813 1916 4883 postridie
1956 4814 2077 4882 ejus
2118 4813 2245 4878 dici,
2278 4828 2357 4869 se.
2398 4815 2431 4867 4

838 4906 964 4963 Julii
999 4906 1085 4963 vel
1124 4905 1343 4962 Panemi
1381 4906 1603 4973 mensis,
1645 4906 1810 4961 altera
1844 4904 1913 4959 ad
1951 4906 2340 4960 Constantium.
2375 4905 2430 4959 ln

846 5000 949 5055 hoc
974 4998 1162 5054 exsilio
1190 4998 1321 5053 vixit
1347 4998 1545 5054 Cucusi
1573 5012 1770 5052 annum
1801 5013 1984 5061 unum,
2018 4996 2256 5053 Arabissi
2283 4996 2434 5051 bien-

843 5091 1014 5156 nium,
1045 5090 1265 5160 reliquis
1288 5090 1561 5145 mensibus
1588 5089 1643 5144 in
1689 5089 1879 5145 itinere
1914 5090 2217 5161 Pityuntem
2246 5102 2434 5143 versus

845 5182 1196 5251 consumptis,
1218 5196 1326 5251 quo
1342 5190 1517 5235 tamen
1535 5196 1639 5236 non
1658 5183 1919 5251 pervenit,
1942 5192 2116 5237 morte
2134 5189 2434 5252 praeventus

846 5273 1121 5337 Comanis,
1154 5271 1392 5327 Honorio
1416 5273 1448 5326 7
1482 5282 1536 5327 et
1571 5273 1870 5327 Theodosio
1897 5275 2087 5329 iterum
2117 5274 2295 5337 Coss.,
2334 5272 2435 5326 hoc

851 5374 954 5433 est,
983 5380 1125 5421 anno
1149 5363 1350 5421 Christi
1376 5364 1478 5420 407
1510 5384 1524 5421 :
1553 5365 1695 5436 quod
1723 5368 1860 5420 inter
1887 5383 2073 5422 omnes
2098 5374 2327 5422 constat.
2360 5365 2435 5420 De

852 5472 1041 5512 mense
1078 5456 1439 5513 controversia
1467 5464 1551 5511 est
1580 5474 1593 5510 :
1627 5456 1874 5513 Socrates
1913 5458 1999 5512 die
2029 5459 2095 5512 14
2119 5456 2436 5512 Novembris

852 5551 1051 5606 obiisse
1077 5550 1263 5607 scribit
1310 5567 1325 5603 :
1376 5548 1659 5621 Georgius,
1701 5558 1757 5605 et
1792 5559 1914 5619 post
1948 5566 2067 5603 eum
2109 5550 2435 5606 recentiores

849 5657 1059 5707 omnes,
1077 5652 1133 5697 et
1155 5641 1548 5709 Galendarium,
1584 5651 1644 5697 ut
1670 5642 1896 5709 videtur,
1932 5642 2225 5697 Romanum
2260 5643 2348 5697 die
2370 5643 2437 5697 14

849 5734 1211 5808 Septembris,
1258 5737 1373 5807 ipso
1401 5736 1739 5794 exaltationis
1776 5735 1835 5791 S.
1868 5736 2057 5792 Crueis
2082 5735 2188 5791 die.
2219 5737 2356 5804 Quin
2384 5746 2438 5791 et

853 5828 993 5898 apud
1023 5828 1301 5884 Socratem
1329 5826 1659 5898 Septembris
1694 5827 1977 5900 legendum
2004 5842 2122 5883 esse
2138 5837 2347 5883 constat
2373 5842 2438 5882 ex

859 5921 1025 5975 veteri
1076 5920 1241 5976 latina
1286 5920 1723 5992 interpretatione
1758 5921 1810 5976 in
1852 5914 2152 5977 Cassiodori
2207 5919 2437 5974 Historia

856 6011 1118 6085 tripartita
1151 6014 1243 6070 lib.
1280 6014 1366 6083 l0,
1396 6029 1443 6068 c.
1482 6014 1565 6069 18.
1599 6012 1671 6067 lta
1712 6012 1778 6067 ab
1824 6012 1971 6068 initio
2012 6014 2348 6085 episcopatus
2373 6012 2439 6066 ad

1899 579 2175 638 HENRICI
2216 588 2460 645 SAVILII
2501 589 2948 656 DISSERTATIO

3909 628 4082 672 ιινιιι

2502 726 2729 768 mortem
2763 733 2955 773 novem
2984 721 3107 774 anni
3134 729 3293 789 sunt,
3326 711 3657 779 menses-sex
3683 722 3765 778 vel
3798 735 3938 792 octo,
3967 731 4087 786 dies

2497 805 2765 869 sedecim;
2800 819 2855 863 et
2880 825 2909 863 a
2938 813 3213 869 nativitate
3242 813 3308 869 ad
3335 825 3563 872 mortem
3596 815 3885 872 secundum
3914 822 4083 890 majo.

2501 913 2611 951 rem
2636 902 3090 970 computationem
3118 920 3277 976 supra
3297 908 3574 963 collectam
3604 909 3727 963 anni
3745 909 3831 971 55,
3863 919 3911 962 et
3936 925 4085 965 men-

2500 1002 2587 1044 ses
2616 990 2850 1059 aliquot;
2880 995 3176 1050 secundum
3204 998 3464 1052 minorem
3490 1000 3936 1069 computationem
3958 1002 4082 1053 anni

2501 1082 2591 1147 5‘2,
2614 1093 2668 1137 et
2691 1081 2893 1151 aliquot
2911 1092 3172 1152 przeterea
3201 1104 3431 1144 menses.
3457 1090 3713 1156 Zonaras,
3738 1090 4009 1147 Cedreuus
4034 1101 4088 1145 et

2500 1176 2589 1229 alii
2620 1177 2729 1231 fere
2758 1189 2967 1243 omnes,
2996 1190 3166 1231 annos
3194 1194 3319 1234 eum
3345 1182 3544 1237 vixisse
3571 1183 3808 1237 scribunt
3830 1199 3934 1238 non
3973 1183 4088 1253 pln-

2500 1278 2589 1318 res
2633 1264 3012 1334 quinquaginta
3057 1264 3267 1321 duobus
3305 1287 3317 1321 :
3360 1282 3546 1327 auctor
3588 1274 3824 1328 incertus
3859 1289 3978 1345 pag.
4019 1274 4090 1330 5-1

2502 1356 2642 1411 Edit.
2676 1356 2794 1410 Lat.
2824 1355 2997 1411 Paris.
3031 1356 3191 1421 1588,
3223 1358 3372 1412 addit
3408 1377 3620 1417 menses
3656 1374 3779 1420 octo
3811 1384 3823 1419 :
3852 1366 3935 1419 cui
3965 1382 4090 1435 pro-

2504 1446 2791 1517 pemodum
2811 1448 3094 1503 assentior.
3120 1447 3193 1501 Ita
3215 1449 3507 1504 secundum
3536 1454 3792 1523 majorem
3816 1465 4064 1526 computa

2504 1539 2703 1593 tionem
2744 1537 2927 1594 incidit
2965 1554 3133 1593 annus
3162 1539 3449 1594 nativitatis
3493 1541 3714 1598 Joannis
3753 1546 3805 1599 in
3840 1548 4089 1602 consula-

2506 1638 2616 1683 tum
2639 1628 2934 1684 Constantii
2971 1630 3004 1683 5
3036 1639 3090 1684 et
3116 1629 3252 1685 Galli
3277 1630 3519 1695 Ctesaris,
3553 1647 3695 1687 anno
3727 1634 3933 1688 Domini
3956 1637 4087 1701 552;

2507 1719 2802 1775 secundum
2831 1721 3112 1784 minorem,
3134 1721 3185 1773 in
3211 1721 3544 1775 consulatum
3563 1722 3868 1777 Arbetienis
3895 1734 3948 1778 et
3970 1724 4094 1779 Lol-

2509 1811 2655 1877 liani,
2686 1827 2825 1865 anno
2852 1812 2974 1873 555,
3006 1827 3212 1877 mense,
3233 1822 3290 1866 ut
3310 1814 3543 1880 videtur,
3567 1814 3839 1883 Januario,
3857 1817 3937 1869 vel
3956 1817 4091 1870 Mar-

2511 1902 2606 1955 tio.
2655 1901 2770 1955 Jatn
2829 1902 3077 1968 reliquias
3128 1900 3497 1971 Chrysostomi
3545 1904 3696 1972 jussu
3755 1906 4093 1975 Imperatoris

2510 1991 2796 2045 Theodosii
2829 1991 3077 2059 junioris,
3112 1998 3168 2045 et
3195 2007 3356 2045 suasu
3388 1993 3583 2059 Procli,
3621 2006 3731 2048 tum
3772 1997 4004 2065 episcopi
4027 1995 4088 2051 C.

2507 2081 2590 2144 P.,
2623 2082 2873 2136 Cumanis
2900 2082 2950 2134 itt
2984 2081 3167 2135 urbem
3200 2082 3398 2151 regiam
3426 2082 3733 2148 deportatas
3757 2095 3811 2139 et
3839 2087 3891 2139 in
3917 2087 4094 2140 basili-

2505 2187 2622 2226 cam
2652 2171 2747 2227 SS.
2779 2172 3158 2240 Apostolorum
3186 2172 3359 2226 illatas
3397 2188 3462 2226 ex
3501 2173 3773 2227 Theodor.
3807 2175 3897 2228 lib.
3944 2176 3998 2237 5,
4043 2191 4093 2228 c.

2509 2265 2601 2329 56,
2634 2273 2687 2319 et
2710 2264 2868 2318 Socr.
2900 2265 2989 2318 lib.
3015 2265 3067 2329 7,
3091 2280 3139 2319 c.
3168 2264 3257 2327 45,
3281 2274 3510 2330 constat,
3542 2264 3846 2319 Theodosio
3881 2266 3943 2320 l6
3964 2280 4094 2320 con-

2514 2355 2649 2419 sule,
2685 2354 2787 2410 hoc
2816 2364 2898 2409 est
2939 2371 3081 2409 anno
3106 2355 3306 2410 Christi
3343 2355 3468 2419 458,
3498 2355 3733 2410 Januarii
3761 2356 3830 2410 27
3855 2354 3942 2410 die
3982 2372 3997 2408 :
4044 2356 4097 2409 iit

2513 2456 2619 2514 est,
2669 2456 2787 2515 post
2824 2448 3068 2501 exsilium
3111 2449 3371 2516 posterius
3414 2449 3566 2501 annis
3601 2448 3690 2511 55,
3730 2447 4001 2500 mensibus
4027 2446 4095 2507 8:

2512 2546 2633 2607 post
2663 2546 2889 2592 mortem
2918 2539 3074 2594 annis
3096 2539 3185 2603 50,
3212 2539 3487 2593 mensibus
3508 2540 3542 2593 5
3567 2539 3649 2592 vel
3671 2539 3724 2592 5.
3747 2536 3966 2592 Cosmas
3989 2536 4099 2591 Ve-

2514 2628 2690 2692 stitor,
2738 2638 2851 2696 post
2890 2630 3096 2699 triginta
3136 2639 3183 2683 et
3221 2639 3320 2684 tres
3344 2645 3524 2682 annos.
3556 2628 3800 2684 Socrates
3829 2628 3920 2682 lib.
3951 2629 4004 2692 7,
4048 2642 4097 2679 c.

2511 2721 2600 2779 45.
2652 2720 2869 2774 notabili
2914 2721 3283 2784 inconstantia,
3334 2722 3587 2790 trigesimo
3614 2721 3785 2789 quinto
3829 2735 3963 2772 anno
3990 2728 4102 2788 post

2512 2809 2767 2870 exsilium,
2797 2819 2852 2863 et
2880 2810 3108 2878 septimo
3134 2821 3254 2878 post
3279 2825 3455 2874 versu,
3486 2811 3740 2879 trigesimo
3766 2810 3940 2878 quinto
3968 2823 4103 2860 anno

2512 2913 2622 2972 post
2644 2902 2854 2969 obitum,
2878 2918 2999 2957 cum
3028 2903 3167 2956 inter
3190 2902 3306 2956 h:rc
3332 2901 3443 2955 duo
3475 2900 3759 2954 triennium
3789 2900 4104 2953 intercesse-

2512 2997 2602 3060 rit,
2631 3005 2685 3050 et
2728 2996 2931 3064 aliquot
2956 3009 3187 3049 menses.
3220 2995 3397 3063 Atque
3428 2992 3543 3046 hzec
3583 2989 3695 3045 fere
3723 3000 3865 3053 sunt,
3899 2991 3953 3043 in
3982 2989 4102 3059 qui-

2514 3089 2615 3143 bus
2640 3095 2903 3156 tempora,
2922 3095 2977 3140 et
2998 3095 3294 3155 temporum
3316 3099 3479 3154 prope
3502 3092 3766 3137 momenta
3787 3097 3851 3136 ex
3870 3080 4104 3135 historiis

2516 3187 2703 3233 notare
2733 3177 2875 3231 licet.
2905 3175 3126 3245 Reliqua
3168 3177 3269 3229 late
3310 3174 3398 3229 vel
3441 3174 3787 3244 argumentis,
3831 3171 3916 3226 vel
3943 3171 4105 3226 etiam

2513 3269 2836 3336 conjecturis
2862 3266 3181 3336 colligenda.
3222 3268 3301 3321 Ac
3344 3266 3603 3335 primum,
3647 3262 3932 3332 Eutropius
3971 3260 4105 3315 iram

2515 3358 2724 3428 fugiens
2743 3361 2913 3429 Augg.
2938 3359 3004 3412 ad
3027 3358 3306 3412 ecclesiam
3335 3356 3489 3425 fugit,
3526 3371 3585 3410 se
3612 3354 3831 3409 consule
3849 3362 3903 3407 et
3928 3352 4105 3407 Theo-

2520 3449 2674 3513 doro,
2717 3449 2820 3504 hoc
2859 3457 2962 3515 est,
3006 3464 3146 3503 anno
3191 3446 3391 3501 Christi
3436 3446 3559 3511 599,
3593 3446 3756 3499 homo
3780 3457 3885 3497 non
3931 3441 4105 3496 solum

2521 3539 2891 3606 Christianus,
2944 3539 3038 3594 sed
3091 3540 3253 3594 etiam
3298 3537 3658 3599 ortltodoxus;
3709 3545 3767 3588 ut
3815 3534 3904 3603 qui
3944 3531 4109 3586 libros

2522 3633 2770 3687 Eunomii
2803 3630 3195 3696 haeresiarchas,
3214 3630 3504 3700 quiArium
3529 3629 3699 3698 ipsum
3724 3627 3992 3696 impietate
4021 3638 4108 3679 sn-

2520 3724 2747 3794 peravit,
2785 3724 2992 3793 publice
3034 3722 3195 3791 jus~it
3225 3721 3473 3785 cremari,
3515 3719 3845 3787 cadaverque
3861 3715 3976 3786 ejus
4016 3730 4111 3768 ex-

2521 3825 2747 3870 tractum
2797 3815 3005 3885 projici.
3047 3813 3272 3884 Niceph.
3320 3813 3413 3867 lib.
3449 3813 3535 3877 15,
3564 3826 3614 3866 c.
3660 3812 3712 3876 1,
3756 3809 4106 3864 Asiaticorum

2523 3909 2892 3977 episc0porum
2916 3908 3184 3975 negotium
3203 3915 3438 3974 emptum
3460 3912 3542 3958 est
3562 3901 3779 3957 tractari
3798 3907 3877 3954 int
3898 3921 4111 3970 τρισκαι-

2526 4002 2721 4058 δεκάτης
2746 4004 3084 4062 innatast-Ilaec»);
3101 4037 3114 4059 ,
3135 3995 3239 4049 hoc
3264 4005 3366 4057 est,
3396 3994 3683 4047 indictione
3709 3993 3835 4059 (non
3861 3989 4111 4043 distribu-

2528 4090 2693 4152 tione,
2718 4098 2776 4143 ut
2802 4089 2940 4142 male
2969 4089 3233 4154 interpres
3259 4085 3481 4139 Palladii
3508 4094 3568 4137 et
3609 4082 3744 4151 alii),
3784 4082 3936 4135 tertia
3965 4081 4113 4134 deci-

2528 4197 2649 4245 ma,
2694 4181 2731 4234 i.
2771 4195 2822 4234 e.
2864 4195 3003 4233 anno
3030 4178 3243 4232 Domini
3284 4176 3420 4242 400,
3463 4176 3778 4245 duravitque
3820 4174 4112 4235 biennium,

2532 4280 2665 4327 teste
2691 4271 2948 4335 Palladio,
2980 4270 3080 4325 hoc
3108 4277 3209 4333 est,
3238 4282 3408 4337 usque
3435 4266 3501 4320 ad
3533 4266 3693 4320 finem
3723 4264 3847 4319 anni
3876 4264 4000 4327 401,
4030 4265 4116 4316 vel

2528 4364 2688 4417 etiam
2724 4362 2929 4416 initium
2953 4360 3079 4415 402.
3110 4361 3183 4413 De
3208 4367 3451 4428 tempore
3480 4357 3673 4427 prioris
3702 4354 3875 4410 exsilii
3903 4369 4009 4408 non
4035 4362 4120 4407 est

2529 4457 2664 4508 adeo
2692 4453 2927 4524 proclive
2960 4451 3181 4506 delinire
3205 4469 3221 4505 :
3249 4465 3416 4519 quare
3445 4448 3797 4518 argumentis,
3826 4454 3885 4499 ut
3903 4445 4032 4508 dixi,
4065 4454 4121 4499 et

2530 4544 2876 4612 eonjecturis,
2917 4542 3059 4611 quod
3088 4542 3404 4612 poterimus,
3446 4538 3709 4594 elicienda
3735 4538 3951 4592 veritas.
3994 4536 4121 4591 Post

2534 4636 2603 4689 i9.
2653 4636 2813 4689 horas
2835 4650 2865 4688 a
2893 4634 3063 4703 prima
3093 4633 3405 4702 expulsione
3450 4632 3631 4701 (quam
3678 4628 3899 4684 meridie
3927 4627 4119 4682 factam

2534 4728 2696 4783 tradit
2736 4727 2985 4782 Socrates
3026 4734 3081 4781 et
3110 4726 3195 4779 alii
3220 4725 3288 4778 ad
3313 4740 3570 4792 vesperam
3605 4733 3900 4785 extremam,
3945 4718 4120 4790 Chry-

2537 4818 2760 4874 sostomi
2790 4818 2953 4886 ipsius
2978 4816 3206 4887 epistola
3252 4815 3318 4870 ad
3346 4811 3755 4879 Innocentium).
3781 4811 3932 4879 jussu
3954 4808 4123 4877 Impe-

2538 4921 2772 4966 ratorum
2791 4918 3067 4964 revocatus
3088 4908 3323 4963 Joannes
3354 4906 3452 4975 (sic
3478 4899 3792 4970 Palladius),
3825 4912 4125 4969 paucosque

2540 5011 2656 5071 post
2682 5001 2818 5066 dies,
2843 5000 3038 5054 invitus
3066 4998 3194 5052 licet
3213 4996 3542 5063 multumque
3563 4992 3819 5055 renitens,
3838 4992 3894 5045 in
3924 4990 4120 5044 throno

2541 5094 2766 5157 locatus,
2807 5092 3123 5148 concionem
3167 5087 3351 5141 habuit
3386 5085 3523 5155 apud
3552 5084 3804 5156 populum
3832 5099 3975 5151 eam,
4006 5098 4127 5153 qua:

2540 5194 2716 5240 exstat
2754 5185 2805 5237 in
2859 5182 2963 5235 fine
3011 5179 3254 5250 Georgii,
3302 5178 3426 5232 Cum
3472 5177 3688 5233 Sarram
3728 5178 3792 5231 ab
3838 5176 4128 5236 Abraham;

2541 5276 2842 5347 'l‘beophilo
2869 5273 3042 5327 adhuc
3068 5271 3133 5327 ad
3185 5271 3370 5326 urbem
3415 5282 3688 5335 manente,
3725 5284 3897 5337 neque
3923 5267 4130 5320 hiscere

2542 5378 2729 5424 contra
2767 5364 3016 5427 audente,
3063 5363 3274 5418 Sozom.
3318 5362 3411 5417 lib.
3444 5362 3498 5425 8,
3548 5376 3597 5415 c.
3654 5358 3720 5414 18
3750 5377 3763 5413 :
3793 5369 4021 5424 cmnque
4062 5354 4133 5407 ob

2540 5460 2798 5527 judicium
2844 5452 3136 5509 Heraclida:
3182 5454 3435 5523 episc0po
3481 5450 3752 5521 Ephesino
3790 5444 3997 5501 absenti
4040 5458 4134 5512 per

2547 5548 2832 5618 Theophili
2885 5545 3171 5602 factionem
3219 5546 3558 5608 intentatum,
3584 5539 3920 5598 velitationes
3949 5534 4136 5590 ﬁerent

2548 5645 2601 5697 in
2616 5642 2747 5696 urbe
2761 5638 2963 5695 crebra:
2979 5640 3116 5695 inter
3128 5635 3751 5706 Constantinopolitanos
3766 5638 3819 5685 et
3833 5627 4131 5699 Egyptios,

2548 5737 2620 5788 ita
2639 5743 2695 5787 ut
2712 5732 2857 5785 multi
2870 5731 3118 5786 vulnerati
3137 5732 3258 5796 sint,
3277 5726 3514 5782 nonnulli
3531 5741 3645 5780 vero
3662 5721 3835 5785 occisi;
3850 5725 4136 5789 qtuereret-

2550 5841 2654 5895 que
2671 5823 3025 5894 Theophilum
3040 5822 3227 5877 civitas
3248 5820 3299 5873 in
3317 5833 3467 5873 mare
3483 5814 3839 5885 praecipitare;
3855 5810 3953 5864 sibi
3968 5814 4138 5861 metu-

2551 5932 2646 5972 ens
2666 5915 2993 5985 Theophilus
3013 5912 3139 5983 fugit
3158 5912 3207 5964 in
3234 5908 3545 5978 Egyptum,
3561 5899 4134 5970 ianthiemeincipientc,

2556 6009 2723 6079 inquit
2745 6009 3099 6069 Sozomenus,
3119 6012 3172 6055 et
3200 5998 3527 6069 Siet-phariis
3550 5996 3641 6050 lib.
3669 5996 3755 6063 15,
3779 6010 3826 6047 c.
3862 5992 3945 6056 l'l,
3974 5986 4136 6040 adso-
