4466 6718
363 698 467 753 que
496 681 635 738 diem
666 680 832 749 ipsius
858 675 1058 731 reditus
1079 673 1145 729 ah
1171 676 1363 730 exsilio
1381 674 1614 730 Joannes
1642 674 1948 743 Anouymus

362 789 481 844 cap.
516 774 639 837 100,
670 767 1055 836 Metapbrastes
1088 781 1206 836 cap.
1233 768 1320 830 56,
1352 778 1409 821 et
1442 764 1738 831 Menologia
1768 763 1950 818 Grzcca

361 874 569 940 ponunt
597 866 664 917 15
687 858 1037 914 Novembris:
1060 875 1219 929 quem
1249 859 1391 913 diem
1418 870 1585 923 usque
1612 855 1678 907 ad
1707 869 1799 907 sua
1821 863 1952 909 tem-

362 974 489 1029 pora
520 970 618 1027 pro
650 954 785 1006 festo
811 953 1065 1007 celebrari
1098 947 1561 1016 Constantitwpoli
1600 948 1784 1001 scribit
1811 948 1947 1001 idem

359 1052 679 1116 Auooymus
702 1053 757 1097 et
780 1041 1188 1114 Metaphrastes,
1220 1050 1275 1095 et
1301 1039 1534 1093 indicant
1558 1037 1741 1093 Graeca
1767 1038 1945 1091 Meno-

359 1139 519 1209 logia.
552 1136 686 1191 Cum
721 1138 894 1206 itaque
921 1154 983 1191 ex
1007 1136 1197 1190 horum
1226 1130 1685 1186 consentientibus
1710 1130 1946 1183 testimo-

363 1234 466 1285 niis
510 1244 695 1284 mense
741 1228 1020 1283 Novembri
1063 1226 1281 1282 redierit
1322 1224 1390 1277 ab
1433 1222 1654 1289 exsilio,
1700 1222 1767 1276 de
1807 1238 1947 1276 anno

366 1322 620 1388 deinceps
663 1320 1035 1388 qtta‘rendum,
1081 1326 1259 1371 utrum
1302 1313 1585 1368 Novembri
1632 1328 1773 1366 anno
1817 1313 1942 1378 405,

367 1410 672 1465 Theodosio
697 1421 749 1463 et
772 1407 1065 1465 Rumorido
1093 1408 1270 1471 Coss.,
1302 1420 1367 1457 an
1392 1404 1671 1458 Novembri
1700 1402 1824 1465 409.,
1850 1405 1952 1455 Ar-

362 1501 513 1556 cad'o
539 1502 571 1554 5
598 1510 650 1555 et
669 1500 905 1555 Honorio
926 1502 980 1567 5,
1006 1500 1244 1553 redierit.
1276 1497 1423 1559 Dico,
1448 1496 1693 1564 clareque
1714 1509 1945 1562 pronun-

365 1601 459 1651 tto,
492 1592 543 1644 in
573 1591 923 1644 Novembrem
951 1605 1093 1642 anno
1134 1588 1242 1640 405
1270 1585 1494 1638 reditum
1526 1585 1642 1652 ejus
1668 1584 1737 1637 ab
1763 1583 1948 1635 exsilio

358 1682 549 1736 cadere
580 1698 685 1734 non
729 1681 996 1747 potuisse;
1030 1676 1274 1746 quamvis
1300 1673 1455 1729 Card.
1487 1674 1747 1727 Baronius
1776 1682 1826 1725 et
1861 1671 1947 1723 alii

360 1788 424 1824 eo
472 1787 615 1825 anno
658 1772 855 1823 locent.
889 1768 1178 1836 Gregorius
1207 1780 1326 1833 cap.
1354 1765 1424 1818 55
1452 1781 1464 1815 :
1491 1762 1719 1832 Dumque
1748 1764 1822 1814 illi
1855 1763 1945 1826 sic,

360 1863 546 1931 inquit,
566 1862 653 1912 alii
671 1860 773 1911 alia
798 1858 1095 1910 molirentur
1119 1856 1347 1924 (scilicet
1373 1854 1423 1907 in
1445 1855 1680 1908 secundo
1722 1853 1947 1905 concilio

357 1962 544 2005 contra
574 1947 885 2018 Joannem),
918 1948 1229 2000 transierunt
1277 1961 1468 1997 menses
1513 1960 1689 1997 norem
1730 1944 1941 2009 (tlecem,

362 2043 529 2109 inquit
560 2041 667 2097 Leo
696 2041 825 2109 Imp.
853 2054 971 2107 cap.
1009 2037 1099 2091 26.
1131 2036 1397 2091 Palladius
1425 2044 1709 2103 utrumque
1737 2034 1943 2103 ponit);

371 2145 540 2185 aluero
577 2133 840 2201 festivitate
886 2129 1130 2181 natalium
1168 2127 1449 2181 Saluatoris
1489 2127 1807 2189 adveniente,
1838 2133 1943 2177 etc.

354 2223 436 2278 Ex
464 2223 659 2291 quibus
704 2221 883 2275 verbis
925 2227 1147 2289 apparet
1193 2231 1335 2269 anno
1365 2216 1469 2269 405
1505 2226 1739 2283 cceptum
1785 2216 1947 2268 fuisse

354 2313 643 2366 secundum
662 2321 845 2363 contra
866 2309 1129 2363 Joannem
1148 2306 1562 2361 conciliabulum
1581 2320 1767 2359 mense
1789 2305 1946 2374 Apri-

355 2403 390 2455 li
422 2418 434 2453 :
468 2410 525 2453 ut
548 2414 767 2453 necesse
792 2399 861 2451 sit
892 2400 1036 2467 prius
1056 2398 1299 2452 exsilium
1348 2398 1398 2451 in
1422 2396 1779 2450 Novembrem
1806 2410 1949 2450 anno

358 2491 467 2546 402
495 2489 751 2547 incidere,
782 2503 901 2541 cum
926 2488 976 2540 in
1008 2487 1287 2542 Novembri
1322 2502 1464 2540 anno
1489 2487 1599 2541 403
1622 2486 1815 2541 cadere
1838 2501 1945 2540 non

358 2583 611 2652 potuerit.
639 2578 791 2646 Quod
810 2579 853 2632 si
876 2579 959 2631 cui
986 2576 1195 2645 Georgii
1224 2579 1352 2630 levis
1371 2578 1609 2631 videatur
1632 2578 1940 2642 auctoritas,

356 2674 543 2728 credat
569 2673 757 2726 saltem
792 2670 1047 2730 Palladio,
1083 2670 1202 2723 testi
1234 2670 1332 2735 [ide
1379 2670 1617 2737 digniori,
1645 2670 1710 2724 de
1754 2670 1940 2724 eadem

357 2782 416 2821 re
460 2780 592 2834 pene
634 2762 819 2817 eadem
866 2760 1124 2830 loquenti.
1169 2758 1606 2827 Quid,inquies,
1638 2770 1811 2813 actum
1857 2762 1941 2813 iti-

358 2856 540 2911 terea?
567 2853 909 2923 Respondeo,
939 2852 1203 2906 Joannem
1250 2860 1367 2919 post
1410 2852 1553 2919 prius
1583 2852 1824 2905 exsilium
1850 2867 1945 2919 per

358 2947 569 3017 aliquod
602 2957 807 3014 tempus
837 2946 1124 3014 quievisse,
1177 2944 1231 2997 in
1274 2958 1568 3012 magnaque
1615 2943 1776 2999 fuisse
1806 2944 1943 3013 apud

360 3039 657 3093 liudoxiam
700 3036 888 3105 gratia,
936 3036 1132 3104 quippe
1158 3035 1366 3103 magnis
1394 3033 1463 3087 ab
1492 3034 1606 3103 ipso
1638 3034 1945 3088 decoratam

362 3130 607 3184 laudibus
629 3129 679 3181 in
702 3128 941 3180 oratione
966 3141 1123 3194 supra
1165 3134 1460 3179 memorata
1501 3124 1566 3177 ad
1592 3124 1748 3178 ﬁnem
1775 3124 1944 3179 Geor.

362 3221 453 3290 gii.
499 3220 674 3273 Testis
715 3217 852 3271 idem
890 3216 1175 3279 Palladius,
1217 3214 1370 3283 cujus
1412 3215 1573 3269 verba
1616 3224 1785 3269 sunt:
1820 3214 1949 3269 Post

363 3311 498 3363 duos
537 3310 729 3362 iterum
762 3320 975 3359 menses
1003 3320 1031 3357 a
1062 3306 1211 3374 plaga
1252 3304 1447 3358 inﬂicta
1479 3306 1622 3374 (fuga
1661 3320 1738 3360 sc.
1768 3305 1945 3360 Theo~

364 3400 493 3471 pbili
522 3407 576 3454 et
601 3398 974 3468 (Egyptiorum
1005 3394 1397 3465 episcoporum)
1429 3396 1638 3450 modice
1676 3398 1947 3465 respiran-

370 3503 452 3549 tes
485 3491 707 3562 (inimici
734 3490 977 3558 Joannis)
1008 3488 1240 3541 secundo
1268 3486 1520 3540 adversus
1543 3486 1805 3543 Joannem
1836 3488 1947 3543 fre-

366 3594 517 3640 munt
548 3601 561 3634 :
592 3583 691 3637 hoc
726 3589 826 3646 est,
859 3581 1010 3649 quasi
1040 3594 1222 3632 mense
1257 3577 1504 3632 Januario
1530 3593 1671 3631 anno
1696 3579 1821 3643 405,
1854 3592 1949 3647 per

365 3675 701 3729 occasionem
723 3680 909 3726 statua:
935 3678 1206 3740 argentem
1232 3668 1585 3737 lmperatrieis
1599 3667 1855 3721 chlamida
1868 3671 1950 3723 in-

366 3767 523 3830 duue,
569 3780 726 3833 supra
758 3762 1194 3831 porphyreticam
1223 3762 1520 3815 columnam
1547 3763 1753 3830 positar.
1784 3760 1946 3829 Cujus

366 3859 443 3912 rei
483 3858 836 3910 meminerunt
878 3853 979 3907 hoc
1020 3869 1164 3907 anno
1212 3853 1514 3907 Theodosio
1555 3863 1607 3906 et
1656 3853 1948 3906 Rumor-ide

366 3950 541 4014 Coss.,
583 3957 779 4017 prmter
806 3948 1080 4001 Socratem
1114 3948 1208 4001 lib.
1237 3948 1291 4012 6,
1334 3965 1383 4001 c.
1413 3948 1500 4012 18,
1533 3947 1764 4016 Prosper
1786 3948 1950 4016 Aqui—

371 4040 593 4099 tanicus.
618 4049 668 4091 et
716 4037 1052 4090 Marcellinus
1081 4037 1275 4092 Comes
1297 4040 1347 4091 in
1377 4038 1675 4093 Chronicis.
1712 4038 1788 4092 Ad
1818 4038 1953 4093 hanc

369 4138 620 4192 statuam,
648 4127 773 4197 ipsis
803 4125 1031 4180 fortasse
1063 4127 1317 4181 Kalendis
1336 4128 1591 4191 Januarii,
1620 4130 1705 4197 qui
1737 4126 1851 4181 dies
1872 4138 1952 4181 est

370 4220 628 4274 solemnis
653 4219 773 4271 anni
803 4217 1026 4270 Romani
1058 4216 1830 4286 incipientis,dedicatameum
1858 4235 1950 4285 pu-

369 4309 487 4361 blici
516 4312 706 4362 tierent
748 4306 853 4360 ludi
879 4315 932 4359 et
956 4305 1197 4368 chorere;
1245 4308 1409 4359 iratus
1447 4308 1679 4362 Joannes
1719 4308 1947 4377 linguam

367 4406 553 4451 cotitra
582 4413 697 4461 eos,
721 4397 809 4466 qui
841 4396 976 4450 ludis
1001 4395 1082 4449 his
1111 4396 1453 4457 interessent,
1475 4401 1635 4452 acuit.
1667 4400 1777 4464 Qua
1800 4413 1952 4452 occa-

365 4485 521 4543 sione
550 4488 674 4542 freti
701 4488 919 4542 Joannis
947 4486 1163 4551 inimici,
1192 4488 1279 4555 qui
1303 4488 1477 4540 adimc
1507 4490 1558 4542 in
1588 4491 1738 4552 urbe,
1760 4502 1952 4557 prseter

373 4574 677 4646 Algyptios,
708 4580 950 4642 aderant,
995 4579 1274 4647 instigante
1317 4580 1571 4647 Augusta,
1621 4583 1949 4636 clandestina

368 4668 665 4723 moliuntur
706 4682 892 4727 contra
936 4673 1105 4741 ipsum
1143 4672 1393 4733 consilia;
1442 4688 1603 4741 reque
1658 4674 1952 4743 Theophilo

368 4758 575 4811 absenti
605 4775 701 4827 per
728 4764 942 4817 mmtios
968 4773 1021 4817 et
1047 4762 1225 4815 literas
1250 4764 1660 4821 communicata.
1697 4765 1952 4832 incipien-

371 4858 443 4910 te,
475 4857 529 4899 ut
560 4856 706 4915 puto,
735 4853 903 4920 Aprili
950 4852 1225 4907 concilium
1256 4851 1544 4904 secundum
1576 4862 1758 4907 contra
1785 4855 1948 4908 Joan-

369 4951 491 4990 nem
521 4948 717 5003 cogunt
742 4959 754 4992 :
788 4944 927 5011 quod
960 4944 1123 4996 variis
1162 4941 1227 4995 de
1256 4942 1427 4994 causis
1456 4957 1622 5009 usque
1653 4943 1717 4995 ad
1744 4943 1949 4997 Nataliv

370 5030 441 5080 tia
469 5029 709 5093 proxime
750 5036 1026 5100 sequentia
1056 5042 1368 5095 extractum,
1408 5041 1461 5083 et
1493 5031 1685 5084 deinde
1711 5032 1778 5085 ad
1806 5034 1948 5099 Qua-

371 5118 721 5187 ilragesimam
747 5138 889 5177 anno
910 5126 1032 5188 404,
1057 5134 1107 5179 et
1129 5125 1194 5178 ad
1222 5124 1419 5179 Pascha
1440 5132 1560 5192 post
1584 5124 1815 5191 quinque
1835 5124 1948 5178 dies

373 5227 403 5263 a
431 5207 691 5274 completa
723 5210 1040 5269 Pentecoste
1069 5215 1261 5271 Joanni
1302 5224 1481 5269 nostro
1525 5228 1680 5267 causa
1729 5217 1947 5269 seemidi

373 5295 541 5351 exsilii
573 5292 691 5360 fuit,
724 5312 864 5353 anno
888 5302 1117 5372 integro,
1148 5316 1351 5373 septem
1384 5305 1650 5359 mensibus
1668 5312 1721 5357 et
1743 5316 1947 5373 septem

372 5387 558 5441 diebus
586 5396 703 5453 post
729 5387 953 5444 reditum
980 5395 1047 5447 ab
1068 5397 1256 5450 exsilio
1276 5397 1475 5466 priore.
1501 5398 1669 5464 Atque
1699 5396 1808 5449 lucc
1832 5413 1947 5452 mea

374 5486 460 5529 est
489 5476 553 5528 de
586 5485 825 5544 tempore
853 5481 1045 5546 prioris
1067 5488 1237 5539 exsilii
1266 5489 1545 5541 sententia.
1574 5486 1751 5556 Neque
1774 5488 1950 5541 obstat

369 5565 510 5635 quod
544 5564 913 5620 Thcodoretus
935 5570 1026 5623 lili.
1056 5576 1111 5639 ὃ,
1138 5592 1190 5629 c.
1222 5579 1312 5644 54,
1339 5580 1433 5643 ait,
1468 5578 1651 5631 Paucis
1679 5580 1949 5645 interiectis

373 5655 622 5708 mensibus
664 5656 874 5725 (nempe
912 5674 941 5711 a
984 5663 1216 5736 reditu),
1266 5675 1551 5741 congregati
1595 5682 1711 5725 sunt
1736 5674 1948 5731 iterant.

370 5765 639 5820 penusque
668 5751 977 5819 requirebant
1009 5770 1101 5821 pro
1132 5763 1351 5814 exercito
1387 5774 1496 5831 post
1517 5766 1765 5818 decretum
1790 5767 1952 5820 exsilii

371 5839 665 5895 ministerio.
694 5839 825 5893 Nam
870 5850 989 5910 post
1029 5844 1263 5914 quinque
1301 5867 1513 5910 menses
1558 5866 1611 5911 ct
1658 5858 1812 5927 paulo
1852 5860 1952 5911 titi-

378 5946 506 5997 ἕω,
542 5942 825 6001 coegerunt
849 5933 1157 5997 concilium;
1188 5940 1330 6005 quod
1358 5943 1563 6000 duravit
1598 5958 1777 6018 postea
1811 5965 1955 6005 me"-

1307 556 1390 612 DE
1429 559 1918 617 SCRIPTORIBL'S
1961 558 2197 615 Ill-ZRUM
2235 560 2369 615 cun
2389 560 2722 618 {SOSTOML

3543 587 3651 631 II!

2065 688 2151 726 ses
2171 673 2257 726 l4.
2301 672 2480 744 Neque
2507 680 2699 730 mirum
2726 690 2810 744 ea,
2834 692 2952 747 quae
2978 678 3303 749 sesquianno
3330 691 3477 752 gesta
3504 696 3649 749 sunt,

2060 763 2231 816 tribus
2276 779 2409 831 pene
2454 766 2631 821 verbis
2667 781 2697 820 a
2740 766 3075 824 Theodoreto
3114 770 3358 837 narrari,
3399 771 3489 841 qui
3528 774 3648 827 stri-

2058 856 2187 907 ctim
2221 864 2272 909 et
2306 857 2487 911 tituide
2518 868 2684 912 totum
2727 857 2830 912 hoc
2867 861 3076 930 attingit
3120 864 3412 933 negotium,
3442 863 3509 918 iis
3533 880 3648 933 per-

2059 952 2236 999 motus
2264 948 2591 1015 rationibus,
2634 966 2751 1019 quze
2793 950 2846 1003 in
2878 950 3137 1019 principio
3185 953 3312 1006 dicti
3350 954 3541 1023 capitis
3584 955 3647 1008 51

2056 1034 2372 1089 all'eruutur.
2416 1039 2729 1108 Auonymus
2759 1054 2790 1091 a
2828 1038 3003 1093 reditu
3040 1038 3107 1092 ad
3151 1040 3353 1096 Pascha
3391 1052 3519 1097 ante
3558 1057 3647 1095 sc-

2052 1124 2286 1177 cuudum
2333 1125 2578 1179 exsilium
2625 1128 2991 1182 intercessisse
3037 1128 3221 1182 scribit
3264 1147 3454 1184 annuat
3511 1130 3645 1183 inte—

2050 1235 2222 1289 grum;
2239 1218 2315 1273 sic
2339 1219 2497 1273 etiam
2522 1220 2905 1288 Metaphrastes
2927 1240 2940 1274 :
2960 1222 3051 1291 qui
3072 1238 3242 1275 annus
3268 1223 3472 1292 integer
3497 1238 3644 1278 men-

2052 1312 2190 1365 sium
2217 1326 2436 1366 necesse
2460 1322 2543 1367 est
2559 1312 2718 1367 fuerit
2737 1314 2823 1377 17,
2849 1328 2968 1367 cum
2988 1325 3211 1384 uterque
3226 1314 3313 1369 die
3336 1316 3401 1369 15
3420 1315 3641 1370 Novem-

2051 1402 2162 1456 bris
2191 1403 2412 1457 rcdiisse
2441 1405 2657 1458 scribat.

2127 1513 2145 1545 ‹
2182 1495 2437 1565 Expedita
2455 1512 2715 1551 annorum
2731 1498 3097 1567 Chrysostomi
3118 1499 3535 1567 computatione,
3554 1513 3641 1553 se-

2049 1585 2248 1652 quitur,
2266 1596 2321 1639 ut
2346 1587 2411 1641 de
2434 1590 2817 1656 subrogatione
2839 1590 3043 1643 Arsacii
3062 1630 3078 1654 ,
3108 1599 3162 1643 et
3192 1591 3642 1645 successioneAt-

2055 1676 2142 1726 tici
2171 1676 2529 1746 Ettduxithttc
2551 1680 2804 1746 Augusta:
2836 1686 3008 1731 morte
3031 1693 3193 1745 pauca
3223 1679 3550 1747 adjiciamus.
3586 1679 3642 1736 in

2052 1763 2270 1818 Joannis
2299 1768 2486 1821 iterum
2528 1770 2733 1836 expulsi
2777 1769 2951 1823 locum
2989 1768 3309 1838 subrogatur
3358 1769 3639 1835 Arsacius,

2055 1856 2229 1923 paucis
2261 1857 2529 1926 interjcctis
2551 1858 2742 1923 diebus,
2780 1860 2951 1928 inquit
2980 1858 3228 1913 Socrates
3251 1858 3345 1913 lib.
3378 1859 3431 1924 6,
3459 1874 3511 1914 c.
3551 1860 3639 1914 19.

2054 1945 2287 1998 Annales
2324 1944 2517 2010 Graeci,
2550 1947 2674 1999 editi
2707 1964 2875 2016 nuper
2898 1964 2927 1999 a
2957 1948 3193 2017 Josepho
3234 1948 3507 2018 Scaligero
3532 1964 3635 2003 una

2054 2047 2172 2086 cum
2202 2035 2437 2089 Eusebio
2456 2077 2469 2100 ,
2504 2038 2777 2090 Arsacium
2806 2052 2924 2091 es<e
2955 2037 3145 2090 factum
3166 2040 3473 2107 episcopum
3502 2039 3638 2094 refe.

2052 2136 2174 2179 runt
2202 2127 2251 2179 in
2286 2129 2482 2196 templo
2504 2128 2720 2196 Sophia:
2753 2137 3024 2193 cremato,
3054 2128 3123 2183 26
3152 2129 3316 2194 Junii,
3341 2140 3492 2184 sexto
3524 2141 3636 2200 post

2050 2213 2270 2269 Joannis
2318 2218 2687 2285 expulsionem
2733 2218 2841 2272 die.
2892 2219 3102 2274 Obiissc
3160 2220 3437 2274 Arsacium
3498 2236 3640 2276 anno

2052 2307 2294 2373 sequenti
2321 2308 2464 2360 circa
2495 2309 2552 2361 11
2590 2308 2941 2373 Novembris,
2971 2311 3123 2365 Coss.
3155 2310 3415 2367 Stilicone
3446 2313 3636 2365 iterum

2051 2404 2106 2450 et
2144 2398 2453 2461 Anthemio,
2488 2397 2590 2452 hoc
2627 2407 2711 2453 est
2736 2414 2878 2451 anno
2918 2401 3125 2453 Domini
3168 2402 3307 2465 404,
3335 2410 3522 2455 auctor
3558 2413 3640 2456 est

2049 2487 2296 2542 Socrates
2340 2489 2436 2541 lib.
2462 2490 2521 2552 6,
2553 2505 2602 2542 c.
2632 2488 2723 2543 20.
2755 2488 2898 2542 Vixit
2942 2490 3101 2558 igitur
3144 2490 3391 2544 Arsacius
3432 2492 3485 2544 in
3518 2491 3632 2559 epi-

2048 2588 2268 2647 scopatu
2296 2594 2490 2632 annum
2528 2595 2711 2642 unum,
2746 2593 2961 2632 menses
2990 2580 3055 2644 4,
3085 2579 3197 2633 dies
3238 2580 3322 2633 16.
3370 2580 3637 2633 Palladius

2048 2678 2102 2722 et
2122 2670 2211 2722 alii
2240 2686 2344 2723 non
2373 2671 2549 2738 plures
2568 2670 2866 2723 attribuunt
2890 2670 2953 2723 l4
2977 2672 3255 2724 mensibus
3277 2687 3287 2719 :
3309 2669 3639 2740 Nicephorus

2047 2762 2352 2816 Patriarcha
2386 2763 2683 2816 biennium.
2712 2761 2841 2814 Post
2879 2761 3082 2813 Arsacii
3126 2770 3375 2825 mortem,
3412 2778 3550 2831 quae,
3579 2774 3637 2815 ut

2048 2853 2182 2915 dixi,
2231 2853 2427 2906 accidit
2459 2854 2517 2906 11
2563 2852 2886 2905 Novembris
2926 2852 3049 2915 405,
3084 2851 3263 2905 Multis
3295 2854 3635 2923 episCOpattsm

2048 2943 2379 2995 ambientibus
2401 2984 2415 3005 ,
2441 2942 2612 3011 inquit
2638 2941 2905 3003 Socrates,
2939 2941 3196 3010 multoque
3218 2943 3478 3012 interjecto
3506 2954 3634 2996 tem-

2051 3050 2190 3103 pore,
2235 3033 2472 3088 succedit
2501 3035 2737 3099 Atticus,
2761 3043 2978 3103 quatuor
3006 3035 3191 3103 elapsis
3234 3037 3508 3103 mensibus,
3545 3038 3628 3091 itt—

2048 3127 2164 3194 quit
2192 3125 2482 3195 Georgius,
2518 3125 2618 3179 hoc
2643 3126 2878 3179 factum:
2911 3134 2971 3179 ut
3013 3126 3064 3178 iu
3111 3142 3349 3180 mensem
3389 3126 3637 3182 Martium

2048 3230 2190 3269 anno
2214 3216 2340 3279 406,
2370 3217 2520 3269 Coss.
2551 3215 2780 3270 Arcadio
2806 3216 2838 3269 0
2871 3227 2922 3269 et
2958 3215 3166 3279 Probo,
3200 3232 3419 3272 necesse
3448 3218 3515 3271 sit
3540 3219 3636 3271 At-

2051 3307 2140 3361 tici
2190 3310 2515 3361 creationem
2570 3307 2829 3362 incidere.
2880 3307 3066 3361 Restat
3113 3307 3344 3362 maxima
3398 3310 3637 3363 omnium

2053 3400 2281 3471 quaestio
2294 3399 2361 3454 de
2382 3409 2555 3454 morte
2577 3400 2832 3454 Eudoxia:
2851 3404 3102 3469 Augusta:
3127 3418 3139 3452 :
3166 3402 3217 3453 in
3239 3401 3392 3470 cujus
3408 3402 3641 3456 notando

2053 3502 2297 3563 tempore
2342 3494 2670 3547 recentiores
2696 3492 2764 3545 ab
2805 3492 3055 3545 omnibus
3101 3491 3154 3545 iu
3182 3493 3486 3547 universum
3507 3534 3524 3558 ,
3550 3494 3640 3563 qui

2052 3584 2242 3637 tnortis
2265 3583 2382 3651 ejus
2408 3582 2609 3637 diserte
2637 3582 3011 3647 meminerunt,
3041 3583 3315 3637 veteribus
3336 3584 3638 3638 discedunt.

2049 3673 2300 3729 Socrates
2322 3673 2417 3727 lib.
2451 3672 2505 3736 6,
2534 3689 2583 3727 c.
2610 3673 2695 3733 19,
2718 3673 2983 3739 ingentem
3013 3673 3348 3741 grandinem,
3379 3674 3542 3727 instar
3561 3675 3642 3727 la-

2050 3761 2225 3830 pidum
2254 3761 2497 3829 (nucibus
2545 3778 2749 3829 parent,
2795 3761 2961 3830 inquit
3003 3762 3286 3815 Annalium
3328 3761 3638 3817 Grmcorum

2050 3850 2280 3920 auctor),
2307 3851 2447 3904 circa
2476 3850 2544 3903 50
2572 3848 2905 3919 Septembris
2953 3850 3233 3915 cecidisse,
3263 3852 3452 3906 eodem
3472 3892 3490 3918 ,
3534 3868 3643 3922 quo

2053 3943 2290 3997 Joannes
2329 3943 2515 4012 pulsus
2544 3952 2649 4009 est,
2679 3958 2843 4009 anno,
2877 3944 2928 3996 in
2957 3943 3239 3997 consulatu
3270 3943 3487 3998 Honorii
3526 3944 3559 3998 6
3587 3953 3644 3998 et

2056 4033 2383 4096 Aristazneti,
2432 4033 2636 4096 scribit,
2690 4032 2790 4087 hoc
2833 4043 2915 4087 cst
2963 4048 3103 4086 anno
3161 4034 3369 4087 Domini
3417 4034 3541 4099 404,
3589 4045 3645 4088 et

2057 4134 2282 4195 quarto,
2314 4135 2431 4193 post
2476 4124 2560 4177 die
2601 4124 2799 4177 abiisse
2836 4124 3152 4179 Eudoxiam.
3198 4126 3429 4178 Annales
3470 4124 3642 4179 (ἕναξοί

2056 4218 2227 4286 pridie
2253 4216 2431 4270 Nonas
2460 4215 2704 4269 Octobris
2731 4215 2928 4269 obiisse
2949 4255 2963 4277 ,
2994 4224 3048 4269 et
3086 4216 3119 4269 4
3148 4214 3267 4268 Idus
3293 4213 3541 4269 Octobris
3588 4215 3639 4268 itt

2058 4310 2285 4363 Basilica
2337 4308 2433 4363 SS.
2484 4309 2886 4377 Apostolorum,
2937 4308 3198 4377 sepultam
3249 4307 3439 4362 iisdem
3489 4306 3639 4362 Coss.

2054 4400 2289 4453 lloiiorio
2305 4408 2361 4453 et
2380 4400 2721 4463 Aristaeneto,
2740 4408 3056 4453 memorant.
3076 4399 3411 4452 Marcellinus
3426 4398 3640 4463 Comes,

2054 4492 2242 4546 iisdem
2274 4491 2449 4553 Coss.,
2492 4491 2681 4557 inquit,
2720 4491 2982 4555 Eudoxio,
3024 4506 3158 4544 uxor
3196 4491 3433 4555 Arcadii,
3468 4491 3639 4545 obiit:

2056 4584 2282 4650 Prosper
2296 4582 2659 4650 Aquitanicus,
2688 4581 2877 4635 iisdem
2900 4582 3081 4636 itidem
3104 4580 3259 4636 Coss.
3284 4583 3547 4649 Eudoxia,
3566 4584 3641 4638 in-

2056 4676 2188 4745 quit,
2214 4690 2346 4728 uxor
2370 4674 2603 4739 Arcadii,
2627 4675 2770 4729 diem
2793 4676 2999 4729 clausit.
3023 4676 3221 4730 Contra
3245 4676 3379 4730 hanc
3405 4687 3641 4732 veterum

2057 4768 2373 4837 scriptorum
2421 4766 2734 4835 phalangem
2764 4768 2889 4835 quid
2930 4767 3085 4821 faciet
3129 4768 3334 4819 infirma
3378 4767 3644 4821 recentio-

2056 4875 2173 4911 rtuu
2207 4872 2423 4920 manus;
2448 4858 2535 4925 qui
2565 4872 2756 4910 omnes
2799 4873 2904 4910 uno
2944 4873 3039 4911 ore
3082 4857 3270 4910 Joauni
3302 4865 3482 4909 nostro
3522 4872 3640 4910 eam

2056 4948 2397 5015 superstitem
2424 4947 2585 4999 fuisse
2609 4955 2718 4998 tres
2748 4962 2977 5007 menses,
3013 4946 3110 4999 hoc
3142 4954 3221 4998 est
3243 4946 3383 4999 circa
3408 4946 3643 5002 medium

2060 5038 2362 5091 Decembris
2384 5078 2397 5101 ,
2430 5052 2570 5089 anno
2597 5038 2721 5096 407.
2758 5037 2840 5090 vel
2868 5037 3007 5089 circa
3037 5036 3276 5091 medium
3305 5037 3467 5091 Febr.
3498 5052 3643 5091 anno

2057 5128 2181 5190 408,
2235 5128 2533 5181 decessisse
2579 5128 2883 5181 testantur?
2922 5143 3084 5197 quam
3129 5131 3290 5183 etiam
3339 5128 3643 5199 opinionem

2056 5237 2152 5287 ego
2203 5229 2256 5271 ut
2306 5220 2473 5287 magis
2522 5219 2853 5287 probabilem
2890 5219 3208 5288 amplector.
3254 5220 3442 5274 Causa:
3493 5228 3642 5286 sunt,

2058 5314 2284 5378 primum
2315 5311 2455 5379 quod
2485 5311 2599 5363 illas
2628 5311 3018 5364 inliumauitates
3049 5321 3104 5365 et
3132 5311 3491 5365 immanitates
3514 5324 3643 5365 con-

2060 5414 2138 5456 tra
2168 5406 2449 5473 episcopos
2480 5404 2681 5473 legatos
2720 5405 2785 5459 ab
2811 5403 3095 5459 Occidente
3115 5445 3129 5467 ,
3159 5411 3344 5457 contra
3380 5403 3643 5460 Joannem

2061 5504 2302 5547 nostrum
2338 5494 2402 5548 ad
2435 5507 2660 5548 mortem
2696 5512 2860 5565 usque
2892 5496 3055 5563 ipsam
3101 5505 3287 5549 contra
3318 5511 3505 5552 omnes
3534 5498 3645 5565 epi-

2059 5602 2272 5655 scopos,
2294 5588 2537 5651 clericos,
2565 5598 2617 5641 et
2642 5589 2775 5641 alios
2805 5587 3028 5656 partium
3050 5586 3296 5655 Joannis,
3326 5606 3430 5643 non
3452 5590 3518 5643 ab
3536 5588 3641 5642 alio

2062 5680 2327 5747 profectas
2360 5679 2503 5733 fonte
2526 5689 2729 5746 putem,
2759 5694 2916 5747 quam
2941 5679 3009 5733 ab
3039 5680 3360 5750 implacabili
3384 5682 3646 5750 impoten-

2064 5772 2280 5824 tissitntc
2311 5770 2520 5823 l'entinge
2549 5769 2727 5825 furore
2761 5788 2775 5824 :
2806 5786 2930 5824 cum
2958 5771 3196 5843 alioquin
3240 5772 3497 5827 Arcadius
3529 5773 3645 5843 ipse

2068 5860 2323 5928 simplicis
2349 5859 2504 5914 fuerit
2534 5860 2750 5916 etmitis
2782 5861 3003 5934 ingenii,
3031 5873 3085 5919 et
3106 5873 3367 5919 tantorum
3392 5862 3501 5916 fere
3530 5880 3647 5917 ma-

2064 5952 2235 6005 lorum
2276 5950 2520 6023 ignarus;
2557 5967 2729 6025 neque
2756 5950 3016 6010 credibile
3054 5956 3120 6009 sit
3162 5965 3362 6010 tantum
3396 5954 3651 6013 habuisse
