4466 6750
846 682 1102 755 ponderis
1120 682 1261 755 apud
1289 681 1509 747 milites,
1535 677 1784 735 cuswdes
1813 687 2086 749 portuum,
2120 689 2175 735 et
2203 687 2427 734 caeteros

847 775 1059 848 imperii
1086 775 1376 835 ministros,
1401 771 1707 841 episcopos,
1728 768 2071 841 reliquosque
2085 770 2305 826 Joannis
2330 767 2430 823 ini-

853 869 1042 933 micos,
1070 866 1172 920 nisi
1203 863 1455 919 Ettdoxia:
1484 863 1695 919 femina:
1724 877 1884 932 supra
1914 878 2101 918 sexum
2132 862 2352 924 ferocis,
2376 867 2430 914 et

852 960 1041 1013 marito
1063 957 1409 1017 dominantis,
1428 956 1615 1025 opibus
1637 954 1818 1020 fultos,
1837 956 2154 1011 auctoritate
2176 955 2425 1009 munitos.

847 1050 953 1106 Sed
979 1049 1119 1119 quod
1152 1064 1238 1103 me
1264 1048 1349 1103 vel
1388 1048 1617 1102 maxime
1658 1056 1863 1111 movet,
1898 1055 1954 1100 ut
1982 1061 2078 1116 pro
2118 1042 2427 1101 recentiori-

848 1143 965 1207 bus,
996 1139 1136 1211 quod
1168 1140 1518 1195 invitissimus
1544 1138 1701 1202 facio,
1742 1149 1927 1193 contra
1965 1148 2173 1192 veteres
2200 1150 2424 1205 pronum

844 1232 1005 1297 ticm,
1035 1228 1164 1284 illud
1195 1242 1313 1283 est:
1355 1227 1499 1299 quod
1548 1228 1783 1284 Joannes
1814 1239 2032 1289 noster,
2076 1244 2233 1298 quem
2277 1227 2319 1279 si
2339 1240 2429 1278 ve-

846 1331 991 1378 teres
1020 1338 1329 1391 sequamur,
1362 1331 1530 1375 totum
1563 1320 1848 1373 triennium
1877 1320 2113 1385 oportuit
2142 1318 2306 1372 fuisse
2335 1330 2426 1370 su-

849 1415 1123 1486 perstitem
1152 1413 1425 1474 Euduviaa,
1453 1412 1504 1463 in
1538 1418 1615 1462 tot
1636 1408 1878 1477 epistolis
1901 1408 1968 1460 ad
2004 1408 2325 1475 pontiﬁcem.
2359 1406 2426 1459 ad

845 1505 1147 1573 cpiscOpos,
1190 1502 1256 1554 ad
1296 1501 1430 1554 alios
1473 1500 1695 1563 amicos,
1741 1514 1835 1569 per
1879 1498 2168 1553 triennium
2214 1496 2429 1565 scriptis

846 1607 1105 1662 nusquam
1147 1594 1454 1646 meminerit
1505 1593 1693 1645 mortis
1723 1590 1997 1653 Eudoxias,
2039 1605 2198 1660 quam
2238 1588 2429 1642 morbo

841 1682 1097 1738 diuturno
1118 1693 1171 1738 et
1195 1683 1488 1745 cruciabili,
1516 1683 1655 1736 addo
1682 1684 1841 1737 etiam
1875 1681 2036 1747 findo,
2076 1681 2299 1751 periisse
2324 1691 2432 1734 tra-

846 1773 981 1828 dunt
1011 1791 1025 1829 :
1056 1773 1123 1828 de
1156 1784 1298 1828 tanta
1332 1784 1385 1827 ct
1422 1785 1528 1826 tam
1559 1774 1753 1841 insigni
1798 1773 1892 1827 Dei
1922 1774 2154 1827 vindicta
2199 1788 2305 1827 non
2346 1782 2430 1826 ta-

848 1865 1088 1928 citurus;
1119 1863 1356 1931 quinimo
1393 1863 1459 1916 ad
1489 1876 1639 1931 spem
1684 1872 1886 1917 certam
1927 1863 2153 1929 reditus,
2193 1874 2280 1917 aut
2314 1878 2429 1918 me-

842 1953 1003 2008 liores
1032 1951 1260 2007 fortuna:
1292 1968 1358 2007 eo
1389 1953 1504 2022 ipso
1528 1954 1864 2023 arrigendus.
1894 1954 2163 2008 Palladius
2191 1968 2425 2022 quoque,

841 2044 1054 2099 illorum
1111 2054 1414 2113 temporum
1468 2045 1720 2114 a-qualis,
1778 2060 1898 2098 cum
1949 2058 2135 2111 pugnas
2174 2049 2425 2103 θεηλάτςνς

842 2134 911 2190 de
940 2134 1171 2189 inimicis
1198 2134 1418 2189 Joannis
1438 2137 1614 2187 statim
1644 2142 1881 2201 sumptas
1918 2132 2186 2200 sigillatim
2238 2145 2427 2185 recen-

840 2235 977 2291 seat,
1010 2227 1078 2280 de
1105 2225 1342 2279 Eudoxia
1379 2224 1518 2288 silet,
1546 2240 1704 2293 quam
1733 2222 1912 2277 ferunt
1938 2221 2127 2276 morbo
2165 2220 2310 2277 [ωάο
2330 2262 2344 2285 ,
2373 2230 2429 2276 et

846 2328 965 2388 post
995 2333 1215 2387 magnos
1243 2317 1514 2371 cruciatus
1540 2316 1762 2371 obiisse.

920 2427 939 2460 ι
972 2408 1275 2462 Constituta
1316 2408 1526 2477 itaque,
1554 2415 1810 2476 quantum
1842 2419 1871 2458 a
1900 2406 2055 2459 nobis
2083 2403 2197 2459 ﬁeri
2224 2406 2425 2473 potuit,

841 2510 1141 2570 temporum
1192 2499 1420 2562 ratione,
1468 2497 1535 2551 ad
1577 2498 1722 2566 ipsos
1765 2497 2082 2550 accedamus
2127 2506 2423 2551 auctores:

840 2606 1069 2661 quorum
1109 2590 1264 2644 facile
1310 2590 1559 2657 princeps
1588 2587 1885 2651 Palladius,
1924 2602 2019 2641 seu
2061 2588 2306 2657 quisquis
2346 2596 2429 2642 est

838 2681 983 2734 illius
1011 2681 1203 2751 dialogi
1235 2689 1438 2741 auctor,
1467 2678 1555 2747 qui
1578 2680 1696 2746 ejus
1724 2678 1893 2731 fertur
1919 2679 2155 2731 nomine.
2189 2695 2208 2729 ι

910 2770 1010 2824 Hic
1050 2769 1156 2823 duo
1184 2777 1466 2823 moventur
1506 2768 1860 2835 quaestiones,
1911 2766 2107 2833 quibus
2152 2765 2425 2820 solvendis

840 2861 1073 2917 Savilius
1093 2876 1152 2914 se
1176 2875 1395 2930 prorsus
1425 2860 1685 2926 imparem
1714 2873 1833 2911 esse
1860 2856 2009 2911 dicit.
2038 2858 2215 2912 Prima
2243 2866 2327 2909 cst
2355 2856 2425 2910 de

837 2959 1056 3005 auctore
1085 2952 1226 3004 illius
1269 2949 1495 3017 dialogi,
1526 2960 1705 3001 utrum
1743 2948 1883 3002 idem
1913 2949 1983 3002 sit
2010 2964 2075 3003 an
2106 2948 2350 3003 diversus
2391 2964 2422 3002 a

838 3044 1093 3109 Palladio,
1137 3043 1526 3112 llelenOpoleos
1567 3042 1839 3110 episcopo,
1882 3042 2256 3097 Lausiacorum
2286 3043 2421 3096 seri-

837 3145 991 3206 ptore
1013 3152 1026 3188 :
1059 3134 1304 3188 eumdem
1322 3149 1441 3187 csse
1460 3134 1671 3201 quidem
1692 3134 1918 3188 suadere
1940 3144 1994 3189 et
2025 3136 2230 3187 titultttn
2250 3136 2418 3203 ipsum

840 3224 1053 3292 dialogi,
1072 3234 1124 3278 et
1143 3224 1281 3291 quod
1304 3224 1568 3277 Palladius
1598 3224 1875 3293 dialogista
1899 3238 1957 3278 se
1979 3226 2030 3278 in
2048 3226 2279 3278 Asiatica
2301 3242 2422 3293 per-

836 3316 1165 3385 cgrinatione
1181 3328 1491 3385 perpetuum
1505 3316 1753 3369 comitem
1767 3315 1955 3369 Joanni
1970 3318 2260 3373 adhaesisse
2274 3333 2323 3388 pt
2338 3318 2425 3372 oli-

838 3415 1010 3462 teatur
1037 3424 1049 3458 :
1080 3406 1220 3476 quod
1245 3406 1311 3460 de
1342 3406 1577 3460 i'alladio
1594 3405 1849 3460 thttsiaco
1879 3423 2060 3461 verum
2079 3423 2198 3462 csse
2240 3424 2425 3463 tunnes

835 3497 1021 3553 sciant.
1042 3497 1096 3550 id
1111 3512 1340 3565 quoque,
1362 3496 1501 3565 quod
1519 3496 1792 3567 dialogista
1811 3498 2057 3551 canitiem
2071 3514 2219 3551 suam
2236 3500 2427 3567 pra-di-

833 3598 938 3651 cet,
953 3590 1151 3658 optime
1164 3606 1292 3643 sane
1311 3591 1359 3642 in
1379 3590 1693 3644 Lausiacum
1711 3590 1924 3656 cadere,
1939 3591 2026 3655 qui
2044 3594 2423 3661 aliquotannos

835 3690 954 3751 post
982 3680 1204 3733 Romam
1232 3691 1439 3748 captam
1467 3682 1676 3735 vixerit.
1705 3681 1898 3735 Verum
1922 3683 2135 3736 obstare
2158 3682 2226 3735 ab
2251 3684 2419 3736 altera

832 3782 1016 3841 parte,
1046 3771 1186 3839 quod
1230 3782 1333 3824 tam
1361 3771 1675 3826 Theodorus
1703 3789 1858 3841 quam
1908 3773 2020 3841 ipse
2067 3774 2335 3827 Palladius
2367 3774 2419 3827 in

832 3861 1043 3931 dialogo
1058 3861 1125 3915 de
1148 3862 1240 3915 illo
1260 3861 1647 3931 llelenOpoleos
1670 3864 1923 3933 episeopo
1938 3864 1991 3917 in
2014 3864 2168 3918 tertia
2194 3879 2420 3932 persona

833 3955 1136 4023 loquantur.
1161 3955 1399 4007 Alterum
1422 3953 1650 4007 occurrit.
1673 3952 1869 4008 Savilio
1894 3955 2197 4023 scrupulum
2219 3969 2248 4007 e
2273 3970 2423 4007 men-

833 4046 974 4100 tione
1001 4045 1195 4099 Zosimi
1221 4046 1485 4117 pontiticis
1513 4045 1752 4099 ductum.
1788 4046 1860 4099 De
1891 4045 1988 4099 hac
2017 4046 2299 4115 posteriori
2322 4046 2421 4097 Oll-

827 4138 1061 4211 jectione
1084 4137 1201 4191 vide
1230 4138 1360 4190 infra
1384 4136 1570 4205 Bigotii
1597 4136 2051 4190 dissertationem.
2093 4136 2417 4198 Secundum,

836 4228 1007 4297 inquit
1031 4228 1291 4294 Savilius,
1320 4238 1403 4282 est
1431 4228 1681 4292 dubium,
1715 4228 1983 4295 quomodo
2022 4226 2134 4281 ﬁeri
2169 4229 2418 4297 potuerit,

835 4328 893 4373 ut
922 4320 1059 4372 intra
1091 4320 1320 4373 triduum
1360 4318 1585 4389 (Pallad.
1617 4319 1780 4387 Dial.)
1821 4327 1941 4389 post
1968 4329 2215 4389 acceptas
2242 4319 2420 4373 Theo-

833 4411 962 4478 phili
990 4411 1199 4477 literas,
1229 4411 1419 4481 quibus
1447 4410 1535 4464 ille
1562 4410 1888 4481 signiﬁcabat
1918 4410 2075 4480 Papa:
2117 4410 2421 4465 Innocentio

833 4502 1088 4557 Joannem
1106 4519 1134 4557 a
1147 4519 1206 4558 se
1222 4504 1382 4557 fuisse
1395 4503 1714 4573 depositum,
1734 4504 1834 4557 illa:
1850 4503 2071 4558 Joannis
2086 4504 2273 4570 literae,
2290 4520 2420 4573 qua-

837 4608 952 4646 rum
971 4588 1202 4659 initium,
1227 4592 1392 4645 Etiam
1419 4603 1687 4663 antequam
1708 4595 1915 4647 redditae
1931 4604 2064 4659 sunt,
2086 4595 2151 4648 ad
2172 4595 2418 4649 eumdem

840 4681 1034 4751 Papam
1050 4682 1387 4751 pervenerint
1403 4699 1416 4735 :
1431 4681 1837 4750 namTheOphili
1854 4685 2156 4736 necessario
2168 4698 2288 4737 esse
2301 4685 2422 4736 scri-

836 4781 951 4841 ptas
977 4789 1041 4827 ex
1068 4773 1295 4828 concilio
1326 4772 1391 4827 ad
1428 4773 1716 4841 Quercnm,
1740 4788 1861 4826 cum
1894 4773 2171 4842 posteriori
2197 4774 2424 4827 concilio

834 4864 948 4933 ipse
972 4879 1071 4918 nec
1090 4864 1407 4928 interfuerit,
1426 4880 1597 4935 neque
1626 4864 1676 4919 in
1698 4880 1763 4920 eo
1784 4864 1947 4919 ullum
1964 4866 2318 4920 accusationis
2344 4881 2426 4920 ea-

834 4962 935 5025 put
956 4956 1026 5008 sit
1054 4954 1342 5024 prolatum,
1373 4955 1466 5010 sed
1504 4972 1679 5011 merus
1705 4972 1877 5012 canon
1897 4957 2109 5012 concilii
2136 4957 2425 5012 Antioche-

834 5044 888 5098 ni
931 5045 1201 5099 adhibitus
1228 5062 1240 5099 :
1270 5055 1453 5100 contra
1482 5047 1703 5102 Joannis
1734 5049 1915 5102 literas
1966 5057 2085 5117 post
2123 5048 2417 5103 secundam

837 5135 1000 5206 ipsius
1016 5136 1383 5203 expulsionem
1404 5138 1629 5207 scriptas
1653 5154 1793 5205 esse,
1813 5138 2069 5194 declarari
2099 5141 2181 5196 vel
2204 5140 2288 5193 bis
2309 5140 2424 5211 ejus

837 5231 1035 5295 verbis,
1055 5230 1294 5286 Secundo
1323 5232 1532 5286 ecclesia
1560 5248 1668 5284 sum
1691 5233 1876 5302 ejecta:
1903 5248 1922 5286 :
1951 5237 2086 5288 inter
2112 5233 2217 5289 duo
2243 5244 2419 5288 antem

836 5324 1017 5375 exsilia
1041 5323 1407 5379 intercessisse
1436 5338 1646 5378 menses
1666 5324 2051 5380 novemdecim.

916 5430 936 5462 α
970 5414 1025 5466 ln
1052 5413 1272 5470 Socrate
1309 5425 1541 5487 quatuor
1567 5416 1750 5471 eadem
1781 5416 1995 5486 pagina,
2039 5423 2131 5470 aut
2168 5418 2419 5487 quinque.

838 5513 962 5559 sunt
985 5515 1160 5559 errata
1184 5507 1433 5561 historica
1460 5507 1510 5560 in
1538 5507 1815 5561 narrandis
1838 5506 2203 5579 Chrysostomi
2222 5510 2383 5564 rebus
2406 5526 2419 5561 :

840 5609 961 5648 nam
987 5604 1181 5648 cretera
1205 5611 1308 5651 non
1330 5599 1551 5667 attingo.
1580 5600 1775 5667 Atque,
1797 5609 1855 5652 ut
1880 5600 1947 5654 ab
1970 5599 2173 5655 ultimis
2200 5600 2379 5653 ordiar
2406 5619 2421 5655 :

839 5685 982 5755 quod
1009 5685 1271 5742 Joannem
1298 5688 1366 5742 ab
1408 5689 1656 5761 Evagrio,
1688 5688 1890 5745 Paulini
1936 5706 2281 5759 successore,
2314 5692 2422 5745 Eu-

840 5780 1224 5838 stathianarutn
1258 5783 1483 5853 partium
1506 5784 1804 5839 Antiochia:
1829 5786 2110 5857 episeopo,
2142 5786 2423 5857 presbyte—

843 5886 960 5926 rum
988 5873 1173 5930 scribit
1197 5887 1320 5931 esse
1358 5875 1657 5931 ordinatum
1683 5893 1697 5931 :
1727 5891 1757 5930 a
1799 5876 2035 5932 Palladio
2072 5878 2423 5949 omnibusque

839 5962 961 6020 aliis
981 5965 1252 6022 veteribus
1284 5974 1338 6022 et
1367 5967 1755 6024 recentioribus
1793 5967 2072 6033 refellitur,
2104 5970 2194 6043 qui
2224 5968 2279 6025 id
2306 5985 2415 6028 uno

1963 560 2239 618 "ENBJCI
2280 559 2523 618 SAVlLll
2576 558 3031 623 DlSSERTATiO

3977 600 4115 645 ιῖςη

2536 686 2631 728 ore
2658 687 2846 730 omnes
2873 676 3134 738 Flaviano
3165 685 3423 755 tribuunt,
3451 688 3693 753 aliarum,
3743 686 3845 743 hoc
3872 703 3976 760 est,
4004 697 4115 754 Me-

2536 762 2849 820 letianarum
2888 770 3118 835 partium
3146 776 3417 848 episeopo.
3449 780 3593 848 Quas
3613 790 3786 851 partes
3812 780 3864 834 in
3893 796 3959 837 eo
3978 788 4117 842 sebi-

2533 866 2705 912 smate
2729 866 2783 913 et
2806 856 2874 912 ab
2900 856 3055 912 initio
3082 876 3300 920 secutus
3325 876 3409 923 est
3450 870 3704 937 Joannes,
3732 880 3789 927 ut
3809 885 3842 927 θ
3878 875 4124 941 superio-

2534 946 2686 1002 ribus
2702 958 2864 1018 patet,
2881 956 2935 1002 et
2957 948 3216 1007 iniisdem
3241 972 3409 1026 usque
3428 960 3496 1014 ad
3513 962 3668 1016 tinem
3690 962 4119 1018 constantissime.

2538 1042 2853 1107 permansit.
2899 1039 3012 1095 Non
3039 1042 3209 1107 enim,
3256 1047 3358 1102 nisi
3390 1061 3510 1119 post
3549 1064 3776 1109 mortem
3816 1054 4090 1125 Porphyrii

2533 1129 2625 1196 qui
2689 1130 2942 1186 Flaviano
3005 1136 3295 1199 successit,
3358 1142 3639 1206 prudentia
3696 1154 3751 1199 et
3806 1145 4111 1201 dexteritate

2534 1217 2851 1289 Alexandri,
2868 1223 3095 1292 episcopi
3121 1225 3601 1297 tuncAntioclteni,
3620 1236 3790 1304 sopita
3811 1248 3893 1292 est
3910 1239 3994 1292 illa
4007 1239 4090 1294 dis

2531 1310 2711 1364 cordia
2730 1314 2871 1368 inter
2889 1316 3260 1371 Eustatltianos
3291 1327 3346 1371 ct
3376 1320 3705 1391 Mcletianos,
3726 1339 3860 1384 teste
3876 1330 4094 1386 Thcodo

2533 1410 2651 1453 reto
2680 1401 2771 1455 lib.
2805 1404 2860 1466 5,
2890 1420 2940 1459 c.
2968 1408 3058 1462 55.
3089 1406 3193 1463 Sed
3223 1407 3288 1462 ad
3331 1408 3680 1468 refellendum
3711 1417 3851 1473 hunc
3879 1436 4116 1476 errorem

2533 1489 2771 1545 Socratis
2799 1509 2904 1547 non
2933 1506 3016 1549 est
3043 1514 3263 1554 necesse
3282 1499 3611 1555 extrinsecus
3633 1507 3974 1570 probationes
4002 1529 4121 1565 mu-

2535 1584 2671 1634 tuari
2689 1601 2702 1636 :
2722 1599 2841 1637 cum
2860 1589 3127 1641 sexcentis
3144 1590 3196 1643 in
3215 1590 3415 1645 locisex
3434 1590 3596 1659 ipsius
3609 1590 3975 1662 Cbrysostomi
3996 1617 4117 1656 ver—

2534 1670 2617 1727 bis
2644 1673 2761 1728 luce
2781 1675 2975 1729 clarius
3004 1679 3092 1741 sit,
3116 1694 3147 1732 a
3177 1680 3430 1736 Flaviano
3461 1697 3581 1735 eum
3608 1680 3772 1736 fuisse
3810 1686 4115 1745 ordinatum

2536 1765 2925 1836 presbyterum,
2945 1769 3045 1823 sub
3058 1785 3228 1840 eoque
3248 1772 3502 1843 deinceps
3518 1789 3681 1844 usque
3700 1772 3766 1827 ad
3782 1778 4117 1845 episcOpatns

2536 1863 2774 1925 tempora
2804 1857 3016 1912 vixisse.
3047 1861 3352 1917 Proximum
3374 1876 3476 1930 est,
3500 1882 3605 1919 non
3630 1865 3840 1934 quidem
3861 1866 3910 1919 id
3942 1870 4116 1922 mium

2534 1944 2745 2007 falsum,
2771 1947 2866 2000 sed
2893 1951 3033 2014 quod
3061 1952 3268 2019 aliquos
3288 1954 3477 2008 saltem
3508 1971 3538 2009 e
3564 1956 3945 2010 recentioribus
3970 1959 4117 2013 inte.-

2532 2036 2670 2090 nerit
2696 2037 2995 2092 laudatores
3024 2044 3167 2109 (nam
3187 2044 3327 2110 apud
3357 2045 3649 2100 Palladium
3677 2048 3874 2101 nullum
3897 2048 4115 2117 bnjuseo

2529 2130 2607 2182 rei
2632 2128 2931 2199 vestigium)
2961 2130 3028 2183 de
3056 2140 3168 2183 toto
3200 2131 3294 2184 illo
3322 2136 3553 2189 triennio
3572 2178 3587 2201 ,
3633 2153 3738 2207 quo
3776 2148 3894 2207 post
3922 2139 4114 2194 Meletii

2531 2228 2784 2283 mortem,
2816 2220 3087 2287 tranquille
3111 2222 3232 2290 egit,
3262 2222 3435 2292 inquit
3467 2226 3750 2292 Socrates;
3778 2244 4115 2283 commoratus

2532 2320 2605 2363 est
2635 2312 2687 2363 in
2717 2312 3018 2366 monasterio
3055 2312 3141 2364 ubi
3182 2312 3348 2379 fuerat
3392 2317 3567 2382 prius,
3607 2319 3776 2389 inquit
3808 2319 4064 2390 Georgius
4099 2339 4111 2376 :

2534 2400 2675 2455 unde
2707 2412 3013 2470 assumptus
3049 2410 3131 2457 cst
3160 2403 3430 2471 posteaad
3479 2408 3923 2479 prcsliytcralum.
3964 2412 4113 2477 Quod

2531 2500 2676 2546 stare
2701 2493 2848 2546 nullo
2882 2492 3043 2546 modo
3068 2501 3275 2561 potest,
3305 2493 3405 2547 nisi
3435 2507 3623 2550 contra
3653 2514 3841 2553 omnes
3866 2499 4116 2553 historias

2532 2596 2636 2634 non
2667 2582 2752 2644 12,
2780 2581 2875 2635 sed
2902 2582 2970 2636 hi
2999 2597 3167 2636 annos
3192 2593 3247 2637 et
3269 2583 3498 2652 amplius
3523 2584 3746 2641 Joannis
3775 2591 4115 2660 presbytera-

2528 2676 2612 2730 tui
2634 2675 2992 2743 assignemus.
3026 2674 3155 2728 Nam
3196 2676 3423 2744 primum
3456 2691 3484 2729 a
3513 2689 3686 2733 morte
3724 2680 3941 2746 Melctii,
3968 2697 4109 2750 quo,

2531 2774 2586 2817 ut
2616 2779 2772 2832 supra
2794 2764 3054 2830 diximus,
3082 2766 3272 2821 accidit
3299 2768 3422 2829 581,
3443 2776 3684 2837 tempore
3710 2773 3956 2824 secundm
3982 2788 4112 2843 syn-

2528 2856 2638 2919 odi,
2671 2871 2839 2924 usque
2883 2855 2951 2910 ad
2994 2857 3360 2926 episcopatum
3384 2858 3609 2913 Joannis
3632 2875 3775 2914 anno
3817 2861 3955 2926 598,
3987 2864 4111 2917 anni

2527 2958 2653 3002 sunt
2686 2949 2824 3016 pleni
2857 2950 2923 3002 i6
2949 2967 2964 3003 :
2991 2965 3021 3004 e
3046 2951 3241 3018 quibus
3280 2962 3424 3006 recte
3463 2966 3579 3012 nos,
3613 2962 3669 3005 ut
3716 2962 3859 3021 puto,
3892 2952 4114 3009 Joannis

2525 3036 2831 3091 diaeonatni
2876 3039 2931 3104 4,
2960 3049 3015 3092 et
3044 3041 3428 3110 presbyteratui
3475 3042 3562 3105 12,
3592 3044 3999 3111 assignavintus.
4035 3046 4111 3101 Ex

2526 3128 2610 3180 his
2640 3128 2685 3180 si
2730 3128 2916 3181 demas
2948 3129 3037 3193 12,
3077 3130 3273 3197 quibus
3309 3131 3438 3184 vixit
3466 3132 3762 3202 presbyter,
3806 3149 3911 3188 non
3944 3135 4112 3189 tricu-

2526 3218 2671 3270 ninm
2698 3258 2713 3283 ,
2754 3228 2812 3271 ut
2848 3219 3036 3271 volunt
3074 3218 3183 3283 illi,
3228 3220 3323 3274 sed
3357 3221 3762 3289 quadriennium
3808 3225 4069 3291 supererit
4093 3265 4110 3288 ,

2526 3321 2811 3380 antequam
2855 3310 2920 3364 ad
2975 3311 3404 3381 presbyteratnm
3451 3325 3812 3368 assumeretur
3855 3315 4109 3371 Joannes.

2530 3403 2730 3457 Deinde
2757 3402 2895 3457 hanc
2923 3402 3230 3471 Opinionem
3262 3407 3610 3473 sequentibus
3639 3422 3859 3461 necesse
3901 3409 4003 3463 erit
4028 3409 4111 3462 dis

2527 3508 2648 3546 cere
2662 3507 2781 3547 cum
2802 3502 2973 3546 morte
2996 3492 3187 3546 Melctii
3205 3494 3413 3548 finitum
3428 3510 3547 3549 esse
3566 3495 3985 3564 quinquennium
4000 3498 4112 3551 dia-

2528 3595 2773 3638 conatus.
2802 3586 2976 3654 Atque
3001 3586 3071 3638 ita
3098 3585 3185 3639 fiet
3206 3585 3441 3640 Joannes
3467 3588 3656 3640 mortis
3702 3598 3938 3655 tempore
3976 3603 4112 3657 penu

2526 3678 2994 3747 septuagenarius,
3054 3678 3183 3731 inter
3235 3678 3487 3746 lonngos
3536 3680 3743 3740 scilicet,
3773 3695 3900 3743 non,
3934 3689 3988 3732 ut
4030 3689 4112 3732 est

2525 3769 2764 3821 omnium
2804 3779 3019 3836 recepta
3058 3768 3278 3836 opinio,
3318 3775 3451 3821 inter
3490 3777 3795 3837 praemature
3822 3769 4106 3835 defunctos.

2526 3858 2703 3927 Itaque
2728 3858 2830 3911 hoe
2852 3859 3139 3912 triennium
3170 3874 3293 3912 cum
3324 3858 3563 3913 Palladio
3601 3860 3757 3929 plane
3779 3859 4007 3913 eximam
4042 3874 4106 3912 ex

2526 3964 2785 4003 annorum
2806 3948 3175 4020 Cbrysostomi
3195 3952 3612 4018 computatione,
3645 3960 3754 4004 tum
3785 3953 3900 4005 aliis
3922 3951 4110 4006 ductus

2526 4040 2823 4094 rationibus
2839 4082 2852 4101 .
2874 4050 2983 4094 tum
3007 4056 3073 4094 ne
3092 4042 3313 4094 nimium
3329 4050 3934 4096 cxcresceretannorum
3950 4043 4111 4097 Joan-

2528 4131 2609 4185 nis
2647 4145 2922 4184 numerus.
2954 4131 3194 4185 Tertium
3222 4139 3325 4193 est,
3358 4130 3499 4197 quod
3526 4130 3785 4185 Joannem
3812 4147 3842 4185 a
3870 4131 4105 4197 Zenone,

2526 4224 2779 4292 episc0po
2799 4222 3040 4291 Majuma:
3067 4224 3118 4276 in
3152 4223 3453 4290 Palaestina,
3486 4223 3870 4293 Hierosolymis
3892 4239 4108 4278 reverso

2526 4316 2670 4389 (nam
2699 4316 3189 4386 Hierosolymorum
3216 4316 3529 4384 episcopum
3550 4330 3707 4369 nemo
3727 4316 3880 4379 dixit,
3903 4317 4001 4370 etsi
4031 4318 4110 4370 vir

2525 4424 2749 4478 magnus
2780 4422 2937 4463 secus
2972 4408 3300 4475 acceperit),
3325 4415 3687 4475 anagnosten,
3716 4406 3828 4460 sive
3852 4407 4107 4461 lectorem

2523 4500 2701 4553 scribit
2718 4513 2837 4553 esse
2852 4506 3088 4553 creatum
3110 4516 3123 4551 :
3146 4514 3266 4551 cum
3285 4497 3333 4551 id
3353 4513 3383 4550 a
3403 4497 3613 4551 Melctio
3628 4495 3820 4551 factmn
3846 4514 3908 4552 ex
3934 4498 4109 4552 Palla-

2525 4592 2615 4645 dio
2654 4606 2815 4659 supra
2859 4590 3284 4654 ostenderimus;
3332 4604 3502 4659 neque
3550 4606 3782 4645 canones
3825 4593 4007 4646 sinunt
4056 4592 4107 4645 in

2526 4683 2695 4734 aliena
2716 4680 2985 4749 provincia
3008 4680 3369 4735 ordinationes
3397 4681 3590 4737 facere.
3623 4683 3880 4751 Quartum
3911 4693 3993 4738 est
4020 4685 4110 4737 illo

2525 4770 2591 4824 de
2609 4771 2804 4826 Basilio
2820 4771 3006 4840 Magno
3026 4781 3081 4826 et
3102 4772 3310 4827 Joanne
3333 4772 3718 4844 Chrysostomo
3740 4775 3961 4841 insignis
3982 4783 4109 4826 tent-

2528 4879 2708 4930 porum
2725 4863 3050 4933 perturbatio,
3074 4879 3102 4916 a
3121 4863 3331 4925 Photio,
3353 4864 3654 4934 Anonymo,
3672 4862 3921 4918 Simeone
3948 4864 4111 4918 Meta-

2530 4954 2768 5023 phraste,
2799 4953 2959 5008 Card.
2992 4954 3226 5008 Baronio
3249 4954 3381 5007 satis
3408 4952 3686 5008 refutatus.
3719 4954 3937 5021 Quinto,
3968 4956 4108 5027 quod

2528 5046 2805 5102 Lectorem
2836 5046 3032 5101 factum
3060 5046 3223 5100 fuisse
3254 5054 3373 5114 post
3396 5047 3634 5101 relictam
3659 5049 3821 5103 vitam
3849 5049 4106 5102 monasti-

2527 5152 2644 5191 cam
2676 5152 2921 5192 asserere
2948 5136 3159 5192 videtur
3183 5147 3364 5191 contra
3392 5153 3645 5208 expressa
3673 5139 3835 5194 verba
3860 5137 4107 5195 Palladii.

2527 5231 2658 5285 Nam
2706 5229 2850 5301 quod
2901 5228 2971 5284 ab
3022 5229 3211 5283 eodem
3264 5239 3554 5301 anagnoste
3606 5232 3945 5300 conscriptos
3992 5230 4110 5283 illo'.

2529 5334 2713 5379 contra
2738 5323 2956 5379 Judzeos
2985 5336 3262 5377 sermones
3293 5325 3505 5389 asserit,
3532 5324 3880 5379 refutavimus
3910 5322 3965 5376 in
4006 5318 4107 5374 Nov

2528 5416 2597 5469 tis
2625 5434 2639 5470 :
2667 5424 2722 5470 et
2748 5413 2891 5484 quod
2938 5415 3104 5470 libros
3126 5414 3195 5469 de
3222 5414 3565 5482 Sacerdotio,
3597 5415 3663 5471 ad
3688 5414 4001 5484 Stagirium,
4042 5410 4109 5467 de

2528 5507 2862 5575 Acatalepto,
2892 5514 2946 5560 et
2973 5504 3041 5559 de
3069 5504 3528 5573 Subintroductis,
3557 5508 3626 5562 ab
3669 5506 3859 5561 eodem
3887 5504 4113 5559 diacono

2528 5599 2856 5667 compositos
2882 5595 3133 5651 affirmat.
3162 5598 3387 5654 Siluitne
3431 5616 3561 5669 ergo
3601 5598 3839 5652 divinum
3876 5596 4002 5651 illud
4030 5597 4108 5652 in-

2527 5689 2767 5756 genium,
2788 5696 2844 5742 et
2858 5702 2919 5741 os
2940 5700 3181 5755 aureum,
3201 5699 3366 5744 totum
3386 5690 3436 5744 in
3456 5688 3745 5745 solitudine
3758 5686 4113 5743 sexennium?

2528 5782 2596 5838 Et
2621 5781 2837 5852 quidem
2867 5780 2911 5834 si
2955 5782 3277 5851 conjecturis
3319 5784 3474 5837 locus
3502 5788 3678 5845 esset,
3720 5779 3884 5836 libros
3919 5782 3987 5836 de
4013 5780 4113 5835 Sa-

2529 5872 2793 5933 cerdotio,
2819 5871 2884 5927 ad
2912 5872 3224 5944 Stagirium,
3254 5885 3498 5943 putarent
3524 5872 3592 5926 ab
3620 5887 3707 5941 eo,
3735 5884 4028 5946 anagnoste
4056 5877 4116 5924 et

2536 5966 2822 6029 monacho,
2863 5966 3128 6038 scriptos:
3158 5968 3235 6022 sic
3264 5966 3409 6022 enim
3448 5966 3663 6024 Simeon
3704 5967 4110 6036 Memphi-asas.
