4466 6756
339 650 497 694 XXXIII

335 748 614 805 Orationes
668 764 798 804 vero
827 755 1009 802 contra
1054 741 1269 797 Jnilicos
1311 749 1514 794 certum
1561 743 1729 790 estex
1780 735 1906 802 ipsis

333 839 703 911 Chrysostonii
735 839 914 894 verbis
961 834 1172 889 habitas
1203 845 1322 884 esse
1371 841 1512 881 anno
1539 824 1775 880 secundo
1823 827 1907 878 vel

336 933 492 984 tertio
522 932 866 989 diaconatus;
897 939 1002 993 quo
1027 922 1187 976 etiam
1215 934 1356 973 anno
1377 918 1514 972 dicta
1538 925 1622 971 est
1650 914 1737 968 illa
1760 929 1908 984 egre-

331 1026 415 1092 g‘a
445 1023 496 1077 in
529 1023 781 1091 Baiivlam
801 1017 988 1071 oratio.
1012 1017 1184 1082 Atque
1205 1011 1313 1076 hic,
1336 1009 1579 1080 quamvis
1599 1017 1746 1064 extra
1773 1023 1905 1075 rem,

333 1114 587 1167 nonnulla
633 1127 698 1163 cx
731 1107 968 1160 historiis
997 1113 1228 1158 attexam
1269 1101 1338 1156 de
1378 1100 1593 1170 scriptis
1629 1100 1744 1170 ejus
1789 1107 1910 1169 post

333 1205 688 1259 diaconatum.
725 1199 1075 1267 Niei-pborus,
1105 1197 1194 1265 qui
1226 1209 1284 1249 se
1307 1194 1428 1250 inde
1457 1195 1523 1250 ab
1551 1193 1907 1250 adolescentia

332 1297 447 1364 ejus
473 1308 654 1346 amore
685 1290 952 1358 llgrasse,
986 1301 1144 1358 atque
1183 1288 1234 1342 in
1281 1288 1452 1353 illius,
1481 1285 1698 1356 perinde
1727 1299 1789 1339 ac
1817 1283 1908 1337 Dei

329 1385 494 1453 ipsius
513 1423 528 1446 ,
551 1381 770 1434 vocibus
795 1380 1121 1448 acquievisse
1151 1379 1368 1443 scribit,
1401 1393 1431 1432 a
1452 1377 1656 1431 Joanne
1685 1374 1906 1444 presby-

329 1489 446 1530 tero
472 1473 802 1541 conscriptas
827 1473 987 1526 tradit
1026 1472 1384 1542 expositiones
1424 1470 1476 1523 in
1506 1468 1821 1536 Evangelia,
1855 1466 1904 1518 in

331 1565 589 1626 Psalmos,
632 1563 700 1618 de
725 1563 945 1630 Statuis,
977 1563 1043 1616 de
1069 1563 1378 1630 Virginitate
1399 1560 1734 1626 (Anonymus
1763 1556 1908 1609 addit

326 1654 726 1720 Expositionem
768 1655 818 1706 in
868 1653 1111 1719 Isaiam);
1141 1651 1209 1702 ab
1249 1647 1440 1702 eodem
1487 1647 1759 1714 episcopo,
1796 1645 1904 1697 Ex—

325 1747 618 1815 positiones
645 1746 698 1799 in
717 1747 777 1799 B.
802 1745 1118 1814 Apostolmn
1145 1739 1231 1810 (de
1252 1755 1352 1808 qua
1373 1754 1428 1792 re
1447 1736 1652 1806 supra),
1678 1737 1730 1789 in
1753 1737 1902 1798 Acta,

321 1847 376 1890 et
404 1837 793 1906 Panegyricos:
823 1850 1048 1904 quorum
1096 1843 1270 1885 tamen
1323 1831 1458 1883 bona
1499 1842 1650 1898 pars,
1699 1837 1757 1881 ut
1797 1827 1905 1880 suis

324 1925 459 1979 locis
485 1926 837 1987 ostendimus,
866 1925 1064 1993 scripta
1103 1932 1184 1977 est
1211 1921 1537 1986 Antiochize;
1570 1929 1622 1974 et
1653 1934 1718 1972 ne
1749 1919 1905 1986 longe

321 2015 533 2076 abeam,
565 2016 654 2069 ille
682 2016 734 2068 in
766 2015 1034 2070 Meletium
1066 2023 1182 2084 post
1212 2027 1380 2068 annos
1411 2013 1642 2084 quinque
1672 2027 1700 2063 a
1733 2019 1906 2064 morte

323 2105 519 2159 Meletii
550 2105 760 2160 habitus
786 2115 898 2171 est,
930 2106 1031 2160 hoc
1058 2114 1168 2167 est,
1205 2104 1375 2174 primo
1400 2117 1539 2157 anno
1570 2101 1902 2170 presbytera-

322 2207 426 2249 tus.
455 2197 558 2251 Sed
591 2197 872 2252 redeamus
902 2197 967 2250 ad
988 2197 1297 2250 Socratem:
1327 2195 1478 2263 cujus
1508 2194 1633 2245 illud
1659 2193 1899 2245 ultimum

321 2301 426 2340 non
460 2287 656 2356 injuria
688 2286 1051 2355 reprehendas
1074 2327 1088 2350 ,
1118 2285 1258 2354 quod
1285 2283 1558 2352 expressis
1584 2282 1759 2335 verbis
1787 2282 1903 2335 sine

320 2377 421 2431 ulla
449 2379 781 2432 dubitatione
821 2377 1124 2431 incendium
1155 2375 1340 2443 templi
1363 2383 1417 2428 et
1449 2374 1613 2426 curiae
1641 2371 1904 2426 Joannitis

319 2470 421 2536 (sic
444 2471 584 2520 enim
609 2469 693 2534 qui
712 2469 934 2522 Joannis
956 2467 1124 2520 nostri
1153 2466 1378 2534 partium
1401 2472 1572 2528 erant,
1595 2460 1899 2531 audiebant)

319 2561 548 2612 tribuit:
584 2575 703 2612 cum
755 2560 914 2612 minis
956 2559 1215 2612 bonorum
1255 2555 1728 2624 adscriptiouibus,
1774 2553 1902 2607 diris

315 2649 643 2704 cruciatibus
681 2657 737 2704 ct
764 2649 1201 2718 exquisitissimis
1245 2647 1525 2701 tormentis
1553 2647 1605 2699 in
1639 2646 1800 2709 viros,
1850 2645 1900 2697 in

316 2743 542 2796 feminas
565 2743 805 2796 s;evitum
830 2751 974 2796 esset
997 2759 1010 2793 :
1041 2740 1176 2794 adeo
1198 2749 1256 2793 ut
1277 2739 1490 2808 quidam
1521 2736 1902 2807 quaestionibus

316 2836 762 2898 imtnorerentur,
793 2835 1012 2905 quidam
1044 2833 1200 2902 paulo
1233 2841 1354 2900 post
1383 2834 1716 2901 exspirarent
1751 2848 1763 2882 :
1803 2846 1897 2884 ne-

313 2942 421 2995 que
459 2937 636 2984 tamen
673 2926 838 2979 ullum
869 2925 986 2994 ejus
1014 2923 1268 2978 facinoris
1303 2930 1633 2992 compertum
1662 2921 1731 2976 sit
1760 2919 1898 2990 apud

313 3016 590 3071 Joannitas
618 3018 924 3087 vestigium.

393 3127 411 3158 ι
437 3108 577 3174 Jam,
605 3109 648 3161 si
677 3109 872 3176 placet,
897 3107 963 3160 ad
985 3106 1270 3176 Georgium
1301 3104 1716 3159 Alexandrinum
1744 3119 1898 3158 acce-

313 3202 543 3254 damus:
578 3201 662 3254 cui
691 3199 932 3263 Photius,
964 3198 1137 3267 magni
1161 3196 1343 3265 judicii
1373 3196 1473 3258 vir,
1514 3203 1568 3250 et
1611 3195 1901 3249 acerrimus

320 3302 561 3344 veterum
593 3289 1150 3357 scriptormnccnsor,
1206 3287 1311 3339 duo
1365 3285 1605 3354 impingit
1655 3285 1896 3351 crimina,

316 3381 624 3436 llellenisnii
675 3395 778 3433 non
825 3379 1124 3442 observati,
1169 3387 1222 3431 et
1259 3377 1572 3446 ignorantia:
1617 3376 1899 3433 factorum.

325 3476 398 3528 lle
425 3474 586 3543 priori
619 3473 782 3525 multa
812 3472 1115 3525 monuimus
1136 3471 1331 3538 passim
1361 3469 1413 3522 in
1437 3467 1606 3532 Notis,
1640 3477 1692 3522 et
1714 3483 1798 3523 res
1819 3479 1902 3524 est

317 3567 487 3620 cuivis
542 3565 694 3618 obvia
728 3583 740 3617 :
770 3565 838 3618 de
888 3561 1190 3631 posteriori,
1239 3577 1399 3630 quam
1456 3561 1688 3615 bistorim
1736 3561 1904 3616 Geor-

316 3659 487 3727 giana:
515 3664 718 3726 partem
745 3665 930 3710 notare
962 3655 1208 3721 voluerit,
1240 3670 1359 3708 cum
1390 3654 1517 3708 nihil
1567 3654 1765 3708 diserte
1807 3670 1902 3709 ex-

318 3750 598 3817 primatur,
625 3747 844 3800 dil'licile
872 3756 952 3800 est
981 3754 1232 3798 statuere.
1264 3742 1369 3798 N05
1397 3752 1574 3797 tamen
1605 3759 1671 3797 ne
1702 3744 1801 3796 hac
1848 3745 1899 3797 in

316 3848 469 3908 parte
510 3837 762 3891 studiosis
806 3835 1093 3889 lectoribus
1121 3835 1351 3888 defuisse
1382 3833 1675 3898 videamur,
1715 3833 1898 3901 conje-

317 3938 496 3982 cturas
518 3936 729 3980 nostras
749 3926 1073 3978 adducemus
1101 3925 1151 3977 in
1186 3923 1440 3988 medium,
1470 3923 1786 3988 rationibus,
1843 3933 1903 3978 ut

317 4029 469 4089 puto,
500 4033 607 4071 non
635 4017 950 4087 spernendis
976 4015 1236 4070 firmatas.
1261 4019 1338 4070 Ac
1369 4015 1562 4084 primo,
1610 4015 1902 4084 scriptores

319 4126 496 4165 rut-run
543 4109 908 4180 Chrysostomi
964 4113 1015 4162 in
1073 4108 1204 4162 duas
1257 4108 1518 4162 distrihuo
1571 4109 1790 4162 classes.
1846 4107 1900 4162 ln

321 4203 498 4270 priore
525 4212 732 4254 veteres
761 4215 920 4268 pono,
952 4199 1240 4252 Palladium
1265 4199 1681 4262 Theodorctum,
1709 4200 1902 4253 δοριξ]-

320 4302 427 4345 tem
456 4298 510 4343 et
538 4289 916 4354 Sozomenum,
943 4289 1030 4359 qui
1062 4297 1153 4342 aut
1178 4288 1396 4342 Jo:mnis
1450 4305 1584 4354 a:vo,
1639 4299 1731 4342 aut
1780 4305 1900 4356 pro-

319 4382 465 4435 ximo
495 4389 615 4448 post
635 4379 981 4449 scripserunt,
1010 4389 1112 4434 etc
1154 4377 1382 4432 diversis
1432 4378 1662 4432 fontibus
1715 4380 1904 4432 hause-

319 4481 465 4528 runt.
497 4471 680 4540 Neque
701 4472 844 4524 enim
875 4470 1148 4540 probabile
1198 4478 1299 4534 est,
1352 4483 1534 4522 eorum
1584 4483 1902 4537 quemquam

323 4562 543 4618 alterius
565 4561 840 4615 historiam
869 4561 1084 4615 vidisse.
1138 4560 1232 4616 llis
1280 4574 1538 4613 accenseo
1572 4559 1902 4628 antiquitatis

322 4656 489 4726 gratia
525 4664 756 4719 nostros,
791 4656 1108 4722 Prosperum
1139 4653 1534 4723 Aquitanicum,
1563 4661 1618 4706 et
1644 4652 1904 4706 Marcelli-

325 4759 450 4799 num
482 4742 743 4797 Comitem
774 4761 786 4795 :
821 4744 872 4796 in
903 4744 1067 4798 altera
1099 4745 1250 4798 lance
1282 4744 1497 4797 unicum
1547 4758 1688 4812 pono
1733 4743 1904 4798 Geor-

322 4837 489 4907 gium.
522 4833 654 4888 Nam
685 4849 847 4904 quum
874 4850 939 4889 ex
967 4835 1136 4903 ipsius
1158 4850 1250 4889 ore
1279 4835 1564 4902 loquantur
1582 4837 1767 4890 caeteri
1792 4851 1907 4890 om-

323 4944 441 4982 nes.
474 4927 583 4982 Leo
610 4927 923 4998 Imperator,
957 4928 1292 4997 Anonymus,
1315 4926 1717 4995 Metaphrastes,
1742 4928 1908 4982 Zona-

331 5035 442 5085 ras,
469 5019 686 5090 Glycas,
715 5019 1070 5088 Nicephorns,
1097 5018 1394 5084 Cedrenus,
1429 5017 1538 5083 alii,
1567 5020 1782 5073 nonnisi
1809 5036 1906 5089 pro

325 5130 438 5169 uno
457 5123 598 5168 teste
619 5113 932 5168 numerandi
956 5122 1099 5166 sunt.
1125 5112 1181 5167 ln
1227 5112 1418 5182 quibus
1462 5111 1620 5180 igitur
1647 5111 1907 5182 Georgius

325 5224 352 5258 a
386 5204 656 5259 veteribus
685 5202 931 5268 discedit,
960 5213 1050 5257 aut
1074 5204 1343 5256 veteribus
1366 5217 1498 5256 nova
1515 5201 1582 5256 de
1601 5217 1698 5256 suo
1716 5204 1904 5271 assuit,

325 5313 388 5352 ea
417 5297 530 5352 fere
559 5296 735 5348 omnia
768 5296 850 5350 vel
879 5296 930 5347 in
962 5295 1108 5348 falsis
1136 5296 1398 5364 relinquo,
1432 5295 1512 5349 vel
1541 5295 1590 5348 in
1622 5297 1903 5363 suspectis.

403 5408 423 5439 ι
472 5390 550 5441 Ac
573 5388 796 5455 primum
848 5385 946 5437 hac
975 5399 1134 5454 scopa
1187 5385 1315 5437 mihi
1370 5386 1640 5456 purganda
1691 5388 1908 5444 veniunt

329 5480 584 5533 miracula
613 5479 698 5531 illa
727 5477 1085 5540 sanationum,
1117 5477 1380 5530 visionum
1407 5488 1464 5533 et
1483 5480 1679 5546 omnia,
1707 5479 1774 5536 de
1793 5484 1908 5551 qui-

334 5571 430 5625 bus
454 5574 594 5642 apud
621 5583 832 5627 veteres
859 5569 1184 5623 obstinatum
1212 5570 1506 5635 silentium,
1564 5588 1683 5627 cum
1737 5574 1907 5629 Geor-

333 5663 448 5729 gius
475 5665 538 5719 iis
564 5663 1044 5720 commemorandis
1089 5677 1187 5715 nec
1215 5661 1429 5715 modum
1456 5665 1614 5720 faciat
1647 5683 1819 5735 neque
1850 5668 1909 5721 fi-

333 5767 475 5808 nem.
509 5754 667 5811 Certe
693 5758 743 5811 in
773 5757 873 5809 hoc
897 5763 1115 5824 pereant
1149 5768 1251 5804 non
1276 5750 1536 5818 Georgius
1559 5763 1783 5824 tantum,
1815 5758 1906 5812 sed

335 5858 388 5903 et
418 5843 507 5898 alii
528 5844 810 5917 Georgium
827 5851 995 5903 secuti
1025 5867 1038 5901 :
1070 5864 1100 5916 q
1128 5863 1156 5895 .i
1181 5860 1299 5897 cum
1329 5843 1521 5896 nudam
1547 5855 1598 5900 et
1620 5850 1907 5904 solitariam

331 5941 612 5997 veritatem
640 5953 743 5993 nou
791 5949 1040 6007 putarent
1081 5939 1209 5990 satis
1237 5950 1358 5990 esse
1406 5936 1758 6005 magnificam,
1819 5952 1908 5995 aut

327 6029 462 6086 illud
491 6026 814 6095 Thucydidis
838 6040 1172 6092 vererentur,
1223 6045 1288 6082 ne
1318 6045 1416 6082 non
1459 6027 1690 6096 fabulosa
1740 6033 1904 6085 minus

651 6114 925 6182 Puncta
975 6125 1092 6186 Gn.
1138 6129 1388 6192 XLVII.

1240 627 1326 679 Dl-l
1367 620 1853 682 SCRIPTORIBUS
1889 618 2130 676 RERUM
2159 617 2648 676 CHRYSOSTOMI.

3432 639 3587 682 .‘.“J'

2015 741 2159 802 grato
2179 732 2482 797 viderentur,
2515 736 2828 786 immensam
2874 744 3258 803 congesserunt
3306 738 3589 793 miraculo-

2015 837 2131 875 rum
2170 823 2273 873 vim
2297 839 2311 886 ;
2336 833 2388 877 et
2413 838 2518 892 quo
2545 823 2806 893 fingendis
2832 825 3101 879 miraculis
3121 826 3268 881 locus
3296 838 3437 882 esset
3457 829 3591 884 libe-

2015 913 2143 975 rior,
2175 912 2339 980 ipsam
2372 913 2605 968 historiae
2627 922 2982 969 contestatam
3010 917 3287 972 veritatem
3322 934 3421 973 nec
3471 937 3592 976 raro

2015 1020 2112 1058 nec
2136 1003 2323 1058 leviter
2345 1006 2710 1062 immutarunt.
2733 1007 2966 1062 Proinde
2996 1023 3113 1077 qua:
3139 1009 3278 1076 apud
3304 1012 3592 1080 Georgium

2015 1103 2138 1150 sunt
2169 1095 2236 1149 de
2266 1097 2572 1162 Anthemio,
2627 1099 2693 1154 de
2719 1099 2968 1172 Hesychii
3015 1100 3252 1166 visione,
3308 1102 3372 1156 de
3429 1103 3591 1158 nobili

2014 1185 2369 1250 Autiocheno,
2397 1188 2462 1241 de
2487 1187 2816 1242 hemicranio
2869 1191 3162 1256 laborante,
3209 1190 3276 1244 de
3323 1192 3592 1248 Archelao

2015 1277 2227 1346 lcproso
2256 1317 2272 1341 ,
2317 1276 2614 1332 Christiana
2661 1280 2806 1348 ﬂuxu
2839 1283 3096 1350 sanguinis
3142 1281 3430 1348 laborante,
3489 1283 3591 1336 liu-

2013 1369 2132 1422 eleo
2154 1368 2612 1438 monOphthalmo,
2646 1370 2803 1425 leone
2821 1380 3106 1440 prostrato,
3130 1373 3198 1428 de
3213 1375 3327 1428 alha
3347 1374 3591 1430 columba

2012 1461 2170 1529 capiti
2199 1459 2440 1525 Joannis,
2470 1477 2590 1516 cum
2620 1463 2897 1532 presbyter
2918 1462 3277 1529 ordinaretur,
3302 1464 3586 1533 insidente,

2011 1551 2076 1604 de
2101 1551 2297 1606 Euclire
2327 1551 2458 1616 lilio,
2490 1552 2555 1606 de
2583 1568 2750 1607 uxore
2775 1554 3013 1622 prarfecti
3045 1554 3360 1619 Antiochiae,
3391 1555 3458 1609 de
3482 1556 3588 1610 dae-

2014 1642 2258 1695 moniaeo
2290 1643 2516 1696 liberato
2545 1643 2632 1698 die
2658 1647 3076 1699 consecrationis
3099 1688 3112 1710 ,
3154 1647 3222 1701 de
3273 1648 3464 1716 angelo
3510 1645 3587 1700 di.

2013 1735 2198 1784 stricto
2223 1731 2398 1799 gladio
2424 1732 2742 1801 prohibente
2766 1736 3105 1789 centuriones
3121 1747 3174 1789 et
3195 1737 3389 1791 milites
3409 1738 3588 1790 Eudo-

2014 1823 2114 1874 xi.e
2145 1823 2212 1876 ab
2233 1824 2472 1892 ingressu
2497 1825 2676 1894 palatii
2707 1825 3025 1895 episcopalis
3051 1868 3064 1892 ,
3096 1828 3165 1882 de
3189 1843 3253 1881 eo
3281 1830 3363 1882 cui
3404 1845 3589 1882 mantis

2014 1912 2273 1966 tniraculo
2313 1923 2366 1968 et
2387 1914 2616 1970 arefacta
2646 1925 2699 1970 et
2719 1925 2901 1971 sanata
2944 1927 3044 1984 est,
3098 1918 3165 1972 de
3195 1919 3483 1989 paralytico
3535 1920 3586 1972 in

2012 2006 2267 2056 Armenia
2296 2005 2508 2058 sanitati
2533 2008 2801 2074 restituto,
2836 2009 2902 2062 de
2935 2008 3178 2077 Adelphii
3208 2009 3429 2072 visione,
3461 2019 3515 2063 et
3541 2010 3587 2064 si

2009 2111 2127 2162 qu:c
2150 2094 2252 2146 alia
2276 2094 2515 2162 ejusdem
2537 2099 2781 2166 generis;
2811 2114 2930 2152 eum
2965 2111 3202 2154 veterum
3235 2101 3445 2154 illorum
3475 2118 3584 2155 uno

2008 2185 2172 2236 verbo
2195 2186 2456 2251 omnium,
2491 2195 2545 2241 et
2572 2202 2636 2241 ex
2662 2189 3068 2253 recentioribus,
3101 2190 3430 2256 Damasceni,
3484 2193 3588 2244 Ζυ-

2009 2292 2171 2342 narm,
2199 2277 2512 2347 Nicephori,
2540 2279 2790 2346 Cedreni,
2845 2282 3158 2336 auctoritate
3214 2283 3586 2345 destituantur.

2012 2371 2062 2423 in
2115 2373 2315 2425 incertis
2353 2373 2618 2441 relinquo.
2663 2372 2731 2426 Et
2773 2373 2986 2442 quidem
3014 2375 3264 2444 pleraque
3292 2392 3495 2440 eorum,
3543 2377 3587 2429 si

2009 2462 2129 2531 quis
2173 2465 2391 2533 prepius
2440 2465 2806 2532 introspiciat,
2843 2466 2978 2518 mam
3008 2465 3326 2520 (t‘mttltttione
3363 2467 3588 2536 quadam

2008 2552 2076 2606 ad
2095 2554 2495 2608 similitudinem
2528 2556 2904 2609 miraculorum
2945 2557 2996 2609 in
3029 2556 3084 2609 Β.
3113 2557 3389 2624 Scriptura
3424 2562 3590 2612 conli-

2007 2655 2090 2696 cta
2131 2644 2429 2698 videantur.
2461 2645 2650 2700 Totum
2677 2645 2800 2699 illud
2849 2647 3030 2699 drama
3065 2648 3332 2701 Anthemii
3363 2649 3586 2719 philoso-

2007 2735 2118 2804 phi,
2144 2736 2518 2791 Demosthenis
2547 2737 2808 2806 pricfeeti,
2827 2749 2881 2791 et
2903 2738 3124 2792 Joannis
3150 2739 3322 2793 doctis
3347 2742 3592 2808 judican-

2009 2826 2133 2878 dum
2163 2828 2431 2895 permitto,
2465 2843 2640 2882 annon
2673 2827 2739 2881 ad
2766 2829 3068 2896 exemplum
3125 2829 3268 2884 illius
3320 2830 3370 2883 in
3422 2833 3587 2885 sacris

2008 2915 2177 2970 literis
2206 2918 2273 2972 de
2306 2917 2515 2988 Elyma,
2543 2919 2728 2986 Sergio
2770 2919 2933 2972 Paulo
2983 2928 3035 2973 et
3082 2921 3140 2973 Β.
3191 2921 3470 2990 Apostolo,
3523 2923 3590 2978 ab

2005 3008 2182 3060 otioso
2211 3009 2436 3062 cerebro
2467 3023 2779 3077 expressum
2811 3009 3078 3064 videatur.
3115 3009 3256 3064 Ideni
3288 3011 3355 3066 de
3384 3013 3589 3066 Arche-

2006 3097 2091 3150 lao
2119 3097 2184 3150 ad
2211 3099 2495 3166 imaginem
2524 3098 2760 3152 Naaman
2783 3099 2922 3169 Syri,
2971 3100 3038 3154 de
3065 3102 3396 3157 Antiocltcno
3423 3103 3590 3158 hemi-

2005 3190 2189 3245 cranio
2213 3191 2511 3258 laborante,
2555 3201 2608 3246 ct
2631 3191 2929 3246 Christiana
2959 3194 3105 3264 [luxu
3142 3195 3402 3264 sanguinis
3447 3195 3585 3248 labo-

2005 3293 2148 3337 rante
2167 3283 2230 3337 ad
2256 3284 2530 3338 mulierem
2561 3285 2704 3354 ﬂuxu
2729 3285 2991 3355 sanguinis
3018 3285 3327 3340 laborantem
3349 3287 3400 3340 in
3429 3304 3592 3342 evan-

2004 3375 2174 3443 gelio,
2234 3373 2302 3428 de
2356 3375 2684 3430 dtemoniaco
2738 3375 2805 3429 ad
2863 3375 3252 3430 daemoniacum
3310 3378 3589 3434 liberatum

2007 3465 2168 3518 Marci
2192 3481 2369 3529 nono;
2399 3476 2454 3519 et
2475 3465 2616 3535 quod
2646 3467 2762 3519 sine
2785 3466 3151 3536 indignatione
3180 3483 3286 3521 non
3333 3469 3474 3539 lego,
3525 3471 3592 3526 de

2007 3555 2253 3608 columba
2299 3555 2564 3610 insidente
2594 3557 2752 3625 capiti
2781 3557 3000 3611 Joannis
3025 3557 3077 3611 in
3105 3558 3469 3625 ordinatione,
3522 3563 3588 3616 ad

2008 3647 2294 3716 imaginem
2325 3650 2578 3720 unigeniti
2609 3651 2727 3704 Filii
2771 3652 2863 3706 Dei
2896 3653 2947 3706 in
2996 3653 3280 3722 baptismo.
3334 3655 3464 3709 Nam
3516 3657 3590 3710 illi

2007 3737 2177 3791 Procli
2206 3740 2414 3801 visioni,
2447 3756 2565 3808 qua:
2596 3740 2658 3794 D.
2692 3741 2912 3795 Paulum
2943 3742 3133 3797 Joanni
3175 3745 3283 3813 jam
3336 3748 3591 3817 episcopo

2006 3829 2393 3896 expositionem
2423 3832 2474 3885 in
2503 3832 2754 3902 epistolas
2783 3835 2950 3902 ipsius
2973 3835 3250 3891 meditanti
3303 3855 3396 3906 per
3446 3841 3592 3894 fora-

2008 3936 2130 3976 men
2160 3923 2290 3976 vidit
2332 3923 2384 3977 in
2411 3939 2594 3979 aurem
2621 3925 2907 3981 dictantetn
2936 3943 3054 3996 qua:
3103 3929 3378 3994 scriberet,
3434 3932 3592 3988 fidem

2011 4012 2230 4085 derogat
2260 4035 2272 4070 :
2302 4017 2442 4085 quod
2475 4017 2726 4087 pleraque
2750 4018 2864 4087 ejus
2893 4028 2947 4074 et
2969 4019 3253 4074 lectissima
3286 4022 3337 4076 in
3363 4025 3596 4091 Aposto-

2009 4105 2116 4160 lum
2146 4107 2196 4160 in
2220 4109 2327 4161 otio
2357 4109 2448 4162 illo
2472 4108 2802 4162 Antiocheno
2832 4111 3025 4179 scripta
3053 4108 3214 4164 fuisse
3235 4122 3464 4180 constet,
3494 4113 3591 4168 de-

2015 4198 2206 4251 teriora
2245 4209 2296 4252 et
2323 4199 2498 4266 inﬁmo
2549 4201 2656 4253 loco
2685 4199 2915 4253 habenda
2963 4200 3444 4272 Constantinopoli,
3501 4205 3591 4258 vix

2009 4288 2410 4358 Chrysostomo,
2444 4289 2638 4344 nedum
2665 4289 2844 4344 divino
2873 4290 2929 4346 S.
2964 4291 3114 4346 Pauli
3167 4293 3368 4362 Spiritu
3417 4296 3594 4365 digna.

2009 4375 2066 4430 In
2140 4379 2483 4434 translatione
2540 4381 2882 4451 reliquiarum
2929 4382 3150 4438 Joannis
3215 4385 3596 4460 Imperatorem

2010 4467 2366 4523 Theodosium
2417 4473 2603 4524 oculos
2646 4487 2709 4525 ac
2756 4471 2986 4528 frontem
3036 4476 3380 4545 reliquiarum
3449 4493 3597 4532 urnas

2009 4561 2328 4625 allricuisse,
2354 4563 2513 4618 fidem
2539 4563 2664 4617 facit
2680 4565 3074 4633 Theodoretus,
3097 4569 3246 4622 testis
3262 4569 3364 4636 ﬁde
3389 4571 3596 4639 dignus;

2011 4654 2104 4708 sed
2129 4653 2198 4708 de
2219 4655 2419 4708 homine
2445 4657 2690 4724 serpentis
2712 4657 2859 4709 dente
2879 4657 2997 4710 laeso
3023 4667 3078 4712 et
3107 4659 3356 4729 podalgo,
3375 4661 3596 4715 eodem-

2012 4758 2112 4812 que
2131 4745 2388 4816 chiralgo,
2415 4746 2468 4800 iu
2511 4747 2791 4815 praesentia
2818 4749 3052 4801 omnium
3086 4749 3158 4802 ibi
3189 4751 3405 4815 sanatis,
3439 4766 3596 4805 assu-

2012 4847 2251 4891 mentum
2273 4847 2354 4891 est
2380 4836 2614 4907 Georgii,
2641 4853 2710 4892 ne
2734 4837 2939 4891 Cosma:
2966 4839 3180 4907 quidem
3205 4840 3474 4909 Vestitori,
3500 4843 3592 4896 ho‘

2012 4930 2139 4983 mini
2162 4932 2396 4983 ominum
2425 4932 2640 4983 mazime
2686 4931 3030 4998 superstitioso
3063 4943 3436 4988 memoratum.
3484 4936 3589 4992 Sed

2013 5023 2077 5074 ad
2124 5023 2295 5088 priora
2319 5032 2574 5074 revertor.
2601 5020 2858 5075 Joannem
2883 5022 3110 5090 primum
3141 5038 3170 5076 a
3199 5024 3596 5096 Meletiobapti-

2014 5123 2184 5164 zatum
2217 5111 2392 5175 tradit,
2425 5120 2479 5164 et
2505 5111 2700 5166 deinde
2729 5121 2974 5182 parentes
2997 5114 3181 5182 ipsius,
3211 5130 3329 5169 cum
3359 5117 3594 5172 Joannes

2020 5205 2152 5272 ipse,
2169 5212 2296 5255 utex
2317 5202 2550 5257 Palladio
2562 5212 2790 5267 constat,
2807 5219 2911 5258 non
2925 5214 3046 5258 ante
3058 5220 3253 5259 annum
3268 5208 3439 5261 astatis
3452 5206 3572 5264 vice
3593 5246 3596 5248 η

2014 5299 2204 5350 simum
2235 5295 2529 5362 baptizatus
2555 5295 2735 5362 fuerit,
2764 5306 2916 5364 prout
2944 5311 3058 5351 mos
3086 5297 3288 5352 ferebat
3308 5299 3445 5353 illius
3466 5310 3595 5354 asta—

2016 5387 2100 5452 tis,
2133 5388 2424 5454 prtcsertini
2452 5387 2505 5440 in
2528 5388 2626 5440 illis
2655 5389 2742 5455 qui
2769 5403 2874 5440 non
2901 5396 3082 5442 essent
3122 5389 3433 5443 Christianis
3477 5391 3587 5444 nati

2015 5478 2341 5547 parentibus,
2361 5489 2570 5533 mortuo
2587 5488 2707 5532 ante
2731 5481 2946 5536 totidem
2966 5497 3132 5535 annos
3153 5490 3300 5548 patre
3319 5482 3588 5551 Secundo,

2014 5569 2150 5621 sicut
2178 5582 2334 5635 supra
2365 5579 2634 5624 ostensum
2659 5580 2757 5624 est.
2803 5571 2967 5625 Matre
3004 5572 3212 5641 quidem
3243 5571 3405 5627 fuisse
3431 5574 3586 5629 Chri-

2013 5660 2201 5724 stiana,
2220 5661 2404 5715 saltem
2429 5663 2540 5730 ipso
2567 5677 2760 5714 annum
2788 5675 2975 5730 agente
2997 5664 3324 5722 vicesimum,
3346 5680 3410 5718 cx
3430 5665 3592 5730 ipsius

2013 5751 2377 5818 ChrysOstotui
2411 5757 2582 5807 verbis
2617 5765 2838 5820 apparet
2878 5757 2927 5808 itt
2967 5754 3216 5808 Oratione
3267 5758 3330 5808 ad
3367 5757 3583 5811 Viduam

2010 5844 2296 5912 jlillitll'Cln.
2329 5849 2399 5902 De
2427 5860 2574 5916 patre
2607 5850 2733 5900 nihil
2765 5861 2961 5902 temere
2992 5852 3399 5912 aliirtnaveriut;
3431 5862 3518 5904 attt
3545 5852 3589 5903 si

2016 5937 2172 5989 ambo
2198 5938 2389 5991 fuerint
2412 5940 2694 5993 Christiani
2716 5942 2780 5992 ab
2805 5943 2971 6002 initio,
3001 5944 3142 6011 quod
3165 5946 3386 5998 tortasse
3415 5947 3594 6002 \‘crius

2017 6044 2120 6098 eSt,
2151 6031 2313 6086 lilium
2335 6049 2496 6102 usque
2515 6034 2578 6086 ad
2602 6049 2717 6088 eam
2736 6043 2944 6090 aetatem
2958 6035 3277 6106 baptismum
3294 6036 3596 6104 distulisse,

3189 6129 3228 6168 ς)

3191 6168 3232 6190 οΔ
