4466 6734
815 608 955 649 την

816 724 923 762 non
957 709 1059 761 erit
1085 708 1131 760 ei
1164 711 1375 769 mirum,
1404 707 1492 773 qui
1517 703 1855 765 Nazianzeni,
1898 711 2121 771 utroque
2174 714 2387 772 parente

817 800 1116 857 Christiano
1140 798 1268 858 nati,
1294 804 1441 865 patre
1467 796 1623 849 etiam
1655 794 1923 863 episcopo,
1948 791 2123 846 Vitam
2153 796 2389 862 periege-

816 895 906 949 rit.
935 890 1181 946 Proximo
1210 888 1325 943 loco
1353 886 1827 957 peregrinationem
1857 883 2000 938 illam
2027 886 2253 940 Atticam
2276 895 2388 938 stu-

816 984 1020 1039 diorum
1046 994 1172 1050 ergo
1199 995 1359 1049 pono.
1394 979 1557 1046 Hujus
1580 975 2018 1045 peregrinationis
2038 976 2236 1029 mentio
2253 972 2391 1042 apud

814 1083 1042 1136 veteres,
1070 1071 1384 1134 Palladium,
1407 1068 1699 1133 Socratem,
1722 1065 1883 1128 nulla,
1909 1081 1973 1118 ne
1997 1067 2158 1119 ullum
2180 1064 2389 1134 quidem

815 1165 1117 1232 vestigium,
1150 1164 1238 1233 qui
1272 1171 1443 1214 tamen
1473 1158 1684 1212 curiose
1706 1158 1833 1211 satis
1862 1155 2034 1210 studia
2075 1157 2189 1224 ejus
2234 1154 2389 1223 juve-

816 1258 942 1311 nilia
966 1256 1135 1309 literis
1169 1252 1507 1307 mandarunt.

892 1367 912 1398 ‹
956 1343 1203 1400 Secundo
1225 1344 1426 1397 nultum
1450 1340 1659 1409 reperio
1681 1350 1885 1407 tempus
1904 1354 2121 1392 vacuum
2153 1340 2202 1391 in
2229 1349 2385 1389 anno-

815 1452 932 1492 rum
970 1434 1333 1505 Chrysostomi
1361 1430 1775 1499 computatione,
1804 1428 1940 1496 quod
1987 1427 2109 1479 huic
2155 1425 2389 1494 peregri-

815 1525 1017 1580 nationi
1042 1522 1238 1593 pOSsim
1266 1521 1553 1575 destinare.
1585 1517 1766 1570 Tertio
1795 1526 2015 1569 matrem
2045 1515 2391 1584 indulgentis-

816 1620 1028 1684 simam,
1061 1631 1177 1685 qua:
1206 1613 1312 1683 pati
1343 1628 1446 1666 nou
1477 1610 1666 1680 potuit,
1700 1619 1757 1663 ut
1795 1609 1845 1663 in
1873 1609 2074 1663 vicinos
2094 1607 2391 1662 Antiochiae

815 1718 1023 1763 montes
1066 1704 1363 1765 secederet,
1414 1702 1534 1755 dico
1585 1700 1803 1754 minime
1853 1714 2264 1769 perpessuram,
2321 1711 2382 1756 ut

814 1798 1075 1861 Athenas,
1110 1804 1255 1848 tanto
1296 1794 1530 1846 locorum
1567 1791 1738 1859 spatio
1762 1798 1901 1842 terra
1928 1789 2167 1857 marique
2194 1787 2387 1855 disjuu-

813 1898 949 1952 clas,
968 1887 1243 1956 migraret,
1278 1880 1571 1952 priescrtim
1596 1893 1715 1932 cum
1738 1879 1896 1931 vitam
1928 1878 2273 1931 monasticam
2300 1891 2366 1929 aa

817 1979 1030 2049 spientis
1053 1977 1255 2030 crimen
1282 1971 1562 2041 apostasia:
1593 1984 1699 2023 non
1727 1967 1886 2022 fuerit
1911 1967 2013 2020 illis
2043 1967 2389 2037 temporibus,

762 2127 775 2141 j
815 2070 1028 2122 deserto
1052 2063 1396 2126 monasterio,
1423 2060 1475 2113 in
1508 2060 1692 2114 urbem
1716 2059 1911 2124 redire,
1945 2056 2084 2127 quod
2110 2057 2221 2123 ipse
2252 2056 2390 2107 ultro

813 2159 940 2215 fecit
962 2157 1396 2225 Chrysostomus,
1431 2150 1695 2204 ulterioris
1722 2148 1862 2200 illius
1888 2145 2187 2199 solitudinis
2212 2143 2280 2195 ob
2308 2143 2386 2193 in-

812 2248 1166 2303 valetudinem
1194 2251 1466 2312 pcrtmsus.
1514 2240 1685 2307 Atque
1714 2246 1771 2290 ut
1794 2235 1964 2289 dicam
2000 2233 2141 2304 quod
2193 2234 2385 2294 sentio,

811 2349 982 2396 totum
1006 2340 1107 2392 hoc
1130 2337 1197 2391 ad
1223 2335 1526 2404 exemplum
1549 2330 1732 2386 Basilii
1756 2330 1927 2400 Magni
1965 2341 2020 2383 et
2045 2328 2257 2396 Georgii
2292 2326 2391 2379 .\‘a-

813 2430 1051 2486 ziauzeui
1103 2428 1389 2482 confictum
1436 2424 1709 2487 arbitror;
1755 2436 1887 2491 quos
1937 2420 2122 2473 ambos
2172 2418 2393 2470 Athenis

813 2520 1084 2575 studuisse
1111 2526 1294 2570 notum
1327 2523 1441 2578 est;
1472 2529 1538 2568 ne
1569 2512 1768 2566 scilicet
1798 2510 2030 2564 Joannes
2057 2518 2237 2561 noster
2266 2507 2389 2559 t‘clt-

816 2612 937 2682 quis
966 2608 1216 2665 Ecclesia:
1259 2604 1544 2660 Orientalis
1596 2602 1799 2671 magnis
1848 2599 2132 2652 luminibus
2176 2595 2392 2650 inferior

817 2701 1107 2756 videretur.
1137 2697 1420 2766 Georgius,
1446 2708 1562 2764 cap.
1589 2692 1677 2759 lii,
1704 2691 1963 2746 Joannem
1995 2705 2026 2743 e
2066 2688 2393 2742 monasterio

817 2802 938 2865 post
966 2790 1280 2847 triennalem
1313 2788 1461 2841 illam
1483 2785 1841 2841 secessionem
1865 2797 1893 2834 a
1919 2780 2173 2834 Flaviano
2204 2793 2393 2847 magna

820 2901 1012 2956 pompa
1076 2895 1368 2951 arreptum,
1421 2878 1791 2949 presbyterum
1836 2874 2136 2929 ordinatum
2191 2871 2392 2925 scribit.

821 2980 1003 3034 Primo
1032 2976 1119 3030 illa
1153 2974 1425 3029 tricnnalis
1455 2971 1688 3027 secessio
1714 2969 1913 3023 nullum
1941 2968 1991 3020 in
2018 2970 2121 3020 vita
2158 2965 2397 3036 Chryso-

821 3072 981 3127 stomi
1000 3070 1176 3124 locum
1208 3068 1389 3132 habet,
1418 3074 1529 3119 tum
1558 3063 1626 3117 ob
1648 3078 1730 3127 ea,
1757 3076 1875 3132 qua:
1899 3075 2054 3128 supra
2077 3057 2396 3112 monstravi.

821 3176 964 3225 nius,
998 3169 1105 3214 tum
1130 3155 1271 3228 quod
1299 3156 1363 3210 iis
1388 3154 1514 3224 ipsis
1541 3152 1694 3206 annis
1719 3159 1927 3206 constet
1953 3149 2391 3220 Chrysostonium

823 3254 877 3308 in
910 3249 1135 3305 ecclesia
1158 3246 1425 3300 orationes
1458 3243 1704 3297 habuisse
1726 3257 1836 3305 eas,
1867 3257 1984 3311 qua:
2012 3248 2221 3293 exstant
2263 3251 2393 3289 eon-

819 3354 898 3397 tra
928 3339 1160 3400 Judieos,
1189 3344 1243 3391 et
1269 3336 1320 3389 in
1348 3334 1597 3404 Babylam
1623 3342 1928 3403 martyrem,
1964 3339 2193 3399 utsupra
2215 3325 2396 3380 videre

821 3433 967 3487 licet.
1017 3427 1240 3491 Deinde,
1290 3432 1517 3495 quantos
1565 3423 1809 3491 plausus,
1861 3429 2086 3490 quantos
2135 3418 2397 3471 clamores

820 3524 990 3579 cieret
1015 3536 1077 3576 os
1098 3518 1224 3574 illud
1253 3531 1492 3580 aureum,
1516 3515 1557 3568 si
1583 3529 1645 3568 ex
1679 3512 2004 3566 monasterio
2029 3518 2174 3564 tanto
2203 3508 2397 3578 petitus

820 3615 1038 3679 ambitu,
1073 3620 1218 3665 tauto
1243 3608 1399 3663 datus
1420 3606 1577 3671 foret,
1625 3616 1678 3659 et
1706 3621 1808 3658 non
1841 3620 1906 3657 ex
1928 3602 2105 3656 medio
2142 3601 2397 3655 diacono-

822 3722 939 3759 rum
965 3718 1121 3774 grege
1147 3701 1331 3754 adhoc
1349 3697 1697 3751 ministerium
1726 3695 2007 3763 sumptus?
2037 3693 2186 3760 Quod
2212 3708 2396 3745 verum

822 3809 943 3849 esse
970 3806 1174 3847 mecum
1198 3789 1468 3854 fatebitur,
1512 3786 1749 3856 quisquis
1793 3799 1912 3838 cum
1958 3783 2161 3853 judicio
2216 3782 2401 3850 legerit

824 3886 1121 3940 orationem
1168 3881 1337 3944 illam,
1371 3878 1511 3931 Num
1554 3892 1669 3929 rera
1708 3884 1852 3940 sunt,
1885 3883 1923 3927 t.
1948 3874 1999 3940 1,
2030 3889 2083 3942 p.
2108 3873 2229 3927 695.
2284 3870 2398 3924 Jaui

830 3975 975 4046 quod
1005 3973 1188 4028 scribit
1211 3969 1471 4038 Georgius
1495 3982 1611 4036 cap.
1641 3966 1729 4032 52,
1759 3981 1862 4019 non
1893 3980 1985 4018 sex
2014 3964 2206 4027 solum,
2239 3962 2331 4015 sed
2350 3971 2404 4014 et

827 4068 966 4122 alios
997 4080 1089 4121 sex
1117 4062 1431 4133 depasitosa
1450 4059 1656 4114 Joanne
1680 4059 1730 4111 in
1762 4056 1886 4110 Asia
1913 4055 2212 4124 episcopos,
2242 4053 2404 4107 Palla-

830 4159 949 4213 dius
969 4166 1151 4225 aperte
1172 4161 1350 4221 negat,
1376 4163 1430 4206 et
1458 4168 1485 4204 a
1515 4163 1737 4203 numero
1764 4147 1830 4202 16
1859 4147 1942 4200 vel
1973 4146 2059 4209 l7,
2116 4143 2256 4215 quod
2307 4142 2404 4195 ad-

828 4249 1050 4305 vcrsarii
1074 4246 1294 4301 Joannis
1336 4243 1664 4311 objecerunt,
1698 4241 1912 4309 propius
1954 4238 2125 4291 abest.
2177 4235 2404 4289 llistoria

830 4339 1150 4406 Gallitropes
1216 4336 1304 4403 (c.
1337 4333 1449 4402 54)
1506 4332 1697 4385 multas
1744 4329 1903 4383 habet
1950 4327 2402 4387 circumstantias,

830 4444 1053 4500 quarum
1084 4426 1215 4480 nihil
1238 4424 1410 4478 simile
1433 4420 1649 4476 memini
1672 4419 1865 4474 vidisse
1895 4418 1945 4471 in
1999 4426 2181 4471 vetere
2232 4415 2405 4469 eccle-

830 4521 1043 4576 siastica
1070 4517 1316 4579 historia,
1348 4529 1519 4583 neque
1549 4515 1681 4577 scio,
1712 4526 1777 4565 an
1808 4524 1995 4565 omnes
2047 4508 2256 4564 defendi
2286 4523 2408 4577 pos-

833 4613 958 4668 slnt.
992 4611 1140 4666 llanc
1160 4608 1437 4663 historiam
1466 4604 1744 4660 confundit
1766 4604 2038 4659 Cedrenus
2066 4618 2186 4657 eum
2225 4602 2311 4655 illa
2341 4601 2407 4655 de

835 4705 989 4757 vidua
1016 4698 1446 4770 Theognosti(c.
1472 4698 1535 4751 41
1561 4698 1601 4766 ),
1626 4711 1744 4765 qua:
1764 4695 1895 4749 adeo
1921 4694 2111 4748 similis
2138 4702 2220 4746 est
2246 4694 2316 4745 illi
2340 4691 2407 4745 de

838 4792 1046 4850 Naboth
1071 4802 1124 4846 et
1147 4790 1379 4853 Jezabel,
1404 4796 1462 4842 ut
1489 4787 1652 4841 altera
1682 4802 1748 4839 ex
1772 4786 1937 4839 altera
1958 4797 2207 4852 expressa
2235 4782 2410 4834 videa-

837 4896 942 4941 tur.
976 4884 1249 4951 Recipitur
1287 4890 1460 4933 tamen
1514 4876 1628 4931 haec
1668 4876 1890 4929 historia
1943 4874 2009 4927 de
2052 4874 2205 4926 vidua
2236 4870 2411 4924 Theo-

837 4976 1067 5047 guostia
1096 4975 1444 5032 Damasceno,
1487 4970 1562 5023 uti
1584 4979 1637 5024 et
1679 4968 1745 5021 ab
1792 4968 2036 5020 oumibus
2067 4966 2177 5020 fere
2219 4979 2409 5018 recen-

841 5069 1068 5123 tioribus
1096 5066 1419 5133 hiographis.
1464 5064 1595 5118 Nam
1637 5062 1773 5132 apud
1813 5073 2020 5116 veteres
2064 5062 2206 5115 nulla
2255 5058 2411 5127 hujus

842 5158 1078 5214 historia:
1099 5156 1296 5209 mentio
1325 5162 1407 5208 est
1431 5171 1444 5218 ;
1476 5168 1575 5209 nec
1606 5152 1917 5219 rescriptum
1948 5160 2046 5216 est,
2066 5150 2204 5219 quod
2222 5150 2407 5211 sciam,

845 5251 1011 5304 ullum
1041 5249 1093 5301 in
1121 5255 1232 5301 toto
1256 5246 1376 5315 jure
1406 5246 1647 5299 Romano
1677 5242 1801 5307 tale,
1854 5242 2007 5310 quale
2058 5242 2125 5293 ab
2172 5239 2410 5294 Eudoxia

849 5341 898 5396 in
924 5342 1024 5395 hoc
1053 5338 1261 5407 negotio
1285 5338 1495 5389 citatur.
1524 5336 1600 5390 Ad
1628 5336 1740 5389 lucc
1768 5335 1905 5387 inter
1931 5332 2229 5386 testimonia
2258 5331 2410 5399 igno-

858 5433 1032 5490 rantia:
1052 5427 1265 5498 Georgii
1296 5442 1457 5497 pono,
1485 5426 1623 5495 quod
1648 5426 1906 5480 Joannem
1931 5426 1997 5477 ab
2022 5423 2207 5477 exsilio
2234 5423 2413 5490 priore

845 5530 1147 5579 revocatum
1169 5523 1319 5590 jussu
1341 5517 1551 5573 Arcadii
1579 5515 1782 5578 scribit,
1813 5530 1931 5567 eum
1971 5514 2148 5582 pepuli
2171 5511 2416 5566 clamori-

847 5616 969 5683 bus,
996 5624 1106 5670 tum
1136 5612 1355 5669 Honorii
1385 5610 1562 5665 fratris
1590 5609 1790 5670 literis;
1823 5622 1942 5662 cum
1974 5607 2109 5661 intra
2135 5606 2413 5662 duodecim

848 5708 1008 5765 horas
1044 5705 1111 5760 ab
1160 5704 1470 5773 expulsione
1515 5700 1665 5769 jussu
1716 5698 2093 5767 lmperatorum
2138 5708 2415 5752 revocatus

850 5798 1042 5862 fuerit;
1074 5809 1245 5864 neque
1270 5794 1551 5862 quidquam
1600 5791 1831 5859 potuerit
1876 5788 2074 5843 interea
2126 5787 2412 5855 Honorius,

851 5890 941 5959 qui
968 5888 1239 5942 Ravenna:
1269 5883 1375 5936 fere
1393 5891 1481 5935 aut
1506 5880 1783 5935 Mediolani
1810 5879 2013 5949 agebat,
2044 5877 2109 5933 de
2163 5879 2276 5948 ejus
2317 5893 2412 5932 ex-

855 5982 1092 6057 pulsione
1116 5980 1425 6037 resciscere.
1465 5974 1595 6030 Nam
1621 5974 1760 6047 quod
1790 5974 2067 6045 epistolam
2096 5970 2413 6045 Chrysosto-

1905 588 2174 643 llENRlCl
2212 590 2326 644 SM
2344 589 2450 644 lLll
2480 589 2920 648 DISSERTATIU

3900 621 4052 662 ιιχγι

2498 709 2588 770 mi,
2612 708 2776 762 Etiam
2803 720 3065 778 antequam
3091 710 3300 765 redditae
3322 722 3457 778 sunt,
3476 714 3724 782 scriptam
3746 729 3863 771 esse
3886 724 4056 786 prodit

2496 810 2615 865 post
2642 804 2788 870 prius
2837 801 3118 866 exsilium;
3171 816 3322 855 error
3350 803 3560 873 quidem
3592 804 4055 867 manifestissimus

2495 898 2599 955 cst,
2646 892 2740 946 sed
2779 908 2897 945 cum
2952 892 3185 946 Palladio
3232 895 3550 947 communis.
3610 893 3741 947 lllud
3794 898 4061 962 peculiare

2494 995 2671 1048 suum,
2696 992 2750 1037 et
2769 999 3005 1039 crassum
3036 984 3184 1045 satis,
3216 984 3357 1053 quod
3389 1000 3508 1037 eum
3534 999 3650 1053 cap.
3681 984 3744 1038 61
3784 988 4064 1056 episeOpos

2495 1084 2561 1124 ex
2614 1074 2987 1127 communione
3029 1074 3249 1130 Joannis
3299 1091 3390 1144 per
3439 1074 3838 1129 Theotechnum
3883 1075 4064 1132 literas

2495 1176 2746 1217 exarasse
2772 1166 2954 1218 scribit
2992 1167 3056 1220 ad
3107 1169 3465 1223 innocentium
3508 1182 3717 1237 papam,
3746 1166 3937 1235 quibus
3992 1169 4065 1220 si-

2494 1252 2840 1318 gniﬁcabatur
2863 1252 3123 1308 Joannem
3160 1259 3424 1313 Cucusum
3454 1259 3783 1328 relegatum:
3818 1258 3958 1311 idem
3984 1265 4063 1310 ta-

2496 1358 2615 1395 men
2637 1358 2752 1410 cap.
2782 1342 2870 1405 ϐἱ,
2904 1347 3054 1411 quasi
3081 1348 3161 1398 sui
3193 1348 3407 1415 obiitus,
3468 1350 3836 1404 Innocentium
3890 1348 3990 1402 hoc
4032 1363 4060 1403 ι

2496 1437 2898 1498 mercatoribus,
2930 1445 2982 1487 ut
3014 1445 3157 1504 puto,
3188 1438 3371 1491 aliisve
3400 1443 3487 1508 qui
3509 1442 3568 1495 ab
3595 1442 3826 1510 quoniam
3866 1441 4065 1511 negotia

2495 1523 2631 1579 forte
2676 1524 2897 1579 Romam
2927 1536 3201 1592 venerant,
3256 1527 3486 1596 primum
3531 1534 3812 1587 rescivisse
3860 1542 4062 1586 narrat.

2498 1614 2741 1669 Nondum
2770 1617 2921 1683 enim,
2956 1618 3142 1687 inquit,
3176 1620 3237 1672 de
3261 1619 3397 1673 illius
3420 1622 3635 1674 secundo
3658 1623 3835 1676 exsilio
3856 1624 4061 1676 aitrlive-

2495 1723 2624 1760 ram.
2657 1708 2807 1775 Quod
2836 1723 2952 1777 cap.
2982 1710 3051 1765 58
3076 1709 3248 1779 Epidii
3271 1713 3536 1766 servulum
3557 1727 3679 1767 cum
3708 1716 3815 1767 sica
3836 1716 4063 1769 submis-

2497 1810 2614 1850 sum
2643 1797 2709 1850 ad
2737 1798 3159 1853 interficiendum
3185 1801 3620 1873 Ghrysostomum
3645 1801 3835 1858 Cucusi
3863 1813 4063 1867 narrat;

2498 1886 2548 1940 id
2577 1886 2768 1940 factum
2800 1888 2916 1943 sine
2943 1891 3086 1943 omni
3114 1890 3275 1943 dubio
3297 1894 3754 1961 Constantinopoli
3782 1902 3883 1948 est.
3911 1894 4066 1960 Quod

2497 1976 2813 2041 Adelphium
2841 1979 3077 2030 Arabiszi
3104 1991 3254 2033 vocet
3284 1983 3615 2049 episcopum,
3647 1999 3765 2036 cum
3814 1998 3881 2037 eo
3930 1995 4069 2037 tem-

2497 2079 2623 2131 pore
2647 2065 2929 2131 episcopus
2962 2067 3220 2126 Arabissi,
3280 2078 3413 2120 teste
3440 2070 3628 2123 eodem
3655 2071 3861 2124 Joanne
3908 2073 4068 2139 epist.

2498 2151 2620 2215 liti,
2651 2151 2809 2205 fuerit
2832 2152 3043 2220 Otrejus
3071 2172 3082 2207 :
3115 2155 3255 2223 quod
3276 2156 3537 2211 Joannem
3585 2159 3637 2210 in
3684 2160 3962 2226 ejusdem,
4014 2170 4069 2215 ut

2496 2252 2643 2311 puto,
2671 2242 2914 2311 Adelphii
2933 2244 3134 2298 aedibus
3162 2246 3355 2300 Cucusi
3382 2256 3684 2314 susceptum
3706 2248 3911 2313 scribit,
3931 2250 4066 2317 quod

2498 2334 2839 2388 humanitatis
2887 2336 3116 2390 officium
3151 2338 3305 2407 (nam
3355 2338 3455 2391 alia
3506 2338 3850 2393 humanitatis
3898 2338 4072 2394 ofﬁcia

2497 2426 2777 2494 episcopus
2803 2426 3020 2491 Cucusi,
3075 2428 3126 2481 id
3172 2437 3274 2495 est,
3323 2437 3379 2482 ut
3426 2438 3573 2500 puto,
3621 2430 3917 2498 Adelphius
3962 2430 4072 2501 ipse

2497 2516 2766 2584 praestitit,
2796 2525 2853 2570 ut
2881 2518 3043 2586 liquet
3063 2520 3222 2587 epist.
3253 2520 3320 2574 l5
3346 2520 3410 2573 ad
3440 2518 3774 2590 Olympiad.)
3829 2535 3935 2573 non
3975 2521 4071 2575 alii

2497 2622 2656 2675 quam
2683 2607 2939 2662 Dioscoro
2964 2610 3145 2663 tribuit
3172 2611 3282 2678 ipse
3302 2610 3535 2664 Joannes
3551 2612 3706 2679 epist.
3730 2610 3795 2664 12
3814 2610 3880 2664 ad
3894 2612 4075 2681 Olymo

2501 2696 2908 2767 piadem,eujus
2940 2700 3083 2753 milia
3126 2701 3264 2769 apud
3312 2701 3598 2770 Georgium
3646 2704 3881 2756 mentio:
3933 2701 4073 2771 quod

2502 2793 2747 2847 Proclum
2772 2794 2824 2845 in
2850 2795 3195 2847 translatione
3223 2796 3565 2861 reliquiarum
3593 2796 3901 2863 episc0pum
3926 2803 4075 2849 vocet

2500 2882 2705 2955 Cyzici,
2736 2885 2823 2952 qui
2852 2885 3037 2937 relicta
3069 2883 3266 2953 Cyzico
3289 2885 3722 2952 archiepiscopus
3746 2894 3855 2936 tum
3903 2883 4073 2937 fuerat

2499 2975 3124 3044 Constantinopolitauus
3153 2994 3164 3029 :
3197 2985 3375 3044 ajerta
3403 2984 3547 3041 sunt,
3577 2986 3635 3028 ut
3680 2976 3807 3029 mihi
3843 2975 4071 3035 \idetur,

2502 3077 2795 3120 commenta.

2578 3176 2596 3207 ι
2642 3157 2899 3224 Superest
2936 3156 3003 3211 de
3031 3156 3269 3225 epistolis
3317 3172 3383 3211 ex
3424 3156 3713 3212 Occidente
3755 3167 3810 3212 et
3857 3158 4075 3212 Oriente

2503 3248 2641 3303 ultro
2662 3251 2905 3315 citroque
2931 3249 3105 3302 missis
3117 3263 3303 3317 magna
3318 3249 3624 3317 cumprimis
3660 3259 3713 3302 et
3741 3248 3903 3302 ardua
3925 3264 4061 3317 quze-

2502 3338 2604 3393 stio
2626 3356 2640 3403 ;
2664 3338 2730 3393 de
2751 3353 2855 3407 qua
2876 3338 3193 3391 sententiam
3214 3352 3380 3391 meam
3410 3340 3636 3406 ingenue
3660 3346 3713 3390 et
3740 3338 3904 3392 libere
3929 3352 4078 3392 more

2505 3433 2762 3497 majorum
2789 3429 3043 3497 aperiam,
3070 3428 3213 3481 nullo
3241 3429 3463 3496 partium
3487 3428 3663 3481 studio
3689 3429 3896 3491 ductus,
3926 3429 4069 3481 nulla

2503 3522 2812 3591 cujusquam
2842 3520 3008 3589 gratia
3040 3520 3122 3573 vel
3140 3519 3282 3573 odio.
3324 3520 3491 3574 llasce
3537 3520 3692 3589 igitur
3729 3519 3979 3586 epistolas
4023 3521 4076 3573 in

2508 3614 2603 3667 tria
2625 3612 2881 3666 diatribuo
2904 3626 3097 3680 genera
3124 3630 3137 3665 :
3169 3611 3251 3665 vel
3278 3612 3418 3665 enim
3451 3611 3627 3665 missa:
3648 3620 3772 3664 sunt
3788 3620 3907 3679 post
3926 3610 4075 3679 prius

2506 3703 2769 3764 exsilium,
2798 3703 2877 3755 vel
2911 3710 3029 3771 post
3071 3702 3314 3756 exsilium
3345 3702 3627 3771 posterius,
3657 3703 3739 3755 vel
3770 3712 3889 3770 post
3936 3717 4080 3755 mor-

2508 3802 2611 3845 tem
2639 3792 2878 3847 Joannis.
2909 3790 2960 3844 ln
2986 3792 3156 3860 primo
3181 3800 3235 3845 et
3258 3792 3495 3846 secundo
3523 3807 3718 3862 genere
3750 3792 3946 3844 nuilam
3968 3790 4078 3845 Ge-

2507 3885 2658 3953 orgio
2688 3884 2833 3936 litem
2860 3898 3065 3944 moveo,
3099 3892 3290 3951 praeter
3315 3899 3452 3948 eam,
3481 3899 3599 3951 qua:
3630 3885 3728 3950 ipsi
3754 3899 3872 3937 cum
3905 3882 4077 3936 Palla-

2509 3973 2598 4027 dio
2626 3974 2920 4028 communis
2949 3982 3063 4037 est;
3090 3973 3157 4027 de
3183 3989 3287 4042 qua
3326 3989 3486 4042 supra
3532 3974 3599 4027 ad
3650 3974 3964 4027 Palladium.
4007 3973 4082 4027 De

2514 4066 2669 4118 tertio
2693 4080 2886 4129 genere
2913 4065 3332 4131 disquiretulum,
3382 4065 3450 4119 de
3486 4081 3591 4133 quo
3619 4066 3697 4119 sic
3721 4065 3978 4135 Georgius
4023 4081 4072 4121 c.

2512 4156 2579 4210 68
2604 4174 2616 4207 :
2645 4156 2851 4209 Mortuo
2877 4156 2984 4223 jam
3011 4156 3071 4208 B.
3103 4155 3325 4219 Joanne,
3358 4155 3483 4219 duo,
3517 4157 3704 4222 inquit,
3734 4156 3955 4209 Romam
3993 4173 4083 4210 ve.

2514 4255 2704 4300 uerunt
2726 4246 3047 4315 Presbyteri,
3080 4255 3133 4299 et
3158 4245 3414 4299 diaconus
3442 4246 3688 4313 unus,qui
3720 4261 3839 4298 eum
3867 4261 3932 4300 eo
3962 4245 4080 4299 fueu

2516 4346 2633 4389 rant
2663 4336 2714 4389 in
2741 4336 2947 4399 exsilio,
2981 4344 3030 4390 et
3059 4334 3198 4406 apud
3254 4333 3621 4389 Innocentium
3677 4351 3862 4405 papam
3907 4335 4083 4405 queri-

2515 4427 2746 4481 moniam
2770 4426 3039 4495 deponunt
3065 4427 3131 4479 de
3160 4425 3524 4479 vcxationibus
3553 4424 3742 4479 Joanni
3772 4426 3931 4479 illatis
3957 4444 3969 4476 :
3994 4424 4080 4491 qui

2515 4522 2589 4576 rei
2612 4521 2891 4575 atrocitate
2907 4530 3203 4574 commotus
3226 4518 3401 4572 statim
3424 4517 3488 4570 ad
3520 4517 3806 4571 llouorium
3835 4517 4079 4571 accurrit.

2514 4612 2651 4679 Quid
2684 4611 2891 4663 multa?
2919 4609 3076 4663 ambo
3104 4607 3229 4661 dant
3253 4622 3443 4675 graece,
3470 4616 3523 4661 ut
3552 4606 3779 4673 videtur,
3812 4608 3993 4661 literas
4018 4604 4084 4658 ad

2516 4700 2821 4763 Arcadium,
2865 4697 3198 4751 Innocentius
3228 4697 3360 4761 illas,
3391 4713 3487 4750 v0.1:
3511 4697 3769 4767 sanguinis
3796 4696 3967 4764 fratris
3992 4693 4087 4744 mei

2517 4793 2733 4845 Joannis
2763 4792 2965 4855 clamat,
3016 4790 3069 4843 in
3116 4789 3306 4859 quibus
3354 4789 3641 4844 Arcadium
3689 4797 3743 4842 et
3795 4784 4086 4840 Eudoxiam

2519 4881 2976 4945 exeonnnuuicat;
3006 4879 3272 4935 Honorius
3301 4880 3439 4945 illas,
3472 4879 3638 4931 nescio
3658 4890 3770 4943 qua:
3813 4872 4084 4933 contraria,

2519 4980 2622 5026 etc.
2654 4972 2746 5025 llis
2772 4971 2938 5026 literis
2964 4972 3214 5039 acceptis,
3239 4969 3515 5029 Arcadius,
3550 4976 3605 5017 ut
3631 4974 3710 5017 est
3735 4962 3871 5030 apud
3915 4961 4084 5016 Geor-

2518 5064 2682 5133 gium,
2710 5078 2825 5132 eap.
2856 5062 2944 5126 69,
2977 5070 3092 5130 post
3116 5073 3298 5126 pinnas
3325 5057 3391 5109 de
3422 5056 3665 5108 euntibus
3687 5052 4088 5107 inimicisJoan-

2520 5155 2602 5207 nis
2628 5166 2887 5221 sumptas,
2912 5150 3203 5204 Eudoxiam
3230 5161 3449 5200 uxorem
3481 5146 3617 5199 intra
3647 5144 3943 5199 cubiculum
3965 5157 4084 5195 cum

2523 5241 2829 5312 pedisequis
2875 5239 3106 5292 clausam
3134 5236 3319 5301 tenuit,
3365 5235 3523 5305 virgis
3565 5236 3724 5289 etiam
3770 5247 3982 5296 exesam,
4029 5238 4087 5283 ut

2523 5336 2835 5402 Anonyinus
2866 5330 2960 5394 ait,
2987 5328 3126 5382 male
3154 5326 3423 5390 multavit;
3457 5326 3667 5384 Acacio.
3694 5324 4000 5385 Severiano,
4034 5329 4089 5374 et

2522 5423 2801 5493 Theophili
2835 5420 3146 5490 propinquis,
3190 5421 3378 5474 mirum
3407 5420 3459 5473 ni
3488 5420 3545 5473 Β.
3574 5417 3771 5487 Cyrillo
3821 5415 3959 5468 inter
3987 5428 4087 5467 ca:-

2524 5526 2685 5579 teros,
2723 5514 2931 5575 vinetis,
2967 5511 3296 5580 Romamque
3347 5511 3413 5565 ad
3467 5508 3828 5565 Innocentium
3885 5505 4081 5571 missis,

2524 5606 2707 5662 scribit
2736 5602 2801 5656 ad
2830 5602 3185 5657 innocentium
3216 5603 3357 5657 illam
3383 5602 3655 5670 epistolam
3685 5597 3834 5665 cujus
3859 5595 4084 5661 initium,

2529 5698 2712 5751 Ontnes
2743 5695 2963 5748 homines
2991 5696 3176 5761 sciunt,
3206 5694 3499 5747 huniiliime
3532 5698 3733 5758 petens,
3787 5695 3843 5741 ut
3891 5690 3991 5743 sibi
4034 5699 4088 5744 et

2526 5787 2779 5842 Eudoxize
2829 5787 2977 5840 venia
3005 5787 3355 5855 impertiatur,
3385 5783 3643 5849 amboquc
3675 5780 3727 5833 in
3755 5783 4086 5843 communio-

2524 5893 2648 5932 nem
2675 5879 3011 5950 recipiantur.
3045 5879 3267 5951 Scripsit
3292 5877 3448 5929 etiam
3476 5873 3711 5927 Eudoxia
3740 5875 3803 5930 ad
3829 5875 4087 5929 innocen-

2533 5969 2683 6039 tium,
2713 5979 2765 6024 et
2791 5970 3044 6024 Arcadius
3069 5966 3134 6021 ad
3158 5964 3441 6019 lionorium
3474 5961 3707 6019 fratrem.
3735 5962 4097 6027 Innocentius,
