4466 6732
438 628 618 669 ιιλνιι

433 730 667 799 acceptis
691 730 856 785 literis
887 723 1098 782 Arcadii
1130 731 1183 777 et
1212 720 1495 782 Endoxim,
1554 714 1741 769 scribit
1796 713 2007 779 Proeto,

435 820 695 887 Cyziceno
724 820 996 888 episcopo,
1046 820 1104 865 ut
1144 806 1655 875 Constantinopolim
1707 804 1903 869 veniat,
1962 810 2015 856 et

435 912 790 981 Imperatores
838 908 891 960 in
917 897 1630 966 communionemrecipiat;
1683 894 2015 961 Arcadioquc

435 1003 681 1058 rescrth
707 1011 880 1069 grzece
910 996 1091 1060 etiam,
1140 1003 1200 1047 ut
1241 989 1469 1055 videtur,
1517 987 1797 1059 epistolam
1844 984 2010 1048 illam,

436 1098 628 1152 Ratun:
650 1092 798 1145 habui
822 1088 989 1144 zelum
1009 1099 1223 1143 vestrum
1243 1082 1517 1137 secundum
1546 1082 1723 1145 Deum,
1748 1088 1799 1133 et
1824 1077 2013 1131 Proclo

433 1192 593 1245 etiam
618 1184 891 1257 praecepit,
917 1192 975 1237 ut
998 1194 1181 1236 curam
1208 1177 1458 1249 suscipiat
1481 1174 1731 1231 Ecclesia:
1755 1170 2015 1226 Constan-
2070 1166 2074 1173 '

434 1279 824 1349 tinopolitante,
848 1276 1007 1330 donec
1037 1274 1101 1327 de
1124 1272 1269 1327 rebus
1294 1271 1446 1325 Attici
1471 1269 1727 1323 decretum
1748 1265 1833 1319 sit.

512 1394 529 1425 ι
560 1374 903 1428 Confidenter
928 1369 1069 1436 dico,
1100 1377 1265 1424 totum
1294 1367 1394 1420 hoc
1421 1363 1687 1433 negotium
1710 1372 1897 1428 parum
1920 1372 2006 1411 re-

432 1476 519 1522 cte
548 1464 875 1534 temporibus
904 1462 1153 1524 divisum,
1177 1470 1335 1529 atque
1363 1457 1500 1510 adeo
1528 1455 1680 1522 plane
1704 1449 2014 1502 incohterens

432 1573 572 1613 esse.
601 1556 733 1610 Nam
774 1555 1022 1625 primum,
1063 1554 1107 1608 si
1139 1560 1347 1605 mortua
1390 1556 1473 1599 est
1502 1543 1741 1596 Eudoxia
1788 1539 2014 1593 triennio

431 1660 557 1704 ante
586 1659 808 1704 mortem
836 1647 1077 1707 Joannis,
1097 1641 1237 1713 quod
1260 1651 1445 1691 omnes
1474 1644 1679 1688 veteres
1708 1642 1831 1686 ante
1850 1631 2015 1686 Geor-

431 1743 575 1812 gium
594 1739 831 1795 historici
861 1752 966 1790 uno
990 1746 1255 1790 consensu
1279 1727 1577 1789 afﬁrmant;
1612 1723 1878 1777 neminem
1901 1720 2015 1775 fore

431 1843 560 1901 puto
590 1842 694 1885 tam
722 1828 986 1898 perfrictce
1018 1821 1228 1885 frontis,
1256 1819 1346 1889 qui
1372 1816 1511 1872 ausit
1545 1830 1740 1884 negare
1770 1812 2015 1881 supposi-

434 1925 574 1976 titias
609 1935 728 1975 esse
754 1932 941 1971 omnes
973 1916 1068 1969 has
1101 1911 1372 1982 epistolas.
1405 1908 1599 1965 Verum
1643 1916 1699 1961 ut
1735 1905 1924 1960 den'ms
1964 1904 2014 1957 id

435 2028 620 2067 verum
643 2023 782 2073 esse,
815 2005 957 2078 quod
988 2022 1050 2061 ex
1082 2003 1471 2059 recentioribus
1498 1998 1735 2054 nonnulli
1762 1996 2011 2061 afferunt,

431 2112 541 2157 tres
568 2112 781 2155 menses
809 2097 1147 2168 superstitem
1172 2094 1332 2149 fuisse
1358 2092 1569 2155 Joanni,
1603 2105 1670 2144 ne
1698 2089 1774 2143 sic
1799 2087 2012 2157 quidem

433 2208 731 2267 temporum
763 2194 899 2247 ratio
929 2190 1213 2246 constabit.
1250 2186 1403 2241 Addo
1426 2185 1586 2239 etiam
1612 2181 1825 2235 Arcadii
1863 2194 2012 2233 mor-

431 2301 560 2353 tem,
591 2302 728 2356 quie,
763 2294 818 2338 ut
842 2300 906 2338 ex
950 2282 1095 2335 fastis
1122 2278 1346 2349 publicis
1385 2282 1607 2343 apparet
1630 2282 1686 2325 et
1711 2272 2015 2325 testimonio

430 2379 665 2434 Socratis
691 2377 783 2429 lib.
809 2377 859 2436 7,
885 2389 933 2425 (τ.
962 2374 1010 2432 I,
1036 2369 1259 2437 contigit
1288 2367 1461 2435 primo
1484 2363 1602 2416 Maii
1631 2361 1786 2417 Coss.
1819 2361 2012 2429 Philip-

433 2486 500 2540 po
523 2477 579 2522 et
601 2469 783 2529 Basso,
808 2478 948 2518 anno
970 2462 1095 2527 408,
1123 2459 1224 2514 hoc
1245 2469 1347 2523 est,
1370 2458 1602 2527 quinque
1620 2455 1912 2518 mensibus,
1934 2453 2015 2507 vel

432 2570 489 2614 ut
508 2560 596 2613 alii
626 2569 851 2628 septem,
895 2566 949 2609 ct
976 2552 1209 2608 sedecim
1237 2550 1425 2605 diebus
1453 2556 1575 2619 post
1602 2556 1828 2601 mortem
1856 2545 2018 2600 Joan-

433 2653 537 2715 nis,
587 2649 789 2702 tinllnm
840 2646 987 2699 hisce
1030 2642 1244 2712 ineptiis
1292 2641 1470 2695 locum
1514 2638 1838 2707 relinquere.
1882 2633 2015 2701 Quid

433 2744 542 2798 ita?
568 2742 747 2798 Primo
769 2740 975 2794 duobus
1003 2737 1103 2790 illis
1124 2734 1471 2806 presbyteris,
1497 2740 1551 2786 et
1570 2731 1659 2785 uni
1681 2730 1907 2784 diacono
1926 2743 2018 2798 per

435 2844 643 2904 tempus
669 2831 882 2902 aliquod
915 2826 1236 2883 manendum
1290 2825 1388 2879 fuit
1425 2823 1696 2887 Comanis,
1724 2822 1850 2876 dum
1874 2820 2017 2889 justa

434 2938 582 2983 tanto
606 2925 749 2979 Patri
792 2923 1150 2986 solverentur,
1196 2917 1322 2972 dum
1355 2915 1608 2970 solemnis
1649 2913 1738 2967 ille
1778 2912 2013 2965 omnium

431 3021 679 3076 ordinum
706 3017 953 3073 fortuitus
996 3020 1289 3069 conventus
1326 3010 1701 3072 dimitteretur,
1744 3004 1869 3059 dum
1916 3019 2015 3058 ne-

433 3112 666 3169 cessaria
690 3105 1024 3163 tantoitineri
1046 3111 1379 3174 pararentur.
1413 3098 1558 3167 Nego
1580 3097 1757 3166 itaque
1780 3094 2017 3164 potuisse

433 3219 527 3259 eos
551 3196 1063 3266 Constantinopolim
1101 3193 1286 3248 venire
1324 3198 1446 3243 ante
1487 3196 1712 3242 mortem
1741 3186 2015 3240 Eudoxi-.e.

434 3295 565 3348 Nam
588 3308 652 3347 eo
678 3292 910 3362 primum
955 3284 1179 3357 profecti
1209 3289 1351 3345 sunt,
1398 3296 1488 3350 per
1515 3294 1694 3332 novam
1724 3276 1940 3331 Romam
1964 3277 2017 3329 in

433 3398 665 3448 veterem,
693 3383 862 3451 inquit
888 3383 1208 3447 Anonymus
1237 3383 1291 3429 et
1310 3370 1665 3441 Nicephorus,
1696 3370 1903 3425 etsitus
1932 3382 2018 3423 re-

433 3479 649 3547 gionum
690 3472 893 3527 suadet.
941 3469 1073 3524 Nam
1118 3468 1326 3521 Cucuso
1363 3460 1878 3530 Constantinopolim
1916 3460 2017 3514 iter

434 3577 517 3621 est
542 3565 812 3620 zodiernm
828 3562 1263 3632 (Chrysostonms
1278 3554 1521 3625 epistolis
1546 3552 1611 3606 ad
1642 3550 1948 3606 Simeonem
1966 3557 2018 3604 et

434 3655 761 3723 Brisonem),
798 3666 971 3722 neque
995 3649 1098 3703 dici
1130 3648 1324 3717 poterit
1352 3645 1572 3715 propius
1595 3641 1783 3697 abesse
1806 3641 2018 3696 Cucuso

434 3748 695 3809 Comana,
719 3760 837 3797 cum
864 3741 994 3797 satis
1023 3746 1234 3795 constet
1253 3737 1514 3791 Joannem
1545 3748 1757 3801 semper
1784 3731 1851 3786 ad
1874 3731 2016 3784 ulte-

436 3842 577 3893 riora
607 3838 944 3905 deportatum
976 3832 1135 3887 fuisse
1163 3830 1369 3885 exsilia.
1409 3827 1524 3881 Iam
1554 3823 2015 3892 Constantinopoli

435 3925 880 4000 proﬁciscendum
911 3922 1006 3977 fuit
1034 3922 1288 3983 Romam;
1320 3916 1651 3987 querimonia
1678 3914 1816 3983 apud
1839 3913 2016 3983 ponti-

438 4023 591 4075 ﬁcem
610 4014 925 4087 deponenda
944 4032 960 4081 ;
983 4010 1383 4068 conveniendus
1404 4007 1715 4063 Innocentio
1734 4006 2015 4069 Honorius,

437 4117 528 4186 qui
550 4114 716 4168 Roma
737 4111 845 4167 fere
859 4108 1074 4172 aberat;
1097 4104 1382 4161 exarandxe
1399 4113 1454 4157 et
1472 4100 1745 4155 mittenda:
1767 4098 2021 4151 Conslan-

440 4207 715 4277 tin0polim
740 4204 879 4259 binie
904 4201 1007 4256 ill-.e
1033 4200 1202 4254 literze
1224 4238 1239 4262 ,
1274 4212 1370 4250 vox
1397 4193 1680 4263 sanguinis,
1716 4199 1789 4254 et,
1823 4190 2018 4254 nescio;

440 4307 521 4353 tot
541 4297 687 4367 prius
707 4289 1169 4359 Constantinopoli
1189 4284 1517 4341 conficienda
1540 4282 1789 4345 Arcadio,
1810 4281 2023 4334 mitten-

440 4394 522 4446 dae
556 4387 768 4444 Arcadii
804 4387 992 4449 litera),
1036 4398 1206 4438 omnes
1250 4379 1496 4443 homines,
1529 4385 1583 4431 et
1631 4374 1885 4429 Eudoxize
1914 4373 2022 4427 Ro-

441 4502 605 4550 mam,
636 4485 803 4537 litera:
839 4495 989 4535 novre
1020 4478 1202 4532 Romae
1236 4471 1518 4529 exarandze
1568 4468 1775 4531 Proclo,
1806 4478 1861 4521 et
1893 4467 2019 4519 mit-

443 4578 617 4633 tendic
658 4574 940 4645 Cyzicum;
970 4571 1087 4625 alite
1118 4570 1332 4636 insuper
1359 4562 1616 4624 Arcadio,
1648 4569 1816 4613 ratum
1843 4558 2019 4621 habui,

442 4682 547 4725 etc.
583 4666 827 4722 [‘roclnm
855 4663 1087 4731 denique
1106 4660 1317 4715 venisse
1344 4654 1537 4726 Cyzico
1566 4651 1819 4721 oportuit,
1844 4660 1899 4704 et
1929 4651 2024 4703 Im-

444 4769 717 4831 peratores
745 4755 812 4809 ad
836 4751 1265 4809 communionem
1292 4747 1533 4815 recipere
1573 4744 1722 4799 vivos
1751 4754 1808 4797 et
1843 4742 2025 4796 valen-

446 4866 558 4909 tes:
586 4850 777 4922 qnibus
805 4844 1034 4917 negotiis
1054 4838 1403 4910 expediendis
1432 4850 1539 4888 non
1563 4834 1799 4904 quinque
1826 4841 1917 4887 ant
1939 4847 2024 4887 se-

444 4956 590 5015 ptem
617 4953 851 5004 menses,
878 4935 1076 4991 nedum
1108 4942 1241 4995 tres,
1268 4927 1365 4983 sed
1388 4927 1475 5007 vis
1517 4925 1782 4994 integrum
1810 4923 2024 4993 quidem

444 5034 719 5091 sotﬁceret
742 5030 1034 5086 biennium.
1053 5028 1227 5095 Atque
1253 5032 1311 5077 ut
1336 5018 1712 5087 intelligamus,
1735 5032 1893 5085 quam
1923 5024 2029 5070 tar-

445 5128 519 5183 da
540 5127 651 5180 sint
664 5122 969 5178 Occidentis
986 5118 1216 5182 auxilia;
1250 5115 1432 5186 prima:
1450 5120 1567 5181 post
1584 5109 1829 5165 exsilium
1856 5119 2028 5179 poste-

447 5224 563 5277 rius
584 5217 802 5274 Joannis
823 5215 994 5269 litera:
1021 5211 1269 5275 Honorii,
1291 5206 1432 5278 apud
1462 5203 1753 5260 Palladium
1781 5211 1837 5257 et
1861 5202 2029 5257 Geor-

447 5315 616 5383 gium,
656 5321 762 5362 non
804 5311 928 5358 sunt
966 5302 1181 5370 perlatae
1216 5295 1749 5366 Constantinopolim,
1781 5293 1881 5347 nisi
1910 5301 2030 5363 post

449 5403 757 5464 biennium;
777 5398 825 5452 si
846 5394 1063 5466 quidem
1091 5391 1316 5455 Atticus,
1345 5398 1402 5443 ut
1438 5398 1521 5444 est
1547 5387 1686 5458 apud
1715 5385 2025 5451 Palladium,

452 5504 582 5550 tunc
608 5491 769 5548 fuerit
786 5490 1093 5559 episcopus,
1122 5496 1243 5536 cum
1265 5480 1423 5550 legati
1453 5480 1783 5549 appellerent
1805 5478 2026 5548 Athyra.

454 5584 569 5639 Imo
617 5585 694 5639 illi
741 5582 840 5652 ipsi
886 5575 1143 5649 episcopi,
1167 5571 1497 5628 Gaudentius
1535 5580 1590 5626 et
1622 5570 1889 5635 IEmilins,
1920 5569 2029 5625 Ro-

453 5691 629 5731 mana:
666 5675 810 5730 sedis
834 5671 1029 5737 vicarii,
1060 5664 1271 5723 nonnisi
1314 5676 1407 5717 sex
1449 5663 1723 5716 mensibus
1763 5661 1893 5716 illud
1933 5663 2033 5715 iter

453 5766 623 5822 semel
652 5766 1016 5826 coniecerunt,
1051 5769 1185 5815 teste
1212 5757 1413 5816 Leone,
1446 5752 1528 5806 vel
1553 5762 1606 5804 ut
1632 5752 1742 5817 alii,
1775 5764 2029 5823 quatuor:

454 5858 597 5931 quod
624 5856 710 5910 hic
739 5858 1014 5911 minimum
1044 5854 1125 5907 bis
1154 5852 1350 5906 factum
1378 5844 1635 5914 Oportuit,
1675 5858 1867 5911 prmter
1904 5856 2035 5900 tent-

455 5967 557 6025 pns
591 5947 739 6008 illud,
777 5948 917 6016 quod
947 5944 1125 6000 itineri
1150 5938 1400 5997 Cumanis
1437 5934 1952 6001 ConstantinOpolim
1984 5944 2039 5989 et

455 6022 650 6117 Cyzico
678 6035 1189 6105 Constantinopolim
1224 6028 1559 6088 tribuendum
1591 6032 1689 6080 est.
1720 6022 1848 6078 Nam
1891 6026 2033 6095 quod

1333 603 1419 657 9F.
1457 594 1944 657 SCRIPTOIHBLS
1983 593 2222 650 RERUII
2263 594 2754 655 CIIRYSOS'I'OMI.

3498 626 3701 672 ΧΣΣἾΙΗ

2126 715 2199 766 ait
2224 716 2552 786 Anonynms.
2595 719 2787 772 decima
2812 719 2891 771 die
2916 722 2984 773 ad
3013 722 3494 796 Constantinopolim
3532 748 3702 798 parve-

2126 820 2306 861 nerunt
2326 810 2492 879 (puta,
2517 813 2770 867 Itoniana:
2789 812 2931 868 sedis
2948 815 3139 882 vicarii,
3158 817 3508 885 Gaudentius,
3533 822 3701 879 .Emi-

2125 899 2246 965 lins,
2281 904 2429 971 etc),
2462 914 2590 973 puto
2618 913 2854 960 erratum
2879 919 2999 960 esse
3028 904 3079 958 in
3108 922 3349 975 numero,
3388 928 3562 982 neque
3593 917 3701 969 ullo

2126 990 2284 1045 modo
2309 993 2718 1064 admittendum,
2751 1006 2807 1051 ut
2826 997 2915 1067 qni
2944 1004 3173 1067 quatuor
3202 1015 3415 1056 menses
3444 1005 3495 1057 in
3525 1006 3697 1061 reditu

2123 1089 2568 1154 consumpserint,
2586 1089 2721 1142 intra
2739 1087 2924 1144 decem
2943 1089 3057 1144 dies
3096 1105 3161 1145 eo
3182 1094 3697 1165 appulerint.Quare,

2121 1182 2183 1226 ut
2223 1174 2349 1228 nihil
2382 1176 2520 1230 aliud
2558 1177 2661 1240 sit,
2705 1178 2815 1246 ipsa
2858 1188 3032 1233 tamen
3076 1189 3377 1251 temporum
3422 1188 3559 1242 ratio
3600 1188 3700 1246 hoc

2121 1263 2458 1319 mendacium
2499 1275 2681 1335 aperte
2724 1266 2939 1321 refellit.
2980 1269 3091 1325 Iluc
3137 1271 3362 1342 accedit,
3407 1278 3550 1345 quod
3592 1295 3699 1338 non

2120 1356 2253 1410 alios
2281 1357 2510 1412 habeant
2536 1369 2829 1415 assertores
2870 1361 3110 1431 epistolae
3147 1364 3271 1431 illie,
3308 1381 3467 1437 quam
3507 1384 3699 1425 recen-

2124 1447 2313 1509 tiores.
2361 1464 2534 1519 neque
2561 1465 2654 1504 eos
2694 1467 2913 1506 omnes:
2944 1468 3064 1506 nam
3095 1454 3237 1524 apud
3264 1456 3532 1526 Photium,
3559 1460 3701 1517 Leo-

2120 1553 2262 1603 nem,
2293 1539 2575 1604 Zonaram,
2606 1542 2992 1611 Mctaphrasten
3021 1545 3185 1599 altum
3212 1546 3281 1602 de
3313 1547 3380 1602 iis
3408 1550 3698 1618 silentium,

2124 1646 2296 1699 neque
2321 1631 2511 1685 eodem
2541 1633 2676 1701 apud
2707 1649 2797 1687 eos
2825 1635 3002 1698 modo,
3024 1637 3117 1691 sed
3152 1638 3206 1691 in
3227 1655 3414 1711 magna
3446 1648 3703 1701 varietate

2120 1729 2173 1774 et
2201 1723 2571 1776 inconstantia.
2599 1724 2728 1779 Nam
2754 1726 2857 1779 alio
2884 1727 3043 1782 modo
3064 1728 3258 1784 habent
3276 1731 3551 1803 Georgius,
3571 1736 3703 1809 Gly.

2121 1826 2232 1877 eas,
2280 1824 2333 1867 et
2374 1814 2728 1884 Nicephorus;
2762 1819 2868 1873 alio
2898 1821 3211 1892 Anonymus
3249 1831 3303 1877 et
3346 1823 3441 1879 Jus
3482 1825 3736 1889 Grzeco-?

2121 1902 2442 1969 Romanum,
2466 1914 2522 1959 ut
2547 1922 2610 1960 ex
2641 1912 3034 1977 comparatione
3059 1912 3398 1969 manifestum
3426 1916 3546 1972 erit.
3570 1918 3701 1974 Nam
3731 1902 3733 1907 ⁴

2121 1995 2259 2063 apud
2303 2005 2530 2062 veteres,
2562 1996 2753 2067 quibus
2781 2015 2867 2055 res
2894 2015 3013 2056 esse
3042 2003 3221 2058 debuit
3257 2006 3552 2075 notissima,
3584 2010 3707 2065 Pal-

2120 2083 2337 2153 ladium,
2369 2087 2455 2157 qui
2488 2088 2670 2143 Roma:
2696 2088 2785 2143 diu
2812 2090 2940 2145 vixit
2967 2092 3096 2162 (ubi,
3121 2095 3252 2149 vela
3281 2111 3358 2163 se,
3381 2100 3508 2153 vela
3529 2100 3705 2156 Theo-

2119 2176 2255 2230 doro
2284 2178 2538 2232 Romana:
2565 2179 2817 2235 Ecclesia:
2843 2181 3090 2249 diacono,
3115 2183 3230 2239 hinc
3254 2187 3428 2241 omnia
3458 2188 3705 2243 facillime

2122 2276 2331 2333 poterat
2370 2269 2700 2338 resciscere),
2747 2270 3123 2339 Sozomenum,
3164 2275 3252 2344 qui
3296 2276 3474 2331 literas
3515 2294 3704 2335 omnes

2123 2356 2407 2425 diligenter
2438 2370 2700 2414 scrutatus
2725 2362 2952 2425 videtur,
2986 2374 3313 2436 eieterosqnc
3336 2368 3560 2424 fidenter
3585 2372 3707 2426 dico

2123 2448 2324 2502 nullum
2351 2466 2469 2505 esse
2492 2452 2709 2507 istarum
2734 2454 3005 2508 literarum
3035 2458 3334 2527 vestigium,
3367 2462 3562 2517 nullam
3593 2480 3707 2518 um-

2123 2541 2293 2595 bram.
2325 2541 2505 2609 Neque
2538 2560 2623 2598 res
2667 2556 2783 2600 erat
2817 2562 2976 2617 parva
3015 2558 3107 2603 aut
3129 2554 3539 2620 contemnenda,
3585 2572 3704 2625 qua!

2119 2628 2303 2684 debuit
2330 2633 2408 2685 vel
2437 2635 2600 2700 potuit
2632 2636 2823 2700 emitti,
2855 2636 3203 2705 Imperatores
3244 2639 3475 2697 Orientis
3503 2659 3534 2697 a
3560 2644 3703 2698 Pon-

2126 2723 2263 2775 ntiee
2286 2722 2526 2778 Romano
2555 2727 3066 2793 excommunicatos,
3096 2728 3387 2795 absolutos,
3422 2744 3552 2800 etc.,
3583 2750 3704 2791 cum

2124 2813 2200 2865 rei
2233 2813 2399 2865 multo
2437 2814 2677 2881 minoris,
2721 2816 3003 2872 Theodosii
3050 2822 3324 2888 praesentis
3368 2838 3397 2877 a
3444 2838 3706 2894 prmsente

2124 2903 2407 2958 Ambrosio
2437 2907 2661 2960 ecclesia
2693 2922 2785 2961 sua
2818 2907 3067 2977 prohibiti
3094 2911 3264 2980 pleme
3290 2913 3398 2969 sint
3418 2929 3605 2974 omnes
3625 2917 3707 2974 bi-

2122 2995 2320 3048 storize.
2354 2996 2573 3051 Accedit
2600 2998 2818 3067 insuper
2842 2999 2908 3053 ad
2946 3000 3132 3055 harum
3161 3004 3506 3073 epistolarnm
3546 3009 3706 3066 fidem

2120 3087 2452 3154 elevandam,
2477 3090 2617 3158 quod
2638 3090 2822 3144 Graece
2853 3098 3057 3146 tantum
3083 3094 3295 3164 scripta:
3322 3096 3621 3168 videantur,
3650 3111 3707 3157 et

2119 3186 2267 3231 certe
2308 3178 2582 3235 character
2619 3181 2733 3249 ipse
2773 3181 3069 3237 Grzeculnm
3100 3184 3329 3255 aliquem
3357 3190 3703 3248 semidoctum

2122 3285 2227 3323 non
2276 3272 2499 3328 obscure
2539 3274 2698 3342 sapit,
2745 3288 2865 3328 cum
2910 3274 3250 3331 Innocentius
3288 3281 3540 3348 epistolas
3578 3298 3705 3339 suas

2120 3362 2278 3416 etiam
2304 3363 2354 3417 in
2387 3363 2655 3420 Orientem
2688 3367 2879 3422 missas
2903 3367 3101 3424 soleret
3126 3372 3336 3426 nonnisi
3367 3372 3554 3431 Latine
3576 3392 3704 3432 eva-

2121 3468 2175 3505 ra
2186 3468 2260 3519 rc,
2287 3463 2340 3505 ut
2361 3465 2568 3509 constat
2589 3472 2618 3511 e
2641 3456 2925 3512 Sozomeni
2950 3456 3086 3512 libro
3105 3467 3312 3515 octavo.
3338 3461 3455 3517 Jam
3476 3472 3531 3520 ct
3554 3464 3702 3532 illud,

2123 3553 2175 3597 ιιι
2195 3552 2340 3612 puto,
2357 3542 2569 3609 falsum,
2593 3545 2659 3599 de
2678 3546 2929 3616 adempto
2948 3548 3122 3602 Attico
3145 3549 3541 3619 cpisc0patu,et
3558 3568 3707 3610 com-

2123 3637 2281 3689 missa
2315 3636 2502 3692 Proclo
2550 3636 3027 3705 administratione,
3060 3654 3179 3693 cum
3223 3649 3277 3695 et
3315 3656 3485 3698 annos
3518 3645 3705 3716 viginti

2121 3730 2354 3785 tenuisse
2384 3730 2744 3799 cpisc0patum
2792 3740 3001 3785 constet
3041 3730 3296 3799 Atticum,
3342 3749 3572 3804 eumque
3612 3752 3707 3806 per

2121 3834 2311 3874 manus
2341 3819 2595 3885 Sisinnio,
2628 3820 2892 3886 Nestorio,
2924 3821 3299 3879 Maximiniano
3327 3828 3625 3894 tradidisse,
3649 3841 3707 3885 ut

2123 3910 2336 3964 nonnisi
2364 3919 2513 3964 sexto
2555 3920 2673 3980 post
2704 3910 2962 3967 Joannem
2990 3913 3109 3967 loco
3148 3913 3365 3970 Procles
3404 3916 3456 3970 in
3486 3933 3547 3972 ea
3575 3920 3704 3975 sede

2123 4002 2460 4056 successerit.
2495 4001 2610 4072 Ego
2638 4002 2761 4072 quid
2802 4004 2852 4057 in
2881 4002 2980 4057 hac
3005 4019 3063 4059 re
3090 4004 3219 4059 mihi
3245 4006 3518 4075 probabile
3559 4009 3706 4066 vide-

2125 4094 2297 4159 batur,
2332 4094 2497 4148 libere
2522 4094 2630 4147 dixi
2656 4112 2669 4147 :
2687 4094 2925 4163 judicent
2951 4095 3112 4150 docti.

2202 4204 2221 4237 ι
2260 4184 2399 4239 Inter
2422 4201 2615 4239 errores
2644 4185 2905 4239 historicos
2927 4185 3139 4257 Georgii
3169 4189 3328 4243 etiam
3357 4188 3483 4244 illud
3513 4207 3704 4248 nume-

2125 4292 2207 4343 ro,
2240 4276 2380 4345 quod
2411 4286 2635 4329 mortem
2664 4276 2956 4331 Innocentii
3002 4278 3231 4347 priorem
3262 4277 3436 4334 facere
3465 4280 3705 4338 videatur

2126 4380 2298 4424 morte
2338 4368 2653 4438 Theophili:
2684 4369 2827 4438 quod
2871 4380 3052 4440 aperte
3097 4368 3286 4425 falsum
3320 4381 3422 4425 est.
3468 4374 3704 4430 Mortuus

2125 4468 2208 4515 est
2236 4459 2378 4515 enim
2408 4458 2752 4528 TheOphiIus,
2782 4467 2916 4514 teste
2943 4461 3162 4515 Socrate
3196 4462 3288 4517 lib.
3314 4463 3363 4527 7,
3392 4478 3440 4516 e.
3467 4464 3517 4527 7,
3551 4466 3701 4520 Coss.

2127 4551 2362 4606 Honorio
2382 4551 2417 4606 9
2441 4559 2496 4605 et
2520 4550 2822 4605 Theodosio
2846 4551 2901 4616 5,
2925 4550 3028 4604 hoc
3048 4559 3149 4617 est,
3178 4567 3321 4607 anno
3350 4554 3555 4608 Domini
3576 4557 3702 4620 412,

2126 4643 2213 4698 die
2235 4643 2309 4697 25
2326 4642 2571 4698 Octobris
2605 4659 2619 4694 :
2655 4641 3015 4708 Innocentius,
3045 4650 3103 4695 ιιι
3131 4656 3196 4696 ex
3213 4638 3391 4700 Fastis
3408 4648 3702 4716 pontificiis

2128 4742 2293 4804 patet,
2317 4732 2528 4787 nonnisi
2554 4731 2679 4799 H6,
2707 4731 2791 4786 vel
2814 4731 2939 4786 415.
2969 4730 3122 4799 Quod
3143 4734 3186 4786 si
3208 4734 3291 4787 cui
3314 4732 3504 4785 mirum
3527 4733 3710 4789 videa-

2130 4834 2234 4888 tur,
2259 4840 2380 4879 cum
2412 4823 2735 4892 Theophilus
2758 4820 2990 4891 quinque
3014 4835 3183 4875 annos
3209 4820 3397 4875 Joanni
3427 4824 3706 4891 supervix-

2130 4917 2252 4979 erit,
2280 4914 2618 4969 Innoeentius
2646 4920 2785 4974 octo,
2816 4910 2942 4980 quid
2964 4912 3053 4977 sit,
3075 4912 3213 4981 quod
3235 4911 3516 4965 consilium
3548 4927 3710 4969 omne

2130 5006 2383 5075 abjecerit
2410 5002 2744 5057 Innocentius
2772 4999 2839 5055 de
2874 5000 3108 5071 cogenda
3135 5000 3339 5072 synodo
3363 5001 3713 5059 Thessaloni-

2132 5113 2228 5161 cae,
2271 5094 2358 5151 cui
2388 5096 2647 5148 interesse
2675 5090 3026 5161 Theophilum
3058 5100 3203 5145 tanta
3230 5092 3511 5147 severitate
3546 5103 3603 5147 et
3644 5095 3717 5149 ri-

2132 5205 2259 5259 gere
2281 5187 2518 5243 edixerat
2543 5192 2665 5240 ante
2692 5191 2915 5238 mortem
2948 5181 3014 5256 (si
3044 5183 3122 5237 fas
3152 5193 3235 5238 est
3266 5181 3509 5255 credere)
3544 5185 3716 5240 Area-

2133 5281 2253 5335 dius
2293 5277 2514 5348 epistola
2552 5275 2691 5345 apud
2733 5274 3038 5345 Georgium,
3070 5276 3219 5343 cujus
3266 5275 3493 5343 initium,
3529 5276 3721 5330 Omnia

2134 5378 2356 5436 climata,
2390 5386 2562 5441 neque
2589 5370 2752 5424 nllnm
2793 5372 2859 5423 de
2894 5382 2958 5422 eo
3000 5376 3182 5436 postea
3225 5368 3444 5423 verbum
3483 5368 3673 5423 fecerit
3708 5389 3720 5422 ε

2136 5465 2364 5520 fortasse
2392 5462 2443 5517 id
2473 5462 2666 5517 factum
2697 5469 2795 5523 est,
2822 5460 2942 5529 quia
2964 5459 3223 5514 Arcadius
3250 5459 3403 5528 paulo
3421 5467 3539 5527 post
3558 5458 3718 5517 Joan-

2137 5572 2259 5610 nem
2287 5555 2614 5619 decesserat,
2644 5552 2793 5620 cujus
2818 5565 2984 5621 opera
3010 5558 3066 5605 et
3080 5552 3249 5619 jussu,
3285 5549 3356 5602 uti
3379 5564 3439 5604 ea
3471 5550 3716 5606 ferebant

2139 5658 2398 5717 tempora,
2430 5654 2734 5716 cogeretur;
2766 5642 2849 5697 vel
2878 5642 3017 5712 quod
3047 5656 3108 5696 ea
3150 5641 3257 5694 sint
3294 5653 3579 5696 consecuta
3609 5643 3717 5695 rei-

2139 5741 2362 5810 pnblieze
2393 5752 2650 5809 tempora,
2682 5739 2979 5807 praesertim
3010 5736 3061 5789 in
3087 5734 3394 5799 Occidente,
3429 5734 3593 5788 Roma
3620 5746 3715 5786 ca—

2139 5844 2249 5905 pta,
2284 5835 2427 5888 Italia
2468 5832 2691 5901 direpta,
2723 5830 2941 5884 vastatis
2969 5828 3275 5897 provinciis,
3312 5842 3427 5896 qua:
3462 5824 3544 5879 vel
3582 5838 3716 5879 con-

2141 5928 2453 5984 szantissimi
2480 5926 2576 5981 viri
2605 5933 2836 5979 mentem
2869 5932 3085 5980 nossent
3104 5938 3133 5977 a
3157 5922 3348 5977 minori
3369 5934 3493 5975 cura
3518 5920 3585 5975 ad
3607 5941 3718 5982 ma-

2141 6025 2311 6094 jorem
2344 6030 2540 6075 metum
2572 6016 2865 6071 traducere.
