4466 6722
788 599 947 642 ιιιιι

865 703 1148 770 [lucusque
1172 702 1241 756 de
1269 702 1515 771 Georgio.
1552 704 1607 758 ln
1630 704 1845 774 reliquis
1870 720 1962 758 ero
1988 705 2218 771 brevior,
2248 707 2365 776 quia

791 794 1043 864 pleraque
1068 796 1242 848 omnia
1271 793 1385 849 fere
1412 795 1607 851 habent
1636 814 1753 851 cum
1782 798 2010 868 Georgio
2042 802 2366 865 communia,

792 901 966 955 neque
989 900 1164 955 operae
1186 889 1415 955 pretium
1439 888 1596 943 fuerit
1628 888 1811 943 iisdem
1841 890 2055 957 ineptiis
2080 892 2371 947 refutandis

793 977 875 1032 bis
894 978 1181 1031 immorari.
1214 978 1321 1033 Leo
1344 980 1660 1033 breviarium
1690 981 1840 1035 nobis
1856 983 2001 1036 dedit
2021 984 2253 1053 Georgii,
2274 984 2368 1036 nisi

792 1068 933 1137 qttod
961 1068 1009 1120 in
1040 1068 1145 1121 illis
1174 1070 1414 1139 epistolis
1438 1070 1719 1137 Georgium
1745 1085 2016 1141 sequatur,
2050 1076 2235 1130 saltent
2270 1090 2371 1127 non

792 1156 1085 1222 abbrcviet,
1113 1168 1165 1213 ttt
1196 1176 1363 1227 tthuc
1410 1160 1628 1214 Pbotius
1673 1163 1723 1215 in
1770 1166 2002 1232 epitome
2028 1166 2371 1235 Gregoriana,

793 1249 927 1304 Cod.
960 1250 1049 1306 96.
1080 1251 1253 1306 Potuit
1280 1262 1422 1307 certe
1443 1254 1559 1309 sine
1588 1255 1782 1311 damno
1808 1260 1976 1313 omitti
2006 1278 2019 1314 :
2048 1277 2219 1330 neque
2234 1259 2377 1315 enim

796 1343 994 1413 aliquid
1018 1345 1243 1414 Georgio
1264 1346 1484 1409 addidit,
1513 1358 1706 1417 praeter
1726 1350 2234 1407 afl'ectatamalicubi
2253 1350 2373 1421 styli

800 1435 1175 1490 obscuritatem
1201 1456 1213 1491 :
1237 1438 1337 1491 ιιἱεὶ
1366 1441 1503 1507 quod
1534 1440 1595 1492 ad
1626 1441 1879 1507 reliquam
1912 1442 2132 1496 Joannis
2158 1443 2376 1513 gloriam

803 1526 929 1580 inde
952 1541 1137 1595 magna
1163 1528 1430 1581 videretur
1453 1528 1581 1583 facta
1612 1531 1867 1595 aeeeSsio,
1893 1532 2031 1600 quod
2054 1541 2253 1586 tantum
2278 1534 2378 1587 lm-

804 1630 1101 1687 peratorem
1136 1618 1352 1673 laudum
1382 1636 1593 1674 suarum
1619 1636 1912 1689 pra-cenem
1945 1623 2204 1677 invenerit
2235 1627 2382 1678 Ano—

792 1684 996 1782 ‘uymus
1025 1728 1186 1764 untun
1212 1722 1303 1766 aut
1342 1714 1563 1767 alterum
1606 1715 1764 1768 habet
1793 1729 2027 1769 errorem
2062 1717 2382 1784 peculiarem

803 1811 857 1857 et
895 1816 1067 1855 suum.
1102 1803 1334 1856 Primum
1363 1815 1444 1857 est
1469 1805 1627 1857 latum
1656 1807 1784 1858 satis
1811 1815 1864 1860 et
1894 1822 2131 1861 crassum
2166 1812 2387 1865 menda-

803 1895 965 1958 cium,
1000 1895 1137 1964 quod
1168 1896 1441 1950 Libanium
1484 1896 1640 1952 faciat
1678 1900 1744 1953 ad
1786 1900 2050 1956 Julianum
2074 1903 2181 1972 jam
2212 1906 2389 1974 Augu-

803 1994 942 2037 stum
968 1985 1252 2050 dicentem,
1284 1987 1549 2041 neminem
1577 1989 1786 2044 illorum
1820 2008 2129 2062 magnorum
2157 1996 2390 2062 philoso-

755 2073 768 2087 '
806 2076 1031 2145 phorum
1061 2078 1264 2133 Joanne
1287 2081 1614 2149 superiorem
1643 2098 1782 2143 esse,
1813 2100 1878 2137 ne
1906 2100 2151 2153 magnum
2176 2086 2389 2153 quidem

809 2170 959 2222 illiilli
990 2181 1042 2224 et
1068 2170 1302 2224 divinum
1332 2171 1624 2239 PlatOnezu,
1663 2189 1758 2227 nec
1786 2177 1835 2226 in
1858 2175 2159 2244 eloquentia
2194 2176 2389 2230 Dento-

805 2260 1083 2323 sthcuem;
1110 2261 1248 2329 quod
1280 2271 1335 2314 ut
1362 2278 1544 2315 verum
1579 2273 1760 2331 postea
1787 2264 1949 2320 fuisse
1978 2267 2184 2331 deuius,
2212 2268 2275 2321 ad
2303 2269 2395 2322 Ju-

807 2350 1005 2404 lianum
1032 2361 1175 2405 certe
1211 2352 1314 2406 diei
1342 2369 1447 2409 non
1488 2357 1677 2420 potuit,
1709 2357 1797 2426 qui
1823 2369 2062 2411 mortuus
2083 2370 2164 2413 est
2191 2361 2394 2414 Joanne

810 2441 892 2493 vix
918 2456 981 2495 ac
1006 2457 1071 2496 ne
1100 2443 1183 2496 vix
1210 2444 1421 2513 quidem
1446 2456 1689 2499 octavum
1719 2450 1890 2503 aetatis
1914 2465 2108 2503 annttm
2134 2452 2391 2520 ingresso;

812 2542 868 2586 ut
888 2533 1191 2588 exclamare
1215 2536 1391 2598 libeat,

1057 2632 1111 2675 Et
1126 2628 1241 2689 quid
1266 2641 1361 2678 non
1379 2632 1554 2680 Graecia
1573 2633 1778 2682 mendax

940 2707 1092 2759 audet
1108 2710 1157 2758 in
1175 2709 1477 2773 historia....,

821 2794 1117 2862 prtesertim
1152 2794 1250 2849 ista
1272 2800 1570 2852 recentior!
1601 2799 1731 2853 lluie
1756 2800 1928 2853 simile
1949 2816 2011 2854 ae.
2038 2816 2172 2869 pene
2197 2818 2404 2871 germa-

818 2900 945 2939 num
968 2895 1069 2951 est,
1098 2883 1411 2957 Gregorium
1441 2888 1848 2957 Nazianzenum,
1879 2908 1955 2947 se.
1981 2893 2106 2947 dum
2130 2893 2305 2948 adhuc
2321 2909 2407 2948 es-

818 2984 901 3031 set
928 2976 1227 3032 Patriareha
1249 2977 1309 3033 G.
1342 2980 1423 3045 P.,
1454 2996 1573 3035 cum
1597 2980 1899 3037 Theodosio
1925 2984 2113 3053 Magno
2133 3000 2407 3040 sermones

826 3083 1012 3124 serere
1039 3069 1105 3124 de
1130 3070 1348 3125 Joannis
1378 3073 1707 3128 orationibus
1731 3073 2066 3140 Statuarum;
2096 3092 2215 3131 eum
2244 3079 2406 3130 notis-

824 3160 1017 3214 simum
1049 3161 1138 3226 sit,
1176 3160 1488 3231 Gregorium
1517 3164 1760 3219 abdicato
1786 3167 2112 3234 episcopatu,
2144 3176 2197 3221 et
2222 3167 2405 3221 relicta

825 3251 1303 3323 Constantinopoli,
1334 3254 1385 3309 in
1405 3253 1789 3325 Cappadociam
1817 3258 2163 3318 concessisse.
2189 3259 2303 3328 ipso
2320 3274 2408 3311 se.-

826 3344 1015 3399 eundae
1059 3344 1248 3416 synodi
1297 3354 1555 3416 tempore,
1586 3362 1726 3402 anno
1771 3348 1977 3403 Domini
2021 3350 2143 3409 581.
2196 3351 2409 3405 vixdum

830 3434 1062 3492 diacono
1081 3436 1305 3509 Joanne,
1336 3447 1390 3494 et
1411 3453 1579 3496 annos
1608 3440 1884 3496 minimum
1912 3453 2115 3506 septem
2143 3453 2266 3496 ante
2284 3451 2415 3497 tem-

2038 586 2825 658 MAR'I'YliliAN'l'lOCIIENI
3985 609 4046 650 ιι.

2477 718 2573 771 pus
2598 716 2905 757 erersaruiu
2938 710 3249 757 statuarum.
3284 706 3363 761 Ad
3400 704 3649 762 miracula
3680 708 3819 774 quod
3849 720 4051 778 Spet‘lal

2478 794 2599 848 licet
2624 810 2804 847 eorum
2836 792 3139 862 diligentem
3168 796 3532 851 collectionem
3572 796 3759 851 fecisse
3796 797 4052 868 Georgius

2483 894 2664 952 ρυεςρι
2694 885 2878 949 videri,
2915 888 3040 937 satis
3069 894 3241 938 tamen
3275 889 3506 953 amplum
3539 889 3749 957 reliquit
3774 888 4053 956 AllOlt)‘lll0

2480 977 2827 1043 Spirilegium.
2865 978 3006 1030 Visio
3036 975 3290 1044 Gregorio
3316 975 3588 1048 Tliculogo
3617 980 3753 1035 facta
3788 980 3855 1034 de
3894 978 4049 1035 Joan.

2482 1083 2548 1119 ne
2576 1084 2692 1135 cap.
2727 1070 2823 1129 57;
2848 1069 2912 1121 de
2938 1070 2995 1123 S.
3028 1069 3190 1122 l’aulo
3215 1066 3431 1121 Joannis
3458 1072 3813 1137 expositiones
3834 1086 3924 1124 suo
3956 1074 4059 1140 {ur-

2482 1175 2565 1209 ma
2596 1174 2836 1226 corporea
2864 1159 3211 1212 confirmante
3232 1172 3348 1226 cap.
3378 1156 3475 1216 59:
3504 1161 3641 1226 quod
3672 1162 3902 1216 Joannes
3933 1159 4061 1214 Pru-

2482 1248 2566 1300 elo
2588 1248 2975 1299 successionem
3002 1249 3050 1300 iu
3075 1249 3198 1301 sede
3222 1248 3279 1302 C.
3305 1250 3364 1301 P.
3391 1248 3627 1315 pra-dicit
3645 1268 3761 1321 cap.
3786 1254 3881 1317 60;
3905 1251 4065 1307 Joan-

2486 1337 2567 1388 nis
2622 1334 2924 1403 frequentes
2965 1342 3190 1389 ὀπτασίαι
3241 1341 3378 1390 inter
3429 1340 3651 1406 synaxin
3693 1342 4063 1396 celebranda.»

2485 1440 2601 1493 cap.
2636 1426 2725 1489 72,
2767 1427 2853 1489 75,
2904 1428 2999 1489 τις
3032 1428 3292 1495 apparitio
3337 1427 3581 1492 Audrcm,
3627 1429 3884 1502 Stacl:yos
3922 1443 3975 1488 et
4004 1432 4063 1486 Β.

2487 1518 2719 1587 Virgiui~
2746 1535 2863 1589 cap.
2895 1522 2994 1581 79;
3021 1520 3289 1584 prmitietio
3318 1519 3451 1571 facta
3479 1518 3667 1573 Nim‘m
3706 1522 3771 1576 de
3814 1524 4066 1578 Mauricio

2493 1614 2817 1684 lmperatore
2833 1629 2949 1683 cap.
2974 1616 3099 1675 107;
3123 1615 3345 1667 risiones
3369 1614 3523 1667 Marci
3544 1626 3594 1668 et
3609 1614 3787 1684 Cyrilli
3805 1633 3922 1687 cap.
3944 1619 4064 1681 1'28,

2498 1705 2635 1767 1‘29;
2671 1717 2867 1757 tremor
2912 1707 3136 1771 sepulcri
3190 1705 3439 1758 Eudoxio:
3480 1720 3595 1773 cap.
3645 1706 3762 1765 l5'2.
3809 1715 3863 1760 et
3891 1724 4071 1761 neseto

2496 1812 2614 1864 quse
2644 1797 2775 1847 facta
2810 1796 3061 1847 miracula
3084 1796 3133 1846 in
3162 1797 3491 1849 translatione
3520 1796 3864 1867 reliquiarum,
3892 1814 4010 1867 qum
4039 1814 4067 1852 a

2494 1887 2761 1941 Vestinae
2782 1894 3050 1938 mutuatus
3068 1896 3181 1940 est:
3210 1887 3323 1941 haec
3348 1890 3545 1953 omnia,
3569 1891 3803 1959 inquam,
3835 1892 4070 1959 ejusdem

2498 1982 2701 2036 ordinis
2736 1981 2940 2048 locique
2970 1991 3093 2033 sunt
3122 1997 3240 2035 eum
3274 1984 3379 2037 illis
3405 1985 3522 2037 aliis
3548 1985 3880 2054 Georgianis.
3921 1984 4073 2051 Quod

2499 2076 2543 2130 si
2575 2073 2699 2126 illud
2730 2073 2923 2140 Ephori
2965 2072 3101 2137 apud
3129 2074 3446 2125 Straboni-2n
3475 2075 3544 2127 de
3582 2078 3796 2128 oraculo
3825 2076 4078 2141 Delphico

2502 2164 2749 2233 scripturi
2771 2182 2782 2217 :
2810 2164 3045 2234 ineptum
3074 2178 3192 2217 esse
3218 2164 3281 2217 de
3307 2166 3522 2217 oraculo
3543 2166 3777 2218 omnium
3800 2167 4079 2218 verissimo

2500 2267 2763 2321 acturum,
2807 2257 3022 2310 incertis
3059 2258 3358 2311 rumoribus
3387 2266 3439 2311 et
3478 2258 3866 2311 narrationibus
3905 2258 4082 2311 minus

2502 2349 2866 2417 probabilibus
2896 2348 3203 2417 indulgere:
3230 2349 3292 2413 si,
3338 2349 3571 2417 inquam,
3606 2348 3706 2402 boc
3751 2349 3814 2401 iis
3854 2349 4085 2401 venisset

2505 2440 2558 2493 in
2591 2449 2842 2500 mentem,
2872 2440 2961 2508 qui
3004 2455 3089 2493 res
3118 2439 3207 2493 Dei
3248 2448 3301 2491 et
3342 2438 3588 2492 Ecclesia:
3614 2437 3908 2509 posteritati
3935 2445 4087 2491 erant

2508 2532 2905 2595 transmissuri;
2939 2545 3043 2583 non
3092 2530 3230 2583 hanc
3276 2540 3579 2597 corruptam
3624 2536 4087 2583 monumentorum

2510 2625 2670 2679 fidem
2704 2625 2958 2677 immensa
2987 2622 3213 2691 fingendi
3258 2621 3473 2675 libidine
3504 2621 3693 2674 merito
3720 2634 4086 2688 quereremur.

2507 2716 2611 2773 Sed
2642 2716 2828 2771 desino
2848 2714 3045 2768 inutiiis
3070 2713 3320 2782 querelte,
3339 2711 3472 2766 ctad
3500 2710 3890 2779 Metapbrasten
3913 2719 4090 2763 trans-

2512 2822 2609 2870 eo,
2640 2803 2705 2860 ad
2727 2822 2884 2875 quem
2906 2805 3201 2877 quidquam
3258 2812 3442 2857 notare
3481 2819 3585 2857 non
3631 2817 3764 2871 Opus
3807 2811 3907 2855 est.
3951 2796 4086 2854 Nihil

2515 2897 2658 2951 enim
2689 2894 2867 2960 habet,
2899 2894 3038 2964 quod
3080 2909 3185 2948 non
3231 2903 3321 2947 aut
3357 2894 3495 2962 apud
3522 2894 3805 2962 Georgium
3838 2892 4086 2960 reperies,

2516 2997 2606 3041 aut
2633 2987 2770 3057 apud
2796 2988 3153 3055 Anonymum,
3179 3001 3334 3056 quem
3365 2986 3477 3040 fere
3504 2986 3771 3053 exprimit.
3810 2984 4089 3054 Anonymo

2516 3080 2657 3134 enim
2702 3093 2821 3133 cum
2872 3078 3227 3147 Metapbraste
3274 3092 3461 3132 sensus
3503 3077 3615 3131 fere
3657 3090 3886 3144 semper,
3932 3074 4089 3129 verba

2516 3170 2676 3223 etiam
2706 3169 3014 3238 plerumque
3043 3178 3166 3223 sunt
3194 3167 3513 3221 communia.
3545 3168 3715 3234 Atque
3739 3165 3851 3218 lucc
3875 3180 3938 3218 ex
3962 3163 4097 3217 mni-

2521 3262 2588 3315 tis
2604 3259 2860 3314 adnotare
2874 3260 3045 3313 visum
3069 3268 3149 3314 est
3169 3257 3235 3312 ad
3258 3266 3498 3311 auctores
3515 3272 3689 3311 rerum
3710 3253 4094 3325 Chrysostomi:

2518 3364 2637 3419 quae
2662 3349 2958 3415 doctorum,
2984 3358 3041 3404 ut
3062 3348 3190 3415 dixi,
3206 3348 3420 3419 judicio,
3452 3356 3506 3401 ut
3529 3362 3642 3401 mea
3672 3362 3882 3415 quoque
3897 3345 4094 3405 omnia.

2524 3442 2798 3504 permitto.
2812 3459 2831 3492 ι
