4466 6766
319 687 411 730 ut

1397 665 1484 720 DE
1522 665 1579 721 S.
1620 655 1890 718 IOANNE
1929 649 2462 710 CHRYSOSTOMO.
3468 657 3581 702 εχει

329 798 3563 865 Νη,

1093 993 1818 1116 MARTYBII
1913 985 2762 1110 ANTIOCHEN
2774 984 2820 1095 Ι

580 1290 1449 1388 PANEGYRICUM
1523 1292 1620 1382 S.
1695 1285 2213 1383 JOANNIS
2286 1275 3132 1374 CHRYSOSTOMI
3209 1254 3331 1362 (³).

421 1847 563 1902 Inter
594 1846 764 1899 varios
809 1841 978 1894 sancti
1011 1836 1233 1891 Joannis
1261 1833 1608 1904 Chrysostomi
1633 1833 1751 1886 vitta
1794 1831 1927 1884 scri-

347 1948 520 2007 ptores
555 1935 771 2006 quidam
815 1939 889 1983 est
958 1927 1170 1984 Grcecus
1225 1926 1526 1995 Anonymus
1568 1940 1601 1977 a
1631 1920 1830 1977 Savilio
1874 1921 1930 1973 in

349 2038 530 2082 octavo
557 2023 797 2079 editionis
828 2035 937 2074 sum
967 2031 1106 2072 tomo
1145 2017 1409 2089 vulgatus,
1435 2032 1587 2087 quem
1628 2023 1805 2066 tamen
1832 2027 1930 2082 po-

349 2131 572 2174 stremus
589 2113 941 2185 Chrysostomi
966 2113 1133 2165 editor
1161 2109 1603 2181 Montfauconius,
1626 2121 1930 2177 quanquam

349 2210 484 2280 stylo
519 2224 619 2260 non
640 2209 988 2268 invenustum,
1025 2203 1270 2255 recudere
1299 2199 1629 2260 noluit,qnia
1663 2196 1793 2249 nihil
1825 2197 1933 2264 fere

353 2303 419 2355 ab
455 2318 514 2355 eo
547 2301 616 2352 ad
665 2298 922 2366 majorem
963 2293 1262 2363 argumenti
1306 2291 1550 2343 notitiam
1582 2289 1808 2356 conferri
1837 2303 1936 2352 pu-

355 2394 506 2446 tavit.
533 2393 779 2444 Attamen
813 2389 908 2439 hoc
930 2399 1118 2438 novum
1151 2396 1315 2450 neque
1336 2380 1459 2432 levis
1487 2379 1732 2431 momenti
1767 2377 1823 2428 in
1847 2375 1938 2426 illo

356 2493 490 2545 erat,
526 2489 738 2534 notante
781 2478 942 2531 etiam
982 2472 1392 2543 Montfuuconio,
1437 2476 1573 2538 quod
1606 2469 1818 2521 nomina
1848 2482 1939 2520 xu

357 2582 632 2627 auctorum
664 2567 942 2628 recitabat,
975 2583 1006 2618 a
1048 2564 1230 2634 quibus
1277 2579 1355 2616 res
1399 2571 1556 2632 gesta:
1593 2557 1942 2628 Chrysostomi

358 2661 734 2718 commendati:
775 2657 967 2711 litteris
1011 2656 1256 2726 fuerunt,
1288 2663 1446 2722 atque
1473 2653 1562 2704 hos
1589 2652 1725 2704 inter
1761 2648 1944 2702 Antio-

361 2757 578 2807 chenum
607 2751 970 2820 patriarcham
1021 2745 1336 2816 Martyrium
1383 2743 1650 2812 ponebat;
1691 2741 1760 2794 ad
1793 2756 1944 2810 quem

362 2845 619 2915 Anonymi
676 2845 846 2897 locum
893 2839 1234 2894 Bollandiani
1293 2837 1410 2908 (die
1467 2835 1534 2888 14
1590 2832 1942 2902 Septembris,

363 2945 404 2989 t.
457 2936 544 3000 IV,
581 2952 634 3004 p.
667 2933 791 2998 406,
827 2933 924 2987 col.
961 2931 1017 3001 2)
1049 2931 1126 2984 sic
1170 2936 1590 2983 commentantur
1625 2941 1642 2978 :
1691 2946 1708 2975 ι
1744 2923 1947 2976 Floruit

366 3022 651 3090 Martyrius
676 3019 867 3073 stvculo
895 3033 945 3082 ν,
978 3027 1028 3072 et
1072 3025 1440 3086 consequenter
1467 3014 1598 3068 satis
1625 3013 1946 3081 propinquus

367 3116 480 3160 erat
522 3107 836 3176 temporibus
877 3103 1226 3174 Chrysostomi
1279 3103 1350 3154 ad
1402 3111 1546 3171 gesta
1604 3100 1768 3168 ipsius
1813 3104 1948 3149 recte

369 3195 670 3246 emtrranda
691 3209 708 3255 ;
733 3191 822 3244 sed
856 3189 986 3243 nihil
1013 3189 1328 3258 scriptorum
1359 3187 1471 3254 ejus
1498 3185 1743 3237 innotuit.
1784 3202 1800 3232 ι
1842 3180 1950 3253 Ego

369 3300 489 3338 vero
517 3283 859 3336 memineram
900 3296 981 3334 me
1019 3289 1144 3332 ante
1173 3278 1462 3344 complures
1504 3290 1671 3328 annos
1701 3275 1873 3326 videre
1897 3273 1954 3325 in

372 3375 558 3430 Leonis
604 3373 788 3427 Allatii
827 3372 1025 3427 schedis
1061 3370 1438 3425 Vallicellianis
1493 3370 1748 3437 scriptum
1806 3369 1954 3419 breve

372 3467 616 3536 Hartyrii
643 3467 718 3520 De
737 3465 855 3520 Vita
881 3463 1251 3534 Chrysostomi
1283 3481 1296 3516 :
1326 3478 1463 3514 nunc
1492 3470 1692 3514 autem.
1718 3476 1781 3513 ne
1810 3461 1956 3513 rien-

376 3558 484 3611 lum
535 3557 722 3610 omisso
767 3557 908 3627 fonte
943 3563 1302 3616 consectarer,
1345 3551 1572 3604 codicem
1610 3549 1736 3603 mihi
1779 3558 1958 3602 notum

382 3649 690 3702 Vaticanum
723 3647 925 3716 inspexi
954 3646 1110 3715 (unde
1133 3643 1362 3697 Allatius
1385 3657 1586 3712 quoque
1614 3650 1670 3692 ut
1708 3648 1832 3708 puto
1866 3655 1960 3692 ex-

377 3742 620 3810 scripsit)
647 3742 945 3809 antiquum,
976 3736 1282 3799 miscellam,
1315 3736 1400 3787 ubi
1440 3735 1575 3785 imer
1612 3741 1800 3785 ca’tera
1827 3732 1962 3782 hanc

380 3831 623 3898 Martyrii
657 3831 942 3898 pretiosam
983 3825 1302 3897 gemmulam
1336 3823 1504 3891 reperi
1545 3837 1663 3874 cum
1706 3837 1764 3873 eo
1810 3819 1963 3872 titulo

381 3939 533 3992 quem
574 3923 631 3974 in
660 3921 830 3991 fronte
855 3918 1098 3972 editionis
1145 3917 1324 3970 recito.
1366 3914 1475 3968 Hoc
1515 3930 1607 3984 ego
1649 3914 1756 3966 viso
1788 3911 1960 3975 titulo,

381 4015 564 4067 statim
591 4012 799 4083 agnovi,
831 4027 935 4064 non
958 4009 1234 4063 historiam
1258 4007 1466 4077 proprie
1481 4023 1571 4060 seu
1601 4005 1968 4077 biographiam

383 4103 755 4173 Chrysostomi,
783 4102 873 4156 sed
915 4102 1288 4171 panegyricum
1327 4116 1358 4151 a
1391 4098 1646 4168 Martyrio
1691 4097 1966 4165 scriptum,

384 4197 524 4267 quod
550 4211 695 4266 aeque
745 4194 983 4248 nonnulli
1038 4193 1135 4246 alii
1188 4194 1418 4263 fecerunt
1452 4191 1518 4245 ab
1571 4192 1663 4244 illo
1701 4191 1970 4260 Anongnto

387 4287 685 4351 memorati,
719 4303 766 4339 ιν.
802 4303 883 4356 gr.
934 4283 1149 4338 Proclus
1179 4293 1227 4337 et
1254 4283 1411 4336 Joan.
1459 4282 1845 4344 Damascenus,
1878 4282 1968 4350 qui

388 4378 732 4440 orationibus,
769 4395 900 4445 quas
940 4393 1049 4446 pra:
1082 4375 1320 4429 manibus
1348 4374 1613 4438 habemus,
1645 4373 1968 4441 Chrysosto-

389 4487 534 4525 munt
565 4469 970 4522 celebraverunt.
1001 4467 1349 4520 Nihilominus
1379 4464 1692 4517 auctoritate
1721 4462 1967 4530 Martyrii

391 4571 690 4632 permotus,
725 4561 814 4630 qui
857 4574 1056 4612 comuus
1098 4560 1458 4628 Chrysostomo
1513 4556 1630 4627 fuit,
1679 4565 1726 4608 et
1777 4555 1968 4607 codicis

393 4657 555 4710 etiam
604 4653 817 4706 raritati
855 4653 1057 4714 timens,
1092 4652 1180 4722 qui
1228 4666 1343 4702 cmn
1389 4649 1607 4716 fortasse
1655 4647 1721 4699 sit
1765 4646 1969 4707 unicus,

393 4755 640 4816 pereunte
666 4761 744 4808 eo,
764 4743 1047 4812 Hartyrius
1066 4741 1224 4796 simul
1251 4741 1463 4811 periret,
1495 4738 1639 4792 nolui
1670 4739 1797 4791 mihi
1819 4754 1973 4806 pror-

394 4855 481 4892 sus
514 4838 650 4892 elabi
677 4836 861 4890 edendi
893 4836 989 4887 hoc
1017 4837 1268 4902 scriptum
1294 4833 1656 4895 occasionem;
1679 4830 1774 4884 etsi
1808 4840 1862 4883 ut
1890 4831 1975 4883 di-

397 4932 467 4983 cit
490 4930 694 4989 titulus,
721 4939 879 4998 atque
908 4928 1017 4995 ipse
1043 4935 1214 4980 textus
1239 4925 1581 4984 demonstrat,
1613 4923 1820 4975 nonnisi
1851 4939 1976 4989 pars

398 5032 663 5090 postrema
690 5021 1014 5073 tauaationis
1039 5027 1136 5072 est.

471 5114 551 5165 Ad
579 5111 827 5181 Martyrii
871 5121 1084 5166 aetatem
1119 5114 1255 5181 quod
1295 5109 1502 5171 attinet,
1535 5105 1781 5159 Boschius
1806 5105 1974 5176 (Patr.

399 5203 656 5259 Antioch.
691 5219 744 5256 π.
771 5202 971 5274 XLI")
1012 5202 1210 5272 aliique
1241 5201 1476 5254 historici
1515 5201 1710 5268 factum
1743 5213 1861 5249 eum
1889 5212 1980 5264 pa-

402 5295 690 5350 triarcham
719 5294 988 5346 observant
1020 5294 1159 5345 circa
1186 5309 1384 5344 annum
1414 5292 1538 5357 459,
1569 5290 1843 5344 decessisse
1877 5305 1979 5341 au-

404 5398 512 5442 tem
535 5402 676 5441 anu
693 5383 970 5454 571.1390
987 5384 1111 5453 quia
1128 5382 1526 5451 Chrysostonsns
1552 5384 1695 5437 haud
1725 5381 1861 5434 ultra
1883 5396 1982 5433 an-

405 5495 533 5532 nuus
552 5479 660 5532 407
672 5478 835 5530 vitam
854 5472 1120 5548 produxit,
1138 5472 1375 5542 sequitur
1401 5482 1455 5526 ut
1480 5473 1533 5526 Μ
1539 5475 1771 5544 artyrius
1797 5471 1981 5526 adole-

403 5586 549 5623 scens
569 5570 856 5623 admodum
877 5567 1236 5638 Chrysostomo
1269 5564 1486 5618 abeunte
1517 5566 1698 5633 fuerit.
1729 5565 1889 5632 Atqui
1926 5565 1984 5618 in

407 5663 716 5718 laudatione
744 5681 797 5719 n.
848 5665 883 5719 4
935 5663 1105 5716 adhuc
1143 5659 1522 5730 quodammodo
1569 5660 1856 5729 Martyrius
1895 5659 1987 5712 du-

406 5751 542 5804 bitat
569 5768 692 5806 num
747 5771 928 5824 reapse
969 5753 1247 5807 exstinctus
1301 5757 1426 5803 esset
1481 5747 1895 5818 Chrysostomus,
1916 5766 1988 5804 an

408 5839 602 5893 alicubi
642 5858 672 5892 a
713 5843 1122 5910 persecutoribus
1171 5840 1504 5896 occultatus:
1540 5855 1659 5910 ergo
1695 5844 1986 5897 orationem

473 6045 547 6110 (α)
587 6045 696 6102 nisi,
731 6042 1019 6094 Bibliotheca
1044 6059 1162 6095 nam
1200 6047 1279 6097 PP
1308 6084 1316 6097 .
1349 6053 1378 6095 ιη
1417 6049 1476 6106 11,
1501 6062 1546 6111 Γ.
1583 6046 1687 6095 '>'l.‘)'.

2028 1830 2164 1882 hanc
2185 1828 2295 1880 sine
2322 1825 2477 1878 dubio
2505 1824 2652 1894 longe
2686 1830 2808 1876 ante
2843 1822 3197 1892 episcopatum
3224 1835 3376 1871 suum
3405 1819 3611 1888 scripsit

2030 1919 2355 1988 Martyrius;
2382 1931 2685 1986 quanquam
2707 1916 2749 1967 is
2778 1916 2835 1968 in
2866 1913 3018 1966 titulo
3047 1923 3094 1966 et
3120 1928 3258 1965 nunc
3283 1920 3330 1964 et
3360 1911 3485 1964 olim
3510 1911 3616 1980 epi-

2031 2013 2173 2082 scopi
2201 2026 2388 2064 nomen
2419 2009 2572 2079 gerit,
2608 2015 2666 2059 ut
2687 2005 2985 2059 auctoribus
3019 2021 3230 2074 operum
3258 2013 3372 2074 post
3399 2005 3614 2071 adeptos

2032 2107 2249 2158 honores
2306 2102 2505 2172 passim
2556 2099 2770 2152 accidit.
2803 2097 3094 2166 Creteroqui
3131 2113 3290 2148 causa
3341 2096 3615 2148 dubitandi

2035 2192 2097 2244 de
2123 2191 2292 2242 sancti
2323 2189 2422 2241 viri
2451 2187 2591 2240 obitu
2636 2203 2735 2238 non
2769 2195 2878 2238 tam
2934 2201 2988 2236 re
3025 2184 3206 2253 aliqua
3238 2183 3494 2253 probabili
3536 2185 3617 2235 ni-

2039 2281 2265 2340 tebatur,
2319 2295 2477 2347 quam
2519 2279 2724 2345 piorum
2777 2276 3073 2328 amantium
3123 2275 3378 2328 desiderio
3417 2276 3622 2327 diutino

2039 2367 2451 2430 sustentabatur,
2493 2367 2582 2436 qui
2637 2367 2794 2418 talem
2823 2367 3118 2434 episcopum
3157 2382 3220 2418 ac
3256 2375 3545 2433 parentem,
3577 2367 3624 2417 si

2041 2459 2156 2528 ﬁeri
2186 2469 2372 2529 posset,
2408 2459 2592 2511 obiisse
2616 2457 3062 2527 nolebant,deque
3091 2472 3149 2509 eo
3185 2473 3420 2509 rumores
3453 2457 3626 2509 varios

2044 2549 2190 2602 inani
2218 2549 2600 2618 exspectatione
2628 2547 2866 2601 serebant
2889 2547 3041 2615 quasi
3062 2547 3116 2598 in
3137 2546 3346 2616 angulis
3376 2544 3628 2615 Scythicis

2046 2639 2214 2691 adhuc
2244 2639 2468 2700 viveret;
2491 2637 2648 2690 veluti
2681 2636 2902 2700 exempli
2933 2652 3092 2688 causa
3124 2653 3246 2706 gens
3281 2636 3538 2689 Lusitana
3568 2637 3633 2689 de

2046 2730 2348 2786 Sebastiani
2377 2730 2513 2800 regis
2557 2730 2611 2781 in
2661 2727 2844 2796 prtelio
2878 2729 3132 2797 Africano
3161 2727 3414 2780 occisione
3453 2728 3636 2781 diutis-

2046 2825 2176 2876 sime
2191 2823 2468 2876 dubitavit.
2504 2821 2647 2874 Illud
2675 2821 2810 2874 serio
2837 2821 3360 2874 animadvertendum
3387 2822 3635 2891 est,quod

2048 2915 2331 2984 Martyrius
2357 2914 2570 2984 quidam
2598 2913 3210 2982 Constantinopolitanus
3245 2913 3498 2966 diaconus
3526 2912 3636 2966 Ro-

2052 3023 2194 3060 mam
2251 3007 2320 3058 ad
2354 3005 2714 3058 Innocentium
2763 3021 2857 3073 pro
2896 3004 3249 3073 Chrysostomi
3292 3021 3453 3058 causa
3501 3005 3640 3058 venit

2055 3097 2284 3166 (Montf..
2317 3095 2424 3149 Vit.
2471 3095 2697 3166 Chrys.,
2731 3113 2784 3166 p.
2834 3096 2980 3165 154).
3035 3097 3219 3151 Utrum
3273 3105 3451 3150 tamen
3503 3097 3641 3149 idem

2053 3202 2206 3238 nomo
2250 3187 2426 3257 fuerit,
2454 3187 2542 3256 qui
2594 3186 2969 3240 Antiochenam
2998 3196 3176 3256 postea
3219 3188 3526 3241 cathedram
3558 3203 3643 3240 oc—

2057 3277 2288 3344 cuparit,
2320 3276 2448 3328 mihi
2478 3293 2578 3328 non
2607 3277 2739 3329 satis
2780 3276 2961 3347 liquet.
2993 3276 3045 3331 Is
3079 3287 3153 3332 est
3183 3287 3319 3330 certe
3354 3277 3642 3348 Martyrius

2059 3377 2230 3420 noster
2255 3384 2406 3437 quem
2445 3365 2502 3421 S.
2544 3366 2734 3420 Petrus
2770 3367 3083 3432 Damianus,
3118 3384 3295 3435 opusc.
3332 3383 3442 3433 χιι,
3481 3369 3533 3432 1,
3566 3367 3644 3421 De.

2058 3458 2396 3513 abdicatione
2428 3458 2619 3527 episc.,
2650 3461 2839 3528 refert,
2885 3467 3096 3528 propter
3119 3459 3418 3512 dissidentis
3470 3457 3646 3512 inobe—

2060 3553 2315 3605 dientiam
2351 3550 2528 3620 populi
2561 3551 2865 3602 cathedram
2895 3550 3152 3604 dimisisse
3177 3551 3429 3603 dicentem
3447 3565 3466 3602 :
3489 3569 3505 3599 ι
3533 3550 3644 3603 Cle-

2062 3661 2122 3696 ro
2150 3660 2250 3695 non
2280 3643 2504 3705 subdito,
2537 3652 2584 3695 et
2607 3641 2799 3711 populo
2829 3642 3122 3705 dissidenti,
3140 3652 3187 3694 et
3211 3640 3457 3695 Ecclesiae
3485 3658 3646 3711 squa-

2065 3734 2190 3786 lenti
2237 3733 2578 3797 abrenuntio,
2615 3747 2826 3785 servans
2874 3732 3108 3785 mihimet
3154 3732 3436 3786 sacerdotii
3474 3731 3646 3801 digni-

2067 3833 2248 3880 tatem.
2288 3842 2306 3875 ι

2140 3914 2276 3968 Pars
2323 3915 2448 3977 ha’c,
2499 3931 2654 3984 quam
2707 3932 2796 3969 nos
2830 3917 3194 3986 comperimus,
3220 3917 3534 3989 Panegyrici
3569 3935 3651 3972 ex-

2071 4016 2540 4072 trema,versatur,
2582 4016 2638 4060 ut
2668 4024 2767 4078 par
2802 4018 2934 4070 erat,
2968 4009 3022 4060 in
3053 4011 3295 4062 extremis
3335 4012 3654 4064 sanctissimi

2069 4101 2172 4154 viri
2206 4100 2374 4162 rebus,
2396 4099 2612 4169 ejusque
2638 4101 2798 4153 veluti
2819 4103 3134 4170 martyrium
3163 4102 3408 4166 celebrat,
3440 4114 3654 4173 propter

2071 4192 2473 4261 injustissimam
2505 4192 2858 4261 improborum
2905 4194 3175 4248 hominum
3225 4197 3652 4265 persecutionem.

2079 4283 2353 4338 Hominem
2386 4284 2588 4338 nullum
2637 4285 2954 4339 nominatim
2995 4287 3230 4357 appellat
3272 4297 3473 4352 auctor,
3508 4298 3564 4342 ut
3595 4290 3660 4344 de

2075 4376 2362 4429 viventibus
2422 4377 2814 4447 potentibusque
2863 4378 2978 4446 fieri
3015 4380 3161 4445 solet,
3209 4383 3300 4434 sel
3349 4399 3433 4436 eos
3484 4392 3662 4436 tamen

2078 4467 2236 4521 claris
2286 4470 2415 4521 satis
2467 4468 2722 4523 coloribus
2764 4473 3038 4542 designat,
3071 4475 3432 4543 prtvcipuequc
3483 4491 3658 4528 senem

2079 4560 2352 4613 Arsacium
2366 4569 2414 4613 et
2442 4559 3062 4632 Atticum,Chrysostomi
3091 4564 3269 4616 ambos
3286 4574 3468 4617 contra
3501 4580 3661 4619 cano-

2081 4654 2255 4706 nicam
2285 4653 2519 4724 regulam
2538 4671 2877 4708 successores.
2895 4654 3000 4708 Sed
3023 4657 3078 4709 in
3097 4657 3328 4709 Atticum
3356 4659 3662 4727 gravissime

2082 4744 2360 4818 invehitur,
2393 4760 2546 4814 quem
2570 4745 2772 4816 alioqui
2797 4747 2993 4814 passim
3017 4747 3250 4801 historice
3276 4749 3526 4802 denotant
3544 4766 3662 4802 am-

2084 4835 2346 4898 bitiosum,
2378 4836 2720 4904 versipellem,
2751 4837 2985 4906 vafram,
3013 4853 3266 4907 quemque
3302 4838 3583 4893 Palladius
3605 4841 3660 4892 in

2086 4927 2303 4998 Dialogo
2332 4927 2400 4981 de
2437 4927 2555 4981 Vita
2599 4926 2813 4995 Chrys.,
2846 4943 2963 4995 cap.
3011 4928 3100 4996 Η,
3139 4930 3372 4983 omnium
3414 4931 3661 4984 adversus

2086 5020 2504 5088 Chrysostomum
2558 5018 2888 5071 molitionum
2939 5019 3064 5073 dicit
3114 5021 3388 5088 artiﬁcem.
3437 5021 3504 5076 Et
3541 5024 3664 5092 quia

2087 5111 2305 5174 Atticus,
2338 5120 2450 5178 post
2490 5111 2780 5163 adversarii
2822 5112 2904 5164 sui
2945 5111 3158 5176 obitum,
3203 5112 3403 5165 nullum
3437 5112 3670 5180 lapidem

2089 5219 2191 5255 non
2246 5202 2500 5264 movebat,
2539 5202 2830 5269 prtesertim
2878 5201 3311 5255 assentationibus
3344 5211 3392 5256 et
3432 5219 3662 5274 pecuare:

2089 5294 2408 5358 diribitione,
2449 5302 2503 5347 ut
2539 5295 2787 5348 mortales
2831 5311 3004 5347 omnes
3051 5295 3105 5347 in
3143 5311 3296 5348 suam
3325 5305 3530 5364 partem
3563 5307 3668 5350 tra-

2090 5390 2264 5450 heret,
2299 5386 2366 5438 ab
2403 5386 2501 5438 hac
2549 5385 2832 5456 Martyrius
2864 5401 2992 5454 pace
3021 5394 3070 5439 et
3112 5389 3470 5441 communione
3516 5388 3668 5443 valde

2091 5479 2324 5532 alienum
2353 5495 2407 5532 se
2435 5479 2578 5541 dicit,
2610 5488 2920 5547 eceterosque
2964 5494 3139 5532 omnes
3177 5479 3400 5532 deterret
3430 5495 3448 5533 :
3478 5480 3534 5532 in
3562 5496 3670 5551 qua

2091 5587 2220 5623 sane
2247 5570 2508 5624 discordia
2531 5570 2620 5622 diu
2643 5569 3013 5622 consentientes
3039 5569 3217 5622 [tabuit
3248 5577 3357 5622 tum
3377 5568 3670 5624 Orientales

2095 5670 2206 5713 tum
2248 5662 2407 5714 etiam
2455 5659 2806 5715 Occidentales
2861 5662 3146 5731 episcopos,
3186 5677 3278 5713 nec
3331 5677 3435 5716 non
3498 5663 3675 5733 ipsam

2096 5751 2390 5806 Romanam
2425 5753 2616 5816 sedem,
2647 5769 2763 5822 qua!
2795 5754 2998 5806 nonnisi
3032 5769 3167 5823 a'gre
3192 5769 3405 5826 seroque
3440 5752 3671 5808 Atticum.

2097 5844 2166 5895 ad
2191 5844 2604 5896 communionem
2633 5859 2783 5897 suam
2814 5843 3022 5912 recepit.
