  <div class='ocr_page' id='page_1' title='image "/cluster/home/n/w/nwhite01/storage/ocr_20150623/47/hvd.32044025239690/032.png"; bbox 0 0 4466 6732; ppageno 0'>
   <div class='ocr_carea' id='block_1_1' title="bbox 334 617 439 662">
    <p class='ocr_par' dir='ltr' id='par_1_1' title="bbox 334 617 439 662">
     <span class='ocr_line' id='line_1_1' title="bbox 334 617 439 662; baseline -0.029 0"><span class='ocrx_word' id='word_1_1' title='bbox 334 617 439 662; x_wconf 58' lang='grc' dir='ltr'><strong>κεν</strong></span> 
     </span>
    </p>
   </div>
   <div class='ocr_carea' id='block_1_2' title="bbox 1456 596 2512 658">
    <p class='ocr_par' dir='ltr' id='par_1_2' title="bbox 1456 596 2512 658">
     <span class='ocr_line' id='line_1_2' title="bbox 1456 596 2512 658; baseline 0 -4"><span class='ocrx_word' id='word_1_2' title='bbox 1456 604 1541 654; x_wconf 68' lang='lat' dir='ltr'><strong>ur;</strong></span> <span class='ocrx_word' id='word_1_3' title='bbox 1579 602 1635 656; x_wconf 88' lang='lat' dir='ltr'><strong>S.</strong></span> <span class='ocrx_word' id='word_1_4' title='bbox 1675 600 1940 658; x_wconf 74' lang='lat' dir='ltr'><strong>JOANNE</strong></span> <span class='ocrx_word' id='word_1_5' title='bbox 1981 596 2512 656; x_wconf 72' lang='lat' dir='ltr'><strong>CHRYSOSTOMO.</strong></span> 
     </span>
    </p>
   </div>
   <div class='ocr_carea' id='block_1_3' title="bbox 502 764 3197 792">
    <p class='ocr_par' dir='ltr' id='par_1_3' title="bbox 1004 764 3197 792">
     <span class='ocr_line' id='line_1_3' title="bbox 1004 764 3197 792; baseline 0.003 -27"><span class='ocrx_word' id='word_1_6' title='bbox 1004 764 1051 765; x_wconf 31' lang='grc' dir='ltr'><em>κν</em></span> <span class='ocrx_word' id='word_1_7' title='bbox 1284 764 1345 765; x_wconf 32' lang='lat'><strong>7,</strong></span> <span class='ocrx_word' id='word_1_8' title='bbox 1360 764 1835 768; x_wconf 34' lang='lat' dir='ltr'><strong>Ws</strong></span> <span class='ocrx_word' id='word_1_9' title='bbox 2358 764 2363 765; x_wconf 31' lang='grc' dir='ltr'><em>γ</em></span> <span class='ocrx_word' id='word_1_10' title='bbox 2522 764 3197 792; x_wconf 45' lang='grc' dir='ltr'><strong>ὴ-ῄ-π-</strong></span> 
     </span>
    </p>
   </div>
   <div class='ocr_carea' id='block_1_4' title="bbox 2690 759 3028 773">
    <p class='ocr_par' dir='ltr' id='par_1_4' title="bbox 2690 759 3028 773">
     <span class='ocr_line' id='line_1_4' title="bbox 2690 759 3028 773; baseline 0.012 -5"><span class='ocrx_word' id='word_1_11' title='bbox 2690 759 3028 773; x_wconf 49' lang='grc' dir='ltr'><strong>..ι-*-</strong></span> 
     </span>
    </p>
   </div>
   <div class='ocr_carea' id='block_1_5' title="bbox 3364 765 3548 777">
    <p class='ocr_par' dir='ltr' id='par_1_5' title="bbox 3364 765 3548 777">
     <span class='ocr_line' id='line_1_5' title="bbox 3364 765 3548 777; baseline 0.011 -3"><span class='ocrx_word' id='word_1_12' title='bbox 3364 765 3548 777; x_wconf 46' lang='lat' dir='ltr'><strong>CI“-</strong></span> 
     </span>
    </p>
   </div>
   <div class='ocr_carea' id='block_1_6' title="bbox 927 926 3034 1027">
    <p class='ocr_par' dir='ltr' id='par_1_6' title="bbox 927 926 3034 1027">
     <span class='ocr_line' id='line_1_6' title="bbox 927 926 3034 1027; baseline 0.006 -12"><span class='ocrx_word' id='word_1_13' title='bbox 927 926 1342 1021; x_wconf 79' lang='lat' dir='ltr'><strong>SANCTI</strong></span> <span class='ocrx_word' id='word_1_14' title='bbox 1420 929 1845 1019; x_wconf 80' lang='lat' dir='ltr'><strong>PATRIS</strong></span> <span class='ocrx_word' id='word_1_15' title='bbox 1918 930 2358 1025; x_wconf 81' lang='lat' dir='ltr'><strong>NOSTRI</strong></span> <span class='ocrx_word' id='word_1_16' title='bbox 2437 935 3034 1027; x_wconf 76' lang='lat' dir='ltr'><strong>MARTYBII</strong></span> 
     </span>
    </p>
   </div>
   <div class='ocr_carea' id='block_1_7' title="bbox 1581 1125 2347 1186">
    <p class='ocr_par' dir='ltr' id='par_1_7' title="bbox 1581 1125 2347 1186">
     <span class='ocr_line' id='line_1_7' title="bbox 1581 1125 2347 1186; baseline 0.007 -6"><span class='ocrx_word' id='word_1_17' title='bbox 1581 1125 1917 1185; x_wconf 82' lang='lat' dir='ltr'><strong>EPISCOPI</strong></span> <span class='ocrx_word' id='word_1_18' title='bbox 1937 1127 2347 1186; x_wconf 74' lang='lat' dir='ltr'><strong>ANTIOCHI£</strong></span> 
     </span>
    </p>
   </div>
   <div class='ocr_carea' id='block_1_8' title="bbox 617 1279 3321 1346">
    <p class='ocr_par' dir='ltr' id='par_1_8' title="bbox 617 1279 3321 1346">
     <span class='ocr_line' id='line_1_8' title="bbox 617 1279 3321 1346; baseline 0.004 -12"><span class='ocrx_word' id='word_1_19' title='bbox 617 1279 710 1335; x_wconf 71' lang='lat' dir='ltr'><strong>EX</strong></span> <span class='ocrx_word' id='word_1_20' title='bbox 746 1280 1189 1341; x_wconf 72' lang='lat' dir='ltr'><strong>LAUD.\TlONE</strong></span> <span class='ocrx_word' id='word_1_21' title='bbox 1228 1282 1298 1339; x_wconf 83' lang='lat' dir='ltr'><strong>IN</strong></span> <span class='ocrx_word' id='word_1_22' title='bbox 1335 1281 1663 1339; x_wconf 73' lang='lat' dir='ltr'><strong>SANCTUM</strong></span> <span class='ocrx_word' id='word_1_23' title='bbox 1694 1282 1976 1339; x_wconf 78' lang='lat' dir='ltr'><strong>PATREM</strong></span> <span class='ocrx_word' id='word_1_24' title='bbox 2010 1284 2350 1341; x_wconf 76' lang='lat' dir='ltr'><strong>NOSTRUM</strong></span> <span class='ocrx_word' id='word_1_25' title='bbox 2391 1282 2713 1341; x_wconf 78' lang='lat' dir='ltr'><strong>JOANNEM</strong></span> <span class='ocrx_word' id='word_1_26' title='bbox 2751 1286 3321 1346; x_wconf 75' lang='lat' dir='ltr'><strong>CllllYSOSTOMUM</strong></span> 
     </span>
    </p>
   </div>
   <div class='ocr_carea' id='block_1_9' title="bbox 1237 1373 2663 1435">
    <p class='ocr_par' dir='ltr' id='par_1_9' title="bbox 1237 1373 2663 1435">
     <span class='ocr_line' id='line_1_9' title="bbox 1237 1373 2663 1435; baseline 0.004 -5"><span class='ocrx_word' id='word_1_27' title='bbox 1237 1373 1841 1433; x_wconf 76' lang='lat' dir='ltr'><strong>ARCHIEPISCOPUM</strong></span> <span class='ocrx_word' id='word_1_28' title='bbox 1879 1374 2663 1435; x_wconf 82' lang='lat' dir='ltr'><strong>CONSTANTINOPOLEOS.</strong></span> 
     </span>
    </p>
   </div>
   <div class='ocr_carea' id='block_1_10' title="bbox 402 1666 1917 1739">
    <p class='ocr_par' dir='ltr' id='par_1_10' title="bbox 402 1666 1917 1739">
     <span class='ocr_line' id='line_1_10' title="bbox 402 1666 1917 1739; baseline 0.001 -18"><span class='ocrx_word' id='word_1_29' title='bbox 402 1668 453 1721; x_wconf 74' lang='lat' dir='ltr'><strong>l.</strong></span> <span class='ocrx_word' id='word_1_30' title='bbox 481 1668 589 1722; x_wconf 84' lang='lat' dir='ltr'><strong>Sed</strong></span> <span class='ocrx_word' id='word_1_31' title='bbox 636 1669 745 1737; x_wconf 77' lang='lat' dir='ltr'><strong>jam</strong></span> <span class='ocrx_word' id='word_1_32' title='bbox 791 1677 1007 1739; x_wconf 78' lang='lat' dir='ltr'><strong>tempus</strong></span> <span class='ocrx_word' id='word_1_33' title='bbox 1052 1682 1152 1720; x_wconf 84' lang='lat' dir='ltr'><strong>nos</strong></span> <span class='ocrx_word' id='word_1_34' title='bbox 1208 1675 1366 1720; x_wconf 86' lang='lat' dir='ltr'><strong>vocat</strong></span> <span class='ocrx_word' id='word_1_35' title='bbox 1410 1667 1477 1721; x_wconf 88' lang='lat' dir='ltr'><strong>ad</strong></span> <span class='ocrx_word' id='word_1_36' title='bbox 1518 1666 1694 1722; x_wconf 86' lang='lat' dir='ltr'><strong>Patris</strong></span> <span class='ocrx_word' id='word_1_37' title='bbox 1724 1678 1917 1738; x_wconf 79' lang='lat' dir='ltr'><strong>marty-</strong></span> 
     </span>
    </p>
   </div>
   <div class='ocr_carea' id='block_1_11' title="bbox 327 1757 1915 1830">
    <p class='ocr_par' dir='ltr' id='par_1_11' title="bbox 327 1757 1915 1830">
     <span class='ocr_line' id='line_1_11' title="bbox 327 1757 1915 1830; baseline 0.001 -18"><span class='ocrx_word' id='word_1_38' title='bbox 327 1761 470 1813; x_wconf 87' lang='lat' dir='ltr'><strong>rium</strong></span> <span class='ocrx_word' id='word_1_39' title='bbox 509 1778 521 1812; x_wconf 91' lang='lat'>:</span> <span class='ocrx_word' id='word_1_40' title='bbox 556 1761 873 1830; x_wconf 73' lang='lat' dir='ltr'><strong>martyrium</strong></span> <span class='ocrx_word' id='word_1_41' title='bbox 897 1800 912 1823; x_wconf 95' lang='lat'><strong>,</strong></span> <span class='ocrx_word' id='word_1_42' title='bbox 947 1760 1188 1826; x_wconf 88' lang='lat' dir='ltr'><strong>inquam,</strong></span> <span class='ocrx_word' id='word_1_43' title='bbox 1246 1758 1390 1827; x_wconf 91' lang='lat' dir='ltr'><strong>quod</strong></span> <span class='ocrx_word' id='word_1_44' title='bbox 1426 1757 1639 1813; x_wconf 88' lang='lat' dir='ltr'><strong>Patrem</strong></span> <span class='ocrx_word' id='word_1_45' title='bbox 1696 1759 1915 1829; x_wconf 80' lang='lat' dir='ltr'><strong>quidem</strong></span> 
     </span>
    </p>
   </div>
   <div class='ocr_carea' id='block_1_12' title="bbox 329 1852 1917 1926">
    <p class='ocr_par' dir='ltr' id='par_1_12' title="bbox 329 1852 1917 1926">
     <span class='ocr_line' id='line_1_12' title="bbox 329 1852 1917 1926; baseline 0.002 -20"><span class='ocrx_word' id='word_1_46' title='bbox 329 1856 447 1924; x_wconf 86' lang='lat' dir='ltr'><strong>ipsa</strong></span> <span class='ocrx_word' id='word_1_47' title='bbox 482 1855 558 1909; x_wconf 86' lang='lat' dir='ltr'><strong>rei</strong></span> <span class='ocrx_word' id='word_1_48' title='bbox 588 1863 780 1908; x_wconf 86' lang='lat' dir='ltr'><strong>natura</strong></span> <span class='ocrx_word' id='word_1_49' title='bbox 810 1861 1053 1915; x_wconf 93' lang='lat' dir='ltr'><strong>coronat,</strong></span> <span class='ocrx_word' id='word_1_50' title='bbox 1097 1852 1193 1905; x_wconf 85' lang='lat' dir='ltr'><strong>Dei</strong></span> <span class='ocrx_word' id='word_1_51' title='bbox 1235 1868 1366 1908; x_wconf 84' lang='lat' dir='ltr'><strong>vero</strong></span> <span class='ocrx_word' id='word_1_52' title='bbox 1396 1870 1667 1910; x_wconf 80' lang='lat' dir='ltr'><strong>summam</strong></span> <span class='ocrx_word' id='word_1_53' title='bbox 1699 1857 1917 1926; x_wconf 90' lang='lat' dir='ltr'><strong>sapien-</strong></span> 
     </span>
    </p>
   </div>
   <div class='ocr_carea' id='block_1_13' title="bbox 326 1944 1912 2017">
    <p class='ocr_par' dir='ltr' id='par_1_13' title="bbox 326 1944 1912 2017">
     <span class='ocr_line' id='line_1_13' title="bbox 326 1944 1912 2017; baseline 0.003 -18"><span class='ocrx_word' id='word_1_54' title='bbox 326 1948 457 2000; x_wconf 89' lang='lat' dir='ltr'><strong>tiam</strong></span> <span class='ocrx_word' id='word_1_55' title='bbox 513 1944 919 2015; x_wconf 78' lang='lat' dir='ltr'><strong>potentiamque</strong></span> <span class='ocrx_word' id='word_1_56' title='bbox 972 1944 1317 2013; x_wconf 66' lang='lat' dir='ltr'><strong>depraadicat,</strong></span> <span class='ocrx_word' id='word_1_57' title='bbox 1370 1948 1464 2017; x_wconf 90' lang='lat' dir='ltr'><strong>qui</strong></span> <span class='ocrx_word' id='word_1_58' title='bbox 1514 1948 1808 2003; x_wconf 81' lang='lat' dir='ltr'><strong>utilitatem</strong></span> <span class='ocrx_word' id='word_1_59' title='bbox 1845 1964 1912 2003; x_wconf 81' lang='lat' dir='ltr'><strong>ex</strong></span> 
     </span>
    </p>
   </div>
   <div class='ocr_carea' id='block_1_14' title="bbox 326 2036 1917 2097">
    <p class='ocr_par' dir='ltr' id='par_1_14' title="bbox 326 2036 1917 2097">
     <span class='ocr_line' id='line_1_14' title="bbox 326 2036 1917 2097; baseline 0.003 -7"><span class='ocrx_word' id='word_1_60' title='bbox 326 2038 503 2091; x_wconf 76' lang='lat' dir='ltr'><strong>noxiis</strong></span> <span class='ocrx_word' id='word_1_61' title='bbox 532 2036 832 2091; x_wconf 79' lang='lat' dir='ltr'><strong>extundere</strong></span> <span class='ocrx_word' id='word_1_62' title='bbox 861 2037 1030 2091; x_wconf 85' lang='lat' dir='ltr'><strong>novit.</strong></span> <span class='ocrx_word' id='word_1_63' title='bbox 1052 2038 1267 2092; x_wconf 77' lang='lat' dir='ltr'><strong>Etenim</strong></span> <span class='ocrx_word' id='word_1_64' title='bbox 1294 2055 1418 2094; x_wconf 91' lang='lat' dir='ltr'><strong>cum</strong></span> <span class='ocrx_word' id='word_1_65' title='bbox 1451 2041 1534 2095; x_wconf 86' lang='lat' dir='ltr'><strong>vir</strong></span> <span class='ocrx_word' id='word_1_66' title='bbox 1556 2050 1785 2097; x_wconf 89' lang='lat' dir='ltr'><strong>sanctus</strong></span> <span class='ocrx_word' id='word_1_67' title='bbox 1816 2042 1917 2096; x_wconf 88' lang='lat' dir='ltr'><strong>hac</strong></span> 
     </span>
    </p>
   </div>
   <div class='ocr_carea' id='block_1_15' title="bbox 324 2132 1916 2205">
    <p class='ocr_par' dir='ltr' id='par_1_15' title="bbox 324 2132 1916 2205">
     <span class='ocr_line' id='line_1_15' title="bbox 324 2132 1916 2205; baseline 0.002 -19"><span class='ocrx_word' id='word_1_68' title='bbox 324 2146 387 2186; x_wconf 87' lang='lat' dir='ltr'><strong>se</strong></span> <span class='ocrx_word' id='word_1_69' title='bbox 425 2146 625 2186; x_wconf 86' lang='lat' dir='ltr'><strong>corona</strong></span> <span class='ocrx_word' id='word_1_70' title='bbox 669 2132 890 2202; x_wconf 78' lang='lat' dir='ltr'><strong>dignum</strong></span> <span class='ocrx_word' id='word_1_71' title='bbox 922 2132 1110 2186; x_wconf 89' lang='lat' dir='ltr'><strong>haberi</strong></span> <span class='ocrx_word' id='word_1_72' title='bbox 1142 2135 1502 2202; x_wconf 56' lang='lat' dir='ltr'><strong>percuperetf,</strong></span> <span class='ocrx_word' id='word_1_73' title='bbox 1537 2150 1716 2205; x_wconf 90' lang='lat' dir='ltr'><strong>neque</strong></span> <span class='ocrx_word' id='word_1_74' title='bbox 1750 2135 1803 2190; x_wconf 91' lang='lat' dir='ltr'><strong>id</strong></span> <span class='ocrx_word' id='word_1_75' title='bbox 1836 2144 1916 2189; x_wconf 88' lang='lat' dir='ltr'><strong>ta-</strong></span> 
     </span>
    </p>
   </div>
   <div class='ocr_carea' id='block_1_16' title="bbox 323 2222 1916 2293">
    <p class='ocr_par' dir='ltr' id='par_1_16' title="bbox 323 2222 1916 2293">
     <span class='ocr_line' id='line_1_16' title="bbox 323 2222 1916 2293; baseline 0.002 -16"><span class='ocrx_word' id='word_1_76' title='bbox 323 2239 452 2277; x_wconf 90' lang='lat' dir='ltr'><strong>men</strong></span> <span class='ocrx_word' id='word_1_77' title='bbox 484 2232 729 2291; x_wconf 92' lang='lat' dir='ltr'><strong>tempora</strong></span> <span class='ocrx_word' id='word_1_78' title='bbox 763 2222 1149 2285; x_wconf 89' lang='lat' dir='ltr'><strong>concederent,</strong></span> <span class='ocrx_word' id='word_1_79' title='bbox 1184 2234 1473 2291; x_wconf 85' lang='lat' dir='ltr'><strong>postquam</strong></span> <span class='ocrx_word' id='word_1_80' title='bbox 1507 2225 1709 2293; x_wconf 90' lang='lat' dir='ltr'><strong>impius</strong></span> <span class='ocrx_word' id='word_1_81' title='bbox 1734 2227 1916 2281; x_wconf 92' lang='lat' dir='ltr'><strong>cultus</strong></span> 
     </span>
    </p>
   </div>
   <div class='ocr_carea' id='block_1_17' title="bbox 324 2313 1919 2385">
    <p class='ocr_par' dir='ltr' id='par_1_17' title="bbox 324 2313 1919 2385">
     <span class='ocr_line' id='line_1_17' title="bbox 324 2313 1919 2385; baseline 0.001 -15"><span class='ocrx_word' id='word_1_82' title='bbox 324 2315 586 2385; x_wconf 77' lang='lat' dir='ltr'><strong>depulsus</strong></span> <span class='ocrx_word' id='word_1_83' title='bbox 611 2314 730 2377; x_wconf 89' lang='lat' dir='ltr'><strong>fuit,</strong></span> <span class='ocrx_word' id='word_1_84' title='bbox 757 2329 884 2366; x_wconf 88' lang='lat' dir='ltr'><strong>vera</strong></span> <span class='ocrx_word' id='word_1_85' title='bbox 914 2322 1096 2365; x_wconf 90' lang='lat' dir='ltr'><strong>autem</strong></span> <span class='ocrx_word' id='word_1_86' title='bbox 1124 2313 1312 2381; x_wconf 83' lang='lat' dir='ltr'><strong>religio</strong></span> <span class='ocrx_word' id='word_1_87' title='bbox 1342 2323 1515 2367; x_wconf 92' lang='lat' dir='ltr'><strong>totum</strong></span> <span class='ocrx_word' id='word_1_88' title='bbox 1545 2316 1731 2369; x_wconf 78' lang='lat' dir='ltr'><strong>orbem</strong></span> <span class='ocrx_word' id='word_1_89' title='bbox 1754 2332 1919 2370; x_wconf 85' lang='lat' dir='ltr'><strong>occu-</strong></span> 
     </span>
    </p>
   </div>
   <div class='ocr_carea' id='block_1_18' title="bbox 323 2402 1920 2475">
    <p class='ocr_par' dir='ltr' id='par_1_18' title="bbox 323 2402 1920 2475">
     <span class='ocr_line' id='line_1_18' title="bbox 323 2402 1920 2475; baseline 0 -16"><span class='ocrx_word' id='word_1_90' title='bbox 323 2407 475 2475; x_wconf 84' lang='lat' dir='ltr'><strong>pavit</strong></span> <span class='ocrx_word' id='word_1_91' title='bbox 500 2424 512 2458; x_wconf 89' lang='lat'>:</span> <span class='ocrx_word' id='word_1_92' title='bbox 540 2403 780 2472; x_wconf 82' lang='lat' dir='ltr'><strong>martyrii</strong></span> <span class='ocrx_word' id='word_1_93' title='bbox 808 2417 979 2472; x_wconf 85' lang='lat' dir='ltr'><strong>genus</strong></span> <span class='ocrx_word' id='word_1_94' title='bbox 1006 2402 1277 2469; x_wconf 88' lang='lat' dir='ltr'><strong>quoddam</strong></span> <span class='ocrx_word' id='word_1_95' title='bbox 1304 2403 1626 2457; x_wconf 90' lang='lat' dir='ltr'><strong>adiuvenire</strong></span> <span class='ocrx_word' id='word_1_96' title='bbox 1650 2445 1664 2469; x_wconf 90' lang='lat'><strong>,</strong></span> <span class='ocrx_word' id='word_1_97' title='bbox 1688 2405 1831 2474; x_wconf 88' lang='lat' dir='ltr'><strong>quod</strong></span> <span class='ocrx_word' id='word_1_98' title='bbox 1868 2406 1920 2459; x_wconf 90' lang='lat' dir='ltr'><strong>ei</strong></span> 
     </span>
    </p>
   </div>
   <div class='ocr_carea' id='block_1_19' title="bbox 326 2492 1922 2565">
    <p class='ocr_par' dir='ltr' id='par_1_19' title="bbox 326 2492 1922 2565">
     <span class='ocr_line' id='line_1_19' title="bbox 326 2492 1922 2565; baseline 0.001 -14"><span class='ocrx_word' id='word_1_99' title='bbox 326 2496 577 2552; x_wconf 71' lang='lat' dir='ltr'><strong>homines</strong></span> <span class='ocrx_word' id='word_1_100' title='bbox 616 2495 775 2549; x_wconf 84' lang='lat' dir='ltr'><strong>ovina</strong></span> <span class='ocrx_word' id='word_1_101' title='bbox 820 2494 959 2563; x_wconf 87' lang='lat' dir='ltr'><strong>pelle</strong></span> <span class='ocrx_word' id='word_1_102' title='bbox 990 2492 1167 2547; x_wconf 87' lang='lat' dir='ltr'><strong>induti</strong></span> <span class='ocrx_word' id='word_1_103' title='bbox 1197 2493 1404 2565; x_wconf 79' lang='lat' dir='ltr'><strong>(Matth.</strong></span> <span class='ocrx_word' id='word_1_104' title='bbox 1439 2512 1533 2559; x_wconf 85' lang='lat' dir='ltr'><strong>vn,</strong></span> <span class='ocrx_word' id='word_1_105' title='bbox 1571 2497 1680 2565; x_wconf 64' lang='grc' dir='ltr'><strong>ιδ),</strong></span> <span class='ocrx_word' id='word_1_106' title='bbox 1720 2498 1922 2552; x_wconf 80' lang='lat' dir='ltr'><strong>vellent</strong></span> 
     </span>
    </p>
   </div>
   <div class='ocr_carea' id='block_1_20' title="bbox 324 2586 1923 2658">
    <p class='ocr_par' dir='ltr' id='par_1_20' title="bbox 324 2586 1923 2658">
     <span class='ocr_line' id='line_1_20' title="bbox 324 2586 1923 2658; baseline 0.001 -15"><span class='ocrx_word' id='word_1_107' title='bbox 324 2589 553 2651; x_wconf 76' lang='lat' dir='ltr'><strong>nollent,</strong></span> <span class='ocrx_word' id='word_1_108' title='bbox 584 2586 868 2647; x_wconf 83' lang='lat' dir='ltr'><strong>inferrent,</strong></span> <span class='ocrx_word' id='word_1_109' title='bbox 892 2600 1075 2640; x_wconf 88' lang='lat' dir='ltr'><strong>nonne</strong></span> <span class='ocrx_word' id='word_1_110' title='bbox 1104 2586 1303 2641; x_wconf 70' lang='lat' dir='ltr'><strong>divina:</strong></span> <span class='ocrx_word' id='word_1_111' title='bbox 1333 2588 1617 2657; x_wconf 69' lang='lat' dir='ltr'><strong>sapientia:</strong></span> <span class='ocrx_word' id='word_1_112' title='bbox 1644 2589 1923 2658; x_wconf 73' lang='lat' dir='ltr'><strong>potentitc-</strong></span> 
     </span>
    </p>
   </div>
   <div class='ocr_carea' id='block_1_21' title="bbox 323 2677 1918 2753">
    <p class='ocr_par' dir='ltr' id='par_1_21' title="bbox 323 2677 1918 2753">
     <span class='ocr_line' id='line_1_21' title="bbox 323 2677 1918 2753; baseline 0.003 -19"><span class='ocrx_word' id='word_1_113' title='bbox 323 2697 434 2749; x_wconf 89' lang='lat' dir='ltr'><strong>que</strong></span> <span class='ocrx_word' id='word_1_114' title='bbox 465 2695 603 2749; x_wconf 79' lang='lat' dir='ltr'><strong>Opus</strong></span> <span class='ocrx_word' id='word_1_115' title='bbox 636 2678 971 2733; x_wconf 89' lang='lat' dir='ltr'><strong>credendum</strong></span> <span class='ocrx_word' id='word_1_116' title='bbox 1021 2679 1152 2733; x_wconf 89' lang='lat' dir='ltr'><strong>est?</strong></span> <span class='ocrx_word' id='word_1_117' title='bbox 1188 2677 1475 2745; x_wconf 83' lang='lat' dir='ltr'><strong>Quomodo</strong></span> <span class='ocrx_word' id='word_1_118' title='bbox 1517 2681 1679 2753; x_wconf 79' lang='lat' dir='ltr'><strong>igitur</strong></span> <span class='ocrx_word' id='word_1_119' title='bbox 1724 2684 1839 2738; x_wconf 77' lang='lat' dir='ltr'><strong>haec</strong></span> <span class='ocrx_word' id='word_1_120' title='bbox 1868 2686 1918 2737; x_wconf 92' lang='lat' dir='ltr'><strong>ci</strong></span> 
     </span>
    </p>
   </div>
   <div class='ocr_carea' id='block_1_22' title="bbox 324 2769 1001 2826">
    <p class='ocr_par' dir='ltr' id='par_1_22' title="bbox 324 2769 1001 2826">
     <span class='ocr_line' id='line_1_22' title="bbox 324 2769 1001 2826; baseline -0.003 -1"><span class='ocrx_word' id='word_1_121' title='bbox 324 2788 529 2826; x_wconf 80' lang='lat' dir='ltr'><strong>corona</strong></span> <span class='ocrx_word' id='word_1_122' title='bbox 563 2778 814 2825; x_wconf 77' lang='lat' dir='ltr'><strong>contexta</strong></span> <span class='ocrx_word' id='word_1_123' title='bbox 845 2769 949 2823; x_wconf 90' lang='lat' dir='ltr'><strong>fuit</strong></span> <span class='ocrx_word' id='word_1_124' title='bbox 977 2771 1001 2823; x_wconf 64' lang='grc' dir='ltr'><em>ἲ</em></span> 
     </span>
    </p>
   </div>
   <div class='ocr_carea' id='block_1_23' title="bbox 395 2863 1918 2937">
    <p class='ocr_par' dir='ltr' id='par_1_23' title="bbox 395 2863 1918 2937">
     <span class='ocr_line' id='line_1_23' title="bbox 395 2863 1918 2937; baseline 0.004 -21"><span class='ocrx_word' id='word_1_125' title='bbox 395 2866 452 2917; x_wconf 72' lang='grc' dir='ltr'><strong>Ξ.</strong></span> <span class='ocrx_word' id='word_1_126' title='bbox 498 2863 556 2916; x_wconf 88' lang='lat' dir='ltr'><strong>lu</strong></span> <span class='ocrx_word' id='word_1_127' title='bbox 586 2863 691 2918; x_wconf 90' lang='lat' dir='ltr'><strong>hoc</strong></span> <span class='ocrx_word' id='word_1_128' title='bbox 717 2863 915 2925; x_wconf 81' lang='lat' dir='ltr'><strong>medio,</strong></span> <span class='ocrx_word' id='word_1_129' title='bbox 938 2873 995 2917; x_wconf 92' lang='lat' dir='ltr'><strong>ut</strong></span> <span class='ocrx_word' id='word_1_130' title='bbox 1019 2864 1149 2929; x_wconf 80' lang='lat' dir='ltr'><strong>dixi,</strong></span> <span class='ocrx_word' id='word_1_131' title='bbox 1170 2880 1353 2919; x_wconf 86' lang='lat' dir='ltr'><strong>rerum</strong></span> <span class='ocrx_word' id='word_1_132' title='bbox 1379 2882 1564 2930; x_wconf 88' lang='lat' dir='ltr'><strong>cursu,</strong></span> <span class='ocrx_word' id='word_1_133' title='bbox 1592 2882 1655 2921; x_wconf 77' lang='lat' dir='ltr'><strong>ex</strong></span> <span class='ocrx_word' id='word_1_134' title='bbox 1688 2876 1918 2937; x_wconf 90' lang='lat' dir='ltr'><strong>utraque</strong></span> 
     </span>
    </p>
   </div>
   <div class='ocr_carea' id='block_1_24' title="bbox 325 2954 1915 3025">
    <p class='ocr_par' dir='ltr' id='par_1_24' title="bbox 325 2954 1915 3025">
     <span class='ocr_line' id='line_1_24' title="bbox 325 2954 1915 3025; baseline 0.003 -16"><span class='ocrx_word' id='word_1_135' title='bbox 325 2956 438 3009; x_wconf 84' lang='lat' dir='ltr'><strong>vita</strong></span> <span class='ocrx_word' id='word_1_136' title='bbox 460 2954 672 3009; x_wconf 83' lang='lat' dir='ltr'><strong>decedit</strong></span> <span class='ocrx_word' id='word_1_137' title='bbox 705 2970 902 3018; x_wconf 82' lang='lat' dir='ltr'><strong>senex;</strong></span> <span class='ocrx_word' id='word_1_138' title='bbox 932 2956 977 3009; x_wconf 88' lang='lat' dir='ltr'><strong>is</strong></span> <span class='ocrx_word' id='word_1_139' title='bbox 1008 2957 1099 3025; x_wconf 88' lang='lat' dir='ltr'><strong>qui</strong></span> <span class='ocrx_word' id='word_1_140' title='bbox 1142 2957 1199 3009; x_wconf 88' lang='lat' dir='ltr'><strong>in</strong></span> <span class='ocrx_word' id='word_1_141' title='bbox 1243 2958 1346 3013; x_wconf 88' lang='lat' dir='ltr'><strong>hac</strong></span> <span class='ocrx_word' id='word_1_142' title='bbox 1387 2958 1499 3013; x_wconf 74' lang='lat' dir='ltr'><strong>vita</strong></span> <span class='ocrx_word' id='word_1_143' title='bbox 1538 2958 1683 3012; x_wconf 83' lang='lat' dir='ltr'><strong>illam</strong></span> <span class='ocrx_word' id='word_1_144' title='bbox 1714 2959 1915 3014; x_wconf 85' lang='lat' dir='ltr'><strong>amise-</strong></span> 
     </span>
    </p>
   </div>
   <div class='ocr_carea' id='block_1_25' title="bbox 327 3047 1915 3118">
    <p class='ocr_par' dir='ltr' id='par_1_25' title="bbox 327 3047 1915 3118">
     <span class='ocr_line' id='line_1_25' title="bbox 327 3047 1915 3118; baseline 0.003 -18"><span class='ocrx_word' id='word_1_145' title='bbox 327 3059 432 3110; x_wconf 87' lang='lat' dir='ltr'><strong>rat,</strong></span> <span class='ocrx_word' id='word_1_146' title='bbox 466 3056 519 3099; x_wconf 79' lang='lat' dir='ltr'><strong>et</strong></span> <span class='ocrx_word' id='word_1_147' title='bbox 546 3062 651 3100; x_wconf 91' lang='lat' dir='ltr'><strong>una</strong></span> <span class='ocrx_word' id='word_1_148' title='bbox 680 3062 805 3100; x_wconf 91' lang='lat' dir='ltr'><strong>cum</strong></span> <span class='ocrx_word' id='word_1_149' title='bbox 850 3047 943 3101; x_wconf 86' lang='lat' dir='ltr'><strong>illa</strong></span> <span class='ocrx_word' id='word_1_150' title='bbox 985 3048 1127 3102; x_wconf 82' lang='lat' dir='ltr'><strong>hanc</strong></span> <span class='ocrx_word' id='word_1_151' title='bbox 1170 3049 1368 3104; x_wconf 87' lang='lat' dir='ltr'><strong>amisit.</strong></span> <span class='ocrx_word' id='word_1_152' title='bbox 1397 3049 1589 3117; x_wconf 78' lang='lat' dir='ltr'><strong>Filque</strong></span> <span class='ocrx_word' id='word_1_153' title='bbox 1634 3058 1757 3118; x_wconf 83' lang='lat' dir='ltr'><strong>post</strong></span> <span class='ocrx_word' id='word_1_154' title='bbox 1791 3066 1915 3104; x_wconf 90' lang='lat' dir='ltr'><strong>eum</strong></span> 
     </span>
    </p>
   </div>
   <div class='ocr_carea' id='block_1_26' title="bbox 329 3132 1916 3208">
    <p class='ocr_par' dir='ltr' id='par_1_26' title="bbox 329 3132 1916 3208">
     <span class='ocr_line' id='line_1_26' title="bbox 329 3132 1916 3208; baseline -0.003 -16"><span class='ocrx_word' id='word_1_155' title='bbox 329 3138 661 3208; x_wconf 78' lang='lat' dir='ltr'><strong>(episcopus)</strong></span> <span class='ocrx_word' id='word_1_156' title='bbox 695 3139 804 3203; x_wconf 88' lang='lat' dir='ltr'><strong>ille,</strong></span> <span class='ocrx_word' id='word_1_157' title='bbox 833 3138 927 3207; x_wconf 90' lang='lat' dir='ltr'><strong>qui</strong></span> <span class='ocrx_word' id='word_1_158' title='bbox 956 3153 1054 3206; x_wconf 80' lang='lat' dir='ltr'><strong>per</strong></span> <span class='ocrx_word' id='word_1_159' title='bbox 1090 3132 1240 3186; x_wconf 89' lang='lat' dir='ltr'><strong>illum</strong></span> <span class='ocrx_word' id='word_1_160' title='bbox 1263 3143 1325 3183; x_wconf 88' lang='lat' dir='ltr'><strong>ea</strong></span> <span class='ocrx_word' id='word_1_161' title='bbox 1347 3132 1916 3201; x_wconf 77' lang='lat' dir='ltr'><strong>quaesibiplacuerant</strong></span> 
     </span>
    </p>
   </div>
   <div class='ocr_carea' id='block_1_27' title="bbox 326 3225 1918 3297">
    <p class='ocr_par' dir='ltr' id='par_1_27' title="bbox 326 3225 1918 3297">
     <span class='ocr_line' id='line_1_27' title="bbox 326 3225 1918 3297; baseline -0.001 -14"><span class='ocrx_word' id='word_1_162' title='bbox 326 3239 524 3283; x_wconf 87' lang='lat' dir='ltr'><strong>cuncta</strong></span> <span class='ocrx_word' id='word_1_163' title='bbox 551 3228 753 3283; x_wconf 80' lang='lat' dir='ltr'><strong>fecerat</strong></span> <span class='ocrx_word' id='word_1_164' title='bbox 779 3245 793 3293; x_wconf 92' lang='lat'><strong>;</strong></span> <span class='ocrx_word' id='word_1_165' title='bbox 822 3236 1021 3297; x_wconf 89' lang='lat' dir='ltr'><strong>putans</strong></span> <span class='ocrx_word' id='word_1_166' title='bbox 1051 3225 1272 3295; x_wconf 90' lang='lat' dir='ltr'><strong>quidem</strong></span> <span class='ocrx_word' id='word_1_167' title='bbox 1300 3226 1489 3292; x_wconf 85' lang='lat' dir='ltr'><strong>latere,</strong></span> <span class='ocrx_word' id='word_1_168' title='bbox 1530 3226 1806 3283; x_wconf 90' lang='lat' dir='ltr'><strong>neminem</strong></span> <span class='ocrx_word' id='word_1_169' title='bbox 1838 3235 1918 3282; x_wconf 82' lang='lat' dir='ltr'><strong>ta-</strong></span> 
     </span>
    </p>
   </div>
   <div class='ocr_carea' id='block_1_28' title="bbox 326 3318 1919 3389">
    <p class='ocr_par' dir='ltr' id='par_1_28' title="bbox 326 3318 1919 3389">
     <span class='ocr_line' id='line_1_28' title="bbox 326 3318 1919 3389; baseline -0.001 -13"><span class='ocrx_word' id='word_1_170' title='bbox 326 3338 454 3376; x_wconf 85' lang='lat' dir='ltr'><strong>men</strong></span> <span class='ocrx_word' id='word_1_171' title='bbox 489 3321 684 3375; x_wconf 88' lang='lat' dir='ltr'><strong>latens.</strong></span> <span class='ocrx_word' id='word_1_172' title='bbox 738 3319 836 3373; x_wconf 91' lang='lat' dir='ltr'><strong>llic</strong></span> <span class='ocrx_word' id='word_1_173' title='bbox 869 3333 999 3388; x_wconf 85' lang='lat' dir='ltr'><strong>ergo</strong></span> <span class='ocrx_word' id='word_1_174' title='bbox 1028 3318 1209 3372; x_wconf 89' lang='lat' dir='ltr'><strong>stultis</strong></span> <span class='ocrx_word' id='word_1_175' title='bbox 1240 3328 1443 3389; x_wconf 84' lang='lat' dir='ltr'><strong>gratus,</strong></span> <span class='ocrx_word' id='word_1_176' title='bbox 1477 3328 1532 3372; x_wconf 86' lang='lat' dir='ltr'><strong>et</strong></span> <span class='ocrx_word' id='word_1_177' title='bbox 1573 3319 1804 3374; x_wconf 86' lang='lat' dir='ltr'><strong>blandus</strong></span> <span class='ocrx_word' id='word_1_178' title='bbox 1830 3330 1919 3374; x_wconf 81' lang='lat' dir='ltr'><strong>at-</strong></span> 
     </span>
    </p>
   </div>
   <div class='ocr_carea' id='block_1_29' title="bbox 324 3407 1918 3482">
    <p class='ocr_par' dir='ltr' id='par_1_29' title="bbox 324 3407 1918 3482">
     <span class='ocr_line' id='line_1_29' title="bbox 324 3407 1918 3482; baseline 0.001 -17"><span class='ocrx_word' id='word_1_179' title='bbox 324 3427 435 3482; x_wconf 87' lang='lat' dir='ltr'><strong>que</strong></span> <span class='ocrx_word' id='word_1_180' title='bbox 493 3411 858 3465; x_wconf 85' lang='lat' dir='ltr'><strong>assentatione</strong></span> <span class='ocrx_word' id='word_1_181' title='bbox 920 3407 1276 3473; x_wconf 87' lang='lat' dir='ltr'><strong>redundans,</strong></span> <span class='ocrx_word' id='word_1_182' title='bbox 1319 3409 1533 3464; x_wconf 90' lang='lat' dir='ltr'><strong>cunctis</strong></span> <span class='ocrx_word' id='word_1_183' title='bbox 1579 3411 1918 3479; x_wconf 87' lang='lat' dir='ltr'><strong>persuadens</strong></span> 
     </span>
    </p>
   </div>
   <div class='ocr_carea' id='block_1_30' title="bbox 326 3500 1917 3574">
    <p class='ocr_par' dir='ltr' id='par_1_30' title="bbox 326 3500 1917 3574">
     <span class='ocr_line' id='line_1_30' title="bbox 326 3500 1917 3574; baseline -0.001 -16"><span class='ocrx_word' id='word_1_184' title='bbox 326 3504 463 3559; x_wconf 84' lang='lat' dir='ltr'><strong>nihil</strong></span> <span class='ocrx_word' id='word_1_185' title='bbox 489 3505 600 3574; x_wconf 86' lang='lat' dir='ltr'><strong>jam</strong></span> <span class='ocrx_word' id='word_1_186' title='bbox 649 3517 935 3573; x_wconf 87' lang='lat' dir='ltr'><strong>superesse</strong></span> <span class='ocrx_word' id='word_1_187' title='bbox 981 3516 1169 3555; x_wconf 90' lang='lat' dir='ltr'><strong>eorum</strong></span> <span class='ocrx_word' id='word_1_188' title='bbox 1196 3516 1317 3571; x_wconf 76' lang='lat' dir='ltr'><strong>qua:</strong></span> <span class='ocrx_word' id='word_1_189' title='bbox 1351 3509 1480 3555; x_wconf 91' lang='lat' dir='ltr'><strong>tunc</strong></span> <span class='ocrx_word' id='word_1_190' title='bbox 1512 3500 1718 3556; x_wconf 83' lang='lat' dir='ltr'><strong>fecerat</strong></span> <span class='ocrx_word' id='word_1_191' title='bbox 1746 3520 1759 3566; x_wconf 93' lang='lat'><strong>;</strong></span> <span class='ocrx_word' id='word_1_192' title='bbox 1793 3518 1917 3557; x_wconf 90' lang='lat' dir='ltr'><strong>cum</strong></span> 
     </span>
    </p>
   </div>
   <div class='ocr_carea' id='block_1_31' title="bbox 302 3590 1919 3664">
    <p class='ocr_par' dir='ltr' id='par_1_31' title="bbox 302 3590 1919 3664">
     <span class='ocr_line' id='line_1_31' title="bbox 302 3590 1919 3664; baseline -0.001 -15"><span class='ocrx_word' id='word_1_193' title='bbox 302 3595 512 3664; x_wconf 87' lang='lat' dir='ltr'><strong>.jurare</strong></span> <span class='ocrx_word' id='word_1_194' title='bbox 544 3609 679 3663; x_wconf 86' lang='lat' dir='ltr'><strong>opus</strong></span> <span class='ocrx_word' id='word_1_195' title='bbox 703 3602 847 3647; x_wconf 90' lang='lat' dir='ltr'><strong>esset</strong></span> <span class='ocrx_word' id='word_1_196' title='bbox 875 3591 1013 3648; x_wconf 85' lang='lat' dir='ltr'><strong>nihil</strong></span> <span class='ocrx_word' id='word_1_197' title='bbox 1049 3606 1239 3645; x_wconf 89' lang='lat' dir='ltr'><strong>eorum</strong></span> <span class='ocrx_word' id='word_1_198' title='bbox 1275 3590 1417 3645; x_wconf 87' lang='lat' dir='ltr'><strong>scire</strong></span> <span class='ocrx_word' id='word_1_199' title='bbox 1443 3607 1565 3660; x_wconf 81' lang='lat' dir='ltr'><strong>quae</strong></span> <span class='ocrx_word' id='word_1_200' title='bbox 1609 3600 1737 3647; x_wconf 87' lang='lat' dir='ltr'><strong>tunc</strong></span> <span class='ocrx_word' id='word_1_201' title='bbox 1768 3592 1919 3648; x_wconf 85' lang='lat' dir='ltr'><strong>dice-</strong></span> 
     </span>
    </p>
   </div>
   <div class='ocr_carea' id='block_1_32' title="bbox 328 3681 1916 3752">
    <p class='ocr_par' dir='ltr' id='par_1_32' title="bbox 328 3681 1916 3752">
     <span class='ocr_line' id='line_1_32' title="bbox 328 3681 1916 3752; baseline -0.002 -14"><span class='ocrx_word' id='word_1_202' title='bbox 328 3696 432 3749; x_wconf 90' lang='lat' dir='ltr'><strong>ret,</strong></span> <span class='ocrx_word' id='word_1_203' title='bbox 466 3683 814 3737; x_wconf 89' lang='lat' dir='ltr'><strong>Atheniensis</strong></span> <span class='ocrx_word' id='word_1_204' title='bbox 843 3697 1039 3752; x_wconf 89' lang='lat' dir='ltr'><strong>nempe</strong></span> <span class='ocrx_word' id='word_1_205' title='bbox 1067 3682 1278 3736; x_wconf 62' lang='lat' dir='ltr'><strong>dinmon</strong></span> <span class='ocrx_word' id='word_1_206' title='bbox 1299 3723 1313 3746; x_wconf 92' lang='lat'><strong>,</strong></span> <span class='ocrx_word' id='word_1_207' title='bbox 1343 3681 1539 3735; x_wconf 75' lang='lat' dir='ltr'><strong>Attica:</strong></span> <span class='ocrx_word' id='word_1_208' title='bbox 1563 3683 1916 3751; x_wconf 80' lang='lat' dir='ltr'><strong>superstitio-</strong></span> 
     </span>
    </p>
   </div>
   <div class='ocr_carea' id='block_1_33' title="bbox 326 3774 1917 3846">
    <p class='ocr_par' dir='ltr' id='par_1_33' title="bbox 326 3774 1917 3846">
     <span class='ocr_line' id='line_1_33' title="bbox 326 3774 1917 3846; baseline -0.001 -18"><span class='ocrx_word' id='word_1_209' title='bbox 326 3776 412 3831; x_wconf 88' lang='lat' dir='ltr'><strong>nis</strong></span> <span class='ocrx_word' id='word_1_210' title='bbox 451 3776 790 3846; x_wconf 76' lang='lat' dir='ltr'><strong>symbolum;</strong></span> <span class='ocrx_word' id='word_1_211' title='bbox 835 3774 941 3838; x_wconf 90' lang='lat' dir='ltr'><strong>hic,</strong></span> <span class='ocrx_word' id='word_1_212' title='bbox 988 3774 1232 3841; x_wconf 90' lang='lat' dir='ltr'><strong>inquam,</strong></span> <span class='ocrx_word' id='word_1_213' title='bbox 1267 3774 1471 3841; x_wconf 88' lang='lat' dir='ltr'><strong>duplici</strong></span> <span class='ocrx_word' id='word_1_214' title='bbox 1532 3774 1677 3826; x_wconf 86' lang='lat' dir='ltr'><strong>fama</strong></span> <span class='ocrx_word' id='word_1_215' title='bbox 1727 3775 1917 3829; x_wconf 85' lang='lat' dir='ltr'><strong>audita</strong></span> 
     </span>
    </p>
   </div>
   <div class='ocr_carea' id='block_1_34' title="bbox 323 3862 1913 3935">
    <p class='ocr_par' dir='ltr' id='par_1_34' title="bbox 323 3862 1913 3935">
     <span class='ocr_line' id='line_1_34' title="bbox 323 3862 1913 3935; baseline 0.001 -17"><span class='ocrx_word' id='word_1_216' title='bbox 323 3865 744 3935; x_wconf 88' lang='lat' dir='ltr'><strong>percellebatur,</strong></span> <span class='ocrx_word' id='word_1_217' title='bbox 782 3863 958 3931; x_wconf 93' lang='lat' dir='ltr'><strong>primo</strong></span> <span class='ocrx_word' id='word_1_218' title='bbox 1004 3862 1072 3916; x_wconf 90' lang='lat' dir='ltr'><strong>de</strong></span> <span class='ocrx_word' id='word_1_219' title='bbox 1117 3862 1291 3916; x_wconf 87' lang='lat' dir='ltr'><strong>sancti</strong></span> <span class='ocrx_word' id='word_1_220' title='bbox 1338 3862 1439 3916; x_wconf 88' lang='lat' dir='ltr'><strong>viri</strong></span> <span class='ocrx_word' id='word_1_221' title='bbox 1475 3862 1636 3916; x_wconf 88' lang='lat' dir='ltr'><strong>factis</strong></span> <span class='ocrx_word' id='word_1_222' title='bbox 1664 3865 1913 3934; x_wconf 80' lang='lat' dir='ltr'><strong>egregiis,</strong></span> 
     </span>
    </p>
   </div>
   <div class='ocr_carea' id='block_1_35' title="bbox 324 3936 1920 4028">
    <p class='ocr_par' dir='ltr' id='par_1_35' title="bbox 324 3936 1920 4028">
     <span class='ocr_line' id='line_1_35' title="bbox 324 3936 1920 4028; baseline 0.001 -16"><span class='ocrx_word' id='word_1_223' title='bbox 324 3974 449 4028; x_wconf 70' lang='lat' dir='ltr'><strong>qua:</strong></span> <span class='ocrx_word' id='word_1_224' title='bbox 491 3957 547 4010; x_wconf 93' lang='lat' dir='ltr'><strong>in</strong></span> <span class='ocrx_word' id='word_1_225' title='bbox 576 3936 793 4011; x_wconf 76' lang='lat' dir='ltr'><strong>deserto</strong></span> <span class='ocrx_word' id='word_1_226' title='bbox 818 3955 981 4009; x_wconf 65' lang='lat' dir='ltr'><strong>etiam</strong></span> <span class='ocrx_word' id='word_1_227' title='bbox 1010 3957 1343 4010; x_wconf 84' lang='lat' dir='ltr'><strong>constitutus</strong></span> <span class='ocrx_word' id='word_1_228' title='bbox 1363 3956 1638 4025; x_wconf 88' lang='lat' dir='ltr'><strong>patrabat,</strong></span> <span class='ocrx_word' id='word_1_229' title='bbox 1656 3957 1920 4026; x_wconf 89' lang='lat' dir='ltr'><strong>plurimas</strong></span> 
     </span>
    </p>
   </div>
   <div class='ocr_carea' id='block_1_36' title="bbox 328 4042 1921 4102">
    <p class='ocr_par' dir='ltr' id='par_1_36' title="bbox 328 4042 1921 4102">
     <span class='ocr_line' id='line_1_36' title="bbox 328 4042 1921 4102; baseline -0.001 0"><span class='ocrx_word' id='word_1_230' title='bbox 328 4047 612 4102; x_wconf 88' lang='lat' dir='ltr'><strong>hominum</strong></span> <span class='ocrx_word' id='word_1_231' title='bbox 642 4044 850 4098; x_wconf 90' lang='lat' dir='ltr'><strong>animas</strong></span> <span class='ocrx_word' id='word_1_232' title='bbox 878 4059 944 4098; x_wconf 82' lang='lat' dir='ltr'><strong>ex</strong></span> <span class='ocrx_word' id='word_1_233' title='bbox 971 4042 1325 4098; x_wconf 87' lang='lat' dir='ltr'><strong>barbarorum</strong></span> <span class='ocrx_word' id='word_1_234' title='bbox 1352 4044 1603 4100; x_wconf 91' lang='lat' dir='ltr'><strong>manibus</strong></span> <span class='ocrx_word' id='word_1_235' title='bbox 1644 4046 1921 4102; x_wconf 89' lang='lat' dir='ltr'><strong>redimens</strong></span> 
     </span>
    </p>
   </div>
   <div class='ocr_carea' id='block_1_37' title="bbox 326 4133 1921 4205">
    <p class='ocr_par' dir='ltr' id='par_1_37' title="bbox 326 4133 1921 4205">
     <span class='ocr_line' id='line_1_37' title="bbox 326 4133 1921 4205; baseline 0.001 -15"><span class='ocrx_word' id='word_1_236' title='bbox 326 4135 520 4205; x_wconf 84' lang='lat' dir='ltr'><strong>paucis</strong></span> <span class='ocrx_word' id='word_1_237' title='bbox 564 4134 669 4188; x_wconf 86' lang='lat' dir='ltr'><strong>illis</strong></span> <span class='ocrx_word' id='word_1_238' title='bbox 696 4148 760 4187; x_wconf 91' lang='lat' dir='ltr'><strong>ac</strong></span> <span class='ocrx_word' id='word_1_239' title='bbox 783 4133 1129 4204; x_wconf 90' lang='lat' dir='ltr'><strong>pauperculis</strong></span> <span class='ocrx_word' id='word_1_240' title='bbox 1157 4148 1279 4201; x_wconf 60' lang='lat' dir='ltr'><strong>quae</strong></span> <span class='ocrx_word' id='word_1_241' title='bbox 1302 4133 1353 4187; x_wconf 91' lang='lat' dir='ltr'><strong>ei</strong></span> <span class='ocrx_word' id='word_1_242' title='bbox 1385 4145 1706 4204; x_wconf 87' lang='lat' dir='ltr'><strong>supererant</strong></span> <span class='ocrx_word' id='word_1_243' title='bbox 1744 4136 1921 4191; x_wconf 80' lang='lat' dir='ltr'><strong>facul-</strong></span> 
     </span>
    </p>
   </div>
   <div class='ocr_carea' id='block_1_38' title="bbox 328 4226 1919 4300">
    <p class='ocr_par' dir='ltr' id='par_1_38' title="bbox 328 4226 1919 4300">
     <span class='ocr_line' id='line_1_38' title="bbox 328 4226 1919 4300; baseline 0.003 -18"><span class='ocrx_word' id='word_1_244' title='bbox 328 4229 565 4291; x_wconf 83' lang='lat' dir='ltr'><strong>tatibus;</strong></span> <span class='ocrx_word' id='word_1_245' title='bbox 584 4228 717 4282; x_wconf 89' lang='lat' dir='ltr'><strong>alias</strong></span> <span class='ocrx_word' id='word_1_246' title='bbox 740 4238 921 4281; x_wconf 88' lang='lat' dir='ltr'><strong>autem</strong></span> <span class='ocrx_word' id='word_1_247' title='bbox 950 4226 1147 4280; x_wconf 90' lang='lat' dir='ltr'><strong>diaboli</strong></span> <span class='ocrx_word' id='word_1_248' title='bbox 1170 4226 1379 4295; x_wconf 88' lang='lat' dir='ltr'><strong>laqueis</strong></span> <span class='ocrx_word' id='word_1_249' title='bbox 1396 4227 1653 4296; x_wconf 79' lang='lat' dir='ltr'><strong>eripiens,</strong></span> <span class='ocrx_word' id='word_1_250' title='bbox 1669 4245 1733 4284; x_wconf 91' lang='lat' dir='ltr'><strong>ea</strong></span> <span class='ocrx_word' id='word_1_251' title='bbox 1755 4246 1919 4300; x_wconf 88' lang='lat' dir='ltr'><strong>quam</strong></span> 
     </span>
    </p>
   </div>
   <div class='ocr_carea' id='block_1_39' title="bbox 328 4316 1919 4390">
    <p class='ocr_par' dir='ltr' id='par_1_39' title="bbox 328 4316 1919 4390">
     <span class='ocr_line' id='line_1_39' title="bbox 328 4316 1919 4390; baseline 0.001 -18"><span class='ocrx_word' id='word_1_252' title='bbox 328 4320 429 4373; x_wconf 84' lang='lat' dir='ltr'><strong>sibi</strong></span> <span class='ocrx_word' id='word_1_253' title='bbox 465 4318 648 4373; x_wconf 89' lang='lat' dir='ltr'><strong>labore</strong></span> <span class='ocrx_word' id='word_1_254' title='bbox 680 4328 734 4373; x_wconf 90' lang='lat' dir='ltr'><strong>et</strong></span> <span class='ocrx_word' id='word_1_255' title='bbox 783 4317 875 4371; x_wconf 88' lang='lat' dir='ltr'><strong>Dei</strong></span> <span class='ocrx_word' id='word_1_256' title='bbox 919 4316 1185 4370; x_wconf 78' lang='lat' dir='ltr'><strong>beneficio</strong></span> <span class='ocrx_word' id='word_1_257' title='bbox 1212 4327 1624 4386; x_wconf 80' lang='lat' dir='ltr'><strong>comparaverat</strong></span> <span class='ocrx_word' id='word_1_258' title='bbox 1665 4319 1919 4390; x_wconf 79' lang='lat' dir='ltr'><strong>eloquen-</strong></span> 
     </span>
    </p>
   </div>
   <div class='ocr_carea' id='block_1_40' title="bbox 327 4404 1919 4478">
    <p class='ocr_par' dir='ltr' id='par_1_40' title="bbox 327 4404 1919 4478">
     <span class='ocr_line' id='line_1_40' title="bbox 327 4404 1919 4478; baseline 0.002 -16"><span class='ocrx_word' id='word_1_259' title='bbox 327 4409 400 4463; x_wconf 89' lang='lat' dir='ltr'><strong>tia</strong></span> <span class='ocrx_word' id='word_1_260' title='bbox 428 4425 445 4471; x_wconf 88' lang='lat'><strong>;</strong></span> <span class='ocrx_word' id='word_1_261' title='bbox 474 4409 669 4478; x_wconf 89' lang='lat' dir='ltr'><strong>partim</strong></span> <span class='ocrx_word' id='word_1_262' title='bbox 692 4407 925 4475; x_wconf 80' lang='lat' dir='ltr'><strong>denique</strong></span> <span class='ocrx_word' id='word_1_263' title='bbox 957 4404 1098 4459; x_wconf 88' lang='lat' dir='ltr'><strong>fame</strong></span> <span class='ocrx_word' id='word_1_264' title='bbox 1133 4415 1188 4459; x_wconf 90' lang='lat' dir='ltr'><strong>et</strong></span> <span class='ocrx_word' id='word_1_265' title='bbox 1226 4405 1417 4460; x_wconf 75' lang='lat' dir='ltr'><strong>exsilio</strong></span> <span class='ocrx_word' id='word_1_266' title='bbox 1454 4407 1685 4464; x_wconf 73' lang='lat' dir='ltr'><strong>afﬂictos</strong></span> <span class='ocrx_word' id='word_1_267' title='bbox 1716 4418 1919 4464; x_wconf 67' lang='lat' dir='ltr'><strong>sancta:</strong></span> 
     </span>
    </p>
   </div>
   <div class='ocr_carea' id='block_1_41' title="bbox 326 4484 1915 4570">
    <p class='ocr_par' dir='ltr' id='par_1_41' title="bbox 326 4484 1915 4570">
     <span class='ocr_line' id='line_1_41' title="bbox 326 4484 1915 4570; baseline 0 -16"><span class='ocrx_word' id='word_1_268' title='bbox 326 4484 505 4556; x_wconf 68' lang='lat' dir='ltr'><strong>viduae</strong></span> <span class='ocrx_word' id='word_1_269' title='bbox 533 4498 783 4553; x_wconf 89' lang='lat' dir='ltr'><strong>nutriens</strong></span> <span class='ocrx_word' id='word_1_270' title='bbox 805 4496 1055 4561; x_wconf 87' lang='lat' dir='ltr'><strong>cibariis;</strong></span> <span class='ocrx_word' id='word_1_271' title='bbox 1080 4498 1415 4553; x_wconf 87' lang='lat' dir='ltr'><strong>monasteria</strong></span> <span class='ocrx_word' id='word_1_272' title='bbox 1435 4500 1568 4570; x_wconf 90' lang='lat' dir='ltr'><strong>quin</strong></span> <span class='ocrx_word' id='word_1_273' title='bbox 1593 4500 1758 4555; x_wconf 86' lang='lat' dir='ltr'><strong>etiam</strong></span> <span class='ocrx_word' id='word_1_274' title='bbox 1783 4516 1915 4556; x_wconf 77' lang='lat' dir='ltr'><strong>con-</strong></span> 
     </span>
    </p>
   </div>
   <div class='ocr_carea' id='block_1_42' title="bbox 326 4588 1919 4662">
    <p class='ocr_par' dir='ltr' id='par_1_42' title="bbox 326 4588 1919 4662">
     <span class='ocr_line' id='line_1_42' title="bbox 326 4588 1919 4662; baseline -0.001 -15"><span class='ocrx_word' id='word_1_275' title='bbox 326 4594 465 4647; x_wconf 88' lang='lat' dir='ltr'><strong>dens</strong></span> <span class='ocrx_word' id='word_1_276' title='bbox 484 4593 541 4645; x_wconf 88' lang='lat' dir='ltr'><strong>in</strong></span> <span class='ocrx_word' id='word_1_277' title='bbox 567 4591 878 4662; x_wconf 82' lang='lat' dir='ltr'><strong>regionibus</strong></span> <span class='ocrx_word' id='word_1_278' title='bbox 899 4588 1045 4643; x_wconf 73' lang='lat' dir='ltr'><strong>caede</strong></span> <span class='ocrx_word' id='word_1_279' title='bbox 1066 4598 1123 4643; x_wconf 91' lang='lat' dir='ltr'><strong>et</strong></span> <span class='ocrx_word' id='word_1_280' title='bbox 1149 4591 1339 4660; x_wconf 89' lang='lat' dir='ltr'><strong>rapina</strong></span> <span class='ocrx_word' id='word_1_281' title='bbox 1367 4591 1552 4647; x_wconf 87' lang='lat' dir='ltr'><strong>vivere</strong></span> <span class='ocrx_word' id='word_1_282' title='bbox 1574 4593 1748 4647; x_wconf 90' lang='lat' dir='ltr'><strong>solitis</strong></span> <span class='ocrx_word' id='word_1_283' title='bbox 1765 4610 1780 4657; x_wconf 89' lang='lat'><strong>;</strong></span> <span class='ocrx_word' id='word_1_284' title='bbox 1796 4606 1919 4662; x_wconf 72' lang='lat' dir='ltr'><strong>qua:</strong></span> 
     </span>
    </p>
   </div>
   <div class='ocr_carea' id='block_1_43' title="bbox 329 4679 1915 4748">
    <p class='ocr_par' dir='ltr' id='par_1_43' title="bbox 329 4679 1915 4748">
     <span class='ocr_line' id='line_1_43' title="bbox 329 4679 1915 4748; baseline -0.001 -10"><span class='ocrx_word' id='word_1_285' title='bbox 329 4682 515 4738; x_wconf 84' lang='lat' dir='ltr'><strong>omnia</strong></span> <span class='ocrx_word' id='word_1_286' title='bbox 555 4681 861 4735; x_wconf 80' lang='lat' dir='ltr'><strong>universam</strong></span> <span class='ocrx_word' id='word_1_287' title='bbox 906 4694 1123 4748; x_wconf 89' lang='lat' dir='ltr'><strong>quoque</strong></span> <span class='ocrx_word' id='word_1_288' title='bbox 1166 4679 1473 4737; x_wconf 69' lang='lat' dir='ltr'><strong>Antiochia:</strong></span> <span class='ocrx_word' id='word_1_289' title='bbox 1515 4682 1795 4736; x_wconf 85' lang='lat' dir='ltr'><strong>civitatem</strong></span> <span class='ocrx_word' id='word_1_290' title='bbox 1846 4682 1915 4736; x_wconf 91' lang='lat' dir='ltr'><strong>ad</strong></span> 
     </span>
    </p>
   </div>
   <div class='ocr_carea' id='block_1_44' title="bbox 328 4770 1916 4841">
    <p class='ocr_par' dir='ltr' id='par_1_44' title="bbox 328 4770 1916 4841">
     <span class='ocr_line' id='line_1_44' title="bbox 328 4770 1916 4841; baseline -0.003 -11"><span class='ocrx_word' id='word_1_291' title='bbox 328 4790 459 4830; x_wconf 75' lang='lat' dir='ltr'><strong>eum</strong></span> <span class='ocrx_word' id='word_1_292' title='bbox 478 4771 896 4828; x_wconf 77' lang='lat' dir='ltr'><strong>transferebant.</strong></span> <span class='ocrx_word' id='word_1_293' title='bbox 921 4770 1128 4825; x_wconf 84' lang='lat' dir='ltr'><strong>Deinde</strong></span> <span class='ocrx_word' id='word_1_294' title='bbox 1154 4771 1600 4826; x_wconf 87' lang='lat' dir='ltr'><strong>commovebatur</strong></span> <span class='ocrx_word' id='word_1_295' title='bbox 1614 4771 1916 4841; x_wconf 79' lang='lat' dir='ltr'><strong>justissima</strong></span> 
     </span>
    </p>
   </div>
   <div class='ocr_carea' id='block_1_45' title="bbox 327 4860 1917 4932">
    <p class='ocr_par' dir='ltr' id='par_1_45' title="bbox 327 4860 1917 4932">
     <span class='ocr_line' id='line_1_45' title="bbox 327 4860 1917 4932; baseline -0.007 -11"><span class='ocrx_word' id='word_1_296' title='bbox 327 4866 699 4920; x_wconf 62' lang='lat' dir='ltr'><strong>lto-enormi</strong></span> <span class='ocrx_word' id='word_1_297' title='bbox 723 4861 951 4932; x_wconf 88' lang='lat' dir='ltr'><strong>judicio,</strong></span> <span class='ocrx_word' id='word_1_298' title='bbox 989 4860 1083 4930; x_wconf 90' lang='lat' dir='ltr'><strong>qui</strong></span> <span class='ocrx_word' id='word_1_299' title='bbox 1113 4875 1308 4931; x_wconf 64' lang='lat' dir='ltr'><strong>magna</strong></span> <span class='ocrx_word' id='word_1_300' title='bbox 1351 4871 1677 4932; x_wconf 83' lang='lat' dir='ltr'><strong>congregata</strong></span> <span class='ocrx_word' id='word_1_301' title='bbox 1703 4861 1917 4932; x_wconf 85' lang='lat' dir='ltr'><strong>cpisco-</strong></span> 
     </span>
    </p>
   </div>
   <div class='ocr_carea' id='block_1_46' title="bbox 329 4951 1917 5024">
    <p class='ocr_par' dir='ltr' id='par_1_46' title="bbox 329 4951 1917 5024">
     <span class='ocr_line' id='line_1_46' title="bbox 329 4951 1917 5024; baseline -0.004 -12"><span class='ocrx_word' id='word_1_302' title='bbox 329 4972 528 5024; x_wconf 86' lang='lat' dir='ltr'><strong>porum</strong></span> <span class='ocrx_word' id='word_1_303' title='bbox 553 4955 919 5017; x_wconf 85' lang='lat' dir='ltr'><strong>multitudine,</strong></span> <span class='ocrx_word' id='word_1_304' title='bbox 949 4952 1208 5008; x_wconf 77' lang='lat' dir='ltr'><strong>volebant</strong></span> <span class='ocrx_word' id='word_1_305' title='bbox 1241 4951 1387 5009; x_wconf 78' lang='lat' dir='ltr'><strong>illico</strong></span> <span class='ocrx_word' id='word_1_306' title='bbox 1415 4967 1611 5007; x_wconf 85' lang='lat' dir='ltr'><strong>omnes</strong></span> <span class='ocrx_word' id='word_1_307' title='bbox 1638 4962 1793 5008; x_wconf 91' lang='lat' dir='ltr'><strong>tanto</strong></span> <span class='ocrx_word' id='word_1_308' title='bbox 1813 4969 1917 5006; x_wconf 81' lang='lat' dir='ltr'><strong>nu-</strong></span> 
     </span>
    </p>
   </div>
   <div class='ocr_carea' id='block_1_47' title="bbox 331 5044 1917 5118">
    <p class='ocr_par' dir='ltr' id='par_1_47' title="bbox 331 5044 1917 5118">
     <span class='ocr_line' id='line_1_47' title="bbox 331 5044 1917 5118; baseline -0.001 -17"><span class='ocrx_word' id='word_1_309' title='bbox 331 5063 482 5102; x_wconf 87' lang='lat' dir='ltr'><strong>mero</strong></span> <span class='ocrx_word' id='word_1_310' title='bbox 544 5049 842 5118; x_wconf 73' lang='lat' dir='ltr'><strong>grandique</strong></span> <span class='ocrx_word' id='word_1_311' title='bbox 904 5049 1152 5118; x_wconf 83' lang='lat' dir='ltr'><strong>impensa</strong></span> <span class='ocrx_word' id='word_1_312' title='bbox 1208 5044 1745 5116; x_wconf 86' lang='lat' dir='ltr'><strong>Constantinopolim</strong></span> <span class='ocrx_word' id='word_1_313' title='bbox 1796 5046 1917 5100; x_wconf 90' lang='lat' dir='ltr'><strong>sine</strong></span> 
     </span>
    </p>
   </div>
   <div class='ocr_carea' id='block_1_48' title="bbox 331 5136 1916 5209">
    <p class='ocr_par' dir='ltr' id='par_1_48' title="bbox 331 5136 1916 5209">
     <span class='ocr_line' id='line_1_48' title="bbox 331 5136 1916 5209; baseline -0.003 -14"><span class='ocrx_word' id='word_1_314' title='bbox 331 5154 481 5195; x_wconf 88' lang='lat' dir='ltr'><strong>mora</strong></span> <span class='ocrx_word' id='word_1_315' title='bbox 508 5139 700 5193; x_wconf 79' lang='lat' dir='ltr'><strong>venire</strong></span> <span class='ocrx_word' id='word_1_316' title='bbox 737 5140 888 5209; x_wconf 81' lang='lat' dir='ltr'><strong>pacis</strong></span> <span class='ocrx_word' id='word_1_317' title='bbox 917 5139 1097 5195; x_wconf 88' lang='lat' dir='ltr'><strong>studio</strong></span> <span class='ocrx_word' id='word_1_318' title='bbox 1128 5138 1385 5209; x_wconf 89' lang='lat' dir='ltr'><strong>impulsi;</strong></span> <span class='ocrx_word' id='word_1_319' title='bbox 1424 5136 1520 5192; x_wconf 90' lang='lat' dir='ltr'><strong>sed</strong></span> <span class='ocrx_word' id='word_1_320' title='bbox 1556 5146 1739 5193; x_wconf 88' lang='lat' dir='ltr'><strong>tamen</strong></span> <span class='ocrx_word' id='word_1_321' title='bbox 1775 5152 1916 5207; x_wconf 87' lang='lat' dir='ltr'><strong>pau-</strong></span> 
     </span>
    </p>
   </div>
   <div class='ocr_carea' id='block_1_49' title="bbox 333 5315 1913 5388">
    <p class='ocr_par' dir='ltr' id='par_1_49' title="bbox 333 5315 1913 5388">
     <span class='ocr_line' id='line_1_49' title="bbox 333 5315 1913 5388; baseline -0.004 -13"><span class='ocrx_word' id='word_1_322' title='bbox 333 5320 486 5388; x_wconf 84' lang='lat' dir='ltr'><strong>cujns</strong></span> <span class='ocrx_word' id='word_1_323' title='bbox 513 5332 668 5388; x_wconf 6' lang='lat' dir='ltr'><strong>opes,</strong></span> <span class='ocrx_word' id='word_1_324' title='bbox 690 5315 758 5369; x_wconf 90' lang='lat' dir='ltr'><strong>ad</strong></span> <span class='ocrx_word' id='word_1_325' title='bbox 790 5331 986 5388; x_wconf 73' lang='lat' dir='ltr'><strong>manus</strong></span> <span class='ocrx_word' id='word_1_326' title='bbox 1024 5318 1195 5371; x_wconf 80' lang='lat' dir='ltr'><strong>sancti</strong></span> <span class='ocrx_word' id='word_1_327' title='bbox 1229 5317 1327 5371; x_wconf 85' lang='lat' dir='ltr'><strong>viri</strong></span> <span class='ocrx_word' id='word_1_328' title='bbox 1362 5316 1574 5375; x_wconf 63' lang='lat' dir='ltr'><strong>debite,</strong></span> <span class='ocrx_word' id='word_1_329' title='bbox 1619 5315 1673 5368; x_wconf 92' lang='lat' dir='ltr'><strong>in</strong></span> <span class='ocrx_word' id='word_1_330' title='bbox 1704 5330 1913 5384; x_wconf 88' lang='lat' dir='ltr'><strong>paupe-</strong></span> 
     </span>
    </p>
   </div>
   <div class='ocr_carea' id='block_1_50' title="bbox 335 5386 1205 5457">
    <p class='ocr_par' dir='ltr' id='par_1_50' title="bbox 335 5386 1205 5457">
     <span class='ocr_line' id='line_1_50' title="bbox 335 5386 1205 5457; baseline -0.005 -14"><span class='ocrx_word' id='word_1_331' title='bbox 335 5386 419 5445; x_wconf 82' lang='lat' dir='ltr'><strong>res</strong></span> <span class='ocrx_word' id='word_1_332' title='bbox 446 5399 503 5444; x_wconf 83' lang='lat' dir='ltr'><strong>et</strong></span> <span class='ocrx_word' id='word_1_333' title='bbox 531 5386 774 5457; x_wconf 78' lang='lat' dir='ltr'><strong>captivos</strong></span> <span class='ocrx_word' id='word_1_334' title='bbox 804 5386 1205 5441; x_wconf 79' lang='lat' dir='ltr'><strong>redundabant.</strong></span> 
     </span>
    </p>
   </div>
   <div class='ocr_carea' id='block_1_51' title="bbox 403 5454 1914 5529">
    <p class='ocr_par' dir='ltr' id='par_1_51' title="bbox 403 5454 1914 5529">
     <span class='ocr_line' id='line_1_51' title="bbox 403 5454 1914 5529; baseline -0.007 -14"><span class='ocrx_word' id='word_1_335' title='bbox 403 5462 472 5529; x_wconf 76' lang='grc' dir='ltr'><strong>(ε)</strong></span> <span class='ocrx_word' id='word_1_336' title='bbox 525 5454 813 5513; x_wconf 77' lang='lat' dir='ltr'><strong>Antiochia</strong></span> <span class='ocrx_word' id='word_1_337' title='bbox 847 5456 1145 5529; x_wconf 61' lang='lat' dir='ltr'><strong>praesertim</strong></span> <span class='ocrx_word' id='word_1_338' title='bbox 1176 5458 1301 5529; x_wconf 19' lang='lat' dir='ltr'><strong>Acivi</strong></span> <span class='ocrx_word' id='word_1_339' title='bbox 1347 5474 1446 5510; x_wconf 87' lang='lat' dir='ltr'><strong>suo</strong></span> <span class='ocrx_word' id='word_1_340' title='bbox 1492 5456 1705 5529; x_wconf 82' lang='lat' dir='ltr'><strong>favebat</strong></span> <span class='ocrx_word' id='word_1_341' title='bbox 1728 5454 1914 5529; x_wconf 84' lang='lat' dir='ltr'><strong>_Chr_v-</strong></span> 
     </span>
    </p>
   </div>
   <div class='ocr_carea' id='block_1_52' title="bbox 336 5525 1914 5603">
    <p class='ocr_par' dir='ltr' id='par_1_52' title="bbox 336 5525 1914 5603">
     <span class='ocr_line' id='line_1_52' title="bbox 336 5525 1914 5603; baseline -0.005 -18"><span class='ocrx_word' id='word_1_342' title='bbox 336 5525 599 5603; x_wconf 61' lang='grc' dir='ltr'><strong>δοςιὸῐιιο,Δ</strong></span> <span class='ocrx_word' id='word_1_343' title='bbox 629 5529 784 5603; x_wconf 79' lang='lat' dir='ltr'><strong>cujus</strong></span> <span class='ocrx_word' id='word_1_344' title='bbox 812 5526 1102 5581; x_wconf 76' lang='lat' dir='ltr'><strong>uberrimze</strong></span> <span class='ocrx_word' id='word_1_345' title='bbox 1142 5527 1470 5603; x_wconf 63' lang='lat' dir='ltr'><strong>eloquentia)</strong></span> <span class='ocrx_word' id='word_1_346' title='bbox 1500 5527 1660 5603; x_wconf 74' lang='lat' dir='ltr'><strong>toties</strong></span> <span class='ocrx_word' id='word_1_347' title='bbox 1691 5525 1914 5603; x_wconf 74' lang='lat' dir='ltr'><strong>plause-</strong></span> 
     </span>
    </p>
   </div>
   <div class='ocr_carea' id='block_1_53' title="bbox 337 5596 1917 5665">
    <p class='ocr_par' dir='ltr' id='par_1_53' title="bbox 337 5596 1917 5665">
     <span class='ocr_line' id='line_1_53' title="bbox 337 5596 1917 5665; baseline -0.004 -12"><span class='ocrx_word' id='word_1_348' title='bbox 337 5610 433 5655; x_wconf 89' lang='lat' dir='ltr'><strong>rat.</strong></span> <span class='ocrx_word' id='word_1_349' title='bbox 460 5601 545 5654; x_wconf 83' lang='lat' dir='ltr'><strong>Ad</strong></span> <span class='ocrx_word' id='word_1_350' title='bbox 574 5599 943 5654; x_wconf 84' lang='lat' dir='ltr'><strong>Antiochenos</strong></span> <span class='ocrx_word' id='word_1_351' title='bbox 968 5610 1135 5665; x_wconf 82' lang='lat' dir='ltr'><strong>prope</strong></span> <span class='ocrx_word' id='word_1_352' title='bbox 1166 5596 1487 5651; x_wconf 84' lang='lat' dir='ltr'><strong>innumeras</strong></span> <span class='ocrx_word' id='word_1_353' title='bbox 1508 5598 1657 5652; x_wconf 87' lang='lat' dir='ltr'><strong>misit</strong></span> <span class='ocrx_word' id='word_1_354' title='bbox 1686 5597 1753 5650; x_wconf 89' lang='lat' dir='ltr'><strong>ab</strong></span> <span class='ocrx_word' id='word_1_355' title='bbox 1774 5596 1917 5650; x_wconf 82' lang='lat' dir='ltr'><strong>exsi-</strong></span> 
     </span>
    </p>
   </div>
   <div class='ocr_carea' id='block_1_54' title="bbox 339 5666 1802 5739">
    <p class='ocr_par' dir='ltr' id='par_1_54' title="bbox 339 5666 1802 5739">
     <span class='ocr_line' id='line_1_54' title="bbox 339 5666 1802 5739; baseline -0.001 -17"><span class='ocrx_word' id='word_1_356' title='bbox 339 5671 405 5724; x_wconf 92' lang='lat' dir='ltr'><strong>lio</strong></span> <span class='ocrx_word' id='word_1_357' title='bbox 440 5680 665 5727; x_wconf 89' lang='lat' dir='ltr'><strong>sanctus</strong></span> <span class='ocrx_word' id='word_1_358' title='bbox 694 5671 777 5724; x_wconf 82' lang='lat' dir='ltr'><strong>vir</strong></span> <span class='ocrx_word' id='word_1_359' title='bbox 805 5668 1080 5739; x_wconf 84' lang='lat' dir='ltr'><strong>epistolas.</strong></span> <span class='ocrx_word' id='word_1_360' title='bbox 1116 5673 1175 5739; x_wconf 78' lang='lat' dir='ltr'><strong>ut</strong></span> <span class='ocrx_word' id='word_1_361' title='bbox 1203 5666 1401 5721; x_wconf 83' lang='lat' dir='ltr'><strong>dicitur</strong></span> <span class='ocrx_word' id='word_1_362' title='bbox 1428 5669 1482 5722; x_wconf 90' lang='lat' dir='ltr'><strong>in</strong></span> <span class='ocrx_word' id='word_1_363' title='bbox 1514 5669 1633 5739; x_wconf 83' lang='lat' dir='ltr'><strong>ejus</strong></span> <span class='ocrx_word' id='word_1_364' title='bbox 1658 5667 1802 5721; x_wconf 71' lang='lat' dir='ltr'><strong>Vita.</strong></span> 
     </span>
    </p>
   </div>
   <div class='ocr_carea' id='block_1_55' title="bbox 407 5736 1916 5810">
    <p class='ocr_par' dir='ltr' id='par_1_55' title="bbox 407 5736 1916 5810">
     <span class='ocr_line' id='line_1_55' title="bbox 407 5736 1916 5810; baseline -0.005 -17"><span class='ocrx_word' id='word_1_365' title='bbox 407 5740 472 5810; x_wconf 69' lang='grc' dir='ltr'><strong>(Γ)</strong></span> <span class='ocrx_word' id='word_1_366' title='bbox 508 5740 772 5810; x_wconf 72' lang='lat' dir='ltr'><strong>lntelligit</strong></span> <span class='ocrx_word' id='word_1_367' title='bbox 796 5736 1087 5796; x_wconf 82' lang='lat' dir='ltr'><strong>concilium</strong></span> <span class='ocrx_word' id='word_1_368' title='bbox 1125 5736 1433 5791; x_wconf 75' lang='lat' dir='ltr'><strong>llomanum</strong></span> <span class='ocrx_word' id='word_1_369' title='bbox 1464 5736 1567 5793; x_wconf 84' lang='lat' dir='ltr'><strong>sub</strong></span> <span class='ocrx_word' id='word_1_370' title='bbox 1599 5737 1916 5794; x_wconf 75' lang='lat' dir='ltr'><strong>Innocentio</strong></span> 
     </span>
    </p>
   </div>
   <div class='ocr_carea' id='block_1_56' title="bbox 339 5811 1029 5882">
    <p class='ocr_par' dir='ltr' id='par_1_56' title="bbox 339 5811 1029 5882">
     <span class='ocr_line' id='line_1_56' title="bbox 339 5811 1029 5882; baseline -0.003 -17"><span class='ocrx_word' id='word_1_371' title='bbox 339 5827 430 5881; x_wconf 88' lang='lat' dir='ltr'><strong>pro</strong></span> <span class='ocrx_word' id='word_1_372' title='bbox 445 5826 611 5882; x_wconf 76' lang='lat' dir='ltr'><strong>causa</strong></span> <span class='ocrx_word' id='word_1_373' title='bbox 634 5811 1029 5882; x_wconf 63' lang='lat' dir='ltr'><strong>Clu-vsostomi.</strong></span> 
     </span>
    </p>
   </div>
   <div class='ocr_carea' id='block_1_57' title="bbox 408 5873 1920 5955">
    <p class='ocr_par' dir='ltr' id='par_1_57' title="bbox 408 5873 1920 5955">
     <span class='ocr_line' id='line_1_57' title="bbox 408 5873 1920 5955; baseline -0.001 -22"><span class='ocrx_word' id='word_1_374' title='bbox 408 5885 478 5953; x_wconf 79' lang='lat' dir='ltr'><strong>(g)</strong></span> <span class='ocrx_word' id='word_1_375' title='bbox 514 5881 718 5955; x_wconf 82' lang='lat' dir='ltr'><strong>llorum</strong></span> <span class='ocrx_word' id='word_1_376' title='bbox 750 5874 969 5938; x_wconf 81' lang='lat' dir='ltr'><strong>nomina</strong></span> <span class='ocrx_word' id='word_1_377' title='bbox 1008 5883 1260 5955; x_wconf 71' lang='lat' dir='ltr'><strong>leguntur</strong></span> <span class='ocrx_word' id='word_1_378' title='bbox 1294 5878 1437 5949; x_wconf 85' lang='lat' dir='ltr'><strong>apud</strong></span> <span class='ocrx_word' id='word_1_379' title='bbox 1464 5873 1761 5935; x_wconf 80' lang='lat' dir='ltr'><strong>Palladium</strong></span> <span class='ocrx_word' id='word_1_380' title='bbox 1791 5877 1920 5933; x_wconf 78' lang='lat' dir='ltr'><strong>Dia-</strong></span> 
     </span>
    </p>
   </div>
   <div class='ocr_carea' id='block_1_58' title="bbox 341 5952 670 6025">
    <p class='ocr_par' dir='ltr' id='par_1_58' title="bbox 341 5952 670 6025">
     <span class='ocr_line' id='line_1_58' title="bbox 341 5952 670 6025; baseline -0.021 -16"><span class='ocrx_word' id='word_1_381' title='bbox 341 5952 441 6025; x_wconf 65' lang='lat' dir='ltr'><strong>by.</strong></span> <span class='ocrx_word' id='word_1_382' title='bbox 462 5967 583 6025; x_wconf 81' lang='lat' dir='ltr'><strong>cap.</strong></span> 
     </span>
    </p>
   </div>
   <div class='ocr_carea' id='block_1_59' title="bbox 406 6021 811 6093">
    <p class='ocr_par' dir='ltr' id='par_1_59' title="bbox 406 6021 811 6093">
     <span class='ocr_line' id='line_1_59' title="bbox 406 6021 811 6093; baseline -0.007 -18"><span class='ocrx_word' id='word_1_383' title='bbox 406 6028 478 6093; x_wconf 62' lang='lat' dir='ltr'><strong>(Ii)</strong></span> <span class='ocrx_word' id='word_1_384' title='bbox 517 6021 651 6078; x_wconf 83' lang='lat' dir='ltr'><strong>Cod.</strong></span> <span class='ocrx_word' id='word_1_385' title='bbox 684 6024 811 6084; x_wconf 70' lang='grc' dir='ltr'><strong>τνιῖς.</strong></span> 
     </span>
    </p>
   </div>
   <div class='ocr_carea' id='block_1_60' title="bbox 2023 1670 3605 1753">
    <p class='ocr_par' dir='ltr' id='par_1_60' title="bbox 2023 1670 3605 1753">
     <span class='ocr_line' id='line_1_60' title="bbox 2023 1670 3605 1753; baseline 0.006 -28"><span class='ocrx_word' id='word_1_386' title='bbox 2023 1670 2102 1725; x_wconf 89' lang='lat' dir='ltr'><strong>eis</strong></span> <span class='ocrx_word' id='word_1_387' title='bbox 2130 1670 2337 1739; x_wconf 90' lang='lat' dir='ltr'><strong>aliquot</strong></span> <span class='ocrx_word' id='word_1_388' title='bbox 2369 1679 2706 1725; x_wconf 89' lang='lat' dir='ltr'><strong>censuerunt</strong></span> <span class='ocrx_word' id='word_1_389' title='bbox 2729 1680 2889 1727; x_wconf 85' lang='lat' dir='ltr'><strong>antea</strong></span> <span class='ocrx_word' id='word_1_390' title='bbox 2937 1674 3384 1732; x_wconf 88' lang='lat' dir='ltr'><strong>committendum</strong></span> <span class='ocrx_word' id='word_1_391' title='bbox 3433 1695 3605 1753; x_wconf 82' lang='lat' dir='ltr'><strong>nego-</strong></span> 
     </span>
    </p>
   </div>
   <div class='ocr_carea' id='block_1_61' title="bbox 2024 1761 3606 1837">
    <p class='ocr_par' dir='ltr' id='par_1_61' title="bbox 2024 1761 3606 1837">
     <span class='ocr_line' id='line_1_61' title="bbox 2024 1761 3606 1837; baseline 0.008 -23"><span class='ocrx_word' id='word_1_392' title='bbox 2024 1761 2179 1823; x_wconf 87' lang='lat' dir='ltr'><strong>tium,</strong></span> <span class='ocrx_word' id='word_1_393' title='bbox 2216 1769 2271 1814; x_wconf 87' lang='lat' dir='ltr'><strong>et</strong></span> <span class='ocrx_word' id='word_1_394' title='bbox 2322 1761 2561 1831; x_wconf 87' lang='lat' dir='ltr'><strong>quinque</strong></span> <span class='ocrx_word' id='word_1_395' title='bbox 2597 1762 2799 1818; x_wconf 88' lang='lat' dir='ltr'><strong>electos</strong></span> <span class='ocrx_word' id='word_1_396' title='bbox 2842 1764 3063 1819; x_wconf 84' lang='lat' dir='ltr'><strong>decreto</strong></span> <span class='ocrx_word' id='word_1_397' title='bbox 3092 1766 3408 1837; x_wconf 89' lang='lat' dir='ltr'><strong>episcopos,</strong></span> <span class='ocrx_word' id='word_1_398' title='bbox 3440 1771 3606 1826; x_wconf 90' lang='lat' dir='ltr'><strong>duos-</strong></span> 
     </span>
    </p>
   </div>
   <div class='ocr_carea' id='block_1_62' title="bbox 2020 1856 3606 1936">
    <p class='ocr_par' dir='ltr' id='par_1_62' title="bbox 2020 1856 3606 1936">
     <span class='ocr_line' id='line_1_62' title="bbox 2020 1856 3606 1936; baseline 0.01 -31"><span class='ocrx_word' id='word_1_399' title='bbox 2020 1870 2128 1921; x_wconf 90' lang='lat' dir='ltr'><strong>que</strong></span> <span class='ocrx_word' id='word_1_400' title='bbox 2161 1870 2225 1907; x_wconf 78' lang='lat' dir='ltr'><strong>ex</strong></span> <span class='ocrx_word' id='word_1_401' title='bbox 2266 1870 2459 1925; x_wconf 85' lang='lat' dir='ltr'><strong>magna</strong></span> <span class='ocrx_word' id='word_1_402' title='bbox 2502 1856 2672 1909; x_wconf 79' lang='lat' dir='ltr'><strong>Roma</strong></span> <span class='ocrx_word' id='word_1_403' title='bbox 2698 1860 3063 1930; x_wconf 81' lang='lat' dir='ltr'><strong>presbyteros,</strong></span> <span class='ocrx_word' id='word_1_404' title='bbox 3093 1877 3198 1916; x_wconf 91' lang='lat' dir='ltr'><strong>una</strong></span> <span class='ocrx_word' id='word_1_405' title='bbox 3226 1878 3351 1918; x_wconf 88' lang='lat' dir='ltr'><strong>cum</strong></span> <span class='ocrx_word' id='word_1_406' title='bbox 3382 1865 3487 1920; x_wconf 92' lang='lat' dir='ltr'><strong>illis</strong></span> <span class='ocrx_word' id='word_1_407' title='bbox 3510 1866 3606 1936; x_wconf 76' lang='lat' dir='ltr'><strong>qui</strong></span> 
     </span>
    </p>
   </div>
   <div class='ocr_carea' id='block_1_63' title="bbox 2022 1943 3602 2022">
    <p class='ocr_par' dir='ltr' id='par_1_63' title="bbox 2022 1943 3602 2022">
     <span class='ocr_line' id='line_1_63' title="bbox 2022 1943 3602 2022; baseline 0.009 -25"><span class='ocrx_word' id='word_1_408' title='bbox 2022 1943 2151 1998; x_wconf 89' lang='lat' dir='ltr'><strong>hinc</strong></span> <span class='ocrx_word' id='word_1_409' title='bbox 2171 1943 2239 1997; x_wconf 91' lang='lat' dir='ltr'><strong>ad</strong></span> <span class='ocrx_word' id='word_1_410' title='bbox 2262 1943 2537 1998; x_wconf 81' lang='lat' dir='ltr'><strong>Romanos</strong></span> <span class='ocrx_word' id='word_1_411' title='bbox 2570 1945 2799 2013; x_wconf 87' lang='lat' dir='ltr'><strong>profecti</strong></span> <span class='ocrx_word' id='word_1_412' title='bbox 2828 1958 2983 2003; x_wconf 87' lang='lat' dir='ltr'><strong>erant</strong></span> <span class='ocrx_word' id='word_1_413' title='bbox 3002 1952 3293 2022; x_wconf 83' lang='lat' dir='ltr'><strong>episcopis,</strong></span> <span class='ocrx_word' id='word_1_414' title='bbox 3314 1955 3602 2020; x_wconf 90' lang='lat' dir='ltr'><strong>miserunt,</strong></span> 
     </span>
    </p>
   </div>
   <div class='ocr_carea' id='block_1_64' title="bbox 2020 2037 3605 2119">
    <p class='ocr_par' dir='ltr' id='par_1_64' title="bbox 2020 2037 3605 2119">
     <span class='ocr_line' id='line_1_64' title="bbox 2020 2037 3605 2119; baseline 0.008 -28"><span class='ocrx_word' id='word_1_415' title='bbox 2020 2037 2156 2091; x_wconf 91' lang='lat' dir='ltr'><strong>nihil</strong></span> <span class='ocrx_word' id='word_1_416' title='bbox 2203 2037 2349 2092; x_wconf 91' lang='lat' dir='ltr'><strong>aliud</strong></span> <span class='ocrx_word' id='word_1_417' title='bbox 2399 2038 2468 2091; x_wconf 88' lang='lat' dir='ltr'><strong>ah</strong></span> <span class='ocrx_word' id='word_1_418' title='bbox 2506 2038 2835 2107; x_wconf 86' lang='lat' dir='ltr'><strong>imperatore</strong></span> <span class='ocrx_word' id='word_1_419' title='bbox 2878 2042 3175 2111; x_wconf 90' lang='lat' dir='ltr'><strong>petituros,</strong></span> <span class='ocrx_word' id='word_1_420' title='bbox 3212 2062 3373 2115; x_wconf 91' lang='lat' dir='ltr'><strong>quam</strong></span> <span class='ocrx_word' id='word_1_421' title='bbox 3413 2049 3605 2119; x_wconf 88' lang='lat' dir='ltr'><strong>synodi</strong></span> 
     </span>
    </p>
   </div>
   <div class='ocr_carea' id='block_1_65' title="bbox 2019 2128 3607 2206">
    <p class='ocr_par' dir='ltr' id='par_1_65' title="bbox 2019 2128 3607 2206">
     <span class='ocr_line' id='line_1_65' title="bbox 2019 2128 3607 2206; baseline 0.006 -22"><span class='ocrx_word' id='word_1_422' title='bbox 2019 2129 2359 2184; x_wconf 68' lang='lat' dir='ltr'><strong>celebranda:</strong></span> <span class='ocrx_word' id='word_1_423' title='bbox 2391 2128 2705 2199; x_wconf 85' lang='lat' dir='ltr'><strong>decretique</strong></span> <span class='ocrx_word' id='word_1_424' title='bbox 2754 2146 2821 2186; x_wconf 90' lang='lat' dir='ltr'><strong>eo</strong></span> <span class='ocrx_word' id='word_1_425' title='bbox 2863 2147 3031 2203; x_wconf 89' lang='lat' dir='ltr'><strong>super</strong></span> <span class='ocrx_word' id='word_1_426' title='bbox 3077 2137 3293 2206; x_wconf 83' lang='lat' dir='ltr'><strong>negetio</strong></span> <span class='ocrx_word' id='word_1_427' title='bbox 3337 2138 3607 2195; x_wconf 89' lang='lat' dir='ltr'><strong>condendi</strong></span> 
     </span>
    </p>
   </div>
   <div class='ocr_carea' id='block_1_66' title="bbox 2020 2217 3463 2292">
    <p class='ocr_par' dir='ltr' id='par_1_66' title="bbox 2020 2217 3463 2292">
     <span class='ocr_line' id='line_1_66' title="bbox 2020 2217 3463 2292; baseline 0.007 -22"><span class='ocrx_word' id='word_1_428' title='bbox 2020 2217 2354 2279; x_wconf 81' lang='lat' dir='ltr'><strong>facultatem,</strong></span> <span class='ocrx_word' id='word_1_429' title='bbox 2387 2232 2488 2271; x_wconf 89' lang='lat' dir='ltr'><strong>nec</strong></span> <span class='ocrx_word' id='word_1_430' title='bbox 2518 2234 2624 2271; x_wconf 90' lang='lat' dir='ltr'><strong>non</strong></span> <span class='ocrx_word' id='word_1_431' title='bbox 2655 2220 2845 2289; x_wconf 79' lang='lat' dir='ltr'><strong>synodi</strong></span> <span class='ocrx_word' id='word_1_432' title='bbox 2878 2231 3094 2292; x_wconf 84' lang='lat' dir='ltr'><strong>tempus</strong></span> <span class='ocrx_word' id='word_1_433' title='bbox 3126 2239 3190 2278; x_wconf 91' lang='lat' dir='ltr'><strong>ac</strong></span> <span class='ocrx_word' id='word_1_434' title='bbox 3221 2226 3463 2280; x_wconf 88' lang='lat' dir='ltr'><strong>modum.</strong></span> 
     </span>
    </p>
   </div>
   <div class='ocr_carea' id='block_1_67' title="bbox 2092 2307 3607 2387">
    <p class='ocr_par' dir='ltr' id='par_1_67' title="bbox 2092 2307 3607 2387">
     <span class='ocr_line' id='line_1_67' title="bbox 2092 2307 3607 2387; baseline 0.009 -27"><span class='ocrx_word' id='word_1_435' title='bbox 2092 2310 2145 2360; x_wconf 76' lang='grc'><strong>5.</strong></span> <span class='ocrx_word' id='word_1_436' title='bbox 2186 2307 2325 2361; x_wconf 89' lang='lat' dir='ltr'><strong>Cum</strong></span> <span class='ocrx_word' id='word_1_437' title='bbox 2366 2308 2547 2376; x_wconf 87' lang='lat' dir='ltr'><strong>itaque</strong></span> <span class='ocrx_word' id='word_1_438' title='bbox 2604 2324 2659 2362; x_wconf 85' lang='lat' dir='ltr'><strong>se</strong></span> <span class='ocrx_word' id='word_1_439' title='bbox 2703 2321 2952 2367; x_wconf 90' lang='lat' dir='ltr'><strong>cerneret</strong></span> <span class='ocrx_word' id='word_1_440' title='bbox 3006 2315 3306 2387; x_wconf 89' lang='lat' dir='ltr'><strong>(Atticus)</strong></span> <span class='ocrx_word' id='word_1_441' title='bbox 3352 2326 3607 2386; x_wconf 89' lang='lat' dir='ltr'><strong>tanquam</strong></span> 
     </span>
    </p>
   </div>
   <div class='ocr_carea' id='block_1_68' title="bbox 2024 2395 3609 2470">
    <p class='ocr_par' dir='ltr' id='par_1_68' title="bbox 2024 2395 3609 2470">
     <span class='ocr_line' id='line_1_68' title="bbox 2024 2395 3609 2470; baseline 0.01 -24"><span class='ocrx_word' id='word_1_442' title='bbox 2024 2395 2212 2466; x_wconf 84' lang='lat' dir='ltr'><strong>grandi</strong></span> <span class='ocrx_word' id='word_1_443' title='bbox 2250 2395 2413 2449; x_wconf 78' lang='lat' dir='ltr'><strong>fluctu</strong></span> <span class='ocrx_word' id='word_1_444' title='bbox 2441 2396 2525 2450; x_wconf 90' lang='lat' dir='ltr'><strong>his</strong></span> <span class='ocrx_word' id='word_1_445' title='bbox 2564 2398 2766 2452; x_wconf 86' lang='lat' dir='ltr'><strong>auditis</strong></span> <span class='ocrx_word' id='word_1_446' title='bbox 2796 2401 3060 2470; x_wconf 87' lang='lat' dir='ltr'><strong>utrinque</strong></span> <span class='ocrx_word' id='word_1_447' title='bbox 3115 2405 3273 2459; x_wconf 90' lang='lat' dir='ltr'><strong>obrui</strong></span> <span class='ocrx_word' id='word_1_448' title='bbox 3302 2424 3317 2469; x_wconf 90' lang='lat'><strong>;</strong></span> <span class='ocrx_word' id='word_1_449' title='bbox 3369 2415 3426 2460; x_wconf 85' lang='lat' dir='ltr'><strong>et</strong></span> <span class='ocrx_word' id='word_1_450' title='bbox 3456 2408 3609 2462; x_wconf 90' lang='lat' dir='ltr'><strong>illum</strong></span> 
     </span>
    </p>
   </div>
   <div class='ocr_carea' id='block_1_69' title="bbox 2026 2485 3609 2559">
    <p class='ocr_par' dir='ltr' id='par_1_69' title="bbox 2026 2485 3609 2559">
     <span class='ocr_line' id='line_1_69' title="bbox 2026 2485 3609 2559; baseline 0.008 -19"><span class='ocrx_word' id='word_1_451' title='bbox 2026 2485 2556 2558; x_wconf 83' lang='lat' dir='ltr'><strong>(Chrysostomum)</strong></span> <span class='ocrx_word' id='word_1_452' title='bbox 2588 2490 2808 2559; x_wconf 90' lang='lat' dir='ltr'><strong>quidem</strong></span> <span class='ocrx_word' id='word_1_453' title='bbox 2840 2493 2907 2547; x_wconf 89' lang='lat' dir='ltr'><strong>ad</strong></span> <span class='ocrx_word' id='word_1_454' title='bbox 2936 2508 3210 2549; x_wconf 91' lang='lat' dir='ltr'><strong>summum</strong></span> <span class='ocrx_word' id='word_1_455' title='bbox 3243 2497 3463 2552; x_wconf 85' lang='lat' dir='ltr'><strong>virtutis</strong></span> <span class='ocrx_word' id='word_1_456' title='bbox 3493 2500 3609 2554; x_wconf 90' lang='lat' dir='ltr'><strong>eul-</strong></span> 
     </span>
    </p>
   </div>
   <div class='ocr_carea' id='block_1_70' title="bbox 2022 2580 3611 2658">
    <p class='ocr_par' dir='ltr' id='par_1_70' title="bbox 2022 2580 3611 2658">
     <span class='ocr_line' id='line_1_70' title="bbox 2022 2580 3611 2658; baseline 0.01 -26"><span class='ocrx_word' id='word_1_457' title='bbox 2022 2594 2147 2633; x_wconf 87' lang='lat' dir='ltr'><strong>men</strong></span> <span class='ocrx_word' id='word_1_458' title='bbox 2178 2580 2473 2650; x_wconf 60' lang='lat' dir='ltr'><strong>gloriaque</strong></span> <span class='ocrx_word' id='word_1_459' title='bbox 2522 2581 2745 2649; x_wconf 87' lang='lat' dir='ltr'><strong>elatum,</strong></span> <span class='ocrx_word' id='word_1_460' title='bbox 2807 2584 2910 2641; x_wconf 90' lang='lat' dir='ltr'><strong>hos</strong></span> <span class='ocrx_word' id='word_1_461' title='bbox 2963 2596 3146 2642; x_wconf 88' lang='lat' dir='ltr'><strong>autem</strong></span> <span class='ocrx_word' id='word_1_462' title='bbox 3206 2589 3498 2658; x_wconf 85' lang='lat' dir='ltr'><strong>instantes,</strong></span> <span class='ocrx_word' id='word_1_463' title='bbox 3552 2602 3611 2648; x_wconf 91' lang='lat' dir='ltr'><strong>et</strong></span> 
     </span>
    </p>
   </div>
   <div class='ocr_carea' id='block_1_71' title="bbox 2023 2670 3610 2751">
    <p class='ocr_par' dir='ltr' id='par_1_71' title="bbox 2023 2670 3610 2751">
     <span class='ocr_line' id='line_1_71' title="bbox 2023 2670 3610 2751; baseline 0.01 -28"><span class='ocrx_word' id='word_1_464' title='bbox 2023 2670 2291 2741; x_wconf 66' lang='lat' dir='ltr'><strong>Sjnodum</strong></span> <span class='ocrx_word' id='word_1_465' title='bbox 2344 2673 2571 2728; x_wconf 87' lang='lat' dir='ltr'><strong>omnino</strong></span> <span class='ocrx_word' id='word_1_466' title='bbox 2602 2676 2969 2730; x_wconf 85' lang='lat' dir='ltr'><strong>necessariam</strong></span> <span class='ocrx_word' id='word_1_467' title='bbox 3017 2679 3281 2745; x_wconf 87' lang='lat' dir='ltr'><strong>dicentes,</strong></span> <span class='ocrx_word' id='word_1_468' title='bbox 3326 2690 3490 2751; x_wconf 87' lang='lat' dir='ltr'><strong>atque</strong></span> <span class='ocrx_word' id='word_1_469' title='bbox 3536 2685 3610 2739; x_wconf 90' lang='lat' dir='ltr'><strong>ita</strong></span> 
     </span>
    </p>
   </div>
   <div class='ocr_carea' id='block_1_72' title="bbox 2022 2763 3607 2840">
    <p class='ocr_par' dir='ltr' id='par_1_72' title="bbox 2022 2763 3607 2840">
     <span class='ocr_line' id='line_1_72' title="bbox 2022 2763 3607 2840; baseline 0.009 -25"><span class='ocrx_word' id='word_1_470' title='bbox 2022 2772 2341 2817; x_wconf 88' lang='lat' dir='ltr'><strong>censentem</strong></span> <span class='ocrx_word' id='word_1_471' title='bbox 2393 2763 2559 2818; x_wconf 90' lang='lat' dir='ltr'><strong>etiam</strong></span> <span class='ocrx_word' id='word_1_472' title='bbox 2623 2766 2969 2835; x_wconf 88' lang='lat' dir='ltr'><strong>imperatoris</strong></span> <span class='ocrx_word' id='word_1_473' title='bbox 3034 2770 3295 2839; x_wconf 86' lang='lat' dir='ltr'><strong>majorem</strong></span> <span class='ocrx_word' id='word_1_474' title='bbox 3342 2771 3607 2840; x_wconf 88' lang='lat' dir='ltr'><strong>fratrem;</strong></span> 
     </span>
    </p>
   </div>
   <div class='ocr_carea' id='block_1_73' title="bbox 2023 2857 3605 2937">
    <p class='ocr_par' dir='ltr' id='par_1_73' title="bbox 2023 2857 3605 2937">
     <span class='ocr_line' id='line_1_73' title="bbox 2023 2857 3605 2937; baseline 0.008 -27"><span class='ocrx_word' id='word_1_475' title='bbox 2023 2857 2151 2926; x_wconf 89' lang='lat' dir='ltr'><strong>quid</strong></span> <span class='ocrx_word' id='word_1_476' title='bbox 2193 2858 2348 2928; x_wconf 87' lang='lat' dir='ltr'><strong>agit?</strong></span> <span class='ocrx_word' id='word_1_477' title='bbox 2372 2857 2523 2913; x_wconf 90' lang='lat' dir='ltr'><strong>illum</strong></span> <span class='ocrx_word' id='word_1_478' title='bbox 2553 2860 2765 2925; x_wconf 79' lang='lat' dir='ltr'><strong>adiens,</strong></span> <span class='ocrx_word' id='word_1_479' title='bbox 2796 2877 2960 2930; x_wconf 86' lang='lat' dir='ltr'><strong>quem</strong></span> <span class='ocrx_word' id='word_1_480' title='bbox 2988 2864 3149 2933; x_wconf 90' lang='lat' dir='ltr'><strong>paulo</strong></span> <span class='ocrx_word' id='word_1_481' title='bbox 3168 2875 3295 2921; x_wconf 87' lang='lat' dir='ltr'><strong>ante</strong></span> <span class='ocrx_word' id='word_1_482' title='bbox 3319 2869 3605 2937; x_wconf 86' lang='lat' dir='ltr'><strong>appellavi,</strong></span> 
     </span>
    </p>
   </div>
   <div class='ocr_carea' id='block_1_74' title="bbox 2020 2950 3611 3018">
    <p class='ocr_par' dir='ltr' id='par_1_74' title="bbox 2020 2950 3611 3018">
     <span class='ocr_line' id='line_1_74' title="bbox 2020 2950 3611 3018; baseline 0.008 -14"><span class='ocrx_word' id='word_1_483' title='bbox 2020 2950 2307 3005; x_wconf 88' lang='lat' dir='ltr'><strong>inimicum</strong></span> <span class='ocrx_word' id='word_1_484' title='bbox 2347 2951 2608 3007; x_wconf 65' lang='lat' dir='ltr'><strong>Ecclesiae</strong></span> <span class='ocrx_word' id='word_1_485' title='bbox 2644 2953 2859 3018; x_wconf 87' lang='lat' dir='ltr'><strong>ducem,</strong></span> <span class='ocrx_word' id='word_1_486' title='bbox 2903 2956 3095 3010; x_wconf 91' lang='lat' dir='ltr'><strong>suadet</strong></span> <span class='ocrx_word' id='word_1_487' title='bbox 3121 2958 3169 3011; x_wconf 91' lang='lat' dir='ltr'><strong>ei</strong></span> <span class='ocrx_word' id='word_1_488' title='bbox 3199 2970 3259 3012; x_wconf 89' lang='lat' dir='ltr'><strong>ut</strong></span> <span class='ocrx_word' id='word_1_489' title='bbox 3281 2957 3611 3015; x_wconf 86' lang='lat' dir='ltr'><strong>Occidenta-</strong></span> 
     </span>
    </p>
   </div>
   <div class='ocr_carea' id='block_1_75' title="bbox 2020 3043 3611 3117">
    <p class='ocr_par' dir='ltr' id='par_1_75' title="bbox 2020 3043 3611 3117">
     <span class='ocr_line' id='line_1_75' title="bbox 2020 3043 3611 3117; baseline 0.008 -21"><span class='ocrx_word' id='word_1_490' title='bbox 2020 3043 2099 3097; x_wconf 87' lang='lat' dir='ltr'><strong>les</strong></span> <span class='ocrx_word' id='word_1_491' title='bbox 2125 3044 2348 3112; x_wconf 91' lang='lat' dir='ltr'><strong>quidem</strong></span> <span class='ocrx_word' id='word_1_492' title='bbox 2374 3044 2682 3115; x_wconf 83' lang='lat' dir='ltr'><strong>episcOpos,</strong></span> <span class='ocrx_word' id='word_1_493' title='bbox 2718 3056 2910 3117; x_wconf 88' lang='lat' dir='ltr'><strong>utpote</strong></span> <span class='ocrx_word' id='word_1_494' title='bbox 2956 3049 3012 3102; x_wconf 92' lang='lat' dir='ltr'><strong>in</strong></span> <span class='ocrx_word' id='word_1_495' title='bbox 3054 3050 3286 3104; x_wconf 87' lang='lat' dir='ltr'><strong>alienam</strong></span> <span class='ocrx_word' id='word_1_496' title='bbox 3344 3052 3611 3109; x_wconf 89' lang='lat' dir='ltr'><strong>ditionem</strong></span> 
     </span>
    </p>
   </div>
   <div class='ocr_carea' id='block_1_76' title="bbox 2021 3132 3611 3208">
    <p class='ocr_par' dir='ltr' id='par_1_76' title="bbox 2021 3132 3611 3208">
     <span class='ocr_line' id='line_1_76' title="bbox 2021 3132 3611 3208; baseline 0.008 -22"><span class='ocrx_word' id='word_1_497' title='bbox 2021 3132 2317 3203; x_wconf 82' lang='lat' dir='ltr'><strong>ingressos,</strong></span> <span class='ocrx_word' id='word_1_498' title='bbox 2349 3149 2477 3188; x_wconf 89' lang='lat' dir='ltr'><strong>cum</strong></span> <span class='ocrx_word' id='word_1_499' title='bbox 2510 3135 2807 3206; x_wconf 78' lang='lat' dir='ltr'><strong>ignominia</strong></span> <span class='ocrx_word' id='word_1_500' title='bbox 2842 3139 3079 3208; x_wconf 80' lang='lat' dir='ltr'><strong>expellat</strong></span> <span class='ocrx_word' id='word_1_501' title='bbox 3107 3157 3121 3204; x_wconf 91' lang='lat'><strong>;</strong></span> <span class='ocrx_word' id='word_1_502' title='bbox 3154 3150 3374 3196; x_wconf 88' lang='lat' dir='ltr'><strong>nostros</strong></span> <span class='ocrx_word' id='word_1_503' title='bbox 3426 3150 3611 3198; x_wconf 86' lang='lat' dir='ltr'><strong>autem</strong></span> 
     </span>
    </p>
   </div>
   <div class='ocr_carea' id='block_1_77' title="bbox 2020 3223 3610 3303">
    <p class='ocr_par' dir='ltr' id='par_1_77' title="bbox 2020 3223 3610 3303">
     <span class='ocr_line' id='line_1_77' title="bbox 2020 3223 3610 3303; baseline 0.006 -26"><span class='ocrx_word' id='word_1_504' title='bbox 2020 3223 2113 3292; x_wconf 91' lang='lat' dir='ltr'><strong>qui</strong></span> <span class='ocrx_word' id='word_1_505' title='bbox 2143 3223 2515 3280; x_wconf 79' lang='lat' dir='ltr'><strong>Romanorum</strong></span> <span class='ocrx_word' id='word_1_506' title='bbox 2573 3226 2835 3281; x_wconf 78' lang='lat' dir='ltr'><strong>auxilium</strong></span> <span class='ocrx_word' id='word_1_507' title='bbox 2888 3229 3332 3299; x_wconf 88' lang='lat' dir='ltr'><strong>imploraverant,</strong></span> <span class='ocrx_word' id='word_1_508' title='bbox 3377 3247 3480 3287; x_wconf 88' lang='lat' dir='ltr'><strong>ceu</strong></span> <span class='ocrx_word' id='word_1_509' title='bbox 3517 3233 3610 3303; x_wconf 89' lang='lat' dir='ltr'><strong>qui</strong></span> 
     </span>
    </p>
   </div>
   <div class='ocr_carea' id='block_1_78' title="bbox 2022 3315 3615 3389">
    <p class='ocr_par' dir='ltr' id='par_1_78' title="bbox 2022 3315 3615 3389">
     <span class='ocr_line' id='line_1_78' title="bbox 2022 3315 3615 3389; baseline 0.007 -21"><span class='ocrx_word' id='word_1_510' title='bbox 2022 3315 2311 3384; x_wconf 90' lang='lat' dir='ltr'><strong>imperium</strong></span> <span class='ocrx_word' id='word_1_511' title='bbox 2341 3324 2592 3371; x_wconf 86' lang='lat' dir='ltr'><strong>nostrum</strong></span> <span class='ocrx_word' id='word_1_512' title='bbox 2617 3318 2995 3389; x_wconf 89' lang='lat' dir='ltr'><strong>judiciumque</strong></span> <span class='ocrx_word' id='word_1_513' title='bbox 3038 3320 3327 3387; x_wconf 65' lang='lat' dir='ltr'><strong>laesissent,</strong></span> <span class='ocrx_word' id='word_1_514' title='bbox 3378 3323 3434 3376; x_wconf 87' lang='lat' dir='ltr'><strong>in</strong></span> <span class='ocrx_word' id='word_1_515' title='bbox 3465 3325 3615 3379; x_wconf 64' lang='lat' dir='ltr'><strong>etsi-</strong></span> 
     </span>
    </p>
   </div>
   <div class='ocr_carea' id='block_1_79' title="bbox 2021 3406 3612 3484">
    <p class='ocr_par' dir='ltr' id='par_1_79' title="bbox 2021 3406 3612 3484">
     <span class='ocr_line' id='line_1_79' title="bbox 2021 3406 3612 3484; baseline 0.006 -25"><span class='ocrx_word' id='word_1_516' title='bbox 2021 3406 2152 3460; x_wconf 92' lang='lat' dir='ltr'><strong>lium</strong></span> <span class='ocrx_word' id='word_1_517' title='bbox 2186 3406 2431 3461; x_wconf 87' lang='lat' dir='ltr'><strong>mitteret</strong></span> <span class='ocrx_word' id='word_1_518' title='bbox 2459 3424 2473 3471; x_wconf 94' lang='lat'><strong>;</strong></span> <span class='ocrx_word' id='word_1_519' title='bbox 2509 3407 2609 3477; x_wconf 91' lang='lat' dir='ltr'><strong>ipsi</strong></span> <span class='ocrx_word' id='word_1_520' title='bbox 2633 3418 2817 3463; x_wconf 90' lang='lat' dir='ltr'><strong>autem</strong></span> <span class='ocrx_word' id='word_1_521' title='bbox 2852 3420 3042 3465; x_wconf 85' lang='lat' dir='ltr'><strong>sancto</strong></span> <span class='ocrx_word' id='word_1_522' title='bbox 3063 3412 3180 3465; x_wconf 84' lang='lat' dir='ltr'><strong>viro</strong></span> <span class='ocrx_word' id='word_1_523' title='bbox 3210 3412 3404 3467; x_wconf 85' lang='lat' dir='ltr'><strong>mortis</strong></span> <span class='ocrx_word' id='word_1_524' title='bbox 3436 3429 3612 3484; x_wconf 83' lang='lat' dir='ltr'><strong>genus</strong></span> 
     </span>
    </p>
   </div>
   <div class='ocr_carea' id='block_1_80' title="bbox 2021 3498 3609 3572">
    <p class='ocr_par' dir='ltr' id='par_1_80' title="bbox 2021 3498 3609 3572">
     <span class='ocr_line' id='line_1_80' title="bbox 2021 3498 3609 3572; baseline 0.006 -21"><span class='ocrx_word' id='word_1_525' title='bbox 2021 3498 2381 3567; x_wconf 88' lang='lat' dir='ltr'><strong>asperrimum</strong></span> <span class='ocrx_word' id='word_1_526' title='bbox 2410 3498 2774 3563; x_wconf 85' lang='lat' dir='ltr'><strong>adinveniret,</strong></span> <span class='ocrx_word' id='word_1_527' title='bbox 2800 3516 2962 3569; x_wconf 91' lang='lat' dir='ltr'><strong>quam</strong></span> <span class='ocrx_word' id='word_1_528' title='bbox 2985 3517 3096 3556; x_wconf 90' lang='lat' dir='ltr'><strong>non</strong></span> <span class='ocrx_word' id='word_1_529' title='bbox 3119 3502 3325 3557; x_wconf 91' lang='lat' dir='ltr'><strong>ferrum</strong></span> <span class='ocrx_word' id='word_1_530' title='bbox 3356 3502 3609 3572; x_wconf 82' lang='lat' dir='ltr'><strong>inferret,</strong></span> 
     </span>
    </p>
   </div>
   <div class='ocr_carea' id='block_1_81' title="bbox 2022 3586 3606 3663">
    <p class='ocr_par' dir='ltr' id='par_1_81' title="bbox 2022 3586 3606 3663">
     <span class='ocr_line' id='line_1_81' title="bbox 2022 3586 3606 3663; baseline 0.003 -19"><span class='ocrx_word' id='word_1_531' title='bbox 2022 3588 2118 3644; x_wconf 90' lang='lat' dir='ltr'><strong>sed</strong></span> <span class='ocrx_word' id='word_1_532' title='bbox 2146 3586 2292 3641; x_wconf 86' lang='lat' dir='ltr'><strong>ferro</strong></span> <span class='ocrx_word' id='word_1_533' title='bbox 2319 3587 2492 3642; x_wconf 91' lang='lat' dir='ltr'><strong>multo</strong></span> <span class='ocrx_word' id='word_1_534' title='bbox 2526 3588 2808 3643; x_wconf 88' lang='lat' dir='ltr'><strong>molestior</strong></span> <span class='ocrx_word' id='word_1_535' title='bbox 2844 3589 2899 3643; x_wconf 94' lang='lat' dir='ltr'><strong>in</strong></span> <span class='ocrx_word' id='word_1_536' title='bbox 2934 3590 3278 3660; x_wconf 82' lang='lat' dir='ltr'><strong>longinquam</strong></span> <span class='ocrx_word' id='word_1_537' title='bbox 3327 3593 3606 3663; x_wconf 81' lang='lat' dir='ltr'><strong>regionem</strong></span> 
     </span>
    </p>
   </div>
   <div class='ocr_carea' id='block_1_82' title="bbox 2022 3679 3609 3751">
    <p class='ocr_par' dir='ltr' id='par_1_82' title="bbox 2022 3679 3609 3751">
     <span class='ocr_line' id='line_1_82' title="bbox 2022 3679 3609 3751; baseline 0.006 -18"><span class='ocrx_word' id='word_1_538' title='bbox 2022 3679 2297 3740; x_wconf 82' lang='lat' dir='ltr'><strong>abductio,</strong></span> <span class='ocrx_word' id='word_1_539' title='bbox 2331 3688 2387 3733; x_wconf 83' lang='lat' dir='ltr'><strong>et</strong></span> <span class='ocrx_word' id='word_1_540' title='bbox 2412 3680 2635 3734; x_wconf 88' lang='lat' dir='ltr'><strong>morbus</strong></span> <span class='ocrx_word' id='word_1_541' title='bbox 2673 3681 2907 3751; x_wconf 53' lang='lat' dir='ltr'><strong>physica</strong></span> <span class='ocrx_word' id='word_1_542' title='bbox 2958 3685 3203 3751; x_wconf 85' lang='lat' dir='ltr'><strong>corporis</strong></span> <span class='ocrx_word' id='word_1_543' title='bbox 3242 3685 3609 3743; x_wconf 88' lang='lat' dir='ltr'><strong>imbecillitati</strong></span> 
     </span>
    </p>
   </div>
   <div class='ocr_carea' id='block_1_83' title="bbox 2021 3770 3609 3848">
    <p class='ocr_par' dir='ltr' id='par_1_83' title="bbox 2021 3770 3609 3848">
     <span class='ocr_line' id='line_1_83' title="bbox 2021 3770 3609 3848; baseline 0.006 -23"><span class='ocrx_word' id='word_1_544' title='bbox 2021 3771 2366 3839; x_wconf 88' lang='lat' dir='ltr'><strong>conjunctus.</strong></span> <span class='ocrx_word' id='word_1_545' title='bbox 2392 3770 2518 3825; x_wconf 69' lang='lat' dir='ltr'><strong>Haec</strong></span> <span class='ocrx_word' id='word_1_546' title='bbox 2539 3771 2647 3826; x_wconf 88' lang='lat' dir='ltr'><strong>duo</strong></span> <span class='ocrx_word' id='word_1_547' title='bbox 2670 3772 2746 3826; x_wconf 91' lang='lat' dir='ltr'><strong>illi</strong></span> <span class='ocrx_word' id='word_1_548' title='bbox 2772 3772 2937 3826; x_wconf 90' lang='lat' dir='ltr'><strong>simul</strong></span> <span class='ocrx_word' id='word_1_549' title='bbox 2954 3774 3344 3841; x_wconf 86' lang='lat' dir='ltr'><strong>deliberarunt,</strong></span> <span class='ocrx_word' id='word_1_550' title='bbox 3368 3787 3423 3832; x_wconf 90' lang='lat' dir='ltr'><strong>et</strong></span> <span class='ocrx_word' id='word_1_551' title='bbox 3442 3794 3609 3848; x_wconf 87' lang='lat' dir='ltr'><strong>opera</strong></span> 
     </span>
    </p>
   </div>
   <div class='ocr_carea' id='block_1_84' title="bbox 2021 3861 3607 3931">
    <p class='ocr_par' dir='ltr' id='par_1_84' title="bbox 2021 3861 3607 3931">
     <span class='ocr_line' id='line_1_84' title="bbox 2021 3861 3607 3931; baseline 0.006 -17"><span class='ocrx_word' id='word_1_552' title='bbox 2021 3861 2311 3915; x_wconf 86' lang='lat' dir='ltr'><strong>subsecuta</strong></span> <span class='ocrx_word' id='word_1_553' title='bbox 2340 3868 2443 3915; x_wconf 90' lang='lat' dir='ltr'><strong>est.</strong></span> <span class='ocrx_word' id='word_1_554' title='bbox 2470 3862 2538 3915; x_wconf 84' lang='lat' dir='ltr'><strong>Et</strong></span> <span class='ocrx_word' id='word_1_555' title='bbox 2572 3861 2719 3930; x_wconf 88' lang='lat' dir='ltr'><strong>quod</strong></span> <span class='ocrx_word' id='word_1_556' title='bbox 2747 3862 2968 3931; x_wconf 90' lang='lat' dir='ltr'><strong>quidem</strong></span> <span class='ocrx_word' id='word_1_557' title='bbox 3002 3865 3069 3918; x_wconf 89' lang='lat' dir='ltr'><strong>ad</strong></span> <span class='ocrx_word' id='word_1_558' title='bbox 3109 3864 3244 3920; x_wconf 90' lang='lat' dir='ltr'><strong>alios</strong></span> <span class='ocrx_word' id='word_1_559' title='bbox 3272 3867 3486 3931; x_wconf 89' lang='lat' dir='ltr'><strong>attinet,</strong></span> <span class='ocrx_word' id='word_1_560' title='bbox 3520 3883 3607 3924; x_wconf 88' lang='lat' dir='ltr'><strong>res</strong></span> 
     </span>
    </p>
   </div>
   <div class='ocr_carea' id='block_1_85' title="bbox 2022 3953 3610 4031">
    <p class='ocr_par' dir='ltr' id='par_1_85' title="bbox 2022 3953 3610 4031">
     <span class='ocr_line' id='line_1_85' title="bbox 2022 3953 3610 4031; baseline 0.006 -24"><span class='ocrx_word' id='word_1_561' title='bbox 2022 3967 2148 4007; x_wconf 92' lang='lat' dir='ltr'><strong>eum</strong></span> <span class='ocrx_word' id='word_1_562' title='bbox 2181 3966 2346 4022; x_wconf 87' lang='lat' dir='ltr'><strong>quem</strong></span> <span class='ocrx_word' id='word_1_563' title='bbox 2400 3953 2491 4008; x_wconf 90' lang='lat' dir='ltr'><strong>ille</strong></span> <span class='ocrx_word' id='word_1_564' title='bbox 2538 3954 2711 4008; x_wconf 87' lang='lat' dir='ltr'><strong>voluit</strong></span> <span class='ocrx_word' id='word_1_565' title='bbox 2735 3954 2941 4009; x_wconf 80' lang='lat' dir='ltr'><strong>exitum</strong></span> <span class='ocrx_word' id='word_1_566' title='bbox 2981 3965 3138 4010; x_wconf 88' lang='lat' dir='ltr'><strong>nacta</strong></span> <span class='ocrx_word' id='word_1_567' title='bbox 3183 3965 3313 4021; x_wconf 90' lang='lat' dir='ltr'><strong>est;</strong></span> <span class='ocrx_word' id='word_1_568' title='bbox 3370 3968 3610 4031; x_wconf 90' lang='lat' dir='ltr'><strong>tuncque</strong></span> 
     </span>
    </p>
   </div>
   <div class='ocr_carea' id='block_1_86' title="bbox 2023 4045 3609 4118">
    <p class='ocr_par' dir='ltr' id='par_1_86' title="bbox 2023 4045 3609 4118">
     <span class='ocr_line' id='line_1_86' title="bbox 2023 4045 3609 4118; baseline 0.006 -20"><span class='ocrx_word' id='word_1_569' title='bbox 2023 4046 2262 4115; x_wconf 89' lang='lat' dir='ltr'><strong>primum</strong></span> <span class='ocrx_word' id='word_1_570' title='bbox 2291 4045 2590 4115; x_wconf 86' lang='lat' dir='ltr'><strong>legatorum</strong></span> <span class='ocrx_word' id='word_1_571' title='bbox 2642 4046 3023 4116; x_wconf 90' lang='lat' dir='ltr'><strong>episcoporum</strong></span> <span class='ocrx_word' id='word_1_572' title='bbox 3075 4048 3167 4118; x_wconf 85' lang='lat' dir='ltr'><strong>jus</strong></span> <span class='ocrx_word' id='word_1_573' title='bbox 3226 4052 3609 4108; x_wconf 87' lang='lat' dir='ltr'><strong>conculcatum</strong></span> 
     </span>
    </p>
   </div>
   <div class='ocr_carea' id='block_1_87' title="bbox 2028 4134 3611 4203">
    <p class='ocr_par' dir='ltr' id='par_1_87' title="bbox 2028 4134 3611 4203">
     <span class='ocr_line' id='line_1_87' title="bbox 2028 4134 3611 4203; baseline 0.006 -15"><span class='ocrx_word' id='word_1_574' title='bbox 2028 4134 2149 4197; x_wconf 86' lang='lat' dir='ltr'><strong>fuit,</strong></span> <span class='ocrx_word' id='word_1_575' title='bbox 2178 4143 2235 4189; x_wconf 91' lang='lat' dir='ltr'><strong>et</strong></span> <span class='ocrx_word' id='word_1_576' title='bbox 2261 4134 2479 4203; x_wconf 82' lang='lat' dir='ltr'><strong>quidem</strong></span> <span class='ocrx_word' id='word_1_577' title='bbox 2502 4134 2652 4203; x_wconf 87' lang='lat' dir='ltr'><strong>pacis</strong></span> <span class='ocrx_word' id='word_1_578' title='bbox 2681 4134 3066 4192; x_wconf 65' lang='lat' dir='ltr'><strong>ecclesiasticae</strong></span> <span class='ocrx_word' id='word_1_579' title='bbox 3103 4153 3267 4193; x_wconf 89' lang='lat' dir='ltr'><strong>causa</strong></span> <span class='ocrx_word' id='word_1_580' title='bbox 3292 4147 3349 4195; x_wconf 89' lang='lat' dir='ltr'><strong>et</strong></span> <span class='ocrx_word' id='word_1_581' title='bbox 3388 4142 3611 4197; x_wconf 81' lang='lat' dir='ltr'><strong>univer-</strong></span> 
     </span>
    </p>
   </div>
   <div class='ocr_carea' id='block_1_88' title="bbox 2027 4224 2831 4280">
    <p class='ocr_par' dir='ltr' id='par_1_88' title="bbox 2027 4224 2831 4280">
     <span class='ocr_line' id='line_1_88' title="bbox 2027 4224 2831 4280; baseline 0 -1"><span class='ocrx_word' id='word_1_582' title='bbox 2027 4224 2155 4279; x_wconf 87' lang='lat' dir='ltr'><strong>salis</strong></span> <span class='ocrx_word' id='word_1_583' title='bbox 2182 4224 2489 4279; x_wconf 85' lang='lat' dir='ltr'><strong>concordiae</strong></span> <span class='ocrx_word' id='word_1_584' title='bbox 2518 4224 2831 4280; x_wconf 88' lang='lat' dir='ltr'><strong>missorum.</strong></span> 
     </span>
    </p>
   </div>
   <div class='ocr_carea' id='block_1_89' title="bbox 2095 4316 3610 4395">
    <p class='ocr_par' dir='ltr' id='par_1_89' title="bbox 2095 4316 3610 4395">
     <span class='ocr_line' id='line_1_89' title="bbox 2095 4316 3610 4395; baseline 0.007 -24"><span class='ocrx_word' id='word_1_585' title='bbox 2095 4318 2149 4371; x_wconf 70' lang='grc'><strong>4.</strong></span> <span class='ocrx_word' id='word_1_586' title='bbox 2188 4316 2327 4369; x_wconf 85' lang='lat' dir='ltr'><strong>Ecce</strong></span> <span class='ocrx_word' id='word_1_587' title='bbox 2353 4324 2535 4369; x_wconf 87' lang='lat' dir='ltr'><strong>autem</strong></span> <span class='ocrx_word' id='word_1_588' title='bbox 2563 4316 2748 4371; x_wconf 89' lang='lat' dir='ltr'><strong>statim</strong></span> <span class='ocrx_word' id='word_1_589' title='bbox 2780 4318 3075 4375; x_wconf 90' lang='lat' dir='ltr'><strong>mittuntur</strong></span> <span class='ocrx_word' id='word_1_590' title='bbox 3120 4322 3406 4379; x_wconf 84' lang='lat' dir='ltr'><strong>carnifices</strong></span> <span class='ocrx_word' id='word_1_591' title='bbox 3447 4326 3610 4395; x_wconf 84' lang='lat' dir='ltr'><strong>juve-</strong></span> 
     </span>
    </p>
   </div>
   <div class='ocr_carea' id='block_1_90' title="bbox 2024 4404 3611 4484">
    <p class='ocr_par' dir='ltr' id='par_1_90' title="bbox 2024 4404 3611 4484">
     <span class='ocr_line' id='line_1_90' title="bbox 2024 4404 3611 4484; baseline 0.007 -25"><span class='ocrx_word' id='word_1_592' title='bbox 2024 4406 2120 4459; x_wconf 88' lang='lat' dir='ltr'><strong>nili</strong></span> <span class='ocrx_word' id='word_1_593' title='bbox 2149 4405 2334 4459; x_wconf 87' lang='lat' dir='ltr'><strong>furore</strong></span> <span class='ocrx_word' id='word_1_594' title='bbox 2347 4404 2624 4468; x_wconf 87' lang='lat' dir='ltr'><strong>ardentes,</strong></span> <span class='ocrx_word' id='word_1_595' title='bbox 2647 4414 2703 4459; x_wconf 88' lang='lat' dir='ltr'><strong>et</strong></span> <span class='ocrx_word' id='word_1_596' title='bbox 2727 4405 2866 4461; x_wconf 91' lang='lat' dir='ltr'><strong>lucri</strong></span> <span class='ocrx_word' id='word_1_597' title='bbox 2890 4424 3075 4463; x_wconf 88' lang='lat' dir='ltr'><strong>amore</strong></span> <span class='ocrx_word' id='word_1_598' title='bbox 3099 4409 3437 4476; x_wconf 78' lang='lat' dir='ltr'><strong>inflammati,</strong></span> <span class='ocrx_word' id='word_1_599' title='bbox 3464 4417 3611 4484; x_wconf 90' lang='lat' dir='ltr'><strong>quod</strong></span> 
     </span>
    </p>
   </div>
   <div class='ocr_carea' id='block_1_91' title="bbox 2024 4494 3609 4575">
    <p class='ocr_par' dir='ltr' id='par_1_91' title="bbox 2024 4494 3609 4575">
     <span class='ocr_line' id='line_1_91' title="bbox 2024 4494 3609 4575; baseline 0.007 -26"><span class='ocrx_word' id='word_1_600' title='bbox 2024 4496 2103 4549; x_wconf 85' lang='lat' dir='ltr'><strong>eis</strong></span> <span class='ocrx_word' id='word_1_601' title='bbox 2150 4494 2227 4550; x_wconf 89' lang='lat' dir='ltr'><strong>rei</strong></span> <span class='ocrx_word' id='word_1_602' title='bbox 2258 4495 2473 4550; x_wconf 85' lang='lat' dir='ltr'><strong>occasio</strong></span> <span class='ocrx_word' id='word_1_603' title='bbox 2517 4497 2858 4566; x_wconf 86' lang='lat' dir='ltr'><strong>spondebat,</strong></span> <span class='ocrx_word' id='word_1_604' title='bbox 2895 4499 3106 4566; x_wconf 82' lang='lat' dir='ltr'><strong>justum</strong></span> <span class='ocrx_word' id='word_1_605' title='bbox 3163 4500 3341 4555; x_wconf 84' lang='lat' dir='ltr'><strong>virum</strong></span> <span class='ocrx_word' id='word_1_606' title='bbox 3393 4519 3456 4557; x_wconf 89' lang='lat' dir='ltr'><strong>ca</strong></span> <span class='ocrx_word' id='word_1_607' title='bbox 3502 4522 3609 4575; x_wconf 86' lang='lat' dir='ltr'><strong>qua</strong></span> 
     </span>
    </p>
   </div>
   <div class='ocr_carea' id='block_1_92' title="bbox 2026 4587 3610 4661">
    <p class='ocr_par' dir='ltr' id='par_1_92' title="bbox 2026 4587 3610 4661">
     <span class='ocr_line' id='line_1_92' title="bbox 2026 4587 3610 4661; baseline 0.007 -20"><span class='ocrx_word' id='word_1_608' title='bbox 2026 4588 2230 4642; x_wconf 81' lang='lat' dir='ltr'><strong>vellent</strong></span> <span class='ocrx_word' id='word_1_609' title='bbox 2259 4587 2471 4641; x_wconf 88' lang='lat' dir='ltr'><strong>ratione</strong></span> <span class='ocrx_word' id='word_1_610' title='bbox 2507 4588 2814 4644; x_wconf 88' lang='lat' dir='ltr'><strong>occidendi.</strong></span> <span class='ocrx_word' id='word_1_611' title='bbox 2848 4588 3025 4661; x_wconf 86' lang='lat' dir='ltr'><strong>Hique</strong></span> <span class='ocrx_word' id='word_1_612' title='bbox 3053 4601 3241 4661; x_wconf 85' lang='lat' dir='ltr'><strong>postea</strong></span> <span class='ocrx_word' id='word_1_613' title='bbox 3287 4597 3492 4651; x_wconf 87' lang='lat' dir='ltr'><strong>reversi</strong></span> <span class='ocrx_word' id='word_1_614' title='bbox 3539 4598 3610 4652; x_wconf 89' lang='lat' dir='ltr'><strong>de</strong></span> 
     </span>
    </p>
   </div>
   <div class='ocr_carea' id='block_1_93' title="bbox 2027 4678 3611 4753">
    <p class='ocr_par' dir='ltr' id='par_1_93' title="bbox 2027 4678 3611 4753">
     <span class='ocr_line' id='line_1_93' title="bbox 2027 4678 3611 4753; baseline 0.006 -20"><span class='ocrx_word' id='word_1_615' title='bbox 2027 4678 2203 4734; x_wconf 84' lang='lat' dir='ltr'><strong>Patris</strong></span> <span class='ocrx_word' id='word_1_616' title='bbox 2233 4680 2387 4735; x_wconf 90' lang='lat' dir='ltr'><strong>obitu</strong></span> <span class='ocrx_word' id='word_1_617' title='bbox 2416 4681 2670 4735; x_wconf 86' lang='lat' dir='ltr'><strong>nuntium</strong></span> <span class='ocrx_word' id='word_1_618' title='bbox 2709 4681 3032 4748; x_wconf 88' lang='lat' dir='ltr'><strong>attulerunt,</strong></span> <span class='ocrx_word' id='word_1_619' title='bbox 3076 4686 3235 4753; x_wconf 90' lang='lat' dir='ltr'><strong>cujus</strong></span> <span class='ocrx_word' id='word_1_620' title='bbox 3266 4687 3490 4742; x_wconf 84' lang='lat' dir='ltr'><strong>modum</strong></span> <span class='ocrx_word' id='word_1_621' title='bbox 3516 4688 3611 4743; x_wconf 84' lang='lat' dir='ltr'><strong>alii</strong></span> 
     </span>
    </p>
   </div>
   <div class='ocr_carea' id='block_1_94' title="bbox 2023 4773 3609 4846">
    <p class='ocr_par' dir='ltr' id='par_1_94' title="bbox 2023 4773 3609 4846">
     <span class='ocr_line' id='line_1_94' title="bbox 2023 4773 3609 4846; baseline 0.006 -20"><span class='ocrx_word' id='word_1_622' title='bbox 2023 4773 2181 4827; x_wconf 81' lang='lat' dir='ltr'><strong>aliter</strong></span> <span class='ocrx_word' id='word_1_623' title='bbox 2208 4773 2554 4828; x_wconf 87' lang='lat' dir='ltr'><strong>enarrabant.</strong></span> <span class='ocrx_word' id='word_1_624' title='bbox 2586 4773 2755 4828; x_wconf 85' lang='lat' dir='ltr'><strong>Nobis</strong></span> <span class='ocrx_word' id='word_1_625' title='bbox 2804 4782 2953 4829; x_wconf 89' lang='lat' dir='ltr'><strong>certe</strong></span> <span class='ocrx_word' id='word_1_626' title='bbox 3003 4777 3136 4846; x_wconf 88' lang='lat' dir='ltr'><strong>quid</strong></span> <span class='ocrx_word' id='word_1_627' title='bbox 3179 4778 3250 4833; x_wconf 90' lang='lat' dir='ltr'><strong>de</strong></span> <span class='ocrx_word' id='word_1_628' title='bbox 3307 4778 3400 4833; x_wconf 94' lang='lat' dir='ltr'><strong>illo</strong></span> <span class='ocrx_word' id='word_1_629' title='bbox 3455 4780 3609 4835; x_wconf 90' lang='lat' dir='ltr'><strong>obitu</strong></span> 
     </span>
    </p>
   </div>
   <div class='ocr_carea' id='block_1_95' title="bbox 2025 4864 3608 4935">
    <p class='ocr_par' dir='ltr' id='par_1_95' title="bbox 2025 4864 3608 4935">
     <span class='ocr_line' id='line_1_95' title="bbox 2025 4864 3608 4935; baseline 0.004 -17"><span class='ocrx_word' id='word_1_630' title='bbox 2025 4864 2370 4919; x_wconf 88' lang='lat' dir='ltr'><strong>sentiendum</strong></span> <span class='ocrx_word' id='word_1_631' title='bbox 2400 4865 2490 4927; x_wconf 88' lang='lat' dir='ltr'><strong>sit,</strong></span> <span class='ocrx_word' id='word_1_632' title='bbox 2524 4879 2635 4918; x_wconf 91' lang='lat' dir='ltr'><strong>non</strong></span> <span class='ocrx_word' id='word_1_633' title='bbox 2673 4865 3005 4933; x_wconf 88' lang='lat' dir='ltr'><strong>persuadent</strong></span> <span class='ocrx_word' id='word_1_634' title='bbox 3032 4886 3045 4922; x_wconf 90' lang='lat'><strong>:</strong></span> <span class='ocrx_word' id='word_1_635' title='bbox 3084 4878 3287 4935; x_wconf 90' lang='lat' dir='ltr'><strong>utrum,</strong></span> <span class='ocrx_word' id='word_1_636' title='bbox 3320 4870 3412 4925; x_wconf 83' lang='lat' dir='ltr'><strong>illo</strong></span> <span class='ocrx_word' id='word_1_637' title='bbox 3444 4871 3608 4925; x_wconf 86' lang='lat' dir='ltr'><strong>inter—</strong></span> 
     </span>
    </p>
   </div>
   <div class='ocr_carea' id='block_1_96' title="bbox 2025 4954 3607 5025">
    <p class='ocr_par' dir='ltr' id='par_1_96' title="bbox 2025 4954 3607 5025">
     <span class='ocr_line' id='line_1_96' title="bbox 2025 4954 3607 5025; baseline 0.005 -16"><span class='ocrx_word' id='word_1_638' title='bbox 2025 4955 2187 5019; x_wconf 85' lang='lat' dir='ltr'><strong>fecto,</strong></span> <span class='ocrx_word' id='word_1_639' title='bbox 2225 4970 2339 5010; x_wconf 91' lang='lat' dir='ltr'><strong>rem</strong></span> <span class='ocrx_word' id='word_1_640' title='bbox 2380 4955 2599 5025; x_wconf 79' lang='lat' dir='ltr'><strong>publice</strong></span> <span class='ocrx_word' id='word_1_641' title='bbox 2620 4954 2838 5011; x_wconf 87' lang='lat' dir='ltr'><strong>edicere</strong></span> <span class='ocrx_word' id='word_1_642' title='bbox 2881 4958 3109 5013; x_wconf 89' lang='lat' dir='ltr'><strong>timeant</strong></span> <span class='ocrx_word' id='word_1_643' title='bbox 3134 4999 3150 5025; x_wconf 93' lang='lat'><strong>,</strong></span> <span class='ocrx_word' id='word_1_644' title='bbox 3212 4975 3281 5013; x_wconf 88' lang='lat' dir='ltr'><strong>an</strong></span> <span class='ocrx_word' id='word_1_645' title='bbox 3310 4976 3380 5015; x_wconf 91' lang='lat' dir='ltr'><strong>eo</strong></span> <span class='ocrx_word' id='word_1_646' title='bbox 3409 4961 3607 5017; x_wconf 88' lang='lat' dir='ltr'><strong>alicubi</strong></span> 
     </span>
    </p>
   </div>
   <div class='ocr_carea' id='block_1_97' title="bbox 2024 5044 3608 5120">
    <p class='ocr_par' dir='ltr' id='par_1_97' title="bbox 2024 5044 3608 5120">
     <span class='ocr_line' id='line_1_97' title="bbox 2024 5044 3608 5120; baseline 0.004 -19"><span class='ocrx_word' id='word_1_647' title='bbox 2024 5047 2296 5101; x_wconf 85' lang='lat' dir='ltr'><strong>occultato</strong></span> <span class='ocrx_word' id='word_1_648' title='bbox 2323 5046 2606 5111; x_wconf 78' lang='lat' dir='ltr'><strong>redierint,</strong></span> <span class='ocrx_word' id='word_1_649' title='bbox 2654 5044 2797 5100; x_wconf 84' lang='lat' dir='ltr'><strong>fama</strong></span> <span class='ocrx_word' id='word_1_650' title='bbox 2844 5048 2914 5103; x_wconf 90' lang='lat' dir='ltr'><strong>de</strong></span> <span class='ocrx_word' id='word_1_651' title='bbox 2943 5048 3064 5119; x_wconf 91' lang='lat' dir='ltr'><strong>ejus</strong></span> <span class='ocrx_word' id='word_1_652' title='bbox 3096 5050 3249 5104; x_wconf 91' lang='lat' dir='ltr'><strong>obitu</strong></span> <span class='ocrx_word' id='word_1_653' title='bbox 3278 5066 3496 5120; x_wconf 87' lang='lat' dir='ltr'><strong>sparsa,</strong></span> <span class='ocrx_word' id='word_1_654' title='bbox 3547 5062 3608 5107; x_wconf 88' lang='lat' dir='ltr'><strong>ut</strong></span> 
     </span>
    </p>
   </div>
   <div class='ocr_carea' id='block_1_98' title="bbox 2025 5139 3605 5209">
    <p class='ocr_par' dir='ltr' id='par_1_98' title="bbox 2025 5139 3605 5209">
     <span class='ocr_line' id='line_1_98' title="bbox 2025 5139 3605 5209; baseline 0.004 -18"><span class='ocrx_word' id='word_1_655' title='bbox 2025 5140 2209 5209; x_wconf 88' lang='lat' dir='ltr'><strong>populi</strong></span> <span class='ocrx_word' id='word_1_656' title='bbox 2254 5154 2381 5209; x_wconf 84' lang='lat' dir='ltr'><strong>erga</strong></span> <span class='ocrx_word' id='word_1_657' title='bbox 2432 5152 2556 5193; x_wconf 92' lang='lat' dir='ltr'><strong>eum</strong></span> <span class='ocrx_word' id='word_1_658' title='bbox 2588 5139 2829 5195; x_wconf 88' lang='lat' dir='ltr'><strong>studium</strong></span> <span class='ocrx_word' id='word_1_659' title='bbox 2881 5140 3156 5198; x_wconf 86' lang='lat' dir='ltr'><strong>sedarent.</strong></span> <span class='ocrx_word' id='word_1_660' title='bbox 3190 5142 3377 5198; x_wconf 84' lang='lat' dir='ltr'><strong>-Certe</strong></span> <span class='ocrx_word' id='word_1_661' title='bbox 3414 5143 3460 5198; x_wconf 90' lang='lat' dir='ltr'><strong>si</strong></span> <span class='ocrx_word' id='word_1_662' title='bbox 3516 5144 3605 5198; x_wconf 83' lang='lat' dir='ltr'><strong>ille</strong></span> 
     </span>
    </p>
   </div>
   <div class='ocr_carea' id='block_1_99' title="bbox 2091 5313 3606 5387">
    <p class='ocr_par' dir='ltr' id='par_1_99' title="bbox 2091 5313 3606 5387">
     <span class='ocr_line' id='line_1_99' title="bbox 2091 5313 3606 5387; baseline 0.005 -19"><span class='ocrx_word' id='word_1_663' title='bbox 2091 5316 2153 5381; x_wconf 84' lang='grc' dir='ltr'><strong>(ἱ)</strong></span> <span class='ocrx_word' id='word_1_664' title='bbox 2202 5316 2340 5387; x_wconf 76' lang='lat' dir='ltr'><strong>Dicit</strong></span> <span class='ocrx_word' id='word_1_665' title='bbox 2375 5313 2685 5387; x_wconf 81' lang='lat' dir='ltr'><strong>Honorium</strong></span> <span class='ocrx_word' id='word_1_666' title='bbox 2710 5316 2893 5387; x_wconf 77' lang='lat' dir='ltr'><strong>_imp.,</strong></span> <span class='ocrx_word' id='word_1_667' title='bbox 2925 5318 3083 5387; x_wconf 87' lang='lat' dir='ltr'><strong>cujus</strong></span> <span class='ocrx_word' id='word_1_668' title='bbox 3121 5319 3480 5375; x_wconf 83' lang='lat' dir='ltr'><strong>vehementes</strong></span> <span class='ocrx_word' id='word_1_669' title='bbox 3511 5321 3606 5375; x_wconf 87' lang='lat' dir='ltr'><strong>lit-</strong></span> 
     </span>
    </p>
   </div>
   <div class='ocr_carea' id='block_1_100' title="bbox 2023 5384 3609 5457">
    <p class='ocr_par' dir='ltr' id='par_1_100' title="bbox 2023 5384 3609 5457">
     <span class='ocr_line' id='line_1_100' title="bbox 2023 5384 3609 5457; baseline 0.004 -18"><span class='ocrx_word' id='word_1_670' title='bbox 2023 5394 2151 5441; x_wconf 77' lang='lat' dir='ltr'><strong>tera:</strong></span> <span class='ocrx_word' id='word_1_671' title='bbox 2188 5384 2511 5457; x_wconf 81' lang='lat' dir='ltr'><strong>adfratrem</strong></span> <span class='ocrx_word' id='word_1_672' title='bbox 2549 5384 2840 5457; x_wconf 66' lang='lat' dir='ltr'><strong>Arcadium</strong></span> <span class='ocrx_word' id='word_1_673' title='bbox 2874 5388 2941 5441; x_wconf 92' lang='lat' dir='ltr'><strong>de</strong></span> <span class='ocrx_word' id='word_1_674' title='bbox 2973 5384 3084 5443; x_wconf 82' lang='lat' dir='ltr'><strong>tota</strong></span> <span class='ocrx_word' id='word_1_675' title='bbox 3131 5390 3219 5443; x_wconf 86' lang='lat' dir='ltr'><strong>illa</strong></span> <span class='ocrx_word' id='word_1_676' title='bbox 3243 5390 3500 5457; x_wconf 75' lang='lat' dir='ltr'><strong>tragmdia</strong></span> <span class='ocrx_word' id='word_1_677' title='bbox 3553 5390 3609 5445; x_wconf 84' lang='lat' dir='ltr'><strong>in</strong></span> 
     </span>
    </p>
   </div>
   <div class='ocr_carea' id='block_1_101' title="bbox 2019 5455 3609 5530">
    <p class='ocr_par' dir='ltr' id='par_1_101' title="bbox 2019 5455 3609 5530">
     <span class='ocr_line' id='line_1_101' title="bbox 2019 5455 3609 5530; baseline 0.004 -22"><span class='ocrx_word' id='word_1_678' title='bbox 2019 5455 2591 5530; x_wconf 66' lang='lat' dir='ltr'><strong>causaChrysostomi</strong></span> <span class='ocrx_word' id='word_1_679' title='bbox 2641 5463 2856 5510; x_wconf 82' lang='lat' dir='ltr'><strong>exstant</strong></span> <span class='ocrx_word' id='word_1_680' title='bbox 2890 5458 3054 5512; x_wconf 91' lang='lat' dir='ltr'><strong>etiam</strong></span> <span class='ocrx_word' id='word_1_681' title='bbox 3105 5467 3250 5514; x_wconf 91' lang='lat' dir='ltr'><strong>tomo</strong></span> <span class='ocrx_word' id='word_1_682' title='bbox 3278 5455 3351 5514; x_wconf 81' lang='lat' dir='ltr'><strong>lll</strong></span> <span class='ocrx_word' id='word_1_683' title='bbox 3378 5475 3609 5530; x_wconf 86' lang='lat' dir='ltr'><strong>operum</strong></span> 
     </span>
    </p>
   </div>
   <div class='ocr_carea' id='block_1_102' title="bbox 2038 5527 2231 5581">
    <p class='ocr_par' dir='ltr' id='par_1_102' title="bbox 2038 5527 2231 5581">
     <span class='ocr_line' id='line_1_102' title="bbox 2038 5527 2231 5581; baseline 0.01 -4"><span class='ocrx_word' id='word_1_684' title='bbox 2038 5544 2071 5579; x_wconf 80' lang='grc'><em>›.</em></span> <span class='ocrx_word' id='word_1_685' title='bbox 2108 5527 2231 5581; x_wconf 70' lang='grc'><strong>5⁸24.</strong></span> 
     </span>
    </p>
   </div>
   <div class='ocr_carea' id='block_1_103' title="bbox 2021 5543 3607 5682">
    <p class='ocr_par' dir='ltr' id='par_1_103' title="bbox 2021 5543 3607 5682">
     <span class='ocr_line' id='line_1_103' title="bbox 2021 5543 3607 5682; baseline 0.003 -30"><span class='ocrx_word' id='word_1_686' title='bbox 2021 5543 2071 5594; x_wconf 45' lang='grc' dir='ltr'><strong>μ’</strong></span> <span class='ocrx_word' id='word_1_687' title='bbox 2090 5543 2340 5682; x_wconf 42' lang='grc' dir='ltr'><strong>ἇῗῶὲτειε</strong></span> <span class='ocrx_word' id='word_1_688' title='bbox 2369 5597 2459 5682; x_wconf 84' lang='lat' dir='ltr'><strong>hic</strong></span> <span class='ocrx_word' id='word_1_689' title='bbox 2489 5596 2807 5682; x_wconf 73' lang='lat' dir='ltr'><strong>Valerianus</strong></span> <span class='ocrx_word' id='word_1_690' title='bbox 2829 5598 3077 5682; x_wconf 68' lang='lat' dir='ltr'><strong>militaris</strong></span> <span class='ocrx_word' id='word_1_691' title='bbox 3103 5599 3607 5682; x_wconf 47' lang='lat' dir='ltr'><strong>dux,ﬂvel0ptatus</strong></span> 
     </span>
    </p>
   </div>
   <div class='ocr_carea' id='block_1_104' title="bbox 2022 5668 3611 5741">
    <p class='ocr_par' dir='ltr' id='par_1_104' title="bbox 2022 5668 3611 5741">
     <span class='ocr_line' id='line_1_104' title="bbox 2022 5668 3611 5741; baseline 0.005 -23"><span class='ocrx_word' id='word_1_692' title='bbox 2022 5668 2172 5721; x_wconf 86' lang='lat' dir='ltr'><strong>urbis</strong></span> <span class='ocrx_word' id='word_1_693' title='bbox 2203 5669 2521 5741; x_wconf 54' lang='lat' dir='ltr'><strong>praefectus,</strong></span> <span class='ocrx_word' id='word_1_694' title='bbox 2548 5668 2615 5722; x_wconf 89' lang='lat' dir='ltr'><strong>de</strong></span> <span class='ocrx_word' id='word_1_695' title='bbox 2655 5684 2895 5741; x_wconf 77' lang='lat' dir='ltr'><strong>quorum</strong></span> <span class='ocrx_word' id='word_1_696' title='bbox 2935 5668 3196 5724; x_wconf 87' lang='lat' dir='ltr'><strong>alterutro</strong></span> <span class='ocrx_word' id='word_1_697' title='bbox 3228 5668 3514 5741; x_wconf 78' lang='lat' dir='ltr'><strong>Martyrius</strong></span> <span class='ocrx_word' id='word_1_698' title='bbox 3555 5673 3611 5726; x_wconf 82' lang='lat' dir='ltr'><strong>in</strong></span> 
     </span>
    </p>
   </div>
   <div class='ocr_carea' id='block_1_105' title="bbox 2030 5737 3611 5804">
    <p class='ocr_par' dir='ltr' id='par_1_105' title="bbox 2030 5737 3611 5804">
     <span class='ocr_line' id='line_1_105' title="bbox 2030 5737 3611 5804; baseline 0.007 -18"><span class='ocrx_word' id='word_1_699' title='bbox 2030 5737 2555 5804; x_wconf 37' lang='lat' dir='ltr'><strong>parte—laudationis</strong></span> <span class='ocrx_word' id='word_1_700' title='bbox 2599 5739 2799 5794; x_wconf 88' lang='lat' dir='ltr'><strong>amissa</strong></span> <span class='ocrx_word' id='word_1_701' title='bbox 2845 5738 3073 5795; x_wconf 78' lang='lat' dir='ltr'><strong>dixerat.</strong></span> <span class='ocrx_word' id='word_1_702' title='bbox 3131 5741 3207 5796; x_wconf 88' lang='lat' dir='ltr'><strong>De</strong></span> <span class='ocrx_word' id='word_1_703' title='bbox 3252 5742 3337 5796; x_wconf 89' lang='lat' dir='ltr'><strong>his</strong></span> <span class='ocrx_word' id='word_1_704' title='bbox 3369 5737 3437 5796; x_wconf 64' lang='lat' dir='ltr'><strong>&#39;in</strong></span> <span class='ocrx_word' id='word_1_705' title='bbox 3487 5742 3611 5797; x_wconf 75' lang='lat' dir='ltr'><strong>Vita</strong></span> 
     </span>
    </p>
   </div>
   <div class='ocr_carea' id='block_1_106' title="bbox 2028 5808 2399 5879">
    <p class='ocr_par' dir='ltr' id='par_1_106' title="bbox 2028 5808 2399 5879">
     <span class='ocr_line' id='line_1_106' title="bbox 2028 5808 2399 5879; baseline -0.003 -18"><span class='ocrx_word' id='word_1_706' title='bbox 2028 5809 2107 5861; x_wconf 82' lang='lat' dir='ltr'><strong>Ch</strong></span> <span class='ocrx_word' id='word_1_707' title='bbox 2118 5808 2399 5879; x_wconf 76' lang='lat' dir='ltr'><strong>rysostomi</strong></span> 
     </span>
    </p>
   </div>
   <div class='ocr_carea' id='block_1_107' title="bbox 2105 5878 3603 5951">
    <p class='ocr_par' dir='ltr' id='par_1_107' title="bbox 2105 5878 3603 5951">
     <span class='ocr_line' id='line_1_107' title="bbox 2105 5878 3603 5951; baseline 0.003 -18"><span class='ocrx_word' id='word_1_708' title='bbox 2105 5880 2179 5950; x_wconf 70' lang='lat' dir='ltr'><strong>(k)</strong></span> <span class='ocrx_word' id='word_1_709' title='bbox 2208 5880 2351 5951; x_wconf 81' lang='lat' dir='ltr'><strong>Lege</strong></span> <span class='ocrx_word' id='word_1_710' title='bbox 2374 5878 2686 5951; x_wconf 79' lang='lat' dir='ltr'><strong>Palladium</strong></span> <span class='ocrx_word' id='word_1_711' title='bbox 2728 5895 2845 5951; x_wconf 80' lang='lat' dir='ltr'><strong>cap.</strong></span> <span class='ocrx_word' id='word_1_712' title='bbox 2878 5881 2967 5951; x_wconf 77' lang='lat'><strong>‘20,</strong></span> <span class='ocrx_word' id='word_1_713' title='bbox 3004 5898 3106 5940; x_wconf 90' lang='lat' dir='ltr'><strong>nec</strong></span> <span class='ocrx_word' id='word_1_714' title='bbox 3137 5898 3245 5941; x_wconf 92' lang='lat' dir='ltr'><strong>non</strong></span> <span class='ocrx_word' id='word_1_715' title='bbox 3281 5883 3471 5939; x_wconf 87' lang='lat' dir='ltr'><strong>citatas</strong></span> <span class='ocrx_word' id='word_1_716' title='bbox 3497 5880 3603 5937; x_wconf 85' lang='lat' dir='ltr'><strong>llo-</strong></span> 
     </span>
    </p>
   </div>
   <div class='ocr_carea' id='block_1_108' title="bbox 2033 5950 2606 6021">
    <p class='ocr_par' dir='ltr' id='par_1_108' title="bbox 2033 5950 2606 6021">
     <span class='ocr_line' id='line_1_108' title="bbox 2033 5950 2606 6021; baseline 0.014 -20"><span class='ocrx_word' id='word_1_717' title='bbox 2033 5951 2172 6004; x_wconf 85' lang='lat' dir='ltr'><strong>norii</strong></span> <span class='ocrx_word' id='word_1_718' title='bbox 2204 5950 2332 6021; x_wconf 91' lang='lat' dir='ltr'><strong>imp.</strong></span> <span class='ocrx_word' id='word_1_719' title='bbox 2373 5950 2606 6009; x_wconf 79' lang='lat' dir='ltr'><strong>litteras.</strong></span> 
     </span>
    </p>
   </div>
  </div>
