4466 6776
182 705 303 750 ιιιι

182 810 355 867 adhuc
388 810 655 882 superest,
686 829 784 865 nos
810 812 899 879 qui
940 826 1128 866 sumus
1158 826 1276 883 eius
1301 811 1498 866 fratres
1537 810 1746 865 videbi-

182 917 298 957 mus
326 901 616 975 aliquando
646 902 942 972 .losephum
976 903 1029 958 in
1057 905 1254 961 throno
1278 904 1559 959 sedentem
1584 903 1601 964 (
1618 902 1745 959 Gen.

182 994 439 1059 xr.;u,26
501 994 669 1063 sqq.)
728 1001 782 1046 et
837 994 1133 1062 spiritalem
1172 992 1483 1049 alimoniam
1538 994 1750 1048 eunetis

183 1085 537 1153 praebentem:
570 1083 652 1137 sin
686 1083 731 1138 is
757 1100 944 1157 reapse
966 1088 1035 1142 ad
1062 1101 1245 1140 verum
1274 1086 1437 1139 vitam
1467 1084 1746 1156 migravit.

182 1193 336 1255 atque
361 1179 427 1234 ad
454 1183 763 1245 exoptatum
775 1176 1054 1233 Christum
1078 1176 1337 1247 perrexit,
1363 1176 1625 1230 habemus
1652 1191 1750 1244 pm

182 1275 336 1331 nobis
382 1272 797 1325 intercessorem
829 1279 1142 1341 martyrem.
1199 1267 1313 1323 lloc
1367 1277 1594 1337 accepto
1648 1267 1749 1321 sibi

184 1369 328 1435 grato
370 1359 562 1411 nuntio
602 1357 877 1430 (Atticus),
930 1359 1207 1429 voluptate
1260 1372 1467 1430 angens
1509 1356 1753 1425 corporis

185 1452 562 1514 tumiditatetn,
596 1452 782 1507 induta
816 1452 1164 1524 benignitatis
1215 1453 1415 1522 specie,
1460 1450 1627 1519 εωρὶι
1659 1465 1755 1519 per

184 1557 369 1597 omnes
429 1558 776 1610 concursare,
829 1543 1014 1600 fovere
1073 1559 1137 1599 ac
1191 1544 1423 1598 delinire
1476 1556 1752 1603 sermone,

185 1646 315 1702 quos
341 1647 507 1701 opere
536 1634 831 1691 laniaverat
855 1652 870 1701 ;
924 1636 1213 1706 pecuniam
1261 1635 1635 1709 indigentibus
1664 1645 1757 1689 aut

186 1724 531 1792 poscentibus
554 1725 701 1789 dare,
733 1728 962 1800 genibus
982 1743 1172 1781 eorum
1199 1728 1410 1784 advolvi
1440 1745 1503 1784 ac
1543 1726 1756 1800 suppli-

185 1831 324 1882 care,
357 1819 551 1888 quibus
578 1820 713 1874 nihil
745 1820 892 1875 aliud
920 1820 1166 1890 praebere
1196 1835 1256 1875 se
1283 1835 1443 1891 posse
1474 1821 1753 1883 credebat,

187 1918 379 1976 rogans
407 1922 602 1976 nempe
657 1914 717 1960 nt
752 1909 961 1976 justum
994 1907 1258 1963 adversus
1298 1923 1358 1964 se
1384 1909 1569 1965 odium
1601 1910 1759 1966 omit-

188 1998 383 2051 terent,
412 2002 469 2047 et
494 1994 676 2064 iniqua
706 2010 893 2050 secum
921 1996 1153 2051 amicitia
1182 1998 1412 2055 coirent.

256 2083 307 2138 5.
335 2084 450 2156 Ego
480 2102 608 2141 vero
637 2087 813 2158 ipsutn
840 2091 921 2144 sic
967 2090 1199 2146 libenter
1236 2090 1543 2161 alloquerer
1576 2108 1588 2144 :
1616 2089 1661 2144 0
1684 2097 1762 2161 ty-

189 2192 373 2241 ranne,
398 2178 600 2234 videris
629 2183 774 2236 enim
831 2182 1001 2249 mihi,
1063 2193 1287 2256 propter
1336 2199 1397 2239 ea.
1463 2199 1580 2254 qum
1626 2183 1758 2256 agis,

190 2269 286 2325 hac
336 2270 700 2341 appellatione
750 2275 1005 2345 gaudere,
1045 2291 1152 2347 qua
1205 2278 1484 2333 oculorum
1537 2277 1762 2332 audacia

189 2361 509 2418 medicinam
539 2365 700 2421 allers
729 2366 1045 2422 vulneribus
1090 2385 1211 2439 ane
1246 2371 1364 2440 ipse
1402 2369 1628 2425 fecisti?
1679 2369 1764 2425 vel

188 2455 455 2522 quomodo
507 2471 608 2525 pro
665 2465 760 2512 tuo
805 2459 1058 2515 adulandi
1111 2476 1284 2526 more,
1346 2461 1550 2517 idcirco
1602 2474 1763 2517 antea

191 2542 427 2613 iniurius
483 2545 655 2612 fuisti,
707 2559 768 2604 ut
813 2550 1010 2606 deinde
1063 2552 1296 2607 haberes
1336 2552 1392 2606 in
1437 2567 1547 2621 quo
1593 2562 1766 2607 artem

191 2642 335 2688 tuam
357 2638 688 2691 exerceres?
718 2638 861 2695 haud
891 2641 1047 2696 aliter
1076 2657 1241 2712 quam
1290 2643 1339 2697 si
1368 2643 1493 2713 quis
1522 2642 1766 2698 medicus

190 2726 551 2796 plurimarum
584 2728 879 2785 herbarum
909 2733 1261 2802 emplastrum
1292 2734 1514 2789 sinistra
1544 2750 1765 2806 gerens,

190 2817 415 2872 dextera
449 2819 671 2874 interim
730 2836 894 2874 manu
928 2822 1203 2879 hominem
1252 2825 1403 2880 clava
1437 2834 1765 2896 percuteret,

190 2905 549 2978 diceretque:
600 2908 752 2965 Bono
785 2911 968 2966 animo
1018 2922 1164 2980 esto,
1220 2916 1582 2982 charissime;
1641 2932 1769 2970 nam

192 2998 404 3055 medela
432 3000 567 3055 mihi
592 3000 647 3055 in
677 3004 933 3059 manibus
962 3011 1067 3059 est.
1098 3005 1165 3060 At
1195 3007 1361 3069 enim,
1406 3015 1552 3063 recte
1582 3008 1771 3063 admo-

191 3093 318 3147 dum
352 3093 445 3149 ille
475 3095 829 3165 responderet
854 3096 938 3153 :0
967 3099 1226 3170 pessime,
1258 3117 1355 3155 cur
1378 3101 1515 3156 mihi
1541 3101 1771 3157 medela:

192 3185 575 3241 necessitatem
601 3186 887 3258 imponis?
918 3189 1029 3245 Cur
1055 3200 1238 3247 autem
1280 3192 1374 3247 tibi
1414 3192 1611 3247 inﬁrmi
1646 3208 1770 3248 cor-

194 3276 342 3346 poris
365 3292 553 3331 curam
583 3281 939 3345 committam,
967 3281 1061 3352 qui
1087 3297 1282 3337 sanum
1310 3299 1434 3338 eum
1470 3284 1767 3348 inveneris,

195 3375 301 3422 tam
329 3369 475 3424 male
507 3369 778 3427 aﬁ’ceisti?
801 3372 931 3428 Mihi
957 3388 1090 3445 ergo
1113 3374 1371 3429 videntur
1399 3375 1475 3431 illi
1502 3372 1770 3439 homines,

195 3461 286 3531 qui
312 3471 541 3533 propter
600 3462 743 3519 beati
781 3466 885 3520 viri
912 3466 1122 3522 obitum
1174 3466 1241 3522 ad
1297 3468 1491 3523 horum
1529 3483 1775 3522 commu-

197 3553 416 3609 nionem
443 3554 732 3622 accedunt,
771 3565 829 3613 et
863 3572 957 3614 eos
1000 3558 1209 3629 pridem
1246 3560 1315 3617 ad
1366 3561 1571 3615 eadem
1602 3561 1779 3631 impu-

197 3645 343 3709 lisse,
379 3656 547 3718 atque
576 3647 631 3703 id
677 3660 925 3719 posteros
972 3666 1163 3707 omnes
1215 3652 1433 3716 docere,
1472 3653 1779 3723 cuiusmodi

198 3737 253 3791 in
286 3737 391 3793 hac
420 3738 531 3793 vita
556 3738 758 3794 multos
807 3741 1072 3797 exsistere
1110 3742 1264 3797 facile
1297 3744 1513 3809 accidit,
1547 3753 1610 3798 ut
1652 3759 1779 3798 cum

197 3826 475 3882 voincrint
513 3828 724 3898 justum
753 3830 1036 3888 hominem
1065 3834 1354 3903 expellere,
1389 3845 1445 3889 et
1474 3850 1597 3890 cum
1631 3834 1780 3889 cala-

198 3919 359 3973 mitas
388 3919 573 3987 aliqua
607 3935 740 3976 oves
767 3922 1106 3994 disperserit,
1140 3926 1386 3996 protinus
1418 3926 1565 3980 illum
1605 3926 1778 3981 inter-

198 4007 408 4074 ﬁciant,
440 4020 505 4064 ut
536 4010 733 4066 eodem
771 4014 983 4069 excidio
1009 4016 1260 4071 irretiant
1301 4018 1460 4073 ovile.
1508 4015 1649 4084 Quid
1678 4018 1777 4082 ais,

200 4114 233 4152 o
259 4098 426 4153 homo
446 4098 473 4151 ?
501 4096 622 4154 Non
650 4103 1069 4158 communicasti
1098 4105 1367 4162 hactenus
1412 4116 1634 4178 propter
1674 4108 1782 4161 ini-

200 4191 494 4261 quitatem,
538 4208 685 4249 nunc
722 4202 847 4264 post
897 4196 1101 4250 caulem
1157 4199 1574 4267 commnnicas,
1631 4200 1785 4270 quasi

201 4288 381 4343 cedes
410 4287 755 4358 iniquitatem
780 4289 1091 4361 purgaverit
1115 4290 1139 4344 ?
1177 4290 1319 4345 Num
1348 4290 1659 4349 Jezabelem
1691 4309 1787 4348 ns-

202 4394 309 4447 que
338 4381 407 4435 ad
444 4381 622 4435 vineae
669 4381 912 4451 rapinam
946 4380 1130 4443 odisti,
1166 4390 1454 4452 postquam
1478 4395 1661 4438 autem
1696 4386 1787 4440 ilia

204 4468 519 4524 Nabutliem
553 4470 847 4537 interfecit,
876 4470 1028 4541 quasi
1069 4469 1161 4525 hic
1188 4469 1415 4535 viveret,
1447 4471 1630 4525 odium
1664 4487 1788 4527 scc-

204 4560 354 4615 lesta:
384 4560 611 4617 feminae
639 4563 936 4619 remisisti?
982 4562 1089 4635 (III
1111 4561 1237 4634 Reg.
1266 4579 1375 4629 χλι,
1409 4562 1444 4616 2
1472 4561 1613 4633 sqq.)
1646 4561 1789 4629 Quid

207 4667 337 4723 ergo
369 4666 624 4722 agemus.
661 4654 835 4718 aiunt,
882 4664 1099 4710 mortuo
1135 4656 1248 4726 jam
1287 4654 1549 4709 homine?
1578 4655 1788 4724 Exspe-

207 4753 376 4804 ctare,
410 4744 634 4812 inquam
664 4786 678 4805 ,
733 4755 951 4815 oportet
974 4747 1183 4815 justum
1235 4747 1434 4802 Christi
1486 4746 1785 4815 iudicium,

209 4833 352 4904 quod
381 4832 607 4902 quidem
641 4833 756 4887 sine
782 4835 949 4891 dubio
971 4846 1296 4892 eventurum
1336 4852 1497 4892 nemo
1525 4836 1786 4908 ambigat:

210 4924 412 4981 etenim
441 4923 589 4977 haud
625 4923 877 4980 humana:
905 4927 1032 4981 vitae
1061 4930 1332 4995 terminis,
1371 4944 1552 4985 rerum
1579 4943 1794 4999 quoque

215 5018 374 5072 ﬁnem
407 5014 741 5070 concludere
774 5015 1040 5072 Dominus
1078 5020 1246 5074 solet:
1298 5034 1485 5076 contra
1518 5022 1700 5092 potius
1730 5022 1797 5077 ab

214 5110 330 5181 ipsa
356 5121 550 5162 rerum
578 5108 962 5179 desperatione
992 5108 1209 5165 initium
1254 5126 1475 5170 sumere
1505 5133 1519 5182 ;
1552 5116 1605 5172 id
1652 5117 1797 5186 quod

217 5199 525 5257 divinarum
555 5197 960 5269 Scripturarum
989 5200 1304 5256 testimonio
1328 5203 1682 5259 conﬁrmabo.

287 5293 341 5350 6.
365 5291 736 5346 Devoraverat
764 5292 892 5348 olim
931 5291 1228 5364 Josephum
1265 5294 1405 5349 mala
1450 5294 1586 5362 fera,
1633 5306 1799 5368 prout

219 5385 450 5441 fratrum
487 5382 634 5452 apud
667 5392 877 5452 patrem
904 5385 1204 5442 afﬁrmabat
1230 5386 1399 5442 oratio
1420 5390 1435 5456 (
1453 5386 1580 5443 (ἴση.
1604 5401 1803 5446 xxxvii.

223 5479 334 5546 33).
362 5483 487 5535 Iam
508 5489 642 5529 vero
664 5475 764 5531 bos
788 5479 882 5547 qui
910 5480 1065 5536 aliter
1084 5480 1349 5547 dixerant,
1375 5477 1533 5535 aliter
1556 5492 1796 5553 egerant.

225 5572 477 5627 subditos
506 5565 698 5622 habuit
723 5566 1017 5641 Iosephus,
1067 5587 1234 5643 seque
1261 5572 1548 5627 adorantes
1576 5588 1803 5643 conspe—

225 5664 322 5731 xit,
357 5673 416 5721 et
453 5659 796 5719 somniorum
848 5673 1099 5721 veterum
1148 5664 1653 5737 interpretationem
1704 5683 1803 5719 ex-

230 5857 267 5919 t.
300 5848 417 5909 ΧΠ.
445 5865 500 5919 p.
537 5844 739 5919 416th
758 5862 906 5919 seqq.
931 5850 1236 5906 Defendere
1264 5849 1515 5904 nituntur
1545 5849 1808 5905 Boschius

231 5918 329 5973 loc.
360 5916 460 5973 cit;
493 5929 556 5974 ct
576 5916 906 5972 Ballandiatii
937 5922 1001 5974 at!
1029 5922 1172 5976 diem
1200 5923 1233 5976 8
1257 5919 1518 5975 Januarii.

300 5990 372 6054 (ε)
406 5988 492 6042 An
543 5989 767 6044 fortasse
817 6005 916 6058 pro
945 5991 1105 6046 πᾶλιν
1130 5994 1146 6023 ³
1195 5991 1351 6045 Tum:
1400 5990 1549 6045 dicas
1589 6009 1603 6046 :
1637 6003 1684 6047 et
1729 6009 1811 6045 ros

233 6074 411 6114 rursus
439 6060 516 6109 ne!
544 6061 737 6114 cirrlrm
774 6060 1054 6126 inme/lere.

306 6131 378 6205 td!
414 6129 556 6183 Nam
581 6146 678 6199 pro
708 6130 1046 6198 λιτέηηντες
1071 6136 1316 6201 nomine.
1346 6134 1818 6206 mansimus-tr."

1286 691 1373 746 DE
1411 691 1468 744 S.
1508 689 1775 745 JOANM’.
1810 689 2342 750 CllliniUSTUiiO.
3392 714 3432 761 ι

1860 820 2042 879 pertus
2075 813 2222 881 (Gen.
2258 828 2407 873 mu.
2441 814 2554 881 9.6).
2592 814 2712 884 ipse
2737 797 2939 874 autem,
2968 822 3088 883 post
3115 814 3373 871 creditam
3400 832 3432 875 a

1858 910 2010 972 patre
2042 918 2253 967 necent,
2296 903 2457 974 regiis
2484 904 2735 957 curribus
2755 904 2958 975 lugenti
2991 905 3231 960 occurrit
3265 906 3431 975 (Cen.

1858 1009 2002 1057 XLVI,
2039 994 2106 1049 ‘29
2127 992 2168 1055 ).
2201 995 2321 1048 Mox
2350 995 2436 1049 hic
2466 995 2607 1050 idem
2641 995 2910 1065 Iosephus
2947 998 3189 1052 moriens
3225 998 3440 1053 univer-

1859 1099 1974 1137 sam
1999 1100 2149 1139 suam
2175 1087 2574 1155 cognationem,
2596 1103 2793 1159 magno
2815 1103 3045 1143 numero
3063 1090 3175 1159 jam
3197 1096 3435 1156 auctam,

1859 1176 2056 1228 durum
2114 1175 2385 1246 .‘iigyptiis
2466 1177 2748 1230 servitium
2813 1177 3137 1232 servituram
3221 1177 3442 1249 reliquit

1862 1274 1878 1333 ι
1912 1263 2079 1316 Exod.
2109 1282 2204 1329 vit,
2238 1269 2271 1320 ti
2309 1282 2427 1335 sqq.
2447 1266 2487 1335 ).
2513 1265 2694 1336 Neque
2724 1276 2907 1322 tamen
2922 1278 3143 1338 propter
3170 1271 3288 1337 eius
3318 1269 3443 1327 obi-

1862 1365 1973 1407 tum
2007 1356 2276 1425 quiSpiam
2331 1357 2574 1412 Israelita
2631 1357 2806 1414 factus
2853 1369 2940 1415 est
2986 1359 3291 1431 .«Egyptius.
3344 1363 3442 1418 sed

1860 1447 2138 1516 aliquanto
2195 1448 2535 1516 perferentes
2591 1451 2875 1504 servitium
2928 1459 3196 1522 tempore.
3246 1454 3444 1525 Bloysis

1861 1551 2028 1606 Opera
2060 1538 2111 1590 in
2141 1540 2639 1607 splendidissimum
2676 1542 2985 1597 libertatem
3014 1544 3271 1598 vindicati
3322 1547 3446 1599 fue-

1862 1633 2028 1691 runt;
2074 1635 2128 1680 et
2158 1628 2248 1697 qui
2285 1640 2444 1684 antea
2480 1648 2547 1685 ne.
2596 1634 2864 1702 respirare
2897 1633 3116 1703 quidem
3168 1635 3269 1689 sub
3302 1635 3451 1691 labo-

1861 1718 2015 1774 ribus
2046 1730 2322 1789 poterant,
2354 1724 2551 1777 deiude
2583 1726 2664 1778 eis
2693 1726 2944 1781 universa
2973 1735 3223 1782 creatura
3272 1728 3447 1784 servi-

1863 1811 1960 1876 vit,
1992 1812 2121 1867 dum
2163 1816 2417 1871 videlicet
2461 1816 2733 1887 benignus
2773 1817 2919 1872 Deus
2954 1821 3227 1890 gressibus
3256 1837 3448 1876 eorum

1863 1916 2014 1959 mare
2043 1914 2297 1975 tanquam
2332 1918 2531 1963 terram
2560 1908 2849 1975 exhibuit;
2879 1909 3191 1965 sitientibus
3235 1912 3449 1967 deserta

1864 2003 1921 2051 et
1984 1996 2242 2067 inaquosa
2308 2001 2424 2055 loca
2486 2002 2708 2074 pelagus
2762 2002 2989 2069 etlecit;
3061 2003 3170 2059 cibi
3239 2004 3453 2074 cupidis

1866 2103 2063 2158 panem
2084 2090 2137 2143 in
2155 2091 2308 2147 emlis
2323 2093 2658 2148 elaboratum
2677 2096 2886 2166 depluit
2907 2096 3100 2168 (Exod.
3124 2113 3214 2162 xv,
3236 2098 3257 2151 1
3281 2097 3448 2167 sqq.).

1872 2178 1970 2233 llis
1998 2195 2162 2249 porro
2181 2197 2359 2251 neque
2377 2183 2591 2245 urbem,
2619 2199 2798 2253 neque
2820 2184 3017 2250 forum,
3048 2200 3228 2255 neque
3258 2186 3456 2243 domos

1869 2269 2047 2323 adhuc
2077 2270 2427 2338 habentibus,
2468 2272 2563 2326 sed
2601 2272 2656 2326 in
2684 2279 2837 2328 vasta
2864 2287 3049 2327 eremo
3082 2274 3258 2344 gregis
3281 2274 3458 2329 instar

1870 2359 2047 2414 adhuc
2077 2362 2441 2425 versantibus,
2479 2362 2588 2416 dux
2633 2362 2822 2434 populi
2885 2361 3098 2435 Moyses
3157 2364 3226 2419 ad
3272 2372 3459 2434 patres

1873 2467 2001 2506 suos
2029 2454 2337 2522 apponitur.
2371 2454 2511 2519 Quid
2556 2470 2686 2525 ergo
2729 2454 2816 2511 his
2859 2455 3129 2527 agendum
3179 2465 3318 2522 erat,
3362 2456 3456 2526 qui

1873 2558 1972 2612 per
2007 2542 2225 2614 Moysen
2254 2545 2572 2614 promissam
2603 2547 2992 2617 exspectabant
3039 2562 3237 2617 capere
3279 2549 3459 2602 luere-

1872 2632 2097 2686 ditatein
2126 2632 2310 2687 ?Num
2342 2634 2393 2686 in
2427 2633 2744 2705 Aﬁgyptum,
2778 2635 2866 2690 dic
2892 2635 3047 2700 mihi,
3076 2635 3460 2705 desperatione

1875 2722 2260 2778 redeundum?
2313 2724 2383 2780 At
2442 2736 2589 2781 certe
2646 2726 2862 2782 illorum
2917 2728 3201 2784 stultitiam
3252 2727 3461 2784 risisset

1873 2812 2070 2884 hloysis
2100 2815 2154 2868 iu
2190 2831 2419 2871 munere
2448 2832 2733 2873 successor
2762 2818 2949 2885 Josue,
2988 2818 3083 2889 qui
3123 2819 3462 2891 alienigena-

1876 2922 1995 2961 rum
2027 2908 2191 2964 nrbes
2215 2911 2491 2967 inmitibus
2516 2912 2879 2968 communitas
2907 2912 3074 2982 cepit,
3109 2912 3274 2968 modo
3302 2913 3466 2969 tuba-

1878 3015 1999 3053 rum
2046 3002 2225 3056 sonitu
2282 3002 2413 3072 (Jos.
2457 3019 2530 3067 vt,
2566 3004 2590 3057 1
2625 3019 2744 3074 sqq.
2768 3003 2810 3076 ),
2842 3004 3003 3058 modo
3053 3004 3463 3075 exspectatione

1879 3093 2254 3148 tantummodo
2280 3095 2365 3148 vel
2408 3095 2736 3165 pra-sentio:
2787 3096 3025 3166 denique
3062 3104 3120 3151 et
3168 3095 3462 3151 nonnullos

1877 3181 2015 3236 vidit
2042 3183 2334 3239 artiﬁciosa
2363 3184 2554 3241 fraude
2588 3194 2829 3253 utentes,
2859 3196 2922 3242 ut
2949 3196 3265 3259 spontaneo:
3290 3186 3466 3243 servi-

1879 3274 2012 3327 tutis
2040 3275 2224 3344 i'tgum
2258 3275 2527 3331 subirent.

1950 3368 2001 3421 7.
2032 3367 2175 3421 Ei'as
2209 3368 2500 3437 aliquando
2529 3368 2710 3424 aiebat
2737 3369 2915 3426 solum
2945 3386 3007 3426 se
3051 3371 3301 3427 relictum
3353 3370 3468 3444 (qui

1885 3458 1994 3511 Deo
2022 3460 2251 3514 serviret
2274 3462 2311 3526 ),
2348 3476 2579 3530 moxque
2612 3462 2814 3531 reperit
2838 3470 3059 3517 centum
3085 3464 3385 3534 prophetas
3408 3464 3467 3519 in

1883 3552 2160 3621 speluncis
2188 3554 2454 3617 viventes,
2501 3554 2819 3624 audivitque
2871 3555 3164 3610 Dominum
3214 3556 3319 3611 sibi
3381 3557 3469 3611 di-

1885 3655 2100 3699 euntem
2127 3663 2141 3698 :
2179 3644 2396 3715 Reliqua
2432 3646 2560 3699 milii
2591 3646 2690 3717 [cci
2717 3662 2811 3700 rex
2841 3645 3011 3699 millia
3056 3645 3346 3710 hominum,
3378 3644 3471 3716 qui

1886 3752 2020 3808 genu
2051 3735 2209 3789 Bauli
2236 3753 2334 3789 non
2365 3739 2623 3805 [laterum
2656 3734 2764 3805 (III
2795 3736 2924 3808 Reg.
2959 3754 3070 3801 XIX,
3104 3738 3211 3803 18).
3246 3737 3471 3792 Postre-

1887 3842 1977 3880 mo
2007 3827 2122 3896 ipse
2136 3843 2300 3880 curru
2319 3828 2409 3881 illo
2437 3843 2755 3894 conscenso,
2774 3830 3054 3899 igneisque
3082 3829 3182 3881 alis
3200 3829 3257 3882 in
3272 3829 3472 3885 emtum

1886 3917 2095 3981 volans,
2126 3918 2383 3971 Eiiseeum
2415 3919 2626 3981 habuit,
2664 3920 2759 3990 qui
2788 3921 2841 3974 in
2874 3935 2932 3975 se
2962 3920 3135 3974 Eliam
3168 3936 3475 3988 repraesen-

1888 4006 2044 4067 tavit,
2075 4007 2184 4061 imo
2240 4008 2413 4077 major
2461 4009 2734 4063 interdum
2771 4010 2920 4064 visus
2968 4016 3073 4074 est,
3132 4018 3295 4077 prout
3354 4009 3473 4079 ipse

1890 4099 2099 4168 optavit
2130 4099 2223 4154 τιν
2258 4098 2383 4172 Reg.
2420 4118 2482 4166 ιι,
2519 4101 2615 4172 9).
2669 4101 2802 4157 Sine
2850 4101 3016 4157 dubio
3062 4117 3211 4157 nunc
3258 4117 3476 4173 quoque

1892 4192 2024 4245 latet
2057 4193 2258 4248 alicubi
2306 4194 2556 4255 Elistntts.
2604 4194 2695 4264 qui
2733 4193 2912 4248 Patris
2952 4194 3191 4250 meloten
3230 4195 3474 4250 sustulit.

1893 4283 2056 4351 Quid,
2085 4301 2201 4351 oro,
2242 4286 2286 4338 si
2315 4295 2371 4339 tu
2425 4286 2511 4339 illa
2540 4294 2701 4341 aetate
2751 4286 3003 4353 vixisses,
3061 4303 3167 4357 qua
3217 4286 3475 4341 Servatur

1894 4377 2166 4448 apparuit,
2194 4385 2357 4447 atque
2406 4377 2480 4432 ita
2532 4393 2656 4434 cum
2711 4378 2972 4449 apostolis
3023 4393 3268 4443 versans,
3321 4378 3476 4433 illum

1895 4468 2112 4538 quidem
2144 4469 2462 4525 cruciﬁxum
2494 4469 2747 4537 vidisses,
2793 4469 3141 4527 cruciﬁxores
3191 4480 3377 4525 autem
3422 4479 3477 4525 te

1894 4564 2193 4618 invitantes
2233 4566 2481 4620 audisses
2510 4575 2567 4621 et
2611 4565 2945 4621 assentando
2992 4564 3257 4629 dicentes,
3293 4565 3476 4619 omnia

1895 4664 2074 4710 morte
2099 4656 2410 4712 necessario
2431 4656 2597 4720 ﬁniri,
2619 4673 2751 4711 num
2772 4657 2839 4710 ad
2862 4657 3154 4727 apostolos,
3177 4657 3262 4710 die
3293 4657 3474 4719 sodes,

1895 4749 2161 4805 accedens
2191 4749 2441 4806 hortatus
2467 4764 2561 4805 eos
2589 4764 2762 4813 esses,
2794 4757 2856 4803 ut
2892 4748 3156 4817 Caipham
3208 4748 3477 4802 conveni-

1897 4852 2042 4910 rent,
2071 4850 2249 4899 actam
2278 4859 2393 4899 rem
2423 4843 2728 4905 laudarent,
2776 4839 3053 4895 dexteram
3084 4839 3227 4893 illam
3255 4838 3479 4895 christi-

1899 4937 2080 4992 cidam
2110 4936 2530 4993 osenlarentur?
2560 4934 2689 4988 Sine
2722 4934 2890 4988 dubio
2929 4934 3031 4987 hoc
3064 4932 3168 4985 illis
3195 4946 3306 4985 non
3351 4946 3483 5001 per-

1904 5025 2211 5082 suasisses:
2248 5034 2301 5079 tu
2336 5041 2463 5079 vero
2502 5024 2603 5076 huc
2647 5023 2788 5076 facto
2842 5022 3081 5090 Spiritus
3111 5021 3255 5073 dono
3308 5027 3480 5074 temet

1905 5118 2191 5186 privasses,
2226 5124 2281 5169 et
2312 5113 2613 5168 innumeris
2663 5112 2768 5166 illis
2808 5111 2988 5175 bouis,
3023 5128 3138 5182 qua:
3173 5126 3263 5164 nec
3295 5108 3475 5163 oculus

1905 5210 2051 5273 vidit,
2100 5223 2261 5278 neque
2318 5207 2462 5259 auris
2524 5204 2758 5273 uauiirit,
2818 5203 3070 5275 atquein
3123 5219 3210 5256 cor
3259 5200 3480 5254 hominis

1906 5302 2244 5355 ιιεορρηιιρνιιιιι
2275 5299 2341 5371 (1
2370 5299 2490 5355 Cor.
2521 5315 2579 5363 ιι,
2608 5301 2641 5351 9
2670 5306 2706 5362 ι,
2762 5314 2883 5370 qua:
2939 5296 3191 5354 videlicet
3239 5292 3480 5350 cruciﬁxi

1909 5387 2131 5442 datm-it
2163 5387 2320 5443 nobis
2346 5388 2675 5459 benignitas.

1982 5482 2034 5535 8.
2066 5480 2200 5547 Quae
2226 5495 2348 5536 cum
2377 5481 2448 5535 ita
2476 5482 2602 5545 sint,
2638 5496 2704 5534 ne
2734 5495 2881 5534 nunc
2927 5478 3146 5549 quidem
3192 5476 3483 5545 desperare

1914 5575 2060 5637 licet,
2087 5576 2302 5631 fratres.
2335 5574 2401 5628 tle
2434 5576 2525 5628 Dei
2551 5574 2770 5628 auxiiio.
2800 5573 2905 5628 Sed
2930 5571 3234 5627 necessario
3254 5567 3486 5625 dicenda

1915 5669 2073 5725 nobis
2100 5680 2227 5725 sunt
2258 5670 2420 5724 verba
2462 5669 2539 5738 pri
2550 5683 2761 5723 scortum
2784 5663 3211 5721 adolescentium
3237 5661 3487 5730 illorum,

1991 5857 2060 5913 ie)
2091 5857 2230 5911 Nam
2263 5871 2359 5925 pro
2397 5855 2646 5927 μιαρέ-Ν

1993 5930 2056 6001 (Η
2096 5928 2426 6001 (ξιιίειιιέῖιὶιεὲ
2454 5927 2602 5981 tiit‘il.
2930 5990 2952 6001 _
3018 5999 3026 6001 Α
3178 5990 3190 6001 ,
3218 5988 3228 5996 .
3312 5983 3400 6001 ..κο

1993 5984 2620 6069 ig...).ilezmt.izi;-c:erm.
2654 6011 2753 6069 pro
2791 6007 2898 6064 quo
2927 5990 3153 6049 fortasse
3177 5988 3267 6046 hic
3296 5984 3495 6045 didm]

1926 6068 2329 6119 -L.;:v.‘)t:':f-.7vrzc

1930 6103 2035 6124 J'..'.
2072 6103 2190 6124 ηονδο
2219 6103 2347 6120 Ιαὲῆε
