4466 6708
906 543 958 589 ιι
2029 529 2384 590 τιιεουοιιι
2424 530 2670 589 'I'RIMIT

2029 529 2384 590 τιιεουοιιι
2424 530 2963 591 ’[ΒΙΜῘΤΙΠΞΝΠΜ

905 647 1176 714 οὐρανοῖς,
1207 648 1264 710 ὃς
1295 649 1440 701 ἐστιν
1473 648 1656 712 ἱκανὸς
1696 653 1935 722 τιμωρὸς
1982 654 2079 722 μὲν
2103 649 2351 720 γενέσθαι
2384 655 2492 716 τοῖς

907 737 1138 802 ἀδίκοις,
1164 741 1470 810 προστάτης
1493 739 1548 792 δὲ
1572 741 1673 812 τῆς
1709 743 1984 814 ἡμετέρας
2013 745 2235 814 ἀγέλης.
2267 747 2377 798 Καὶ
2401 747 2496 798 ὲὲιν

913 831 1011 904 μὴ,
1031 830 1267 900 γνωστὸν
1288 830 1429 884 ἔστω
1453 833 1618 887 πᾶσιν
1641 834 1968 905 ἀνθρώποις,
1991 836 2073 890 ὅτι
2096 837 2324 907 οὐδεμία
2345 838 2497 891 ἔσται

910 920 1163 978 κοινωνία
1198 922 1536 990 φονευοεῖσιν
1584 925 1892 997 ἀνθρώποις
1945 927 2083 994 μετὰ
2124 929 2236 982 τῶν
2281 931 2497 984 ἀνελόν-

910 1027 1036 1066 των.
1067 1013 1200 1065 Οὐδὲ
1228 1013 1531 1085 ἀνεξόμεθα
1561 1017 1844 1084 προσιέναι
1871 1018 2035 1092 fin-ri;
2059 1025 2160 1092 (a),
2186 1022 2252 1093 ἢν
2277 1023 2498 1091 ἐποίησε

4096 563 4178 606 ιιι

2600 659 2796 730 καρδία
2838 657 2936 729 μὲν
2977 657 3056 710 ἔτι
3099 659 3221 711 mU'
3256 659 3410 730 ἡμῶν
3455 658 3698 729 ξενῷσα.
3729 658 3942 726 γλῶττα
3979 665 4034 719 δὲ
4082 667 4180 721 καὶ

2599 753 2722 822 χεὶρ
2742 752 2820 821 τῷ
2837 752 2928 806 τοῦ
2951 752 3158 805 δικαίου
3188 769 3245 802 τε
3280 755 3372 804 7.1".
3399 771 3504 806 των
3529 754 3732 806 ἐκείνου
3755 751 3960 805 παίδων
3986 758 4180 828 αἵματι

2599 846 2992 916 πεφοινιγμὲνη
3025 845 3116 912 (ὁ).
3167 843 3326 908 Ἀλλ’,
3354 839 3399 897 ὦ
3425 845 3694 917 Orbitas-.3
3720 845 3924 916 Πάτερ,
3950 845 4180 904 ἔντειιέ

2600 935 2698 988 καὶ
2737 937 3064 992 xarevoé‘m}
3101 935 3196 988 καὶ
3225 935 3548 1000 βασίλευε,
3599 940 3694 992 καὶ
3731 937 3836 991 τῶν
3886 934 4179 1006 βασιλικῶν

2600 1027 2781 1082 αὐλῶν
2809 1029 3056 1084 ἐπίϐαινε
3078 1029 3170 1082 τοῦ
3196 1026 3451 1100 Χριςτςιῦ.

979 1123 1055 1212 te)
1082 1122 1344 1212 intelligit
1371 1129 1813 1212 communionem
1843 1133 1899 1187 in
1943 1133 2166 1202 divinis,
2205 1135 2261 1190 id
2305 1143 2388 1190 est
2423 1133 2480 1188 in
2511 1147 2664 1192 sacra
2695 1139 2932 1212 liturgia,
2967 1156 3092 1196 cum
3123 1139 3446 1195 adversariis
3471 1136 3864 1210 Chrysostomi.

978 1192 1050 1265 (b)
1081 1192 1213 1249 Cod.
1248 1192 1700 1266 ιξεφοινιγμένων.

1429 1331 2052 1343 —————-————__..._-

3555 1347 3866 1363 ﬁ

1582 1484 1939 1545 MONITUM
1983 1485 2060 1543 IN
2105 1484 2449 1554 SEQL’ENS
2490 1481 2880 1543 TIIEODORI
2917 1481 3511 1542 TRIMITIIUNTINI

974 1646 1014 1700 Α
1052 1647 1310 1702 Theodoro
1349 1649 1713 1704 Trimithuntis
1743 1651 1799 1703 in
1845 1649 2016 1720 Cypro
2049 1650 2222 1702 insula
2256 1651 2493 1718 episcopo

901 1740 1159 1808 scriptam
1175 1740 1283 1794 divi
1307 1739 1657 1810 Chrysostomi
1683 1742 1854 1796 Vitam
1883 1743 2028 1810 apud
2047 1760 2101 1796 se
2127 1743 2334 1807 habere,
2363 1743 2494 1796 dixit

903 1830 1134 1885 Allatius
1167 1832 1220 1885 in
1258 1832 1518 1897 Diatriba,
1557 1849 1613 1901 p.
1648 1835 1769 1897 171,
1799 1850 1851 1886 n.
1885 1832 2018 1898 CVI,
2062 1835 2304 1904 idemque
2339 1851 2496 1903 opus-

903 1921 1080 1976 culum
1128 1932 1622 1977 commemoraverat
1683 1926 1846 1979 etiam
1890 1928 1946 1979 in
1999 1926 2110 1979 alia
2155 1927 2384 1980 diatriba
2421 1926 2497 1980 De

905 2013 1269 2078 Simeonibus,
1302 2031 1356 2083 p.
1377 2015 1465 2070 81.
1493 2015 1618 2070 1am
1647 2027 1693 2070 et
1723 2018 2028 2089 Lequinius,
2051 2018 2146 2072 Or.
2173 2019 2297 2078 CIL.
2335 2027 2374 2070 t.
2410 2016 2487 2079 II,

903 2105 990 2158 ubi
1020 2105 1085 2159 de
1116 2105 1276 2176 Cypri
1306 2109 1560 2177 episcopis
1585 2109 1682 2163 col.
1718 2111 1870 2171 1071,
1900 2112 2036 2162 hanc
2067 2109 2312 2160 Theodori
2341 2107 2491 2158 lucu-

903 2197 1197 2252 brationem
1251 2200 1304 2252 in
1348 2201 1522 2252 codice
1577 2199 1740 2269 Regio
1789 2199 2084 2252 Parisiensi
2130 2197 2266 2251 1855
2306 2206 2491 2249 narrat

901 2295 1130 2340 exstare.
1151 2286 1572 2357 Hontfauconius
1599 2287 1725 2339 item
1757 2285 2277 2347 Biblioth.Coislin.,
2294 2301 2346 2353 p.
2373 2284 2492 2347 195,

899 2378 1029 2432 uidit
1059 2380 1296 2432 eamdem
1329 2379 1384 2432 in
1404 2380 1579 2433 codice
1613 2380 1809 2444 l‘21,ut
1829 2386 2052 2447 apparet
2085 2395 2148 2431 ex
2173 2377 2497 2446 initio.quod

903 2476 1082 2521 tamen
1118 2469 1231 2522 sine
1259 2470 1490 2522 auctoris
1522 2470 1730 2520 nomine
1772 2469 1976 2521 recitat.
2014 2465 2252 2536 Bigotius
2275 2466 2498 2534 denique

901 2557 957 2610 in
1007 2557 1328 2627 Prwfatione
1357 2558 1430 2609 ad
1470 2556 1710 2610 Palladii
1739 2558 2015 2628 Dialogum
2041 2574 2143 2610 non
2181 2556 2295 2624 ejus
2324 2557 2495 2609 solum

902 2648 1160 2709 meminit,
1183 2648 1274 2701 sed
1305 2655 1354 2700 et
1378 2648 1580 2718 aliquot
1609 2665 1787 2702 uersus
1817 2649 1994 2717 refert,
2024 2649 2080 2701 in
2113 2647 2496 2716 Montfauconii

903 2754 1121 2807 operum
1153 2737 1503 2806 Chrysostomi
1527 2739 1754 2791 editione
1786 2749 1822 2791 t.
1850 2736 2006 2800 XIII,
2033 2738 2218 2808 Pref,
2239 2754 2290 2804 p.
2319 2737 2373 2800 9,
2409 2737 2496 2790 ubi

903 2842 1082 2881 tamen
1136 2822 1377 2882 mendose
1420 2831 1599 2883 scribit
1652 2829 1964 2898 κατηξιωοῇ
2009 2844 2103 2896 pro
2154 2825 2492 2896 κατηξιώθη,

902 2921 1022 2990 ἦτοι
1052 2936 1146 2989 pro
1173 2915 1347 2982 οὗτος,
1379 2924 1469 2973 sed
1516 2929 1694 2973 tamen
1721 2920 1907 2973 melius
1935 2921 1993 2982 ὃς
2019 2936 2114 2989 pro
2137 2921 2232 2982 ὡς,
2267 2929 2314 2972 et
2343 2918 2491 2971 ἑνδε-

901 3015 1230 3082 καμηνιαῖον
1285 3029 1380 3082 pro
1431 3012 1847 3084 ἑνδεκαμήνεον.
1908 3012 2226 3066 Vocabulum
2273 3013 2493 3080 denique

903 3100 1299 3164 κατάκλειστος
1326 3103 1468 3171 apud
1491 3101 1758 3173 Bigotium
1781 3103 1844 3156 de
1873 3112 2030 3155 cauta
2061 3104 2232 3170 potius
2257 3112 2303 3155 et
2333 3118 2492 3170 spon-

905 3199 1064 3245 taneo
1121 3191 1382 3251 Palladii,
1431 3202 1599 3247 metus
1648 3209 1802 3264 ergo,
1836 3193 2124 3247 iuclusioue
2180 3193 2494 3266 intelligitur

903 3301 1064 3354 quant
1089 3285 1153 3338 de
1178 3301 1404 3339 carcere.

974 3373 1144 3428 Porro
1177 3375 1246 3427 ad
1262 3384 1529 3428 auctorem
1556 3377 1694 3446 quod
1716 3377 1923 3439 attinet,
1955 3375 2246 3430 Theodorus
2265 3376 2350 3428 hic
2380 3377 2492 3430 Tri-

906 3467 1179 3520 mithuntis
1224 3466 1512 3535 episcopus,
1545 3477 1768 3535 apparet
1826 3468 2134 3534 disseritque
2177 3468 2230 3519 iu
2286 3467 2491 3519 actione

904 3572 997 3612 xxv
1032 3557 1238 3609 concilii
1290 3558 1423 3609 sexti
1456 3559 1793 3620 mcumenici,
1825 3575 1967 3611 anno
2013 3560 2204 3611 Christi
2251 3559 2374 3618 680,
2405 3559 2492 3611 ubi

906 3649 1068 3702 etiam
1129 3649 1502 3717 archiepiscopi
1547 3651 1630 3702 sui
1684 3649 1973 3719 Epiphauii
2016 3649 2073 3703 II
2112 3649 2279 3702 locum
2327 3650 2492 3702 tenuit

910 3733 1135 3804 (Concil.
1188 3735 1269 3786 ed.
1313 3734 1543 3789 Floreut.
1595 3736 1790 3796 Zattaz,
1829 3747 1866 3791 t.
1903 3737 2010 3802 XI,
2045 3737 2142 3791 col.
2178 3738 2332 3807 585).
2369 3737 2493 3792 Sine

905 3825 1060 3879 dubio
1085 3834 1263 3878 autem
1305 3826 1503 3898 Anglus
1533 3826 1763 3883 Savilius
1801 3831 1936 3884 inter
1968 3831 2146 3883 varias
2173 3847 2304 3900 quas
2329 3831 2490 3883 edidit

905 3919 962 3970 in
994 3924 1133 3968 tomo
1164 3929 1345 3970 octavo
1379 3917 1729 3990 Chrysostomi
1754 3922 1964 3977 Crwcas
2011 3922 2170 3980 Vitas.
2198 3923 2332 3974 liauc
2361 3939 2492 3991 quo-

907 4026 1006 4084 que
1039 4027 1071 4062 a
1105 4011 1362 4063 Theodoro
1393 4014 1742 4083 conscriptam
1774 4013 2152 4078 collocavisset,
2183 4014 2285 4066 nisi
2315 4022 2360 4065 et
2408 4030 2492 4066 co-

905 4103 1019 4156 dice
1050 4111 1097 4155 et
1128 4103 1239 4170 ipsa
1269 4104 1364 4164 rei,
1393 4114 1449 4158 ut
1471 4106 1692 4169 videtur,
1728 4107 1913 4159 notitia
1946 4107 2216 4159 caruisset.
2243 4102 2492 4174 Quodque

903 4198 1074 4268 magis
1103 4197 1402 4252 mirandum
1440 4208 1533 4261 est,
1554 4200 1757 4268 ignotus
1781 4201 1877 4270 fuit
1905 4201 1987 4252 hic
2024 4198 2316 4252 Theodorus
2351 4197 2490 4253 Crte-

907 4302 965 4340 co
1016 4288 1220 4340 auctori
1261 4287 1504 4359 Catalogi
1535 4290 1937 4358 biographornm
1969 4287 2319 4358 Chrysostomi
2347 4289 2489 4356 apud

909 4379 1146 4432 eumdem
1200 4376 1459 4432 Savilium
1484 4417 1498 4440 ,
1535 4387 1574 4430 t.
1616 4377 1772 4439 VIII,
1805 4394 1857 4447 p.
1889 4378 2030 4441 295,
2061 4394 2153 4430 nec
2200 4393 2304 4429 non
2350 4377 2492 4445 apud

909 4471 1266 4535 Lambecium,
1303 4471 1392 4525 lib.
1439 4487 1554 4535 \‘ltl,
1584 4488 1639 4542 p.
1674 4471 1796 4536 653,
1849 4471 1935 4524 ubi
1983 4471 2120 4523 inter
2161 4469 2348 4540 viginti
2377 4467 2492 4520 bio-

906 4565 1131 4637 graphos
1180 4574 1354 4618 noster
1382 4564 1466 4618 hic
1499 4580 1600 4617 non
1646 4574 1963 4616 recensctur.
2001 4561 2110 4616 Nos
2155 4577 2276 4614 vero
2324 4576 2491 4628 nuper

2598 1649 2734 1701 hunc
2763 1649 3051 1701 invenimus
3081 1651 3135 1700 in
3164 1650 3408 1702 maxime:
3431 1649 3578 1702 molis
3594 1650 3764 1703 codice
3790 1648 4040 1706 Vaticano
4058 1655 4183 1718 866.

2599 1739 2791 1792 sa'culo
2814 1741 3022 1793 circiter
3045 1756 3140 1794 xm
3168 1743 3386 1811 scripto,
3413 1750 3461 1794 et
3477 1742 3694 1810 fortasse
3720 1742 3863 1810 apud
3893 1758 3983 1794 nos
4011 1745 4182 1808 unico,

2598 1832 2689 1884 sed
2711 1831 2776 1884 ab
2792 1832 3134 1885 umanuensis
3154 1834 3420 1901 imperitia
3448 1833 3645 1901 passim
3673 1833 3870 1886 mendis
3891 1834 4183 1903 inquinate,

2601 1939 2718 1994 qua:
2747 1939 2842 1990 pro
2868 1923 3064 1976 viribus
3106 1925 3394 1993 auferenda
3427 1926 3765 1990 curavimus;
3797 1934 4093 1995 textumque
4131 1927 4190 1978 in

2599 2015 2850 2067 articulos
2880 2015 2948 2066 52
2973 2015 3501 2082 distinximus,eique
3530 2015 3931 2071 translationem
3954 2026 4188 2070 nostram

2598 2102 2847 2155 Latinam
2877 2103 3276 2172 adjungendam
3299 2105 3620 2156 curavimus.

2667 2190 2806 2245 Sane
2841 2209 2932 2246 nos
2959 2204 3007 2245 et
3045 2194 3154 2246 alio
3193 2204 3422 2264 tempore
3453 2196 3633 2264 magni
3671 2195 4019 2264 Chrysostomi
4055 2215 4186 2251 san-

2599 2281 2836 2333 ctitatem
2887 2283 3302 2354 facundiamque
3355 2285 3636 2352 mirantes,
3688 2295 3920 2338 nostram
3973 2285 4190 2339 libenter

2601 2372 2895 2440 symbolam
2942 2375 3013 2428 ad
3054 2375 3170 2444 ejus
3217 2376 3398 2430 laudes
3439 2377 3788 2430 cumnlandas
3827 2376 4188 2439 contulimus;

2599 2464 2858 2533 siquidem
2883 2466 2936 2517 in
2966 2467 3066 2519 hac
3089 2470 3203 2536 ipsa
3235 2468 3454 2522 Patrum
3485 2484 3620 2522 nova
3654 2467 4007 2530 Bibliotheca,
4043 2478 4080 2520 t.
4107 2467 4187 2532 II,

2601 2570 2652 2614 p.
2691 2553 2794 2608 546
2818 2572 2950 2624 seq.,
2988 2558 3240 2626 scriptum
3286 2576 3317 2612 a
3366 2559 3624 2629 Martyrio
3655 2560 3958 2628 patriarcha
4001 2558 4189 2611 Antio-

2600 2645 2760 2696 r/reno
2804 2643 3159 2714 Chrysostomi
3193 2648 3502 2703 Encominm
3532 2652 3818 2713 edidimus,
3852 2651 3988 2720 quod
4017 2653 4189 2716 ipsum

2600 2743 2808 2787 exstare
2831 2753 2926 2789 ms.
2959 2739 3118 2790 etiam
3141 2738 3387 2806 Neapoli,
3413 2757 3476 2792 ex
3509 2739 3762 2810 Catalogo
3787 2743 4018 2794 codicum
4045 2741 4192 2797 Crte-

2601 2842 2780 2877 corum
2805 2827 3126 2880 bibliotheae
3156 2829 3477 2891 Borbonica’,
3499 2846 3551 2898 p.
3583 2831 3702 2888 125.
3719 2833 4066 2900 cognorimus.
4086 2831 4192 2885 De-

2597 2919 2752 2988 nique
2774 2920 2934 2972 etiam
2965 2921 3020 2972 in
3049 2920 3323 2991 Spicilcgii
3357 2921 3516 2974 Rom.
3552 2932 3691 2974 tomo
3719 2922 3886 2974 altero
3915 2923 4188 2992 fragmen-

2598 3019 2708 3061 tum
2733 3010 3039 3065 historicum
3066 3029 3131 3065 ea:
3155 3013 3496 3082 palimpsesto
3523 3012 3816 3066 Tusculano
3835 3014 4071 3065 dedimus
4089 3017 4184 3080 (a),

2599 3101 2704 3165 ubi,
2730 3103 2866 3155 inter
2915 3101 3050 3168 alia,
3084 3103 3435 3173 Chrysostomi
3479 3122 3677 3175 quoque
3714 3104 3948 3172 expulsio
3990 3121 4186 3157 narra-

2597 3201 2701 3244 ιιιν.

2665 3282 2798 3346 Quot
2820 3299 2941 3353 ergo
2956 3293 3150 3337 ueteres
3179 3285 3252 3337 ad
3277 3285 3606 3338 scribendam
3628 3283 3976 3354 Chrysostomi
4010 3286 4183 3340 Vitam

2592 3373 2944 3437 incubuerint,
2995 3391 3061 3428 ea:
3104 3373 3362 3446 Catalogo
3406 3378 3568 3428 citato
3608 3378 3979 3446 cognoscimus,
4020 3387 4067 3431 et
4116 3392 4182 3432 c1:

2593 3465 2746 3517 editis
2771 3482 2802 3516 a
2833 3464 3087 3519 Palladio
3124 3465 3568 3535 Helenopolitano
3616 3468 3787 3521 sancti
3820 3469 3917 3521 viri
3955 3478 4186 3522 content-

2596 3570 2827 3622 poraneo
2845 3572 2863 3620 ;
2879 3555 3102 3627 Georgio
3113 3556 3491 3622 Alexandrino,
3515 3559 3724 3626 septimi
3747 3559 3923 3611 steculi
3944 3559 4150 3612 homine
4168 3577 4188 3626 ;

2595 3643 2868 3712 Auonymo
2897 3646 3128 3714 quodam
3153 3662 3172 3709 ;
3218 3645 3384 3699 Leone
3409 3645 3680 3716 Sapiente,
3713 3647 3839 3716 imp.
3867 3666 3886 3711 ;
3913 3664 3976 3701 ac
4015 3648 4186 3702 Meta-

2594 3737 2825 3804 phraste,
2861 3735 3022 3788 nobili
3076 3736 3236 3804 hujus
3269 3739 3568 3807 argumenti
3587 3739 3814 3806 scriptis.
3842 3738 3985 3792 Inter
4008 3755 4186 3791 recen-

2595 3828 2752 3880 tiores
2786 3836 2964 3878 autrm
2992 3826 3220 3880 eminent
3257 3827 3639 3891 Tillemontius,
3670 3827 3917 3891 Sat-ilius,
3951 3845 4014 3880 ac
4050 3844 4187 3898 pra:-

2594 3919 2743 3988 cipue
2770 3917 3211 3987 Montfauconius.
3244 3919 3398 3973 Nunc
3427 3937 3519 3989 per
3555 3937 3647 3974 nos
3682 3921 3880 3974 accedit
3927 3919 4186 3973 ueteribus

2601 4009 3034 4062 Trimitimntinus
3067 4009 3382 4070 Theodorus,
3416 4011 3479 4063 de
3505 4011 3654 4079 cujus
3687 4011 3888 4064 meritis
3923 4027 3986 4061 ac
4025 4012 4184 4063 nervis

2597 4102 2874 4168 disputare
2901 4102 2989 4153 diu
3033 4117 3135 4153 non
3167 4110 3340 4154 vacat.
3367 4100 3516 4155 Certe
3545 4118 3705 4170 quam
3749 4102 3927 4169 objicit
3964 4099 4186 4155 Photius

2600 4193 2714 4245 cod.
2764 4207 2880 4245 χοι-ι
2931 4193 3152 4263 Georgio
3195 4192 3318 4262 styli
3365 4191 3690 4261 χυδαιότητα
3725 4200 3773 4245 et
3817 4192 3876 4245 τὸ
3923 4209 4187 4264 παριστα-

2600 4287 2734 4354 ρείν,
2768 4285 2826 4337 in
2849 4295 3021 4338 nostro
3046 4301 3250 4355 quoque
3281 4283 3544 4338 Theodoro
3582 4286 3778 4354 partim
3818 4294 3954 4338 certe
3987 4301 4189 4352 compe-

2602 4378 2695 4429 riri
2724 4391 2825 4427 non
2847 4391 2992 4442 nego.
3028 4376 3391 4430 Verumtamen
3415 4384 3463 4430 et
3488 4375 3622 4429 illud
3651 4393 3769 4429 cum
3796 4377 3972 4429 eodem
3994 4375 4186 4430 Photio

2604 4466 2843 4518 concludi
2869 4475 3032 4534 potest
3061 4482 3079 4519 :
3111 4465 3278 4518 Οὐδὲν
3303 4465 3502 4519 κωλύει
3530 4468 3659 4530 τοὺς
3711 4466 4189 4535 ἀναγινώσκοντας

2602 4556 2998 4627 ἐκλεγομένους
3021 4556 3090 4609 τὰ
3114 4557 3382 4627 χρήσιμα,
3410 4556 3480 4610 τὰ
3505 4557 3674 4610 λοιπὰ
3703 4559 3967 4630 παρορᾷν.
4001 4557 4190 4627 Utique

981 4701 1060 4775 (a)
1101 4703 1328 4758 Exstant
1374 4704 1491 4758 haec
1524 4702 1826 4773 fragmenta
1857 4701 1911 4754 in
1939 4699 2237 4770 appendice
2269 4697 2336 4752 ad
2366 4697 2646 4761 saeuius»,
2678 4696 2733 4750 in
2762 4711 2872 4765 quo
2902 4709 3210 4758 versamur,
3234 4692 3515 4763 quin-tas.
3542 4693 3698 4747 Enn.
3723 4692 3890 4748 Pus.

902 4881 4192 4921 ________________________________..

1386 5057 1987 5149 ΘΕΟΔΩΡΟΥ
2049 5051 2724 5144 ΕΠΙΣΚΟΠΟΥ
2801 5047 3694 5140 ΤΡΙΜΗΘΟΥΝΤΩΝ

1585 5253 1772 5306 ΠΕΡΙ
1801 5252 1930 5304 ΤΟΥ
1953 5252 2128 5304 ΒΙΟΥ
2154 5248 2278 5303 ΚΑΙ
2307 5247 2452 5302 ΤΗΣ
2478 5245 2800 5302 ΕΞΟΡῙΑΣ
2820 5245 2954 5298 ΚΑΙ
2982 5239 3130 5296 ΤΩΝ
3155 5240 3492 5294 ΘΛΙΨΕΩΝ

904 5411 1209 5469 ῘΩΔΝΝΟΥ
1233 5410 1370 5466 ΤΟΥ
1400 5410 1952 5467 ΜΔΚΑΡΙΩΤᾹΤΟΥ
1991 5406 2562 5464 ΔΡΧῙΕΠΙΣΚΟΠΟΥ
2607 5397 3426 5460 ΚΩΝΣΤΑΝΤΙΝΟΥΠΟΛΕΩΣ
3462 5398 3599 5454 ΤΟΥ
3633 5387 4166 5450 ΧΡΥΣΟΣΓΟΜΟΥ.

971 5705 1126 5780 (Cod.
1157 5703 1280 5758 Val.
1307 5705 1430 5774 866,
1455 5705 1491 5760 ί.
1521 5705 1610 5762 69.
1640 5711 1693 5777 a)
1741 5713 1809 5760 a'.
1857 5707 2185 5779 Ἀγαπητοίῐ
2225 5705 2485 5775 Ἀψευδὴς

896 5798 924 5853 ὃ
953 5797 1086 5864 Θεὸς
1113 5800 1142 5852 ὁ
1187 5797 1276 5851 διὰ
1303 5798 1395 5851 τοῦ
1424 5801 1709 5872 Προφήτου
1752 5799 1926 5868 λέγων
1945 5817 1957 5829 ⁶
1994 5797 2226 5854 Πολλτιὶ
2257 5800 2315 5851 al
2355 5798 2482 5850 0λί-

899 5891 1033 5960 ψης
1060 5888 1179 5944 τῶν
1209 5888 1474 5945 δικαίων.
1503 5892 1611 5944 Καὶ
1641 5891 1823 5944 πάλιψ
1856 5892 2143 5946 Κατανοεῐ
2167 5895 2200 5945 ὀ
2218 5891 2478 5960 ἁμαρτίαι

903 5980 1015 6050 .Zt‘c
1049 5983 1150 6038 m-
1188 5981 1442 6038 δίκαιον.
1491 5983 1596 6036 Κῖῖ
1660 5984 1819 6039 πάλιν
1869 5986 2046 6054 φησίν·
2095 5981 2476 6052 Ἰῗνειθίριίσιυυ

2582 5721 2700 5774 μεν
2725 5702 2832 5757 τὸν
2861 5699 3115 5761 δίκαιον,
3139 5696 3227 5752 ὅτι
3254 5697 3644 5766 δύσχρηστος
3675 5688 3822 5759 ἡμῖν
3848 5685 4036 5752 ἐστιν,
4066 5690 4163 5740 καὶ

2582 5797 2798 5865 βαρὺς,
2859 5793 3044 5864 φησὶν,
3099 5791 3195 5844 καὶ
3243 5791 3645 5858 ﬁlex/perac.
3704 5777 3999 5865 Μακάριος
4037 5777 4166 5848 γὰρ.

2587 5891 2771 5958 φησιν,
2804 5889 2870 5954 ὃς
2896 5885 3178 5954 ὑπομενεῖ
3209 5885 3564 5951 πειρασμόν.
3603 5873 3852 5944 Ἰωάννης
3878 5864 4051 5934 οὗτος.
4085 5887 4173 5936 μι-

2590 5983 2716 6051 γρδς
2751 5982 2824 6035 ὢν
2872 5983 2935 6049 τῇ
2974 5979 3173 6051 hia-eia.
3228 5974 3526 6043 ἔπαιξε-39η
3576 5970 3721 6043 πάσῃ
3767 5967 3926 6039 σοφίᾳ
3967 5960 4174 6029 ἀν⁶¹έ⁴ί⁹⁹
