  <div class='ocr_page' id='page_1' title='image "/cluster/home/n/w/nwhite01/storage/ocr_20150623/47/hvd.32044025239690/036.png"; bbox 0 0 4466 6732; ppageno 0'>
   <div class='ocr_carea' id='block_1_1' title="bbox 260 721 1843 794">
    <p class='ocr_par' dir='ltr' id='par_1_1' title="bbox 260 721 1843 794">
     <span class='ocr_line' id='line_1_1' title="bbox 260 721 1843 794; baseline 0.002 -20"><span class='ocrx_word' id='word_1_1' title='bbox 260 721 562 775; x_wconf 64' lang='lat' dir='ltr'><strong>videlicet;</strong></span> <span class='ocrx_word' id='word_1_2' title='bbox 598 722 752 777; x_wconf 57' lang='grc' dir='ltr'><strong>Βίηκί</strong></span> <span class='ocrx_word' id='word_1_3' title='bbox 787 735 1029 791; x_wconf 79' lang='lat' dir='ltr'><strong>tempore</strong></span> <span class='ocrx_word' id='word_1_4' title='bbox 1064 725 1495 779; x_wconf 64' lang='lat' dir='ltr'><strong>Vicissitudincm</strong></span> <span class='ocrx_word' id='word_1_5' title='bbox 1541 726 1843 794; x_wconf 81' lang='lat' dir='ltr'><strong>patiamur,</strong></span> 
     </span>
    </p>
   </div>
   <div class='ocr_carea' id='block_1_2' title="bbox 259 814 1845 885">
    <p class='ocr_par' dir='ltr' id='par_1_2' title="bbox 259 814 1845 885">
     <span class='ocr_line' id='line_1_2' title="bbox 259 814 1845 885; baseline 0.003 -20"><span class='ocrx_word' id='word_1_6' title='bbox 259 814 398 884; x_wconf 82' lang='lat' dir='ltr'><strong>quia</strong></span> <span class='ocrx_word' id='word_1_7' title='bbox 423 825 506 869; x_wconf 76' lang='lat' dir='ltr'><strong>est</strong></span> <span class='ocrx_word' id='word_1_8' title='bbox 538 815 681 869; x_wconf 78' lang='lat' dir='ltr'><strong>Deus</strong></span> <span class='ocrx_word' id='word_1_9' title='bbox 712 816 763 866; x_wconf 92' lang='lat' dir='ltr'><strong>in</strong></span> <span class='ocrx_word' id='word_1_10' title='bbox 796 814 966 879; x_wconf 65' lang='lat' dir='ltr'><strong>caelis,</strong></span> <span class='ocrx_word' id='word_1_11' title='bbox 1023 816 1116 885; x_wconf 85' lang='lat' dir='ltr'><strong>qui</strong></span> <span class='ocrx_word' id='word_1_12' title='bbox 1173 818 1387 885; x_wconf 78' lang='lat' dir='ltr'><strong>iniquos</strong></span> <span class='ocrx_word' id='word_1_13' title='bbox 1417 817 1610 883; x_wconf 63' lang='lat' dir='ltr'><strong>punire</strong></span> <span class='ocrx_word' id='word_1_14' title='bbox 1668 817 1808 871; x_wconf 65' lang='lat' dir='ltr'><strong>talet</strong></span> <span class='ocrx_word' id='word_1_15' title='bbox 1834 859 1845 880; x_wconf 96' lang='lat'><strong>,</strong></span> 
     </span>
    </p>
   </div>
   <div class='ocr_carea' id='block_1_3' title="bbox 260 906 1843 978">
    <p class='ocr_par' dir='ltr' id='par_1_3' title="bbox 260 906 1843 978">
     <span class='ocr_line' id='line_1_3' title="bbox 260 906 1843 978; baseline -0.001 -17"><span class='ocrx_word' id='word_1_16' title='bbox 260 917 518 962; x_wconf 82' lang='lat' dir='ltr'><strong>nostrum</strong></span> <span class='ocrx_word' id='word_1_17' title='bbox 534 915 716 959; x_wconf 77' lang='lat' dir='ltr'><strong>autem</strong></span> <span class='ocrx_word' id='word_1_18' title='bbox 731 919 944 975; x_wconf 85' lang='lat' dir='ltr'><strong>gregem</strong></span> <span class='ocrx_word' id='word_1_19' title='bbox 957 917 1235 978; x_wconf 81' lang='lat' dir='ltr'><strong>protegere</strong></span> <span class='ocrx_word' id='word_1_20' title='bbox 1261 906 1339 976; x_wconf 92' lang='lat' dir='ltr'><strong>(ll</strong></span> <span class='ocrx_word' id='word_1_21' title='bbox 1357 906 1593 961; x_wconf 71' lang='lat' dir='ltr'><strong>.llaehab.</strong></span> <span class='ocrx_word' id='word_1_22' title='bbox 1615 924 1685 962; x_wconf 80' lang='lat' dir='ltr'><strong>vn</strong></span> <span class='ocrx_word' id='word_1_23' title='bbox 1698 948 1711 969; x_wconf 92' lang='lat'><strong>,</strong></span> <span class='ocrx_word' id='word_1_24' title='bbox 1736 907 1843 965; x_wconf 77' lang='lat' dir='ltr'><strong>Hi.</strong></span> 
     </span>
    </p>
   </div>
   <div class='ocr_carea' id='block_1_4' title="bbox 264 994 1849 1061">
    <p class='ocr_par' dir='ltr' id='par_1_4' title="bbox 264 994 1849 1061">
     <span class='ocr_line' id='line_1_4' title="bbox 264 994 1849 1061; baseline 0 -8"><span class='ocrx_word' id='word_1_25' title='bbox 264 997 523 1053; x_wconf 78' lang='lat' dir='ltr'><strong>Profecto</strong></span> <span class='ocrx_word' id='word_1_26' title='bbox 574 996 620 1049; x_wconf 90' lang='lat' dir='ltr'><strong>si</strong></span> <span class='ocrx_word' id='word_1_27' title='bbox 666 994 801 1049; x_wconf 80' lang='lat' dir='ltr'><strong>nihil</strong></span> <span class='ocrx_word' id='word_1_28' title='bbox 858 997 1022 1061; x_wconf 83' lang='lat' dir='ltr'><strong>aliud,</strong></span> <span class='ocrx_word' id='word_1_29' title='bbox 1076 1009 1225 1053; x_wconf 85' lang='lat' dir='ltr'><strong>certe</strong></span> <span class='ocrx_word' id='word_1_30' title='bbox 1283 1000 1492 1053; x_wconf 76' lang='lat' dir='ltr'><strong>cunt-tis</strong></span> <span class='ocrx_word' id='word_1_31' title='bbox 1537 998 1849 1055; x_wconf 87' lang='lat' dir='ltr'><strong>hominibus</strong></span> 
     </span>
    </p>
   </div>
   <div class='ocr_carea' id='block_1_5' title="bbox 260 1087 1848 1160">
    <p class='ocr_par' dir='ltr' id='par_1_5' title="bbox 260 1087 1848 1160">
     <span class='ocr_line' id='line_1_5' title="bbox 260 1087 1848 1160; baseline -0.001 -16"><span class='ocrx_word' id='word_1_32' title='bbox 260 1092 610 1160; x_wconf 72' lang='lat' dir='ltr'><strong>exploratum</strong></span> <span class='ocrx_word' id='word_1_33' title='bbox 637 1096 775 1149; x_wconf 86' lang='lat' dir='ltr'><strong>esto,</strong></span> <span class='ocrx_word' id='word_1_34' title='bbox 804 1089 1004 1143; x_wconf 76' lang='lat' dir='ltr'><strong>nullum</strong></span> <span class='ocrx_word' id='word_1_35' title='bbox 1036 1088 1151 1142; x_wconf 82' lang='lat' dir='ltr'><strong>fore</strong></span> <span class='ocrx_word' id='word_1_36' title='bbox 1182 1087 1484 1144; x_wconf 67' lang='lat' dir='ltr'><strong>interfectis</strong></span> <span class='ocrx_word' id='word_1_37' title='bbox 1534 1090 1848 1145; x_wconf 78' lang='lat' dir='ltr'><strong>hominibus</strong></span> 
     </span>
    </p>
   </div>
   <div class='ocr_carea' id='block_1_6' title="bbox 259 1178 1847 1252">
    <p class='ocr_par' dir='ltr' id='par_1_6' title="bbox 259 1178 1847 1252">
     <span class='ocr_line' id='line_1_6' title="bbox 259 1178 1847 1252; baseline -0.001 -16"><span class='ocrx_word' id='word_1_38' title='bbox 259 1200 395 1236; x_wconf 87' lang='lat' dir='ltr'><strong>cum</strong></span> <span class='ocrx_word' id='word_1_39' title='bbox 426 1178 866 1234; x_wconf 76' lang='lat' dir='ltr'><strong>interfectoribus</strong></span> <span class='ocrx_word' id='word_1_40' title='bbox 903 1181 1367 1236; x_wconf 82' lang='lat' dir='ltr'><strong>communionem.</strong></span> <span class='ocrx_word' id='word_1_41' title='bbox 1397 1183 1463 1237; x_wconf 82' lang='lat' dir='ltr'><strong>Et</strong></span> <span class='ocrx_word' id='word_1_42' title='bbox 1494 1198 1563 1239; x_wconf 88' lang='lat' dir='ltr'><strong>ne</strong></span> <span class='ocrx_word' id='word_1_43' title='bbox 1595 1182 1671 1236; x_wconf 85' lang='lat' dir='ltr'><strong>illi</strong></span> <span class='ocrx_word' id='word_1_44' title='bbox 1723 1183 1847 1252; x_wconf 86' lang='lat' dir='ltr'><strong>qui-</strong></span> 
     </span>
    </p>
   </div>
   <div class='ocr_carea' id='block_1_7' title="bbox 1038 606 2726 667">
    <p class='ocr_par' dir='ltr' id='par_1_7' title="bbox 1038 606 2726 667">
     <span class='ocr_line' id='line_1_7' title="bbox 1038 606 2726 667; baseline 0.003 -8"><span class='ocrx_word' id='word_1_45' title='bbox 1038 607 1125 660; x_wconf 80' lang='lat' dir='ltr'><strong>DF.</strong></span> <span class='ocrx_word' id='word_1_46' title='bbox 1164 606 1323 662; x_wconf 84' lang='lat' dir='ltr'><strong>VIT.\</strong></span> <span class='ocrx_word' id='word_1_47' title='bbox 1364 608 1450 662; x_wconf 69' lang='grc' dir='ltr'><strong>ΕΤ</strong></span> <span class='ocrx_word' id='word_1_48' title='bbox 1491 608 1760 662; x_wconf 68' lang='lat' dir='ltr'><strong>EXSIIJO</strong></span> <span class='ocrx_word' id='word_1_49' title='bbox 1801 609 1858 663; x_wconf 89' lang='lat' dir='ltr'><strong>S.</strong></span> <span class='ocrx_word' id='word_1_50' title='bbox 1894 609 2180 666; x_wconf 67' lang='lat' dir='ltr'><strong>JUANNIS</strong></span> <span class='ocrx_word' id='word_1_51' title='bbox 2219 609 2726 667; x_wconf 74' lang='lat' dir='ltr'><strong>CIIRYSOSTOMI.</strong></span> 
     </span>
    </p>
   </div>
   <div class='ocr_carea' id='block_1_8' title="bbox 3435 628 3527 671">
    <p class='ocr_par' dir='ltr' id='par_1_8' title="bbox 3435 628 3527 671">
     <span class='ocr_line' id='line_1_8' title="bbox 3435 628 3527 671; baseline -0.033 0"><span class='ocrx_word' id='word_1_52' title='bbox 3435 628 3527 671; x_wconf 73' lang='lat' dir='ltr'><strong>ll&#39;</strong></span> 
     </span>
    </p>
   </div>
   <div class='ocr_carea' id='block_1_9' title="bbox 1955 726 3528 800">
    <p class='ocr_par' dir='ltr' id='par_1_9' title="bbox 1955 726 3528 800">
     <span class='ocr_line' id='line_1_9' title="bbox 1955 726 3528 800; baseline 0.001 -19"><span class='ocrx_word' id='word_1_53' title='bbox 1955 727 2080 781; x_wconf 82' lang='lat' dir='ltr'><strong>dent</strong></span> <span class='ocrx_word' id='word_1_54' title='bbox 2133 726 2400 782; x_wconf 79' lang='lat' dir='ltr'><strong>sacriﬁcio</strong></span> <span class='ocrx_word' id='word_1_55' title='bbox 2426 738 2607 781; x_wconf 77' lang='lat' dir='ltr'><strong>astare</strong></span> <span class='ocrx_word' id='word_1_56' title='bbox 2638 726 2926 797; x_wconf 79' lang='lat' dir='ltr'><strong>patientur,</strong></span> <span class='ocrx_word' id='word_1_57' title='bbox 2981 727 3124 795; x_wconf 89' lang='lat' dir='ltr'><strong>quod</strong></span> <span class='ocrx_word' id='word_1_58' title='bbox 3177 741 3270 782; x_wconf 87' lang='lat' dir='ltr'><strong>cor</strong></span> <span class='ocrx_word' id='word_1_59' title='bbox 3315 730 3528 800; x_wconf 76' lang='lat' dir='ltr'><strong>peragit</strong></span> 
     </span>
    </p>
   </div>
   <div class='ocr_carea' id='block_1_10' title="bbox 1953 815 3531 888">
    <p class='ocr_par' dir='ltr' id='par_1_10' title="bbox 1953 815 3531 888">
     <span class='ocr_line' id='line_1_10' title="bbox 1953 815 3531 888; baseline 0.004 -19"><span class='ocrx_word' id='word_1_60' title='bbox 1953 815 2087 869; x_wconf 64' lang='grc' dir='ltr'><strong>ρξεύὶ</strong></span> <span class='ocrx_word' id='word_1_61' title='bbox 2121 824 2320 870; x_wconf 69' lang='lat' dir='ltr'><strong>nostrae</strong></span> <span class='ocrx_word' id='word_1_62' title='bbox 2350 816 2529 871; x_wconf 82' lang='lat' dir='ltr'><strong>adhuc</strong></span> <span class='ocrx_word' id='word_1_63' title='bbox 2560 816 2799 879; x_wconf 76' lang='lat' dir='ltr'><strong>inhians,</strong></span> <span class='ocrx_word' id='word_1_64' title='bbox 2834 816 3015 888; x_wconf 82' lang='lat' dir='ltr'><strong>lingua</strong></span> <span class='ocrx_word' id='word_1_65' title='bbox 3070 818 3199 873; x_wconf 83' lang='lat' dir='ltr'><strong>item</strong></span> <span class='ocrx_word' id='word_1_66' title='bbox 3231 826 3286 872; x_wconf 91' lang='lat' dir='ltr'><strong>et</strong></span> <span class='ocrx_word' id='word_1_67' title='bbox 3337 836 3531 875; x_wconf 80' lang='lat' dir='ltr'><strong>manus</strong></span> 
     </span>
    </p>
   </div>
   <div class='ocr_carea' id='block_1_11' title="bbox 1953 906 3531 981">
    <p class='ocr_par' dir='ltr' id='par_1_11' title="bbox 1953 906 3531 981">
     <span class='ocr_line' id='line_1_11' title="bbox 1953 906 3531 981; baseline 0.005 -24"><span class='ocrx_word' id='word_1_68' title='bbox 1953 921 2073 976; x_wconf 69' lang='lat' dir='ltr'><strong>quae</strong></span> <span class='ocrx_word' id='word_1_69' title='bbox 2100 906 2229 975; x_wconf 77' lang='lat' dir='ltr'><strong>justi</strong></span> <span class='ocrx_word' id='word_1_70' title='bbox 2264 908 2361 961; x_wconf 70' lang='lat' dir='ltr'><strong>viri</strong></span> <span class='ocrx_word' id='word_1_71' title='bbox 2393 918 2447 961; x_wconf 86' lang='lat' dir='ltr'><strong>et</strong></span> <span class='ocrx_word' id='word_1_72' title='bbox 2477 909 2708 963; x_wconf 82' lang='lat' dir='ltr'><strong>ﬁliorum</strong></span> <span class='ocrx_word' id='word_1_73' title='bbox 2742 909 2860 978; x_wconf 82' lang='lat' dir='ltr'><strong>ejus</strong></span> <span class='ocrx_word' id='word_1_74' title='bbox 2908 910 3168 981; x_wconf 77' lang='lat' dir='ltr'><strong>sanguine</strong></span> <span class='ocrx_word' id='word_1_75' title='bbox 3200 909 3379 965; x_wconf 85' lang='lat' dir='ltr'><strong>rubet.</strong></span> <span class='ocrx_word' id='word_1_76' title='bbox 3426 908 3531 965; x_wconf 84' lang='lat' dir='ltr'><strong>Sed</strong></span> 
     </span>
    </p>
   </div>
   <div class='ocr_carea' id='block_1_12' title="bbox 1957 998 3534 1071">
    <p class='ocr_par' dir='ltr' id='par_1_12' title="bbox 1957 998 3534 1071">
     <span class='ocr_line' id='line_1_12' title="bbox 1957 998 3534 1071; baseline 0.003 -22"><span class='ocrx_word' id='word_1_77' title='bbox 1957 1006 2013 1050; x_wconf 91' lang='lat' dir='ltr'><strong>tu</strong></span> <span class='ocrx_word' id='word_1_78' title='bbox 2045 998 2288 1062; x_wconf 84' lang='lat' dir='ltr'><strong>interim,</strong></span> <span class='ocrx_word' id='word_1_79' title='bbox 2325 1000 2642 1054; x_wconf 80' lang='lat' dir='ltr'><strong>admirande</strong></span> <span class='ocrx_word' id='word_1_80' title='bbox 2673 999 2861 1064; x_wconf 87' lang='lat' dir='ltr'><strong>Pater,</strong></span> <span class='ocrx_word' id='word_1_81' title='bbox 2911 1000 3136 1063; x_wconf 85' lang='lat' dir='ltr'><strong>intende,</strong></span> <span class='ocrx_word' id='word_1_82' title='bbox 3184 1009 3233 1055; x_wconf 87' lang='lat' dir='ltr'><strong>et</strong></span> <span class='ocrx_word' id='word_1_83' title='bbox 3287 1016 3534 1071; x_wconf 74' lang='lat' dir='ltr'><strong>prospere</strong></span> 
     </span>
    </p>
   </div>
   <div class='ocr_carea' id='block_1_13' title="bbox 1955 1088 3527 1164">
    <p class='ocr_par' dir='ltr' id='par_1_13' title="bbox 1955 1088 3527 1164">
     <span class='ocr_line' id='line_1_13' title="bbox 1955 1088 3527 1164; baseline 0.004 -25"><span class='ocrx_word' id='word_1_84' title='bbox 1955 1088 2191 1157; x_wconf 84' lang='lat' dir='ltr'><strong>procede,</strong></span> <span class='ocrx_word' id='word_1_85' title='bbox 2221 1106 2284 1141; x_wconf 89' lang='lat' dir='ltr'><strong>ac</strong></span> <span class='ocrx_word' id='word_1_86' title='bbox 2320 1107 2477 1159; x_wconf 86' lang='lat' dir='ltr'><strong>regna</strong></span> <span class='ocrx_word' id='word_1_87' title='bbox 2517 1089 2701 1161; x_wconf 85' lang='lat' dir='ltr'><strong>(Psal.</strong></span> <span class='ocrx_word' id='word_1_88' title='bbox 2732 1106 2876 1155; x_wconf 67' lang='grc' dir='ltr'><strong>κων,</strong></span> <span class='ocrx_word' id='word_1_89' title='bbox 2914 1090 3010 1159; x_wconf 85' lang='grc'><strong>5),</strong></span> <span class='ocrx_word' id='word_1_90' title='bbox 3069 1100 3122 1145; x_wconf 89' lang='lat' dir='ltr'><strong>et</strong></span> <span class='ocrx_word' id='word_1_91' title='bbox 3176 1091 3232 1145; x_wconf 88' lang='lat' dir='ltr'><strong>in</strong></span> <span class='ocrx_word' id='word_1_92' title='bbox 3290 1093 3527 1164; x_wconf 76' lang='lat' dir='ltr'><strong>regalem</strong></span> 
     </span>
    </p>
   </div>
   <div class='ocr_carea' id='block_1_14' title="bbox 1954 1185 2735 1243">
    <p class='ocr_par' dir='ltr' id='par_1_14' title="bbox 1954 1185 2735 1243">
     <span class='ocr_line' id='line_1_14' title="bbox 1954 1185 2735 1243; baseline 0.001 -4"><span class='ocrx_word' id='word_1_93' title='bbox 1954 1185 2158 1239; x_wconf 78' lang='lat' dir='ltr'><strong>Christi</strong></span> <span class='ocrx_word' id='word_1_94' title='bbox 2189 1186 2370 1241; x_wconf 82' lang='lat' dir='ltr'><strong>aulam</strong></span> <span class='ocrx_word' id='word_1_95' title='bbox 2409 1188 2735 1243; x_wconf 83' lang='lat' dir='ltr'><strong>conscende.</strong></span> 
     </span>
    </p>
   </div>
   <div class='ocr_carea' id='block_1_15' title="bbox 2076 1407 2527 1416">
    <p class='ocr_par' dir='ltr' id='par_1_15' title="bbox 2076 1407 2527 1416">
     <span class='ocr_line' id='line_1_15' title="bbox 2076 1407 2527 1416; baseline 0.009 -3"><span class='ocrx_word' id='word_1_96' title='bbox 2076 1407 2527 1416; x_wconf 60' lang='lat'><strong>_———--....—-.————</strong></span> 
     </span>
    </p>
   </div>
   <div class='ocr_carea' id='block_1_16' title="bbox 2431 1406 3535 1433">
    <p class='ocr_par' dir='ltr' id='par_1_16' title="bbox 2431 1406 3535 1433">
     <span class='ocr_line' id='line_1_16' title="bbox 2431 1406 3535 1433; baseline 0.001 -2"><span class='ocrx_word' id='word_1_97' title='bbox 2431 1406 3535 1433; x_wconf 60' lang='lat' dir='ltr'><strong>m:</strong></span> 
     </span>
    </p>
   </div>
   <div class='ocr_carea' id='block_1_17' title="bbox 1015 1549 2794 1631">
    <p class='ocr_par' dir='ltr' id='par_1_17' title="bbox 1015 1549 2794 1631">
     <span class='ocr_line' id='line_1_17' title="bbox 1015 1549 2794 1631; baseline 0.002 -20"><span class='ocrx_word' id='word_1_98' title='bbox 1015 1549 1470 1611; x_wconf 84' lang='lat' dir='ltr'><strong>OPUSCULUM</strong></span> <span class='ocrx_word' id='word_1_99' title='bbox 1511 1549 1609 1610; x_wconf 89' lang='lat' dir='ltr'><strong>DE</strong></span> <span class='ocrx_word' id='word_1_100' title='bbox 1649 1550 1712 1610; x_wconf 88' lang='lat' dir='ltr'><strong>s.</strong></span> <span class='ocrx_word' id='word_1_101' title='bbox 1757 1551 2045 1610; x_wconf 60' lang='lat' dir='ltr'><strong>JHANNE</strong></span> <span class='ocrx_word' id='word_1_102' title='bbox 2089 1554 2633 1614; x_wconf 72' lang='lat' dir='ltr'><strong>(IIIRYSOSTOMO</strong></span> <span class='ocrx_word' id='word_1_103' title='bbox 2686 1550 2794 1631; x_wconf 86' lang='lat' dir='ltr'><strong>(a).</strong></span> 
     </span>
    </p>
   </div>
   <div class='ocr_carea' id='block_1_18' title="bbox 267 1746 1849 1819">
    <p class='ocr_par' dir='ltr' id='par_1_18' title="bbox 267 1746 1849 1819">
     <span class='ocr_line' id='line_1_18' title="bbox 267 1746 1849 1819; baseline 0.002 -23"><span class='ocrx_word' id='word_1_104' title='bbox 267 1756 449 1798; x_wconf 87' lang='lat' dir='ltr'><strong>noster</strong></span> <span class='ocrx_word' id='word_1_105' title='bbox 483 1746 774 1816; x_wconf 78' lang='lat' dir='ltr'><strong>simplicior</strong></span> <span class='ocrx_word' id='word_1_106' title='bbox 818 1749 984 1801; x_wconf 87' lang='lat' dir='ltr'><strong>multo</strong></span> <span class='ocrx_word' id='word_1_107' title='bbox 1032 1751 1397 1819; x_wconf 87' lang='lat' dir='ltr'><strong>astrictiorque</strong></span> <span class='ocrx_word' id='word_1_108' title='bbox 1440 1761 1533 1816; x_wconf 88' lang='lat' dir='ltr'><strong>est,</strong></span> <span class='ocrx_word' id='word_1_109' title='bbox 1568 1766 1731 1819; x_wconf 80' lang='lat' dir='ltr'><strong>neque</strong></span> <span class='ocrx_word' id='word_1_110' title='bbox 1778 1756 1849 1801; x_wconf 93' lang='lat' dir='ltr'><strong>tot</strong></span> 
     </span>
    </p>
   </div>
   <div class='ocr_carea' id='block_1_19' title="bbox 264 1838 1850 1911">
    <p class='ocr_par' dir='ltr' id='par_1_19' title="bbox 264 1838 1850 1911">
     <span class='ocr_line' id='line_1_19' title="bbox 264 1838 1850 1911; baseline 0.003 -23"><span class='ocrx_word' id='word_1_111' title='bbox 264 1838 775 1905; x_wconf 57' lang='lat' dir='ltr'><strong>reprehensionibus,</strong></span> <span class='ocrx_word' id='word_1_112' title='bbox 804 1848 926 1908; x_wconf 91' lang='lat' dir='ltr'><strong>quot</strong></span> <span class='ocrx_word' id='word_1_113' title='bbox 957 1838 1225 1911; x_wconf 82' lang='lat' dir='ltr'><strong>Georgius,</strong></span> <span class='ocrx_word' id='word_1_114' title='bbox 1260 1858 1449 1893; x_wconf 85' lang='lat' dir='ltr'><strong>ansam</strong></span> <span class='ocrx_word' id='word_1_115' title='bbox 1474 1841 1684 1910; x_wconf 65' lang='lat' dir='ltr'><strong>praebet.</strong></span> <span class='ocrx_word' id='word_1_116' title='bbox 1721 1840 1850 1893; x_wconf 81' lang='lat' dir='ltr'><strong>Pec-</strong></span> 
     </span>
    </p>
   </div>
   <div class='ocr_carea' id='block_1_20' title="bbox 266 1929 1850 1999">
    <p class='ocr_par' dir='ltr' id='par_1_20' title="bbox 266 1929 1850 1999">
     <span class='ocr_line' id='line_1_20' title="bbox 266 1929 1850 1999; baseline 0.001 -20"><span class='ocrx_word' id='word_1_117' title='bbox 266 1938 359 1980; x_wconf 84' lang='lat' dir='ltr'><strong>cat</strong></span> <span class='ocrx_word' id='word_1_118' title='bbox 390 1938 566 1981; x_wconf 87' lang='lat' dir='ltr'><strong>tamen</strong></span> <span class='ocrx_word' id='word_1_119' title='bbox 607 1930 664 1982; x_wconf 90' lang='lat' dir='ltr'><strong>in</strong></span> <span class='ocrx_word' id='word_1_120' title='bbox 696 1929 896 1999; x_wconf 85' lang='lat' dir='ltr'><strong>aliquot</strong></span> <span class='ocrx_word' id='word_1_121' title='bbox 927 1931 1283 1999; x_wconf 88' lang='lat' dir='ltr'><strong>episcoporum</strong></span> <span class='ocrx_word' id='word_1_122' title='bbox 1312 1931 1622 1987; x_wconf 85' lang='lat' dir='ltr'><strong>nominibus,</strong></span> <span class='ocrx_word' id='word_1_123' title='bbox 1667 1939 1714 1983; x_wconf 89' lang='lat' dir='ltr'><strong>et</strong></span> <span class='ocrx_word' id='word_1_124' title='bbox 1741 1930 1850 1982; x_wconf 87' lang='lat' dir='ltr'><strong>alia</strong></span> 
     </span>
    </p>
   </div>
   <div class='ocr_carea' id='block_1_21' title="bbox 264 2019 1853 2090">
    <p class='ocr_par' dir='ltr' id='par_1_21' title="bbox 264 2019 1853 2090">
     <span class='ocr_line' id='line_1_21' title="bbox 264 2019 1853 2090; baseline 0.001 -20"><span class='ocrx_word' id='word_1_125' title='bbox 264 2022 514 2087; x_wconf 73' lang='lat' dir='ltr'><strong>qua-dam</strong></span> <span class='ocrx_word' id='word_1_126' title='bbox 546 2035 735 2088; x_wconf 89' lang='lat' dir='ltr'><strong>parum</strong></span> <span class='ocrx_word' id='word_1_127' title='bbox 765 2021 1032 2073; x_wconf 81' lang='lat' dir='ltr'><strong>credibilia</strong></span> <span class='ocrx_word' id='word_1_128' title='bbox 1063 2021 1232 2076; x_wconf 86' lang='lat' dir='ltr'><strong>habet.</strong></span> <span class='ocrx_word' id='word_1_129' title='bbox 1266 2019 1367 2075; x_wconf 84' lang='lat' dir='ltr'><strong>Sed</strong></span> <span class='ocrx_word' id='word_1_130' title='bbox 1394 2037 1487 2074; x_wconf 88' lang='lat' dir='ltr'><strong>nos</strong></span> <span class='ocrx_word' id='word_1_131' title='bbox 1527 2030 1679 2090; x_wconf 84' lang='lat' dir='ltr'><strong>prout</strong></span> <span class='ocrx_word' id='word_1_132' title='bbox 1709 2020 1853 2089; x_wconf 83' lang='lat' dir='ltr'><strong>jacet</strong></span> 
     </span>
    </p>
   </div>
   <div class='ocr_carea' id='block_1_22' title="bbox 264 2110 1853 2181">
    <p class='ocr_par' dir='ltr' id='par_1_22' title="bbox 264 2110 1853 2181">
     <span class='ocr_line' id='line_1_22' title="bbox 264 2110 1853 2181; baseline 0.002 -19"><span class='ocrx_word' id='word_1_133' title='bbox 264 2110 549 2180; x_wconf 80' lang='lat' dir='ltr'><strong>rulgamus</strong></span> <span class='ocrx_word' id='word_1_134' title='bbox 574 2127 592 2175; x_wconf 90' lang='lat'><strong><em>;</em></strong></span> <span class='ocrx_word' id='word_1_135' title='bbox 619 2111 740 2164; x_wconf 83' lang='lat' dir='ltr'><strong>aliis</strong></span> <span class='ocrx_word' id='word_1_136' title='bbox 767 2121 935 2165; x_wconf 88' lang='lat' dir='ltr'><strong>artem</strong></span> <span class='ocrx_word' id='word_1_137' title='bbox 976 2114 1214 2166; x_wconf 81' lang='lat' dir='ltr'><strong>criticum</strong></span> <span class='ocrx_word' id='word_1_138' title='bbox 1254 2115 1592 2167; x_wconf 75' lang='lat' dir='ltr'><strong>exercendam</strong></span> <span class='ocrx_word' id='word_1_139' title='bbox 1634 2113 1853 2181; x_wconf 82' lang='lat' dir='ltr'><strong>permit-</strong></span> 
     </span>
    </p>
   </div>
   <div class='ocr_carea' id='block_1_23' title="bbox 266 2200 1854 2273">
    <p class='ocr_par' dir='ltr' id='par_1_23' title="bbox 266 2200 1854 2273">
     <span class='ocr_line' id='line_1_23' title="bbox 266 2200 1854 2273; baseline 0.003 -22"><span class='ocrx_word' id='word_1_140' title='bbox 266 2201 455 2254; x_wconf 81' lang='lat' dir='ltr'><strong>timus.</strong></span> <span class='ocrx_word' id='word_1_141' title='bbox 491 2200 594 2255; x_wconf 81' lang='lat' dir='ltr'><strong>Sed</strong></span> <span class='ocrx_word' id='word_1_142' title='bbox 623 2211 672 2255; x_wconf 91' lang='lat' dir='ltr'><strong>et</strong></span> <span class='ocrx_word' id='word_1_143' title='bbox 696 2202 807 2255; x_wconf 88' lang='lat' dir='ltr'><strong>alia</strong></span> <span class='ocrx_word' id='word_1_144' title='bbox 837 2203 1056 2255; x_wconf 79' lang='lat' dir='ltr'><strong>dicenda</strong></span> <span class='ocrx_word' id='word_1_145' title='bbox 1086 2215 1318 2273; x_wconf 83' lang='lat' dir='ltr'><strong>superest</strong></span> <span class='ocrx_word' id='word_1_146' title='bbox 1349 2206 1529 2272; x_wconf 82' lang='lat' dir='ltr'><strong>scripti</strong></span> <span class='ocrx_word' id='word_1_147' title='bbox 1559 2205 1715 2273; x_wconf 80' lang='lat' dir='ltr'><strong>hujus</strong></span> <span class='ocrx_word' id='word_1_148' title='bbox 1748 2204 1854 2256; x_wconf 90' lang='lat' dir='ltr'><strong>uti-</strong></span> 
     </span>
    </p>
   </div>
   <div class='ocr_carea' id='block_1_24' title="bbox 267 2292 1855 2363">
    <p class='ocr_par' dir='ltr' id='par_1_24' title="bbox 267 2292 1855 2363">
     <span class='ocr_line' id='line_1_24' title="bbox 267 2292 1855 2363; baseline 0.003 -21"><span class='ocrx_word' id='word_1_149' title='bbox 267 2292 417 2355; x_wconf 85' lang='lat' dir='ltr'><strong>litas,</strong></span> <span class='ocrx_word' id='word_1_150' title='bbox 447 2309 627 2361; x_wconf 82' lang='lat' dir='ltr'><strong>nempe</strong></span> <span class='ocrx_word' id='word_1_151' title='bbox 670 2303 725 2345; x_wconf 90' lang='lat' dir='ltr'><strong>ut</strong></span> <span class='ocrx_word' id='word_1_152' title='bbox 756 2293 952 2363; x_wconf 77' lang='lat' dir='ltr'><strong>iniqua:</strong></span> <span class='ocrx_word' id='word_1_153' title='bbox 974 2292 1120 2347; x_wconf 88' lang='lat' dir='ltr'><strong>illius</strong></span> <span class='ocrx_word' id='word_1_154' title='bbox 1154 2295 1224 2346; x_wconf 86' lang='lat' dir='ltr'><strong>ad</strong></span> <span class='ocrx_word' id='word_1_155' title='bbox 1261 2292 1521 2358; x_wconf 86' lang='lat' dir='ltr'><strong>Quercum</strong></span> <span class='ocrx_word' id='word_1_156' title='bbox 1552 2294 1855 2360; x_wconf 76' lang='lat' dir='ltr'><strong>(Chalcedo-</strong></span> 
     </span>
    </p>
   </div>
   <div class='ocr_carea' id='block_1_25' title="bbox 267 2382 1857 2453">
    <p class='ocr_par' dir='ltr' id='par_1_25' title="bbox 267 2382 1857 2453">
     <span class='ocr_line' id='line_1_25' title="bbox 267 2382 1857 2453; baseline 0.003 -21"><span class='ocrx_word' id='word_1_157' title='bbox 267 2383 360 2433; x_wconf 91' lang='lat' dir='ltr'><strong>nis</strong></span> <span class='ocrx_word' id='word_1_158' title='bbox 381 2382 706 2451; x_wconf 70' lang='lat' dir='ltr'><strong>suburbium)</strong></span> <span class='ocrx_word' id='word_1_159' title='bbox 735 2384 940 2453; x_wconf 82' lang='lat' dir='ltr'><strong>synodi,</strong></span> <span class='ocrx_word' id='word_1_160' title='bbox 979 2400 1120 2437; x_wconf 88' lang='lat' dir='ltr'><strong>anno</strong></span> <span class='ocrx_word' id='word_1_161' title='bbox 1147 2383 1253 2439; x_wconf 74' lang='grc'><strong>405</strong></span> <span class='ocrx_word' id='word_1_162' title='bbox 1275 2385 1523 2437; x_wconf 83' lang='lat' dir='ltr'><strong>adversus</strong></span> <span class='ocrx_word' id='word_1_163' title='bbox 1551 2383 1857 2453; x_wconf 85' lang='lat' dir='ltr'><strong>Chrysosto-</strong></span> 
     </span>
    </p>
   </div>
   <div class='ocr_carea' id='block_1_26' title="bbox 270 2471 1859 2540">
    <p class='ocr_par' dir='ltr' id='par_1_26' title="bbox 270 2471 1859 2540">
     <span class='ocr_line' id='line_1_26' title="bbox 270 2471 1859 2540; baseline 0.004 -18"><span class='ocrx_word' id='word_1_164' title='bbox 270 2488 420 2523; x_wconf 86' lang='lat' dir='ltr'><strong>mum</strong></span> <span class='ocrx_word' id='word_1_165' title='bbox 454 2471 665 2535; x_wconf 70' lang='lat' dir='ltr'><strong>habita,</strong></span> <span class='ocrx_word' id='word_1_166' title='bbox 692 2472 939 2528; x_wconf 89' lang='lat' dir='ltr'><strong>Theodori</strong></span> <span class='ocrx_word' id='word_1_167' title='bbox 983 2476 1149 2529; x_wconf 86' lang='lat' dir='ltr'><strong>nostri</strong></span> <span class='ocrx_word' id='word_1_168' title='bbox 1205 2476 1468 2540; x_wconf 83' lang='lat' dir='ltr'><strong>narratio,</strong></span> <span class='ocrx_word' id='word_1_169' title='bbox 1503 2476 1560 2529; x_wconf 91' lang='lat' dir='ltr'><strong>in</strong></span> <span class='ocrx_word' id='word_1_170' title='bbox 1587 2475 1859 2529; x_wconf 79' lang='lat' dir='ltr'><strong>Concilio-</strong></span> 
     </span>
    </p>
   </div>
   <div class='ocr_carea' id='block_1_27' title="bbox 269 2560 1857 2635">
    <p class='ocr_par' dir='ltr' id='par_1_27' title="bbox 269 2560 1857 2635">
     <span class='ocr_line' id='line_1_27' title="bbox 269 2560 1857 2635; baseline 0.001 -18"><span class='ocrx_word' id='word_1_171' title='bbox 269 2578 397 2617; x_wconf 85' lang='lat' dir='ltr'><strong>rum</strong></span> <span class='ocrx_word' id='word_1_172' title='bbox 429 2560 759 2618; x_wconf 85' lang='lat' dir='ltr'><strong>Collectione</strong></span> <span class='ocrx_word' id='word_1_173' title='bbox 794 2565 897 2632; x_wconf 90' lang='lat' dir='ltr'><strong>(ed.</strong></span> <span class='ocrx_word' id='word_1_174' title='bbox 941 2566 1168 2621; x_wconf 80' lang='lat' dir='ltr'><strong>Floreat.</strong></span> <span class='ocrx_word' id='word_1_175' title='bbox 1200 2567 1375 2621; x_wconf 77' lang='lat' dir='ltr'><strong>Zattte</strong></span> <span class='ocrx_word' id='word_1_176' title='bbox 1410 2577 1449 2621; x_wconf 91' lang='lat' dir='ltr'><strong>t.</strong></span> <span class='ocrx_word' id='word_1_177' title='bbox 1473 2567 1579 2635; x_wconf 86' lang='lat' dir='ltr'><strong>III)</strong></span> <span class='ocrx_word' id='word_1_178' title='bbox 1606 2577 1857 2635; x_wconf 85' lang='lat' dir='ltr'><strong>ponatur,</strong></span> 
     </span>
    </p>
   </div>
   <div class='ocr_carea' id='block_1_28' title="bbox 268 2654 1861 2724">
    <p class='ocr_par' dir='ltr' id='par_1_28' title="bbox 268 2654 1861 2724">
     <span class='ocr_line' id='line_1_28' title="bbox 268 2654 1861 2724; baseline 0.005 -19"><span class='ocrx_word' id='word_1_179' title='bbox 268 2655 365 2707; x_wconf 83' lang='lat' dir='ltr'><strong>ubi</strong></span> <span class='ocrx_word' id='word_1_180' title='bbox 405 2654 656 2707; x_wconf 75' lang='lat' dir='ltr'><strong>hactenus</strong></span> <span class='ocrx_word' id='word_1_181' title='bbox 707 2656 914 2709; x_wconf 86' lang='lat' dir='ltr'><strong>nonnisi</strong></span> <span class='ocrx_word' id='word_1_182' title='bbox 945 2674 1007 2709; x_wconf 78' lang='lat' dir='ltr'><strong>ex</strong></span> <span class='ocrx_word' id='word_1_183' title='bbox 1043 2658 1249 2723; x_wconf 85' lang='lat' dir='ltr'><strong>Photio,</strong></span> <span class='ocrx_word' id='word_1_184' title='bbox 1294 2669 1342 2712; x_wconf 88' lang='lat' dir='ltr'><strong>et</strong></span> <span class='ocrx_word' id='word_1_185' title='bbox 1385 2659 1653 2724; x_wconf 87' lang='lat' dir='ltr'><strong>Palladio,</strong></span> <span class='ocrx_word' id='word_1_186' title='bbox 1698 2676 1763 2713; x_wconf 89' lang='lat' dir='ltr'><strong>ac</strong></span> <span class='ocrx_word' id='word_1_187' title='bbox 1803 2660 1861 2713; x_wconf 86' lang='lat' dir='ltr'><strong>li-</strong></span> 
     </span>
    </p>
   </div>
   <div class='ocr_carea' id='block_1_29' title="bbox 268 2744 1238 2818">
    <p class='ocr_par' dir='ltr' id='par_1_29' title="bbox 268 2744 1238 2818">
     <span class='ocr_line' id='line_1_29' title="bbox 268 2744 1238 2818; baseline 0.004 -22"><span class='ocrx_word' id='word_1_188' title='bbox 268 2744 410 2797; x_wconf 81' lang='lat' dir='ltr'><strong>bello</strong></span> <span class='ocrx_word' id='word_1_189' title='bbox 438 2746 684 2813; x_wconf 89' lang='lat' dir='ltr'><strong>synodico</strong></span> <span class='ocrx_word' id='word_1_190' title='bbox 728 2756 877 2799; x_wconf 87' lang='lat' dir='ltr'><strong>actus</strong></span> <span class='ocrx_word' id='word_1_191' title='bbox 916 2746 1238 2818; x_wconf 81' lang='lat' dir='ltr'><strong>legebantur.</strong></span> 
     </span>
    </p>
   </div>
   <div class='ocr_carea' id='block_1_30' title="bbox 348 2835 1862 2909">
    <p class='ocr_par' dir='ltr' id='par_1_30' title="bbox 348 2835 1862 2909">
     <span class='ocr_line' id='line_1_30' title="bbox 348 2835 1862 2909; baseline 0.002 -20"><span class='ocrx_word' id='word_1_192' title='bbox 348 2835 625 2889; x_wconf 83' lang='lat' dir='ltr'><strong>Postremo</strong></span> <span class='ocrx_word' id='word_1_193' title='bbox 668 2836 798 2889; x_wconf 88' lang='lat' dir='ltr'><strong>mihi</strong></span> <span class='ocrx_word' id='word_1_194' title='bbox 825 2838 988 2906; x_wconf 87' lang='lat' dir='ltr'><strong>paulo</strong></span> <span class='ocrx_word' id='word_1_195' title='bbox 1016 2838 1328 2909; x_wconf 66' lang='lat' dir='ltr'><strong>explicatius</strong></span> <span class='ocrx_word' id='word_1_196' title='bbox 1356 2841 1629 2893; x_wconf 85' lang='lat' dir='ltr'><strong>dicendum</strong></span> <span class='ocrx_word' id='word_1_197' title='bbox 1659 2842 1862 2894; x_wconf 75' lang='lat' dir='ltr'><strong>videtur</strong></span> 
     </span>
    </p>
   </div>
   <div class='ocr_carea' id='block_1_31' title="bbox 271 2926 1863 2998">
    <p class='ocr_par' dir='ltr' id='par_1_31' title="bbox 271 2926 1863 2998">
     <span class='ocr_line' id='line_1_31' title="bbox 271 2926 1863 2998; baseline 0.004 -19"><span class='ocrx_word' id='word_1_198' title='bbox 271 2927 343 2979; x_wconf 87' lang='lat' dir='ltr'><strong>de</strong></span> <span class='ocrx_word' id='word_1_199' title='bbox 361 2926 545 2994; x_wconf 86' lang='lat' dir='ltr'><strong>priscis</strong></span> <span class='ocrx_word' id='word_1_200' title='bbox 568 2926 675 2980; x_wconf 86' lang='lat' dir='ltr'><strong>illis</strong></span> <span class='ocrx_word' id='word_1_201' title='bbox 702 2928 954 2997; x_wconf 86' lang='lat' dir='ltr'><strong>epistolis,</strong></span> <span class='ocrx_word' id='word_1_202' title='bbox 978 2946 1110 2998; x_wconf 89' lang='lat' dir='ltr'><strong>quas</strong></span> <span class='ocrx_word' id='word_1_203' title='bbox 1134 2932 1207 2985; x_wconf 88' lang='lat' dir='ltr'><strong>ad</strong></span> <span class='ocrx_word' id='word_1_204' title='bbox 1234 2932 1445 2985; x_wconf 84' lang='lat' dir='ltr'><strong>verbum</strong></span> <span class='ocrx_word' id='word_1_205' title='bbox 1484 2933 1668 2985; x_wconf 87' lang='lat' dir='ltr'><strong>recitat</strong></span> <span class='ocrx_word' id='word_1_206' title='bbox 1701 2932 1863 2986; x_wconf 84' lang='lat' dir='ltr'><strong>Theo-</strong></span> 
     </span>
    </p>
   </div>
   <div class='ocr_carea' id='block_1_32' title="bbox 271 3018 1868 3088">
    <p class='ocr_par' dir='ltr' id='par_1_32' title="bbox 271 3018 1868 3088">
     <span class='ocr_line' id='line_1_32' title="bbox 271 3018 1868 3088; baseline 0.004 -17"><span class='ocrx_word' id='word_1_207' title='bbox 271 3019 460 3082; x_wconf 87' lang='lat' dir='ltr'><strong>dorus,</strong></span> <span class='ocrx_word' id='word_1_208' title='bbox 496 3018 847 3088; x_wconf 74' lang='lat' dir='ltr'><strong>Augustorum</strong></span> <span class='ocrx_word' id='word_1_209' title='bbox 876 3022 1073 3076; x_wconf 86' lang='lat' dir='ltr'><strong>scilicet</strong></span> <span class='ocrx_word' id='word_1_210' title='bbox 1098 3020 1315 3076; x_wconf 81' lang='lat' dir='ltr'><strong>Arcadii</strong></span> <span class='ocrx_word' id='word_1_211' title='bbox 1342 3031 1391 3077; x_wconf 90' lang='lat' dir='ltr'><strong>et</strong></span> <span class='ocrx_word' id='word_1_212' title='bbox 1428 3023 1671 3088; x_wconf 81' lang='lat' dir='ltr'><strong>Honorii,</strong></span> <span class='ocrx_word' id='word_1_213' title='bbox 1703 3024 1868 3077; x_wconf 82' lang='lat' dir='ltr'><strong>Inno-</strong></span> 
     </span>
    </p>
   </div>
   <div class='ocr_carea' id='block_1_33' title="bbox 274 3109 1868 3182">
    <p class='ocr_par' dir='ltr' id='par_1_33' title="bbox 274 3109 1868 3182">
     <span class='ocr_line' id='line_1_33' title="bbox 274 3109 1868 3182; baseline 0.004 -22"><span class='ocrx_word' id='word_1_214' title='bbox 274 3110 439 3162; x_wconf 87' lang='lat' dir='ltr'><strong>centii</strong></span> <span class='ocrx_word' id='word_1_215' title='bbox 486 3125 660 3178; x_wconf 68' lang='lat' dir='ltr'><strong>papae,</strong></span> <span class='ocrx_word' id='word_1_216' title='bbox 694 3109 977 3179; x_wconf 82' lang='lat' dir='ltr'><strong>Theophili,</strong></span> <span class='ocrx_word' id='word_1_217' title='bbox 1008 3113 1191 3182; x_wconf 84' lang='lat' dir='ltr'><strong>synodi</strong></span> <span class='ocrx_word' id='word_1_218' title='bbox 1218 3111 1492 3178; x_wconf 73' lang='lat' dir='ltr'><strong>Romam,</strong></span> <span class='ocrx_word' id='word_1_219' title='bbox 1529 3130 1649 3167; x_wconf 90' lang='lat' dir='ltr'><strong>cum</strong></span> <span class='ocrx_word' id='word_1_220' title='bbox 1695 3114 1868 3167; x_wconf 88' lang='lat' dir='ltr'><strong>mino-</strong></span> 
     </span>
    </p>
   </div>
   <div class='ocr_carea' id='block_1_34' title="bbox 275 3200 1869 3274">
    <p class='ocr_par' dir='ltr' id='par_1_34' title="bbox 275 3200 1869 3274">
     <span class='ocr_line' id='line_1_34' title="bbox 275 3200 1869 3274; baseline 0.004 -22"><span class='ocrx_word' id='word_1_221' title='bbox 275 3200 428 3253; x_wconf 79' lang='lat' dir='ltr'><strong>ribus</strong></span> <span class='ocrx_word' id='word_1_222' title='bbox 457 3200 598 3255; x_wconf 88' lang='lat' dir='ltr'><strong>aliis.</strong></span> <span class='ocrx_word' id='word_1_223' title='bbox 638 3200 735 3256; x_wconf 72' lang='lat' dir='ltr'><strong>Hie</strong></span> <span class='ocrx_word' id='word_1_224' title='bbox 784 3203 1013 3271; x_wconf 84' lang='lat' dir='ltr'><strong>quidem,</strong></span> <span class='ocrx_word' id='word_1_225' title='bbox 1058 3206 1255 3272; x_wconf 89' lang='lat' dir='ltr'><strong>partim</strong></span> <span class='ocrx_word' id='word_1_226' title='bbox 1281 3205 1488 3270; x_wconf 88' lang='lat' dir='ltr'><strong>saltem,</strong></span> <span class='ocrx_word' id='word_1_227' title='bbox 1535 3206 1681 3274; x_wconf 87' lang='lat' dir='ltr'><strong>apud</strong></span> <span class='ocrx_word' id='word_1_228' title='bbox 1733 3205 1869 3259; x_wconf 89' lang='lat' dir='ltr'><strong>alios</strong></span> 
     </span>
    </p>
   </div>
   <div class='ocr_carea' id='block_1_35' title="bbox 278 3292 1866 3365">
    <p class='ocr_par' dir='ltr' id='par_1_35' title="bbox 278 3292 1866 3365">
     <span class='ocr_line' id='line_1_35' title="bbox 278 3292 1866 3365; baseline 0.004 -22"><span class='ocrx_word' id='word_1_229' title='bbox 278 3307 489 3360; x_wconf 84' lang='lat' dir='ltr'><strong>quoque</strong></span> <span class='ocrx_word' id='word_1_230' title='bbox 537 3292 848 3362; x_wconf 88' lang='lat' dir='ltr'><strong>biographos</strong></span> <span class='ocrx_word' id='word_1_231' title='bbox 884 3304 1205 3359; x_wconf 85' lang='lat' dir='ltr'><strong>occurrunt;</strong></span> <span class='ocrx_word' id='word_1_232' title='bbox 1253 3305 1481 3365; x_wconf 83' lang='lat' dir='ltr'><strong>quatuor</strong></span> <span class='ocrx_word' id='word_1_233' title='bbox 1508 3306 1684 3349; x_wconf 87' lang='lat' dir='ltr'><strong>autem</strong></span> <span class='ocrx_word' id='word_1_234' title='bbox 1735 3296 1866 3348; x_wconf 88' lang='lat' dir='ltr'><strong>reci-</strong></span> 
     </span>
    </p>
   </div>
   <div class='ocr_carea' id='block_1_36' title="bbox 280 3382 1863 3457">
    <p class='ocr_par' dir='ltr' id='par_1_36' title="bbox 280 3382 1863 3457">
     <span class='ocr_line' id='line_1_36' title="bbox 280 3382 1863 3457; baseline 0.001 -19"><span class='ocrx_word' id='word_1_235' title='bbox 280 3394 472 3438; x_wconf 83' lang='lat' dir='ltr'><strong>tantur</strong></span> <span class='ocrx_word' id='word_1_236' title='bbox 503 3402 535 3437; x_wconf 87' lang='lat' dir='ltr'><strong>a</strong></span> <span class='ocrx_word' id='word_1_237' title='bbox 561 3382 869 3439; x_wconf 87' lang='lat' dir='ltr'><strong>Constantio</strong></span> <span class='ocrx_word' id='word_1_238' title='bbox 918 3386 974 3438; x_wconf 89' lang='lat' dir='ltr'><strong>in</strong></span> <span class='ocrx_word' id='word_1_239' title='bbox 1011 3386 1112 3456; x_wconf 83' lang='lat' dir='ltr'><strong>Ep.</strong></span> <span class='ocrx_word' id='word_1_240' title='bbox 1152 3386 1347 3456; x_wconf 76' lang='lat' dir='ltr'><strong>pontii.</strong></span> <span class='ocrx_word' id='word_1_241' title='bbox 1384 3388 1510 3441; x_wconf 87' lang='lat' dir='ltr'><strong>tomi</strong></span> <span class='ocrx_word' id='word_1_242' title='bbox 1546 3387 1863 3457; x_wconf 86' lang='lat' dir='ltr'><strong>appendice,</strong></span> 
     </span>
    </p>
   </div>
   <div class='ocr_carea' id='block_1_37' title="bbox 278 3476 1877 3547">
    <p class='ocr_par' dir='ltr' id='par_1_37' title="bbox 278 3476 1877 3547">
     <span class='ocr_line' id='line_1_37' title="bbox 278 3476 1877 3547; baseline 0.001 -17"><span class='ocrx_word' id='word_1_243' title='bbox 278 3486 592 3544; x_wconf 61' lang='lat' dir='ltr'><strong>sumptam</strong></span> <span class='ocrx_word' id='word_1_244' title='bbox 619 3476 801 3546; x_wconf 84' lang='lat' dir='ltr'><strong>Glyca,</strong></span> <span class='ocrx_word' id='word_1_245' title='bbox 825 3476 1119 3547; x_wconf 74' lang='lat' dir='ltr'><strong>Nicephora</strong></span> <span class='ocrx_word' id='word_1_246' title='bbox 1157 3478 1371 3539; x_wconf 68' lang='lat' dir='ltr'><strong>Calixti,</strong></span> <span class='ocrx_word' id='word_1_247' title='bbox 1412 3489 1461 3533; x_wconf 91' lang='lat' dir='ltr'><strong>et</strong></span> <span class='ocrx_word' id='word_1_248' title='bbox 1495 3478 1746 3543; x_wconf 88' lang='lat' dir='ltr'><strong>Baronio,</strong></span> <span class='ocrx_word' id='word_1_249' title='bbox 1780 3479 1877 3539; x_wconf 69' lang='lat' dir='ltr'><strong>sed,</strong></span> 
     </span>
    </p>
   </div>
   <div class='ocr_carea' id='block_1_38' title="bbox 281 3568 1872 3638">
    <p class='ocr_par' dir='ltr' id='par_1_38' title="bbox 281 3568 1872 3638">
     <span class='ocr_line' id='line_1_38' title="bbox 281 3568 1872 3638; baseline 0.001 -17"><span class='ocrx_word' id='word_1_250' title='bbox 281 3568 481 3638; x_wconf 77' lang='lat' dir='ltr'><strong>ubique</strong></span> <span class='ocrx_word' id='word_1_251' title='bbox 513 3585 630 3621; x_wconf 89' lang='lat' dir='ltr'><strong>cum</strong></span> <span class='ocrx_word' id='word_1_252' title='bbox 664 3568 908 3637; x_wconf 87' lang='lat' dir='ltr'><strong>plurimis</strong></span> <span class='ocrx_word' id='word_1_253' title='bbox 937 3571 1303 3625; x_wconf 83' lang='lat' dir='ltr'><strong>varietatibus.</strong></span> <span class='ocrx_word' id='word_1_254' title='bbox 1338 3571 1493 3625; x_wconf 86' lang='lat' dir='ltr'><strong>Totus</strong></span> <span class='ocrx_word' id='word_1_255' title='bbox 1521 3581 1701 3625; x_wconf 90' lang='lat' dir='ltr'><strong>autem</strong></span> <span class='ocrx_word' id='word_1_256' title='bbox 1729 3572 1783 3624; x_wconf 88' lang='lat' dir='ltr'><strong>in</strong></span> <span class='ocrx_word' id='word_1_257' title='bbox 1812 3587 1872 3624; x_wconf 91' lang='lat' dir='ltr'><strong>eo</strong></span> 
     </span>
    </p>
   </div>
   <div class='ocr_carea' id='block_1_39' title="bbox 281 3658 1872 3730">
    <p class='ocr_par' dir='ltr' id='par_1_39' title="bbox 281 3658 1872 3730">
     <span class='ocr_line' id='line_1_39' title="bbox 281 3658 1872 3730; baseline 0 -17"><span class='ocrx_word' id='word_1_258' title='bbox 281 3658 629 3714; x_wconf 79' lang='lat' dir='ltr'><strong>Constantius</strong></span> <span class='ocrx_word' id='word_1_259' title='bbox 662 3668 735 3712; x_wconf 86' lang='lat' dir='ltr'><strong>est</strong></span> <span class='ocrx_word' id='word_1_260' title='bbox 772 3698 787 3722; x_wconf 95' lang='lat'><strong>,</strong></span> <span class='ocrx_word' id='word_1_261' title='bbox 820 3668 876 3712; x_wconf 88' lang='lat' dir='ltr'><strong>ut</strong></span> <span class='ocrx_word' id='word_1_262' title='bbox 923 3660 1018 3714; x_wconf 88' lang='lat' dir='ltr'><strong>has</strong></span> <span class='ocrx_word' id='word_1_263' title='bbox 1067 3662 1279 3730; x_wconf 86' lang='lat' dir='ltr'><strong>spurius</strong></span> <span class='ocrx_word' id='word_1_264' title='bbox 1326 3662 1489 3726; x_wconf 86' lang='lat' dir='ltr'><strong>dicat,</strong></span> <span class='ocrx_word' id='word_1_265' title='bbox 1527 3663 1660 3715; x_wconf 89' lang='lat' dir='ltr'><strong>sicut</strong></span> <span class='ocrx_word' id='word_1_266' title='bbox 1709 3662 1872 3715; x_wconf 88' lang='lat' dir='ltr'><strong>etiam</strong></span> 
     </span>
    </p>
   </div>
   <div class='ocr_carea' id='block_1_40' title="bbox 282 3744 1872 3817">
    <p class='ocr_par' dir='ltr' id='par_1_40' title="bbox 282 3744 1872 3817">
     <span class='ocr_line' id='line_1_40' title="bbox 282 3744 1872 3817; baseline -0.001 -15"><span class='ocrx_word' id='word_1_267' title='bbox 282 3748 563 3802; x_wconf 71' lang='lat' dir='ltr'><strong>existimat</strong></span> <span class='ocrx_word' id='word_1_268' title='bbox 605 3744 804 3817; x_wconf 87' lang='lat' dir='ltr'><strong>Pagius</strong></span> <span class='ocrx_word' id='word_1_269' title='bbox 850 3748 993 3816; x_wconf 89' lang='lat' dir='ltr'><strong>apud</strong></span> <span class='ocrx_word' id='word_1_270' title='bbox 1025 3746 1338 3803; x_wconf 88' lang='lat' dir='ltr'><strong>Baronium.</strong></span> <span class='ocrx_word' id='word_1_271' title='bbox 1377 3749 1649 3805; x_wconf 85' lang='lat' dir='ltr'><strong>Concludit</strong></span> <span class='ocrx_word' id='word_1_272' title='bbox 1695 3758 1872 3802; x_wconf 88' lang='lat' dir='ltr'><strong>tamen</strong></span> 
     </span>
    </p>
   </div>
   <div class='ocr_carea' id='block_1_41' title="bbox 284 3836 1873 3909">
    <p class='ocr_par' dir='ltr' id='par_1_41' title="bbox 284 3836 1873 3909">
     <span class='ocr_line' id='line_1_41' title="bbox 284 3836 1873 3909; baseline 0 -18"><span class='ocrx_word' id='word_1_273' title='bbox 284 3836 638 3891; x_wconf 76' lang='lat' dir='ltr'><strong>Constantius</strong></span> <span class='ocrx_word' id='word_1_274' title='bbox 663 3847 865 3891; x_wconf 89' lang='lat' dir='ltr'><strong>tantam</strong></span> <span class='ocrx_word' id='word_1_275' title='bbox 893 3854 981 3892; x_wconf 86' lang='lat' dir='ltr'><strong>eas</strong></span> <span class='ocrx_word' id='word_1_276' title='bbox 1010 3856 1194 3907; x_wconf 88' lang='lat' dir='ltr'><strong>sapere</strong></span> <span class='ocrx_word' id='word_1_277' title='bbox 1214 3840 1606 3909; x_wconf 84' lang='lat' dir='ltr'><strong>antiquitatem,</strong></span> <span class='ocrx_word' id='word_1_278' title='bbox 1635 3848 1690 3891; x_wconf 89' lang='lat' dir='ltr'><strong>ut</strong></span> <span class='ocrx_word' id='word_1_279' title='bbox 1728 3839 1873 3892; x_wconf 84' lang='lat' dir='ltr'><strong>haud</strong></span> 
     </span>
    </p>
   </div>
   <div class='ocr_carea' id='block_1_42' title="bbox 281 3928 1873 4000">
    <p class='ocr_par' dir='ltr' id='par_1_42' title="bbox 281 3928 1873 4000">
     <span class='ocr_line' id='line_1_42' title="bbox 281 3928 1873 4000; baseline 0.001 -19"><span class='ocrx_word' id='word_1_280' title='bbox 281 3928 459 3981; x_wconf 84' lang='lat' dir='ltr'><strong>serius</strong></span> <span class='ocrx_word' id='word_1_281' title='bbox 482 3929 705 3997; x_wconf 80' lang='lat' dir='ltr'><strong>fortasse</strong></span> <span class='ocrx_word' id='word_1_282' title='bbox 734 3930 922 3984; x_wconf 79' lang='lat' dir='ltr'><strong>steculo</strong></span> <span class='ocrx_word' id='word_1_283' title='bbox 956 3940 1098 3984; x_wconf 71' lang='lat' dir='ltr'><strong>sexto</strong></span> <span class='ocrx_word' id='word_1_284' title='bbox 1143 3932 1351 4000; x_wconf 82' lang='lat' dir='ltr'><strong>scripta:</strong></span> <span class='ocrx_word' id='word_1_285' title='bbox 1396 3932 1688 3984; x_wconf 82' lang='lat' dir='ltr'><strong>videantur.</strong></span> <span class='ocrx_word' id='word_1_286' title='bbox 1725 3930 1873 3984; x_wconf 77' lang='lat' dir='ltr'><strong>Mitto</strong></span> 
     </span>
    </p>
   </div>
   <div class='ocr_carea' id='block_1_43' title="bbox 284 4020 1875 4094">
    <p class='ocr_par' dir='ltr' id='par_1_43' title="bbox 284 4020 1875 4094">
     <span class='ocr_line' id='line_1_43' title="bbox 284 4020 1875 4094; baseline 0.003 -21"><span class='ocrx_word' id='word_1_287' title='bbox 284 4035 387 4089; x_wconf 84' lang='lat' dir='ltr'><strong>ego</strong></span> <span class='ocrx_word' id='word_1_288' title='bbox 429 4028 489 4072; x_wconf 79' lang='grc' dir='ltr'><strong>ει·</strong></span> <span class='ocrx_word' id='word_1_289' title='bbox 519 4037 755 4074; x_wconf 87' lang='lat' dir='ltr'><strong>revereor</strong></span> <span class='ocrx_word' id='word_1_290' title='bbox 782 4020 1075 4075; x_wconf 86' lang='lat' dir='ltr'><strong>Constantii</strong></span> <span class='ocrx_word' id='word_1_291' title='bbox 1117 4031 1432 4094; x_wconf 87' lang='lat' dir='ltr'><strong>argumenta</strong></span> <span class='ocrx_word' id='word_1_292' title='bbox 1476 4024 1728 4077; x_wconf 86' lang='lat' dir='ltr'><strong>adversus</strong></span> <span class='ocrx_word' id='word_1_293' title='bbox 1779 4023 1875 4077; x_wconf 85' lang='lat' dir='ltr'><strong>has</strong></span> 
     </span>
    </p>
   </div>
   <div class='ocr_carea' id='block_1_44' title="bbox 287 4111 1875 4184">
    <p class='ocr_par' dir='ltr' id='par_1_44' title="bbox 287 4111 1875 4184">
     <span class='ocr_line' id='line_1_44' title="bbox 287 4111 1875 4184; baseline 0.002 -21"><span class='ocrx_word' id='word_1_294' title='bbox 287 4111 537 4177; x_wconf 83' lang='lat' dir='ltr'><strong>litteras;</strong></span> <span class='ocrx_word' id='word_1_295' title='bbox 567 4115 658 4168; x_wconf 89' lang='lat' dir='ltr'><strong>sed</strong></span> <span class='ocrx_word' id='word_1_296' title='bbox 688 4124 864 4167; x_wconf 88' lang='lat' dir='ltr'><strong>tamen</strong></span> <span class='ocrx_word' id='word_1_297' title='bbox 892 4113 1025 4167; x_wconf 87' lang='lat' dir='ltr'><strong>illud</strong></span> <span class='ocrx_word' id='word_1_298' title='bbox 1052 4131 1131 4167; x_wconf 83' lang='lat' dir='ltr'><strong>me</strong></span> <span class='ocrx_word' id='word_1_299' title='bbox 1160 4131 1352 4184; x_wconf 87' lang='lat' dir='ltr'><strong>parum</strong></span> <span class='ocrx_word' id='word_1_300' title='bbox 1382 4123 1569 4179; x_wconf 81' lang='lat' dir='ltr'><strong>movet,</strong></span> <span class='ocrx_word' id='word_1_301' title='bbox 1598 4115 1735 4184; x_wconf 84' lang='lat' dir='ltr'><strong>quod</strong></span> <span class='ocrx_word' id='word_1_302' title='bbox 1759 4130 1875 4167; x_wconf 87' lang='lat' dir='ltr'><strong>cmn</strong></span> 
     </span>
    </p>
   </div>
   <div class='ocr_carea' id='block_1_45' title="bbox 292 4200 1869 4275">
    <p class='ocr_par' dir='ltr' id='par_1_45' title="bbox 292 4200 1869 4275">
     <span class='ocr_line' id='line_1_45' title="bbox 292 4200 1869 4275; baseline 0.001 -21"><span class='ocrx_word' id='word_1_303' title='bbox 292 4218 354 4255; x_wconf 83' lang='lat' dir='ltr'><strong>eo</strong></span> <span class='ocrx_word' id='word_1_304' title='bbox 384 4200 483 4254; x_wconf 88' lang='lat' dir='ltr'><strong>alii</strong></span> <span class='ocrx_word' id='word_1_305' title='bbox 505 4205 696 4269; x_wconf 88' lang='lat' dir='ltr'><strong>critici,</strong></span> <span class='ocrx_word' id='word_1_306' title='bbox 720 4221 845 4275; x_wconf 87' lang='lat' dir='ltr'><strong>quos</strong></span> <span class='ocrx_word' id='word_1_307' title='bbox 870 4206 1005 4259; x_wconf 87' lang='lat' dir='ltr'><strong>inter</strong></span> <span class='ocrx_word' id='word_1_308' title='bbox 1030 4205 1385 4259; x_wconf 85' lang='lat' dir='ltr'><strong>Tillemontius</strong></span> <span class='ocrx_word' id='word_1_309' title='bbox 1415 4205 1553 4259; x_wconf 85' lang='lat' dir='ltr'><strong>llist.</strong></span> <span class='ocrx_word' id='word_1_310' title='bbox 1577 4205 1707 4259; x_wconf 91' lang='lat' dir='ltr'><strong>eccl.</strong></span> <span class='ocrx_word' id='word_1_311' title='bbox 1735 4214 1773 4259; x_wconf 87' lang='lat' dir='ltr'><strong>t.</strong></span> <span class='ocrx_word' id='word_1_312' title='bbox 1806 4203 1869 4268; x_wconf 76' lang='grc' dir='ltr'><strong>Χ,</strong></span> 
     </span>
    </p>
   </div>
   <div class='ocr_carea' id='block_1_46' title="bbox 293 4291 1874 4365">
    <p class='ocr_par' dir='ltr' id='par_1_46' title="bbox 293 4291 1874 4365">
     <span class='ocr_line' id='line_1_46' title="bbox 293 4291 1874 4365; baseline 0 -19"><span class='ocrx_word' id='word_1_313' title='bbox 293 4311 349 4363; x_wconf 81' lang='lat' dir='ltr'><strong>p.</strong></span> <span class='ocrx_word' id='word_1_314' title='bbox 378 4291 505 4358; x_wconf 67' lang='grc'><strong>645,</strong></span> <span class='ocrx_word' id='word_1_315' title='bbox 537 4302 804 4361; x_wconf 88' lang='lat' dir='ltr'><strong>astruunt,</strong></span> <span class='ocrx_word' id='word_1_316' title='bbox 839 4312 1021 4365; x_wconf 84' lang='lat' dir='ltr'><strong>nempe</strong></span> <span class='ocrx_word' id='word_1_317' title='bbox 1053 4297 1196 4349; x_wconf 87' lang='lat' dir='ltr'><strong>haud</strong></span> <span class='ocrx_word' id='word_1_318' title='bbox 1230 4295 1471 4349; x_wconf 87' lang='lat' dir='ltr'><strong>credibile</strong></span> <span class='ocrx_word' id='word_1_319' title='bbox 1503 4295 1667 4348; x_wconf 80' lang='lat' dir='ltr'><strong>videri</strong></span> <span class='ocrx_word' id='word_1_320' title='bbox 1691 4334 1703 4357; x_wconf 91' lang='lat'><strong>,</strong></span> <span class='ocrx_word' id='word_1_321' title='bbox 1736 4294 1874 4362; x_wconf 87' lang='lat' dir='ltr'><strong>quod</strong></span> 
     </span>
    </p>
   </div>
   <div class='ocr_carea' id='block_1_47' title="bbox 294 4384 1877 4457">
    <p class='ocr_par' dir='ltr' id='par_1_47' title="bbox 294 4384 1877 4457">
     <span class='ocr_line' id='line_1_47' title="bbox 294 4384 1877 4457; baseline 0 -20"><span class='ocrx_word' id='word_1_322' title='bbox 294 4384 631 4438; x_wconf 81' lang='lat' dir='ltr'><strong>Innocentius</strong></span> <span class='ocrx_word' id='word_1_323' title='bbox 668 4386 958 4441; x_wconf 80' lang='lat' dir='ltr'><strong>Arcadium</strong></span> <span class='ocrx_word' id='word_1_324' title='bbox 994 4398 1043 4440; x_wconf 93' lang='lat' dir='ltr'><strong>et</strong></span> <span class='ocrx_word' id='word_1_325' title='bbox 1092 4386 1387 4441; x_wconf 76' lang='lat' dir='ltr'><strong>Eudoxiam</strong></span> <span class='ocrx_word' id='word_1_326' title='bbox 1421 4386 1575 4457; x_wconf 84' lang='lat' dir='ltr'><strong>(adde</strong></span> <span class='ocrx_word' id='word_1_327' title='bbox 1606 4394 1653 4437; x_wconf 83' lang='lat' dir='ltr'><strong>et</strong></span> <span class='ocrx_word' id='word_1_328' title='bbox 1698 4384 1877 4438; x_wconf 80' lang='lat' dir='ltr'><strong>Hono-</strong></span> 
     </span>
    </p>
   </div>
   <div class='ocr_carea' id='block_1_48' title="bbox 295 4476 1875 4546">
    <p class='ocr_par' dir='ltr' id='par_1_48' title="bbox 295 4476 1875 4546">
     <span class='ocr_line' id='line_1_48' title="bbox 295 4476 1875 4546; baseline 0 -15"><span class='ocrx_word' id='word_1_329' title='bbox 295 4476 457 4543; x_wconf 82' lang='lat' dir='ltr'><strong>rium)</strong></span> <span class='ocrx_word' id='word_1_330' title='bbox 486 4493 645 4530; x_wconf 72' lang='lat' dir='ltr'><strong>attsus</strong></span> <span class='ocrx_word' id='word_1_331' title='bbox 668 4479 735 4530; x_wconf 85' lang='lat' dir='ltr'><strong>sit</strong></span> <span class='ocrx_word' id='word_1_332' title='bbox 769 4488 879 4531; x_wconf 83' lang='lat' dir='ltr'><strong>tant</strong></span> <span class='ocrx_word' id='word_1_333' title='bbox 917 4480 1086 4534; x_wconf 89' lang='lat' dir='ltr'><strong>subito</strong></span> <span class='ocrx_word' id='word_1_334' title='bbox 1106 4479 1571 4533; x_wconf 70' lang='lat' dir='ltr'><strong>excommunicare.</strong></span> <span class='ocrx_word' id='word_1_335' title='bbox 1595 4477 1733 4531; x_wconf 76' lang='lat' dir='ltr'><strong>Nam</strong></span> <span class='ocrx_word' id='word_1_336' title='bbox 1758 4494 1875 4546; x_wconf 75' lang='lat' dir='ltr'><strong>qua:</strong></span> 
     </span>
    </p>
   </div>
   <div class='ocr_carea' id='block_1_49' title="bbox 294 4570 1876 4641">
    <p class='ocr_par' dir='ltr' id='par_1_49' title="bbox 294 4570 1876 4641">
     <span class='ocr_line' id='line_1_49' title="bbox 294 4570 1876 4641; baseline 0.001 -20"><span class='ocrx_word' id='word_1_337' title='bbox 294 4576 471 4631; x_wconf 84' lang='lat' dir='ltr'><strong>tanta,</strong></span> <span class='ocrx_word' id='word_1_338' title='bbox 517 4583 720 4638; x_wconf 64' lang='lat' dir='ltr'><strong>quaso,</strong></span> <span class='ocrx_word' id='word_1_339' title='bbox 756 4570 915 4624; x_wconf 87' lang='lat' dir='ltr'><strong>moles</strong></span> <span class='ocrx_word' id='word_1_340' title='bbox 964 4582 1037 4625; x_wconf 89' lang='lat' dir='ltr'><strong>est</strong></span> <span class='ocrx_word' id='word_1_341' title='bbox 1064 4571 1403 4640; x_wconf 76' lang='lat' dir='ltr'><strong>diﬂicultatis,</strong></span> <span class='ocrx_word' id='word_1_342' title='bbox 1446 4572 1582 4641; x_wconf 87' lang='lat' dir='ltr'><strong>quod</strong></span> <span class='ocrx_word' id='word_1_343' title='bbox 1626 4571 1876 4623; x_wconf 86' lang='lat' dir='ltr'><strong>nimirum</strong></span> 
     </span>
    </p>
   </div>
   <div class='ocr_carea' id='block_1_50' title="bbox 363 4725 1605 4794">
    <p class='ocr_par' dir='ltr' id='par_1_50' title="bbox 363 4725 1605 4794">
     <span class='ocr_line' id='line_1_50' title="bbox 363 4725 1605 4794; baseline -0.004 -15"><span class='ocrx_word' id='word_1_344' title='bbox 363 4730 438 4794; x_wconf 80' lang='grc' dir='ltr'><strong>(α)</strong></span> <span class='ocrx_word' id='word_1_345' title='bbox 474 4729 588 4789; x_wconf 68' lang='lat' dir='ltr'><strong>list,</strong></span> <span class='ocrx_word' id='word_1_346' title='bbox 616 4725 910 4777; x_wconf 75' lang='lat' dir='ltr'><strong>Bibliotheca</strong></span> <span class='ocrx_word' id='word_1_347' title='bbox 935 4739 1057 4776; x_wconf 81' lang='lat' dir='ltr'><strong>noua</strong></span> <span class='ocrx_word' id='word_1_348' title='bbox 1090 4730 1225 4790; x_wconf 86' lang='lat' dir='ltr'><strong>PP.,</strong></span> <span class='ocrx_word' id='word_1_349' title='bbox 1255 4735 1290 4779; x_wconf 88' lang='lat' dir='ltr'><strong>t.</strong></span> <span class='ocrx_word' id='word_1_350' title='bbox 1314 4729 1397 4789; x_wconf 67' lang='grc' dir='ltr'><strong>γι,</strong></span> <span class='ocrx_word' id='word_1_351' title='bbox 1424 4744 1470 4791; x_wconf 84' lang='lat' dir='ltr'><strong>p.</strong></span> <span class='ocrx_word' id='word_1_352' title='bbox 1504 4728 1605 4775; x_wconf 64' lang='lat'><strong>267..</strong></span> 
     </span>
    </p>
   </div>
   <div class='ocr_carea' id='block_1_51' title="bbox 1952 1748 3540 1819">
    <p class='ocr_par' dir='ltr' id='par_1_51' title="bbox 1952 1748 3540 1819">
     <span class='ocr_line' id='line_1_51' title="bbox 1952 1748 3540 1819; baseline -0.001 -18"><span class='ocrx_word' id='word_1_353' title='bbox 1952 1751 2187 1819; x_wconf 76' lang='lat' dir='ltr'><strong>pontifex</strong></span> <span class='ocrx_word' id='word_1_354' title='bbox 2242 1750 2599 1819; x_wconf 83' lang='lat' dir='ltr'><strong>iniquissima,</strong></span> <span class='ocrx_word' id='word_1_355' title='bbox 2647 1758 2695 1801; x_wconf 87' lang='lat' dir='ltr'><strong>et</strong></span> <span class='ocrx_word' id='word_1_356' title='bbox 2752 1749 3000 1802; x_wconf 70' lang='lat' dir='ltr'><strong>maxima:</strong></span> <span class='ocrx_word' id='word_1_357' title='bbox 3039 1748 3332 1815; x_wconf 77' lang='lat' dir='ltr'><strong>oﬂ&#39;ensionis</strong></span> <span class='ocrx_word' id='word_1_358' title='bbox 3363 1748 3419 1800; x_wconf 90' lang='lat' dir='ltr'><strong>in</strong></span> <span class='ocrx_word' id='word_1_359' title='bbox 3445 1763 3540 1816; x_wconf 87' lang='lat' dir='ltr'><strong>po-</strong></span> 
     </span>
    </p>
   </div>
   <div class='ocr_carea' id='block_1_52' title="bbox 1956 1841 3538 1910">
    <p class='ocr_par' dir='ltr' id='par_1_52' title="bbox 1956 1841 3538 1910">
     <span class='ocr_line' id='line_1_52' title="bbox 1956 1841 3538 1910; baseline 0.001 -17"><span class='ocrx_word' id='word_1_360' title='bbox 1956 1841 2098 1909; x_wconf 88' lang='lat' dir='ltr'><strong>pulo,</strong></span> <span class='ocrx_word' id='word_1_361' title='bbox 2129 1841 2478 1909; x_wconf 76' lang='lat' dir='ltr'><strong>Chrysostomi</strong></span> <span class='ocrx_word' id='word_1_362' title='bbox 2522 1842 2878 1910; x_wconf 78' lang='lat' dir='ltr'><strong>persecutione</strong></span> <span class='ocrx_word' id='word_1_363' title='bbox 2915 1850 2963 1893; x_wconf 90' lang='lat' dir='ltr'><strong>et</strong></span> <span class='ocrx_word' id='word_1_364' title='bbox 3008 1841 3191 1893; x_wconf 78' lang='lat' dir='ltr'><strong>exsilio</strong></span> <span class='ocrx_word' id='word_1_365' title='bbox 3231 1850 3538 1903; x_wconf 89' lang='lat' dir='ltr'><strong>commotus,</strong></span> 
     </span>
    </p>
   </div>
   <div class='ocr_carea' id='block_1_53' title="bbox 1958 1930 3543 1998">
    <p class='ocr_par' dir='ltr' id='par_1_53' title="bbox 1958 1930 3543 1998">
     <span class='ocr_line' id='line_1_53' title="bbox 1958 1930 3543 1998; baseline -0.002 -14"><span class='ocrx_word' id='word_1_366' title='bbox 1958 1948 2048 1984; x_wconf 79' lang='lat' dir='ltr'><strong>nec</strong></span> <span class='ocrx_word' id='word_1_367' title='bbox 2080 1947 2179 1983; x_wconf 84' lang='lat' dir='ltr'><strong>non</strong></span> <span class='ocrx_word' id='word_1_368' title='bbox 2215 1942 2360 1984; x_wconf 86' lang='lat' dir='ltr'><strong>tanta</strong></span> <span class='ocrx_word' id='word_1_369' title='bbox 2393 1933 2640 1985; x_wconf 88' lang='lat' dir='ltr'><strong>adversus</strong></span> <span class='ocrx_word' id='word_1_370' title='bbox 2667 1933 2714 1986; x_wconf 86' lang='lat' dir='ltr'><strong>ei</strong></span> <span class='ocrx_word' id='word_1_371' title='bbox 2737 1932 2945 1985; x_wconf 81' lang='lat' dir='ltr'><strong>devotos</strong></span> <span class='ocrx_word' id='word_1_372' title='bbox 2978 1930 3206 1993; x_wconf 76' lang='lat' dir='ltr'><strong>swvitia,</strong></span> <span class='ocrx_word' id='word_1_373' title='bbox 3240 1938 3289 1983; x_wconf 91' lang='lat' dir='ltr'><strong>et</strong></span> <span class='ocrx_word' id='word_1_374' title='bbox 3322 1930 3543 1998; x_wconf 87' lang='lat' dir='ltr'><strong>denique</strong></span> 
     </span>
    </p>
   </div>
   <div class='ocr_carea' id='block_1_54' title="bbox 1958 2020 3544 2092">
    <p class='ocr_par' dir='ltr' id='par_1_54' title="bbox 1958 2020 3544 2092">
     <span class='ocr_line' id='line_1_54' title="bbox 1958 2020 3544 2092; baseline -0.002 -17"><span class='ocrx_word' id='word_1_375' title='bbox 1958 2022 2251 2092; x_wconf 82' lang='lat' dir='ltr'><strong>legatorum</strong></span> <span class='ocrx_word' id='word_1_376' title='bbox 2289 2038 2501 2075; x_wconf 87' lang='lat' dir='ltr'><strong>suorum</strong></span> <span class='ocrx_word' id='word_1_377' title='bbox 2530 2033 2821 2091; x_wconf 88' lang='lat' dir='ltr'><strong>contemptu</strong></span> <span class='ocrx_word' id='word_1_378' title='bbox 2851 2032 2898 2075; x_wconf 92' lang='lat' dir='ltr'><strong>et</strong></span> <span class='ocrx_word' id='word_1_379' title='bbox 2931 2022 3257 2091; x_wconf 81' lang='lat' dir='ltr'><strong>captivitate,</strong></span> <span class='ocrx_word' id='word_1_380' title='bbox 3281 2020 3428 2090; x_wconf 87' lang='lat' dir='ltr'><strong>quid,</strong></span> <span class='ocrx_word' id='word_1_381' title='bbox 3459 2022 3544 2072; x_wconf 84' lang='lat' dir='ltr'><strong>in—</strong></span> 
     </span>
    </p>
   </div>
   <div class='ocr_carea' id='block_1_55' title="bbox 1956 2108 3546 2182">
    <p class='ocr_par' dir='ltr' id='par_1_55' title="bbox 1956 2108 3546 2182">
     <span class='ocr_line' id='line_1_55' title="bbox 1956 2108 3546 2182; baseline -0.003 -17"><span class='ocrx_word' id='word_1_382' title='bbox 1956 2128 2137 2182; x_wconf 83' lang='lat' dir='ltr'><strong>quam,</strong></span> <span class='ocrx_word' id='word_1_383' title='bbox 2166 2112 2360 2165; x_wconf 89' lang='lat' dir='ltr'><strong>mirum</strong></span> <span class='ocrx_word' id='word_1_384' title='bbox 2390 2120 2499 2177; x_wconf 89' lang='lat' dir='ltr'><strong>est,</strong></span> <span class='ocrx_word' id='word_1_385' title='bbox 2528 2111 2821 2181; x_wconf 85' lang='lat' dir='ltr'><strong>pontiﬁcem</strong></span> <span class='ocrx_word' id='word_1_386' title='bbox 2852 2112 3169 2179; x_wconf 81' lang='lat' dir='ltr'><strong>prohibuisse</strong></span> <span class='ocrx_word' id='word_1_387' title='bbox 3207 2109 3408 2178; x_wconf 84' lang='lat' dir='ltr'><strong>publice</strong></span> <span class='ocrx_word' id='word_1_388' title='bbox 3438 2108 3546 2162; x_wconf 77' lang='lat' dir='ltr'><strong>Au-</strong></span> 
     </span>
    </p>
   </div>
   <div class='ocr_carea' id='block_1_56' title="bbox 1955 2196 3547 2273">
    <p class='ocr_par' dir='ltr' id='par_1_56' title="bbox 1955 2196 3547 2273">
     <span class='ocr_line' id='line_1_56' title="bbox 1955 2196 3547 2273; baseline -0.004 -18"><span class='ocrx_word' id='word_1_389' title='bbox 1955 2212 2128 2273; x_wconf 83' lang='lat' dir='ltr'><strong>gustos</strong></span> <span class='ocrx_word' id='word_1_390' title='bbox 2155 2220 2187 2256; x_wconf 88' lang='lat' dir='ltr'><strong>a</strong></span> <span class='ocrx_word' id='word_1_391' title='bbox 2207 2212 2676 2265; x_wconf 87' lang='lat' dir='ltr'><strong>sacramentorum,</strong></span> <span class='ocrx_word' id='word_1_392' title='bbox 2697 2217 2919 2270; x_wconf 89' lang='lat' dir='ltr'><strong>quorum</strong></span> <span class='ocrx_word' id='word_1_393' title='bbox 2947 2210 3095 2253; x_wconf 89' lang='lat' dir='ltr'><strong>erant</strong></span> <span class='ocrx_word' id='word_1_394' title='bbox 3118 2200 3343 2269; x_wconf 81' lang='lat' dir='ltr'><strong>indigni,</strong></span> <span class='ocrx_word' id='word_1_395' title='bbox 3372 2196 3547 2261; x_wconf 83' lang='lat' dir='ltr'><strong>parti-</strong></span> 
     </span>
    </p>
   </div>
   <div class='ocr_carea' id='block_1_57' title="bbox 1958 2286 3547 2361">
    <p class='ocr_par' dir='ltr' id='par_1_57' title="bbox 1958 2286 3547 2361">
     <span class='ocr_line' id='line_1_57' title="bbox 1958 2286 3547 2361; baseline -0.004 -15"><span class='ocrx_word' id='word_1_396' title='bbox 1958 2295 2259 2361; x_wconf 87' lang='lat' dir='ltr'><strong>cipatione?</strong></span> <span class='ocrx_word' id='word_1_397' title='bbox 2287 2293 2433 2347; x_wconf 72' lang='lat' dir='ltr'><strong>Nihil</strong></span> <span class='ocrx_word' id='word_1_398' title='bbox 2457 2294 2597 2347; x_wconf 88' lang='lat' dir='ltr'><strong>enim</strong></span> <span class='ocrx_word' id='word_1_399' title='bbox 2632 2292 2784 2346; x_wconf 89' lang='lat' dir='ltr'><strong>aliud</strong></span> <span class='ocrx_word' id='word_1_400' title='bbox 2815 2291 3082 2345; x_wconf 85' lang='lat' dir='ltr'><strong>continent</strong></span> <span class='ocrx_word' id='word_1_401' title='bbox 3119 2287 3410 2343; x_wconf 81' lang='lat' dir='ltr'><strong>Innocentii</strong></span> <span class='ocrx_word' id='word_1_402' title='bbox 3440 2286 3547 2339; x_wconf 83' lang='lat' dir='ltr'><strong>illa:</strong></span> 
     </span>
    </p>
   </div>
   <div class='ocr_carea' id='block_1_58' title="bbox 1960 2381 3546 2457">
    <p class='ocr_par' dir='ltr' id='par_1_58' title="bbox 1960 2381 3546 2457">
     <span class='ocr_line' id='line_1_58' title="bbox 1960 2381 3546 2457; baseline -0.003 -20"><span class='ocrx_word' id='word_1_403' title='bbox 1960 2386 2031 2439; x_wconf 87' lang='lat' dir='ltr'><strong>ad</strong></span> <span class='ocrx_word' id='word_1_404' title='bbox 2059 2387 2222 2457; x_wconf 86' lang='lat' dir='ltr'><strong>regios</strong></span> <span class='ocrx_word' id='word_1_405' title='bbox 2247 2386 2489 2454; x_wconf 78' lang='lat' dir='ltr'><strong>conjuges</strong></span> <span class='ocrx_word' id='word_1_406' title='bbox 2511 2386 2716 2439; x_wconf 83' lang='lat' dir='ltr'><strong>litterte.</strong></span> <span class='ocrx_word' id='word_1_407' title='bbox 2747 2385 2884 2449; x_wconf 84' lang='lat' dir='ltr'><strong>Quid</strong></span> <span class='ocrx_word' id='word_1_408' title='bbox 2909 2387 2934 2439; x_wconf 65' lang='grc' dir='ltr'><em>ἵ</em></span> <span class='ocrx_word' id='word_1_409' title='bbox 2963 2400 3131 2438; x_wconf 88' lang='lat' dir='ltr'><strong>nonne</strong></span> <span class='ocrx_word' id='word_1_410' title='bbox 3159 2381 3215 2436; x_wconf 91' lang='lat' dir='ltr'><strong>S.</strong></span> <span class='ocrx_word' id='word_1_411' title='bbox 3244 2381 3546 2435; x_wconf 80' lang='lat' dir='ltr'><strong>Ambrosius</strong></span> 
     </span>
    </p>
   </div>
   <div class='ocr_carea' id='block_1_59' title="bbox 1963 2472 3549 2546">
    <p class='ocr_par' dir='ltr' id='par_1_59' title="bbox 1963 2472 3549 2546">
     <span class='ocr_line' id='line_1_59' title="bbox 1963 2472 3549 2546; baseline -0.003 -18"><span class='ocrx_word' id='word_1_412' title='bbox 1963 2487 2167 2545; x_wconf 87' lang='lat' dir='ltr'><strong>patrem</strong></span> <span class='ocrx_word' id='word_1_413' title='bbox 2186 2476 2403 2529; x_wconf 78' lang='lat' dir='ltr'><strong>Arcadii</strong></span> <span class='ocrx_word' id='word_1_414' title='bbox 2423 2475 2781 2540; x_wconf 89' lang='lat' dir='ltr'><strong>Theodosium,</strong></span> <span class='ocrx_word' id='word_1_415' title='bbox 2803 2486 2964 2529; x_wconf 77' lang='lat' dir='ltr'><strong>tanta:</strong></span> <span class='ocrx_word' id='word_1_416' title='bbox 2993 2476 3172 2546; x_wconf 74' lang='lat' dir='ltr'><strong>gloria:</strong></span> <span class='ocrx_word' id='word_1_417' title='bbox 3204 2472 3549 2541; x_wconf 65' lang='lat' dir='ltr'><strong>potentiaeque</strong></span> 
     </span>
    </p>
   </div>
   <div class='ocr_carea' id='block_1_60' title="bbox 1963 2560 3551 2636">
    <p class='ocr_par' dir='ltr' id='par_1_60' title="bbox 1963 2560 3551 2636">
     <span class='ocr_line' id='line_1_60' title="bbox 1963 2560 3551 2636; baseline -0.005 -17"><span class='ocrx_word' id='word_1_418' title='bbox 1963 2567 2272 2635; x_wconf 88' lang='lat' dir='ltr'><strong>principem,</strong></span> <span class='ocrx_word' id='word_1_419' title='bbox 2315 2565 2508 2635; x_wconf 87' lang='lat' dir='ltr'><strong>templo</strong></span> <span class='ocrx_word' id='word_1_420' title='bbox 2552 2567 2854 2636; x_wconf 85' lang='lat' dir='ltr'><strong>sanctisque</strong></span> <span class='ocrx_word' id='word_1_421' title='bbox 2892 2565 3149 2633; x_wconf 76' lang='lat' dir='ltr'><strong>mysteriis</strong></span> <span class='ocrx_word' id='word_1_422' title='bbox 3203 2562 3495 2617; x_wconf 66' lang='lat' dir='ltr'><strong>excluserat</strong></span> <span class='ocrx_word' id='word_1_423' title='bbox 3523 2560 3551 2612; x_wconf 85' lang='lat'><strong><em>?</em></strong></span> 
     </span>
    </p>
   </div>
   <div class='ocr_carea' id='block_1_61' title="bbox 1962 2644 3547 2709">
    <p class='ocr_par' dir='ltr' id='par_1_61' title="bbox 1962 2644 3547 2709">
     <span class='ocr_line' id='line_1_61' title="bbox 1962 2644 3547 2709; baseline -0.004 -1"><span class='ocrx_word' id='word_1_424' title='bbox 1962 2655 2134 2709; x_wconf 89' lang='lat' dir='ltr'><strong>Porro</strong></span> <span class='ocrx_word' id='word_1_425' title='bbox 2165 2656 2436 2709; x_wconf 85' lang='lat' dir='ltr'><strong>notissima</strong></span> <span class='ocrx_word' id='word_1_426' title='bbox 2472 2664 2586 2709; x_wconf 85' lang='lat' dir='ltr'><strong>erat</strong></span> <span class='ocrx_word' id='word_1_427' title='bbox 2619 2656 2901 2708; x_wconf 88' lang='lat' dir='ltr'><strong>liberorum</strong></span> <span class='ocrx_word' id='word_1_428' title='bbox 2925 2644 3192 2707; x_wconf 81' lang='lat' dir='ltr'><strong>Theodosii</strong></span> <span class='ocrx_word' id='word_1_429' title='bbox 3224 2668 3431 2705; x_wconf 89' lang='lat' dir='ltr'><strong>summa</strong></span> <span class='ocrx_word' id='word_1_430' title='bbox 3460 2666 3547 2702; x_wconf 81' lang='lat' dir='ltr'><strong>re-</strong></span> 
     </span>
    </p>
   </div>
   <div class='ocr_carea' id='block_1_62' title="bbox 1963 2744 3549 2818">
    <p class='ocr_par' dir='ltr' id='par_1_62' title="bbox 1963 2744 3549 2818">
     <span class='ocr_line' id='line_1_62' title="bbox 1963 2744 3549 2818; baseline -0.004 -18"><span class='ocrx_word' id='word_1_431' title='bbox 1963 2747 2243 2818; x_wconf 88' lang='lat' dir='ltr'><strong>ligiositas,</strong></span> <span class='ocrx_word' id='word_1_432' title='bbox 2278 2748 2355 2800; x_wconf 82' lang='lat' dir='ltr'><strong>ita</strong></span> <span class='ocrx_word' id='word_1_433' title='bbox 2385 2756 2441 2800; x_wconf 90' lang='lat' dir='ltr'><strong>ut</strong></span> <span class='ocrx_word' id='word_1_434' title='bbox 2484 2748 2717 2816; x_wconf 72' lang='lat' dir='ltr'><strong>pontifex</strong></span> <span class='ocrx_word' id='word_1_435' title='bbox 2740 2748 2803 2799; x_wconf 91' lang='lat' dir='ltr'><strong>de</strong></span> <span class='ocrx_word' id='word_1_436' title='bbox 2844 2747 3061 2799; x_wconf 87' lang='lat' dir='ltr'><strong>remedii</strong></span> <span class='ocrx_word' id='word_1_437' title='bbox 3092 2744 3325 2798; x_wconf 88' lang='lat' dir='ltr'><strong>utilitate</strong></span> <span class='ocrx_word' id='word_1_438' title='bbox 3356 2751 3403 2796; x_wconf 88' lang='lat' dir='ltr'><strong>et</strong></span> <span class='ocrx_word' id='word_1_439' title='bbox 3428 2757 3549 2794; x_wconf 84' lang='lat' dir='ltr'><strong>suc-</strong></span> 
     </span>
    </p>
   </div>
   <div class='ocr_carea' id='block_1_63' title="bbox 1963 2833 3549 2907">
    <p class='ocr_par' dir='ltr' id='par_1_63' title="bbox 1963 2833 3549 2907">
     <span class='ocr_line' id='line_1_63' title="bbox 1963 2833 3549 2907; baseline -0.004 -16"><span class='ocrx_word' id='word_1_440' title='bbox 1963 2853 2105 2891; x_wconf 87' lang='lat' dir='ltr'><strong>cessu</strong></span> <span class='ocrx_word' id='word_1_441' title='bbox 2138 2838 2281 2890; x_wconf 86' lang='lat' dir='ltr'><strong>haud</strong></span> <span class='ocrx_word' id='word_1_442' title='bbox 2316 2838 2517 2907; x_wconf 79' lang='lat' dir='ltr'><strong>frustra</strong></span> <span class='ocrx_word' id='word_1_443' title='bbox 2556 2846 2810 2906; x_wconf 89' lang='lat' dir='ltr'><strong>speraret.</strong></span> <span class='ocrx_word' id='word_1_444' title='bbox 2849 2836 3035 2890; x_wconf 85' lang='lat' dir='ltr'><strong>Nonne</strong></span> <span class='ocrx_word' id='word_1_445' title='bbox 3080 2844 3128 2889; x_wconf 87' lang='lat' dir='ltr'><strong>et</strong></span> <span class='ocrx_word' id='word_1_446' title='bbox 3167 2835 3278 2903; x_wconf 90' lang='lat' dir='ltr'><strong>ipse</strong></span> <span class='ocrx_word' id='word_1_447' title='bbox 3301 2833 3549 2903; x_wconf 80' lang='lat' dir='ltr'><strong>nuperius</strong></span> 
     </span>
    </p>
   </div>
   <div class='ocr_carea' id='block_1_64' title="bbox 1966 2925 3546 2997">
    <p class='ocr_par' dir='ltr' id='par_1_64' title="bbox 1966 2925 3546 2997">
     <span class='ocr_line' id='line_1_64' title="bbox 1966 2925 3546 2997; baseline -0.004 -16"><span class='ocrx_word' id='word_1_448' title='bbox 1966 2927 2360 2997; x_wconf 88' lang='lat' dir='ltr'><strong>Chrysostomus</strong></span> <span class='ocrx_word' id='word_1_449' title='bbox 2427 2926 2728 2982; x_wconf 75' lang='lat' dir='ltr'><strong>Eudoxiam</strong></span> <span class='ocrx_word' id='word_1_450' title='bbox 2781 2928 3075 2997; x_wconf 80' lang='lat' dir='ltr'><strong>Augustam</strong></span> <span class='ocrx_word' id='word_1_451' title='bbox 3116 2925 3344 2979; x_wconf 73' lang='lat' dir='ltr'><strong>ecclesia:</strong></span> <span class='ocrx_word' id='word_1_452' title='bbox 3394 2925 3546 2977; x_wconf 88' lang='lat' dir='ltr'><strong>aditu</strong></span> 
     </span>
    </p>
   </div>
   <div class='ocr_carea' id='block_1_65' title="bbox 1968 3015 3550 3089">
    <p class='ocr_par' dir='ltr' id='par_1_65' title="bbox 1968 3015 3550 3089">
     <span class='ocr_line' id='line_1_65' title="bbox 1968 3015 3550 3089; baseline -0.003 -18"><span class='ocrx_word' id='word_1_453' title='bbox 1968 3018 2354 3073; x_wconf 73' lang='lat' dir='ltr'><strong>interdixerat?</strong></span> <span class='ocrx_word' id='word_1_454' title='bbox 2382 3019 2628 3073; x_wconf 79' lang='lat' dir='ltr'><strong>Attamen</strong></span> <span class='ocrx_word' id='word_1_455' title='bbox 2653 3021 2789 3073; x_wconf 89' lang='lat' dir='ltr'><strong>inter</strong></span> <span class='ocrx_word' id='word_1_456' title='bbox 2826 3037 2916 3073; x_wconf 88' lang='lat' dir='ltr'><strong>eas</strong></span> <span class='ocrx_word' id='word_1_457' title='bbox 2953 3018 3200 3089; x_wconf 87' lang='lat' dir='ltr'><strong>epistolas</strong></span> <span class='ocrx_word' id='word_1_458' title='bbox 3229 3016 3323 3069; x_wconf 89' lang='lat' dir='ltr'><strong>illa</strong></span> <span class='ocrx_word' id='word_1_459' title='bbox 3370 3015 3550 3069; x_wconf 85' lang='lat' dir='ltr'><strong>Eudo-</strong></span> 
     </span>
    </p>
   </div>
   <div class='ocr_carea' id='block_1_66' title="bbox 1967 3107 3550 3179">
    <p class='ocr_par' dir='ltr' id='par_1_66' title="bbox 1967 3107 3550 3179">
     <span class='ocr_line' id='line_1_66' title="bbox 1967 3107 3550 3179; baseline -0.002 -17"><span class='ocrx_word' id='word_1_460' title='bbox 1967 3109 2071 3162; x_wconf 68' lang='grc' dir='ltr'><strong>πίω</strong></span> <span class='ocrx_word' id='word_1_461' title='bbox 2096 3109 2165 3161; x_wconf 87' lang='lat' dir='ltr'><strong>ad</strong></span> <span class='ocrx_word' id='word_1_462' title='bbox 2191 3108 2551 3162; x_wconf 83' lang='lat' dir='ltr'><strong>Innocentium</strong></span> <span class='ocrx_word' id='word_1_463' title='bbox 2601 3110 2869 3179; x_wconf 81' lang='lat' dir='ltr'><strong>prtecipua</strong></span> <span class='ocrx_word' id='word_1_464' title='bbox 2895 3108 3216 3162; x_wconf 85' lang='lat' dir='ltr'><strong>sinceritatis</strong></span> <span class='ocrx_word' id='word_1_465' title='bbox 3258 3107 3410 3177; x_wconf 86' lang='lat' dir='ltr'><strong>signa</strong></span> <span class='ocrx_word' id='word_1_466' title='bbox 3442 3120 3550 3175; x_wconf 70' lang='lat' dir='ltr'><strong>pra:</strong></span> 
     </span>
    </p>
   </div>
   <div class='ocr_carea' id='block_1_67' title="bbox 1966 3199 3555 3271">
    <p class='ocr_par' dir='ltr' id='par_1_67' title="bbox 1966 3199 3555 3271">
     <span class='ocr_line' id='line_1_67' title="bbox 1966 3199 3555 3271; baseline -0.002 -17"><span class='ocrx_word' id='word_1_467' title='bbox 1966 3218 2023 3254; x_wconf 89' lang='lat' dir='ltr'><strong>se</strong></span> <span class='ocrx_word' id='word_1_468' title='bbox 2042 3201 2180 3271; x_wconf 83' lang='lat' dir='ltr'><strong>fert;</strong></span> <span class='ocrx_word' id='word_1_469' title='bbox 2206 3201 2281 3254; x_wconf 91' lang='lat' dir='ltr'><strong>ita</strong></span> <span class='ocrx_word' id='word_1_470' title='bbox 2304 3210 2359 3254; x_wconf 88' lang='lat' dir='ltr'><strong>ut</strong></span> <span class='ocrx_word' id='word_1_471' title='bbox 2389 3217 2539 3255; x_wconf 90' lang='lat' dir='ltr'><strong>nemo</strong></span> <span class='ocrx_word' id='word_1_472' title='bbox 2580 3218 2699 3254; x_wconf 87' lang='lat' dir='ltr'><strong>eam</strong></span> <span class='ocrx_word' id='word_1_473' title='bbox 2730 3201 2901 3270; x_wconf 87' lang='lat' dir='ltr'><strong>legens</strong></span> <span class='ocrx_word' id='word_1_474' title='bbox 2924 3200 3168 3254; x_wconf 87' lang='lat' dir='ltr'><strong>acerbum</strong></span> <span class='ocrx_word' id='word_1_475' title='bbox 3202 3199 3555 3267; x_wconf 86' lang='lat' dir='ltr'><strong>pertinacem-</strong></span> 
     </span>
    </p>
   </div>
   <div class='ocr_carea' id='block_1_68' title="bbox 1968 3292 3553 3362">
    <p class='ocr_par' dir='ltr' id='par_1_68' title="bbox 1968 3292 3553 3362">
     <span class='ocr_line' id='line_1_68' title="bbox 1968 3292 3553 3362; baseline -0.002 -18"><span class='ocrx_word' id='word_1_476' title='bbox 1968 3308 2068 3362; x_wconf 86' lang='lat' dir='ltr'><strong>que</strong></span> <span class='ocrx_word' id='word_1_477' title='bbox 2108 3292 2443 3361; x_wconf 74' lang='lat' dir='ltr'><strong>prtepoteutis</strong></span> <span class='ocrx_word' id='word_1_478' title='bbox 2481 3293 2691 3362; x_wconf 74' lang='lat' dir='ltr'><strong>femina:</strong></span> <span class='ocrx_word' id='word_1_479' title='bbox 2729 3293 2968 3345; x_wconf 89' lang='lat' dir='ltr'><strong>animum</strong></span> <span class='ocrx_word' id='word_1_480' title='bbox 2997 3308 3100 3345; x_wconf 90' lang='lat' dir='ltr'><strong>non</strong></span> <span class='ocrx_word' id='word_1_481' title='bbox 3128 3299 3401 3362; x_wconf 83' lang='lat' dir='ltr'><strong>agnoscat,</strong></span> <span class='ocrx_word' id='word_1_482' title='bbox 3435 3304 3553 3358; x_wconf 82' lang='lat' dir='ltr'><strong>qua:</strong></span> 
     </span>
    </p>
   </div>
   <div class='ocr_carea' id='block_1_69' title="bbox 1969 3382 3554 3450">
    <p class='ocr_par' dir='ltr' id='par_1_69' title="bbox 1969 3382 3554 3450">
     <span class='ocr_line' id='line_1_69' title="bbox 1969 3382 3554 3450; baseline -0.001 -16"><span class='ocrx_word' id='word_1_483' title='bbox 1969 3383 2171 3435; x_wconf 87' lang='lat' dir='ltr'><strong>iratum</strong></span> <span class='ocrx_word' id='word_1_484' title='bbox 2217 3384 2540 3435; x_wconf 88' lang='lat' dir='ltr'><strong>stomachum</strong></span> <span class='ocrx_word' id='word_1_485' title='bbox 2588 3384 2745 3446; x_wconf 75' lang='lat' dir='ltr'><strong>leuat,</strong></span> <span class='ocrx_word' id='word_1_486' title='bbox 2785 3391 2835 3436; x_wconf 90' lang='lat' dir='ltr'><strong>et</strong></span> <span class='ocrx_word' id='word_1_487' title='bbox 2882 3384 3014 3436; x_wconf 89' lang='lat' dir='ltr'><strong>adeo</strong></span> <span class='ocrx_word' id='word_1_488' title='bbox 3059 3382 3244 3450; x_wconf 87' lang='lat' dir='ltr'><strong>culpas</strong></span> <span class='ocrx_word' id='word_1_489' title='bbox 3276 3397 3403 3434; x_wconf 88' lang='lat' dir='ltr'><strong>suas</strong></span> <span class='ocrx_word' id='word_1_490' title='bbox 3449 3396 3554 3433; x_wconf 88' lang='lat' dir='ltr'><strong>non</strong></span> 
     </span>
    </p>
   </div>
   <div class='ocr_carea' id='block_1_70' title="bbox 1971 3473 3553 3544">
    <p class='ocr_par' dir='ltr' id='par_1_70' title="bbox 1971 3473 3553 3544">
     <span class='ocr_line' id='line_1_70' title="bbox 1971 3473 3553 3544; baseline 0 -17"><span class='ocrx_word' id='word_1_491' title='bbox 1971 3476 2185 3544; x_wconf 77' lang='lat' dir='ltr'><strong>fatetur,</strong></span> <span class='ocrx_word' id='word_1_492' title='bbox 2220 3484 2276 3527; x_wconf 90' lang='lat' dir='ltr'><strong>ut</strong></span> <span class='ocrx_word' id='word_1_493' title='bbox 2319 3474 2742 3544; x_wconf 87' lang='lat' dir='ltr'><strong>Chrysostomum</strong></span> <span class='ocrx_word' id='word_1_494' title='bbox 2786 3475 2949 3528; x_wconf 87' lang='lat' dir='ltr'><strong>etiam</strong></span> <span class='ocrx_word' id='word_1_495' title='bbox 2983 3484 3095 3543; x_wconf 87' lang='lat' dir='ltr'><strong>post</strong></span> <span class='ocrx_word' id='word_1_496' title='bbox 3142 3474 3401 3542; x_wconf 81' lang='lat' dir='ltr'><strong>inﬂictam</strong></span> <span class='ocrx_word' id='word_1_497' title='bbox 3453 3473 3553 3542; x_wconf 85' lang='lat' dir='ltr'><strong>ipsi</strong></span> 
     </span>
    </p>
   </div>
   <div class='ocr_carea' id='block_1_71' title="bbox 1974 3564 2671 3635">
    <p class='ocr_par' dir='ltr' id='par_1_71' title="bbox 1974 3564 2671 3635">
     <span class='ocr_line' id='line_1_71' title="bbox 1974 3564 2671 3635; baseline 0 -17"><span class='ocrx_word' id='word_1_498' title='bbox 1974 3564 2333 3619; x_wconf 85' lang='lat' dir='ltr'><strong>calamitatem</strong></span> <span class='ocrx_word' id='word_1_499' title='bbox 2358 3576 2671 3635; x_wconf 81' lang='lat' dir='ltr'><strong>prtegravet.</strong></span> 
     </span>
    </p>
   </div>
   <div class='ocr_carea' id='block_1_72' title="bbox 2046 3652 3554 3724">
    <p class='ocr_par' dir='ltr' id='par_1_72' title="bbox 2046 3652 3554 3724">
     <span class='ocr_line' id='line_1_72' title="bbox 2046 3652 3554 3724; baseline 0.001 -18"><span class='ocrx_word' id='word_1_500' title='bbox 2046 3652 2196 3718; x_wconf 84' lang='lat' dir='ltr'><strong>Quod</strong></span> <span class='ocrx_word' id='word_1_501' title='bbox 2250 3664 2430 3708; x_wconf 89' lang='lat' dir='ltr'><strong>autem</strong></span> <span class='ocrx_word' id='word_1_502' title='bbox 2492 3671 2629 3708; x_wconf 90' lang='lat' dir='ltr'><strong>nunc</strong></span> <span class='ocrx_word' id='word_1_503' title='bbox 2682 3672 2743 3709; x_wconf 88' lang='lat' dir='ltr'><strong>ca</strong></span> <span class='ocrx_word' id='word_1_504' title='bbox 2800 3656 3019 3724; x_wconf 85' lang='lat' dir='ltr'><strong>epistola</strong></span> <span class='ocrx_word' id='word_1_505' title='bbox 3093 3656 3236 3709; x_wconf 87' lang='lat' dir='ltr'><strong>nobis</strong></span> <span class='ocrx_word' id='word_1_506' title='bbox 3297 3671 3329 3707; x_wconf 88' lang='lat' dir='ltr'><strong>a</strong></span> <span class='ocrx_word' id='word_1_507' title='bbox 3389 3652 3554 3708; x_wconf 83' lang='lat' dir='ltr'><strong>Theo-</strong></span> 
     </span>
    </p>
   </div>
   <div class='ocr_carea' id='block_1_73' title="bbox 1972 3747 3541 3815">
    <p class='ocr_par' dir='ltr' id='par_1_73' title="bbox 1972 3747 3541 3815">
     <span class='ocr_line' id='line_1_73' title="bbox 1972 3747 3541 3815; baseline -0.001 -15"><span class='ocrx_word' id='word_1_508' title='bbox 1972 3748 2099 3800; x_wconf 91' lang='lat' dir='ltr'><strong>doro</strong></span> <span class='ocrx_word' id='word_1_509' title='bbox 2163 3747 2502 3811; x_wconf 71' lang='lat' dir='ltr'><strong>eahibeatur,</strong></span> <span class='ocrx_word' id='word_1_510' title='bbox 2547 3748 2936 3811; x_wconf 85' lang='lat' dir='ltr'><strong>omittentibus,</strong></span> <span class='ocrx_word' id='word_1_511' title='bbox 2999 3757 3053 3800; x_wconf 87' lang='lat' dir='ltr'><strong>ut</strong></span> <span class='ocrx_word' id='word_1_512' title='bbox 3118 3756 3282 3815; x_wconf 87' lang='lat' dir='ltr'><strong>puto.</strong></span> <span class='ocrx_word' id='word_1_513' title='bbox 3342 3748 3541 3800; x_wconf 90' lang='lat' dir='ltr'><strong>cunctis</strong></span> 
     </span>
    </p>
   </div>
   <div class='ocr_carea' id='block_1_74' title="bbox 1971 3837 3552 3908">
    <p class='ocr_par' dir='ltr' id='par_1_74' title="bbox 1971 3837 3552 3908">
     <span class='ocr_line' id='line_1_74' title="bbox 1971 3837 3552 3908; baseline -0.001 -18"><span class='ocrx_word' id='word_1_514' title='bbox 1971 3837 2291 3908; x_wconf 88' lang='lat' dir='ltr'><strong>bioyraphis,</strong></span> <span class='ocrx_word' id='word_1_515' title='bbox 2344 3838 2725 3907; x_wconf 90' lang='lat' dir='ltr'><strong>gratulandum</strong></span> <span class='ocrx_word' id='word_1_516' title='bbox 2776 3848 2869 3892; x_wconf 88' lang='lat' dir='ltr'><strong>est.</strong></span> <span class='ocrx_word' id='word_1_517' title='bbox 2938 3838 3212 3893; x_wconf 82' lang='lat' dir='ltr'><strong>Postremo</strong></span> <span class='ocrx_word' id='word_1_518' title='bbox 3290 3846 3552 3908; x_wconf 85' lang='lat' dir='ltr'><strong>superest,</strong></span> 
     </span>
    </p>
   </div>
   <div class='ocr_carea' id='block_1_75' title="bbox 1974 3926 3557 3997">
    <p class='ocr_par' dir='ltr' id='par_1_75' title="bbox 1974 3926 3557 3997">
     <span class='ocr_line' id='line_1_75' title="bbox 1974 3926 3557 3997; baseline 0.003 -19"><span class='ocrx_word' id='word_1_519' title='bbox 1974 3936 2032 3979; x_wconf 88' lang='lat' dir='ltr'><strong>ut</strong></span> <span class='ocrx_word' id='word_1_520' title='bbox 2078 3943 2173 3996; x_wconf 91' lang='lat' dir='ltr'><strong>pro</strong></span> <span class='ocrx_word' id='word_1_521' title='bbox 2210 3926 2437 3980; x_wconf 83' lang='lat' dir='ltr'><strong>Romani</strong></span> <span class='ocrx_word' id='word_1_522' title='bbox 2481 3928 2740 3997; x_wconf 79' lang='lat' dir='ltr'><strong>pontiﬁcis</strong></span> <span class='ocrx_word' id='word_1_523' title='bbox 2782 3931 3100 3983; x_wconf 88' lang='lat' dir='ltr'><strong>auctoritate</strong></span> <span class='ocrx_word' id='word_1_524' title='bbox 3123 3930 3217 3983; x_wconf 91' lang='lat' dir='ltr'><strong>hoc</strong></span> <span class='ocrx_word' id='word_1_525' title='bbox 3253 3930 3443 3983; x_wconf 89' lang='lat' dir='ltr'><strong>saltem</strong></span> <span class='ocrx_word' id='word_1_526' title='bbox 3472 3931 3557 3983; x_wconf 85' lang='lat' dir='ltr'><strong>di-</strong></span> 
     </span>
    </p>
   </div>
   <div class='ocr_carea' id='block_1_76' title="bbox 1978 4020 3556 4092">
    <p class='ocr_par' dir='ltr' id='par_1_76' title="bbox 1978 4020 3556 4092">
     <span class='ocr_line' id='line_1_76' title="bbox 1978 4020 3556 4092; baseline 0.001 -19"><span class='ocrx_word' id='word_1_527' title='bbox 1978 4020 2223 4073; x_wconf 88' lang='lat' dir='ltr'><strong>lemmate</strong></span> <span class='ocrx_word' id='word_1_528' title='bbox 2263 4029 2386 4072; x_wconf 87' lang='lat' dir='ltr'><strong>utar</strong></span> <span class='ocrx_word' id='word_1_529' title='bbox 2412 4034 2430 4071; x_wconf 89' lang='lat'><strong><em>:</em></strong></span> <span class='ocrx_word' id='word_1_530' title='bbox 2463 4035 2585 4072; x_wconf 90' lang='lat' dir='ltr'><strong>nam</strong></span> <span class='ocrx_word' id='word_1_531' title='bbox 2622 4020 2704 4074; x_wconf 85' lang='lat' dir='ltr'><strong>uel</strong></span> <span class='ocrx_word' id='word_1_532' title='bbox 2735 4020 2815 4073; x_wconf 85' lang='lat' dir='ltr'><strong>lue</strong></span> <span class='ocrx_word' id='word_1_533' title='bbox 2851 4020 3039 4075; x_wconf 75' lang='lat' dir='ltr'><strong>littera:</strong></span> <span class='ocrx_word' id='word_1_534' title='bbox 3064 4022 3304 4092; x_wconf 82' lang='lat' dir='ltr'><strong>genuime</strong></span> <span class='ocrx_word' id='word_1_535' title='bbox 3334 4030 3476 4085; x_wconf 88' lang='lat' dir='ltr'><strong>sunt,</strong></span> <span class='ocrx_word' id='word_1_536' title='bbox 3508 4031 3556 4075; x_wconf 84' lang='lat' dir='ltr'><strong>et</strong></span> 
     </span>
    </p>
   </div>
   <div class='ocr_carea' id='block_1_77' title="bbox 1977 4111 3557 4181">
    <p class='ocr_par' dir='ltr' id='par_1_77' title="bbox 1977 4111 3557 4181">
     <span class='ocr_line' id='line_1_77' title="bbox 1977 4111 3557 4181; baseline 0.001 -17"><span class='ocrx_word' id='word_1_537' title='bbox 1977 4111 2071 4164; x_wconf 87' lang='lat' dir='ltr'><strong>illa</strong></span> <span class='ocrx_word' id='word_1_538' title='bbox 2107 4112 2394 4163; x_wconf 86' lang='lat' dir='ltr'><strong>auctoritas</strong></span> <span class='ocrx_word' id='word_1_539' title='bbox 2416 4111 2677 4163; x_wconf 79' lang='lat' dir='ltr'><strong>luculento</strong></span> <span class='ocrx_word' id='word_1_540' title='bbox 2699 4112 2933 4181; x_wconf 69' lang='lat' dir='ltr'><strong>exempla</strong></span> <span class='ocrx_word' id='word_1_541' title='bbox 2954 4112 3203 4181; x_wconf 89' lang='lat' dir='ltr'><strong>ﬁrmatur</strong></span> <span class='ocrx_word' id='word_1_542' title='bbox 3219 4155 3234 4178; x_wconf 95' lang='lat'><strong>,</strong></span> <span class='ocrx_word' id='word_1_543' title='bbox 3272 4113 3353 4167; x_wconf 80' lang='lat' dir='ltr'><strong>vel</strong></span> <span class='ocrx_word' id='word_1_544' title='bbox 3378 4130 3557 4179; x_wconf 85' lang='lat' dir='ltr'><strong>secus;</strong></span> 
     </span>
    </p>
   </div>
   <div class='ocr_carea' id='block_1_78' title="bbox 1977 4201 3557 4270">
    <p class='ocr_par' dir='ltr' id='par_1_78' title="bbox 1977 4201 3557 4270">
     <span class='ocr_line' id='line_1_78' title="bbox 1977 4201 3557 4270; baseline 0.003 -15"><span class='ocrx_word' id='word_1_545' title='bbox 1977 4212 2026 4255; x_wconf 90' lang='lat' dir='ltr'><strong>et</strong></span> <span class='ocrx_word' id='word_1_546' title='bbox 2062 4202 2407 4255; x_wconf 87' lang='lat' dir='ltr'><strong>vetustissima</strong></span> <span class='ocrx_word' id='word_1_547' title='bbox 2437 4202 2623 4255; x_wconf 82' lang='lat' dir='ltr'><strong>saltent</strong></span> <span class='ocrx_word' id='word_1_548' title='bbox 2662 4201 2996 4270; x_wconf 72' lang='lat' dir='ltr'><strong>Cra&#39;corum,</strong></span> <span class='ocrx_word' id='word_1_549' title='bbox 3029 4207 3259 4259; x_wconf 87' lang='lat' dir='ltr'><strong>nondum</strong></span> <span class='ocrx_word' id='word_1_550' title='bbox 3304 4206 3557 4259; x_wconf 87' lang='lat' dir='ltr'><strong>schisma-</strong></span> 
     </span>
    </p>
   </div>
   <div class='ocr_carea' id='block_1_79' title="bbox 1980 4294 3559 4365">
    <p class='ocr_par' dir='ltr' id='par_1_79' title="bbox 1980 4294 3559 4365">
     <span class='ocr_line' id='line_1_79' title="bbox 1980 4294 3559 4365; baseline 0.003 -20"><span class='ocrx_word' id='word_1_551' title='bbox 1980 4294 2220 4358; x_wconf 91' lang='lat' dir='ltr'><strong>ticorum,</strong></span> <span class='ocrx_word' id='word_1_552' title='bbox 2241 4294 2418 4363; x_wconf 86' lang='lat' dir='ltr'><strong>opinio</strong></span> <span class='ocrx_word' id='word_1_553' title='bbox 2444 4296 2735 4347; x_wconf 89' lang='lat' dir='ltr'><strong>ostenditur</strong></span> <span class='ocrx_word' id='word_1_554' title='bbox 2754 4295 2819 4348; x_wconf 91' lang='lat' dir='ltr'><strong>de</strong></span> <span class='ocrx_word' id='word_1_555' title='bbox 2843 4313 3085 4365; x_wconf 90' lang='lat' dir='ltr'><strong>supremo</strong></span> <span class='ocrx_word' id='word_1_556' title='bbox 3107 4296 3361 4351; x_wconf 81' lang='lat' dir='ltr'><strong>Romana:</strong></span> <span class='ocrx_word' id='word_1_557' title='bbox 3381 4298 3559 4350; x_wconf 67' lang='lat' dir='ltr'><strong>catheo</strong></span> 
     </span>
    </p>
   </div>
   <div class='ocr_carea' id='block_1_80' title="bbox 1982 4389 3559 4458">
    <p class='ocr_par' dir='ltr' id='par_1_80' title="bbox 1982 4389 3559 4458">
     <span class='ocr_line' id='line_1_80' title="bbox 1982 4389 3559 4458; baseline 0.001 -18"><span class='ocrx_word' id='word_1_558' title='bbox 1982 4389 2091 4441; x_wconf 78' lang='lat' dir='ltr'><strong>dra:</strong></span> <span class='ocrx_word' id='word_1_559' title='bbox 2139 4389 2287 4456; x_wconf 86' lang='lat' dir='ltr'><strong>apice</strong></span> <span class='ocrx_word' id='word_1_560' title='bbox 2324 4404 2342 4441; x_wconf 89' lang='lat'><em>:</em></span> <span class='ocrx_word' id='word_1_561' title='bbox 2377 4390 2797 4458; x_wconf 87' lang='lat' dir='ltr'><strong>quandoquidem</strong></span> <span class='ocrx_word' id='word_1_562' title='bbox 2840 4407 2940 4443; x_wconf 90' lang='lat' dir='ltr'><strong>non</strong></span> <span class='ocrx_word' id='word_1_563' title='bbox 2981 4391 3158 4444; x_wconf 86' lang='lat' dir='ltr'><strong>Latini</strong></span> <span class='ocrx_word' id='word_1_564' title='bbox 3207 4390 3420 4455; x_wconf 70' lang='lat' dir='ltr'><strong>Crwcis,</strong></span> <span class='ocrx_word' id='word_1_565' title='bbox 3470 4390 3559 4443; x_wconf 85' lang='lat' dir='ltr'><strong>sed</strong></span> 
     </span>
    </p>
   </div>
   <div class='ocr_carea' id='block_1_81' title="bbox 1983 4478 3559 4550">
    <p class='ocr_par' dir='ltr' id='par_1_81' title="bbox 1983 4478 3559 4550">
     <span class='ocr_line' id='line_1_81' title="bbox 1983 4478 3559 4550; baseline 0.001 -17"><span class='ocrx_word' id='word_1_566' title='bbox 1983 4478 2151 4533; x_wconf 75' lang='lat' dir='ltr'><strong>Crteri</strong></span> <span class='ocrx_word' id='word_1_567' title='bbox 2178 4478 2398 4543; x_wconf 87' lang='lat' dir='ltr'><strong>Latinis,</strong></span> <span class='ocrx_word' id='word_1_568' title='bbox 2425 4479 2521 4532; x_wconf 86' lang='lat' dir='ltr'><strong>has</strong></span> <span class='ocrx_word' id='word_1_569' title='bbox 2553 4480 2780 4550; x_wconf 72' lang='lat' dir='ltr'><strong>insignes</strong></span> <span class='ocrx_word' id='word_1_570' title='bbox 2833 4482 3081 4550; x_wconf 82' lang='lat' dir='ltr'><strong>epistolas</strong></span> <span class='ocrx_word' id='word_1_571' title='bbox 3120 4484 3174 4536; x_wconf 91' lang='lat' dir='ltr'><strong>in</strong></span> <span class='ocrx_word' id='word_1_572' title='bbox 3214 4483 3559 4536; x_wconf 84' lang='lat' dir='ltr'><strong>monumentis</strong></span> 
     </span>
    </p>
   </div>
   <div class='ocr_carea' id='block_1_82' title="bbox 1980 4570 2827 4640">
    <p class='ocr_par' dir='ltr' id='par_1_82' title="bbox 1980 4570 2827 4640">
     <span class='ocr_line' id='line_1_82' title="bbox 1980 4570 2827 4640; baseline 0.005 -19"><span class='ocrx_word' id='word_1_573' title='bbox 1980 4570 2088 4621; x_wconf 85' lang='lat' dir='ltr'><strong>suis</strong></span> <span class='ocrx_word' id='word_1_574' title='bbox 2118 4579 2445 4623; x_wconf 81' lang='lat' dir='ltr'><strong>conservatas</strong></span> <span class='ocrx_word' id='word_1_575' title='bbox 2472 4572 2827 4640; x_wconf 85' lang='lat' dir='ltr'><strong>suppeditant.</strong></span> 
     </span>
    </p>
   </div>
   <div class='ocr_carea' id='block_1_83' title="bbox 292 4921 3548 4949">
    <p class='ocr_par' dir='ltr' id='par_1_83' title="bbox 292 4921 3548 4949">
     <span class='ocr_line' id='line_1_83' title="bbox 292 4921 3548 4949; baseline 0.001 -4"><span class='ocrx_word' id='word_1_576' title='bbox 292 4921 3548 4949; x_wconf 38' lang='lat'><strong>.——-——-—————————————-——-—-——————-——————-————-——~</strong></span> 
     </span>
    </p>
   </div>
   <div class='ocr_carea' id='block_1_84' title="bbox 816 5088 3061 5185">
    <p class='ocr_par' dir='ltr' id='par_1_84' title="bbox 816 5088 3061 5185">
     <span class='ocr_line' id='line_1_84' title="bbox 816 5088 3061 5185; baseline 0.002 -6"><span class='ocrx_word' id='word_1_577' title='bbox 816 5088 1446 5184; x_wconf 79' lang='lat' dir='ltr'><strong>THEODORI</strong></span> <span class='ocrx_word' id='word_1_578' title='bbox 1524 5090 2071 5184; x_wconf 85' lang='lat' dir='ltr'><strong>EPISCOPI</strong></span> <span class='ocrx_word' id='word_1_579' title='bbox 2146 5090 3061 5185; x_wconf 80' lang='lat' dir='ltr'><strong>TRIMITHUNTIS</strong></span> 
     </span>
    </p>
   </div>
   <div class='ocr_carea' id='block_1_85' title="bbox 1239 5284 2651 5345">
    <p class='ocr_par' dir='ltr' id='par_1_85' title="bbox 1239 5284 2651 5345">
     <span class='ocr_line' id='line_1_85' title="bbox 1239 5284 2651 5345; baseline 0.001 -2"><span class='ocrx_word' id='word_1_580' title='bbox 1239 5286 1333 5343; x_wconf 85' lang='lat' dir='ltr'><strong>DE</strong></span> <span class='ocrx_word' id='word_1_581' title='bbox 1360 5284 1509 5341; x_wconf 83' lang='lat' dir='ltr'><strong>VITA</strong></span> <span class='ocrx_word' id='word_1_582' title='bbox 1542 5284 1631 5339; x_wconf 83' lang='lat' dir='ltr'><strong>ET</strong></span> <span class='ocrx_word' id='word_1_583' title='bbox 1655 5284 1939 5343; x_wconf 72' lang='lat' dir='ltr'><strong>EXSILIO</strong></span> <span class='ocrx_word' id='word_1_584' title='bbox 1960 5285 2048 5342; x_wconf 82' lang='lat' dir='ltr'><strong>ET</strong></span> <span class='ocrx_word' id='word_1_585' title='bbox 2074 5285 2651 5345; x_wconf 74' lang='lat' dir='ltr'><strong>AFFLICTIONIBUS</strong></span> 
     </span>
    </p>
   </div>
   <div class='ocr_carea' id='block_1_86' title="bbox 598 5448 3246 5513">
    <p class='ocr_par' dir='ltr' id='par_1_86' title="bbox 598 5448 3246 5513">
     <span class='ocr_line' id='line_1_86' title="bbox 598 5448 3246 5513; baseline -0.001 -6"><span class='ocrx_word' id='word_1_586' title='bbox 598 5448 979 5507; x_wconf 72' lang='lat' dir='ltr'><strong>BEATISSIMI</strong></span> <span class='ocrx_word' id='word_1_587' title='bbox 1023 5450 1310 5508; x_wconf 68' lang='lat' dir='ltr'><strong>JOANNIS</strong></span> <span class='ocrx_word' id='word_1_588' title='bbox 1344 5449 1829 5510; x_wconf 76' lang='lat' dir='ltr'><strong>CllRYSOSTOMI</strong></span> <span class='ocrx_word' id='word_1_589' title='bbox 1865 5451 2383 5513; x_wconf 78' lang='lat' dir='ltr'><strong>ARCHIEPISCOPI</strong></span> <span class='ocrx_word' id='word_1_590' title='bbox 2422 5450 3246 5512; x_wconf 71' lang='lat' dir='ltr'><strong>CONSTANTINOPOLITANI.</strong></span> 
     </span>
    </p>
   </div>
   <div class='ocr_carea' id='block_1_87' title="bbox 387 5735 1883 5807">
    <p class='ocr_par' dir='ltr' id='par_1_87' title="bbox 387 5735 1883 5807">
     <span class='ocr_line' id='line_1_87' title="bbox 387 5735 1883 5807; baseline 0.004 -18"><span class='ocrx_word' id='word_1_591' title='bbox 387 5738 648 5795; x_wconf 74' lang='grc' dir='ltr'><strong>1.[)ἱ1ρ‹;ιί</strong></span> <span class='ocrx_word' id='word_1_592' title='bbox 669 5737 816 5795; x_wconf 75' lang='lat' dir='ltr'><strong>lNon</strong></span> <span class='ocrx_word' id='word_1_593' title='bbox 831 5740 1090 5794; x_wconf 83' lang='lat' dir='ltr'><strong>mentitur</strong></span> <span class='ocrx_word' id='word_1_594' title='bbox 1108 5735 1267 5801; x_wconf 83' lang='lat' dir='ltr'><strong>Dens,</strong></span> <span class='ocrx_word' id='word_1_595' title='bbox 1286 5743 1376 5807; x_wconf 85' lang='lat' dir='ltr'><strong>qui</strong></span> <span class='ocrx_word' id='word_1_596' title='bbox 1392 5759 1484 5796; x_wconf 86' lang='lat' dir='ltr'><strong>ore</strong></span> <span class='ocrx_word' id='word_1_597' title='bbox 1507 5744 1783 5806; x_wconf 66' lang='lat' dir='ltr'><strong>l‘rophrtm</strong></span> <span class='ocrx_word' id='word_1_598' title='bbox 1803 5743 1883 5797; x_wconf 73' lang='lat' dir='ltr'><strong>tli-</strong></span> 
     </span>
    </p>
   </div>
   <div class='ocr_carea' id='block_1_88' title="bbox 310 5827 1889 5905">
    <p class='ocr_par' dir='ltr' id='par_1_88' title="bbox 310 5827 1889 5905">
     <span class='ocr_line' id='line_1_88' title="bbox 310 5827 1889 5905; baseline 0.004 -23"><span class='ocrx_word' id='word_1_599' title='bbox 310 5827 391 5882; x_wconf 74' lang='lat' dir='ltr'><strong>xit</strong></span> <span class='ocrx_word' id='word_1_600' title='bbox 410 5829 613 5885; x_wconf 72' lang='lat' dir='ltr'><strong>:Hulta;</strong></span> <span class='ocrx_word' id='word_1_601' title='bbox 641 5832 1001 5887; x_wconf 86' lang='lat' dir='ltr'><strong>tribulationes</strong></span> <span class='ocrx_word' id='word_1_602' title='bbox 1018 5832 1278 5902; x_wconf 84' lang='lat' dir='ltr'><strong>justorum</strong></span> <span class='ocrx_word' id='word_1_603' title='bbox 1301 5831 1468 5900; x_wconf 76' lang='lat' dir='ltr'><strong>(l’sal.</strong></span> <span class='ocrx_word' id='word_1_604' title='bbox 1486 5837 1802 5905; x_wconf 69' lang='lat' dir='ltr'><strong>\XXIII,9.0).</strong></span> <span class='ocrx_word' id='word_1_605' title='bbox 1826 5837 1889 5890; x_wconf 75' lang='lat' dir='ltr'><strong>Et</strong></span> 
     </span>
    </p>
   </div>
   <div class='ocr_carea' id='block_1_89' title="bbox 311 5924 1883 5996">
    <p class='ocr_par' dir='ltr' id='par_1_89' title="bbox 311 5924 1883 5996">
     <span class='ocr_line' id='line_1_89' title="bbox 311 5924 1883 5996; baseline 0.006 -20"><span class='ocrx_word' id='word_1_606' title='bbox 311 5934 504 5976; x_wconf 75' lang='lat' dir='ltr'><strong>rursus</strong></span> <span class='ocrx_word' id='word_1_607' title='bbox 544 5940 557 5974; x_wconf 91' lang='lat'>:</span> <span class='ocrx_word' id='word_1_608' title='bbox 590 5924 833 5982; x_wconf 82' lang='lat' dir='ltr'><strong>Obserrat</strong></span> <span class='ocrx_word' id='word_1_609' title='bbox 861 5928 1314 5996; x_wconf 80' lang='lat' dir='ltr'><strong>peccatorjustunt</strong></span> <span class='ocrx_word' id='word_1_610' title='bbox 1346 5926 1512 5987; x_wconf 65' lang='lat' dir='ltr'><strong>tPsal.</strong></span> <span class='ocrx_word' id='word_1_611' title='bbox 1548 5947 1725 5985; x_wconf 67' lang='lat' dir='ltr'><strong>\\\\l.</strong></span> <span class='ocrx_word' id='word_1_612' title='bbox 1785 5928 1883 5996; x_wconf 61' lang='grc'><strong>22)-</strong></span> 
     </span>
    </p>
   </div>
   <div class='ocr_carea' id='block_1_90' title="bbox 323 6011 1836 6091">
    <p class='ocr_par' dir='ltr' id='par_1_90' title="bbox 323 6011 1836 6091">
     <span class='ocr_line' id='line_1_90' title="bbox 323 6011 1836 6091; baseline 0.005 -27"><span class='ocrx_word' id='word_1_613' title='bbox 323 6011 670 6077; x_wconf 73' lang='lat' dir='ltr'><strong>itcmqucnit;</strong></span> <span class='ocrx_word' id='word_1_614' title='bbox 688 6019 1176 6089; x_wconf 67' lang='lat' dir='ltr'><strong>In..idicnmrju.&lt;to,</strong></span> <span class='ocrx_word' id='word_1_615' title='bbox 1194 6024 1311 6091; x_wconf 71' lang='lat' dir='ltr'><strong>quia</strong></span> <span class='ocrx_word' id='word_1_616' title='bbox 1332 6024 1536 6081; x_wconf 68' lang='lat' dir='ltr'><strong>inarata</strong></span> <span class='ocrx_word' id='word_1_617' title='bbox 1558 6032 1652 6074; x_wconf 62' lang='lat' dir='ltr'><strong>est</strong></span> <span class='ocrx_word' id='word_1_618' title='bbox 1698 6026 1836 6077; x_wconf 63' lang='grc' dir='ltr'><strong>ηυιένικ</strong></span> 
     </span>
    </p>
   </div>
   <div class='ocr_carea' id='block_1_91' title="bbox 1997 5730 3563 5813">
    <p class='ocr_par' dir='ltr' id='par_1_91' title="bbox 1997 5730 3563 5813">
     <span class='ocr_line' id='line_1_91' title="bbox 1997 5730 3563 5813; baseline -0.008 -16"><span class='ocrx_word' id='word_1_619' title='bbox 1997 5754 2044 5797; x_wconf 87' lang='lat' dir='ltr'><strong>et</strong></span> <span class='ocrx_word' id='word_1_620' title='bbox 2095 5747 2202 5813; x_wconf 80' lang='lat' dir='ltr'><strong>ipse</strong></span> <span class='ocrx_word' id='word_1_621' title='bbox 2243 5744 2354 5811; x_wconf 80' lang='lat' dir='ltr'><strong>ejus</strong></span> <span class='ocrx_word' id='word_1_622' title='bbox 2399 5743 2619 5795; x_wconf 83' lang='lat' dir='ltr'><strong>intuitus</strong></span> <span class='ocrx_word' id='word_1_623' title='bbox 2653 5746 2892 5794; x_wconf 85' lang='lat' dir='ltr'><strong>molestus</strong></span> <span class='ocrx_word' id='word_1_624' title='bbox 2933 5734 3069 5808; x_wconf 87' lang='lat' dir='ltr'><strong>(lsa.</strong></span> <span class='ocrx_word' id='word_1_625' title='bbox 3102 5750 3184 5799; x_wconf 87' lang='lat' dir='ltr'><strong>III,</strong></span> <span class='ocrx_word' id='word_1_626' title='bbox 3217 5733 3325 5805; x_wconf 81' lang='grc'><strong>10).</strong></span> <span class='ocrx_word' id='word_1_627' title='bbox 3374 5730 3563 5787; x_wconf 71' lang='lat' dir='ltr'><strong>little-</strong></span> 
     </span>
    </p>
   </div>
   <div class='ocr_carea' id='block_1_92' title="bbox 1998 5824 3565 5909">
    <p class='ocr_par' dir='ltr' id='par_1_92' title="bbox 1998 5824 3565 5909">
     <span class='ocr_line' id='line_1_92' title="bbox 1998 5824 3565 5909; baseline -0.01 -17"><span class='ocrx_word' id='word_1_628' title='bbox 1998 5840 2159 5909; x_wconf 83' lang='lat' dir='ltr'><strong>nique</strong></span> <span class='ocrx_word' id='word_1_629' title='bbox 2209 5858 2221 5890; x_wconf 85' lang='lat'><strong>:</strong></span> <span class='ocrx_word' id='word_1_630' title='bbox 2264 5838 2478 5897; x_wconf 75' lang='lat' dir='ltr'><strong>Beatus,</strong></span> <span class='ocrx_word' id='word_1_631' title='bbox 2536 5835 2725 5903; x_wconf 83' lang='lat' dir='ltr'><strong>inquit,</strong></span> <span class='ocrx_word' id='word_1_632' title='bbox 2783 5831 2871 5901; x_wconf 88' lang='lat' dir='ltr'><strong>qui</strong></span> <span class='ocrx_word' id='word_1_633' title='bbox 2918 5830 3255 5883; x_wconf 88' lang='lat' dir='ltr'><strong>tcntationem</strong></span> <span class='ocrx_word' id='word_1_634' title='bbox 3294 5824 3565 5879; x_wconf 89' lang='lat' dir='ltr'><strong>sustinebit</strong></span> 
     </span>
    </p>
   </div>
   <div class='ocr_carea' id='block_1_93' title="bbox 2001 5915 3566 5994">
    <p class='ocr_par' dir='ltr' id='par_1_93' title="bbox 2001 5915 3566 5994">
     <span class='ocr_line' id='line_1_93' title="bbox 2001 5915 3566 5994; baseline -0.012 -9"><span class='ocrx_word' id='word_1_635' title='bbox 2001 5929 2135 5985; x_wconf 79' lang='lat' dir='ltr'><strong>(lac.</strong></span> <span class='ocrx_word' id='word_1_636' title='bbox 2171 5945 2205 5992; x_wconf 88' lang='lat' dir='ltr'><strong>t,</strong></span> <span class='ocrx_word' id='word_1_637' title='bbox 2238 5928 2342 5994; x_wconf 73' lang='lat' dir='ltr'><strong>l2).</strong></span> <span class='ocrx_word' id='word_1_638' title='bbox 2375 5925 2612 5981; x_wconf 77' lang='lat' dir='ltr'><strong>Joannes</strong></span> <span class='ocrx_word' id='word_1_639' title='bbox 2637 5924 2743 5988; x_wconf 89' lang='lat' dir='ltr'><strong>hic,</strong></span> <span class='ocrx_word' id='word_1_640' title='bbox 2772 5929 2960 5977; x_wconf 78' lang='lat' dir='ltr'><strong>tenera</strong></span> <span class='ocrx_word' id='word_1_641' title='bbox 2988 5929 3165 5981; x_wconf 77' lang='lat' dir='ltr'><strong>:ntnte,</strong></span> <span class='ocrx_word' id='word_1_642' title='bbox 3192 5915 3339 5971; x_wconf 87' lang='lat' dir='ltr'><strong>omni</strong></span> <span class='ocrx_word' id='word_1_643' title='bbox 3372 5915 3566 5969; x_wconf 77' lang='lat' dir='ltr'><strong>huma-</strong></span> 
     </span>
    </p>
   </div>
   <div class='ocr_carea' id='block_1_94' title="bbox 2000 6005 3545 6083">
    <p class='ocr_par' dir='ltr' id='par_1_94' title="bbox 2000 6005 3545 6083">
     <span class='ocr_line' id='line_1_94' title="bbox 2000 6005 3545 6083; baseline -0.011 -8"><span class='ocrx_word' id='word_1_644' title='bbox 2000 6039 2061 6069; x_wconf 76' lang='lat' dir='ltr'><strong>2m</strong></span> <span class='ocrx_word' id='word_1_645' title='bbox 2095 6019 2337 6075; x_wconf 74' lang='lat' dir='ltr'><strong>doctrina</strong></span> <span class='ocrx_word' id='word_1_646' title='bbox 2368 6017 2608 6073; x_wconf 71' lang='lat' dir='ltr'><strong>imlmitts</strong></span> <span class='ocrx_word' id='word_1_647' title='bbox 2640 6014 2769 6081; x_wconf 81' lang='lat' dir='ltr'><strong>fuit;</strong></span> <span class='ocrx_word' id='word_1_648' title='bbox 2796 6013 2863 6068; x_wconf 87' lang='lat' dir='ltr'><strong>de</strong></span> <span class='ocrx_word' id='word_1_649' title='bbox 2886 6009 3194 6083; x_wconf 78' lang='lat' dir='ltr'><strong>parentibus</strong></span> <span class='ocrx_word' id='word_1_650' title='bbox 3218 6005 3450 6062; x_wconf 78' lang='lat' dir='ltr'><strong>ethnicis</strong></span> <span class='ocrx_word' id='word_1_651' title='bbox 3479 6019 3545 6058; x_wconf 80' lang='lat' dir='ltr'><strong>na</strong></span> 
     </span>
    </p>
   </div>
  </div>
