4466 6734
259 675 374 716 ινιι

262 791 374 843 tus,
408 785 463 832 et
506 778 618 850 ipse
659 795 873 850 quoque
919 777 1185 830 ethnicus.
1234 777 1616 833 Verumtamen
1665 777 1845 832 divina

261 872 431 943 gratia
476 880 835 942 compunctus
871 869 936 922 ad
968 869 1361 925 ecclesiasticos
1395 879 1696 924 conventus
1737 887 1849 926 cae-

260 965 342 1034 pit
369 967 648 1027 accedere,
674 971 726 1015 ct
760 961 1064 1015 divinarmn
1093 961 1500 1034 Seripturarum
1530 961 1851 1014 lectionibus

259 1054 569 1108 interesse:
608 1066 742 1120 quas
773 1066 893 1104 cum
943 1052 1174 1107 libenter
1220 1054 1457 1117 audiret,
1501 1053 1690 1106 harum
1732 1070 1850 1106 ma-

258 1146 443 1215 gistris
494 1142 827 1207 adltterebat,
885 1145 1064 1200 divina
1129 1145 1470 1215 providentia
1528 1145 1845 1200 illustratus.

257 1237 458 1291 Sancto
512 1242 694 1287 autem
745 1247 994 1305 suscepto
1039 1237 1094 1290 in
1138 1238 1271 1292 urbe
1301 1237 1492 1290 Amida
1518 1237 1788 1306 baptismo
1816 1253 1846 1291 a

257 1327 479 1381 Bzetaito
507 1328 780 1395 episeopo,
811 1331 989 1383 statim
1020 1329 1192 1384 lector
1230 1330 1510 1385 ordinatus
1539 1338 1621 1384 est
1650 1329 1846 1384 Antio-

255 1421 397 1473 chi'e
425 1435 456 1472 a
487 1417 763 1474 I’r'rmenio
792 1422 908 1491 ejus
929 1422 1080 1477 urbis
1107 1423 1383 1492 episcopo.

323 1537 379 1589 Ω.
414 1536 480 1591 Et
505 1539 630 1606 quia
671 1539 778 1608 jam
811 1539 1036 1594 iunuere
1075 1541 1342 1608 crepiums
1399 1537 1466 1591 de
1504 1537 1637 1606 justi
1685 1538 1844 1606 hujus

255 1627 688 1690 insidiatoribus,
727 1629 916 1682 brium
950 1630 1192 1698 profecto
1241 1629 1492 1696 princeps
1523 1629 1621 1682 fuit
1661 1629 1842 1682 Eudo-

252 1717 337 1772 aia
391 1717 610 1772 Arcadii
669 1735 820 1783 umr,
874 1718 1073 1772 deinde
1137 1725 1260 1785 post
1315 1715 1462 1770 illam
1505 1716 1842 1786 'I'heOphilus

253 1809 592 1864 Alexandria:
623 1812 930 1880 episcopus,
966 1819 1078 1862 tum
1117 1809 1366 1862 similiter
1408 1808 1751 1866 Severianus.
1787 1819 1841 1863 et

251 1913 375 1952 eum
411 1917 478 1952 eo
507 1900 740 1953 Aeacius
787 1911 948 1968 atque
988 1899 1347 1970 Porphyrius;
1381 1899 1433 1953 hi
1463 1901 1680 1968 quidem
1722 1902 1842 1969 epi-

250 1993 400 2060 εαηεί
463 2010 524 2044 ae
574 1991 822 2044 nonnulli
871 1992 980 2056 alii,
1024 1991 1091 2044 de
1125 1991 1322 2060 quibus
1368 2000 1555 2060 postea
1597 1992 1842 2045 dicturus

249 2098 392 2138 Sitit].
428 2083 768 2152 Cailoquitur
806 2093 985 2138 autem
1039 2084 1182 2137 circa
1233 2083 1500 2138 Joannem
1540 2094 1595 2138 et
1631 2100 1752 2153 quae
1790 2084 1840 2138 ei

255 2185 558 2230 evenerunt
585 2177 788 2241 omnia,
811 2192 934 2230 cum
960 2174 1246 2229 Theodoro
1274 2191 1482 2246 magna:
1512 2175 1696 2230 Romae
1720 2176 1840 2230 dia-

251 2281 409 2328 cono,
438 2266 519 2318 vir
548 2266 765 2335 quidam
799 2265 1128 2334 spectabilis,
1162 2267 1382 2318 nomine
1411 2265 1713 2330 Palladius;
1743 2267 1838 2336 qui

245 2357 483 2425 primum
511 2357 710 2409 deserti
737 2357 920 2410 multis
945 2356 1104 2410 annis
1131 2355 1324 2418 incola,
1349 2356 1607 2425 deinceps
1632 2359 1840 2425 episeo-

245 2461 371 2517 patu
420 2449 474 2501 in
523 2448 765 2517 Bithynia
808 2458 1032 2503 ornatus
1088 2448 1207 2502 fuit.
1244 2447 1390 2500 Idem
1424 2447 1512 2500 hic
1545 2449 1836 2502 multorum

244 2554 460 2608 quoque
493 2537 714 2590 Patrum
744 2541 970 2591 virtutes
1009 2538 1334 2608 descripsit;
1382 2548 1436 2591 et
1477 2538 1602 2606 quia
1639 2538 1835 2592 Joauni

244 2631 525 2685 familiaris
554 2631 675 2694 fuit,
707 2631 936 2683 careeris
961 2645 1257 2684 ast-umnam
1279 2630 1558 2684 mensibus
1582 2631 1835 2684 Ilnilt‘t‘iin

241 2737 436 2793 passos
491 2729 576 2774 est
644 2721 700 2774 in
758 2719 1050 2774 tenebroso
1109 2721 1378 2774 cubiculo.
1453 2720 1585 2773 \‘olo
1652 2723 1834 2791 igitur,

243 2823 507 2881 quantum
543 2826 678 2866 mem
723 2810 996 2867 facultatis
1039 2820 1143 2878 est,
1173 2826 1261 2865 res
1289 2811 1514 2866 Joannis
1545 2815 1697 2869 vobis
1737 2831 1836 2870 ev-

245 2918 467 2971 ponere.

308 3025 360 3077 5.
402 3022 648 3077 Joannes
676 3022 856 3093 itaque
895 3022 1033 3078 duro
1061 3023 1184 3078 vitae
1209 3038 1429 3095 genere,
1462 3039 1572 3094 quo
1613 3025 1665 3078 in
1702 3025 1836 3080 urbe

242 3115 514 3178 utebatur,
553 3131 663 3169 non
693 3124 1006 3179 contentus,
1039 3115 1094 3168 in
1126 3117 1402 3185 proximos
1433 3125 1649 3172 montes
1679 3133 1835 3173 sece-

239 3209 393 3268 dens.
444 3209 516 3262 ibi
576 3209 788 3278 corpori
841 3207 1146 3262 edomando
1189 3209 1427 3263 studium
1460 3210 1828 3280 impendebat.

241 3299 342 3354 Sed
381 3300 532 3354 enim
564 3300 617 3353 in
652 3301 760 3354 imo
787 3307 978 3353 ventre
997 3313 1290 3369 percussus
1329 3299 1544 3370 frigore,
1574 3316 1698 3355 cum
1729 3301 1832 3358 sibi

241 3391 553 3445 ministrare
588 3391 892 3444 necessaria
919 3405 1027 3443 non
1056 3398 1258 3459 posset,
1284 3404 1471 3445 rursus
1498 3390 1551 3444 in
1578 3391 1832 3447 Ecclesia:

242 3495 455 3550 pnrtttttt
511 3498 572 3538 sc
618 3482 840 3552 recepit,
874 3482 1056 3537 divina
1089 3497 1214 3536 eum
1248 3483 1532 3538 commode
1562 3484 1730 3554 gratia
1766 3485 1833 3540 ad

243 3577 290 3630 id
321 3578 463 3646 quod
499 3577 668 3646 magis
691 3577 943 3646 proderat
974 3577 1307 3647 perducente
1332 3597 1345 3631 :
1375 3579 1545 3649 ﬁtque
1572 3580 1836 3637 diaconus

242 3667 569 3730 Antiochize,
598 3668 710 3736 jam
735 3682 830 3721 ore
859 3667 978 3736 ejus
1015 3667 1334 3722 mirabiliter
1376 3678 1567 3724 contra
1597 3670 1836 3728 haereses

243 3767 568 3822 resonante;
598 3773 720 3812 mox
743 3767 796 3812 et
825 3758 1106 3828 presbyter
1130 3758 1500 3814 constituitur.
1535 3760 1832 3833 Denuoque

240 3865 416 3902 sermo
449 3850 561 3906 ille.
593 3849 704 3904 sale
726 3849 978 3904 conditus
1006 3847 1224 3919 (Colon.
1258 3865 1330 3914 tv,
1354 3851 1433 3920 6),
1477 3856 1830 3923 tempestivus

241 3958 371 3998 sane
410 3959 480 3998 ex
523 3956 621 3997 ore
664 3941 835 4011 ipsius
879 3942 1152 4012 prodibat,
1186 3944 1362 4013 primo
1392 3945 1610 4014 quidem
1641 3961 1828 4002 contra

243 4033 505 4103 superbos
533 4039 590 4086 et
613 4031 941 4102 irreligiosos
973 4047 1038 4086 ac
1069 4048 1370 4103 pauperum
1400 4049 1626 4100 osores;
1667 4049 1830 4108 atque

244 4127 292 4178 in
317 4125 399 4180 his
431 4123 770 4195 argumentis
799 4139 1126 4194 magnopere
1155 4127 1463 4182 exsultabat
1494 4140 1710 4196 orator;
1733 4132 1829 4186 ad-

243 4225 460 4286 eratque
519 4215 573 4269 ei
621 4215 993 4285 quotidianum
1056 4217 1409 4284 auditorium,
1463 4233 1830 4280 concurrente

245 4308 486 4363 utilitatis
556 4323 671 4363 suae
733 4322 891 4362 causa
963 4308 1181 4377 populo,
1251 4313 1546 4382 cunctique
1597 4330 1721 4370 eum
1764 4316 1829 4370 li-

246 4401 430 4454 benter
462 4399 782 4466 audiebant,
825 4399 1174 4470 ejusdemque
1215 4402 1372 4456 dictis
1419 4419 1625 4460 morem
1673 4424 1815 4464 verc-

245 4494 386 4547 bant.

311 4613 361 4665 ἆ.
390 4611 531 4664 Ili-ee
560 4620 743 4665 autem
767 4613 858 4668 illo
881 4623 1120 4684 tempore
1144 4615 1384 4682 contigit,
1432 4627 1489 4670 ut
1525 4617 1593 4670 ab
1631 4619 1823 4674 huma-

245 4718 323 4756 nre
350 4702 471 4756 vita!
501 4702 813 4757 turbinibus
845 4704 1126 4760 Nectarius
1157 4707 1462 4772 decederet,
1512 4709 1824 4766 Constanti-

246 4793 496 4863 nepoleos
533 4793 828 4861 episcopus
851 4835 864 4852 .
904 4809 968 4847 ae
1009 4797 1240 4865 proinde
1279 4799 1435 4855 multi
1466 4802 1822 4858 sacerdotium

249 4886 370 4940 illud
423 4883 814 4956 propemodum
873 4898 1266 4953 mercarentur,
1320 4907 1496 4963 neque
1555 4895 1825 4952 modicum

248 4976 520 5031 dissidinm
553 4973 728 5028 fieret.
768 4973 921 5028 Tunc
964 4974 1195 5030 Arcadio
1240 4980 1551 5048 imperatori
1602 4984 1825 5040 relatum

248 5067 341 5122 fuit
369 5069 435 5122 de
462 5065 688 5122 Joannis
717 5067 1030 5134 praestantia
1058 5084 1070 5118 :
1095 5069 1186 5138 qui
1217 5071 1397 5125 statim
1435 5075 1500 5126 ad
1524 5076 1825 5130 Antiochi-1'

249 5161 557 5228 przefectum
591 5158 824 5229 scripsit,
852 5169 912 5212 ut
942 5162 1146 5232 absque
1173 5165 1400 5233 strepitu
1430 5166 1537 5219 ullo
1561 5167 1822 5222 Joannem

250 5253 388 5310 adse
424 5252 687 5314 mitteret,
737 5263 938 5305 cavens
975 5267 1044 5306 ne
1076 5255 1156 5308 vel
1203 5254 1379 5324 ipsum
1419 5255 1692 5310 hominem
1741 5259 1823 5312 vel

252 5342 639 5400 Antiochenam
668 5340 943 5397 civitatem
975 5344 1236 5400 turbaret.
1271 5347 1394 5402 Fuit
1429 5359 1609 5404 autem
1641 5365 1824 5404 exem-

251 5431 360 5498 plar
400 5435 647 5507 epistola
685 5434 832 5490 hoc:
872 5454 890 5485 r
927 5435 1190 5491 Arcadius
1217 5451 1498 5510 angustus,
1539 5443 1821 5512 gloriosus,

253 5519 442 5584 Victori
483 5529 714 5601 patricio
738 5537 794 5583 et
821 5525 1075 5598 prtefeeto
1099 5527 1340 5587 Orientis
1370 5534 1486 5590 haec
1515 5537 1600 5590 aio
1640 5553 1650 5587 :
1686 5535 1823 5603 Quia

255 5623 489 5678 nonnulli
543 5623 713 5694 inepti
760 5621 950 5678 inscite
981 5620 1232 5676 videntur
1255 5640 1604 5691 concurrere,
1646 5641 1698 5685 et
1730 5647 1826 5684 ne-

258 5797 489 5885 Qrientis.
519 5811 756 5885 Bronins
783 5813 914 5866 mihi
943 5820 1058 5885 erat
1085 5813 1322 5885 scribere
1355 5815 1627 5885 ’Uptvmu,
1662 5821 1712 5874 id
1745 5831 1827 5876 est

263 5866 478 5952 Orontis.
528 5878 637 5935 Sed
671 5866 965 5937 insolitum
987 5866 1429 5952 hoevidebaturt
1452 5895 1465 5948 (
1487 5866 1647 5952 vuigh

259 5951 825 6030 auctoreshsspafm-v‘i;
855 5954 953 6024 τῆς
996 5950 1278 6030 “ius-.1953;
1317 5956 1396 6008 vei
1430 5950 1827 6026 τῆς”ὶέισ›).(’ῖ;εεο

263 6014 758 6098 ίεγοίιιιὶιῐδεῇᾖιιιὶιίέ
806 6014 1021 6098 quoque
1057 6028 1180 6081 (iit'it
1222 6014 1825 6098 λε’(τιιζὶιίήίειτίείς-ῥέξω

266 6093 322 6144 ³⁸,
344 6085 689 6158 Ρτιείθθίυῖυῧ
719 6085 1243 6171 εθάάἓὲἶὺίοεττῑίηὶιί
1271 6099 1332 6152 ad
1356 6085 1668 6154 Havicutuu
1699 6085 1819 6174 cpi;

1021 662 1104 714 [ti-2
1150 661 1302 715 VITA
1342 661 1428 717 ILT
1474 659 1747 716 EXSILIO
1782 668 1836 718 S.
1877 663 2163 720 JOANNIS
2202 664 2715 722 Ctiﬂt’SOSTOMl.

3409 680 3541 722 ινιιὶ

1962 795 2068 850 que
2122 778 2421 844 dedecoris,
2469 796 2648 852 neque
2691 788 2888 844 metus,
2919 794 3096 850 neque
3136 776 3546 848 vituperationis

1958 870 2225 923 rationem
2259 869 2545 934 habentes,
2595 871 2968 941 episcopatum
3027 869 3128 924 sibi
3189 867 3413 923 concedi
3445 881 3546 924 v0-

1957 963 2095 1024 lunt,
2134 977 2234 1016 nos
2287 961 2380 1016 Dei
2423 964 2602 1017 timori
2633 978 2852 1032 semper
2893 963 3271 1031 obsequentes,
3315 959 3437 1022 hos,
3486 974 3548 1015 re

1959 1069 2067 1107 non
2112 1052 2419 1122 impetrata,
2454 1053 2805 1108 dimittimus.
2861 1051 2979 1106 Tibi
3038 1063 3218 1106 autem
3249 1052 3351 1106 hac
3391 1066 3545 1105 sacra

1953 1145 2180 1215 cpistola
2223 1156 2406 1198 nostra
2432 1145 2705 1214 prazcipio,
2739 1154 2796 1198 ut
2825 1160 2948 1197 eum
2981 1142 3128 1196 omni
3159 1143 3546 1212 tranquillitate

1953 1237 2136 1290 mittas
2187 1237 2292 1290 huc
2339 1236 2604 1290 Joannem
2641 1239 3040 1308 presbyterum,
3073 1236 3206 1305 qttin
3248 1253 3360 1290 rem
3395 1236 3546 1306 quis-

1951 1345 2113 1397 quam
2153 1328 2460 1382 Antiochia:
2510 1331 2816 1397 suspicetur
2856 1338 2950 1383 aut
2975 1328 3194 1383 sentiat.
3223 1325 3378 1392 Quod
3409 1326 3464 1380 si'
3487 1336 3545 1381 tu

1951 1421 2268 1474 mandatum
2296 1420 2509 1490 egtegie
2543 1418 2862 1489 perfeceris,
2890 1434 3154 1474 summam
3175 1434 3209 1473 a
3235 1417 3396 1473 nobis
3426 1416 3546 1472 Iau-

1949 1513 2074 1566 dem
2107 1512 2330 1567 referes.
2363 1533 2381 1563 ι
2417 1513 2512 1566 llis
2547 1513 2700 1567 lectis
2730 1510 3022 1582 prtefectus
3051 1509 3314 1564 Joannem
3347 1509 3548 1564 invitat

1951 1612 2009 1656 ut
2039 1614 2188 1657 extra
2213 1603 2268 1656 in
2289 1602 2565 1657 subet-hiis
2590 1602 2825 1664 adesset,
2850 1615 3012 1670 quem
3037 1615 3162 1654 mox
3194 1598 3247 1651 in
3273 1597 3544 1666 publicam

1950 1694 2173 1748 rhedant
2207 1695 2543 1764 impositum,
2588 1693 2712 1746 data
2757 1693 2919 1745 etiam
2965 1693 3178 1755 lectica,
3225 1689 3544 1744 Constanti-

1948 1785 2186 1852 nopolim
2214 1781 2734 1849 mittit.'Statimque
2757 1779 3042 1832 ordinatur
3063 1779 3367 1848 episcopus,
3395 1782 3544 1831 erat-

1948 1890 2054 1944 que
2087 1874 2345 1928 facultate
2377 1873 2606 1927 docendi
2638 1870 3130 1943 splendidissimus,
3162 1870 3544 1924 immisericor-

1949 1967 2047 2022 des
2075 1967 2271 2021 divites
2295 1967 2513 2034 Denqtte
2554 1965 2791 2035 ingratos
2829 1963 3104 2018 liberrime
3130 1975 3384 2032 arguens.
3412 1959 3546 2025 Qua:

1948 2055 2130 2111 omnia
2184 2054 2622 2110 dissolutioribus
2673 2051 2985 2108 hominibus
3031 2050 3337 2106 molestiam
3393 2063 3543 2103 crea-

1943 2147 2095 2202 bant.

2018 2240 2070 2294 5.
2100 2239 2266 2294 Porro
2299 2237 2616 2292 indesinens
2648 2236 2848 2292 diaboli
2885 2234 3086 2292 invidia
3143 2233 3322 2290 ollicio
3351 2248 3543 2288 rursus

1945 2331 2165 2400 proprio
2195 2331 2377 2384 functa
2405 2341 2507 2383 est.
2548 2329 2761 2383 Etenim
2805 2326 3151 2384 Alexandria:
3189 2342 3304 2382 rem
3345 2326 3542 2396 hujus-

1949 2423 2090 2476 modi
2140 2421 2253 2474 ﬁeri
2310 2420 2534 2488 contigit
2577 2437 2589 2471 :
2634 2434 2833 2488 nempe
2871 2418 3216 2474 Theodotem
3264 2417 3541 2473 Theodori

1948 2511 2196 2580 prtetoris
2237 2524 2482 2564 sororem
2523 2508 2672 2562 mille
2714 2523 2969 2564 nummos
3010 2509 3140 2564 dare
3173 2508 3382 2563 Isidoro
3415 2523 3545 2578 pre-

1945 2603 2164 2673 sbytero
2214 2609 2270 2656 et
2319 2601 2461 2671 apud
2503 2599 2751 2653 eamdem
2790 2597 3080 2653 ecclesiam
3125 2596 3402 2668 hospitum
3455 2613 3543 2651 ex-

1942 2693 2173 2764 ceptori,
2203 2701 2264 2747 ut
2295 2691 2626 2762 pauperibus
2651 2690 3024 2745 distribueret.
3067 2687 3167 2743 llic
3206 2703 3338 2743 vero
3373 2687 3542 2742 Isido-

1941 2801 2035 2840 rus
2059 2793 2284 2839 sanctus
2314 2783 2399 2837 vir
2429 2791 2546 2837 erat
2573 2790 2630 2836 et
2657 2781 2948 2844 discretus,
2978 2795 3142 2849 quem
3176 2780 3372 2834 beatus
3402 2796 3540 2848 papa

1939 2877 2272 2932 Athanasius
2320 2876 2696 2947 presbyterum
2753 2873 2978 2928 fecerat.
3026 2871 3148 2926 Jam
3203 2886 3335 2926 vero
3403 2885 3540 2942 papa

1941 2967 2300 3038 Theophilus,
2326 2983 2386 3021 re
2417 2965 2651 3037 cognita,
2682 2963 3008 3019 accersitum
3036 2961 3302 3018 lsidorum
3322 2962 3390 3018 de
3406 2978 3541 3017 auro

1941 3058 2246 3115 sciscitatus
2269 3067 2373 3113 est.
2418 3056 2518 3112 IIic
2545 3055 2751 3126 liquido
2776 3054 3064 3109 veritatem
3097 3053 3386 3109 confessus
3416 3054 3492 3109 ait
3520 3069 3534 3106 :

1948 3170 1967 3201 ι
2004 3149 2346 3204 Theodotem
2373 3163 2495 3217 quae
2526 3147 2772 3211 dederat,
2805 3161 2865 3200 se
2902 3145 3202 3216 adjurasse,
3243 3146 3540 3216 quominus

1939 3239 1994 3294 id
2034 3239 2131 3294 tibi
2182 3239 2473 3304 traderem,
2511 3237 2607 3292 sed
2634 3235 2924 3308 egentibus
2970 3235 3153 3306 potius
3193 3235 3538 3307 impertirer:

1937 3332 2130 3386 melior
2153 3340 2239 3386 est
2266 3332 2437 3393 enim,
2461 3330 2556 3396 ait,
2582 3328 2963 3393 beneficentia,
2991 3343 3155 3399 quam
3184 3328 3275 3384 illa
3300 3343 3423 3400 qua:
3445 3343 3544 3383 vos

1935 3422 2221 3477 exstruitis
2268 3421 2520 3477 aedificia.
2568 3439 2587 3472 ›
2633 3420 2732 3474 Hic
2787 3435 2920 3475 vero
2961 3419 3245 3475 iracundia
3299 3419 3539 3483 furebat,

1937 3515 2193 3569 dentibus
2220 3514 2486 3569 adversus
2509 3513 2778 3568 lsidorum
2810 3511 3149 3568 infrendens.
3181 3513 3228 3566 A
3252 3527 3540 3568 communi

1940 3620 2069 3676 ergo
2091 3605 2247 3660 hoste
2275 3614 2580 3659 commotus
2607 3603 2950 3671 Theophilus
2977 3603 3198 3674 scripsit
3225 3604 3540 3660 contra-ab-

1940 3698 2121 3753 batem
2162 3697 2430 3752 Isidorum
2479 3695 2797 3752 Sodomitici
2842 3693 3026 3765 ﬂagitii
3063 3694 3537 3761 criminationem,

1938 3789 2096 3858 eique
2123 3789 2188 3844 ad
2217 3805 2274 3844 se
2301 3797 2491 3843 vocato
2513 3787 2647 3844 dixit
2675 3805 2688 3839 :
2723 3809 2743 3840 ι
2781 3788 2984 3842 Isidore
3015 3786 3206 3850 abbas,
3231 3785 3539 3842 chartulam

1938 3880 2075 3932 hante
2099 3879 2248 3932 dedit
2278 3879 2409 3932 mihi
2435 3878 2652 3948 quidam
2675 3878 2941 3933 adversus
2962 3887 3050 3943 te;
3087 3891 3283 3931 verum
3313 3891 3416 3949 ego
3435 3893 3538 3949 per

1935 3972 2102 4025 multa
2141 3971 2451 4030 distractus.
2483 3969 2744 4024 oblivioni
2777 3970 3127 4035 tradideram,
3168 3984 3318 4024 nunc
3353 3978 3536 4024 tamen

1936 4063 2094 4116 aliam
2137 4076 2390 4131 qumrens
2444 4061 2770 4124 chartulam,
2816 4062 2958 4117 hanc
3008 4061 3369 4132 deprehendi,
3415 4077 3537 4133 qua:

1937 4159 2072 4213 mihi
2113 4158 2516 4214 accusationem
2551 4159 2645 4213 tibi
2675 4160 2966 4231 irrogatam
3011 4158 3066 4212 in
3105 4167 3347 4214 mentem
3380 4175 3535 4215 revo-

1936 4246 2098 4302 cavit.
2138 4264 2157 4297 ι
2199 4245 2299 4302 Cui
2312 4246 2494 4318 justus
2516 4247 2604 4302 ille
2628 4247 2711 4302 vir
2749 4248 3108 4318 respondens,
3135 4249 3210 4304 ait
3243 4267 3259 4304 :
3297 4269 3316 4301 ‹
3349 4250 3531 4306 Domi-

1937 4353 2006 4392 ne
2029 4352 2184 4408 papa,
2216 4345 2273 4392 tu
2309 4337 2529 4408 quidem
2549 4337 2752 4394 oblitus
2783 4354 2880 4405 es;
2910 4339 3006 4396 sed
3034 4349 3219 4396 tamen
3245 4351 3530 4397 accusator

1937 4429 2029 4482 ubi
2051 4428 2170 4484 est?
2203 4447 2222 4480 1
2258 4429 2372 4495 Ille,
2411 4449 2430 4482 ‹
2452 4429 2641 4495 Adest,
2677 4449 2696 4482 1
2729 4431 3233 4503 inquit;vocatque
3261 4432 3534 4503 Theophi-

1936 4521 2020 4576 lus
2039 4538 2283 4577 sororem
2341 4538 2520 4588 suam,
2582 4533 2638 4576 et
2703 4523 2772 4577 de
2838 4524 3104 4580 instructa
3171 4525 3532 4596 sycophantia

1933 4622 2137 4668 monet.
2210 4614 2302 4667 Illa
2351 4615 2419 4668 ad
2482 4613 2698 4668 viduam
2754 4613 3047 4682 quamdam
3112 4615 3309 4685 pergit,
3369 4615 3530 4684 eique

1935 4705 2179 4776 pecunia:
2230 4717 2441 4762 certum
2492 4722 2785 4762 numerum
2829 4706 3014 4769 tradit,
3065 4713 3127 4760 ut
3159 4706 3329 4761 filium
3370 4721 3530 4762 suum

1934 4799 2000 4853 ad
2025 4799 2472 4856 ealunmiandum
2498 4799 2708 4856 Isidoro
2732 4799 3015 4854 subornet.
3039 4797 3168 4854 Haec
3189 4809 3373 4854 autem
3415 4814 3528 4854 rem

1939 4903 2104 4948 totam
2139 4893 2344 4949 Isidoro
2365 4894 2570 4966 pandit,
2599 4892 2896 4946 ostendens
2932 4891 3092 4946 simul
3125 4907 3245 4960 qua:
3283 4891 3530 4962 accepis-

1938 4997 2016 5040 set
2044 4986 2204 5040 dona.
2234 4985 2402 5056 Igitur
2428 4983 2592 5037 abbas
2624 4981 2861 5036 Isidorus
2887 4981 3152 5036 innocens
3180 4988 3237 5035 et
3261 4980 3528 5037 immacu-

1936 5079 2096 5129 latus.
2130 5075 2248 5134 hac,
2286 5071 2598 5127 tentationis
2649 5085 2830 5132 causa,
2877 5081 3032 5140 capta
3081 5069 3354 5136 mercede,
3397 5070 3527 5126 dum

1935 5165 2268 5236 Theophilus
2328 5164 2525 5220 falsum
2579 5163 2847 5235 judicium
2906 5163 3123 5220 auferre
3188 5173 3383 5236 negat,
3459 5165 3530 5220 ab

1935 5259 2116 5328 iniqtta
2145 5257 2498 5330 sycophantia
2529 5257 2857 5324 recedendo,
2884 5257 3240 5314 intolerandis
3260 5257 3530 5328 impositis

1934 5353 1987 5405 in
2044 5351 2238 5407 faciem
2286 5350 2629 5415 verberibus,
2674 5360 2731 5406 et
2775 5357 3112 5416 cruentatus,
3153 5348 3268 5404 suis
3311 5363 3527 5419 quoque

1935 5444 2096 5499 rebus
2131 5444 2416 5515 spoliatus,
2452 5453 2508 5499 et
2537 5441 2763 5499 ecclesia
2789 5442 3018 5512 ejectus,
3055 5445 3437 5511 perseverante
3467 5438 3522 5493 in

1935 5553 2032 5592 sua
2062 5538 2269 5593 malitia
2296 5537 2623 5608 Theophila,
2661 5535 2725 5589 ad
2763 5534 2946 5590 Nitriae
2977 5544 3187 5589 montes
3216 5530 3362 5586 unde
3392 5529 3528 5586 olim

1935 5631 2227 5688 advenerat
2253 5632 2514 5703 perrexit.

1937 5837 2177 5874 scortum.

1965 5837 2251 5959 θίῗῗιῧὲηι.
2281 5888 2370 5941 τὸν
2401 5891 2464 5942 ἐκ
2494 5890 2771 5959 μεγανξρα.
2809 5884 2951 5959 quod
2998 5899 3099 5959 ego
3148 5897 3254 5959 non
3283 5876 3512 5959 explieo.

1935 5947 2273 6016 Antiochiam
2307 5947 2526 6030 quidem
2550 5947 2870 6030 appellatalii
2900 5947 3176 6011 interdum
3201 5947 3518 6020 Μεγαλόπο-

1937 6053 2016 6085 Λιν
2045 6050 2090 6088 ὓί
2107 6047 2264 6087 1111115.
