4466 6734
253 718 345 767 ιιι

323 823 375 878 6.
414 821 589 891 Atque.
627 821 730 874 hac
760 810 1014 869 violentia
1056 815 1286 876 patrata.
1317 808 1672 873 sejunxerunt
1711 821 1770 861 se
1799 821 1832 858 a

254 910 556 981 Theophila
578 904 793 974 [Egypti
826 897 1064 968 episcopi
1092 903 1320 964 septem,
1352 895 1589 951 Joannes
1615 894 1832 948 Ternu-

255 1001 428 1063 theos,
482 996 730 1051 Zosintus
790 983 1069 1048 Sethroiti,
1121 983 1424 1038 Alexander
1498 981 1826 1050 Oxyrynchi.

253 1088 569 1142 Chaeremon
635 1073 854 1136 Pelusii,
921 1072 1146 1127 Nonnus
1210 1072 1523 1133 Athribi-os,
1583 1068 1830 1122 Dulrctcs

253 1175 522 1230 Faraleos.
570 1162 828 1229 Serapion
873 1159 1062 1226 Panis;
1099 1160 1280 1231 Libyae
1315 1167 1497 1212 autem
1544 1166 1672 1218 tres,
1721 1155 1829 1208 I.u-

252 1262 440 1316 cianus
482 1251 786 1313 Partetouii,
838 1249 1209 1304 Clementinus
1254 1248 1606 1310 Maru‘iaricae,
1646 1245 1830 1298 Menas

255 1349 462 1403 Damae.
525 1342 656 1395 Item
701 1338 881 1394 clerici
930 1338 1266 1393 Alexandria:
1321 1352 1550 1392 numero
1614 1334 1824 1406 viginti,

251 1432 460 1492 diaconi
516 1430 720 1484 scilicet
776 1445 840 1484 ac
887 1429 1206 1501 presbyteri.
1245 1429 1310 1483 Ili
1345 1444 1474 1497 ergo
1518 1426 1829 1498 congregati

252 1518 643 1589 depositionem
712 1518 997 1589 Theophili
1064 1519 1310 1572 criminis
1363 1532 1491 1587 ergo
1556 1518 1823 1574 fecerunt,

251 1621 477 1675 eamque
519 1606 776 1675 scriptam
829 1607 1148 1662 Innocentio
1195 1621 1346 1674 papae
1392 1605 1613 1660 Romam
1659 1606 1825 1658 misi--

252 1705 395 1759 runt,
418 1704 474 1750 ut
500 1698 744 1750 eamdem
775 1697 1012 1767 generali
1035 1695 1238 1764 judicio
1271 1693 1552 1761 perliceret
1603 1694 1826 1748 Interim

251 1784 484 1837 Isidorus
532 1785 582 1836 in
633 1784 818 1838 Nitriae
873 1793 1057 1837 monte
1090 1783 1423 1851 quiescebat,
1465 1783 1550 1836 uLi
1592 1785 1659 1837 ab
1691 1783 1827 1837 ado-

250 1871 503 1927 lescentia
550 1889 646 1927 sua
695 1881 894 1927 ascetze
940 1887 1092 1926 more
1150 1871 1375 1934 vixerat,
1433 1871 1600 1926 Beum
1645 1873 1827 1928 ou'inia

251 1969 562 2013 cernentem
611 1976 792 2013 orans.
839 1959 1174 2029 Theophilus
1216 1969 1396 2012 autem
1437 1960 1628 2014 factum
1659 1961 1757 2014 sibi
1795 1979 1825 2014 a

250 2050 358 2100 suis
405 2047 803 2116 tit‘pl‘SIUOJCIH
845 2062 1194 2118 cegnoscens,
1244 2047 1374 2117 quid
1418 2048 1516 2102 sibi
1557 2049 1826 2119 agendum

250 2133 384 2188 foret
409 2136 740 2206 ambigebat.

318 2229 364 2281 7.
398 2228 468 2280 At
496 2245 630 2298 papa
659 2228 1032 2292 Innocentius,
1051 2237 1271 2298 accepta
1290 2226 1575 2292 Tlieoahi‘i
1604 2229 1822 2298 deposi-

249 2314 408 2378 tione,
443 2324 749 2370 commotus
780 2315 1088 2380 hujusmodi
1120 2315 1410 2385 epistolam
1442 2316 1663 2368 scribit:
1692 2336 1707 2365 ι
1735 2317 1824 2369 ln-

246 2403 529 2456 nocentius
567 2417 775 2471 magna}
820 2402 1008 2455 ltomte
1053 2403 1268 2470 prmsul,
1299 2403 1451 2455 fratri
1499 2401 1821 2472 Tiicrqzizilo.

243 2488 431 2543 Audivi
459 2489 706 2557 quaedam
735 2505 765 2542 a
789 2497 841 2542 te
868 2488 1083 2559 indigne
1113 2490 1273 2552 facta,
1299 2499 1460 2559 teque
1488 2490 1707 2551 damno,
1738 2502 1827 2544 ut-

247 2587 368 2644 pote
390 2577 480 2646 qui
517 2577 794 2647 tyranuicc
818 2585 1004 2631 etnon
1035 2578 1270 2649 legitime
1298 2585 1352 2632 te
1381 2579 1632 2650 gesseris.
1660 2578 1828 2650 Igitur

244 2665 501 2718 canonice.
521 2664 675 2732 juxta
697 2663 1091 2718 ecclesiasticas
1121 2666 1331 2735 regulas
1361 2666 1444 2719 fac
1469 2681 1628 2737 agere
1653 2667 1784 2720 velis
1807 2683 1822 2732 ;

245 2759 297 2803 et
331 2766 450 2820 qua:
483 2751 778 2805 crudeliter
803 2752 1037 2820 gessisti,
1072 2757 1298 2822 corrige.
1332 2754 1530 2806 Desine
1557 2754 1666 2821 jam
1706 2771 1824 2808 ma-

245 2838 435 2899 lorum,
469 2853 540 2892 ne
589 2854 675 2892 me
729 2839 993 2909 synodum
1041 2840 1420 2909 episcoporum
1467 2856 1822 2909 convocante,

240 2925 442 2997 judicio
474 2934 728 2996 tanquam
761 2942 886 2981 reus
902 2928 1232 2996 percellaris.
1263 2946 1282 2978 ι
1314 2928 1406 2982 Ille
1431 2943 1561 2983 vero
1590 2931 1822 2985 vicissim

247 3013 314 3066 ita
345 3013 717 3068 rcscribebat:
761 3032 779 3063 ‹
812 3013 1149 3083 TheOphiius
1190 3016 1482 3084 episcopus
1528 3015 1688 3070 Marci
1737 3033 1824 3071 sc-

247 3102 362 3156 dem
393 3111 608 3165 tenens,
633 3102 953 3156 Innocentio
979 3119 1129 3173 papae
1155 3104 1358 3158 Itonia}.
1381 3105 1493 3175 Ego
1505 3121 1613 3160 non
1637 3107 1826 3161 desino

245 3207 335 3245 eos
363 3192 455 3261 qui
487 3191 741 3244 Ecclesiae
773 3193 1050 3261 negotium
1069 3191 1348 3247 facessunt
1379 3195 1755 3262 ulcisci.Quod
1777 3198 1823 3252 si

247 3289 299 3332 tu
317 3293 561 3332 meorum
621 3277 965 3332 inimicorum
1004 3277 1301 3334 calumnias
1336 3283 1555 3351 recipis,
1602 3285 1822 3340 nonnisi

248 3377 445 3423 temere
471 3368 542 3422 dc
572 3367 786 3421 illorum
819 3367 1058 3437 querelis
1086 3368 1328 3437 judicare
1361 3371 1653 3428 videberis.
1687 3375 1821 3430 Mihi

244 3475 452 3530 quoque
481 3459 639 3514 adest
665 3459 990 3530 evangelicae
1019 3461 1167 3515 sedis
1196 3462 1474 3533 majestas,
1511 3475 1565 3520 et
1601 3483 1699 3537 per
1727 3485 1822 3522 ur-

244 3553 336 3607 bes
363 3553 639 3608 innumeri
672 3552 947 3622 episc0pi;
991 3553 1193 3622 quibus
1221 3557 1580 3628 congregatis,
1613 3559 1704 3614 tibi
1736 3577 1824 3616 re-

244 3644 447 3707 sistam,
479 3653 537 3699 et
595 3644 1000 3713 usurpationem
1045 3653 1192 3698 tuam
1242 3649 1638 3705 condemnabo.
1675 3650 1822 3713 Vale.

244 3745 296 3790 et
348 3735 677 3790 sententiam
728 3735 976 3789 immuta.
1005 3735 1063 3789 Si
1087 3737 1297 3802 minus,
1330 3739 1468 3804 vale,
1511 3742 1607 3796 sed
1641 3742 1822 3797 infeli-

244 3841 354 3880 cem
382 3827 592 3880 exitum
613 3833 944 3896 exspectato.
978 3845 997 3877 ι

307 3915 358 3970 8.
391 3917 487 3971 His
516 3919 759 3987 acceptis
789 3920 982 3975 litteris
1031 3935 1171 3990 papa
1201 3920 1572 3989 Innocentius,
1619 3939 1822 3979 convo-

244 4011 373 4064 catis
401 4010 661 4065 omnibus
690 4011 857 4065 Italia:
885 4011 1178 4083 episcopis,
1211 4014 1496 4084 Theophili
1525 4017 1823 4087 depositio-

245 4117 363 4157 nem
390 4103 538 4167 fecit,
572 4119 732 4172 quam
756 4103 960 4158 dudum
989 4105 1226 4177 [Egyptii
1253 4107 1490 4177 episc0pi
1525 4110 1820 4177 miserant;

247 4193 434 4266 singuli
465 4195 719 4250 videlicet
745 4195 862 4249 Itali
892 4197 1113 4267 proprio
1146 4199 1407 4269 suﬂ‘ragio
1455 4200 1601 4254 illum
1653 4202 1823 4272 depo-

245 4297 463 4342 suerunt
498 4307 511 4340 :
546 4302 709 4357 quam
730 4288 1053 4343 sententiam
1081 4289 1431 4346 Innocentius
1459 4295 1527 4349 ad
1556 4294 1821 4350 Joannem

245 4375 788 4450 Constantinopoleos
808 4380 1277 4451 archiepiscopum
1318 4383 1483 4437 misit.
1537 4383 1589 4438 Is
1636 4395 1819 4440 autem

247 4471 670 4540 propinquarum
693 4473 793 4529 sibi
823 4473 1103 4546 regionum
1132 4475 1417 4546 episcopos
1460 4491 1815 4548 congregans,

247 4560 529 4630 Theophili
564 4563 968 4620 damnationem
1008 4566 1266 4631 ostendit,
1316 4567 1408 4636 qui
1454 4582 1645 4623 omnes
1690 4569 1819 4624 huic

246 4653 716 4723 subscripserunt;
745 4672 918 4727 eaque
949 4658 1206 4729 deinceps
1230 4659 1425 4713 tradita
1454 4660 1684 4715 Arcadio
1712 4661 1818 4714 im-

246 4743 472 4811 peratori
504 4742 626 4796 fuit.
653 4745 779 4798 Erat
798 4754 979 4802 autem
1002 4748 1358 4818 depositionis
1381 4751 1654 4821 exemplar
1681 4751 1813 4806 hoc:

252 4853 269 4883 ι
302 4831 606 4888 Convocata
641 4848 703 4887 ex
746 4836 1001 4891 universa
1031 4839 1182 4893 Italia
1214 4857 1311 4910 per
1343 4839 1434 4897 Dei
1484 4846 1734 4914 gratiam,
1765 4854 1820 4899 et

246 4936 561 4998 congregata
581 4928 836 4998 synodus,
864 4945 986 4984 cum
1029 4947 1224 5003 magno
1264 4937 1513 4992 maxima:
1548 4939 1694 4994 Petri
1737 4955 1821 4995 ca-

248 5019 442 5073 thedrae
469 5020 724 5088 praesule,
757 5019 989 5077 Arcadio
1042 5024 1378 5094 imperatori,
1408 5037 1463 5082 et
1502 5029 1697 5085 Joanni
1728 5049 1818 5087 ar-

247 5109 606 5180 chiepiscopo,
642 5117 698 5165 et
722 5111 1074 5184 suﬂragancis
1103 5116 1221 5186 ejus
1247 5119 1531 5174 universis.
1578 5121 1815 5192 Equum

248 5216 347 5257 non
394 5209 496 5267 est,
553 5211 617 5256 ut
663 5203 766 5258 sub
796 5205 1050 5276 religioso
1094 5224 1260 5280 regno
1289 5217 1379 5265 tuo
1402 5211 1613 5267 Pharao
1648 5213 1812 5287 Moysi

251 5295 547 5360 przevalcat,
605 5309 784 5364 neque
837 5304 897 5350 ut
935 5315 1067 5370 gens
1119 5302 1216 5357 Dei
1271 5303 1440 5359 electa
1476 5307 1815 5363 conficiendo

251 5385 407 5442 latere
431 5397 484 5443 et
511 5402 766 5443 saxorum
795 5389 1053 5447 oneribus
1089 5401 1359 5450 atteratur
1383 5397 1568 5468 (Ea-od.
1609 5417 1645 5464 ι,
1693 5401 1810 5470 ll);

251 5489 344 5532 nec
369 5480 606 5550 denique
625 5479 831 5551 magica
859 5479 1237 5553 frausjubenti
1284 5489 1455 5561 digito
1483 5492 1576 5546 Dei
1621 5491 1814 5546 decer-

254 5573 340 5624 tet.
369 5573 817 5648 Quandoquidem
848 5576 1027 5648 itaque
1057 5579 1174 5636 haec
1199 5585 1386 5640 omnia
1412 5586 1716 5658 The':pllil0
1737 5587 1816 5641 in-

253 5671 455 5728 sunt,et
477 5671 774 5726 innocuum
789 5671 1100 5743 iustumque
1131 5679 1454 5746 sanguinem
1475 5680 1633 5744 fudit,
1651 5689 1814 5752 atque

255 5759 601 5838 evangelicum
627 5764 938 5820 cathedram
964 5765 1127 5838 impie
1152 5774 1207 5821 et
1235 5776 1435 5838 praeter
1461 5788 1699 5829 canones
1728 5775 1814 5830 de-

257 5837 576 5915 honestavit;
614 5870 718 5909 nos
764 5861 1093 5929 congregati,
1146 5869 1200 5914 et
1238 5859 1547 5929 judicantes
1577 5866 1643 5920 de
1680 5865 1812 5921 faci-

258 5933 462 5990 lioribus
499 5941 654 6008 ejus,
687 5963 808 6015 qua:
837 5949 1052 6021 Egypti
1107 5961 1159 6007 et
1219 5952 1395 6021 Libye
1449 5957 1715 6028 episcopi,
1759 5969 1815 6014 et

317 6095 383 6170 (ὁ)
414 6097 541 6154 Cod.
582 6103 638 6154 th
671 6108 1017 6178 πρόσταγμα.

1051 698 1137 744 ΒΕ
1179 695 1332 745 \'I'l.\
1373 694 1447 743 L'I
1499 695 1770 744 ιςλδιιιυ
1811 697 1870 743 δ.
1909 695 2197 746 δυΑλΝις
2235 694 2737 747 ωιιιγδυδίωιι.

1936 807 2315 863 Alexandrinre
2345 808 2598 864 Ecclesia:
2628 807 2810 861 clerici
2853 807 3200 880 deplorantes
3228 811 3521 873 denuntia-

1933 908 2152 964 vcrunt,
2207 907 2476 969 quatenus
2531 897 2900 954 venerabilem
2946 901 3199 957 abbatem
3250 902 3520 960 Isidorum

1932 993 2329 1064 presbyterum,
2356 990 2685 1047 omnimodis
2709 993 3022 1047 excruciare
3039 1010 3144 1048 non
3173 1004 3258 1050 est
3279 995 3520 1064 veritus;

1932 1086 2097 1147 hunc,
2141 1084 2366 1154 jubeute
2417 1084 2564 1138 Petri
2619 1082 2894 1154 coryphrci
2947 1088 3291 1152 auctoritate,
3321 1097 3521 1143 ornatu

1930 1175 2223 1245 episcopali
2274 1192 2337 1230 ac
2369 1176 2594 1229 nomine
2644 1172 3012 1242 Theophilum
3063 1188 3270 1237 carere,
3326 1191 3520 1232 omnes

1930 1267 2290 1321 decrevimus.
2333 1267 2440 1321 V’os
2499 1284 2628 1323 vero
2675 1271 2952 1340 prrecipite
2997 1276 3058 1322 ut
3109 1269 3212 1322 hoc
3236 1268 3518 1324 decretum

1929 1357 2146 1426 publice
2195 1367 2568 1426 proponatur;
2615 1366 2671 1413 et
2725 1368 2784 1413 ut
2827 1360 2917 1428 qui
2951 1359 3091 1414 facta
3120 1359 3265 1413 illius
3302 1359 3520 1414 denun-

1931 1449 2084 1512 tiant,
2118 1449 2318 1504 libellis
2366 1449 2602 1517 ﬁrment,
2632 1460 2792 1522 prout
2831 1452 3322 1516 denuntiaverant;
3355 1461 3520 1521 atque

1932 1539 2162 1608 ipsemet
2185 1539 2251 1593 de
2276 1539 2602 1595 criminibus
2626 1542 2910 1596 convictus
2941 1556 3000 1595 se
3029 1555 3211 1595 coram
3241 1541 3433 1605 sistat;
3464 1548 3521 1595 et

1931 1629 2018 1681 ille
2068 1630 2232 1683 etiam
2260 1631 2352 1699 qui
2383 1647 2478 1700 pro
2508 1648 2574 1686 eo
2612 1633 2952 1702 apocrisiarii
2985 1648 3214 1687 munere
3253 1631 3518 1703 fungitur,

1931 1723 2061 1774 urbe
2084 1723 2404 1791 expellat-ur.
2438 1723 2574 1776 Nam
2600 1724 2644 1778 si
2672 1725 2778 1778 hoc
2813 1725 3080 1779 laudabile
3107 1725 3375 1794 judicium
3401 1723 3523 1781 sine

1933 1817 2326 1883 impedimento
2381 1816 2655 1880 decurret,
2710 1815 2956 1885 profecto
3005 1816 3290 1885 apparebit
3327 1823 3520 1872 contra

1929 1904 2169 1958 divinam
2195 1906 2598 1975 humanamque
2620 1907 2790 1978 legem
2817 1920 3072 1976 peccasse
3097 1905 3514 1975 Theophilum.)

1998 1999 2050 2052 9.
2077 1996 2315 2066 Accepta
2359 1997 2625 2052 Arcadius
2658 1999 2976 2053 authentica
3021 2013 3175 2068 papae
3214 1997 3518 2052 Innocentii

1930 2091 2204 2145 sententia
2230 2132 2244 2153 ,
2288 2091 2466 2159 primo
2499 2091 2720 2160 quidem
2767 2092 3122 2162 apocrisiario
3176 2091 3520 2146 Alexandria:

1926 2183 2247 2253 presbjtero
2308 2182 2484 2237 arcito
2544 2184 2823 2252 exemplar
2881 2183 3104 2236 tradidit
3163 2183 3520 2251 depositionis

1928 2271 2236 2342 Τῖιθιριιὶιί,
2292 2274 2554 2344 illumque
2585 2272 2969 2328 Alexandriam
2995 2272 3202 2328 dimisit
3244 2272 3404 2342 plane
3435 2272 3522 2325 in-

1930 2364 2197 2417 honorum
2219 2408 2233 2429 ,
2286 2373 2347 2418 ut
2378 2366 2561 2420 omnia
2593 2365 2901 2436 Theophila
2941 2364 3292 2436 signiﬁcaret.
3324 2363 3394 2418 At
3432 2364 3522 2419 hic

1929 2455 2114 2508 dolore
2136 2455 2388 2519 alTectus,
2417 2471 2521 2510 nec
2548 2457 2841 2525 quidquam
2870 2457 3133 2512 adversus
3174 2456 3302 2510 talia
3328 2463 3521 2510 contra

1929 2558 1987 2596 se
2025 2559 2189 2597 ausos
2232 2559 2392 2613 agerc
2435 2544 2656 2605 valens,
2689 2544 3102 2614 apocrisiarium
3138 2544 3194 2598 in
3244 2559 3522 2598 carcerem

1929 2634 2110 2696 trusit,
2144 2633 2332 2688 volens
2356 2633 2767 2704 magistratuum
2801 2635 3015 2689 tradere
3046 2634 3322 2690 tribunali.
3363 2634 3520 2702 Quod

1927 2723 2109 2779 facere
2137 2725 2364 2786 veritus,
2397 2726 2554 2794 petiit
2585 2726 2653 2779 ab
2687 2725 3027 2780 Alexandria:
3053 2727 3282 2794 praeside
3317 2728 3521 2782 milita-

1927 2833 2042 2871 rem
2070 2833 2314 2883 manum,
2347 2833 2455 2886 qua
2486 2824 2731 2872 uteretur
2760 2817 3022 2871 adversus
3045 2817 3336 2872 seditiosos
3366 2834 3523 2888 ques-

1925 2907 2048 2960 dam
2078 2907 2170 2978 qui
2202 2907 2421 2978 ASgypti
2448 2908 2779 2963 monasteria
2814 2908 3136 2972 vastabant;
3178 2909 3521 2980 quingentis-

1925 3013 2032 3068 que
2058 2999 2284 3053 armatis
2323 2999 2584 3069 acceptis,
2617 3007 2784 3054 noctu
2821 2999 2876 3052 in
2908 3006 3148 3053 montem
3181 3014 3239 3054 se
3265 3000 3515 3066 contulit,

1927 3089 2268 3158 graviterque
2291 3089 2499 3144 baculis
2532 3089 2770 3158 pulsavit
2799 3091 3096 3145 monachos
3124 3091 3217 3160 qui
3266 3091 3518 3146 abbatem

1927 3180 2196 3236 Isidorum
2223 3193 2548 3252 receperant
2578 3191 2807 3252 septem,
2838 3183 3145 3250 Ilieracem,
3177 3185 3516 3252 Dioscorum,

1925 3272 2295 3338 Ammonium,
2324 3273 2587 3332 Isaacum,
2616 3273 2951 3340 Inisthoron,
2973 3275 3251 3341 Tithoem,
3274 3285 3330 3330 et
3351 3277 3517 3332 alium

1925 3363 2208 3428 Isaacum;
2262 3379 2496 3434 cumque
2544 3365 2717 3420 multo
2751 3366 2936 3421 labore
2965 3366 3219 3421 abbatem
3249 3367 3516 3422 Isidorum

1925 3453 2352 3522 conquisissent,
2383 3470 2495 3508 non
2525 3454 2859 3508 invenerunt
2894 3473 2906 3507 :
2934 3455 3082 3510 hunc
3105 3456 3306 3526 quippe
3332 3471 3517 3511 mona-

1923 3543 2012 3598 chi
2041 3544 2096 3597 in
2124 3553 2348 3614 puteum
2378 3545 2580 3600 siccum
2611 3546 2978 3615 conjecerant.
3018 3546 3176 3601 Tunc
3217 3550 3518 3604 sarmentis

1925 3633 2158 3703 sumptis
2183 3633 2522 3702 Theophilus
2552 3634 2715 3688 cellas
2737 3634 2952 3688 illorum
2983 3649 3109 3689 cum
3147 3637 3300 3688 omni
3343 3636 3518 3705 supel-

1924 3725 2100 3780 Iectélc
2132 3727 2520 3779 concremavit.
2555 3731 2732 3797 Atque
2759 3726 2832 3780 ita
2861 3733 3149 3796 postquam
3184 3725 3374 3782 insana
3394 3728 3516 3798 ejus

1923 3815 2002 3868 ira
2028 3815 2298 3880 detonuit,
2329 3815 2714 3870 Alexandriam
2742 3816 3055 3872 revertitur.

1994 3905 2080 3960 I0.
2133 3903 2204 3959 At
2247 3907 2492 3975 przedieti
2544 3908 2798 3962 monachi
2834 3909 3040 3965 amisso
3085 3911 3364 3981 patientiae
3402 3926 3515 3966 sua:

1923 4013 2093 4061 more,
2130 3996 2514 4052 Alexandriam
2552 4007 2827 4054 venerunt
2872 4001 3057 4057 linteis
3102 4003 3397 4073 praecincti,
3431 4003 3514 4056 lu-

1925 4100 2222 4162 gentesque
2260 4097 2427 4146 totam
2452 4091 2686 4161 plateam
2717 4092 3092 4148 circumibant.
3129 4094 3338 4161 Quibus
3362 4095 3514 4150 cives

1924 4185 2230 4255 conspectis
2251 4225 2265 4248 ,
2301 4185 2428 4254 quia
2459 4183 2680 4252 quinam
2708 4191 2893 4239 essent
2943 4184 3194 4240 homines
3219 4194 3508 4250 noverant,

1925 4291 2254 4346 magnopere
2307 4290 2496 4329 eorum
2532 4291 2695 4330 causa
2733 4276 3064 4332 doluerunt:
3124 4281 3511 4350 concurritque

1925 4368 2212 4422 universus
2233 4382 2356 4422 cum
2388 4368 2509 4439 igne
2540 4369 2796 4438 populus,
2824 4379 2881 4424 et
2903 4370 3191 4440 Theophili
3224 4371 3510 4427 habitacu-

1923 4459 2036 4513 lum
2071 4475 2312 4515 cremare
2342 4468 2645 4530 eruperunt.
2684 4461 2825 4532 Ergo
2855 4461 2941 4516 his
2972 4469 3166 4516 cuncta
3211 4463 3265 4515 in
3294 4463 3508 4532 episco-

1924 4552 2016 4621 pio
2039 4553 2514 4622 depopulantibus,
2544 4560 2600 4607 et
2619 4553 2731 4622 jam
2752 4555 2820 4608 ad
2841 4555 3049 4609 cimelia
3071 4571 3289 4610 manum
3322 4555 3506 4610 inten-

1919 4643 2190 4706 dentibus,
2223 4643 2475 4697 Nieolaus
2504 4652 2704 4714 praetor
2734 4645 2976 4715 periculo
3005 4646 3230 4700 territus
3254 4689 3268 4710 ,
3305 4646 3373 4700 ad
3407 4661 3504 4700 eos

1919 4734 2174 4795 accurrit,
2239 4742 2298 4788 ut
2342 4734 2516 4790 turbis
2570 4751 2684 4790 rem
2746 4744 3072 4791 excusaret:
3135 4737 3223 4792 cui
3259 4737 3363 4792 illa:
3394 4754 3505 4794 non

1919 4827 2329 4898 acquieverunt,
2369 4827 2732 4883 vociferantes
2758 4837 2814 4882 et
2846 4829 3134 4882 tumultum
3166 4830 3505 4883 concitantes

1921 4920 2178 4974 adversus
2202 4918 2569 4988 Theophilum
2594 4959 2607 4981 ,
2635 4919 2795 4987 eique
2835 4917 2953 4971 sine
2985 4919 3386 4976 intermissione
3415 4922 3500 4974 in-

1921 5010 2235 5067 clamantes.
2279 5007 2430 5061 Tunc
2474 5015 2672 5076 prtetor
2727 5020 3057 5077 magnopere
3097 5015 3497 5071 consternatus,

1919 5102 2189 5174 cogitabat
2210 5098 2571 5168 TheOphilum
2624 5098 2878 5153 manibus
2921 5099 3133 5153 illorum
3161 5099 3498 5170 permittere.

1917 5195 2117 5249 Verum
2147 5194 2238 5248 hic
2267 5192 2509 5264 abditum
2540 5207 2600 5247 se
2628 5193 2896 5248 continuit
2914 5192 2968 5247 in
2998 5192 3202 5263 piscina
3230 5207 3401 5262 usque
3430 5193 3498 5247 ad

1919 5301 2220 5357 vesperam.
2257 5285 2423 5340 I’orro
2456 5294 2656 5355 praeter
2687 5284 2904 5340 indutos
2944 5283 3287 5338 vestimentis
3315 5299 3499 5338 mona-

1918 5383 2051 5437 chos
2079 5423 2093 5447 ,
2123 5379 2417 5450 curruique
2445 5379 2751 5450 impositos,
2781 5377 3054 5449 pedestris
3083 5377 3200 5449 ipse
3223 5377 3377 5433 duxit
3404 5392 3499 5432 eos

1919 5476 1974 5530 in
2003 5475 2340 5546 praetorium.
2367 5472 2444 5528 Ibi
2477 5487 2663 5528 rursus
2684 5471 2856 5526 turbae
2875 5477 3055 5526 vestes
3084 5487 3207 5526 suas
3224 5471 3277 5524 in
3297 5470 3495 5526 cmlum

1911 5567 2207 5636 jactabant,
2247 5567 2464 5636 iurante
2496 5578 2591 5633 per
2636 5563 2992 5633 imperatores
3045 5569 3294 5632 praztore,
3349 5561 3493 5630 quod

1917 5658 2260 5730 Theophilus
2283 5655 2570 5712 consilium
2604 5669 2765 5709 suum
2788 5654 3008 5709 minime
3035 5651 3135 5706 sibi
3166 5652 3489 5722 aperuisset,

1915 5751 2010 5806 sed
2035 5751 2260 5806 obtentu
2299 5747 2659 5819 quorumdam
2710 5747 2976 5801 latronum
3015 5745 3347 5800 monasteria
3395 5759 3490 5798 va-

1917 5846 2192 5908 stantium,
2247 5857 2434 5898 secum
2489 5841 2872 5910 assumpsisset
2919 5839 3156 5894 militare
3205 5838 3484 5894 auxilium.

1915 5937 2068 6003 Quod
2104 5937 2146 5990 si
2174 5935 2546 6009 presbyterum
2569 5933 2826 5988 Isidorum
2850 5930 3012 5987 vultis
3043 5939 3312 6003 pastorem
3365 5928 3485 5986 loco
