4466 6726
418 593 524 636 μιν

416 695 729 768 Theophili,
781 698 1043 753 voluntati
1083 705 1273 746 vestra:
1310 693 1530 761 parebo,
1594 704 1643 745 et
1700 692 2001 759 ‘I'ln‘saidlo

411 791 607 857 eiecto,
650 792 911 846 lsidurum
969 786 1123 840 vobis
1163 786 1471 855 pacticiam.
1524 786 1825 854 Statimque
1858 788 1999 840 idem

410 882 665 940 z‘dcolaus
721 892 918 953 pnetor
975 878 1224 931 tribunos
1254 879 1562 946 militesque
1620 878 1803 941 mittit,
1862 881 2000 933 ulla

409 977 565 1046 cquis
594 975 861 1029 Isidorum
888 968 1143 1024 abbatem
1170 970 1522 1023 adducerent.
1555 971 1623 1022 At
1659 988 1786 1025 vero
1819 970 2002 1024 Timo-

410 1069 592 1139 philus
620 1068 836 1130 sumpto
858 1061 1092 1114 mendici
1118 1061 1327 1123 habitu,
1362 1059 1416 1113 in
1453 1063 1796 1116 sacerdotum
1823 1063 2000 1132 regit:—

409 1176 534 1214 nem
563 1155 814 1218 mittitur,
840 1155 970 1207 dum
1010 1152 1263 1207 Nicolaus
1287 1162 1485 1222 praetor
1516 1155 1785 1208 concitata
1816 1156 1997 1206 omnia

410 1254 601 1307 sidare
647 1249 830 1304 studet
866 1267 878 1301 :
918 1248 1144 1318 largitus
1198 1249 1408 1303 crete-ris
1437 1248 1759 1320 vagantibus
1808 1263 1998 1300 IIIUiu’I-

410 1346 532 1399 ciiis
563 1345 723 1407 dona,
758 1353 820 1397 ut
866 1344 1089 1397 domum
1141 1351 1477 1399 revertentes
1502 1342 1724 1413 pacifica
1753 1345 1998 1412 apprime

408 1438 745 1501 nuntiarent,
783 1437 910 1491 dato
931 1437 1095 1492 etiam
1124 1438 1431 1493 defensore.

482 1530 568 1582 Il.
610 1527 777 1597 Igitur
804 1528 1019 1599 cognita
1053 1528 1290 1583 Isidorus
1312 1527 1480 1580 abbas
1529 1540 1692 1577 causa
1739 1523 1809 1576 ob
1836 1539 1997 1590 quam

407 1619 790 1687 quaerebatur,
825 1620 969 1674 linea
1010 1631 1159 1675 veste
1204 1618 1450 1679 indutus,
1511 1631 1540 1669 a
1591 1614 1826 1683 quodam
1874 1616 1995 1682 pagi

409 1712 639 1780 praeside
669 1714 1010 1767 commodata
1029 1753 1042 1775 ,
1101 1710 1312 1778 sibique
1346 1706 1559 1762 cucullo
1588 1706 1996 1774 cirettmposito,

407 1803 554 1855 venit
599 1803 653 1856 in
678 1803 974 1857 Mareotem
1013 1801 1368 1862 citharizans,
1406 1812 1540 1852 cane
1566 1798 1729 1851 etiam
1777 1814 1836 1851 se.
1866 1798 1999 1851 sub-

405 1901 688 1962 sequente.
729 1892 962 1959 Quidam
993 1910 1121 1950 vero
1150 1892 1407 1947 tribunus
1438 1890 1662 1943 nomine
1693 1890 1998 1944 Cantharo-

406 1986 509 2040 dus
538 1986 748 2041 obviam
779 1986 827 2040 ei
860 1986 1055 2048 factus,
1082 1985 1215 2040 dixit
1248 2001 1260 2035 :
1296 2002 1315 2036 ‹
1349 1983 1486 2036 Vere
1512 1990 1567 2035 tu
1596 1997 1823 2052 magnus
1862 1982 1946 2034 vir
1980 2001 1993 2035 :

405 2084 653 2144 potesne,
706 2086 1028 2147 accepturus
1080 2074 1371 2145 pecuniam
1407 2071 1687 2138 multaque
1742 2085 1989 2132 munera,

404 2170 780 2223 demonstrare
812 2169 967 2222 nobis
996 2168 1247 2221 abbatem
1287 2164 1602 2218 Isidorum?
1632 2181 1647 2209 ι
1684 2159 1752 2213 At
1780 2161 1867 2214 ille
1899 2176 1993 2215 eo-

406 2280 521 2316 ram
548 2263 637 2316 illo
664 2278 722 2316 se
744 2262 944 2316 sistens
972 2274 1096 2313 cmn
1125 2257 1324 2321 catulo,
1358 2255 1526 2324 coepit
1555 2252 1621 2306 ad
1655 2253 1875 2307 citharre
1902 2268 1993 2306 so-

404 2354 579 2407 nitum
611 2353 807 2406 saltare
841 2367 853 2402 :
886 2365 1048 2419 quem
1080 2362 1203 2402 mox
1237 2347 1547 2416 despiciens
1580 2344 1853 2407 tribunus,
1892 2358 1994 2397 nec

398 2446 512 2515 jam
548 2444 657 2496 ullo
706 2443 871 2495 verbo
903 2441 1178 2510 dignatus,
1213 2438 1461 2493 recessit.
1493 2436 1584 2491 Sic
1643 2436 1739 2500 illi,
1768 2452 1827 2490 re
1854 2436 1993 2489 infe-

402 2543 512 2595 cta,
544 2534 611 2587 ab
640 2533 848 2587 Isidoro
878 2530 1083 2585 reversi
1107 2539 1255 2585 sunt.
1292 2529 1446 2584 Tune
1478 2528 1812 2599 Theophilus
1831 2527 1992 2582 donis

403 2628 616 2697 placato
665 2634 918 2695 praetore,
976 2623 1197 2693 reliquis
1234 2622 1397 2676 etiam
1443 2621 1687 2692 partibus
1718 2620 1991 2690 congiario

403 2719 552 2780 dato,
584 2715 868 2785 magniﬁce
900 2714 952 2768 in
986 2716 1178 2770 urbem
1210 2716 1490 2779 remeavit,
1546 2729 1857 2784 quanquam
1888 2712 1990 2782 ipsi

402 2809 473 2862 ab
500 2824 565 2863 eo
597 2807 865 2862 munerati
897 2806 1327 2861 detestabantur.

479 2903 564 2955 I2.
598 2901 819 2959 Interim
885 2899 1137 2954 monachi
1192 2899 1266 2951 illi
1325 2914 1354 2952 a
1400 2899 1705 2967 Theophilo
1766 2896 1984 2967 pulsati,

404 2993 575 3046 multa
601 3008 632 3046 a
660 2992 843 3046 multis
868 2992 970 3045 via:
992 2992 1231 3045 subsidia
1257 2990 1421 3053 nacti,
1450 2991 1679 3059 profecti
1702 2998 1832 3043 sunt
1859 2989 1989 3041 lite-

405 3085 669 3155 rosolyma
698 3084 767 3137 ad
800 3082 1079 3137 Silvanum
1110 3082 1183 3135 illi
1219 3082 1558 3151 episcopum,
1594 3080 1661 3134 ad
1706 3081 1862 3147 cujus
1892 3094 1990 3148 je-

402 3170 500 3223 des
525 3170 831 3223 accidentes
862 3185 975 3223 rem
998 3186 1117 3238 qua:
1143 3169 1243 3223 sibi
1268 3178 1527 3223 evenerat
1550 3177 1851 3238 exponunt.
1888 3169 1986 3221 3di-

403 3273 553 3317 ratus
584 3263 670 3316 ille
716 3263 885 3316 mittit
912 3263 1011 3316 vi;e
1034 3262 1289 3317 comitem
1318 3262 1637 3317 Iuvenalem
1671 3263 1981 3315 diaconum.

404 3355 471 3409 Et
498 3363 626 3409 tunc
654 3354 870 3408 demum
900 3354 968 3408 ad
1001 3354 1206 3423 regium
1247 3353 1563 3407 comitatum
1589 3361 1855 3406 venerunt
1885 3353 1986 3406 lto-

402 3447 597 3511 mines,
638 3445 731 3515 qui
760 3460 902 3515 satpe
931 3461 1053 3500 cum
1080 3444 1418 3500 dzemonibus
1461 3445 1891 3511 decertaverant,
1932 3455 1988 3499 et

401 3538 719 3591 cellularum
774 3552 996 3592 suarum
1056 3535 1265 3591 foribus
1322 3552 1600 3605 nunquam
1646 3536 1983 3605 prodierant.

402 3631 587 3699 Itaque.
618 3630 674 3684 hi
704 3630 955 3685 monachi
989 3628 1515 3698 Constantinopolim
1545 3628 1706 3682 delati
1733 3670 1748 3693 ,
1782 3636 1837 3682 et
1862 3644 1986 3682 cum

398 3722 610 3778 Joanne
636 3723 931 3794 congressi,
962 3722 1117 3777 donis
1149 3722 1216 3776 ab
1239 3737 1304 3776 eo
1335 3730 1463 3776 sunt
1495 3720 1696 3775 allecti.
1734 3719 1987 3790 Hospitio

399 3824 580 3867 autem
612 3816 842 3883 recepit,
889 3824 945 3868 et
1002 3814 1207 3868 allatim
1258 3812 1563 3867 necessaria
1616 3810 1983 3878 suppeditavit

398 3903 670 3976 Olympias
708 3905 1030 3970 diaconissa,
1078 3914 1334 3973 tanquam
1388 3902 1593 3957 sanctis
1646 3901 1981 3966 hominibus,

398 4014 520 4068 qua:
572 3997 856 4051 facultates
901 4011 1027 4051 suas
1054 4011 1243 4051 omnes
1270 3994 1558 4067 egentibus
1597 3994 1981 4065 elargiebatur,

396 4102 455 4145 et
493 4091 725 4145 ascetico
779 4090 1029 4143 instituto
1093 4088 1386 4158 probisque
1436 4088 1677 4142 moribus
1728 4088 1986 4158 prter-lare

396 4183 656 4254 fulgebat,
699 4189 923 4251 eratque
951 4180 1145 4235 Joanni
1200 4180 1491 4235 admodum
1544 4181 1709 4234 chara
1760 4188 1986 4251 propter

395 4276 523 4330 vite
557 4276 900 4331 sanctitatem
953 4283 1009 4330 et
1054 4275 1353 4330 secundum
1389 4273 1558 4327 Deum
1608 4273 1983 4327 conversatio-

396 4381 557 4429 nem;
590 4383 715 4420 nam
758 4374 945 4421 sancta
973 4364 1249 4420 communi
1301 4362 1704 4418 existimatione
1743 4363 1983 4418 habeba-

396 4468 507 4511 tur.
538 4457 818 4512 Iuvenalis
842 4467 1023 4511 autem
1049 4457 1259 4511 litteras
1290 4455 1603 4525 imperatori
1649 4456 1891 4521 tradidit,
1926 4466 1979 4510 et

395 4551 531 4604 alias
566 4550 784 4616 Joanni,
836 4551 928 4621 qui
973 4550 1176 4621 pariter
1213 4566 1243 4604 a
1274 4564 1332 4604 se
1361 4557 1611 4617 acceptas
1662 4548 1975 4617 imperatori

395 4641 643 4695 reddidit.
678 4641 924 4696 Territus
960 4660 1090 4698 vero
1120 4645 1412 4714 imperator
1448 4642 1585 4696 nihil
1635 4644 1853 4712 quidem
1887 4660 1976 4698 rc-

394 4734 586 4805 galiter
613 4733 795 4787 facere
818 4736 1004 4798 voluit,
1038 4745 1278 4791 attamen
1302 4736 1565 4809 synodum
1601 4736 1715 4790 ﬁeri
1746 4739 1977 4792 manda-

393 4828 511 4891 vit,
538 4825 875 4895 Romamque
904 4826 973 4880 ad
1002 4827 1377 4883 Innocentium
1411 4845 1605 4899 papam
1633 4830 1841 4886 litteras
1868 4832 1974 4885 mi-

392 4922 480 4982 sit,
513 4934 743 4989 qnarnm
768 4919 885 4974 hate
905 4919 1238 4973 continentia
1265 4922 1400 4975 fuit:

467 5014 552 5068 I3.
590 5032 609 5064 ι
634 5011 839 5077 Victor,
862 5013 1149 5084 gloriosus,
1170 5013 1315 5074 felix.
1334 5013 1600 5070 Arcadius
1613 5016 1762 5072 Patri
1781 5026 1972 5072 nostro

390 5103 642 5157 salutem.
689 5102 913 5159 Divinas
962 5104 1194 5175 syllabas
1245 5105 1314 5159 ad
1369 5110 1757 5175 paternitatem
1816 5115 1969 5163 tuam

390 5198 643 5251 misimus
673 5212 771 5268 per
794 5196 1153 5269 Mulpentium
1183 5199 1439 5254 devotum
1470 5199 1881 5271 magistrianum
1913 5212 1969 5256 et

385 5292 713 5358 adjutorem,
736 5289 1038 5353 hortantes,
1069 5300 1128 5344 ut
1149 5299 1335 5347 coacta
1362 5308 1513 5348 more
1543 5293 1703 5347 solito
1735 5295 1963 5363 synodo,

385 5380 453 5433 de
484 5377 603 5433 istis
638 5377 967 5432 calamitosis
1012 5378 1394 5435 Alexandrinis
1420 5382 1681 5437 canonice
1725 5382 1961 5451 judices,

386 5480 443 5523 ut
470 5471 738 5542 depositio
763 5470 1046 5540 TbeOphili
1081 5474 1148 5527 ab
1173 5474 1256 5527 his
1280 5476 1393 5543 jam
1421 5475 1580 5541 facta,
1604 5477 1673 5531 ab
1700 5474 1965 5533 Occiden-

386 5561 584 5617 talibus
638 5580 854 5633 quoque
910 5564 1180 5633 episcopis
1236 5568 1545 5636 generalius
1609 5570 1958 5625 decernatur.

382 5650 579 5708 Nostro
605 5672 820 5727 quoque
848 5656 1000 5711 fratri
1027 5665 1081 5710 et
1134 5662 1485 5728 conregnanti
1533 5662 1793 5728 Ilonorie,
1851 5664 1963 5720 lilio

382 5752 497 5807 tuo,
532 5748 743 5815 scripsi.
775 5759 835 5803 ut
865 5758 918 5804 te
945 5757 1097 5820 roget
1122 5764 1229 5819 quo
1260 5750 1521 5806 libentius
1553 5756 1656 5810 hoc
1703 5758 1960 5827 nullaque

380 5835 698 5905 interposita
729 5857 879 5895 mora
911 5843 1179 5911 perlicias.
1211 5841 1382 5914 Igitur
1410 5859 1524 5899 eos.
1555 5847 1649 5916 qui
1696 5852 1958 5907 sam-tita-

447 6021 517 6093 (b)
547 6020 678 6079 Cod.
715 6024 991 6093 τυρᾶννεα.

614 6135 886 6197 ΡᾹἸἭΟΙ..
930 6140 1018 6197 Gn
1094 6143 1137 6201 Χ
1162 6144 1345 6204 LVII.

1201 579 1287 631 Dii
1328 576 1485 630 γιίκκ
1529 575 1610 627 ῐίῐ
1656 573 1928 629 ι-ῖχδιιιιυ
1967 574 2020 629 3.
2068 575 2357 633 JUANXIS
2394 577 2666 634 ClliiYRO
2685 580 2899 634 sTOIII.

3563 598 3688 638 ωκί

2117 704 2222 747 tum
2258 706 2401 748 tuan)
2442 700 2872 767 :tppeli;z\'et'tttal.,
2913 699 3125 769 .‘Zlgtpti
3167 708 3221 753 et
3274 700 3449 773 Libym
3482 708 3697 773 episeo-

2115 806 2231 857 νας,
2269 801 2317 841 et
2352 788 2701 844 .‘.l:‘.~.:~.n.£ri:ti
2732 792 2861 844 rleri
2902 792 3157 860 reliquos.
3216 794 3510 847 transmitti
3556 797 3693 865 jUAbI

2110 882 2177 936 ad
2210 882 2349 935 hanc
2391 886 2590 951 regiam
2631 887 2843 949 urbem,
2894 896 2949 939 ut
3000 887 3377 942 drmonstrent
3426 904 3548 958 quae
3597 890 3698 959 ipsi

2111 982 2373 1028 uretenus
2398 977 2554 1030 aiunt
2581 978 3029 1032 irrationabiliter
3058 988 3177 1033 acta
3205 980 3372 1034 fuisse
3403 1000 3415 1034 :
3448 997 3550 1036 nec
3586 998 3694 1036 non

2110 1078 2166 1121 et
2196 1068 2366 1137 ipsam
2395 1069 2423 1121 'l
2442 1071 2750 1135 heodotem,
2773 1089 2893 1141 quae
2927 1073 3091 1128 totius
3122 1073 3198 1127 rei
3225 1073 3488 1145 originem
3520 1078 3692 1131 novit.

2107 1160 2242 1215 Nam
2277 1162 2321 1213 si
2352 1163 2574 1215 (illlltit'ill
2618 1165 2916 1217 secundum
2952 1166 3119 1219 Deum
3149 1166 3391 1236 synodus
3428 1182 3526 1237 per
3551 1168 3697 1239 lega-

2111 1259 2194 1303 tos
2260 1258 2418 1315 tuos,
2474 1253 2715 1307 evidenti
2786 1254 3253 1309 demonstratione
3322 1260 3692 1328 compererit,

2110 1340 2474 1411 Theophilum
2508 1344 2610 1399 hoc
2634 1359 2821 1399 errore
2859 1360 2981 1399 esse
3016 1346 3350 1415 prolapsum,
3390 1348 3434 1403 is
3487 1351 3695 1404 nullam

2106 1435 2483 1491 defensionem
2510 1446 2604 1491 aut
2632 1437 3042 1493 excusationem
3076 1438 3384 1502 habiturus,
3416 1440 3482 1494 de
3513 1457 3695 1497 sacer-

2106 1533 2254 1587 datio
2284 1552 2313 1588 a
2350 1536 2791 1605 vobisdejectus,
2830 1553 2954 1592 cum
3002 1537 3179 1606 pomis
3227 1536 3367 1601 aliis,
3425 1538 3696 1607 reliquum

2107 1631 2231 1685 vita:
2256 1649 2368 1686 sua:
2396 1643 2609 1702 tempus
2633 1634 2813 1705 exiget
2839 1675 2853 1699 ,
2884 1633 3236 1704 div-inanique
3286 1634 3493 1704 pariter
3528 1635 3693 1689 ultio-

2107 1742 2234 1780 nem
2272 1737 2463 1796 postea
2490 1731 2823 1798 experietur,
2856 1739 3146 1799 propterea
3181 1731 3325 1800 quod
3372 1748 3460 1785 res
3488 1732 3692 1787 decen-

2109 1833 2189 1877 tes
2223 1824 2542 1880 indecenter
2580 1827 3080 1882 commaculavcrit.
3128 1828 3446 1898 L‘iguaberis
3474 1833 3689 1898 itaque,

2106 1923 2392 1979 benedicte
2419 1926 2598 1991 Pater,
2633 1928 2700 1981 ad
2734 1928 3024 1998 episcopos
3075 1929 3132 1982 in
3183 1929 3414 1999 singulis
3465 1929 3694 1984 urbibus

2103 2022 2170 2076 de
2198 2036 2350 2075 more
2394 2021 2656 2091 degentes
2711 2025 2969 2088 scribere,
3008 2034 3065 2078 ut
3117 2026 3256 2080 istuc
3318 2026 3689 2091 conveniant,

2104 2140 2209 2177 una
2238 2140 2365 2178 cum
2401 2125 2539 2190 illis,
2581 2142 2719 2195 quos
2774 2134 2832 2180 tu
2889 2127 3238 2197 deputaveris
3290 2129 3483 2199 legatis
3538 2131 3691 2194 tuis;

2101 2240 2279 2294 neque
2313 2226 2461 2279 enim
2506 2226 2649 2283 hanc
2675 2242 2793 2282 rem
2840 2228 3304 2282 inconsideratam
3335 2240 3499 2299 atque
3530 2230 3690 2285 inex-

2102 2327 2369 2395 ploratam
2394 2342 2514 2381 esse
2544 2330 2834 2396 patiemur.
2874 2349 2891 2379 ι
2929 2329 3103 2383 Fratri
3141 2346 3360 2402 quoque
3380 2348 3482 2387 suo
3505 2333 3693 2387 llono-

2102 2427 2188 2480 rio
2242 2425 2430 2479 scribit
2460 2428 2728 2483 Arcadius
2777 2431 2895 2485 [nec
2929 2450 2941 2483 ;
2980 2453 2997 2482 ι
3028 2430 3483 2504 Quandoquidem
3530 2436 3692 2490 IlObIS

2099 2528 2239 2583 circa
2268 2544 2355 2583 res
2377 2529 2617 2599 imperii,
2650 2539 2711 2585 ut
2735 2540 2887 2602 puto,
2915 2534 3218 2603 occupatis,
3251 2533 3387 2588 clam
3414 2534 3692 2606 Theophi-

2100 2632 2183 2685 lus
2214 2648 2349 2702 papa
2380 2633 2643 2687 honorem
2670 2634 2920 2688 deterere
2950 2644 3181 2690 conatus
3208 2645 3312 2699 est,
3346 2646 3502 2691 curet
3531 2639 3691 2692 beni-

2100 2734 2217 2788 vola
2297 2745 2387 2788 tua
2466 2735 2775 2789 fraternitas
2842 2752 3099 2807 maguum
3168 2740 3552 2793 Innocentium
3603 2756 3690 2793 ro-

2098 2850 2255 2905 gare,
2292 2844 2352 2889 ut
2392 2846 2688 2891 convocata
2748 2838 2955 2908 synodo
3010 2838 3194 2892 ﬁdeles
3248 2854 3376 2894 suos
3432 2840 3688 2896 oliiciales

2100 2936 2443 2991 laudabiliter
2474 2936 2719 3007 deputet.
2758 2956 2778 2989 ι

2172 3041 2253 3094 Η.
2288 3038 2489 3095 Scribit
2530 3040 2694 3094 etiam
2741 3040 3128 3096 Alexandriam
3178 3042 3402 3098 Nicolao
3452 3046 3577 3101 duci
3629 3060 3684 3102 et

2095 3143 2383 3212 atlgustali,
2420 3152 2708 3212 utramque
2739 3142 3060 3214 dignitatem
3099 3146 3346 3199 tenenti:
3415 3166 3433 3199 ι
3471 3147 3587 3203 Non
3635 3160 3690 3204 to

2094 3260 2321 3313 prorsus
2346 3245 2497 3308 latet,
2531 3245 2677 3314 quod
2708 3245 3050 3314 superiorum
3085 3246 3393 3301 antistitum
3444 3252 3688 3321 tyrannis

2093 3357 2258 3418 atque
2287 3348 2510 3402 audacia
2568 3349 2712 3402 vires
2743 3348 2956 3416 imperii
3012 3348 3205 3419 fregit,
3264 3358 3320 3403 et
3379 3352 3435 3405 in
3492 3367 3688 3407 omnes

2094 3460 2281 3521 gentes
2310 3460 2602 3522 propagata
2635 3461 2737 3505 est.
2773 3451 3096 3520 Hujusmodi
3128 3452 3334 3523 aliquid
3364 3470 3512 3510 nunc
3547 3472 3684 3525 quo-

2093 3570 2200 3623 que
2248 3553 2499 3607 evenisse
2560 3552 2885 3617 cernimus;
2943 3568 3122 3623 neque
3181 3557 3329 3608 enim
3383 3556 3681 3611 taeebinms

2094 3672 2276 3711 coram
2306 3657 2441 3712 adeo
2472 3664 2751 3711 crescente
2778 3657 2921 3727 apud
2980 3667 3032 3712 te
3080 3659 3223 3713 malo
3278 3668 3334 3714 et
3390 3661 3681 3732 imperium

2094 3761 2510 3814 dehonestante.
2542 3760 2668 3815 Htec
2698 3761 2765 3815 ad
2800 3769 2855 3815 te
2898 3760 3211 3828 scribimus,
3249 3765 3375 3832 quia
3420 3766 3545 3821 istic
3576 3784 3681 3821 no-

2092 3872 2207 3917 stro
2236 3863 2457 3918 nomine
2487 3871 2814 3933 potestatem
2850 3863 3103 3934 viresque
3139 3874 3352 3929 tenens,
3389 3884 3490 3923 nos
3522 3871 3681 3924 mini-

2091 3980 2180 4019 me
2209 3966 2408 4019 imitari
2436 3964 2675 4029 videris;
2732 3965 2828 4020 sed
2883 3966 3042 4021 donis
3101 3967 3357 4034 inhians,
3421 3971 3679 4029 mandata

2092 4080 2211 4119 mea
2243 4066 2572 4135 aspcrnaris,
2606 4075 2661 4119 et
2689 4074 2934 4120 nostram
2958 4082 3176 4121 omnem
3207 4069 3474 4125 illustrem
3508 4072 3681 4143 digni-

2095 4176 2261 4221 tatem
2290 4165 2444 4222 ﬂocci
2481 4166 2633 4221 lacis.
2686 4166 3053 4232 Quamobrem
3104 4169 3533 4241 indignationem
3575 4190 3677 4230 no-

2090 4280 2258 4325 stram
2301 4287 2411 4326 non
2442 4270 2690 4341 ell‘ugies,
2724 4278 2913 4340 utpote
2948 4270 3042 4341 qui
3086 4270 3526 4329 sublimissimam
3574 4293 3675 4332 no-

2088 4384 2255 4429 stram
2285 4374 2717 4445 magnitudinem
2746 4374 2902 4444 pensi
2926 4390 3038 4430 non
3065 4375 3345 4435 habueris.
3386 4376 3582 4434 Statim
3611 4394 3679 4438 ac

2085 4477 2251 4547 igitur
2283 4491 2465 4531 sacras
2491 4491 2556 4531 ac
2608 4476 2950 4531 venerabiles
2980 4478 3188 4532 litteras
3244 4488 3479 4544 nostras,
3537 4497 3674 4550 quas

2083 4578 2313 4632 devotus
2341 4575 2540 4630 Bassus
2575 4576 2772 4642 tradet,
2804 4578 3100 4645 acceperis,
3132 4578 3279 4631 nulla
3314 4595 3465 4633 mora
3494 4581 3669 4635 inter-

2083 4682 2281 4752 posita.
2318 4681 2544 4735 omnino
2600 4689 2763 4750 prout
2821 4678 2915 4732 tibi
2950 4679 3244 4745 scribitur,
3302 4681 3509 4751 absque
3561 4684 3672 4741 ulla

2082 4776 2439 4849 indulgentia,
2470 4775 2833 4846 Theophilum
2862 4783 3120 4845 tanquam
3152 4791 3305 4830 reum
3340 4778 3451 4833 huc
3488 4788 3668 4835 trans-

2081 4878 2284 4942 mittes,
2318 4877 2527 4931 nullum
2556 4874 2657 4945 ipsi
2719 4874 2981 4928 honorem
3012 4882 3108 4927 aut
3161 4874 3450 4929 comitatus
3502 4876 3667 4932 obse-

2079 4978 2269 5047 quium
2298 4977 2587 5031 adhibens.
2637 4970 2921 5042 Velimque
2973 4972 3133 5038 scias,
3189 4972 3337 5042 quod
3387 4972 3492 5029 nisi
3547 4974 3668 5034 haec

2078 5087 2338 5143 perquam
2365 5078 2618 5126 accurate
2645 5070 2927 5139 multoque
2956 5084 3081 5123 cum
3115 5078 3266 5124 metu
3309 5084 3554 5143 peragas,
3595 5073 3665 5128 dc

2079 5171 2190 5240 ipsa
2223 5169 2330 5223 vita
2365 5179 2454 5223 tua
2483 5183 2549 5222 ac
2578 5166 2753 5223 salute
2778 5168 3191 5238 periclitaberis.
3227 5167 3364 5222 Tum
3394 5178 3451 5223 et
3478 5168 3662 5225 Theo-

2075 5269 2206 5341 pbili
2250 5274 2596 5323 accusatores
2622 5305 2638 5331 ,
2686 5267 2802 5321 sive
2860 5265 3101 5335 epiSCOpi
3147 5264 3258 5319 sint
3295 5264 3410 5320 sive
3452 5267 3657 5331 clerici,

2073 5383 2195 5424 cum
2230 5366 2531 5433 Theodote,
2567 5366 2635 5422 ad
2662 5380 2761 5419 nos
2792 5364 2985 5427 mitte;
3016 5378 3143 5418 nam
3171 5362 3326 5433 juxta
3356 5363 3453 5419 Dei
3486 5365 3658 5435 legem

2071 5472 2255 5521 coacta
2282 5464 2539 5535 synodus,
2574 5465 2659 5518 his
2688 5462 2942 5517 omnibus
2980 5462 3285 5519 ventilatis.
3341 5461 3564 5532 dignum
3598 5478 3658 5515 se

2070 5566 2184 5637 ipsa
2226 5563 2496 5633 judicium
2548 5564 2694 5633 juste
2758 5562 3153 5630 pronuntiabit.
3229 5578 3247 5611 ι
3302 5560 3466 5615 Missa
3526 5575 3654 5619 sunt

2068 5663 2231 5718 etiam
2255 5660 2308 5715 in
2343 5659 2653 5731 provincias
2677 5673 2871 5713 omnes
2899 5656 3312 5713 commonitoria
3353 5658 3422 5714 ad
3470 5658 3651 5729 regio~

2068 5776 2197 5817 num
2227 5758 2531 5829 episcopos,
2568 5763 2628 5811 ut
2653 5756 2722 5811 ad
2764 5754 3123 5825 judicandum
3168 5756 3321 5826 juxta
3364 5763 3649 5813 accusato-

2066 5878 2184 5918 rum
2214 5856 2677 5931 expostnlationcs
2702 5854 3078 5912 convenirent.
