4494 6682
816 572 962 617 ωινιι

887 685 968 731 ιε’.
1013 676 1072 731 Ὀ
1108 676 1166 731 δὲ
1216 679 1315 749 τῆς
1375 680 1704 751 Ἀντιοχείας
1751 681 2051 745 ἐπίσκοπος
2100 681 2298 751 νοήσας
2346 673 2405 726 τὺ

816 760 1194 833 μελετώμενον
1246 764 1350 816 ὑπὸ
1397 764 1497 834 τῆς
1549 764 1844 829 Εὐδοξίας,
1892 764 2027 817 διότι
2078 767 2283 835 ἐνεῖχεν
2332 760 2407 833 τῷ

830 845 1053 917 Ἰωάννῃ
1100 846 1429 917 ἐλεγχομένη
1474 849 1607 919 παρ’
1652 849 1855 911 αὐτοῦ,
1905 848 2093 912 καθὼς
2142 847 2407 920 Ἡρωδιὰς

818 930 926 983 ὑπὸ
971 930 1218 985 Ἰωάννου
1265 932 1359 986 τοῦ
1396 934 1704 987 Βαπτιστοῦ
1738 934 1997 1004 ἠλέγχετο
2030 935 2148 1007 ἅμα
2194 934 2404 1006 Ἡρώδῃ

815 1016 895 1086 τῷ
920 1015 1126 1087 ταύτην
1162 1019 1400 1090 γήμαντι
1434 1019 1571 1089 μετὰ
1597 1020 1885 1073 συνουσίαν
1914 1022 2010 1074 τοῦ
2046 1022 2279 1092 ἀδελφοῦ
2312 1024 2408 1076 αύ-

816 1099 945 1164 τοῦ,
992 1100 1177 1166 καθώς
1222 1104 1281 1155 ἐν
1334 1102 1684 1171 Εὐαγγελίοις
1734 1103 1976 1172 λέγεται.
2025 1106 2252 1175 Γέγονεν
2298 1105 2404 1174 γάρ

815 1182 1028 1237 τοιοῦτο
1060 1185 1259 1255 μεταξύ
1304 1184 1550 1239 Ἰωάννου
1602 1188 1699 1239 καὶ
1728 1188 1825 1258 τῆς
1872 1187 2134 1254 Εύδοξίας
2156 1206 2170 1221 ·
2199 1188 2403 1257 Συνέϐη

817 1269 928 1339 γὰρ
960 1268 1211 1336 γενέσθαι
1240 1268 1339 1340 τήν
1366 1270 1610 1341 βασιλίδα
1639 1273 1767 1343 περί
1798 1274 1889 1325 τὸν
1925 1272 2203 1341 βασιλικὸν
2228 1274 2405 1343 ἀμπε-

817 1352 983 1414 λῶνα,
1020 1350 1282 1406 είσελθεῖν
1310 1354 1477 1426 αὐτὴν
1506 1356 1586 1417 είς
1620 1356 1919 1425 ἀμπελῶνα
1945 1356 2205 1425 γυναικὸς
2230 1357 2406 1427 χήρας

818 1434 1185 1505 πλησιάζοντα
1223 1436 1319 1490 τοῦ
1370 1440 1570 1507 ἑαυτῆς
1602 1438 1959 1508 ἀμπελῶνος,
1996 1439 2105 1491 εἴτε
2144 1439 2405 1500 ἑκουσίως

816 1520 927 1572 εῐτε
958 1521 1230 1583 ἀκουσίως
1255 1564 1268 1585 ,
1316 1523 1408 1573 καὶ
1447 1522 1607 1590 κόψαι
1642 1524 1939 1593 σταφυλήν.
1982 1522 2324 1593 Προεϐάλετο
2349 1522 2405 1575 δὲ

815 1603 977 1673 αῦτη·
1010 1622 1028 1653 ι
1058 1604 1192 1656 Κατ’
1215 1605 1440 1672 ἄγνοιαν
1462 1604 1731 1675 εἰσῆλθον,
1758 1608 1943 1675 φησὶν,
1974 1609 2068 1660 καὶ
2093 1607 2153 1659 οῦ
2181 1606 2404 1661 δύναται

813 1686 995 1739 οὐκέτι
1044 1686 1377 1763 ἀποδοθῆναι
1432 1691 1497 1760 τῇ
1554 1689 1717 1761 κυρία
1774 1688 1983 1755 αὐτοῦ,
2035 1692 2173 1747 ἀλλά
2202 1691 2405 1763 ,δίδωμι

814 1770 1116 1841 ἀμπελῶνα
1150 1772 1267 1825 ἀντ’
1303 1772 1470 1825 αὐτοῦ
1503 1774 1724 1827 πλείονα
1753 1776 1849 1828 καὶ
1876 1774 2128 1845 κρείττω.
2168 1796 2187 1829 ι
2246 1777 2309 1828 Ἥ
2348 1777 2406 1829 δὲ

812 1849 961 1926 χήρα
992 1857 1053 1908 οὐ
1087 1858 1412 1925 κατεδέξατο
1432 1899 1446 1921 ,
1474 1858 1610 1911 ἀλλά
1644 1860 1986 1929 προσέπεσεν
2021 1862 2100 1931 τῷ
2160 1862 2403 1935 Ἰωάννῃ,

812 1939 963 2003 ὅπως
990 1942 1224 2013 ἀποδοθῇ
1261 1942 1397 2011 αὐτῇ
1426 1943 1454 1994 6
1489 1941 1751 2011 ἀμπελὼν
1783 1944 1977 2014 αὐτῆς.
2016 1946 2410 2018 Παραγενόμε-

812 2041 902 2087 νος
933 2025 1044 2079 δὲό
1088 2026 1340 2098 Ἰωάννης
1382 2025 1519 2097 πρὸς
1558 2025 1655 2097 τήν
1707 2026 1990 2097 βασιλίδα,
2039 2030 2185 2098 λέγει
2228 2031 2403 2099 αὐτῇ·

816 2128 835 2161 ι
877 2108 1234 2182 Οίκτείρησον
1278 2110 1379 2181 τὴν
1414 2111 1611 2181 χήραν,
1642 2113 1738 2164 καὶ
1784 2113 1981 2176 ἀπόδος
2014 2114 2148 2182 αὐτῇ
2179 2113 2270 2164 τὸν
2300 2114 2407 2179 ἀμ-

810 2194 1053 2250 πελῶνα.
1089 2213 1108 2246 ι
1162 2196 1229 2247 'l'l
1270 2193 1328 2248 δέ
1372 2211 1571 2266 φησιν’
1621 2214 1641 2247 ι
1689 2196 1870 2265 Νόμος
1910 2195 2187 2264 βασιλικός
2235 2196 2403 2259 ἐστιν,

811 2279 947 2331 ὅπου
979 2278 1333 2348 εἰσέλθωμεν,
1386 2281 1482 2330 καὶ
1520 2281 1584 2331 ἐκ
1614 2277 1707 2331 τοῦ
1744 2278 1957 2349 καρποῦ
1984 2277 2253 2349 ἁψώμεθα
2275 2320 2290 2343 ,
2332 2278 2408 2350 μὴ

811 2360 1068 2428 γενέσθαι
1097 2362 1290 2434 ἑτέρῳ,
1325 2362 1440 2414 ἀλλ’
1483 2362 1655 2432 ἣτοῖς
1688 2360 2035 2432 βασιλεῦσινο
2080 2362 2196 2415 ἀντ’
2238 2362 2405 2416 αὐτοῦ

810 2447 871 2501 δέ
902 2446 1201 2518 ἀμπελῶνα
1231 2445 1389 2500 ἄλλον
1415 2441 1525 2499 οἷον
1553 2444 1685 2518 θέλῃ
1719 2446 1953 2500 λαϐέτω.
1997 2466 2015 2499 ι
2049 2446 2219 2499 Πάλιν
2246 2441 2340 2499 οῦν
2373 2448 2406 2517 ἡ

812 2534 959 2603 χήρα
986 2530 1191 2593 κόπους
1222 2533 1483 2600 παρεῖχεν
1512 2528 1589 2598 τῷ
1627 2530 1847 2601 Ἰωάννῃ
1872 2571 1885 2593 ,
1922 2530 1998 2593 ώς
2035 2529 2321 2599 δυναμένῳ
2354 2546 2407 2582 τι

812 2614 966 2685 παρὰ
1010 2615 1110 2686 τῆς
1154 2614 1446 2684 βασιλίδος.
1498 2614 1607 2667 Καὶ
1642 2614 1989 2684 ἐνοχλοῦντος
2046 2615 2294 2669 Ἰωάννου
2340 2618 2404 2686 τῇ

814 2699 1075 2770 Εὐδοξία,
1112 2699 1244 2753 ποτέ
1282 2698 1379 2769 μὲν
1427 2697 1875 2769 παρακαλοῦντος
1918 2699 2091 2770 αὐτὴν
2115 2739 2129 2762 ,
2167 2699 2299 2753 ποτέ
2349 2699 2406 2753 δέ

815 2784 912 2837 καὶ
944 2782 1327 2856 παραϐολικῶς
1370 2783 1749 2847 νουθετοῦντος
1779 2786 1858 2853 (a)
1893 2784 2084 2855 αὐτὴν,
2130 2787 2231 2838 οὐκ
2274 2785 2405 2854 ἡδυ-

814 2868 951 2940 νήθη
980 2869 1255 2922 ἐκσπάσαι
1296 2868 1389 2921 τὸν
1417 2869 1718 2939 ἀμπελῶνα
1749 2870 1847 2940 τῆς
1876 2870 2134 2937 γυναικὸς
2173 2870 2267 2922 ἀπ’
2308 2870 2404 2921 αὐ-

813 2952 935 3023 τῆς.
982 2953 1069 3005 Ἐν
1111 2954 1209 3023 μιᾷ
1257 2948 1351 3005 οῦν
1387 2951 1496 3006 τῶν
1544 2952 1766 3024 ήμερῶν
1811 2952 2258 3023 παραγενομένου
2303 2952 2400 3007 τοῦ

813 3037 1064 3092 Ἰωάννου
1092 3037 1227 3109 πρὸς
1252 3038 1421 3108 αὐτὴν
1452 3042 1578 3109 περὶ
1614 3036 1804 3091 τούτου
1822 3077 1837 3101 ,
1866 3037 2078 3091 κελεύει
2102 3042 2215 3102 τοῖς
2241 3038 2366 3110 δορυ
2384 3068 2400 3080 ο

815 3120 1005 3193 φόροις
1029 3122 1199 3193 αὐτῆς
1225 3124 1435 3175 κλεῖσαι
1462 3121 1554 3184 τὶι;
1582 3120 1752 3192 θύρας
1782 3122 2090 3193 ἔμπροσθεν
2126 3123 2397 3187 Ἰωάννου,

813 3207 966 3271 ὅπως
1001 3207 1077 3279 μὴ
1108 3205 1324 3278 εἰσέλθῃ
1374 3210 1467 3261 καὶ
1505 3206 1711 3277 λαλήσῃ
1752 3208 1912 3278 αὐτῇ.
1948 3207 2007 3260 '0
2050 3207 2108 3259 δέ
2149 3208 2401 3279 Ἰωάννης

813 3291 1329 3367 προσκαλεσάμενος
1369 3290 1461 3343 τὸν
1491 3291 1730 3361 ἄρχοντα
1769 3290 1869 3360 τῆς
1895 3290 2223 3361 ἐκκλησίας,
2256 3307 2399 3362 παρ-

810 3376 1063 3450 ήγγειλεν
1091 3375 1238 3446 αὑτῷ
1270 3375 1442 3445 λέγων
1461 3391 1474 3405 ο
1502 3396 1524 3432 ι
1558 3371 1742 3430 Ὅτ’ἀν
1764 3372 1939 3443 ἐλθηὴ
1972 3375 2194 3441 Εὐδοξία
2226 3376 2399 3430 εἰσελ-

811 3462 928 3516 θεῖν
956 3463 1036 3525 εἰς
1066 3460 1162 3533 τὴν
1189 3460 1507 3531 ἐκκλησίαν,
1535 3460 1747 3513 κλεῖσον
1770 3458 2083 3532 ἔμπροσθεν
2109 3462 2277 3532 αὐτῆς
2300 3462 2399 3527 τὰς

810 3544 1005 3619 θύρας,
1042 3546 1137 3600 καὶ
1185 3545 1337 3598 εἰπὸν
1378 3546 1555 3615 αὐτῇο
1620 3535 1868 3608 Ἰωάννης
1950 3544 2108 3598 τοῦτο
2138 3547 2402 3616 προσέτα-

812 3632 921 3697 ξεν.
955 3652 975 3684 ι
1003 3630 1113 3685 Καὶ
1140 3630 1248 3685 ἀπὸ
1279 3631 1399 3683 τότε
1429 3628 1644 3700 ηὐξήθη
1673 3630 1910 3700 στερεῶς
1934 3630 1967 3700 ή
1990 3628 2157 3701 λέσχη
2189 3630 2397 3701 μεταξὺ

806 3714 1056 3770 Ἰωάννου
1086 3716 1183 3769 καὶ
1213 3714 1489 3780 Εὐδοξίας.

883 3825 986 3884 ις’.
1013 3817 1183 3881 Εἰδὼς
1215 3815 1307 3873 οῦν
1335 3821 1364 3873 ό
1390 3818 1692 3890 καλόγηρος
1718 3820 1746 3873 6
1788 3819 2065 3889 Ἀντιόχου
2097 3820 2398 3882 ἐπίσκοπος

806 3905 907 3974 τὴν
932 3903 1151 3975 ἐνέδραν
1188 3902 1359 3973 αὐτῆς
1413 3904 1611 3975 σκευήν
1643 3904 1903 3976 ποιούσης
1934 3903 2077 3958 κατά
2122 3902 2395 3967 Ἰωάννου,

811 3987 1251 4057 προσεποιήσατο
1290 3985 1594 4052 ἀσθένειαν,
1640 3988 1734 4039 καὶ
1779 3989 1839 4039 τὸ
1872 3988 2051 4057 γῆρας
2095 3988 2398 4058 ἀρρωστεῖν

810 4072 978 4126 αὐτὸν
1032 4070 1092 4135 ἐξ
1134 4072 1480 4142 ἀμφοτέρων,
1534 4071 1697 4135 αὐτὸς
1746 4072 1844 4140 μὲν
1888 4070 2249 4143 παραιτηθεὶς
2298 4071 2399 4122 οὐκ

808 4150 995 4226 ἦλθεν,
1024 4154 1232 4225 πέμπει
1268 4154 1324 4207 δὲ
1354 4154 1747 4226 τοποτηροῦντι
1781 4155 1943 4208 αὐτὸν
1979 4156 2141 4208 πέντε
2179 4155 2400 4207 ἐπισκό-

808 4254 981 4303 πους,
1043 4238 1345 4308 Ἀπαμείας
1386 4238 1662 4307 Διογένην,
1693 4239 1921 4310 Βεροίας
1965 4238 2246 4292 Ἀκάκιον.
2289 4238 2397 4291 E6-

810 4323 1176 4392 καιρήσαντος
1215 4320 1272 4372 δέ
1303 4320 1753 4391 Σευηριανοῦλτοῦ
1783 4321 2040 4375 Γαϐἀλων
2073 4322 2396 4385 ἐπισκόπου,

810 4403 908 4457 καὶ
954 4405 1247 4475 χρῄζοντος
1295 4408 1375 4468 εἰς
1419 4404 1481 4457 τὸ
1526 4405 1851 4475 κωμητάτον
1899 4405 1977 4468 ώς
2029 4406 2394 4473 λογιωτάτου,

807 4490 992 4559 ᾐτεῖτο
1040 4489 1113 4558 (b)
1170 4490 1393 4560 ποιῆσαι
1448 4489 1579 4543 αὐτὸ
1627 4490 1997 4560 Σαμουσατῶν
2050 4489 2393 4561 Γέμμουλον,

809 4572 1032 4640 Ἐδέσης
1062 4573 1343 4627 Θεοδόσιον
1365 4591 1379 4605 ο
1426 4569 1590 4645 ἦλθεν
1622 4574 1679 4628 δέ
1714 4576 1810 4629 καὶ
1861 4577 2062 4638 Λεονᾶς
2099 4575 2397 4638 ἐπίσκοπος

823 4658 1107 4730 Ἀγκύρων
1153 4660 1247 4711 καὶ
1296 4658 1457 4722 αὐτὸς
1503 4660 1642 4730 ἔχων
1700 4659 1844 4713 κατὰ
1908 4661 2189 4714 Ἰωάννουο
2248 4652 2393 4713 οὗτοι

810 4742 1014 4806 πάντες
1040 4742 1114 4805 ώς
1136 4742 1242 4795 ἀπὸ
1279 4742 1583 4809 συντάξεως
1606 4742 1791 4815 ἐχθροὶ
1827 4745 2095 4797 Ἰωάννου.
2127 4745 2395 4807 Νικόλαος

808 4830 867 4883 δὲ
893 4831 922 4883 6
961 4828 1145 4899 ἄρχων
1190 4828 1422 4895 ἐνέγκας
1466 4830 1559 4882 τὸν
1590 4828 1868 4897 Θεόφιλον,
1914 4829 2208 4897 ἠπείλησεν
2245 4828 2396 4897 αὐτῴ

806 4912 886 4977 ὡς
910 4914 979 4967 τά
1009 4912 1263 4982 ἑλληνικά
1293 4914 1549 4984 χρήματα
1574 4912 1966 4983 διαρπάζοντα,
1996 4914 2224 4985 κείμενα
2247 4912 2397 4982 αὐτῷ

810 4996 999 5065 (κατὰ)
1032 4998 1133 5068 τὴν
1161 4998 1410 5051 κέλευσιν
1451 4998 1546 5051 τοῦ
1600 4997 1885 5067 βασιλέως.
1943 4998 2000 5051 '0
2037 4998 2094 5051 δὲ
2136 4999 2396 5068 Θεόφιλος

805 5081 895 5137 διά
931 5082 972 5135 Γ
974 5083 1208 5150 εωργίου
1250 5080 1345 5135 τοῦ
1385 5082 1703 5152 ἀδελφιδοῦς
1742 5080 1905 5136 αὐτοῦ
1952 5082 2048 5136 τοῦ
2093 5083 2391 5155 ἄρχοντος,

804 5167 1021 5238 πλήσας
1069 5166 1140 5221 τά
1191 5166 1484 5238 βαλλάντια
1540 5166 1905 5237 ἀμφοτέρων,
1963 5168 2120 5239 ἔσχεν
2171 5170 2390 5240 ἀνοχὴν,

803 5250 966 5322 ἄχρις
998 5250 1065 5303 ἂν
1090 5249 1160 5305 τά
1192 5248 1491 5324 κελλαρικά
1520 5249 1797 5317 Αἰγύπτου
1860 5251 1954 5304 καὶ
1982 5253 2267 5323 ἡδύσματα
2295 5254 2394 5306 Ἰν-

802 5333 923 5396 δίας
948 5332 1301 5405 ὠνησάμενος
1320 5374 1335 5397 ,
1384 5335 1465 5397 είς
1498 5333 1659 5387 πλοῖα
1688 5332 1971 5387 ἐνεϐάλετο
1991 5375 2005 5399 ,
2042 5335 2139 5389 σὺν
2179 5336 2395 5389 ἐπισκό-

805 5434 929 5482 ποις
962 5418 1056 5472 καὶ
1085 5417 1478 5490 πρεσϐυτέροις
1513 5418 1607 5471 καὶ
1633 5418 1903 5483 διακόνοις
1934 5420 2162 5483 καὶτοῖς
2183 5419 2393 5482 λοιποῖς

805 5504 864 5555 ἐν
900 5503 1043 5575 δχλῳ
1081 5502 1254 5573 ικανῷ
1278 5518 1293 5534 ’
1337 5504 1431 5556 καὶ
1471 5503 1645 5567 οῦτως
1676 5504 1937 5557 ἔπλευσεν
1968 5504 2152 5575 φόρτῳ
2186 5502 2385 5572 πολλῷ.

878 5601 899 5675 (
924 5603 963 5658 ί.
993 5603 1061 5659 72
1082 5606 1136 5676 b)
1188 5603 1273 5671 ιζ’.
1323 5604 1388 5658 Ἠ
1416 5596 1510 5658 οὖν
1547 5603 1775 5669 Εύδοξία
1806 5604 1898 5657 τὸν
1920 5605 2117 5681 λιμένα
2145 5606 2391 5680 φρουρή-

877 5782 1611 5865 (α)ιϐρς1.ν·ἐξουθενοῦντος.
1672 5786 1843 5843 Porro
1899 5788 1990 5844 hic
2037 5788 2390 5861 cogitandum

806 5854 949 5937 ιιιιιι)⁸
970 5854 1299 5937 όςθΝιιιΛΙιοιιξ
1320 5857 1610 5937 ρεφὺοὶα.

814 5925 825 5928 ⁷
988 5925 1087 5980 Hic
1126 5933 1183 5980 οι
1206 5925 1334 5979 alibi
1363 5928 1529 5980 codex
1562 5929 1860 5982 mendosus
1902 5929 2390 6003 reformandusque

814 5996 863 6053 vi
904 6004 1113 6060 matur,
1147 6004 1241 6050 aut
1270 5995 1403 6052 mihi
1428 6008 1576 6052 certe
1611 5998 1879 6053 obscurus
1920 6010 2051 6056 erat.

1996 553 2348 615 TlIEODORl
2382 553 2927 614 TRIMITHUNTINI

3925 591 4105 632 ιινιιι

2517 690 2655 726 σασα
2690 674 2776 728 διὰ
2807 678 3087 747 Μαρια-κοῦ
3117 681 3209 734 τοῦ
3241 679 3558 752 μειζοτέρου
3590 680 3783 751 αὐτῆς,
3818 686 3909 739 καὶ
3956 690 4101 759 φθά-

2513 781 2709 830 σαντας
2734 768 2861 830 τοὺς
2890 771 3273 841 τοποτηρητὰς
3312 770 3657 826 Ἰννοκεντίου
3710 770 3801 824 διὰ
3834 772 3933 843 τὴν
3968 775 4102 829 σύν-

2508 856 2645 923 οδον,
2692 858 3008 913 ἀπέσπασεν
3046 860 3140 911 ἀπ’
3170 861 3351 915 αὐτῶν
3394 862 3460 916 τά
3498 861 3834 933 γράμματα,
3878 862 3974 913 καὶ
4015 866 4101 927 είς

2509 946 2752 1019 φρουρὰν
2794 946 3215 1011 κατακλείστους
3253 950 3312 1002 ἐν
3356 953 3470 1013 τοῖς
3502 949 3829 1022 θρᾳκησίοις
3874 946 4102 1017 μέρεσιν

2509 1036 2767 1107 ἐποίησεν
2808 1038 2865 1089 ἐν
2911 1035 3345 1107 παραθαλασσίῳ
3392 1038 3716 1110 καλουμένῳ
3763 1034 4003 1105 Ἀθύρων
4038 1037 4101 1087 ἐν

2510 1124 2678 1194 πολλῇ
2712 1125 3001 1196 ἀσφαλείᾳ.
3035 1126 3264 1179 Πάντων
3298 1124 3624 1195 φθασάντων
3668 1129 3768 1199 τὴν
3798 1127 4098 1179 Κώνσταν-

2507 1213 2651 1267 τίνου
2689 1216 2870 1280 πόλιν,
2922 1212 3159 1283 οὐδαμοῦ
3198 1216 3246 1266 οἰ
3284 1218 3652 1288 τοποτηρηταὶ
3698 1218 3797 1287 τῆς
3846 1213 4093 1283 Ῥώμης·

2507 1302 2625 1355 ἀλλ’
2657 1305 2775 1357 οὐδὲ
2815 1304 3090 1372 Θεόφιλος,
3126 1306 3175 1357 εἰ
3205 1306 3279 1375 μὴ
3302 1304 3401 1374 όψέ
3430 1324 3583 1360 ποτε.
3624 1309 3683 1361 '0
3717 1306 3813 1361 οῦν
3840 1292 4101 1377 βασιλεὺς

2520 1390 2801 1461 Ἀρκάδιος
2834 1394 2933 1446 οὐκ
2964 1392 3221 1462 ἠνέσχετο
3254 1391 3391 1455 ὅλως
3426 1398 3709 1465 συντυχεῖν
3739 1395 3986 1465 Θεοφίλῳ
4009 1409 4024 1423 ·
4058 1392 4096 1459 ἠ

2505 1478 2562 1532 δὲ
2595 1479 2823 1547 Εὑδοξία
2853 1479 3318 1553 μεταστειλαμένη
3344 1480 3605 1548 Θεόφιλον
3631 1487 3724 1536 καὶ
3750 1486 3877 1547 τοὺς
3901 1484 4099 1546 ἄλλους

2508 1571 2865 1636 ἐπισκόπους,
2904 1566 3074 1643 ηὗρεν
3119 1570 3328 1632 πάντας
3374 1567 3647 1637 διψῶντας
3693 1572 3791 1643 τήν
3842 1574 4098 1626 Ἰωάννου

2506 1658 2820 1730 ἐπιϐουλὴν,
2873 1661 2969 1713 καὶ
3008 1660 3217 1723 πάντας
3257 1655 3596 1728 ἠσφαλίσατο
3633 1657 3847 1727 δώροις.
3903 1661 3963 1714 Ὀ
3999 1657 4098 1715 οὖν

2507 1747 2763 1817 Ἰωάννης
2788 1747 3131 1818 νεωτερικῶς
3180 1746 3434 1819 πράττων
3472 1741 3782 1815 ἐξηγήσατο
3816 1748 3959 1800 κατά
3982 1749 4098 1802 τῶν

2509 1836 2822 1888 ἐπισκόπων
2858 1836 2982 1889 τινὰ
3010 1835 3182 1897 οῦτως
3211 1834 3430 1905 έψντα·
3462 1853 3479 1885 ι
3500 1832 3838 1902 Συναγάγετε
3859 1834 3993 1904 πρός
4024 1853 4097 1906 με

2509 1925 2634 1986 τοὺς
2671 1924 2833 1992 ἱερεῖς
2862 1923 2960 1992 τῆς
2987 1922 3249 1992 αἰσχύνης
3275 1921 3553 1984 ἐσθίοντας
3584 1920 3866 1992 τράπεζαν
3923 1923 4096 1985 Ἰεζά-

2511 2012 2625 2073 ϐελ,
2664 2012 2748 2063 ἵνα
2778 2012 2917 2063 εἴπω
2958 2010 3143 2073 αὐτοῖς
3166 2027 3179 2040 ·
3234 2011 3389 2075 ’Ἑως
3423 2010 3569 2063 πότε
3624 2010 3949 2079 χωλανεῑῖε
3999 2012 4095 2064 ἐπ’

2509 2098 2865 2166 ἀμφοτέραις
2910 2098 3043 2164 ταῖς
3081 2099 3314 2167 ἰγνύαις
3353 2097 3555 2165 ὐμῶν;
3588 2100 3659 2152 Εἰ
3704 2097 3876 2152 ἔστιν
3927 2100 4097 2163 Θεὸς,

2507 2185 2835 2251 πὸρεύεσθε
2878 2185 3071 2237 ὀπίσω
3103 2182 3321 2237 αὐτοῦ·
3354 2184 3401 2236 εί
3426 2183 3484 2236 δὲ
3510 2187 3543 2255 ή
3584 2185 3830 2256 τράπεζα
3855 2184 4099 2250 Ἰεζάϐελ

2508 2278 2645 2348 αὐτὴ
2680 2278 2831 2344 Θεὸς,
2875 2278 3139 2347 φαγόντες
3171 2276 3487 2347 ἐξεμέσατε.
3532 2298 3553 2331 ο
3605 2278 3668 2331 Ol
3712 2278 3769 2332 δέ
3805 2280 4099 2334 ἐπίσκοποι

2509 2370 2789 2424 ἐπέδωκαν
2817 2370 2896 2441 τῷ
2932 2370 3241 2441 βασιλεῖτά
3284 2371 3377 2423 ἴσα
3408 2373 3506 2433 τῆς
3549 2370 3866 2442 ἐξηγήσεως
3912 2371 4100 2425 Ἰωάν-

2508 2476 2622 2521 νου,
2662 2461 2755 2511 καὶ
2794 2458 3039 2531 ἐλυπήθη
3082 2459 3172 2513 διὰ
3218 2458 3317 2531 τήν
3362 2458 3622 2525 Εὐὸοξίαν
3672 2462 3945 2532 μεγάλως.
3984 2463 4100 2515 Καὶ

2509 2548 2667 2613 εὐθὺς
2698 2550 2839 2603 κατά
2878 2550 3137 2620 Θεοφίλου
3183 2552 3433 2623 Ἰωάννης
3480 2552 3741 2623 ἐξήγησιν
3770 2555 4096 2623 ἀπφήνατο

2506 2639 2680 2702 οῦτως
2707 2640 2915 2709 λέγων’
2975 2658 2993 2692 ι
3032 2641 3126 2705 Τίς
3150 2643 3292 2695 ’ποτε
3342 2642 3450 2694 τῶν
3493 2644 3806 2711 Αἰγυπτίων
3848 2643 4097 2713 θεόφιλος

2508 2732 2756 2801 ἐγένετο;
2809 2733 2893 2796 τίς
2924 2732 2982 2787 δέ
3030 2734 3136 2786 τῶν
3175 2733 3437 2803 θεοφίλων
3482 2734 3581 2805 τὴν
3626 2737 3869 2807 μυσεράν
3910 2738 4096 2790 αὐτῶν

2504 2823 2747 2890 εὐδοξίαν
2828 2822 2887 2875 ού
2977 2825 3354 2895 βδελύσσεται;
3390 2846 3408 2877 ι
3446 2822 3579 2880 Εἶτα
3611 2827 3702 2879 καὶ
3730 2828 3901 2899 αὐτὴν
3925 2828 4096 2882 πάλιν

2503 2912 2828 2967 ἐπιδιδοῦσιν
2875 2914 2953 2984 τῷ
2997 2914 3236 2985 βασιλεῖ·
3290 2915 3384 2967 καὶ
3434 2915 3700 2987 μετετέθη
3746 2916 3780 2988 ή
3829 2916 4092 2987 Θεοφίλου

2500 3006 2876 3077 ἀγανάκτησις
2903 3008 2983 3069 είς
3012 3006 3286 3078 Ἰωάννην.

2576 3098 2665 3170 ιη’.
2696 3099 2828 3152 Τότε
2873 3096 3051 3151 λαϐὼν
3088 3101 3116 3152 6
3176 3100 3426 3171 Ἰωάννης
3472 3100 3565 3155 δύο
3605 3100 3714 3154 τῶν
3754 3099 4091 3171 διωχθέντων

2504 3190 2774 3262 μοναχῶν,
2806 3192 3093 3262 Διόσκορον
3121 3193 3215 3245 καὶ
3257 3191 3493 3261 Ἰέρακα,
3512 3193 3639 3256 τοῦς
3665 3194 3960 3264 τροχαλούς
3986 3194 4090 3245 αὐ-

2498 3284 2629 3351 τῶν,
2662 3283 3067 3355 ἐχειροτόνησεν
3092 3285 3287 3347 αὐτοὺς
3322 3283 3745 3356 πρεσϐυτέρους,
3773 3285 3919 3346 ὅπως
3950 3283 4088 3335 αὐθ-

2500 3378 2731 3449 αιρέτως
2770 3378 2840 3431 τά
2876 3378 3021 3431 κατά
3065 3376 3325 3447 Θεοφίλου
3358 3378 3658 3443 διδάξουσιν
3691 3376 3791 3447 τὴν
3839 3376 4081 3429 σύνοδον.

2512 3470 2576 3523 Ἦ
2606 3469 2663 3523 δὲ
2692 3467 2919 3534 Εὐδοξία
2962 3468 3201 3522 λαϐοῦσα
3246 3468 3508 3537 Θεοδότην
3532 3509 3548 3533 ,
3574 3470 3607 3540 ἢ
3646 3468 3714 3521 τά
3763 3467 3905 3539 χίλια
3934 3469 4091 3538 νομί-

2503 3579 2686 3631 σματα
2733 3560 2964 3614 δέδωκεν
3009 3560 3087 3631 τῷ
3115 3562 3259 3632 άϐϐᾷ
3303 3560 3556 3632 Ἰσιδώρῳ
3588 3560 3665 3630 τῷ
3708 3560 4088 3631 πρεσϐυτέρῳ,

2500 3650 2705 3722 ταύτην
2734 3651 3091 3722 Κλημεντίνῳ
3115 3650 3194 3722 τῷ
3226 3651 3451 3721 ἐπάρχῳ
3481 3649 3579 3720 τῆς
3619 3649 3826 3713 πόλεως
3857 3649 4091 3703 δέδωκεν

2501 3744 2580 3806 εἰς
2613 3741 2809 3812 γάμον,
2830 3742 3068 3805 καὶτοὺς
3094 3740 3428 3803 ἐπισκόπους
3444 3740 3724 3807 Αἰγύπτου
3757 3741 3852 3794 καλ⁸
3880 3738 4091 3807 Λιϐύης

2501 3834 2595 3888 καὶ
2630 3836 2756 3897 τοὺς
2789 3833 3085 3904 κληρικοὺς
3116 3830 3209 3886 τοῦ
3253 3833 3453 3904 μέρους
3504 3829 3770 3903 Ἰσιδώρου
3816 3830 4092 3896 ἐνέγκασα

2498 3926 2690 3998 δώροις
2718 3925 2951 3997 ἔπλησεν
2970 3940 2983 3953 ⁸
3011 3924 3105 3979 καὶ
3134 3926 3261 3987 τοὺς
3293 3924 3391 3995 μὲν
3428 3923 3745 3987 πεισθέντας
3780 3925 3916 3993 αὐτῇ
3944 3923 4091 3976 κατὰ

2499 4020 2559 4072 τὸ
2578 4017 2836 4072 παλάτιον
2863 4017 3094 4071 δέδωκεν
3121 4016 3545 4089 μετεωρίζεσθαι
3565 4033 3579 4047 ο
3605 4017 3730 4079 τοῦς
3763 4017 3821 4069 δὲ
3855 4016 3930 4087 μὴ
3958 4033 4089 4068 πει-

2503 4108 2725 4171 σθέντας
2748 4108 2911 4178 αὐτῇ,
2941 4109 3000 4160 ἐν
3034 4108 3403 4178 Θεσσαλονίκῃ
3436 4107 3715 4177 ἐξώρισεν.
3763 4110 3870 4159 Καὶ
3899 4105 4089 4159 πολλοὶ

2501 4201 2787 4253 ἐπίσκοποι
2814 4198 2907 4252 καί
2950 4199 3175 4268 μοναχοὶ
3210 4197 3303 4249 καί
3337 4197 3591 4267 κληρικοὶ
3630 4194 3989 4266 πρεσϐύτεροί
4023 4213 4087 4249 τε

2500 4293 2595 4345 καὶ
2617 4292 2874 4353 διάκονοι,
2898 4290 2961 4343 οῦ
2998 4290 3106 4360 μὴν
3133 4287 3268 4342 ἀλλά
3298 4288 3392 4341 καί⁸
3422 4285 3679 4358 παρθένοι
3708 4287 3803 4339 καὶ
3828 4289 4088 4353 γυναῖκες

2499 4382 2894 4455 κοσμιώταται,
2926 4384 3026 4452 ὂση
3059 4381 3124 4436 ἂν
3156 4381 3451 4453 ηὑρίσκετο
3471 4378 3783 4442 κοινωνικὸς
3810 4377 4084 4441 Ἰωάννου,

2499 4477 2699 4548 πολλὴν
2738 4476 2963 4546 ἄθλησιν
2994 4475 3296 4545 ὑπέμειναν
3326 4471 3667 4545 παθημάτων
3693 4488 3707 4502 '
3743 4471 3835 4525 καὶ
3864 4467 3930 4543 ἦν
3962 4471 4088 4525 σθέ-

2498 4588 2587 4633 νος
2622 4570 2767 4638 ἰδεῖν,
2805 4570 2898 4621 καὶ
2934 4567 3174 4629 ἀκούειν,
3200 4565 3294 4619 καὶ
3324 4564 3586 4635 θρηνῆσαι
3612 4564 3749 4636 ὑπὲρ
3770 4564 3878 4617 τῶν
3909 4564 4090 4627 οῦτως

2496 4663 2698 4726 ἀδίκως
2754 4657 3366 4728 καταδυναστευομένων
3422 4656 3531 4709 τῶν
3594 4655 3933 4725 ἀγαπώντων
3994 4657 4086 4707 τὸν

2498 4758 2772 4825 Ἰωάννην,
2793 4754 3125 4815 ἐπισκόπους
3148 4750 3239 4804 καὶ
3270 4749 3673 4821 πρεσϐυτέρους
3692 4751 3789 4802 σὺν
3815 4750 4086 4809 διακόνοις

2498 4848 2591 4902 καὶ
2625 4847 2905 4916 κληρικοῖς
2940 4846 3033 4897 καὶ
3078 4842 3436 4915 μονάζουσιν,
3470 4843 3527 4895 ἐν
3571 4842 3809 4914 ἐξορίαις
3846 4840 3950 4892 ὑπὸ
3989 4841 4086 4891 ἀν-

2499 4940 2625 5010 ελεη
2635 4938 2811 5009 μόνων
2834 4936 3135 5009 ἀνθρώπων
3159 4935 3647 5005 ἀπελαυνομένους.
3671 4933 3827 4996 Τινὲς
3870 4931 3927 4985 δὲ
3972 4931 4084 4983 τῶν

2500 5030 2858 5102 μοναζόντων,
2900 5030 2994 5084 καὶ
3023 5029 3281 5101 παρθένοι
3310 5026 3493 5084 καλῶς
3524 5028 3580 5078 ἐν
3608 5026 3839 5096 ἀσκήσει
3859 5022 4085 5093 διαπρέ-

2496 5142 2713 5191 πουσαι,
2744 5126 3022 5195 αἰκισμοῖς
3048 5123 3143 5175 καὶ
3170 5120 3424 5189 βασάνοις
3440 5116 3846 5188 παρεδιδοῦντο,
3876 5116 4085 5170 λαῖκῶν

2494 5234 2554 5271 τε
2593 5217 2649 5270 δὲ
2693 5217 2787 5271 καί¹
2831 5212 3106 5284 γυναικῶν
3140 5208 3402 5271 εὐσεϐῶν,
3457 5208 3757 5278 χρημάτων
3798 5209 4085 5279 διαρπαγὴ

2496 5310 2786 5380 ἡπειλείτο.
2815 5308 2999 5362 Ταῦτα
3031 5306 3208 5358 πάντα
3236 5301 3345 5355 ὑπὸ
3369 5300 3628 5366 Εὐδοξίας
3666 5302 3761 5354 καὶ
3790 5301 3898 5354 τῶν
3918 5300 4083 5371 δορυ-

2496 5404 2677 5475 φόρων
2710 5402 2878 5471 αὐτῆς
2922 5400 3171 5468 ἐγένοντο
3204 5397 3284 5459 εἰς
3330 5392 3582 5462 Ἰωάννην
3616 5397 3709 5447 καὶ
3750 5396 3877 5457 τοὺς
3914 5393 4083 5448 αὐτοῦ

2494 5494 2801 5556 κοινωνούς.
2826 5493 2935 5545 Καὶ
2960 5490 3133 5551 οὕτως
3160 5486 3358 5557 συνέϐη
3393 5486 3480 5538 τὸν
3504 5488 3604 5556 μὲν
3628 5486 3886 5555 Θεόφιλον
3906 5488 4086 5541 ἀπαλ-

2492 5585 2746 5655 λαγῆναι,
2796 5586 2886 5637 τὸν
2924 5583 2980 5633 δὲ
3007 5579 3266 5649 Ἰωάννην
3306 5578 3590 5649 ἐμπεσεῖν.
3635 5578 3693 5629 ’0
3721 5577 3776 5629 δὲ
3821 5578 4083 5651 Ἰωάννης

2492 5682 2593 5734 οὐκ
2617 5677 2854 5733 ἐπαύετο
2886 5673 2993 5726 τῶν
3024 5674 3140 5725 κατ’
3164 5670 3421 5736 Εῦδοξίας
3457 5669 3669 5740 ὕϐρεων
3698 5669 3785 5721 ἐπ’
3813 5671 4084 5745 ἐκκλησίᾳ

2493 5775 2585 5828 καὶ
2604 5768 2840 5843 δημοσία
2862 5766 3223 5837 ἐξηγούμενος
3243 5781 3257 5793 °
3290 5765 3372 5835 (c)
3403 5783 3422 5815 ι
3455 5762 3625 5815 Πάλιν
3660 5762 3930 5834 Ἡρωδιὰς
3954 5768 4085 5826 μαι-

2493 5884 2667 5931 νεται,
2695 5862 2854 5917 πάλιν
2883 5860 3120 5918 Ἰεζάϐελ
3155 5854 3406 5911 Ναϐουθέ
3446 5854 3539 5907 τὸν
3576 5854 3876 5923 ἀμπελῶνα
3926 5861 4083 5932 διαρ-

2572 6001 2648 6072 (C)
2685 5997 2765 6057 ιιι.
2792 5999 2926 6070 Opp.
2958 5990 3351 6065 Chrysoslomi,
3378 5997 3416 6045 ι.
3450 5989 3582 6061 Vlll,
3615 5994 3719 6052 col.
3753 5996 3876 6051 483.
