4466 6730
430 628 554 672 ιῐξί

505 735 586 789 ιδ,
658 732 955 787 Αηιιυυῑιίιυ
1016 738 1197 777 autem
1256 724 1545 793 episcopus
1605 724 1825 776 rescivit
1884 722 2011 791 quid

429 828 713 883 moliretur
749 820 1009 879 Eudoxia,
1045 832 1165 885 qua:
1197 814 1393 870 Joanni
1431 816 1641 873 infensa
1691 824 1831 873 erat,
1885 830 2011 881 pro-

431 934 618 988 pturea
641 914 784 985 quod
816 908 1147 978 reprehensa
1186 906 1380 969 fuerat,
1416 911 1560 963 vehit
1589 909 1718 961 olim
1750 903 2010 958 llerodia:

428 1024 460 1064 a
505 1009 715 1063 Joanne
744 999 1009 1069 Baptista,
1040 1012 1145 1051 una
1200 1013 1322 1053 cum
1378 999 1592 1053 llerode
1631 998 1723 1067 qui
1759 995 1905 1048 illam
1938 995 2009 1046 in-

431 1109 580 1155 ceste
606 1094 708 1149 sibi
739 1092 1163 1161 desponsaverat
1197 1108 1317 1160 qua:
1346 1108 1468 1147 cum
1500 1094 1663 1145 fratre
1696 1094 1815 1158 ejus
1853 1104 2009 1155 copu-

434 1191 538 1240 lata
562 1187 762 1245 fuerat,
800 1194 860 1237 ut
898 1182 1095 1236 dicitur
1149 1185 1202 1237 iu
1236 1184 1544 1255 [iungi-liis
1599 1202 1607 1237 ε
1640 1179 1809 1232 .llnrr.
1844 1195 1916 1235 vt.
1950 1181 2007 1233 17

433 1293 552 1345 sqq.
576 1287 611 1325 λ.
644 1274 769 1327 "me
800 1283 982 1329 autem
1013 1275 1115 1330 fuit
1143 1291 1303 1331 causa
1333 1275 1546 1330 discidii
1581 1276 1722 1324 inter
1746 1268 2008 1324 Joannem

431 1378 487 1421 et
518 1367 855 1421 Bualoxiatn:
884 1368 1117 1441 (lontigit
1148 1372 1293 1424 enim
1326 1377 1385 1422 ut
1407 1364 1739 1433 imperatriv,
1767 1365 1815 1415 in
1863 1365 2005 1431 regia

430 1459 591 1514 vinea
619 1459 919 1525 diversans,
953 1462 1009 1515 in
1053 1463 1267 1517 vineam
1296 1459 1512 1513 feminae
1541 1455 1713 1509 vidua:
1760 1457 2003 1525 ingrede~

432 1560 583 1607 retur
610 1567 722 1608 suae
749 1555 981 1624 propria:
1015 1554 1337 1625 proximam,
1381 1546 1497 1600 sive
1544 1547 1650 1601 hoc
1686 1555 1879 1617 sponte
1927 1548 2008 1601 fe-

430 1645 567 1699 cerit
601 1646 715 1701 sive
749 1662 899 1710 casu,
936 1655 987 1702 et
1025 1659 1187 1701 uvam
1218 1641 1344 1695 inde
1398 1639 1737 1709 princideret.
1778 1640 1845 1694 Et
1892 1646 2006 1713 ipsa

430 1738 648 1806 quidem
678 1740 893 1794 aiebat:
934 1758 951 1789 ι
992 1735 1294 1791 Inseienter
1326 1732 1434 1787 huc
1461 1746 1581 1785 sum
1614 1731 1878 1802 ingressa,
1911 1734 2007 1787 sed

433 1839 610 1884 tamen
642 1834 800 1885 vinea
831 1828 1066 1885 domin:e
1094 1840 1208 1879 sua:
1233 1824 1491 1895 deinceps
1534 1824 1722 1895 nequit
1754 1826 1965 1879 restitui
1991 1842 2006 1886 ;

431 1921 525 1975 sed
554 1921 712 1975 aliam
738 1937 836 1991 pro
866 1920 951 1972 illa
968 1917 1108 1971 dabo
1133 1915 1449 1985 ampliorem
1476 1924 1640 1986 atque
1662 1916 1966 1971 meliorem.
1983 1934 2000 1965 ι

432 2011 815 2067 Verumtamen
852 2010 1014 2064 vidua
1072 2023 1183 2062 non
1240 2006 1455 2063 admisit
1500 2008 1854 2063 oblationem.
1911 2009 2008 2063 sed

427 2101 691 2156 Joannem
731 2100 1008 2163 exoravit,
1046 2105 1103 2151 ut
1150 2098 1251 2153 sibi
1295 2099 1450 2154 vinea
1510 2114 1607 2153 sua
1661 2100 2001 2155 redderetur.

430 2194 583 2249 'l‘unc
603 2194 842 2248 Joannes
878 2192 1211 2261 imperatrici
1244 2200 1528 2247 conventre
1576 2192 1795 2246 aiebat:
1841 2212 1859 2244 ‹
1902 2191 2003 2245 Mi-

427 2300 611 2339 serere
640 2284 833 2346 viduze,
858 2284 1017 2351 eique
1039 2282 1249 2335 vineam
1276 2284 1523 2335 restitue.
1548 2299 1564 2330 ι
1586 2281 1648 2333 At
1685 2282 1775 2335 illa
1800 2299 1811 2334 :
1848 2312 1859 2327 ς
1896 2283 2004 2335 Lex

428 2386 529 2437 est,
567 2394 585 2424 ι
627 2375 819 2443 inquit,
851 2394 869 2423 ι
902 2373 1049 2444 regia
1080 2381 1158 2433 ut.
1183 2388 1291 2442 quo
1317 2388 1417 2426 nos
1445 2371 1829 2425 intraverimus
1845 2380 2006 2439 atque

428 2466 664 2520 imlidcm
695 2465 932 2518 fructum
963 2465 1345 2533 carpserimus.
1376 2464 1528 2516 locus
1563 2462 1648 2516 ille
1677 2463 1823 2515 hami
1868 2463 2008 2515 alte.-

426 2556 539 2609 rius
567 2572 727 2624 quam
774 2571 961 2625 regum
1024 2559 1110 2610 sit.
1176 2557 1431 2611 Attamen
1482 2570 1581 2623 pro
1652 2555 1735 2606 illa
1792 2554 2005 2608 vineam

424 2645 722 2713 quamlibet
754 2644 854 2697 sibi
887 2645 1097 2699 habeat.
1142 2668 1156 2693 υ
1187 2645 1376 2699 Denuo
1405 2644 1569 2713 igitur
1596 2643 1753 2695 vidua
1780 2644 2005 2697 molesta

422 2734 615 2789 Joanni
661 2746 795 2797 erat,
822 2736 973 2805 quasi
1001 2735 1205 2804 aliquid
1235 2736 1302 2788 ab
1337 2733 1681 2802 imperatriec
1716 2733 2007 2801 impetrare

424 2825 644 2878 valenti.
702 2824 947 2895 Cumque
1002 2826 1092 2879 hic
1154 2824 1405 2893 fatigaret
1461 2821 1800 2888 Eudoxiam,
1859 2839 2007 2880 nunc

423 2932 605 2979 orans,
636 2932 780 2969 nune
809 2917 972 2969 etiam
1000 2931 1122 2969 cum
1171 2912 1425 2983 parabola
1481 2912 1803 2977 admonens,
1860 2929 2005 2967 nun-

421 3023 585 3079 quam
622 3008 867 3061 mulieris
898 3008 1112 3061 vincam
1142 3007 1211 3061 ab
1247 3004 1593 3075 impcratrice
1620 3005 1790 3059 valuit
1820 3016 2006 3061 extor-

420 3114 610 3169 quere.
647 3100 788 3169 Ergo
820 3100 907 3153 die
936 3099 1191 3167 quadam,
1228 3097 1551 3152 adveniente
1581 3097 1647 3151 ad
1675 3112 1793 3151 eam
1841 3097 2005 3166 hujus

422 3192 499 3245 rei
539 3206 702 3245 causa
726 3190 957 3253 Joanne,
1014 3191 1127 3259 ipsa
1172 3190 1526 3259 stipatoribus
1562 3189 1675 3243 suis
1726 3188 2005 3243 mandavit

422 3291 484 3335 ut
526 3281 670 3335 fores
698 3281 961 3336 adversus
994 3280 1263 3336 Joannem
1300 3280 1675 3343 oecludercnt,
1709 3280 2003 3349 quominus

419 3374 488 3427 ad
517 3373 846 3443 loquendum
873 3374 1264 3445 ingrederetur.
1296 3372 1534 3427 Joannes
1555 3381 1738 3427 autem
1761 3371 2001 3427 vicissim

421 3474 614 3519 vocato
638 3464 706 3519 ad
745 3480 804 3520 se
827 3466 1073 3520 ecclesia!
1104 3467 1394 3535 praeposito
1440 3463 1718 3517 mandavit
1770 3463 1959 3517 dicens
1987 3486 1995 3514 :

425 3574 442 3605 ι
477 3554 615 3607 Cum
642 3555 854 3609 venerit
878 3554 1138 3617 Eudoxia,
1167 3563 1226 3608 ut
1248 3556 1299 3606 in
1325 3553 1613 3607 ecclesiam
1641 3554 2000 3624 ingrediatur,

418 3645 503 3699 fac
538 3647 734 3715 januas
762 3661 947 3701 coram
986 3645 1240 3701 occludas
1282 3646 1550 3700 dicendo:
1596 3666 1612 3696 ι
1654 3645 1893 3701 Joannes
1924 3646 1998 3701 ita

418 3737 715 3790 mandavit.
754 3755 772 3787 ι
825 3738 1001 3806 Atque
1030 3736 1224 3790 exinde
1266 3736 1410 3792 aucti
1467 3736 1619 3791 fuere
1671 3752 1998 3809 magnopere

418 3827 563 3881 inter
583 3828 847 3884 Joannem
874 3838 930 3883 et
951 3829 1248 3884 Eudoxiam
1294 3830 1610 3883 rumusculi.

490 3920 576 3973 16.
612 3918 802 3974 Sciens
833 3920 1014 3990 itaque
1040 3920 1346 3975 Antiochiae
1376 3921 1533 3976 valde
1572 3936 1738 3977 senex
1783 3923 1999 3993 episco-

416 4025 521 4080 pus
567 4010 823 4065 Eudoxiae
861 4012 1082 4065 insidias
1123 4020 1177 4066 et
1219 4011 1499 4066 molimina
1544 4013 1805 4070 adversus
1833 4015 2001 4070 Joan-

416 4116 565 4166 nem,
598 4102 872 4157 simulavit
897 4102 1293 4168 iniirmitatem,
1331 4104 1601 4174 simulque
1631 4107 1785 4161 senio
1828 4119 2001 4163 semet

416 4197 693 4251 excusavit
714 4196 1006 4266 quominus
1033 4196 1097 4250 ad
1134 4196 1326 4251 urbem
1356 4198 1589 4263 Veniret,
1627 4200 1722 4254 sed
1753 4216 1875 4255 cum
1918 4202 1996 4255 le-

415 4297 541 4360 gato
575 4303 674 4343 suo
704 4290 853 4345 misit
884 4290 1125 4360 quinque
1157 4292 1467 4363 episcopos,
1512 4293 1810 4365 Diogenem
1854 4297 1995 4365 Apa-

416 4396 587 4443 mere.
640 4382 897 4437 Acacium
956 4381 1179 4439 Bermaz.
1223 4383 1396 4455 Capto
1446 4396 1630 4440 autem
1691 4396 1999 4457 opportuno

417 4483 662 4544 tempore
696 4474 1024 4529 Severianus
1079 4475 1405 4532 Gabalorum
1468 4478 1777 4548 episcopus,
1834 4487 1887 4533 et
1942 4480 1993 4531 in

414 4565 540 4619 aula
570 4566 717 4619 utilis
754 4565 825 4619 ob
852 4580 1004 4619 suam
1036 4567 1380 4637 sapientiam.
1432 4570 1725 4638 postulavit
1756 4577 1815 4622 ut
1854 4568 1995 4624 idem

416 4659 659 4712 facerent
732 4656 1137 4713 Samosatorum
1191 4661 1484 4731 episcopus
1547 4660 1885 4723 Gemmulus,
1943 4672 1995 4713 et

417 4750 636 4805 Edessa:
679 4750 1039 4804 Theodosius.
1094 4751 1254 4806 Venit
1304 4755 1465 4809 etiam
1515 4754 1725 4808 Leonas
1771 4752 1996 4823 Ancyrae

416 4841 708 4911 episcopus
735 4840 851 4912 ipse
877 4856 1093 4909 quoque
1121 4840 1315 4896 Joanni
1351 4844 1584 4898 infestus
1611 4862 1626 4909 ;
1655 4844 1710 4898 hi
1737 4844 1993 4897 nimirum

415 4947 627 4996 omnes,
654 4938 906 5002 tanquam
942 4946 1007 4985 ex
1037 4942 1341 5002 compacto,
1377 4935 1582 4989 inimici
1633 4944 1788 4990 crant
1828 4935 1996 4990 Joan-

414 5026 522 5081 nis.
548 5025 802 5080 Nicotaus
826 5040 956 5079 vero
980 5025 1269 5095 praefectus
1302 5027 1395 5096 qui
1426 5026 1789 5096 TheOphilum
1820 5028 1995 5083 addu-

413 5118 591 5181 cebat,
630 5120 1011 5173 interminatus
1060 5118 1108 5171 ei
1144 5127 1251 5181 est,
1290 5117 1434 5188 quod
1490 5120 1775 5189 gentilium
1825 5136 1997 5190 pecu-

414 5209 568 5262 niam
593 5208 928 5279 diripuisset,
970 5223 1093 5277 quae
1115 5208 1218 5279 ipsi
1253 5210 1513 5264 mandato
1532 5211 1681 5282 regio
1706 5213 1995 5269 commissa

413 5298 611 5353 fuerat.
651 5297 722 5354 At
751 5298 1089 5371 Theophilus
1138 5314 1237 5368 per
1295 5299 1589 5373 Georgium
1627 5302 1871 5372 praefecti
1930 5320 1996 5359 ex

412 5405 601 5446 sorore
626 5402 902 5463 nepotem,
946 5391 1164 5462 impleta
1204 5391 1419 5461 utrique
1452 5409 1737 5460 crumena,
1781 5394 1996 5450 dilatio-

411 5496 539 5535 nem
572 5484 828 5549 obtinuit,
855 5486 1027 5540 donec
1054 5483 1266 5554 Egypti
1298 5485 1651 5543 cellarienses
1694 5487 1907 5558 species
1939 5495 1995 5543 et

413 5571 585 5631 Indiae
610 5579 925 5634 condituras
950 5587 1244 5641 coemeret,
1278 5578 1477 5647 quibus
1524 5596 1694 5635 naves
1716 5580 1991 5644 oneravit,

414 5678 539 5719 eum
569 5671 839 5743 episcopis
860 5682 916 5727 et
938 5670 1267 5743 presbyteris
1291 5684 1355 5723 ac
1387 5669 1635 5727 diaconis
1664 5681 1827 5743 atque
1857 5672 1993 5727 alio-

414 5768 533 5807 rum
567 5762 721 5817 turba
753 5764 921 5819 multa
947 5782 960 5829 ;
993 5773 1156 5835 atque
1187 5763 1259 5817 ita
1282 5763 1431 5833 gravi
1460 5777 1583 5816 cum
1638 5763 1855 5819 sarcina
1889 5778 1993 5817 na-

415 5852 638 5921 vigavit.

1230 611 1317 663 DF.
1366 605 1523 661 \‘ITA
1564 604 1649 661 ῐίΤ
1686 606 1953 663 EXSIIJU
1996 608 2049 657 ὃ.
2094 603 2379 661 JUANNIS
2420 606 2903 660 (lllRYSUSTOMI

3586 625 3694 666 LXX

2193 719 2273 769 1⁸7.
2316 719 2379 771 At
2406 718 2641 774 Eudovia
2670 730 2888 789 portum
2918 718 3231 771 (ευμιιηὶίριις
3265 736 3355 786 per
3394 720 3694 777 Marianum

2118 811 2310 865 domus
2344 827 2453 864 sure
2485 811 2819 879 pra-fectum.
2855 810 3157 865 Innocentii
3196 811 3401 879 Ιιιξξςιίυκ
3447 811 3513 864 ad
3566 828 3661 881 s_vn

2114 904 2277 957 Odllill
2309 906 2611 970 venientes,
2656 914 2779 974 post
2816 914 3032 971 ereptas
3064 905 3127 957 iis
3162 905 3439 973 ﬁliumin».
3479 919 3698 958 carcere

2116 998 2376 1051 cont-lusit
2403 998 2453 1051 in
2482 999 2724 1052 Tluaeia-
2779 996 3022 1066 partibus
3046 1037 3059 1061 ,
3094 997 3146 1047 iu
3203 1014 3324 1049 am-
3370 997 3699 1067 Athvrorum

2114 1091 2385 1143 maritima
2417 1107 2539 1145 cum
2574 1090 2828 1160 pl'J‘sitlin
2862 1090 3056 1144 valido.
3085 1088 3204 1155 Quo
3245 1091 3445 1143 factum
3496 1101 3600 1151 est.
3637 1100 3700 1143 ut

2113 1184 2327 1236 cunctis
2352 1181 2823 1251 Coastautmopoli
2854 1186 2965 1252 jam
2996 1184 3379 1252 prmsentilrus.
3428 1198 3697 1251 nusquam

2113 1273 2272 1342 legati
2304 1290 2454 1343 papm
2497 1272 2724 1327 Romani
2754 1284 3077 1343 apparerent
3112 1293 3124 1331 ;
3186 1274 3280 1327 scr!
3350 1288 3529 1342 neque
3591 1275 3695 1325 nisi

2112 1368 2269 1421 valde
2321 1382 2442 1421 sero
2496 1367 2850 1435 Theophilus.
2915 1366 3033 1418 Jam
3081 1368 3343 1420 Arcadius
3399 1368 3698 1436 imperator

2114 1457 2475 1529 Theophilum
2503 1458 2605 1512 sibi
2632 1459 2685 1511 in
2721 1466 3077 1527 conspectum
3116 1457 3302 1509 venire
3332 1472 3554 1525 prorsus
3584 1473 3695 1510 non

2111 1560 2194 1605 est
2220 1566 2430 1621 passus.
2463 1549 2567 1605 Sed
2598 1550 2861 1617 Eudovia,
2894 1550 3166 1619 appellato
3196 1548 3261 1602 ad
3308 1563 3367 1602 se
3394 1547 3697 1618 Theophilo

2110 1643 2359 1711 aliisque,
2406 1641 2674 1709 comperit
2704 1657 2895 1694 omnes
2944 1641 3136 1695 Joanni
3184 1641 3463 1695 infensos;
3516 1643 3696 1712 itaque.

2110 1744 2165 1788 et
2201 1748 2395 1786 omnes
2428 1732 2585 1786 donis
2619 1732 2723 1785 sibi
2774 1732 3031 1787 devinxit.
3076 1733 3244 1786 Porro
3271 1734 3508 1788 Joannes
3554 1751 3696 1803 pene

2112 1822 2422 1886 iuveniliter
2462 1836 2522 1877 se
2553 1836 2781 1892 gerens,
2818 1835 3008 1877 contra
3066 1824 3351 1894 episcopos
3405 1826 3521 1879 hinc
3583 1828 3697 1878 fere

2112 1912 2434 1967 dictitabat.
2484 1932 2503 1965 ι
2559 1912 2899 1985 Congrcgate
2938 1916 3005 1970 ad
3063 1932 3149 1971 me
3192 1917 3503 1971 sacerdotes
3542 1918 3696 1988 igno-

2111 2008 2317 2071 minitr,
2371 2004 2466 2077 qui
2497 2006 2564 2060 de
2603 2006 2871 2061 Jezabelis
2909 2024 3096 2061 mensa
3138 2015 3452 2063 vescuntur.
3497 2007 3698 2072 Quous-

2109 2118 2208 2169 que
2230 2099 2547 2153 claudicalis
2582 2099 2636 2151 in
2661 2099 2794 2150 duas
2832 2100 3054 2167 partes?
3088 2097 3143 2151 Si
3188 2110 3260 2151 est
3313 2100 3470 2161 Deus,
3518 2104 3695 2168 sequi-

2110 2194 2238 2245 mini
2266 2209 2385 2244 eum
2424 2190 2533 2256 (III
2563 2190 2689 2261 Reg.
2731 2206 2886 2255 \vul,
2937 2190 3001 2243 ‘21
3033 2191 3050 2260 )
3091 2208 3104 2244 :
3153 2190 3239 2244 sin
3292 2190 3405 2260 ipsa
3432 2191 3698 2245 Jezabelis

2111 2298 2297 2335 mensa
2325 2281 2469 2336 Deus
2522 2292 2624 2345 est,
2678 2281 2950 2336 t-omedite
2994 2290 3049 2335 et
3096 2284 3315 2337 vomite.
3380 2304 3396 2332 ι
3456 2282 3522 2336 At
3567 2300 3697 2337 vero

2110 2374 2351 2441 episc0pi
2412 2381 2688 2442 exempt-ar
2754 2373 3034 2427 concionis
3101 2374 3330 2428 Joannis
3381 2376 3694 2444 imperatori

2112 2464 2483 2529 tradiderunt,
2528 2464 2619 2533 qui
2662 2464 2714 2518 id
2767 2480 3097 2535 magnopere
3138 2476 3359 2535 propter
3401 2465 3695 2521 Eudoxiam

2110 2569 2250 2623 aegre
2309 2553 2448 2607 tulit.
2506 2553 2624 2607 Mox
2693 2553 2933 2609 Joannes
3004 2555 3265 2608 adversus
3330 2554 3697 2624 Theophilqu

2110 2649 2428 2700 concionem
2464 2646 2722 2706 habebat,
2781 2646 2855 2696 ita
2896 2643 3122 2696 dicens:
3169 2666 3183 2692 ι
3236 2643 3370 2708 Quis
3412 2645 3697 2715 Aigvptius

2112 2737 2205 2791 Dei
2267 2747 2476 2791 amator
2533 2747 2614 2790 est
2687 2734 3137 2805 (theOphilus)?
3199 2735 3335 2800 Quis
3400 2753 3563 2807 porro
3604 2738 3698 2790 Dei

2109 2839 2321 2883 amator
2357 2833 2373 2898 (
2405 2827 2763 2898 theophilus)
2800 2826 3178 2881 detestabilem
3222 2842 3411 2882 eorum
3466 2831 3696 2901 gloriam

2102 2916 2441 3001 leudoxiam)
2461 2917 2535 2987 (α)
2556 2933 2662 2972 non
2680 2918 3023 2972 abominatur
3046 2918 3071 2970 ?
3104 2937 3123 2969 ι
3147 2918 3322 2989 Atque
3366 2922 3504 2977 hanc
3533 2926 3697 2979 etiam

2107 3008 2425 3064 concionem
2462 3009 2773 3079 imperatori
2806 3009 3151 3063 tradiderunt
3178 3030 3191 3075 ;
3220 3028 3330 3080 quo
3358 3012 3561 3067 factum
3592 3027 3693 3081 est,

2108 3110 2170 3156 ut
2231 3102 2532 3171 indignatio
2593 3119 2621 3154 a
2673 3102 2979 3171 'fheophilo
3046 3104 3098 3155 iu
3151 3103 3417 3161 Joannem
3476 3108 3696 3164 decide-

2108 3205 2210 3247 ret.

2182 3283 2267 3337 18.
2325 3283 2477 3337 Tunc
2510 3284 2747 3339 Joannes
2780 3286 2917 3338 duos
2945 3287 3012 3340 de
3042 3288 3483 3358 persecutionem
3522 3291 3695 3359 passis

2107 3376 2404 3437 monachis,
2454 3376 2771 3430 Dioscorum
2799 3388 2845 3430 et
2892 3377 3194 3443 llieraeem,
3228 3394 3414 3432 eormn
3443 3395 3693 3434 tursorcs

2110 3465 2507 3534 (periodeutas.
2543 3466 2893 3529 visitatur-es),
2928 3467 3201 3521 ordinavit
3229 3469 3596 3538 presbyteros,
3630 3482 3692 3526 ut

2104 3568 2305 3627 sponte
2336 3558 2550 3627 propria
2579 3560 2841 3627 svuodmn
2879 3559 2946 3613 de
2976 3558 3264 3629 Theophili
3298 3561 3463 3631 gestis
3493 3562 3691 3616 edoce—

2106 3656 2244 3703 rent.
2304 3651 2374 3702 At
2406 3648 2644 3702 Eudoxia
2690 3649 3050 3713 'flieodotem,
3084 3666 3206 3720 qua:
3258 3652 3402 3705 mille,
3436 3669 3691 3707 nummos

2103 3738 2283 3794 abbati
2331 3738 2537 3792 Isidoro
2598 3738 2857 3801 dederat,
2912 3739 3125 3793 tradidit
3181 3740 3236 3793 in
3286 3742 3690 3797 matrimonimu

2101 3831 2446 3887 Clementino
2501 3831 2652 3885 urbis
2710 3830 3002 3899 prmfecto,
3057 3832 3331 3902 simulque
3403 3836 3691 3905 episcopos

2102 3922 2320 3994 {Egypti
2359 3930 2415 3977 et
2465 3921 2663 3993 Libyae,
2702 3938 2804 3977 nec
2833 3938 2942 3977 nou
2979 3923 3208 3979 clericos
3237 3926 3327 3995 qui
3375 3926 3579 3983 Isidoro
3610 3929 3689 3982 fa-

2102 4015 2323 4079 vebant,
2359 4015 2429 4069 ad
2458 4031 2517 4068 se
2565 4016 2769 4069 accitos
2814 4015 2971 4070 donis
3017 4017 3313 4071 cumulavit
3361 4039 3373 4071 :
3424 4028 3689 4090 quotquot

2101 4116 2283 4159 autem
2311 4106 2412 4159 sibi
2437 4105 2700 4175 parebant
2730 4108 2781 4157 in
2812 4104 3010 4174 palatio
3034 4106 3365 4160 habuitcum
3394 4108 3654 4178 dignitate
3674 4152 3688 4168 .

2103 4196 2422 4251 resistentes
2455 4211 2583 4250 vero
2614 4195 3058 4251 Thessalonicam
3090 4198 3349 4268 relegavit
3379 4220 3390 4251 :
3428 4201 3689 4269 multique

2102 4289 2364 4358 episcopi,
2388 4288 2663 4353 monachi,
2690 4288 2891 4349 clerici,
2914 4289 3217 4360 presbyteri
3258 4302 3420 4360 atque
3451 4293 3687 4353 diaconi.

2104 4396 2206 4435 nec
2236 4396 2347 4435 non
2379 4389 2434 4435 et
2458 4381 2697 4447 virgines
2720 4395 2784 4435 ac
2814 4391 3078 4437 matrona:
3106 4382 3524 4447 honestissimae,
3551 4402 3684 4453 qua»

2102 4486 2320 4540 cunque
2350 4470 2405 4523 in
2437 4470 2685 4540 partibus
2713 4469 2941 4524 Joannis
2984 4481 3187 4534 essent,
3236 4473 3405 4526 multa
3441 4473 3687 4527 afflictio-

2102 4578 2233 4617 num
2267 4562 2565 4616 certamina
2596 4561 2942 4630 pertulerunt
2974 4582 2982 4613 :
3021 4563 3391 4629 miserumque
3420 4572 3538 4615 crat
3562 4578 3688 4615 cer—

2101 4669 2230 4707 nere
2259 4663 2315 4708 et
2358 4654 2548 4708 audire
2595 4668 2659 4706 ac
2700 4652 2885 4706 dolere
2941 4652 3008 4706 de
3057 4652 3134 4705 sic
3185 4653 3367 4721 inique
3411 4656 3687 4722 oppressis

2097 4746 2324 4801 Joannis
2371 4746 2577 4801 amicis.
2614 4746 2886 4815 episcopis
2919 4756 2976 4799 et
3026 4745 3383 4816 presbyteris,
3420 4762 3546 4799 cum
3577 4746 3688 4801 dia-

2098 4841 2271 4905 conis,
2332 4841 2545 4895 clericis
2590 4856 2649 4893 ac
2684 4839 2984 4901 monachis,
3024 4854 3162 4907 quos
3191 4839 3245 4891 in
3280 4839 3530 4893 exsilium
3557 4855 3685 4893 cru-

2099 4934 2251 4990 deles
2280 4935 2531 4989 homines
2557 4930 2940 4985 extrudebant.
2957 4929 3187 4995 Quidam
3215 4930 3323 4984 imo
3347 4932 3598 4985 monachi
3622 4948 3685 4986 ac

2100 5027 2341 5097 virgines
2368 5024 2604 5080 ascetico
2644 5022 2771 5077 vitae
2810 5037 3009 5093 genere
3057 5022 3315 5085 illustres,
3351 5023 3685 5078 cruciatibus

2099 5135 2163 5174 ac
2194 5116 2479 5173 tormentis
2509 5115 2902 5180 multabantur,
2935 5114 3087 5171 laicis
3109 5116 3328 5171 demum
3360 5116 3571 5185 piisque
3602 5117 3685 5171 fe-

2098 5210 2263 5266 minis
2293 5210 2560 5265 bonorum
2591 5207 2828 5277 direptio
2856 5207 3302 5263 denuntiabatur.
3347 5206 3472 5261 llaec
3499 5209 3685 5263 omnia

2098 5304 2168 5357 ab
2194 5300 2437 5357 Eudoxia
2467 5309 2526 5355 et
2556 5300 2878 5355 satellitibus
2901 5301 3019 5368 ejus
3039 5308 3227 5353 contra
3251 5298 3517 5355 Joannem
3535 5302 3684 5370 ejus-

2096 5410 2203 5466 que
2232 5393 2476 5448 fautores
2510 5392 2735 5447 ﬁebant.
2767 5390 2943 5461 Atque
2975 5392 3050 5446 ita
3079 5392 3384 5457 eveniebat,
3419 5403 3476 5445 ut
3501 5392 3683 5447 Theo-

2096 5486 2278 5557 philus
2314 5486 2707 5550 absolveretur,
2737 5484 2979 5540 Joannes
3028 5495 3209 5540 autem
3237 5499 3401 5539 causa
3434 5485 3678 5540 caderet.

2096 5578 2196 5633 Hic
2233 5588 2418 5634 tamen
2469 5577 2686 5633 interim
2717 5592 2746 5629 a
2793 5576 3058 5632 conviciis
3088 5576 3347 5630 adversus
3381 5575 3679 5629 Eudoxiam

2094 5685 2207 5725 non
2236 5670 2521 5727 desinebat
2550 5670 2602 5723 in
2627 5669 2857 5723 ecclesia
2887 5678 2941 5724 et
2976 5667 3190 5740 publice
3221 5668 3451 5738 loquens
3485 5687 3495 5720 :
3540 5688 3559 5719 ι
3598 5668 3677 5721 Ειι

2094 5778 2288 5819 rursus
2335 5762 2599 5819 Herodias
2643 5760 2795 5829 furit,
2846 5775 3035 5816 rursus
3071 5760 3291 5816 Jezabel
3322 5760 3556 5815 Nabutbi
3598 5760 3677 5811 vi-

2095 5871 2255 5911 neam
2282 5870 2473 5929 rapere
2504 5854 2637 5909 vult.
2672 5873 2691 5905 ›
2719 5856 2789 5911 Et
2817 5855 3027 5909 denuo:
3064 5872 3085 5908 ο
3118 5852 3311 5909 Nonne
3337 5853 3423 5907 odi
3451 5851 3675 5923 gloriam

490 5984 834 6067 (ullaullebat
889 5992 1307 6065 Chrysostomus
1364 5992 1475 6059 hic,
1541 6002 1591 6047 et
1638 6000 1847 6061 postea,
1900 5993 1955 6047 in
2008 5994 2276 6065 ambiguis
2324 5996 2599 6051 vocabulis
2652 5996 2897 6067 Oed-gito;
2946 6002 3001 6049 et
3049 5991 3327 6062 Θεόφιλος,
3376 5990 3588 6060 εὐδοξία
3619 6002 3673 6050 et

414 6056 659 6125 Εὖὸοξία.
