4466 6722
451 609 619 652 LXXIII

448 714 822 777 (eudoxiam),
867 709 1042 763 amavi
1091 717 1272 761 autem
1317 709 1667 779 ignominiam
1711 710 2026 782 (adoxiam)

451 805 622 877 (Εευι,
655 821 765 865 xiv,
812 801 937 869 iii)?
980 821 998 850 ι
1030 800 1098 855 Et
1129 809 1309 856 tamen
1344 803 1460 859 haec
1494 815 1610 861 erat
1646 806 1765 877 ipso
1791 807 2027 876 impera-

450 910 565 955 Iure
591 894 882 967 potentior.

528 992 608 1042 I9.
663 983 917 1053 Epise0pi
961 994 1145 1038 autem
1181 984 1430 1055 Aeacius,
1479 988 1810 1045 Severianus
1865 998 2027 1057 atque

449 1076 804 1146 Porphyrius,
841 1076 1070 1146 ejusque
1121 1080 1341 1137 asseclzrz
1392 1083 1484 1153 qui
1531 1097 1657 1136 cum
1722 1080 2026 1151 Theophilo

448 1168 855 1239 conspirabant,
884 1169 1026 1225 facta
1057 1172 1290 1230 coitione
1336 1175 1718 1245 imperatorem
1751 1189 2026 1229 convene-

447 1270 579 1315 runt
627 1261 923 1318 dicentes:
979 1283 998 1316 ι
1042 1264 1290 1333 Domine,
1342 1270 1491 1323 salvo
1531 1270 1729 1323 summi
1779 1269 2026 1338 pnesulis

447 1354 748 1427 privilegio,
784 1356 916 1425 jube
938 1373 1038 1413 nos
1067 1369 1422 1430 congregatos
1454 1360 1520 1412 de
1552 1360 1654 1413 hoe
1685 1359 1902 1428 negotio
1931 1376 2025 1413 co-

447 1464 733 1517 gnosccre,
763 1451 904 1507 datis
932 1452 1091 1508 nobis
1135 1452 1405 1521 iudicibus
1435 1467 1570 1517 quos
1599 1460 1687 1504 tua
1717 1451 2024 1505 veneranda

447 1544 703 1611 majestas
733 1545 984 1600 voluerit.
1034 1545 1166 1598 Nam
1210 1543 1465 1596 monachi
1495 1542 1570 1596 hi.
1628 1541 1720 1612 qui
1753 1542 2026 1611 supplices

442 1634 707 1691 adversus
729 1638 1092 1708 Theophilum
1115 1635 1326 1690 libellos
1350 1635 1686 1698 obtulerunt,
1705 1633 2024 1707 Origenistte

444 1736 592 1793 sunt,
625 1739 788 1798 atque
817 1745 911 1784 eos
935 1743 1118 1783 coram
1146 1729 1632 1798 onmibusoportet
1657 1727 1976 1783 examinari.
1999 1745 2017 1776 ι

443 1820 599 1874 Tune
629 1820 924 1889 imperator
955 1835 1203 1875 seorsum
1233 1821 1412 1876 ductis
1435 1820 1723 1891 episcopis,
1751 1819 1882 1874 satis
1910 1818 2024 1873 ele-

441 1923 656 1968 menter
682 1913 820 1969 dixit
852 1932 864 1967 :
900 1934 918 1966 ‹
949 1913 1128 1980 Scitis,
1148 1929 1181 1970 ο
1211 1914 1415 1978 Patres,
1441 1931 1529 1969 me
1552 1913 1746 1986 legisse
1772 1912 2022 1983 Origenis

448 2002 773 2060 Periarclion
809 2019 921 2059 non
964 2004 1084 2059 sine
1133 2004 1534 2060 admiratione?
1593 2022 1611 2056 ι
1654 2003 1724 2058 At
1774 2002 1846 2056 illi
1887 2002 2022 2056 nihil

441 2097 844 2168 responderunt
895 2117 908 2152 τ
968 2098 1258 2168 statimque
1313 2113 1408 2151 eos
1456 2097 1678 2156 dimisit.
1728 2111 2022 2166 parumper

440 2190 755 2246 scandalum
784 2205 997 2260 passus.
1028 2188 1205 2258 Atque
1236 2189 1307 2242 ita
1338 2188 1552 2251 accidit,
1588 2198 1645 2242 ut
1668 2187 1890 2242 Joannis
1921 2203 2020 2239 ne-

436 2282 644 2352 gotium
670 2281 726 2335 in
752 2279 1097 2336 manifestam
1116 2279 1552 2346 conjurationem
1578 2276 2020 2331 evaderet.Tune

439 2373 736 2441 imperator
770 2369 986 2434 anxius,
1019 2368 1163 2422 circa
1205 2368 1394 2421 Roma:
1441 2368 1643 2435 legatos
1684 2367 2018 2422 tristabatur.

436 2479 571 2517 sane
597 2462 816 2533 ignarus
843 2475 979 2529 quas
1001 2459 1103 2529 ipsi
1142 2459 1368 2513 insidias
1396 2459 1543 2528 passi
1573 2469 1776 2513 essent.
1807 2456 2022 2512 Mandat

437 2570 570 2625 ergo
599 2552 965 2624 prmsentibus
991 2550 1284 2622 episcopis,
1323 2558 1382 2604 ut
1405 2550 1714 2621 congregati
1746 2565 1860 2602 rem
1894 2563 2022 2617 pro-

437 2646 668 2715 positam
700 2643 1033 2706 examinent,
1063 2642 1203 2698 datis
1231 2641 1529 2711 jndicibus.
1550 2635 1820 2708 llesycltio
1835 2653 2020 2694 sacro-

440 2754 559 2791 rum
592 2735 971 2806 prmtoriorum
1017 2731 1296 2803 prasfecto,
1329 2739 1385 2786 et
1413 2730 1713 2800 primorum
1745 2741 2020 2797 prmsexa-

439 2841 619 2885 torum
646 2827 877 2883 ducibus
919 2825 1192 2881 Maxentio
1221 2840 1285 2879 ac
1316 2823 1567 2887 Diodoro,
1601 2836 1724 2876 cum
1767 2819 2019 2890 Aquilino

436 2930 726 2992 quaastorc,
761 2928 820 2974 et
845 2916 1124 2973 nonnullis
1159 2915 1424 2987 patriciis.
1473 2914 1886 2983 Congregantur
1915 2911 2018 2963 ita-

436 3031 543 3083 que
571 3022 722 3068 extra
760 3012 950 3066 urbem
991 3011 1048 3064 in
1093 3007 1424 3063 monasterio
1457 3005 1710 3061 Dorolliei
1737 3004 2017 3073 cujusdam

437 3104 877 3160 archimandritas:
909 3100 1086 3172 magni
1122 3115 1248 3154 vere
1291 3107 1346 3153 et
1389 3098 1605 3162 eximii;
1638 3112 1872 3166 eumque
1923 3097 2021 3150 tri»

441 3196 605 3251 bunal
634 3195 702 3249 ab
736 3192 1167 3248 archimandrita
1191 3199 1528 3251 exoraretur,
1563 3198 1624 3242 ut
1657 3189 1729 3242 ibi
1781 3189 2014 3248 sederet,

439 3289 727 3356 locumque
761 3287 1082 3348 honorarct,
1127 3289 1450 3337 recusarunt
1493 3281 1706 3350 judiccs
1751 3279 2013 3340 dicentes,

438 3378 616 3432 solere
659 3376 894 3448 synodos
942 3374 997 3428 in
1036 3373 1281 3428 ccclesiis
1326 3381 1381 3427 et
1431 3387 1540 3426 non
1585 3371 1639 3425 in
1674 3369 2017 3425 monasteriis

439 3470 773 3542 congregari.

509 3587 600 3640 9.0.
673 3585 960 3655 Aquilinus
999 3591 1232 3653 quaestor
1281 3580 1415 3635 dixit
1473 3598 1483 3632 :
1538 3601 1556 3631 ι
1618 3579 1762 3633 Εάὶῑὶ
1818 3578 2018 3632 fuitaUs

440 3674 828 3729 controversia:
859 3674 1143 3743 cujusdam
1175 3671 1362 3725 arbitri
1388 3688 1401 3735 ;
1435 3670 1530 3724 sed
1559 3670 1780 3723 ubinam
1813 3669 2018 3737 episco-

441 3780 635 3836 porum
673 3765 1004 3819 multitudo?
1049 3764 1273 3817 ubinam
1315 3761 1550 3816 senioris
1591 3760 1779 3813 Romae
1820 3759 2019 3830 legati?

439 3855 650 3911 Revera
681 3855 1055 3910 demonstrant
1077 3868 1254 3923 neque
1283 3851 1544 3906 canonice
1573 3866 1750 3921 neque
1783 3850 2018 3922 legitime

442 3946 552 4000 huc
575 3945 918 4007 convenisse,
944 3943 1039 3998 sed
1071 3957 1137 3997 ex
1175 3942 1430 3996 mandato
1454 3941 1640 3995 nescio
1666 3957 1791 4011 quo.
1833 3960 1850 3992 ι
1881 3941 2020 3993 Aea-

441 4036 558 4090 eius
579 4035 784 4090 Bel-(ea:
812 4035 946 4090 dixit
979 4053 991 4088 :
1023 4055 1040 4086 ι
1076 4033 1450 4088 Sacratissima
1492 4031 1733 4104 Augusta
1764 4032 2022 4102 praecepit

446 4128 533 4182 hic
549 4127 665 4182 fieri
683 4126 1029 4189 auditorium,
1049 4134 1272 4196 propter
1293 4125 1580 4180 discidium
1599 4140 1724 4180 cum
1749 4124 1979 4179 Joanne.
1996 4143 2013 4176 ι

441 4219 693 4284 Quaestor
737 4224 1087 4288 exasperatus
1115 4217 1252 4271 dixit
1285 4236 1296 4271 :
1332 4239 1348 4268 ι
1387 4215 1498 4272 Cur
1537 4216 1719 4271 dicere
1765 4215 2016 4279 voluisti,

441 4311 740 4380 Augustam
812 4310 1090 4366 insolitum
1141 4308 1269 4379 quid
1335 4309 1613 4364 voluisse?
1678 4309 1818 4362 Num
1872 4307 2018 4362 solus

439 4402 680 4460 Joannes
706 4403 962 4476 Augusta:
990 4404 1367 4459 conviciatur?
1396 4403 1506 4458 Cur
1536 4418 1666 4457 vero
1706 4401 2016 4472 hujusmodi

441 4497 843 4551 accusationem
879 4498 967 4551 hic
996 4497 1111 4552 fieri
1150 4513 1287 4567 opus
1317 4496 1436 4551 est?
1467 4495 1605 4550 Ecce
1636 4506 1693 4550 tu
1738 4496 1793 4549 in
1831 4493 2018 4564 primis

442 4587 785 4642 contumelia:
818 4599 1097 4642 auctorem
1124 4598 1178 4642 te
1210 4588 1362 4642 facis.
1392 4607 1411 4638 ι
1447 4587 1883 4643 Arehimandrita
1912 4585 2014 4640 ait:

450 4699 470 4730 ε
512 4677 654 4732 Vere
681 4677 896 4742 dixisti;
933 4679 1048 4747 ipsa
1073 4688 1256 4733 autem
1293 4681 1396 4734 hoc.
1431 4679 1790 4734 nihilominus
1827 4687 2018 4746 postu-

443 4769 592 4825 iavit.
643 4787 663 4820 ι
705 4767 775 4823 At
821 4769 1109 4839 Aquilinns
1161 4779 1414 4838 tanquam
1455 4770 1591 4824 nihil
1637 4770 1906 4833 audisset,
1943 4770 2020 4822 ait

443 4858 713 4931 episcopis
762 4876 776 4914 :
811 4878 829 4910 ‹
881 4857 1108 4930 Oportet
1143 4859 1248 4914 huc
1289 4859 1480 4914 adesse
1517 4859 1802 4920 Joannem,
1842 4867 1900 4913 ut
1952 4873 2019 4914 eo

443 4960 711 5025 praisente
755 4959 866 5006 tota
899 4952 1126 5022 quaestio
1158 4951 1465 5005 ventiletur.
1503 4970 1521 5000 »
1553 4950 1674 5005 Mox
1713 4949 2020 5021 signiﬁcant

440 5044 636 5100 .Ioanni
666 5058 765 5114 per
793 5043 931 5099 duos
959 5043 1215 5108 clericos,
1261 5043 1350 5114 qui
1383 5043 1449 5096 ah
1500 5043 1617 5112 ipso
1646 5042 1875 5096 ecclesia
1908 5041 2018 5097 fue-

443 5145 566 5193 rant
590 5135 770 5207 cjecti,
812 5143 874 5190 ut
917 5134 985 5190 ad
1023 5135 1334 5206 synedrium
1380 5134 1620 5190 accedat.
1671 5133 1742 5189 At
1780 5133 2019 5190 Joannes

438 5231 519 5286 sic
548 5230 628 5284 eis
657 5226 938 5299 respondit
970 5246 984 5280 :
1022 5247 1040 5278 ‹
1079 5226 1199 5281 Non
1229 5227 1492 5283 canonico
1541 5237 1728 5281 tenore
1778 5225 2014 5292 utimini,

438 5326 530 5395 qui
561 5339 648 5378 me
679 5339 777 5395 per
804 5321 1053 5376 inimicos
1078 5321 1328 5377 homines
1355 5321 1655 5392 appellatis,
1719 5329 1779 5374 ut
1810 5319 2015 5377 inimici

439 5417 506 5470 ad
535 5417 784 5472 inimicos
808 5412 1159 5485 judicandum
1176 5413 1468 5468 deducant.
1495 5433 1512 5465 ι
1532 5414 1852 5468 Ιὶθιιιιετιιῐιι
1872 5412 2018 5466 simi-

439 5508 566 5564 liter
593 5512 686 5581 qui
730 5511 948 5566 stabant
978 5523 1080 5580 pro
1106 5507 1315 5561 Joanne
1340 5509 1579 5578 episcOpi
1608 5515 1796 5562 contra
1832 5505 2016 5562 Theo-

439 5599 670 5665 philum,
702 5601 948 5657 dicentes
977 5617 992 5654 :
1030 5618 1048 5651 ι
1083 5598 1248 5652 Extra
1288 5612 1494 5651 morem
1526 5607 1630 5659 est,
1681 5607 1741 5651 ut
1780 5595 2017 5650 Ecclesia

441 5699 640 5758 praeter
669 5708 907 5748 canones
933 5690 1278 5753 dissolvatur,
1309 5703 1471 5758 quam
1504 5689 1768 5744 Dominus
1795 5685 2016 5756 proprio

441 5781 701 5851 sanguine
738 5783 1042 5854 acquisivit.
1079 5779 1330 5854 Oportuit
1357 5795 1486 5850 ergo
1519 5789 1570 5833 te
1612 5781 1790 5850 potius
1827 5776 2013 5833 venire

439 5871 508 5927 ad
536 5889 636 5926 nos
661 5872 715 5925 in
758 5875 948 5929 urbem
980 5875 1140 5945 justis
1180 5872 1386 5940 legibus
1418 5871 1870 5934 administratam,
1905 5884 2013 5922 non

510 6035 584 6108 (ὁ)
633 6033 899 6090 Palladius
933 6034 987 6088 in
1023 6034 1262 6105 Dialoge.
1292 6035 1448 6089 intra.
1494 6031 1618 6086 «lim!
1663 6049 1706 6085 xi
1772 6033 2072 6099 o-pismpes.

1264 593 1348 646 DE
1393 592 1552 648 VITA
1594 592 1682 648 ΕΤ
1723 591 1992 650 EXSILIO
2031 597 2088 652 S.
2128 590 2418 650 JOANNIS
2455 591 2968 650 ΕΠΠΧΒΟΒΤΟΝΗ.

3551 615 3715 656 LXXIV

2130 720 2313 767 autem
2337 727 2563 768 evocare
2591 714 2736 768 foras
2767 711 3007 774 Abelem,
3037 723 3095 768 ut
3121 711 3256 768 Cain
3281 711 3429 769 fecit.
3459 714 3541 769 'I‘u
3567 719 3716 774 enim

2131 818 2196 856 ex
2233 802 2394 856 unica
2420 804 2660 876 regione,
2689 818 2790 859 nos
2819 819 2885 858 ex
2915 804 3096 858 multis
3133 807 3508 874 provenimus,
3540 817 3596 862 et
3634 827 3692 863 se

2131 901 2278 964 ptem
2296 909 2457 964 supra
2477 897 2833 968 quadraginta
2851 897 3208 967 metrOpolit:e
3225 915 3443 964 sumus;
3465 916 3714 970 mquam-

2130 1003 2237 1059 que
2266 998 2350 1044 est
2393 998 2452 1044 ut
2498 992 2784 1061 pauciores
2824 1006 2855 1046 a
2902 991 3152 1062 pluribus
3179 1001 3234 1046 et
3279 993 3490 1049 diversa
3540 995 3712 1065 patria

2130 1078 2285 1145 ortis,
2314 1081 2648 1150 iudicentur.
2693 1082 2827 1148 Quae
2866 1083 2908 1137 si
2942 1084 3181 1154 ignoras,
3215 1098 3363 1138 nunc
3391 1085 3559 1140 disce.
3617 1085 3710 1140 Sin

2132 1172 2410 1245 tyrannice
2435 1173 2569 1245 agis,
2595 1173 2729 1226 nihil
2755 1173 2850 1226 tibi
2874 1175 3131 1243 proderit,
3165 1185 3258 1228 aut
3284 1183 3388 1230 tua:
3413 1184 3458 1245 ι)
3472 1178 3714 1231 rannidis

2132 1265 2319 1331 sociis,
2353 1265 2606 1320 Satanica
2649 1265 2925 1320 violentia.
2973 1285 2990 1317 ι
3027 1265 3276 1323 Attamen
3304 1268 3592 1338 Aquilinus
3635 1269 3712 1323 sic

2127 1357 2325 1413 Joanni
2377 1358 2696 1414 intimavit:
2739 1379 2756 1410 ι
2810 1359 2926 1414 Nisi
2963 1359 3073 1414 huc
3119 1362 3281 1417 adsis.
3325 1372 3383 1416 ut
3429 1361 3710 1416 ambarum

2129 1452 2362 1521 partium
2393 1453 2558 1507 verba
2589 1452 2892 1518 audiamus,
2942 1463 3196 1522 tanquam
3244 1453 3432 1523 judieii
3462 1437 3714 1508 deserto-

2130 1557 2242 1595 rem
2275 1553 2324 1596 te
2356 1543 2438 1596 lex
2471 1544 2818 1600 condenmat.
2852 1544 3008 1610 Quod
3041 1547 3084 1598 si
3117 1546 3314 1606 aderis,
3354 1562 3578 1614 prorsus
3606 1562 3714 1601 no-

2127 1645 2301 1686 strum
2349 1634 2618 1701 judicium
2667 1651 2784 1698 cos,
2839 1637 2932 1706 qui
2977 1639 3115 1691 male
3158 1639 3208 1692 id
3267 1643 3706 1708 provocaverint,

2128 1733 2403 1794 coarguet.
2418 1745 2437 1775 ι

2197 1816 2286 1870 ‘21.
2315 1816 2455 1888 Ergo
2489 1818 2710 1874 advenit
2736 1820 2974 1876 Joannes
3005 1822 3174 1877 multa
3204 1839 3328 1878 cum
3362 1824 3537 1879 turba.
3569 1825 3708 1879 Tum

2122 1921 2410 1991 jusserunt
2435 1923 2650 1992 judices
2677 1935 2737 1980 ut
2767 1926 3055 1998 Theophili
3091 1929 3318 1986 comites
3343 1939 3494 1985 extra
3537 1931 3707 2001 pelle-

2127 2038 2339 2092 rentur,
2389 2039 2445 2084 et
2475 2029 2548 2084 illi
2575 2029 2802 2088 Joannis
2827 2049 2937 2087 non
2981 2034 3393 2104 ingrederentur
3441 2047 3708 2107 :uterque

2123 2142 2305 2187 autem
2332 2134 2573 2205 quinque
2596 2137 2883 2208 episcopos
2905 2153 3094 2193 secum
3127 2138 3370 2194 haberet.
3401 2139 3466 2193 Et
3489 2140 3704 2209 sapien-

2128 2229 2371 2285 tissnmus
2420 2233 2709 2302 Aquiltnus
2753 2250 2876 2289 cum
2928 2235 3139 2305 reliquo
3195 2236 3453 2290 tribunali
3509 2237 3643 2290 dixit
3692 2256 3704 2290 :

2132 2343 2148 2374 ο
2181 2324 2559 2397 lngrediantur
2590 2331 2865 2396 monachi,
2890 2333 2978 2400 qui
3011 2333 3220 2387 libellos
3244 2334 3520 2404 supplices
3549 2332 3707 2387 exhi-

2130 2427 2258 2482 bere
2291 2427 2496 2481 volunt.
2520 2445 2538 2477 ι
2559 2425 2620 2478 IIi
2636 2442 2762 2481 vero
2781 2425 3012 2497 ingressi
3031 2435 3159 2481 sunt
3174 2429 3547 2497 cumduobus,
3563 2447 3703 2502 quos

2127 2518 2365 2574 Joannes
2400 2522 2752 2589 presbyteros
2796 2518 3147 2573 ordinaverat
3181 2538 3194 2574 :
3239 2536 3378 2590 quos
3412 2522 3702 2592 Aquilinus

2125 2620 2366 2682 quaestor
2389 2609 2682 2679 aspiciens,
2722 2617 2776 2664 et
2799 2619 3020 2665 sanctos
3055 2611 3304 2667 homines
3341 2628 3466 2668 esse
3496 2616 3696 2676 sciens.

2124 2705 2201 2758 ait
2222 2701 2563 2772 Theophila:
2598 2721 2615 2753 r
2648 2703 2690 2758 Ο
2731 2704 2988 2772 prmelare
3009 2705 3286 2773 epise0pe,
3327 2721 3576 2773 quaenam
3603 2709 3698 2762 fuit

2123 2821 2306 2871 causa,
2327 2815 2421 2860 aut
2448 2822 2568 2876 quae
2606 2807 2743 2860 ratio
2776 2807 2871 2862 tibi
2902 2815 3092 2867 suasit.
3128 2820 3189 2865 ut
3215 2811 3445 2878 sumptis
3461 2809 3708 2862 militari-

2124 2901 2224 2955 bus
2269 2901 2435 2955 armis
2475 2912 2664 2955 contra
2698 2907 2798 2957 hos
2846 2907 3144 2960 monachos
3175 2908 3436 2975 impetum
3474 2905 3704 2969 faceres,

2123 3011 2326 3067 eosque
2341 2997 2625 3066 speliares,
2647 2999 2857 3053 baculis
2881 3003 3220 3066 verberares,
3243 3010 3298 3056 ct
3317 3001 3708 3056 exterminares

2124 3117 2230 3154 una
2261 3116 2386 3156 eum
2418 3102 2624 3158 Isidoro
2655 3105 2972 3174 presbytero
3001 3121 3128 3161 vere
3159 3107 3380 3170 celebri,
3418 3107 3508 3161 Dei
3547 3107 3708 3161 tium-

2123 3224 2236 3263 rem
2298 3219 2352 3263 ct
2413 3210 2758 3265 dominorum
2810 3228 3025 3282 semper
3058 3215 3353 3268 tinsendam
3413 3215 3708 3270 vindictam

2123 3315 2524 3368 contemnens?
2565 3336 2581 3365 ι
2627 3316 2710 3370 Ad
2758 3318 2873 3372 ha‘c.
2905 3316 3244 3388 Theophilus
3281 3340 3294 3372 ε
3347 3343 3364 3370 ‹
3420 3320 3706 3391 Tanquam

2126 3420 2412 3475 lizcrclicos
2440 3430 2496 3475 et
2525 3422 2806 3477 dimeesim
2839 3439 3014 3478 meam
3044 3426 3441 3489 suinertenles,
3481 3427 3554 3480 ita
3596 3435 3708 3480 tra-

2121 3518 2284 3572 clavi.
2313 3539 2328 3568 >
2357 3517 2607 3584 Quaestor
2631 3519 2763 3572 dixit
2789 3539 2798 3570 :
2837 3541 2853 3571 ι
2877 3519 2994 3575 Non
3019 3521 3265 3593 cogitasti
3289 3523 3450 3578 illud:
3477 3523 3705 3578 IIa'reti-

2121 3640 2238 3676 runt
2269 3624 2526 3676 Iwminem
2556 3634 2668 3692 post
2695 3641 2852 3678 unum
2885 3635 2934 3678 et
2981 3627 3208 3681 alterum
3239 3631 3577 3686 neouitionem
3615 3634 3706 3686 de-

2119 3734 2228 3786 cim
2258 3732 2381 3801 (’I'it.
2415 3733 2468 3795 '5,
2508 3733 2591 3799 I0)
2617 3751 2630 3793 ;
2662 3748 2771 3786 non
2794 3742 2977 3787 autem
3008 3734 3322 3804 hujusmodi
3349 3738 3595 3795 cladibus
3621 3751 3707 3799 at-

2121 3855 2226 3906 que
2266 3837 2594 3892 omnimodis
2623 3839 2778 3893 malis
2813 3840 3034 3896 obrue?
3075 3860 3092 3891 ι
3135 3841 3469 3914 Theophilus
3509 3847 3708 3902 obmu-

2125 3943 2246 3998 tuit.
2283 3942 2488 3998 Deinde
2518 3945 2802 3999 monachis
2833 3946 2975 4001 idem
3006 3957 3243 4017 quaestor
3271 3949 3346 4003 ait
3377 3969 3388 4002 :
3435 3970 3452 4001 ι
3495 3952 3596 4018 Qui
3629 3963 3710 4010 tot

2124 4067 2335 4122 pugnas
2364 4051 2674 4105 dazmonum
2717 4054 2926 4122 experti
2955 4055 3108 4120 estis,
3143 4071 3289 4111 nunc
3319 4060 3596 4127 patientiae
3623 4063 3705 4115 vi-

2125 4172 2309 4228 gorem
2335 4154 2625 4210 amisistis?
2669 4176 2687 4207 ι
2722 4156 2800 4210 11ιί
2830 4159 3232 4228 responderunt
3262 4180 3273 4215 :
3311 4183 3327 4213 ι
3363 4161 3706 4221 Intoleranda

2124 4265 2207 4318 vis
2236 4280 2265 4318 a
2292 4265 2474 4336 priore
2498 4280 2652 4321 more
2673 4265 2944 4321 declinare
2976 4282 3075 4322 nos
3101 4268 3401 4337 compulit;
3428 4269 3540 4338 jam
3561 4271 3706 4327 enim

2123 4388 2151 4423 a
2187 4370 2540 4442 quadraginta
2591 4371 2748 4427 annis
2779 4373 2831 4426 in
2867 4389 2933 4426 eo
2981 4374 3288 4430 habitaeulo
3331 4376 3701 4433 versabamur.

2125 4477 2351 4547 Insuper
2385 4485 2440 4532 et
2469 4477 2647 4549 inclyti
2677 4476 2862 4533 Patres
2899 4479 3090 4535 Petrus
3114 4496 3176 4534 ae
3203 4480 3543 4547 Timotheus,
3581 4501 3706 4538 cum

2122 4602 2221 4640 nos
2258 4586 2594 4652 invisissent,
2632 4595 2689 4642 et
2714 4587 2919 4656 aliquot
2940 4586 3008 4640 de
3041 4586 3242 4640 nostris
3273 4601 3436 4655 quam
3467 4588 3704 4642 :estima-

2127 4692 2264 4748 biles
2290 4703 2476 4748 essent
2500 4693 2867 4763 agnovissent,
2903 4690 3214 4745 nullatenus
3243 4691 3402 4745 nobis
3430 4691 3700 4747 adversati

2121 4810 2272 4862 sunt,
2309 4799 2403 4854 sed
2426 4807 2480 4852 et
2500 4806 2714 4851 nostras
2743 4810 2932 4865 preces
2964 4795 3325 4857 ambiverunt,
3361 4810 3569 4864 nosque
3601 4797 3702 4851 ho-

2122 4915 2383 4960 norantes
2408 4913 2463 4958 et
2492 4902 2899 4966 confirmantrs,
2944 4917 3068 4956 mox
3116 4902 3359 4972 epistolis
3402 4904 3515 4958 suis
3547 4921 3698 4976 roga-

2122 5019 2268 5076 runt,
2301 5018 2357 5063 nt
2383 5008 2438 5062 in
2458 5007 2716 5078 precibus
2739 5024 3009 5063 memores
3033 5007 3250 5064 illorum
3270 5025 3392 5063 esse
3418 5011 3695 5064 vellemus.

2122 5116 2308 5184 Itaque
2334 5115 2446 5169 sive
2467 5113 2612 5184 quod
2635 5115 2905 5169 verberati
2929 5114 3151 5178 fuimus,
3171 5114 3286 5168 sive
3301 5114 3445 5182 quod
3470 5115 3697 5186 expulsi,

2122 5222 2173 5276 id
2214 5235 2376 5276 omne
2416 5221 2530 5275 Deo
2559 5220 2923 5284 dimittimus;
2954 5235 3124 5274 unum
3165 5219 3421 5289 petimus,
3455 5230 3514 5275 ut
3546 5222 3702 5278 nobis

2120 5329 2489 5384 habitaculum
2520 5335 2768 5383 nostrum
2790 5325 3068 5393 reddatur,
3101 5335 3162 5381 ut
3190 5327 3298 5382 illic
3330 5328 3395 5382 ad
3429 5327 3700 5396 pmniten-

2121 5437 2248 5492 tiam
2278 5435 2541 5506 agendam
2571 5442 2785 5488 nosmet
2815 5432 3158 5503 recipiamus.
3205 5451 3222 5482 ι
3253 5431 3464 5487 Excelsi
3501 5443 3701 5502 praeto-

2123 5563 2209 5598 res
2243 5557 2347 5595 una
2377 5556 2503 5595 cum
2552 5539 2803 5610 Aquilino
2854 5539 3108 5594 dixerunt
3152 5556 3164 5590 :
3213 5557 3232 5589 ς
3291 5537 3438 5593 Bene
3487 5538 3698 5600 facitis;

2122 5649 2378 5718 scriptum
2411 5655 2496 5700 cst
2539 5644 2685 5700 enim
2720 5664 2731 5695 τ
2763 5645 2890 5709 Quis
2934 5659 3024 5696 nos
3063 5644 3330 5711 separabit
3373 5662 3405 5697 α
3443 5645 3701 5697 rlmritate

2123 5750 2314 5808 Christi
2361 5747 2533 5818 (Rom.
2576 5746 2630 5812 8,
2661 5745 3170 5816 55)?Quamobrem
3210 5757 3355 5803 recte
3378 5747 3696 5815 sentientes,

2123 5858 2188 5912 ad
2242 5853 2529 5910 stationem
2579 5862 2812 5909 vestram
2859 5853 3199 5912 laudabiliter
3241 5853 3616 5912 revertemini.
3673 5869 3692 5904 ι

2113 6042 2340 6100 quorum
2374 6042 2445 6082 \‘ll
2483 6025 2857 6098 metropolita.
