4466 6722
392 595 582 639 LXXV"

396 699 765 766 Miserumque
788 708 881 746 eos
897 692 962 746 ad
987 692 1385 758 imperatorem,
1413 688 1552 744 facta
1580 684 1658 739 rei
1681 678 1975 736 relatione:

396 807 491 875 qui
530 804 657 860 boui
703 795 1027 858 consulens,
1075 794 1495 863 scandalumque
1535 790 1646 860 jam
1685 783 1975 847 omittens,

400 913 543 966 dona
576 911 642 961 iis
668 903 909 957 tribuere
933 900 1119 967 voluit,
1155 917 1276 971 quae
1312 915 1421 954 non
1448 895 1807 951 admiserunt.
1840 889 1981 945 Scri-

398 1015 510 1086 psit
541 1011 762 1075 insuper
784 1003 996 1076 Algypti
1024 1005 1302 1076 praefecto,
1337 1008 1396 1056 ut
1425 1000 1638 1054 illorum
1667 996 1830 1053 cellas
1856 996 1981 1051 aedi-

402 1117 606 1175 ﬁcaret,
637 1111 943 1164 necessaria
972 1107 1363 1180 suppeditaret,
1398 1114 1453 1160 et
1478 1113 1537 1160 ut
1557 1102 1727 1175 quieti
1761 1100 1979 1157 habita-

403 1227 543 1271 rent.
574 1214 720 1269 Idem
751 1213 988 1286 Augusta
1016 1229 1233 1285 quoque
1262 1212 1559 1268 mandavit.

468 1316 559 1371 εἳ.
592 1314 731 1371 Tum
762 1318 1045 1388 Aquilinus
1078 1326 1315 1388 qumstor
1350 1313 1546 1369 Joanni
1573 1312 1748 1365 dixit:
1805 1328 1826 1360 ‹
1860 1308 1980 1363 Non

399 1422 599 1479 audisti
632 1424 733 1479 hoc
754 1423 1033 1493 praidicari
1062 1442 1075 1477 :
1100 1423 1267 1476 Deum
1299 1420 1493 1479 timete,
1533 1432 1703 1486 regem
1731 1417 1983 1467 honorate

402 1528 455 1599 (Ι
483 1528 625 1583 Petr.
656 1528 709 1583 2.
746 1528 832 1599 17)
852 1529 875 1582 '.'
897 1528 1157 1593 Quaenam
1189 1525 1353 1595 igitur
1380 1529 1435 1574 te
1467 1533 1627 1573 causa
1664 1516 1896 1587 impulit,
1925 1523 1983 1569 ut

400 1636 458 1689 in
495 1636 797 1707 religiosam
852 1633 1147 1703 Augustam
1196 1635 1477 1696 tantopere
1536 1621 1914 1678 invehereris?
1956 1644 1974 1673 ι

400 1738 557 1794 Tunc
606 1744 892 1807 surgentes
924 1732 1251 1788 Severianus
1297 1731 1496 1801 aliique
1550 1727 1923 1782 clamaverunt
1964 1744 1976 1779 :

406 1867 424 1897 σ
437 1845 691 1915 Augusta:
706 1842 905 1896 multos
917 1856 1109 1906 annos,
1123 1840 1427 1895 etinimicis
1439 1840 1557 1910 ejus
1571 1834 1942 1892 Proconesus!
1960 1853 1976 1883 ι

399 1946 687 2017 Aquilinus
713 1960 840 2000 eum
874 1944 1083 2000 caeteris
1112 1942 1247 2000 dixit
1280 1962 1292 1997 :
1330 1963 1347 1995 ‹
1382 1941 1619 1997 Decetne
1642 1954 1755 2004 vos,
1783 1936 1986 1992 omisso

401 2068 553 2110 more
579 2050 918 2116 sacerdotali,
952 2050 1145 2105 laicum
1189 2063 1489 2112 assumere,
1527 2054 1583 2100 et
1620 2044 1772 2099 laicis
1807 2042 1983 2097 excla-

401 2158 733 2217 mationibus
770 2155 887 2210 uti?
926 2174 944 2205 ι
991 2153 1199 2208 Tamen
1244 2166 1311 2204 ne
1346 2151 1425 2203 sic
1466 2150 1686 2218 quidem
1735 2150 1984 2217 quiesce-

401 2266 549 2320 bant.
605 2259 945 2329 Theophilus
982 2255 1118 2311 dixit
1167 2275 1179 2309 :
1223 2273 1240 2303 ε
1278 2250 1517 2321 Supplex
1556 2266 1683 2312 oro,
1716 2248 1986 2317 quomodo

402 2368 492 2424 hic
535 2382 621 2421 me
664 2362 1011 2433 deposuerit,
1054 2360 1196 2414 scire
1247 2358 1443 2420 velim,
1498 2364 1555 2409 et
1606 2368 1704 2407 cur
1741 2351 1989 2406 inimicos

402 2483 574 2533 meos,
633 2466 725 2536 qui
779 2471 909 2519 sunt
942 2460 1206 2525 haeretici,
1264 2456 1569 2514 sacerdotio
1618 2452 1981 2509 ornaverit?»

402 2574 652 2638 Quaestor
683 2569 820 2624 dixit
854 2585 868 2619 :
908 2586 926 2617 ι
962 2564 1313 2635 Nequaquam
1354 2561 1443 2617 hic
1475 2568 1527 2615 te
1576 2556 1860 2629 deposuit,
1894 2553 1989 2609 sed

402 2675 770 2747 apostolorum
807 2670 1072 2741 Princeps
1118 2684 1242 2724 cum
1286 2681 1483 2737 magno
1527 2664 1865 2718 Innocentio.
1914 2660 1989 2715 De

404 2782 667 2838 ordinatis
699 2789 880 2835 autem
910 2794 1009 2833 cur
1045 2776 1309 2847 quereris,
1342 2789 1467 2829 cum
1499 2781 1555 2826 tu
1590 2772 1706 2842 ipse
1738 2771 1792 2823 in
1824 2784 1981 2824 accu-

407 2890 613 2946 satione
646 2886 914 2942 verseris?
952 2902 970 2935 ι
1006 2883 1198 2938 Denuo
1238 2878 1577 2950 TheOphilus
1612 2882 1761 2929 metu
1790 2874 1989 2927 obmu-

410 2995 530 3050 tuit.
578 2993 783 3048 Deinde
826 2990 1014 3045 dicunt
1063 2985 1259 3042 Joanni
1296 3002 1308 3037 :
1352 3003 1370 3035 ι
1428 2982 1592 3036 Decet
1649 2988 1700 3033 te
1761 2976 1991 3047 objectis

410 3097 739 3169 respondere
785 3110 848 3149 ac
886 3093 1281 3153 demonstrare,
1325 3102 1487 3157 quam
1525 3086 1596 3140 ob
1643 3099 1861 3139 causam
1914 3088 1992 3137 tot

412 3214 679 3271 tattta‘quc
732 3207 918 3253 t'onlra
962 3193 1400 3267 gloriosissimam
1447 3189 1743 3262 Augustam
1791 3204 1855 3243 ex
1898 3202 1991 3242 ore

412 3320 505 3359 tuo
544 3300 887 3357 Contumelia:
913 3297 1219 3353 sonuerint.
1258 3314 1274 3346 ι
1309 3293 1547 3349 Joannes
1596 3308 1726 3347 vero
1757 3291 1932 3362 inquit
1974 3308 1985 3343 :

418 3432 436 3463 ι
478 3411 739 3479 Equidem
773 3408 818 3461 si
855 3406 1117 3461 adversus
1162 3402 1451 3458 Dominum
1490 3416 1671 3456 meum
1712 3397 1991 3454 Christum

414 3516 553 3569 male
582 3511 781 3582 aliquid
810 3511 947 3576 dixi,
976 3510 1092 3580 ipse
1138 3518 1312 3564 semet
1358 3506 1667 3562 vindicabit.
1709 3505 1908 3560 Verum
1944 3504 1990 3558 si

412 3621 481 3675 de
510 3620 748 3683 homine,
782 3617 1160 3688 praecipueque
1189 3616 1232 3670 si
1258 3615 1324 3669 de
1346 3614 1543 3668 femina
1569 3613 1765 3682 agitur,
1793 3626 1893 3681 ego
1922 3610 1990 3664 de

416 3729 519 3781 hac
545 3741 603 3781 re
630 3725 793 3779 verba
818 3726 925 3777 non
956 3721 1167 3776 faciam.
1203 3738 1220 3769 ι
1256 3718 1710 3786 Consurgensque
1739 3729 1991 3785 egressus

413 3836 518 3892 est,
562 3827 705 3881 nulla
738 3826 880 3880 dicta
924 3823 1259 3879 defensione.
1304 3820 1588 3890 Aquilinus
1625 3824 1865 3889 quiestor
1906 3816 1991 3871 di-

416 3932 492 3987 xit
529 3950 542 3985 :
586 3950 602 3981 ι
642 3930 753 4001 Ego
781 3942 1017 3983 canones
1046 3942 1153 3981 non
1191 3924 1329 3997 legi;
1365 3938 1462 3978 vos
1487 3922 1663 3977 videte
1696 3921 1827 3991 quid
1869 3937 1990 3992 erga

418 4041 567 4096 hunc
600 4035 865 4108 agendum
901 4033 989 4088 sit.
1031 4051 1049 4084 ο
1089 4030 1391 4100 Statimque
1427 4036 1819 4098 consurgentes
1849 4027 1996 4099 judi-

414 4160 509 4202 ccs
536 4142 802 4198 exierunt.

488 4252 581 4305 9.3.
610 4249 803 4304 Postea
843 4247 1150 4302 deliberans
1187 4260 1312 4300 cum
1340 4246 1453 4298 suis
1493 4243 1855 4314 TheOphilus,
1881 4242 1995 4298 for—

418 4354 622 4408 mulam
651 4350 937 4407 sententia!
971 4350 1274 4421 composuit
1307 4360 1559 4418 tanquam
1592 4365 1621 4402 a
1656 4348 1841 4402 multis
1875 4348 1995 4417 epi-

418 4458 598 4528 scOpis
626 4456 781 4511 factae
800 4497 814 4516 .
845 4463 900 4510 et
930 4455 1239 4524 imperatori
1266 4454 1477 4508 obtulit.
1511 4453 1607 4507 llic
1637 4462 1818 4507 autem
1848 4453 1995 4521 judi-

417 4565 565 4619 cium
589 4564 643 4617 in
684 4562 804 4616 illos
833 4560 1085 4630 rejiciens
1115 4562 1229 4615 ait:
1269 4583 1286 4611 ι
1324 4559 1522 4614 Judicii
1557 4560 1717 4613 vestri
1758 4574 1845 4613 res
1888 4566 1991 4624 est,

416 4679 579 4744 prout
611 4667 930 4731 censuistis;
964 4680 1061 4720 vos
1089 4666 1357 4721 videbitis.
1396 4690 1413 4715 ι
1443 4665 1578 4719 Tum
1609 4664 1804 4720 Joanni
1838 4666 1997 4738 signi-

420 4778 585 4832 ficant
613 4790 709 4846 per
740 4772 1056 4835 Marianum,
1088 4770 1180 4840 qui
1221 4778 1338 4824 erat
1376 4768 1519 4839 apud
1555 4768 1854 4843 Augustam
1896 4772 1996 4826 do-

417 4898 544 4939 mus
571 4880 881 4953 praefectus.
922 4886 980 4934 et
1012 4894 1113 4950 per
1136 4877 1254 4932 illos
1292 4892 1326 4930 a
1359 4874 1571 4931 Joanne
1602 4878 1808 4947 ejectos
1834 4880 1998 4934 cleri-

419 5003 538 5051 cos.
564 4997 629 5041 ut
653 4987 727 5041 de
758 4985 991 5041 ecclesia
1021 4983 1265 5039 decedat.
1294 4982 1365 5038 At
1399 4982 1487 5037 ille
1538 4983 1617 5037 sic
1653 4986 1932 5054 respondit
1981 5001 1996 5039 :

426 5113 456 5147 σ
484 5093 602 5164 Ego
624 5107 660 5145 a
931 5090 1213 5146 Saluatore
1238 5089 1537 5146 Ecclesiam
1569 5090 1784 5160 accepi,
1819 5106 1999 5162 neque

421 5211 619 5273 sponse
654 5198 879 5269 propria
909 5197 1131 5252 discedo
1152 5237 1168 5261 ,
1205 5197 1306 5251 nisi
1345 5213 1437 5251 me
1470 5198 1525 5251 vi
1561 5197 1876 5267 expelletis;
1940 5208 2001 5254 ut

423 5302 674 5359 videlicet
693 5301 805 5355 hac
824 5298 1378 5355 omnino‘defcnsione
1408 5310 1548 5361 utar.
1569 5300 1710 5370 quod
1732 5316 1892 5370 quam
1918 5318 2005 5359 ec»

423 5405 643 5461 ciesiam
685 5402 821 5458 mihi
857 5400 1105 5456 Christus
1134 5403 1434 5468 commisit,
1469 5420 1588 5459 eam
1625 5404 1756 5459 mihi
1804 5407 2001 5462 mulier

425 5511 643 5583 eripuit.
686 5530 704 5563 ι
739 5510 890 5565 Tunc
921 5506 1192 5561 Marianus
1219 5507 1269 5561 vi
1299 5520 1607 5581 correptum
1648 5510 1871 5564 ecclesia
1904 5526 2001 5564 ex-

428 5737 694 5799 proutﬂct
752 5729 1018 5783 Dominus
1052 5726 1429 5799 Jesus‘coram
1485 5726 1689 5799 Caipha
1722 5742 1781 5781 ac
1832 5726 2005 5781 Pilato

426 5798 539 5870 egit
571 5797 757 5870 (Marc.
806 5800 892 5861 l4,
950 5799 1013 5870 6i
1050 5816 1061 5851 :
1104 5798 1189 5861 15,
1220 5797 1271 5865 5)
1295 5812 1308 5861 ;
1336 5797 1693 5870 nequeenim
1722 5799 2001 5870 subornati

430 5867 514 5923 vel
583 5867 725 5941 regia
756 5867 1396 5941 _auctori_tateoppressi
1433 5869 1643 5937 judices
1704 5869 2002 5941 apologiam

428 5938 725 6013 quamlibet
751 5936 909 5991 facile
926 5936 1301 6013 admisissent.
1438 5936 1443 5937 ⁷
1738 5936 1753 5941 ’
1870 5936 1887 5941 ⁷
1934 5944 1937 5947 ’

504 6013 575 6081 (ὁ)
615 6007 727 6063 Cod
776 6008 1054 6060 τυπςύτηκ.

1161 569 1247 625 DE
1288 570 1447 627 VITA
1486 569 1574 627 ET
1614 562 1892 623 EXSlLlO
1935 558 1994 613 S.
2031 555 2318 617 JOANMS
2358 563 2869 620 CHRYSOSTOMI.

3463 582 3667 625 ιηνιιι

2088 680 2263 748 pulit;
2306 680 2594 751 statimque
2627 681 2746 736 loco
2784 681 2901 749 ejus
2943 682 3222 737 Arsacium
3256 683 3528 739 ordinant.
3562 684 3675 744 Nec

2088 786 2261 839 multo
2304 795 2457 855 post,
2492 797 2713 858 propter
2753 787 2954 857 injuste
2985 798 3254 858 patratum
3290 788 3555 845 adversus
3585 792 3676 861 ju-

2089 900 2234 945 stum
2267 890 2539 947 hominem
2590 894 2802 958 scelus,
2850 892 2989 963 ignis
3026 894 3163 949 coelo
3204 894 3460 965 delapsus
3495 897 3675 951 eccle—

2090 999 2224 1050 siam
2274 998 2659 1060 concremavit,
2721 998 2811 1051 uhi
2870 1012 3025 1052 antea
3089 1002 3374 1070 episcopus
3434 1000 3676 1057 Joannes

2092 1102 2373 1167 manebat;
2408 1113 2462 1158 et
2489 1118 2613 1157 mox
2644 1103 2863 1158 dilatata
2903 1103 3118 1159 flamma
3150 1104 3293 1160 cedes
3324 1107 3523 1162 multas
3558 1123 3674 1163 am-

2090 1207 2286 1262 bussit.
2316 1205 2617 1279 Statimque
2648 1209 2840 1264 civitas
2870 1208 3149 1266 Arsacium
3188 1212 3425 1282 expulit,
3461 1220 3537 1279 et,
3568 1213 3673 1268 im-

2090 1320 2339 1381 peratore
2374 1322 2670 1371 annuente.
2699 1312 2965 1369 Joannem
3014 1316 3242 1370 reduxit.
3290 1314 3545 1371 Sedenim
3576 1315 3677 1372 de-

2092 1432 2200 1471 nuo
2238 1418 2612 1488 conspirantes
2641 1434 2764 1473 cum
2805 1419 3108 1490 Thcophilo
3138 1421 3378 1490 episcopi
3407 1421 3674 1478 Joannem

2090 1522 2361 1577 crin‘iinati
2407 1533 2536 1577 sum
2566 1524 2808 1579 dicentes
2846 1544 2857 1578 :
2895 1546 2911 1577 ι
2969 1527 3098 1592 Nos,
3132 1544 3165 1582 ο
3195 1528 3510 1599 imperator,
3545 1545 3675 1585 scn-

2092 1628 2317 1681 tentiam
2362 1628 2717 1697 protulimus,
2760 1646 2921 1700 quam
2966 1633 3186 1701 exsequi
3242 1649 3465 1690 necesse
3516 1647 3601 1691 εει
3660 1657 3670 1687 :

2092 1746 2326 1801 namque
2376 1742 2431 1787 et
2481 1734 2765 1789 ecclesiam
2819 1747 2942 1806 post
2992 1737 3384 1807 depositionem
3431 1741 3547 1811 ipse
3589 1742 3673 1795 in-

2093 1836 2405 1891 ﬂammavit.
2446 1858 2462 1889 ›
2496 1838 2918 1896 Concitavcrunt
2942 1844 3120 1913 itaque
3149 1844 3475 1915 Augustum,
3507 1846 3674 1900 multa

2092 1959 2305 2014 quoque
2366 1944 2467 1998 alia
2521 1954 2710 1999 contra
2761 1946 3024 2001 Joannem
3074 1950 3448 2019 obloquentes.
3494 1951 3676 2017 Quare

2090 2050 2365 2121 Augustus
2393 2051 2565 2106 dixit:
2616 2070 2635 2103 ι
2671 2052 2783 2123 Ego
2816 2053 3005 2121 judieii
3038 2055 3200 2125 hujus
3230 2055 3489 2111 immunis
3520 2074 3676 2121 sum;

2095 2171 2189 2209 vos
2217 2156 2497 2220 videbitis;
2521 2156 2785 2226 judicium
2815 2168 3054 2214 vestrum
3083 2170 3167 2216 est
3200 2181 3212 2215 :
3240 2161 3506 2231 judicium
3532 2166 3676 2234 quod

2095 2257 2162 2311 de
2197 2272 2263 2309 eo
2289 2256 2498 2323 feretis,
2526 2235 2781 2328 in°capita
2811 2268 2987 2314 vestra
3019 2262 3161 2317 Deus
3189 2271 3490 2320 convertet.
3536 2284 3555 2315 ι
3589 2266 3677 2319 Si-

2096 2355 2372 2425 gnificavit
2408 2367 2591 2413 autem
2632 2358 2827 2413 Joanni
2876 2361 3171 2430 imperator
3209 2365 3289 2420 sic
3344 2383 3357 2419 :
3416 2386 3436 2419 ε
3493 2366 3680 2423 Coetus

2096 2462 2362 2517 dictorum
2394 2465 2733 2519 sacerdotum
2762 2466 3027 2536 judicium
3056 2468 3125 2524 de
3156 2478 3209 2523 te
3242 2470 3409 2525 latum
3436 2472 3490 2525 in
3517 2483 3681 2543 caput

2098 2582 2257 2621 suum
2288 2566 2579 2637 sponsione
2600 2580 2946 2640 receperunt.
2976 2571 3119 2642 Ergo
3139 2588 3227 2627 res
3261 2581 3383 2628 tuas
3404 2573 3517 2629 Deo
3539 2590 3682 2631 com-

2098 2672 2381 2736 mendans,
2414 2674 2483 2729 de
2511 2674 2739 2729 ecclesia
2770 2675 3070 2747 digredere.
3114 2696 3132 2728 ι

2165 2778 2255 2832 2i.
2315 2778 2419 2833 Per
2472 2793 2567 2833 eos
2620 2778 2737 2832 dies
2795 2795 3023 2851 magnus
3078 2796 3294 2851 quoque
3345 2783 3683 2854 Epiphanius

2097 2885 2427 2940 Constantia:
2450 2885 2659 2957 Cypria:
2681 2886 2971 2956 episcopus
2997 2887 3467 2959 Constantinopoli
3493 2906 3681 2945 versa-

2100 2992 2259 3047 batur
2288 3010 2298 3043 :
2335 3006 2496 3061 quem
2532 2990 2597 3044 ad
2628 3006 2687 3045 se
2719 3001 2969 3045 vocatum
2993 2992 3233 3047 Eudoxia
3264 2994 3341 3048 sic
3364 2993 3527 3050 affata
3552 3006 3635 3052 est
3662 3014 3678 3050 :

2107 3115 2124 3148 ι
2161 3096 2322 3150 Pater
2354 3093 2687 3157 reverende,
2719 3094 2957 3149 Joannes
2986 3095 3277 3152 haereticus
3318 3107 3433 3164 est,
3468 3100 3681 3155 cuncti-

2098 3216 2204 3272 que
2233 3199 2421 3256 exsilio
2441 3201 2561 3271 ejus
2587 3200 2965 3267 subscribunt;
3001 3202 3194 3273 agesis,
3225 3213 3282 3257 tu
3307 3220 3523 3275 quoque
3554 3206 3683 3261 sub-

2100 3308 2292 3363 scribe.
2327 3326 2345 3358 ι
2374 3306 2467 3361 llle
2491 3306 2564 3360 ait
2594 3325 2607 3361 :
2642 3326 2659 3357 ι
2693 3304 2748 3360 Si
2779 3305 3016 3361 Joannes
3039 3316 3123 3362 est
3150 3308 3458 3376 haarcticus,
3486 3311 3684 3383 dignus

2100 3418 2290 3472 exsilio
2314 3425 2430 3483 est;
2461 3416 2545 3470 sin
2577 3431 2707 3469 vero
2737 3431 2912 3474 secus.
2946 3417 3040 3471 sed
3072 3416 3143 3471 ob
3171 3417 3413 3473 convicia
3445 3418 3495 3471 iu
3533 3428 3679 3473 tuam

2103 3523 2440 3593 majestatem
2493 3522 2635 3576 dicta
2696 3521 3008 3576 decernitur
3058 3522 3344 3589 exsilium,
3400 3522 3679 3594 ignoscere

2099 3635 2332 3696 oportet,
2378 3624 2816 3694 quandoquidem
2855 3638 2952 3677 vos
2993 3639 3208 3693 quoque
3254 3623 3517 3678 adversus
3566 3639 3681 3679 ca:-

2100 3730 2289 3783 lestem
2330 3742 2514 3799 regem
2551 3727 2834 3797 peccastis.
2876 3746 2892 3777 ι
2940 3726 3031 3781 illa
3063 3735 3244 3781 autem
3281 3726 3464 3783 dixit:
3507 3746 3528 3779 σ
3566 3726 3679 3782 Nisi

2102 3832 2234 3886 mihi
2264 3830 2746 3903 obtemperaveris,
2775 3838 2830 3886 et
2856 3846 3009 3901 reque
3040 3846 3101 3886 ac
3131 3832 3313 3886 caateri
3342 3830 3680 3900 subscripse-

2103 3935 2197 3999 ris,
2233 3950 2334 4007 ego
2368 3934 2623 3989 ecclesias
2653 3935 2953 3998 occludam,
2993 3944 3047 3989 et
3078 3935 3338 3989 idolorum
3368 3934 3564 4005 templa
3596 3950 3681 3990 re-

2103 4038 2329 4102 serabo,
2368 4046 2426 4092 ut
2468 4038 2539 4091 ibi
2581 4053 2770 4092 omnes
2804 4038 3050 4092 adorent.
3104 4058 3120 4088 ι
3179 4036 3483 4107 Respondit
3526 4038 3617 4094 ille
3667 4056 3681 4093 :

2111 4163 2127 4195 ι
2174 4143 2228 4198 Si
2254 4141 2380 4213 quid
2410 4143 2604 4197 anima:
2638 4151 2743 4196 tua:
2767 4142 3110 4212 profuturum
3137 4141 3299 4201 nosti.
3333 4140 3387 4198 id
3414 4158 3511 4215 age
3544 4157 3559 4195 :
3585 4143 3680 4198 sed

2104 4255 2272 4310 certe,
2310 4247 2411 4301 etsi
2441 4262 2632 4302 omnes
2661 4246 3025 4312 subscribam,
3057 4246 3397 4317 Epiphanius
3419 4261 3531 4301 non
3561 4247 3685 4302 sub-

2105 4352 2326 4406 scrihet.
2368 4370 2385 4402 ι
2422 4351 2646 4406 Interim
2684 4352 2992 4407 nuntiatum
3022 4362 3104 4407 est
3144 4352 3341 4408 Joanni
3383 4352 3528 4423 quod
3557 4352 3685 4424 Epi-

2105 4455 2338 4526 phanius
2370 4455 2813 4525 subscripsisset;
2852 4457 2945 4527 qui
2988 4458 3114 4512 huic
3157 4458 3232 4511 ita
3271 4456 3684 4528 significandum

2105 4562 2313 4617 curavit
2360 4582 2373 4617 :
2422 4582 2439 4613 ι
2491 4562 2782 4633 Epiphani,
2814 4576 2871 4618 tn
2900 4578 3112 4634 quoque
3159 4562 3349 4617 exsilio
3382 4579 3506 4618 meo
3552 4562 3685 4618 sub-

2107 4668 2405 4739 scripsisti?
2435 4667 2583 4723 Scito
2609 4669 2771 4739 igitur
2792 4710 2806 4734 ,
2837 4678 2889 4723 te
2917 4668 2971 4720 in
3006 4667 3134 4721 sede
3168 4676 3260 4722 tua
3300 4668 3533 4738 amplius
3574 4683 3687 4725 non

2108 4791 2404 4833 sessurum.
2452 4795 2470 4825 ι
2508 4774 2807 4844 Respondit
2834 4774 2883 4829 ei
2930 4774 3269 4845 Epiphanius
3317 4792 3327 4827 :
3386 4794 3405 4825 ι
3464 4774 3687 4831 Athleta

2108 4881 2309 4937 Christi
2352 4880 2579 4944 Joanne,
2615 4879 2813 4934 luctam
2854 4888 3041 4950 patere
3083 4888 3138 4933 et
3181 4880 3339 4934 vince
3382 4898 3393 4933 :
3450 4896 3685 4953 namque

2108 4987 2173 5040 ad
2216 4986 2391 5040 locum
2446 4984 2541 5038 tibi
2592 4985 2783 5041 exsilio
2828 4996 2923 5041 tuo
2970 4984 3301 5040 destinatum
3346 5002 3454 5041 non
3494 5001 3685 5059 perve-

2110 5091 2244 5145 nies.
2301 5108 2320 5138 ι
2355 5088 2821 5155 Quemadmodum
2866 5098 3045 5146 autem
3099 5092 3167 5147 ab
3210 5102 3437 5163 utroque
3479 5093 3683 5153 dictum

2110 5196 2227 5260 fuit,
2262 5195 2333 5251 ita
2361 5194 2694 5250 adamussim
2723 5196 2925 5252 evenit.

2178 5303 2267 5358 25.
2308 5302 2461 5356 Tunc
2495 5302 2733 5357 Joannes
2790 5302 3095 5357 valcdicens
3131 5305 3342 5359 cunctis
3381 5304 3461 5358 sui
3498 5321 3677 5361 aman—

2112 5406 2255 5463 tibus
2282 5407 2553 5477 episc0pis
2573 5449 2587 5472 ,
2624 5416 2677 5461 et
2702 5406 3030 5478 presbyteris
3056 5424 3178 5463 cum
3211 5409 3453 5463 diaconis
3489 5420 3543 5463 et
3569 5427 3687 5464 mo-

2110 5514 2301 5569 nachis
2327 5522 2488 5583 atque
2516 5512 2851 5577 diaconissis,
2885 5514 3177 5568 adhortans
3204 5523 3262 5567 ut
3283 5514 3542 5570 doctrina:
3572 5535 3602 5570 a
3628 5535 3685 5571 sc

2188 5730 2259 5799 (υ)
2298 5732 2625 5817 ﬁliuni-mus
2669 5730 3114 5817 biograph‘uslp';
3150 5733 3276 5817 εδδ,
3302 5734 3417 5817 'fin.
3463 5748 3685 5817 expres-

2115 5798 2277 5874 sius;
2298 5798 2438 5867 Ἐγὼ
2457 5798 2796 5874 άύβαιρέτωξ
2823 5798 2991 5871 αὐτὴν
3017 5798 3417 5874 (Ἐκκλησίαν)
3446 5804 3507 5856 οὐ
3536 5798 3688 5857 ξυνα.

2113 5870 2221 5931 τῶς
2250 5868 2361 5940 Δἔχῳ
2387 5868 2724 5925 καταλιπὲὶᾯ.
2948 5868 2959 5871 ’
2982 5880 3007 5885 “”

2189 5938 2568 6016 (ἰθᾯοὰηβίε
2596 5951 2649 5996 et
2686 5942 2826 6016 infra
2852 5943 3171 6016 Nezrdptov.
3207 5942 3318 6016 Sed
3342 5942 3687 6016 scribendum

2116 6011 2279 6067 fuisse
2309 6011 2581 6067 Arsaéium
2609 6028 2706 6084 pro
2734 6012 2995 6081 Ncrtan‘o,
3038 6011 3156 6085 quis
3198 6014 3444 6070 dubitet?
