4466 6728
335 601 501 645 LXXXI

332 709 548 766 tradite
576 712 1041 785 obtemperarent,
1075 721 1323 783 discessit
1351 732 1419 785 ab
1454 734 1682 789 ecclesia
1713 748 1767 792 et
1795 742 1913 811 epi-

331 816 550 885 scopio,
595 819 754 873 tertio
802 819 1237 886 Rcsnrrcctionis
1291 832 1588 891 Dominica:
1628 840 1736 895 die.
1788 843 1916 898 Fuit

329 931 511 976 autem
540 938 606 977 eo
647 923 735 977 die
775 923 952 982 luctus
987 929 1175 1004 ingens
1204 938 1502 994 amantium
1533 942 1787 1013 Joannis,
1820 949 1911 1018 qui

328 1026 376 1080 ei
410 1027 781 1084 valcdicebant
813 1032 1054 1093 derelicti
1085 1040 1154 1095 ab
1191 1057 1258 1096 eo
1280 1081 1296 1108 ,
1341 1051 1597 1116 tanquam
1629 1067 1658 1105 a
1690 1054 1910 1123 proprio

327 1139 546 1200 pastore
590 1146 737 1188 oves.
781 1136 1018 1210 Populus
1051 1154 1233 1200 tamen
1274 1150 1513 1209 urbanus
1538 1156 1741 1212 exitum
1790 1160 1909 1228 ejus

326 1237 625 1307 ignoravit;
655 1243 746 1311 qui
778 1246 822 1300 si
856 1248 1203 1319 innotuisset,
1231 1256 1509 1326 sanguinis
1536 1261 1731 1317 etfusio
1766 1264 1908 1319 inter

322 1341 474 1396 cives
516 1359 579 1398 ac
607 1347 808 1406 milites
847 1352 1030 1410 futura
1060 1367 1196 1414 erat.
1246 1360 1455 1418 Idcirco
1498 1367 1736 1424 Joannes
1766 1370 1904 1426 clam

324 1444 527 1513 populo
554 1463 803 1520 egressus
825 1466 927 1512 est.
965 1458 1120 1516 Tunc
1142 1464 1193 1517 ei
1217 1464 1329 1519 dati
1356 1476 1483 1522 sunt
1506 1469 1751 1528 Thraces
1779 1475 1904 1543 qni-

321 1548 446 1603 dam
482 1552 825 1616 inverecundi
851 1566 1125 1633 custodes,
1158 1577 1220 1622 ut
1248 1584 1372 1625 eum
1404 1572 1458 1627 in
1491 1577 1738 1631 exsilium
1775 1593 1902 1648 pcr-

319 1655 603 1717 traherent
622 1679 636 1728 ;
654 1666 744 1734 qui
766 1667 833 1723 de
856 1669 975 1725 loco
996 1672 1051 1726 in
1077 1672 1257 1729 locum
1280 1680 1573 1737 transferre
1593 1696 1896 1754 creperum.

318 1756 561 1832 Cumque
588 1766 696 1836 iam
719 1770 787 1824 ad
815 1773 1075 1841 oppidum
1100 1777 1241 1845 quod
1267 1779 1464 1837 dicitur
1484 1783 1731 1841 Cueusus
1756 1800 1901 1844 esset

317 1878 699 1937 perventurus,
732 1887 958 1945 apparet
978 1880 1027 1933 ei
1051 1880 1105 1934 in
1136 1885 1344 1940 somnis
1372 1900 1593 1945 sanctus
1615 1892 1901 1951 Basiliscus

315 1970 605 2043 episcopus
623 1990 688 2030 ac
711 1988 914 2050 martyr
931 1982 1121 2040 dicens
1145 2006 1159 2041 :
1193 2007 1211 2038 ι
1253 1989 1441 2047 Frater
1463 1992 1690 2062 Joanne,
1722 2009 1897 2054 macte

313 2073 520 2138 animo,
569 2078 853 2137 nobiscum
895 2086 1040 2141 enim
1085 2091 1334 2159 quiesces
1367 2096 1419 2150 in
1467 2112 1592 2154 arca
1623 2102 1715 2157 ubi
1757 2120 1892 2160 meae

312 2176 655 2251 aliorumque
686 2195 982 2258 martyrum
1025 2193 1265 2263 reliquiae
1295 2182 1442 2265 sunt,
1475 2203 1741 2276 Entropii,
1779 2209 1894 2263 Ru-

313 2278 407 2334 ﬁni
446 2292 609 2353 atque
636 2285 895 2343 Colluthi.
937 2311 955 2343 ι
990 2294 1168 2365 Atque
1197 2301 1388 2357 eadem
1418 2306 1622 2374 pariter
1648 2308 1784 2363 visio
1813 2327 1896 2366 cc-

310 2383 492 2439 elesia:
539 2390 906 2451 mansionario
948 2398 1125 2454 oblata
1171 2402 1304 2470 fuit,
1353 2408 1561 2464 scilicet
1601 2429 1614 2464 :
1653 2432 1671 2464 ι
1708 2413 1898 2471 Frater

308 2483 569 2555 Joannes,
600 2493 694 2563 qui
725 2495 832 2552 huc
871 2500 1109 2569 advenit,
1137 2506 1205 2561 ad
1246 2507 1535 2568 Dominum
1566 2518 1895 2590 migraturus

308 2598 395 2643 est
438 2608 451 2644 :
505 2600 561 2646 tu
613 2610 743 2652 vero
776 2607 1158 2672 corpusculum
1200 2612 1321 2681 ejus
1367 2618 1648 2676 nobiscum
1688 2640 1892 2694 ponere

308 2691 463 2747 velis.
504 2714 523 2745 ι
555 2695 791 2756 Ventum
820 2719 951 2776 ergo
983 2719 1068 2765 est
1094 2713 1161 2766 ad
1187 2714 1364 2771 locum
1396 2720 1488 2775 ubi
1519 2691 1782 2798 martyres
1804 2731 1891 2800 ja-

306 2796 505 2853 cebant
537 2819 550 2854 :
584 2806 899 2878 rogavitque
941 2812 1181 2873 Joannes
1210 2824 1493 2891 custodes,
1526 2838 1585 2882 ut
1619 2845 1677 2886 se
1716 2849 1887 2905 usque

304 2900 374 2955 ad
412 2902 599 2959 horam
626 2909 869 2977 quintam
900 2916 1198 2977 subsistere
1231 2925 1511 2996 sinerent;
1543 2946 1773 3002 quorum
1804 2942 1887 2995 al-

305 3014 390 3060 ter
431 3011 647 3078 quidem
688 3016 933 3086 volebat,
976 3023 1113 3079 alter
1140 3036 1323 3085 autem
1376 3033 1567 3092 immiti
1610 3043 1791 3097 animo
1824 3063 1887 3102 ac

304 3123 459 3164 more
500 3115 779 3172 renuebat.
818 3119 951 3190 Ipsis
979 3125 1143 3196 igitur
1182 3147 1351 3203 usque
1376 3137 1443 3193 ad
1468 3144 1758 3210 quemdam
1803 3147 1885 3203 lo-

303 3227 431 3268 cum
462 3216 566 3271 iter
597 3228 1068 3297 prosequentibus,
1100 3250 1291 3308 magna
1330 3241 1509 3311 pluvia
1549 3245 1780 3319 ingruit,
1808 3253 1880 3308 ita

304 3326 364 3371 ut
393 3323 639 3391 progredi
662 3341 1023 3400 nequeuntes,
1055 3338 1122 3391 ad
1154 3343 1442 3400 stationem
1473 3360 1765 3422 martyrum
1792 3356 1880 3411 in-

302 3422 399 3477 viti
419 3435 841 3488 reverterentur.
865 3434 1167 3509 Statimque
1194 3442 1432 3503 Joannes
1451 3455 1681 3523 sumptis
1710 3472 1881 3515 sacra:

299 3524 534 3598 liturgia:
565 3534 923 3603 vestimentis,
955 3550 1011 3598 et
1046 3544 1243 3603 divinis
1273 3556 1542 3623 mysteriis
1572 3564 1880 3618 communi-

296 3642 449 3696 cans,
480 3632 812 3709 largitusque
840 3643 1237 3708 benedictionis
1262 3656 1380 3713 loco
1408 3662 1667 3733 quidquid
1693 3683 1876 3725 secum

296 3732 507 3790 ferebat
531 3744 854 3810 astantibus,
881 3749 1066 3821 eisque
1089 3756 1412 3827 vale-dicens,
1438 3782 1588 3822 more
1616 3770 1717 3823 sibi
1744 3788 1875 3827 con-

299 3850 458 3896 sueto
479 3844 653 3900 dixit:
693 3869 712 3900 ‹
756 3849 933 3908 Gloria
977 3856 1089 3913 Deo
1124 3872 1347 3929 propter
1395 3871 1613 3936 omnia;
1651 3893 1669 3924 ι
1706 3890 1873 3947 seque

301 3948 603 4016 reclinans,
650 3952 868 4012 Christo
916 3959 1027 4016 Deo
1078 3976 1267 4023 nostro
1320 3973 1574 4041 spiritum
1619 3982 1871 4051 tradidit,

294 4055 497 4109 sanctis
525 4073 740 4129 quoque
768 4066 1093 4136 martyribus
1118 4072 1393 4141 salutatis,
1424 4095 1548 4135 cum
1580 4085 1752 4156 iisque
1785 4091 1874 4145 die

292 4156 483 4212 eadem
517 4162 795 4230 sepelitur,
835 4168 1004 4223 multa
1034 4173 1101 4227 ab
1145 4175 1459 4235 inhumanis
1501 4185 1603 4240 illis
1638 4189 1873 4246 homini-

291 4258 397 4322 bus
443 4277 655 4332 passus.
706 4265 795 4325 Sic
823 4273 966 4328 enim
1011 4277 1274 4336 militibus
1315 4283 1446 4354 ipsis
1489 4289 1866 4353 denuntiatum

290 4362 488 4429 fuerat,
521 4384 720 4441 nempe
749 4377 893 4444 quod
928 4379 969 4432 si
993 4380 1080 4435 ille
1108 4385 1339 4452 pessime
1364 4389 1430 4444 ab
1460 4391 1523 4446 iis
1550 4395 1778 4453 aliectus
1799 4419 1865 4459 ex

290 4485 530 4526 rerumna
555 4489 879 4547 moreretur,
920 4485 1087 4541 multa
1114 4488 1290 4544 forent
1313 4509 1532 4552 munera
1565 4509 1859 4574 accepturi.

356 4576 443 4631 26.
471 4577 611 4634 Ecce
640 4590 822 4639 autem
848 4589 1065 4658 quidam
1092 4596 1158 4650 de
1184 4596 1410 4655 Joannis
1428 4605 1615 4661 amicis
1634 4608 1859 4668 Romam

286 4680 533 4750 profecti,
566 4696 763 4741 cuncta
784 4688 899 4745 haec
923 4692 1244 4757 Innocentio
1263 4720 1415 4776 papa:
1445 4714 1855 4787 nuntiaverunt,

284 4787 376 4858 qui
401 4790 479 4843 ira
508 4802 730 4862 propter
755 4793 1019 4854 Joannem
1042 4804 1195 4861 valde
1221 4823 1545 4881 commotus,
1568 4829 1622 4875 ct
1640 4832 1860 4894 propter

283 4892 682 4951 circumventos
712 4896 922 4956 insidiis
959 4902 1162 4975 legatos
1206 4924 1365 4977 suos,
1399 4920 1582 4975 statim
1618 4892 1859 4985 Ilonorio

280 5001 347 5056 ad
385 5010 499 5058 tres
527 5018 741 5059 menses
769 5006 967 5064 divinis
999 5015 1268 5084 mysteriis
1298 5017 1591 5079 interdicit.
1625 5028 1763 5085 Tum
1802 5047 1857 5089 et

277 5108 511 5171 Arcadio
539 5122 698 5181 atque
720 5113 973 5172 Eudoxio:
994 5124 1605 5185 cxconnnunicationcm
1636 5134 1720 5190 bis
1740 5156 1855 5193 ver-

278 5209 362 5265 bis
388 5214 584 5268 mittit:
623 5234 642 5265 ι
673 5214 902 5275 Arcadio
943 5228 997 5273 et
1036 5221 1290 5282 Eudexia:
1328 5229 1695 5292 Innocentius.
1738 5240 1849 5297 Vox

276 5322 559 5391 sanguinis
584 5321 806 5379 Joannis
853 5323 1035 5381 fratris
1065 5331 1170 5385 mei
1208 5335 1405 5391 clamat
1445 5340 1510 5395 ad
1552 5342 1715 5397 Deum
1739 5388 1752 5406 .
1795 5358 1849 5402 rt

275 5427 502 5483 omnino
556 5432 773 5504 sanguis
826 5433 944 5503 ejus
999 5436 1383 5499 vindicabitur.
1436 5448 1505 5502 Et
1548 5466 1647 5505 nos
1695 5469 1841 5524 ergo,

275 5540 542 5595 quantum
573 5536 631 5592 in
655 5539 809 5595 nobis
829 5550 930 5607 est,
953 5541 1310 5613 vindicantes,
1336 5553 1542 5610 caelesti
1580 5562 1845 5617 sententia

301 5815 313 5825 ,
344 5745 417 5826 (ἔξ)
461 5747 596 5813 Quis
622 5770 732 5847 non
760 5760 851 5830 pio
873 5774 1035 5815 sensu
1058 5771 1419 5847 prosequatur
1448 5766 1597 5825 hunc
1621 5775 1843 5847 religio-

270 5832 546 5911 sissimum
587 5838 650 5878 ac
694 5828 911 5884 beatum
963 5828 1133 5911 sancti
1177 5828 1279 5886 viri
1323 5835 1561 5911 obitum,
1605 5828 1843 5911 ρτωυίηυ

271 5898 583 5974 tristifstnlo
612 5908 1023 5974 perseeutorum
1064 5904 1202 5973 ejus,
1225 5920 1385 5973 quem
1426 5898 1671 5966 historici
1697 5898 1841 5974 Vna}:

269 5960 431 6049 rapt?
462 5960 596 6038 Quis
628 5964 1024 6049 .cjusngl‘oriam
1069 5960 1200 6029 u'on'
1222 5960 1467 6049 miretur,
1496 5960 1633 6049 qua:
1666 5960 1838 6046 totum

269 6033 458 6088 orbem
510 6032 754 6102 implevit
774 6032 976 6100 “(Sane
1020 6055 1071 6101 et
1105 6062 1331 6117 magnus
1376 6032 1830 6129 Augustinus

1104 605 1192 658 DE
1235 609 1391 665 VITA
1437 613 1525 667 ET
1568 615 1837 676 EXSIIJO
1882 622 1936 677 S.
1979 626 2267 686 JOANNIS
2300 633 2819 697 CHRYSOSTOMI.

3406 666 3591 708 LXXX"

2017 746 2291 818 verboque
2341 749 2435 807 Dei
2477 756 2667 814 ambos
2713 775 2812 815 vos
2840 759 3119 832 alligamus
3162 762 3435 820 insolubili
3484 769 3593 823 vin-

2013 851 2138 905 culo
2157 869 2170 905 :
2192 862 2244 907 te
2269 855 2524 913 nimirum
2546 877 2609 916 ae
2634 861 2897 927 Dalidam.
2931 880 3050 935 qua
3076 878 3129 923 te
3158 870 3422 939 paulatim
3452 872 3594 928 frau-

2010 957 2095 1011 dis
2129 963 2390 1017 novacula
2419 967 2603 1034 erasit,
2630 970 2779 1025 omni
2811 971 3188 1043 mysteriorum
3219 990 3442 1032 accessu
3472 993 3595 1048 pro.

2009 1063 2261 1119 bibemus
2282 1108 2295 1130 ,
2341 1080 2393 1124 te
2422 1072 2643 1141 quidem
2684 1090 2777 1130 sex
2808 1078 3127 1142 mensibus,
3159 1079 3300 1134 illam
3343 1081 3585 1137 biennio.

2005 1171 2183 1240 Atque
2215 1173 2317 1228 hoc
2346 1176 2559 1241 scitote,
2588 1180 2733 1247 quod
2759 1181 2803 1234 si
2829 1181 3167 1238 violaveritis
3195 1185 3414 1240 missam
3440 1203 3469 1241 a
3493 1205 3589 1243 no-

2005 1261 2088 1316 bis
2121 1264 2337 1319 cmlitus
2380 1269 2727 1337 sententiam,
2759 1272 2844 1325 vel
2885 1273 2951 1328 ad
2978 1275 3159 1330 divina
3198 1278 3454 1348 mysteria
3491 1296 3587 1335 ac-

2003 1354 2307 1411 cedendum
2344 1363 2683 1429 putaveritis,
2730 1375 2910 1419 vestra
2947 1367 3162 1437 quidem
3208 1370 3417 1426 viscera
3466 1382 3588 1427 tan-

2003 1464 2165 1519 quam
2197 1452 2364 1522 iguito
2389 1455 2627 1511 carbone
2657 1468 3070 1513 consumentur.
3097 1460 3165 1515 Et
3192 1462 3236 1514 si
3262 1463 3381 1532 quis
3401 1479 3464 1518 ea
3496 1481 3588 1519 vo-

2002 1539 2085 1595 bis
2112 1542 2374 1612 impcrtiri
2406 1548 2624 1611 audeat,
2656 1549 2771 1604 sive
2793 1550 3103 1621 episcopus,
3134 1553 3249 1609 sive
3277 1556 3580 1627 presbyter,

2002 1633 2048 1686 si
2093 1648 2334 1702 prorsus,
2364 1638 2607 1708 inquam,
2650 1641 2757 1694 tale
2808 1641 3018 1696 lacinus
3068 1654 3271 1701 temere
3327 1657 3579 1707 attentet.

2003 1739 2198 1794 nempe
2236 1735 2298 1780 ut
2320 1729 2598 1785 decretam
2627 1731 2893 1786 divinitus
2933 1732 3078 1787 Petri
3101 1736 3327 1804 apostoli
3365 1750 3585 1791 senten—

2003 1814 2129 1867 tiam
2161 1815 2434 1888 inlringat,
2469 1831 2521 1875 et
2562 1838 2673 1875 rem
2711 1824 3011 1892 quamlibet
3052 1840 3259 1879 sacram
3298 1827 3452 1881 vobis
3484 1828 3586 1882 lar—

2001 1906 2213 1975 giatur:
2245 1908 2332 1962 ille
2360 1909 2567 1966 cmlesti
2608 1916 2805 1983 gratia,
2837 1924 2891 1970 et
2924 1925 3141 1972 terrena
3170 1935 3387 1989 quoque
3415 1920 3588 1991 digni-

2001 2006 2107 2052 tate
2153 2000 2396 2069 privatus
2452 2003 2764 2059 habebitur.
2820 2006 3045 2077 Depono
3088 2010 3219 2065 item
3274 2011 3584 2066 adulterum

1996 2092 2275 2146 Arsacium
2303 2110 2317 2157 ;
2350 2103 2512 2163 atque
2538 2112 2731 2152 omnes
2772 2100 2863 2168 qui
2903 2116 3028 2154 cum
3066 2117 3132 2155 eo
3154 2105 3577 2170 communicant,

1996 2192 2118 2232 cum
2159 2182 2350 2235 eodem
2396 2184 2822 2241 damnabuntur.
2873 2187 3164 2260 TheOphili
3209 2206 3340 2245 vero
3373 2192 3586 2261 deposi-

1995 2267 2131 2321 tioni
2176 2279 2287 2324 tres
2334 2287 2523 2341 punias
2560 2275 2870 2344 adiit-imus,
2926 2281 3575 2345 excommunicationctn,

1996 2361 2303 2425 anathema,
2335 2373 2391 2417 et
2418 2366 2787 2420 omnimodam
2817 2368 3111 2425 Christiani
3133 2373 3371 2426 nominis
3390 2375 3576 2443 priva-

1998 2450 2222 2505 tionem.
2252 2471 2269 2496 ι

2064 2545 2153 2598 9.7.
2196 2545 2482 2602 Scribebat
2543 2550 2706 2603 etiam
2775 2551 3049 2607 Ilonorius
3123 2553 3273 2609 fratri
3343 2556 3577 2611 Arcadio

1993 2634 2176 2688 verbis
2234 2636 2361 2690 bis:
2414 2658 2431 2688 ι
2474 2638 2705 2695 Arcadio
2765 2643 2915 2696 fratri
2971 2653 3159 2698 nostro
3217 2648 3574 2716 conregnanti

1991 2723 2262 2781 Honorius
2300 2729 2555 2784 salutem.
2608 2730 2805 2787 Nescio
2840 2750 3089 2804 quaenam
3138 2737 3451 2794 adversaria
3495 2741 3579 2797 vis

1988 2818 2267 2889 deceperit
2314 2831 2385 2887 te,
2421 2832 2481 2877 ut
2539 2822 2757 2880 femina;
2815 2827 3055 2883 confisus
3108 2831 3249 2885 mala
3305 2841 3570 2902 patrares.

1987 2910 2164 2981 Atque
2199 2912 2289 2967 hic
2331 2928 2525 2970 omnes
2565 2915 2776 2987 imperii
2813 2922 2984 2974 nostri
3027 2921 3267 2993 episcopi
3303 2924 3573 2985 clamant.

1986 3000 2132 3069 quod
2179 3001 2339 3074 legati
2381 3004 2450 3059 ad
2491 3012 2637 3059 tuam
2679 3008 3022 3077 maiestatem
3066 3011 3242 3078 missi,
3293 3020 3457 3084 atque
3505 3017 3573 3071 ad

1986 3103 2228 3148 coactam
2282 3098 2550 3167 s_modum
2606 3100 3058 3168 confirmandam,
3116 3112 3264 3160 arcta
3324 3109 3571 3163 custodia

1985 3184 2216 3249 detenti,
2281 3187 2426 3243 fame
2483 3191 2868 3247 conﬁciantur.
2935 3195 3075 3250 Tum
3131 3198 3276 3266 quod
3350 3203 3569 3270 propria

1983 3279 2261 3335 voluntate
2293 3284 2626 3353 preprioque
2650 3287 2861 3356 judicio
2905 3291 3076 3360 pulsis
3103 3292 3393 3365 episcopis,
3430 3296 3568 3350 alios

1981 3370 2350 3439 substitucris,
2383 3375 2679 3444 apostolica
2712 3380 3036 3436 auctoritate
3070 3390 3414 3453 contempta;
3444 3401 3568 3454 quae

1982 3461 2199 3530 quidem
2244 3478 2333 3519 res
2374 3466 2675 3535 perieulum
2715 3469 2784 3523 ab
2830 3470 3146 3528 hominibus
3187 3474 3348 3530 nobis
3384 3488 3564 3541 creat;

1982 3569 2107 3607 nam
2137 3563 2194 3608 et
2221 3555 2321 3626 ipsi
2351 3558 2485 3612 mihi
2531 3560 2695 3617 rebus
2739 3564 2909 3618 sacris
2953 3563 3299 3620 interdictum
3353 3566 3474 3631 fuit,
3508 3579 3565 3623 et

1982 3646 2037 3701 in
2069 3647 2153 3702 his
2180 3650 2425 3718 partibus
2449 3666 2557 3705 non
2588 3653 2797 3708 modica
2830 3655 3067 3709 turbatio
3090 3664 3192 3710 est.
3244 3655 3368 3713 Cito
3400 3659 3565 3730 igitur

1977 3752 2084 3790 non
2129 3738 2327 3803 verbis,
2358 3739 2450 3793 sed
2477 3740 2653 3807 factis,
2688 3743 2830 3797 man
2859 3744 2985 3799 huic
3018 3745 3237 3801 medere
3269 3764 3284 3800 :
3313 3763 3440 3802 nam
3472 3764 3562 3803 sa-

1975 3828 2256 3882 cerdotum
2294 3845 2395 3901 pro
2437 3832 2597 3887 nobis
2633 3849 2824 3903 preces
2854 3852 3019 3907 regna
3062 3847 3249 3893 nostra
3295 3849 3560 3910 perpetuo

1975 3918 2213 3974 ﬁrmant.
2258 3941 2278 3973 ι

2042 4009 2134 4066 28.
2179 4011 2316 4068 Dum
2355 4029 2485 4085 ergo
2526 4015 2582 4070 in
2630 4017 2771 4089 regia
2828 4019 2961 4073 urbe
3013 4019 3349 4092 Theophilus
3388 4024 3557 4080 innu-

1976 4118 2154 4159 meras
2196 4105 2529 4161 calamitates
2565 4107 2823 4176 efﬁceret,
2858 4112 3203 4170 advenerunt
3234 4115 3553 4189 Byzantium

1972 4195 2224 4265 Romani,
2268 4201 2554 4269 praedictas
2604 4202 2816 4259 litteras
2839 4203 3077 4261 ferentes
3111 4225 3127 4262 :
3162 4209 3359 4278 quibus
3395 4226 3552 4266 rece-

1969 4289 2108 4359 ptis,
2143 4291 2435 4361 imperator
2480 4296 2837 4351 conturbatus
2861 4307 2964 4364 est,
3001 4315 3329 4371 prorsusque
3366 4303 3549 4361 animo

1968 4381 2280 4438 dissolutus.
2341 4384 2677 4455 Theophilus
2722 4389 2904 4458 itaque
2952 4408 3051 4461 pro
3104 4408 3202 4449 sua
3256 4396 3548 4453 calliditate

1965 4474 2271 4546 intelligens
2327 4476 2431 4532 hoc
2469 4479 2580 4548 jam
2642 4496 2764 4536 esse
2816 4485 3082 4541 malorum
3136 4488 3369 4554 initium,
3416 4490 3543 4563 fuga

1965 4565 2124 4620 saluti
2170 4582 2283 4623 sua:
2324 4568 2473 4623 solus
2511 4573 2815 4639 consuiuit;
2847 4575 3123 4647 Augustus
3150 4587 3352 4646 autem,
3382 4584 3538 4651 quasi

1965 4665 2188 4714 veterno
2217 4660 2496 4733 evigilans,
2546 4666 2902 4735 praatorianos
2936 4670 3171 4725 misitad
3212 4674 3536 4742 capiendum

1963 4748 2347 4821 Theophilum,
2402 4756 2495 4825 qui
2545 4758 2793 4815 sobrinos
2846 4761 2965 4828 ejus
3010 4760 3243 4829 Menam,
3297 4764 3538 4822 Thcote-

1962 4855 2155 4907 cnum,
2191 4852 2244 4897 et
2280 4843 2663 4916 Ischyrioncm,
2698 4848 3010 4907 verberatos
3044 4852 3407 4910 adduxerunt.
3445 4856 3536 4913 Si-

1961 4936 2164 4991 militer
2212 4944 2265 4992 et
2309 4938 2596 5004 Acacium,
2650 4949 2981 5014 cunctosque
3035 4946 3170 5001 alios
3194 4947 3431 5004 violenta
3479 4952 3531 5005 vi

1958 5036 2255 5097 pertractos
2284 5029 2339 5082 in
2386 5043 2661 5085 carcerem
2697 5034 2839 5088 trudi
2876 5035 3039 5105 jussit
3070 5037 3404 5108 imperator:
3440 5041 3529 5111 qui

1955 5136 2077 5175 mox
2116 5120 2185 5173 ad
2234 5120 2529 5176 Endoxiam
2565 5124 2863 5195 ingressus,
2893 5138 2951 5183 ut
2980 5144 3099 5184 eam
3132 5132 3525 5201 pessumdaret,

1953 5212 2087 5266 vidit
2111 5213 2219 5268 illic
2245 5214 2531 5285 episcopos
2558 5216 2649 5285 qui
2677 5227 2866 5274 contra
2892 5220 3259 5294 Theophilum
3289 5224 3526 5286 fuerant.

1951 5304 2148 5373 quibus
2179 5304 2257 5360 ait
2285 5324 2298 5360 :
2340 5326 2358 5358 ι
2395 5305 2535 5374 Quid
2564 5309 2652 5365 bie
2680 5311 2877 5382 agitis?
2910 5334 2927 5363 ι
2964 5314 3041 5369 llli
3073 5326 3253 5371 autem
3289 5335 3301 5371 :
3333 5337 3351 5369 ‹
3387 5317 3527 5372 Mul-

1951 5396 2019 5450 tis
2043 5396 2156 5466 jam
2181 5398 2377 5455 diebus
2412 5402 2503 5457 hic
2547 5406 2905 5472 custodimur,
2934 5424 3004 5463 ne
3031 5410 3311 5465 veritatem
3343 5410 3525 5466 dicere

1950 5489 2129 5546 liccat.
2170 5511 2189 5545 ι
2214 5524 2286 5534 -
2310 5513 2329 5546 ι
2366 5493 2412 5549 A
2432 5512 2689 5566 quonam,
2717 5498 2912 5569 inquit,
2933 5518 3028 5556 vos
3049 5503 3463 5572 comprehensi?
3500 5524 3518 5553 ι

1948 5614 2021 5623 -
2043 5606 2061 5637 ι
2084 5587 2130 5639 A
2147 5585 2403 5655 Mariano,
2428 5608 2447 5639 ι
2470 5589 2744 5647 dixerunt.
2763 5591 2955 5647 Statim
2972 5593 3247 5664 Augustus
3274 5594 3391 5651 dari
3419 5596 3521 5651 illis

1945 5788 2154 5859 [inperii
2202 5800 2381 5845 contra
2412 5790 2526 5847 Jul.
2560 5792 2651 5849 lib.
2694 5811 2763 5855 vi,
2807 5797 2857 5857 7,
2890 5796 2969 5853 sic
3003 5797 3073 5854 de
3111 5800 3244 5856 illo:
3289 5802 3517 5857 Joannes

1944 5857 2555 5939 Constantinopoiitanus
2583 5866 2878 5939 excellentis
2906 5868 3090 5939 gloria
3113 5877 3373 5926 sacerdos.

2015 5928 2082 6005 _(c)
2115 5930 2191 6005 Ita
2211 5928 2479 6005 nquam.
2512 5934 2628 6005 ipse
2656 5928 3074 6005 Chrysostbmus
3097 5942 3165 5997 de
3207 5944 3431 5999 Arsacia
3462 5944 3515 5999 in

1943 5997 2166 6070 epistola
2205 5997 2425 6061 125'ed.
2450 5997 2661 6065 Mohtl'..
2701 6018 2739 6061 t.
2770 5997 2861 6075 111,
2898 6025 2951 6079 p.
2985 6011 3104 6067 670.
