4466 6758
316 638 501 682 LXXXV

312 744 462 800 aedes
493 744 655 815 jussit
682 755 736 801 et
780 748 1076 817 impensas.
1122 749 1311 806 dicens
1344 771 1355 807 :
1404 773 1421 804 ι
1460 752 1650 808 Securi
1686 752 1739 805 in
1774 753 1905 808 urbe

310 841 627 905 versamini,
646 841 823 895 donec
852 854 953 910 ego
984 839 1187 912 reliqua
1215 844 1396 899 omnia
1425 860 1787 914 cognovero.»
1821 844 1908 898 Si-

311 933 533 1003 mulque
559 933 743 1003 jussit,
780 940 839 985 ut
877 930 1115 990 Joannes
1143 938 1437 1005 ceterique
1484 936 1551 989 ab
1585 937 1774 991 exsilio
1799 936 1907 990 cito

313 1034 761 1096 reportarentur;
806 1037 1181 1085 verumtamen
1224 1028 1493 1084 Joannem
1527 1029 1653 1084 vita:
1682 1045 1905 1084 cursum

309 1132 719 1173 consummasse
745 1117 1023 1177 intellexit.

380 1209 452 1261 29
515 1206 720 1261 Deinde
778 1210 1081 1279 requisivit,
1107 1229 1126 1262 ι
1152 1208 1383 1265 Ubinam
1403 1208 1565 1281 legati
1590 1209 1898 1267 Romani?»

315 1297 647 1367 Dictumque
677 1310 761 1354 est
805 1304 854 1356 ei
886 1303 954 1358 de
1000 1303 1118 1357 loco
1169 1302 1261 1357 ubi
1310 1302 1385 1357 illi
1412 1303 1656 1359 conclusi
1690 1304 1905 1358 detine-

314 1391 537 1443 bantur.
571 1390 894 1463 Mittcnsque
940 1395 1227 1450 accersivit
1255 1411 1351 1449 eos
1377 1396 1487 1464 jam
1519 1397 1757 1450 animam
1792 1412 1904 1466 prae

315 1481 463 1536 fame
493 1492 735 1552 agentes.
767 1486 963 1556 Aitque
994 1488 1098 1544 illis
1123 1489 1421 1559 imperator
1454 1506 1466 1540 :
1509 1509 1525 1538 ι
1559 1486 1901 1557 Quantojam

316 1581 580 1641 tempore,
614 1583 667 1628 et
689 1576 844 1644 cujus
869 1593 1035 1647 Opera
1065 1579 1261 1633 reclusi
1296 1577 1505 1631 fuistis?
1542 1596 1559 1626 ι
1597 1578 1857 1632 Dixerunt
1888 1597 1899 1632 :

325 1686 343 1714 ε
382 1666 429 1717 Α
482 1665 721 1722 Mariano
765 1669 1059 1741 liberisque
1088 1673 1228 1740 ejus,
1281 1671 1475 1741 exiguo
1517 1686 1658 1740 pane
1686 1680 1741 1725 et
1769 1686 1905 1741 aqua

314 1757 595 1820 macerati,
630 1759 776 1812 omni
802 1760 1072 1828 colloquio
1104 1761 1387 1829 prohibiti,
1418 1762 1537 1816 sine
1563 1761 1744 1815 balnei
1780 1778 1903 1827 usu,

314 1846 434 1899 sine
467 1848 575 1901 ullo
612 1848 850 1903 lucerna:
883 1850 1111 1914 lumine,
1155 1861 1349 1921 quarto
1388 1854 1589 1908 abhinc
1633 1868 1839 1907 mense.
1881 1871 1899 1903 ›

315 1936 445 1991 ll.ec
495 1936 624 1992 dum
684 1940 761 1993 illi
823 1940 1094 2008 dicerent,
1141 1944 1367 2015 Augusti
1413 1945 1623 2000 viscera
1682 1954 1906 2014 torque-

315 2030 544 2095 bantur;
577 2032 841 2102 iussitque
871 2049 966 2088 eos
995 2036 1139 2089 omni
1171 2037 1361 2091 solatio
1391 2037 1645 2091 recreari.
1679 2036 1905 2091 Statim-

313 2137 420 2189 que
441 2122 740 2179 Marianum
761 2125 1066 2197 liberosque
1092 2130 1212 2198 ejus
1235 2128 1289 2182 in
1318 2139 1619 2199 conspectu
1646 2130 1903 2184 Eudoxi-.1:

312 2215 522 2269 medios
562 2218 734 2271 secari
774 2219 1069 2283 mandavit,
1101 2221 1291 2274 volens
1318 2230 1375 2273 ut
1405 2221 1648 2290 ipsorum
1676 2236 1903 2289 corpora

314 2304 474 2375 lignis
504 2308 955 2365 extenderentur.
1003 2310 1174 2365 Jussit
1216 2311 1440 2382 insuper
1480 2320 1540 2366 ut
1567 2312 1751 2367 cuncti
1795 2310 1907 2365 Au-

313 2405 487 2465 gusta:
535 2396 845 2463 familiares,
876 2399 967 2469 qui
999 2401 1054 2454 in
1081 2416 1242 2456 causa
1276 2402 1529 2467 fuissent,
1560 2418 1714 2473 teque
1756 2403 1907 2458 occi-

312 2486 607 2551 derentur;
643 2486 980 2544 Theodotem
1013 2501 1193 2545 autem
1221 2491 1345 2547 cum
1376 2493 1494 2547 viro
1522 2509 1622 2549 suo
1652 2493 1905 2548 fluctibus

314 2579 615 2650 submergi.
655 2579 810 2634 Tunc
838 2580 987 2636 cives
1022 2584 1255 2636 tumultu
1287 2583 1428 2639 facto
1453 2586 1735 2640 Arsacium
1766 2586 1905 2654 lapi-

314 2670 512 2724 dantes
550 2670 855 2740 ejecerunt,
900 2682 956 2728 ct
1002 2672 1243 2729 Atticum
1291 2674 1591 2747 elegerunt.
1645 2675 1907 2731 Arcadius

312 2763 575 2833 posthinc
634 2765 953 2820 universum
1026 2766 1284 2823 Eudoxize
1350 2778 1604 2823 ornatum
1662 2768 1904 2835 abstulit,

320 2855 607 2926 ipsamque
649 2858 900 2912 cubiculo
947 2860 1234 2924 conclusit,
1267 2861 1504 2931 graviter
1537 2861 1905 2926 verberatam;

313 2940 449 3015 quin
475 2956 531 3002 et
559 2948 700 3003 fame
733 2964 963 3005 enecare
991 2951 1237 3018 volebat;
1265 2952 1357 3006 sed
1381 2960 1530 3006 certe
1560 2952 1678 3021 ejus
1712 2966 1907 3007 aurum

316 3056 482 3095 omne
508 3041 637 3097 ﬁsco
666 3042 901 3108 addixit;
929 3044 1046 3113 ipsa
1075 3059 1207 3099 vero
1234 3059 1297 3100 ex
1329 3044 1653 3099 verberibus
1684 3044 1907 3116 sangui-

319 3131 407 3183 nis
432 3133 753 3200 profluvium
778 3144 999 3204 experta
1029 3144 1132 3189 est.

392 3224 481 3277 '50.
521 3225 660 3295 Ergo
685 3225 961 3297 Augustus
1008 3225 1294 3281 Arsacium
1318 3236 1481 3296 atque
1525 3227 1778 3282 Acacium
1807 3227 1908 3282 Be-

322 3328 482 3379 roea,
523 3322 580 3369 et
619 3332 712 3372 eos
753 3318 846 3387 qui
896 3317 1044 3373 dicto
1077 3317 1369 3388 Theophili
1417 3318 1633 3371 fuerant
1661 3317 1902 3383 obnoxii,

319 3403 473 3457 misit
502 3402 728 3459 Romam
772 3406 838 3461 ad
870 3406 1255 3461 Innocentium
1290 3421 1510 3476 papam,
1551 3420 1675 3460 cum
1714 3406 1909 3473 hujus-

322 3493 471 3547 modi
502 3494 766 3563 cpistola:
806 3516 823 3548 ι
859 3496 1125 3552 Arcadius
1162 3496 1306 3552 ﬁlius
1354 3505 1559 3563 vester,
1592 3497 1942 3572 paternitati'

320 3594 522 3639 vestrae
558 3586 611 3639 in
641 3585 858 3641 Christo
901 3587 1148 3642 salutem.
1181 3586 1373 3643 Sciunt
1410 3603 1603 3643 omnes
1633 3589 1905 3654 homines,

321 3689 388 3727 ea
415 3690 537 3744 qua:
579 3691 676 3745 per
720 3675 1072 3748 ignorantiam
1118 3676 1258 3732 facta
1305 3686 1455 3741 sunt,
1495 3692 1527 3732 a
1558 3678 1770 3750 legibus
1796 3694 1908 3733 non

322 3768 539 3834 puniri;
574 3768 670 3823 sed
695 3784 874 3839 neque
901 3768 1038 3824 alter
1058 3784 1157 3839 pro
1184 3769 1356 3823 altero
1375 3784 1595 3839 poenam
1626 3770 1757 3824 luet.
1792 3768 1907 3825 Hoc

323 3859 432 3922 aio,
467 3870 527 3914 ut
553 3862 824 3917 sanctitati
854 3870 1047 3918 vestra:
1076 3862 1232 3917 ﬁdem
1268 3861 1481 3925 faciam,
1515 3878 1612 3933 per
1651 3861 1745 3917 Dei
1776 3862 1904 3917 uni-

325 3953 595 4007 versalem
643 3954 939 4023 potentiam
985 3954 1198 4024 jurans,
1250 3969 1337 4008 me
1370 3953 1508 4007 nihil
1551 3967 1739 4007 eorum
1789 3969 1910 4023 qua:

326 4043 417 4098 hic
468 4053 588 4098 acta
643 4055 771 4101 sunt
822 4046 1170 4118 cognovisse;
1219 4045 1447 4117 cognitis
1496 4054 1679 4100 autem
1713 4062 1908 4117 nuper,

326 4134 488 4204 plena
512 4133 718 4189 ultione
767 4136 824 4195 in
857 4151 977 4190 reos
1016 4135 1487 4190 animadvertisse.
1533 4132 1745 4189 Etenim
1786 4152 1909 4190 cum

326 4240 429 4296 ego
453 4225 825 4281 sacerdotibus
861 4227 1121 4297 judicium
1172 4226 1440 4290 commisi,
1490 4226 1692 4279 nullam
1740 4233 1796 4280 in
1843 4242 1910 4287 eo

328 4318 460 4373 mihi
508 4325 720 4387 partem
769 4319 1062 4385 vindicavi,
1108 4320 1203 4375 sed
1249 4318 1353 4389 ipsi
1395 4327 1557 4388 prout
1590 4317 1691 4373 sibi
1734 4318 1907 4373 visum

328 4420 413 4465 est
442 4418 698 4478 egerunt;
724 4425 811 4463 me
837 4413 1166 4476 nullatenus,
1195 4421 1253 4467 ut
1277 4410 1408 4475 dixi,
1443 4410 1656 4465 illorum
1697 4409 1907 4464 machi-

328 4502 637 4558 nationibus
671 4505 1130 4560 communieante.
1165 4505 1305 4560 Ecce
1335 4513 1516 4560 autem
1548 4518 1669 4558 reos
1692 4517 1907 4573 quoque

327 4594 397 4649 ad
422 4604 475 4649 te
502 4592 642 4654 misi,
668 4607 698 4645 a
720 4593 917 4661 quibus
950 4610 1268 4666 cognosces,
1316 4611 1449 4651 num
1479 4611 1578 4667 ego
1605 4595 1901 4665 quidquam

328 4686 576 4741 sciverim
603 4699 787 4738 eorum
813 4700 933 4753 quae
977 4695 1084 4739 tam
1116 4688 1375 4744 seditiose
1406 4696 1525 4743 acta
1558 4697 1705 4743 sunt.
1747 4687 1908 4742 Post-

327 4788 491 4843 quam
542 4787 668 4843 ergo
714 4772 1065 4841 perpenderis
1109 4790 1231 4844 quae
1276 4778 1396 4831 sine
1451 4793 1538 4832 me
1586 4785 1705 4832 acta
1757 4788 1905 4844 sunt,

326 4862 518 4932 reique
579 4862 855 4917 veritatem
924 4863 1277 4933 compereris,
1345 4866 1563 4921 remitte
1621 4867 1910 4937 spirituale

327 4955 566 5026 ligamen
597 4955 729 5010 mihi
778 4963 989 5024 tuaeque
1025 4954 1166 5021 ﬁliae,
1222 4957 1384 5026 cujus
1421 4974 1669 5015 errorem
1730 4962 1910 5033 pmnis

322 5048 659 5118 expiandum
690 5046 891 5102 curavi.
926 5046 1181 5102 Miserere
1230 5048 1412 5119 itaque
1438 5059 1499 5103 ut
1532 5052 1705 5117 soles,
1730 5070 1913 5125 neque.

321 5180 698 5248 vapulavcrat.
727 5181 830 5237 Sed
868 5189 1043 5235 tamen
1072 5180 1311 5235 Eudosia
1346 5182 1484 5235 intra
1520 5183 1773 5238 eumdem
1806 5202 1910 5241 an-

322 5266 485 5315 num,
512 5268 622 5321 quo
650 5252 1066 5325 Chrysostomus
1113 5252 1375 5321 expulsus
1416 5255 1543 5319 (an.
1580 5254 1715 5324 404)
1760 5272 1910 5312 mor-

321 5325 417 5373 tua
448 5331 551 5376 est.

395 5391 473 5457 (ά)
514 5390 648 5447 Cod.
680 5392 771 5447 hic
790 5406 1004 5463 quoque
1028 5391 1333 5446 Neoterium
1367 5392 1548 5446 habet.
1584 5392 1910 5453 Incredibile

321 5466 510 5535 tamen
538 5472 661 5535 _est,
716 5462 991 5535 Arsacium
1044 5462 1333 5535 decrepita:
1386 5463 1564 5518 :etatis
1628 5464 1906 5523 hominem

321 5529 785 5604 itincri_Romano
814 5534 983 5589 fuisse
1013 5529 1303 5604 objectum.

396 5595 467 5663 (θ)
512 5598 589 5655 lla
616 5604 738 5658 cod.

397 5663 459 5746 (ρ
507 5667 759 5746 Fortasse
811 5684 1101 5746 corruptus
1157 5678 1347 5739 locus;
1401 5686 1549 5731 certe
1597 5677 1905 5745 obscurior,

322 5736 429 5792 nisi
459 5737 608 5816 quod
635 5741 698 5816 in_
733 5759 786 5811 p.
832 5761 949 5815 seq.
978 5736 1159 5802 lucem
1188 5736 1382 5816 accipit
1407 5761 1437 5799 a
1467 5748 1648 5802 verbis
1679 5748 1785 5803 illis
1815 5736 1908 5803 In:-

322 5812 568 5890 npceiilii
603 5825 615 5859 :
648 5812 925 5890 ‘t'ﬁ'lfiuti-
951 5818 1107 5890 Gabv_
1132 5812 1364 5890 σπουδῆν
1390 5816 1565 5888 ὑμῶν,
1612 5819 1790 5890 ἤνπερ
1819 5821 1908 5875 διὰ

324 5878 384 5931 τδ
405 5875 580 5959 βιίοξα
610 5875 783 5959 cit-.35
814 5885 1168 5959 ἐποιήσασθε.

398 5944 471 6019 (η)
512 5945 645 6019 90(1-
681 5947 861 6019 ἐξηῗὶ-

516 6015 685 6070 Ῐέοεθδ
734 6015 844 6085 ,ἱειῐῆ
902 6024 1240 6084 laudavimus
1284 6031 1419 6085 infra
1463 6030 1515 6085 in
1562 6030 1758 6100 quibus
1804 6032 1901 6087 Eu-

327 6092 485 6150 doxia
518 6105 614 6163 pro
644 6103 699 6143 se
751 6101 930 6161 egerat
982 6100 1124 6165 apud
1169 6092 1645 6170 (Ihrysristomum,
1690 6104 1776 6173 qui
1821 6111 1898 6159 Ia-

1067 636 1155 691 DE
1198 636 1355 692 \‘lTA
1404 637 1488 692 ET
1534 636 1808 693 EXSlLIO
1848 644 1905 694 ὃ.
1946 638 2236 699 JOANNIS
2273 646 2781 710 CHRYSOSTOMI.

3396 677 3595 721 ΙΛΧΣΥΙ

2013 758 2098 814 bis
2142 776 2257 816 rem
2290 764 2536 820 eamdem
2573 766 2855 834 ulciscere,
2889 768 2982 824 sed
3012 769 3141 841 jube
3173 780 3232 827 ut
3259 789 3361 829 nos
3390 782 3594 834 sancti-

2011 860 2179 915 ﬁcans
2222 873 2279 918 et
2316 865 2720 923 immaculatum
2772 869 2987 924 Domini
3020 874 3190 929 nostri
3223 874 3353 930 Jesu
3391 875 3593 934 Christi

2008 978 2209 1034 corpus
2266 966 2681 1037 participemus;
2724 986 2903 1042 neque
2950 972 3040 1028 diu
3086 974 3243 1030 nobis
3275 976 3591 1033 interdicas.

2007 1066 2144 1120 Nam
2177 1077 2397 1136 prapter
2446 1070 2617 1142 ipsius
2656 1088 2876 1141 nomen,
2920 1085 2975 1131 et
3003 1091 3131 1148 erga
3162 1087 3215 1131 te
3244 1079 3588 1150 obsequium,

2005 1178 2061 1222 et
2096 1169 2166 1224 ob
2199 1170 2338 1226 hanc
2385 1174 2648 1231 adversus
2686 1194 2785 1232 nos
2834 1179 2888 1233 in
2932 1181 3241 1236 animorum
3301 1184 3594 1251 perturba-

2007 1272 2155 1327 tione
2206 1283 2451 1330 coortam
2503 1277 2978 1347 obtrectationem,
3045 1283 3097 1337 id
3151 1283 3365 1339 consilii
3420 1284 3594 1355 ccepi-

2005 1392 2148 1434 I'IlUS.
2197 1397 2216 1429 ι

2078 1481 2164 1534 51.
2206 1480 2325 1536 Jam
2355 1498 2483 1537 vero
2514 1484 2753 1539 Eudoxio
2790 1500 3010 1555 quoque
3053 1486 3229 1539 cidem
3276 1486 3593 1540 Innocentio

2006 1571 2260 1641 scripsit:
2302 1592 2321 1622 ι
2360 1573 2502 1629 l’atri
2542 1592 2664 1630 meo
2689 1577 2954 1645 spirituali
2997 1580 3048 1631 in
3082 1577 3311 1631 Domino
3339 1579 3587 1633 salutem.

2007 1663 2194 1717 Erravi
2219 1681 2567 1736 magnopere.
2593 1666 2719 1734 quia
2748 1668 3129 1721 insanabilium
3152 1678 3205 1723 et
3232 1670 3592 1724 absurdarum

2008 1753 2482 1816 contumeliarum,
2530 1754 2730 1821 quibus
2775 1769 2806 1808 a
2851 1754 3063 1810 Joanne
3122 1758 3307 1813 atlccta
3334 1758 3434 1819 fui,
3465 1758 3597 1814 sub-

2007 1841 2125 1895 limi
2174 1840 2358 1895 vert'ci
2397 1850 2492 1897 tuo
2527 1844 2774 1899 notitiam
2817 1862 2929 1901 non
2960 1846 3151 1911 attuli;
3183 1846 3329 1916 quod
3378 1847 3425 1901 si
3452 1847 3599 1918 egis-

2009 1946 2146 1996 sem,
2184 1932 2431 2002 profecto
2463 1942 2545 2001 tu,
2581 1937 2687 1991 mei
2716 1952 2863 2008 ergo,
2888 1937 3201 2009 indignatus
3232 1937 3448 1994 fuisses.
3500 1937 3598 1993 Et—

2013 2025 2160 2079 enim
2186 2042 2310 2080 cum
2349 2042 2450 2098 ego
2476 2027 2673 2082 Joanni
2708 2028 2846 2083 nihil
2878 2028 3103 2084 honoris
3123 2046 3230 2085 non
3264 2032 3596 2095 tribuerem.

2008 2116 2095 2171 ille
2152 2128 2343 2172 contra
2399 2120 2536 2173 mibi
2594 2119 2950 2191 ignominiam
3020 2136 3245 2191 prorsus
3298 2123 3596 2178 retribuit:

2005 2210 2204 2279 quippe
2238 2225 2382 2280 smpe
2411 2220 2467 2265 et
2497 2227 2527 2265 a
2572 2212 2760 2268 multis
2808 2212 3142 2280 admonitus,
3176 2224 3237 2270 ut
3264 2215 3539 2271 desineret
3567 2232 3600 2272 a

2007 2301 2285 2364 conviciis,
2317 2317 2438 2371 qua:
2479 2318 2623 2373 smpe
2672 2304 2726 2357 in
2764 2305 2995 2360 ecclesia
3025 2315 3217 2362 contra
3266 2323 3353 2363 me
3398 2309 3601 2379 praedi-

2009 2392 2185 2458 cabat,
2217 2393 2443 2448 minime
2469 2394 2697 2460 destitit,
2730 2395 2841 2451 imo
2881 2398 3120 2452 amarius
3162 2413 3227 2453 ac
3256 2398 3514 2455 furiosius
3544 2401 3601 2454 in

2008 2481 2116 2536 illis
2137 2484 2531 2553 perseveravit.
2576 2484 2711 2551 Quis
2739 2502 2904 2557 porro
2933 2488 2983 2542 ei
3012 2489 3368 2555 concedebat,
3397 2500 3457 2547 ut
3479 2502 3604 2561 post

2008 2584 2229 2631 sanctas
2297 2578 2711 2649 Evangeliorum
2783 2582 3080 2653 scripturas
3126 2582 3351 2639 inﬁnitis
3402 2594 3600 2639 contu-

2009 2668 2182 2723 meliis
2202 2684 2364 2725 aures
2413 2670 2657 2726 omnium
2702 2672 2988 2744 impleret?
3018 2675 3275 2747 ignorans
3322 2676 3598 2742 videlicet,

2010 2759 2089 2814 sic
2115 2775 2261 2824 eum,
2296 2777 2407 2818 non
2431 2762 2589 2829 mihi,
2623 2764 2721 2819 sed
2742 2765 2947 2820 divinis
2982 2766 3119 2837 ipsis
3147 2767 3435 2831 doctrinis,
3465 2784 3602 2839 quas

2010 2852 2349 2922 explanabat,
2378 2869 2598 2909 nocere.
2631 2854 2809 2926 Atque
2836 2856 2942 2913 hoc
2970 2859 3055 2914 vel
3085 2860 3125 2915 ii
3154 2859 3257 2930 ipsi
3289 2860 3475 2916 sciunt
3506 2861 3600 2931 qui

2009 2958 2111 2997 nos
2139 2945 2281 3014 apud
2314 2945 2578 3002 illustrem
2624 2948 2942 3020 dignitatem
2984 2960 3132 3007 tuam
3181 2964 3599 3009 accusaverunt.

2009 3032 2166 3099 Quod
2193 3035 2236 3089 si
2272 3037 2511 3093 volueris
2540 3054 2655 3093 rem
2691 3039 2835 3095 hanc
2866 3052 3119 3097 accurate
3158 3044 3409 3108 scrutari,
3444 3045 3601 3099 multi

2010 3127 2106 3182 tibi
2136 3130 2559 3199 persuadebunt,
2605 3146 2693 3187 me
2727 3134 2992 3189 veraciter
3032 3135 3150 3191 haec
3178 3135 3486 3206 scripsisse.
3518 3137 3602 3192 En

2009 3227 2175 3272 testes
2199 3219 2365 3274 totius
2392 3221 2639 3275 veritatis
2675 3236 2860 3276 coram
2893 3222 3081 3287 habes,
3134 3224 3226 3293 qui
3256 3233 3312 3279 et
3334 3224 3604 3280 ambobus

2007 3324 2199 3380 pacem
2238 3311 2531 3366 conciliare
2566 3312 2916 3378 studuerunt,
2952 3328 3051 3383 per
3077 3329 3215 3384 quos
3262 3315 3429 3369 multa
3459 3333 3603 3385 quo-

2009 3415 2117 3469 que
2141 3401 2282 3455 dona
2308 3401 2376 3456 ad
2406 3402 2553 3457 illum
2604 3403 2747 3468 misi,
2780 3420 2923 3473 quae,
2959 3405 3007 3459 si
3032 3404 3256 3475 quidem
3299 3405 3463 3461 ﬁdem
3505 3406 3602 3462 Dei

2012 3490 2312 3556 habuisset,
2377 3508 2501 3548 eum
2558 3494 2817 3551 cohibere
2871 3496 3178 3553 debuerant
3232 3513 3263 3553 a
3319 3498 3602 3569 petulante

2012 3582 2273 3637 adversus
2319 3598 2406 3638 me
2451 3584 2786 3655 garrulitate.
2840 3584 2982 3641 Sunt
3018 3594 3201 3642 autem
3234 3588 3288 3642 hi
3319 3586 3602 3643 llerodion

2012 3676 2294 3745 patricius,
2330 3677 2422 3747 qui
2451 3694 2482 3732 a
2527 3678 2637 3753 ﬁlio
2669 3689 2762 3734 tuo
2791 3688 2847 3734 et
2879 3681 3058 3736 throni
3091 3698 3307 3737 mecum
3339 3683 3603 3753 participe

2011 3767 2209 3823 missus
2243 3768 2366 3832 fuit,
2397 3784 2521 3824 cum
2548 3768 2777 3826 Joviano
2799 3772 3059 3843 magistro
3107 3773 3364 3837 militum,
3409 3781 3466 3827 et
3500 3773 3602 3829 de-

2010 3859 2175 3929 nique
2206 3858 2562 3931 Syncleticus.
2604 3861 2669 3916 IIi
2705 3870 2815 3917 tres
2841 3863 2987 3932 apud
3020 3872 3074 3918 te
3107 3873 3254 3920 sunt.
3287 3864 3390 3920 Hic
3418 3875 3605 3921 autem

2012 3950 2251 4007 Isidorus
2276 3961 2512 4021 quaestor
2537 3962 2592 4008 ct
2614 3954 2853 4009 cubiculi
2879 3957 3052 4011 nostri
3098 3966 3304 4020 custos,
3348 3956 3517 4029 Byzas
3548 3967 3606 4013 et

2013 4037 2279 4093 Romilius
2297 4041 2742 4109 prmtorianorum
2774 4042 3083 4112 prrcfectus,
3104 4053 3157 4097 et
3183 4044 3327 4114 apud
3349 4055 3605 4101 senatum

2015 4131 2263 4186 idoneus.
2296 4130 2681 4187 Verumtamen
2701 4134 3040 4189 illenilaliud
3068 4135 3283 4207 sategit,
3306 4136 3412 4191 nisi
3446 4146 3501 4191 ut
3521 4153 3603 4193 res

2013 4222 2160 4294 gium
2186 4231 2431 4277 nostrum
2460 4224 2744 4295 conjugem
2768 4226 3021 4282 seandalo
3036 4227 3298 4298 adigeret,
3330 4237 3392 4283 ut
3412 4244 3499 4284 me
3521 4245 3603 4286 re-

2011 4329 2119 4383 gno
2134 4314 2411 4383 dejiceret.
2436 4313 2633 4385 Utique
2654 4313 2797 4370 Deus
2820 4316 3063 4388 utrisque
3082 4318 3241 4373 nobis
3261 4328 3378 4373 esto
3401 4319 3599 4389 judexl

2009 4405 2144 4459 Nam
2171 4413 2319 4460 certe
2346 4421 2572 4477 regnum
2602 4410 2947 4478 tyrannidem
2976 4426 3006 4465 a
3037 4412 3343 4466 sacerdotio
3373 4413 3599 4482 patitur.

2010 4495 2162 4567 Rogo
2205 4495 2370 4566 igitur
2424 4504 2485 4550 ut
2536 4497 2654 4553 haec
2688 4500 2979 4569 tranquille
3024 4512 3079 4555 et
3113 4500 3231 4556 sine
3279 4502 3600 4571 praejudicio

2010 4589 2316 4652 examines,
2355 4589 2619 4661 nobisque
2665 4592 2987 4648 charitatem
3035 4601 3214 4652 tuam.
3260 4603 3423 4663 prout
3460 4596 3599 4649 scri-

2012 4694 2166 4756 ptum
2197 4690 2281 4737 est
2326 4682 2421 4756 (II
2444 4681 2563 4740 Cor.
2595 4684 2653 4750 2,
2684 4683 2777 4754 8),
2808 4683 3133 4749 conﬁrmes;
3180 4693 3382 4740 etcum
3413 4694 3599 4741 sancta

2013 4781 2257 4837 Ecclesia
2307 4794 2498 4837 omnes
2537 4777 2791 4847 excipiat,
2848 4792 2919 4831 ne
2972 4786 3029 4831 tu
3067 4792 3167 4831 nos
3213 4778 3281 4831 ab
3310 4779 3428 4846 ejus
3478 4795 3598 4832 am-

2013 4872 2261 4943 plexibus
2316 4871 2624 4943 prohibeas.
2684 4866 2813 4923 Vale
2872 4868 2927 4922 in
2983 4868 3237 4937 Domino,
3295 4872 3596 4927 reverenda

2010 4965 2189 5021 Pater.
2232 4983 2250 5016 ι

2082 5057 2171 5113 52.
2204 5056 2457 5126 Acceptis
2507 5056 2879 5126 Augustorum
2913 5053 3161 5125 epistolis
3218 5054 3594 5123 Innocentius,

2013 5205 2139 5244 men
2173 5189 2426 5257 Augustae
2453 5187 2708 5243 scandala
2750 5185 3141 5243 dissimulanda
3173 5204 3281 5243 non
3306 5190 3593 5257 judicavit.

2011 5261 2122 5315 Nos
2165 5262 2363 5314 omissa
2413 5258 2657 5330 longiore
2702 5257 2758 5311 in
2807 5267 3042 5329 utroque
3078 5259 3198 5314 loco
3241 5261 3595 5330 responsione

2011 5330 2402 5402 Chrysostomi,
2432 5329 2551 5402 haec
2576 5329 2766 5402 saltem
2803 5329 3408 5402 verbaexscribenius;
3440 5331 3596 5383 Ἐπί-

2013 5400 2213 5465 exorto;
2235 5400 2310 5454 ὢν
2343 5402 2438 5454 καὶ
2486 5400 2673 5481 ψυχῶν
2730 5400 3087 5528 ὲγξειςισθεὶς
3134 5400 3483 5469 προστασίαν,
3529 5402 3593 5455 οὐ

2013 5473 2243 5528 δύναμαι
2261 5488 2712 5528 παρανομουντας
2754 5488 2793 5528 μ
2858 5471 2883 5521 ἐ
2920 5470 3121 5528 ἐγγειν·
3159 5471 3440 5528 Episcopus
3471 5490 3593 5527 cum

2009 5473 2243 5544 δύναμαι
2261 5470 2712 5543 παρανομοῦντας
2754 5470 2826 5541 μὴ
2858 5470 3121 5544 ἐλέγχειψ
3159 5471 3440 5540 Episcopus
3471 5490 3593 5527 cum

2009 5545 2129 5609 sim,
2150 5543 2245 5598 cui
2271 5545 2576 5597 animarum
2614 5559 2739 5596 cura
2768 5543 3043 5595 commissa
3074 5550 3165 5604 est,
3191 5553 3462 5610 pereuntes
3493 5560 3596 5598 non

2012 5615 2391 5685 reprehendere
2415 5630 2629 5683 nequeo.

2086 5686 2147 5753 (ἱ)
2190 5686 2268 5741 Ita
2298 5684 2420 5740 cod.

2086 5758 2149 5827 (1)
2193 5757 2269 5811 De
2319 5754 2520 5827 ἱκανόςν
2551 5754 3136 5827 ﬁliisqueomciorum
3166 5756 3462 5822 vocabulis,
3516 5754 3595 5811 le-

2013 5824 2169 5899 gatur
2194 5827 2429 5899 Cangius
2458 5824 2663 5899 in_LeJ:.
2698 5826 2839 5899 med.
2869 5834 2918 5899 et
2943 5827 3041 5899 inf.
3069 5825 3240 5883 Crete.

2084 5899 2158 5966 (Ιί)
2196 5895 2635 5968 ϐθτιίηιιιειᾼιιτρο
2682 5895 2937 5951 Eudoxize
2970 5898 3229 5968 Augustae
3255 5895 3479 5968 epistola
3525 5898 3594 5953 ad

2014 5966 2537 6048 IiinocentiunnPP.
2581 5981 2703 6048 non.
2721 5974 2916 6048 exstat,
2966 5966 3232 6048 qua—utinm
3273 5966 3408 6048 vidi,
3450 5969 3595 6048 apud

2014 6040 2147 6111 alios
2176 6039 2505 6111 biographos
2529 6046 2622 6092 aut
2643 6037 2961 6111 historicos.
2988 6037 3241 6111 Meminit
3267 6037 3596 6111 tamen_e._j_u_s

2016 6107 2295 6187 Georgius
2322 6109 2469 6167 Alex.
2518 6108 2659 6181 apud
2688 6110 3005 6181 praedictum
3057 6109 3339 6178 Savilium,
3380 6117 3420 6165 t.
3452 6107 3592 6173 Vill,
