4466 6754
332 651 538 692 [ΣΧἷῖιί

333 754 528 810 videns
569 754 768 824 pariter
808 757 1000 808 missas
1045 753 1112 808 ad
1157 770 1216 808 se
1250 770 1462 810 reorum
1511 773 1791 827 personas.
1825 773 1918 810 eo—

331 848 483 917 gnita
515 848 674 902 simul
704 847 998 902 criminum
1028 846 1249 907 ultione.
1279 849 1556 916 mitigatus
1586 850 1696 901 Deo
1721 850 1920 920 gratias

331 939 472 1007 egit;
511 939 827 1008 rogavitque
858 936 1178 1001 IIonorium,
1230 949 1288 994 ut
1333 957 1499 1008 super
1540 948 1653 993 toto
1688 939 1790 994 huc
1831 955 1922 994 ne-

331 1033 480 1103 gotio
509 1032 747 1087 ofticiose
786 1038 969 1100 ageret
1003 1045 1126 1084 cum
1154 1031 1386 1086 Arcadio
1412 1040 1468 1084 et
1498 1031 1762 1086 Ijudoxia.
1798 1030 1918 1085 Jain

331 1127 482 1180 missi
516 1126 586 1179 ab
623 1121 857 1176 Arcadio
894 1123 1141 1178 homines
1172 1139 1294 1178 cum
1340 1124 1676 1193 trepidarent
1724 1125 1918 1178 incerti

329 1219 399 1273 de
431 1219 507 1271 rei
537 1213 705 1274 exitu.
736 1216 939 1270 vocalis
961 1217 1026 1272 ad
1057 1234 1116 1271 se
1148 1215 1498 1271 Innocentius
1527 1216 1696 1270 dixit:
1731 1236 1748 1265 ε
1777 1216 1918 1269 Deus

333 1307 508 1366 vobi=.
557 1318 592 1356 0
635 1302 760 1370 filii,
803 1306 1045 1377 ignoscat
1091 1315 1373 1376 peccatum
1420 1305 1544 1361 hoc.
1615 1305 1918 1375 Theophila

328 1407 519 1453 autem
577 1399 786 1454 dicite:
843 1399 924 1453 'I'u
983 1397 1203 1468 quidem
1270 1398 1543 1452 interdicti
1585 1413 1745 1468 poena
1813 1398 1917 1450 mi-

332 1489 479 1541 nime
517 1489 670 1554 liber,
713 1505 966 1560 compara
995 1497 1046 1542 te
1076 1489 1141 1542 ad
1176 1487 1438 1555 synodum
1468 1496 1724 1556 tanquam
1759 1501 1913 1550 rcus;

330 1595 457 1632 nam
503 1588 720 1649 propter
749 1588 800 1632 te
838 1595 1006 1633 unum
1041 1578 1164 1632 illuc
1195 1587 1459 1632 venturus
1508 1592 1650 1629 sum.
1679 1598 1695 1625 ι
1745 1575 1915 1628 Dimi-

329 1672 509 1740 sitque
549 1686 740 1726 omnes
768 1672 952 1726 multis
1000 1685 1123 1724 cum
1155 1668 1492 1722 muneribus.
1525 1668 1768 1738 Denique
1813 1667 1916 1720 Ar-

328 1764 487 1817 cadio
525 1773 579 1818 et
625 1763 880 1818 I-lttdoxize
932 1763 1005 1816 ita
1055 1760 1286 1815 scribit:
1326 1779 1342 1807 ι
1376 1758 1726 1814 Innocentius
1776 1775 1914 1829 papa

328 1854 455 1908 liliis
504 1855 703 1909 nostris
736 1854 972 1909 Arcadio
1006 1862 1062 1906 et
1096 1850 1352 1905 Eudoxia:
1382 1868 1395 1902 :
1429 1849 1611 1903 valere
1633 1866 1728 1904 vos
1759 1860 1910 1920 Opto.

326 1945 570 2016 Cognovi
620 1956 859 2000 vestrum
908 1942 1211 1997 sccundmn
1262 1942 1435 1996 Deum
1483 1941 1739 1995 devotum
1793 1951 1914 1995 stu-

325 2036 513 2097 dium.
567 2035 712 2106 quod
764 2043 986 2105 propter
1050 2049 1248 2088 nomen
1302 2033 1423 2102 ejus
1476 2033 1906 2103 exprompsistis.

324 2127 695 2193 Quamobrem
729 2141 825 2182 vos
857 2126 1024 2181 sacris
1069 2126 1304 2180 vinculis
1359 2125 1645 2190 resolutos,
1686 2125 1755 2180 ad
1802 2125 1909 2177 Do-

324 2220 529 2274 minica
562 2220 822 2275 accedere
853 2219 1053 2275 ﬁdente
1098 2218 1284 2273 animo
1329 2217 1573 2288 symbola
1614 2219 1755 2272 sino.
1797 2217 1912 2270 Iloc

322 2321 508 2365 tamen
555 2327 652 2366 vos
693 2325 1032 2376 commoneo,
1075 2325 1110 2364 ο
1152 2309 1278 2374 lilii,
1336 2318 1396 2362 ut
1445 2307 1669 2362 Joannis
1711 2323 1910 2361 nomen

321 2405 493 2457 sacris
521 2403 790 2474 diptychis
826 2401 1175 2464 inscribatur,
1209 2399 1568 2468 ejusdemque
1602 2413 1801 2468 corpus
1843 2399 1910 2451 a;l

323 2496 602 2564 propriam
651 2495 936 2551 ecclesiam
984 2495 1274 2550 referatur.
1328 2491 1446 2546 IIoc
1492 2491 1640 2546 enim
1701 2490 1912 2560 justum

319 2699 374 2735 se
423 2682 489 2735 ab
532 2681 748 2750 inﬂictis
799 2680 896 2733 sibi
947 2681 998 2732 in
1053 2680 1278 2734 ecclesiis
1319 2680 1676 2750 multifariam
1721 2689 1903 2732 contu-

318 2753 491 2806 meliis
519 2769 552 2804 a
585 2767 776 2821 magno
801 2750 1024 2810 Joanne,
1057 2761 1207 2821 prout
1237 2752 1283 2804 ei
1309 2760 1446 2803 certe
1477 2750 1767 2803 videbatur.
1809 2751 1905 2800 At-

318 2835 500 2875 tamen
529 2820 709 2876 beatus
757 2821 836 2874 vir
875 2820 1072 2873 nemini
1114 2821 1422 2874 nominatim
1463 2821 1786 2874 convicimus
1821 2827 1904 2874 est

318 2909 576 2962 unquam,
607 2892 698 2945 sed
727 2891 909 2962 culpas
951 2899 1156 2962 tantum
1190 2889 1500 2962 coarguebat
1536 2891 1866 2962 peccantium
1886 2929 1898 2950 ,

315 2959 504 3032 quibus
532 2963 620 3029 qui
647 2970 796 3032 erant
815 2959 1054 3022 obnoxii.
1086 2961 1268 3032 statim
1289 2959 1439 3014 dictis
1465 2959 1900 3032 percel‘lebautur,

314 3028 473 3101 quasi
499 3028 554 3086 in
590 3047 645 3086 se
663 3031 815 3100 jacta
845 3031 1087 3102 fuissent,
1115 3028 1474 3101 putabantqud
1513 3046 1567 3084 se
1595 3029 1643 3084 ei
1675 3028 1905 3099 cognitus

356 3182 585 3196 ⁸-

1135 636 1518 693 llllttlllzll'll
1574 637 1637 691 t.\'
1679 639 1734 692 Β.
1777 636 2093 692 ,ΙΟᾹΧΝΕΜ
2136 635 2725 692 (IIIIleCS'I'OMUM.

1844 636 2093 692 MNNEBI
2136 637 2270 691 CIIII
2282 635 2590 692 lli-30810.“
2603 638 2642 692 ll
2655 635 2725 690 Μ.
3543 655 3608 698 xc

2021 771 2144 810 esse
2196 769 2503 809 censemus.
2559 755 2793 809 Scribitc
2850 763 3030 809 autem
3083 755 3404 827 Thcopbilo,
3439 768 3496 813 ut
3536 759 3605 814 sit

2020 849 2258 921 generali
2295 849 2499 918 synodo
2529 858 2768 916 paratus.
2797 861 2956 915 quam
2996 847 3157 901 iudici
3191 847 3245 900 in
3275 848 3406 902 urbe
3430 848 3606 904 Thcs-

2020 941 2257 996 salnnica
2307 939 2465 992 \‘elim
2516 937 2770 1005 jubeatis.
2801 953 2818 986 ο
2875 934 3083 1001 Quibus
3151 937 3391 1005 acceptis
3442 936 3607 994 Inno-

2017 1031 2186 1088 coutii
2240 1030 2466 1092 litteris,
2517 1029 2671 1082 \‘alde
2727 1027 2892 1083 hetati
2947 1038 3076 1082 sunt
3117 1027 3383 1084 Arcadius
3440 1040 3606 1099 atque

2021 1121 2283 1182 liudoxia.
2327 1119 2739 1189 Theophiloque
2787 1121 3126 1190 scripserunt
3188 1131 3246 1176 ut
3305 1137 3366 1176 se
3402 1132 3606 1192 quant-

2017 1217 2172 1268 ocius
2201 1212 2644 1266 Thessalonicam
2677 1211 2968 1266 conferret.
2998 1212 3239 1267 Audiens
3271 1229 3397 1268 vero
3419 1214 3602 1269 Theo-

2017 1306 2200 1376 philus
2235 1303 2639 1372 impendentem
2684 1303 2785 1356 sibi
2831 1305 3196 1360 sententiam.
3238 1305 3606 1360 sollicitudine

2016 1399 2185 1451 multa
2224 1405 2605 1464 compunctus,
2646 1395 2813 1449 mittit
2847 1412 3039 1466 preces
3068 1398 3135 1451 ad
3182 1398 3502 1461 monachos,
3545 1408 3606 1453 ut

2017 1504 2114 1558 pro
2150 1489 2268 1557 ipso
2313 1486 2455 1540 bona
2492 1487 2652 1541 verba
2683 1486 2888 1542 dicant.
2919 1487 2990 1542 At
3039 1488 3110 1542 illi
3155 1489 3554 1559 responderunt
3587 1508 3600 1542 :

2023 1598 2040 1628 ι
2070 1579 2180 1632 Nos
2215 1586 2404 1631 contra
2442 1586 2492 1630 te
2524 1577 2708 1641 locuti,
2739 1580 3018 1648 quomodo
3048 1597 3148 1650 pro
3178 1590 3232 1635 te
3268 1582 3408 1652 loqui
3444 1592 3604 1653 pote-

2019 1667 2221 1721 rimus?
2264 1667 2369 1722 Sed
2426 1668 2519 1722 Dci
2571 1669 2810 1723 vindicta
2862 1671 3189 1740 quantocius
3234 1681 3286 1726 te
3324 1671 3600 1742 corripiet.

2016 1761 2085 1814 (Σεε
2109 1771 2284 1814 terum
2313 1760 2380 1813 de
2409 1759 2730 1814 Innocentio
2765 1777 2834 1815 ne
2881 1763 2955 1816 sis
2999 1764 3290 1829 sollicitus;
3320 1780 3445 1818 nam
3479 1764 3605 1820 vitro

2017 1853 2135 1918 ejus
2176 1862 2423 1920 tempora
2455 1851 2722 1920 completa
2759 1850 2996 1906 fuerunt.
3029 1871 3046 1903 ι
3091 1853 3216 1907 Ila‘c
3243 1855 3461 1924 quidem
3501 1871 3606 1908 au-

2016 1943 2170 1996 disz
2219 1940 2576 2010 Theophilus,
2617 1957 2806 1995 secura
2854 1951 3038 1997 mente
3073 1942 3182 2012 jam
3225 1951 3362 1998 erat.
3391 1943 3462 1996 At
3504 1943 3605 1997 Isi-

2019 2035 2186 2088 dorus
2229 2033 2550 2100 sodalesque
2597 2033 2717 2102 ejus
2761 2033 2814 2086 in
2857 2043 3041 2088 monte
3085 2033 3366 2104 degentes,
3408 2033 3606 2089 eximia

2018 2125 2308 2180 sanctitate
2346 2123 2522 2178 ornati
2554 2133 2862 2184 evaserunt.
2895 2133 2950 2178 et
2988 2124 3410 2179 charismatibus
3439 2123 3606 2178 etiam

2013 2217 2157 2287 digni
2199 2215 2444 2270 fuerunt.
2501 2215 2746 2284 Denique
2791 2223 2847 2268 et
2882 2215 2988 2284 ipsi
3036 2215 3201 2268 vitam
3251 2228 3606 2269 consumma-

2014 2315 2159 2370 ruut,
2188 2307 2475 2361 laudantes
2504 2305 2719 2361 I’atrem
2762 2316 2818 2362 et
2848 2307 3046 2363 Filium
3090 2315 3147 2361 et
3187 2315 3436 2360 sanctum
3482 2304 3606 2374 Spi-

2015 2398 2202 2451 ritum.
2249 2397 2355 2468 lpsi
2409 2399 2599 2468 gloria,
2661 2401 2838 2454 honor
2875 2410 2930 2454 ct
2976 2397 3222 2454 adoratio
3261 2413 3360 2468 per
3405 2396 3605 2452 szccula

2015 2491 2360 2546 smculorum.
2393 2490 2586 2544 Amen.

2005 2693 2132 2740 esse,
2160 2678 2368 2732 etiamsi
2396 2693 2578 2744 reapse
2605 2675 2860 2728 latebant.

2078 2747 2155 2818 (α)
2196 2741 2578 2818 ’Λνιστορηέῐξα
2621 2747 2747 2818 haec
2793 2754 2882 2818 est
2928 2759 3091 2818 quam
3131 2742 3324 2818 s_umi_t‘
3352 2759 3383 2797 a
3424 2741 3604 2818 Cecr-

2005 2813 2096 2887 εἰσ
2137 2813 2204 2887 'p.
2232 2817 2339 2872 552
2405 2813 2591 2871 noster
2619 2813 2962 2869 Theodorus.
3003 2814 3217 2887 Etenim
3261 2813 3604 2887 'I‘heOphilus

2003 2883 2159 2942 {iuno
2181 2886 2384 2942 Christi
2421 2887 2525 2940 “2
2573 2895 2821 2940 mortuus
2866 2891 2970 2947 est,
3018 2883 3372 2939 Innocentius
3417 2883 3601 2939 autem

2005 2971 2153 3012 anno
2185 2958 2311 3021 417,
2347 2966 2408 3012 ut
2437 2955 2560 3012 fasti
2586 2955 2878 3010 certissimi
2907 2955 3130 3010 docent.

1749 3339 2216 3419 EPITOME

1363 3517 1546 3577 VITA'I
1587 3519 1646 3577 S.
1687 3518 1978 3578 JOANNIS
2015 3517 2522 3577 CHRYSOSTOMI.

388 3803 630 3860 Joannes
656 3804 876 3876 quidem
917 3811 1033 3858 erat
1066 3817 1262 3875 genere
1291 3803 1679 3860 Antiochensis
1709 3821 1724 3858 :
1754 3815 1910 3876 pater

314 3897 440 3966 ejus
469 3896 726 3968 magister
761 3895 995 3950 militum
1026 3893 1211 3967 Syriae,
1242 3903 1298 3949 et
1323 3905 1496 3950 mater
1537 3896 1658 3966 ejus
1702 3911 1908 3966 cogno-

315 3997 505 4042 mento
551 3985 818 4040 Anthusa.
847 3985 1163 4042 Octodccim
1203 4002 1377 4042 annos
1417 3996 1578 4041 natus
1618 3989 1842 4042 recessit
1875 4003 1906 4043 a

314 4081 538 4135 rhetore
559 4078 786 4134 Libanio
805 4095 819 4143 ;
837 4087 999 4148 atque
1015 4094 1045 4133 a
1069 4079 1303 4143 Meletio,
1322 4077 1677 4134 Antiochensi
1697 4079 1910 4134 archie-

316 4173 563 4242 piseopo,
594 4170 915 4240 baptizatur,
950 4178 1006 4224 et
1045 4169 1220 4225 lector
1265 4171 1568 4226 ordinatur.
1598 4171 1738 4226 Ilinc
1783 4186 1908 4226 cum

317 4263 600 4318 incidisset
618 4262 673 4316 in
686 4277 874 4318 senem
889 4261 1178 4332 quemdam
1198 4265 1550 4326 monachum.
1565 4265 1709 4335 apud
1730 4264 1908 4335 ipsum

315 4370 492 4409 annos
521 4363 755 4424 quatuor
785 4352 1083 4424 permansit
1115 4370 1128 4404 :
1164 4353 1219 4406 in
1255 4355 1570 4422 speluncam
1609 4355 1901 4424 quamdam

313 4443 600 4508 secedens,
635 4445 781 4499 solus
811 4443 884 4498 ibi
905 4443 1104 4498 mansit
1131 4458 1306 4497 annos
1327 4443 1498 4498 duos:
1522 4453 1687 4514 atque
1716 4461 1906 4500 rursus

315 4534 462 4586 redit
489 4535 557 4587 ad
593 4535 910 4602 Ecclesiam,
935 4545 989 4591 et
1014 4535 1296 4590 ordinatur
1326 4535 1680 4602 diaconus,ct
1707 4535 1905 4590 claruit

311 4640 490 4679 annos
519 4626 780 4696 quinque.
799 4628 838 4681 Λ
867 4628 1123 4684 Flaviano
1153 4635 1332 4682 autem
1362 4627 1643 4681 ordinatur
1675 4627 1901 4697 presby-

313 4724 415 4776 ter,
430 4729 555 4768 cum
579 4717 1005 4784 resplenduisset
1024 4719 1077 4772 in
1095 4734 1161 4773 eo
1178 4718 1364 4773 habitu
1383 4733 1555 4772 annos
1576 4717 1860 4772 duodecim
1879 4733 1894 4771 :

311 4807 404 4876 qui
437 4821 630 4860 omnes
645 4807 959 4864 sitnultiunt
987 4812 1115 4865 anni
1145 4811 1498 4883 quadraginta
1523 4819 1771 4882 quatuor.
1787 4811 1901 4866 Suh

312 4898 367 4953 id
397 4912 528 4951 vero
546 4906 778 4966 tempus,
799 4909 1017 4954 mortuo
1035 4901 1313 4966 Nectario,
1329 4903 1739 4976 archiepiscopo
1760 4903 1902 4960 Con-

311 4989 814 5058 stantinopolitano,
847 4993 1138 5046 arcessitus
1158 4993 1463 5056 Antiochia,
1494 4998 1778 5053 ordinatur
1815 5016 1902 5053 ar-

311 5079 694 5153 chiepiscopus
715 5081 1368 5155 Consumtinapol;tauus,
1387 5089 1620 5144 At’cadio
1639 5091 1708 5143 im
1716 5108 1905 5160 peran-

2013 3815 2084 3866 te.
2118 3807 2376 3863 vicesimo
2424 3807 2617 3878 quinto
2661 3807 2866 3863 mensis
2915 3805 3260 3873 Decembris.
3304 3807 3603 3866 indictione!

2007 3908 2219 3965 quarta.
2238 3897 2528 3966 Postquam
2553 3905 2737 3951 autem
2763 3897 3136 3968 episcopatum
3158 3914 3334 3954 annos
3361 3899 3599 3969 quinque

2007 3985 2462 4051 administrasset,
2486 4002 2584 4056 per
2613 3986 2946 4041 invidiamin
2977 3988 3230 4043 exsilium
3257 3998 3413 4044 actus
3441 3997 3524 4043 est
3545 3986 3598 4040 in

2009 4078 2286 4133 civitatem
2317 4077 2580 4144 Cumana,
2600 4077 2876 4134 Armenia:
2905 4080 3158 4135 vicinam.
3178 4081 3302 4152 Egit
3324 4080 3378 4135 in
3413 4078 3602 4134 exsilio

2009 4186 2183 4226 annos
2229 4180 2357 4236 tres,
2392 4186 2611 4226 menses
2659 4170 2816 4226 duos.
2850 4169 3020 4226 Simul
3061 4171 3184 4227 vitae
3231 4172 3349 4241 ejus
3384 4180 3601 4240 tempus

2008 4262 2147 4317 ﬁunt
2167 4263 2298 4316 auni
2321 4263 2708 4333 quinquaginta
2730 4263 2858 4327 duo,
2876 4272 2933 4318 et
2962 4278 3177 4317 menses
3206 4271 3350 4317 octo.
3370 4261 3600 4318 Moritur

2006 4355 2218 4412 decimo
2233 4365 2426 4426 quarto
2445 4357 2646 4412 mensis
2666 4356 3010 4421 Novembris,
3025 4366 3081 4412 et
3098 4357 3292 4412 eodem
3318 4356 3407 4412 die
3434 4371 3598 4427 sepe-

2009 4449 2135 4503 litur
2189 4449 2244 4503 in
2289 4449 2542 4519 sepulcro
2593 4465 2718 4504 cum
2755 4449 2915 4505 beato
2950 4449 3231 4504 Basilisco.
3262 4448 3597 4505 Reverendre

2006 4542 2126 4610 ejus
2159 4542 2399 4611 reliquiae
2423 4541 2948 4612 Constantinopolim
2981 4543 3164 4600 relata;
3189 4551 3318 4599 sunt
3344 4551 3466 4613 post
3491 4557 3596 4596 an-

2003 4647 2104 4686 nos
2130 4633 2372 4703 quinque
2391 4642 2446 4684 et
2473 4632 2691 4702 triginta
2707 4673 2721 4695 ,
2742 4633 3044 4701 imperante
3064 4633 3372 4688 Theodosio
3396 4632 3591 4688 Junio—

2002 4738 2094 4788 re,
2131 4731 2186 4776 et
2238 4721 2430 4776 Proelo
2489 4722 2904 4792 archiepiscopo
2959 4721 3586 4794 Constantinopolitano.

2000 4813 2253 4869 Relatum
2283 4829 2409 4868 cum
2444 4830 2634 4870 rursus
2660 4830 2785 4870 cum
2811 4815 3114 4886 psalmodia
3147 4815 3517 4886 deposuerunt
3535 4816 3588 4869 in

2003 4909 2232 4964 ecclesia
2285 4909 2568 4964 beatorum
2626 4909 3008 4978 Apostolorum
3059 4910 3319 4966 vicesimo
3353 4909 3590 4980 septimo

2005 5003 2208 5056 mensis
2235 5003 2500 5056 Januarii.

3079 5294 3569 5313 ————-—~

744 5421 1166 5486 IDIOMELUM
1201 5429 1281 5489 IN
1324 5429 1386 5488 S.
1432 5428 1790 5490 .IOANNEM
1830 5428 2442 5495 CIIRYSOSTOMUM
2493 5432 2592 5516 (13
2634 5436 2997 5517 Novembr.)
3032 5438 3140 5521 (α).

304 5685 374 5740 iis
421 5706 559 5758 quas
611 5693 764 5750 lenes
811 5694 1206 5750 admonitiones
1257 5697 1516 5762 adhibes.
1567 5699 1893 5772 Christoque

303 5780 469 5832 unior
529 5785 799 5852 spirituali
845 5804 1066 5860 sponso,
1096 5803 1157 5844 ac
1188 5786 1237 5842 ei
1283 5803 1578 5861 conregno.
1615 5792 1892 5860 Quamob-

299 5884 420 5928 rem
456 5887 560 5926 nos
594 5892 814 5950 quoque
847 5882 903 5936 in
929 5891 1022 5938 tua
1055 5882 1359 5954 congregati
1401 5885 1663 5939 memoria
1691 5886 1891 5942 clama-

379 6049 456 6123 (α)
490 6048 807 6107 Bibliotheca
836 6057 1057 6115 Patrum
1093 6059 1327 6134 Lugdtm.
1363 6069 1402 6111 t.
1439 6059 1551 6117 XII.
1581 6076 1632 6131 p.
1671 6067 1794 6119 722.

2001 5723 2122 5762 mus
2159 5708 2276 5763 :Nc
2308 5723 2406 5778 pro
2453 5707 2614 5763 nobis
2658 5707 2950 5764 Dominum
2997 5708 3273 5779 deprecari
3318 5710 3582 5782 graveris,

1997 5815 2106 5870 quo
2135 5800 2441 5855 animorum
2473 5800 2706 5858 salutem
2736 5814 3152 5870 consequamur.
