4466 6762
296 688 423 733 κωιι

298 788 460 860 pavit,
494 786 565 843 ita
594 796 650 843 ut
679 789 813 846 nihil
837 791 966 846 mihi
985 790 1217 860 amplius
1246 790 1513 858 reliquum
1533 789 1691 849 foret.
1714 806 1874 860 quam

300 891 474 936 actum
498 898 655 955 agere
691 904 701 936 ε
732 884 879 955 quod
904 900 933 936 a
966 882 1104 936 meis
1126 882 1370 938 moribus
1395 898 1612 954 semper
1629 882 1732 937 fuit
1747 884 1880 937 alie-

305 991 449 1029 num.
485 975 669 1046 Itaque
692 975 1016 1030 mutandum
1055 973 1189 1028 mihi
1221 975 1508 1030 consilium
1534 976 1655 1042 fuit,
1690 984 1745 1030 et
1772 975 1881 1031 alio

302 1069 664 1124 convertenda
712 1066 893 1120 studia
926 1083 938 1118 :
972 1081 1191 1136 nempe,
1245 1075 1305 1121 ut
1340 1068 1512 1123 solum
1560 1075 1873 1123 contextum

302 1161 542 1218 Graecum
574 1174 700 1216 cum
733 1174 872 1212 nova
898 1158 1089 1213 Latina
1118 1160 1371 1215 versione
1401 1162 1601 1232 publici
1628 1159 1768 1231 juris
1798 1159 1880 1214 fa-

299 1269 496 1315 cerem,
524 1264 688 1320 quem
719 1264 749 1302 a
780 1248 913 1303 viris
950 1249 1123 1304 doctis
1165 1250 1317 1305 avide
1342 1250 1646 1322 exspectari
1681 1250 1882 1304 intelli-

303 1346 509 1417 gebam.
528 1341 609 1395 Ad
647 1356 769 1395 eum
801 1354 900 1411 pro
926 1342 1266 1399 uberioribus
1294 1342 1878 1406 animadversionibus,

304 1451 433 1506 quas
459 1432 644 1487 animo
671 1432 1092 1500 destinaveram,
1134 1436 1653 1506 quasdameriticas,
1688 1444 1748 1489 ut
1784 1450 1883 1489 vo-

304 1536 445 1589 cant,
473 1534 649 1587 notas,
671 1541 794 1595 qua:
818 1526 1057 1595 phrasim
1082 1529 1314 1584 subinde
1344 1529 1525 1584 minus
1544 1529 1798 1583 usitatam
1831 1537 1887 1582 et

303 1618 469 1684 specie
483 1618 725 1671 vitiosam
749 1619 1097 1688 explicarent,
1120 1621 1565 1690 elucidarentque
1581 1622 1729 1676 locos
1750 1635 1889 1674 non-

306 1710 500 1774 nullos,
534 1711 628 1780 qui
660 1711 840 1766 varios
864 1727 1057 1768 sensus
1086 1712 1375 1781 variasque
1402 1711 1886 1781 interpretationes

306 1798 588 1853 admittere
617 1799 963 1863 videbantur,
996 1801 1294 1870 adjungere
1345 1800 1531 1854 statui.
1578 1801 1889 1872 Suppuduit

308 1906 389 1945 me
424 1900 603 1946 tamen
632 1902 840 1962 postea,
873 1892 1065 1955 fateor,
1101 1890 1367 1960 propositi
1400 1890 1535 1955 mei;
1576 1892 1887 1962 indignum-

304 1997 406 2050 que
432 1985 698 2052 reputavi,
726 1983 1105 2053 praetermissis
1129 1982 1476 2037 uberioribus
1497 1982 1661 2047 notis,
1677 1984 1745 2037 ad
1770 1984 1889 2038 illas

307 2068 565 2124 minutias
625 2070 994 2135 descendere;
1035 2071 1239 2126 veritus
1294 2070 1474 2126 locum
1517 2072 1645 2126 dare
1684 2073 1885 2143 vulgari

305 2162 514 2232 adagio,
547 2160 655 2216 Pro
678 2165 921 2217 thesauro
950 2164 1220 2218 carbones.
1244 2162 1315 2218 At
1345 2179 1475 2219 vero
1503 2164 1768 2234 quidquid
1789 2164 1892 2218 hoc

306 2254 472 2310 libelli
500 2265 611 2320 est,
642 2256 993 2326 quantumvis
1029 2255 1444 2311 commentariis
1483 2255 1750 2320 destituti,
1795 2271 1893 2325 pro

305 2362 522 2418 magno,
551 2356 702 2401 certo
729 2348 860 2403 scio.
904 2346 1192 2401 habiturus
1217 2362 1277 2401 es
1313 2348 1591 2414 thesauro,
1616 2349 1662 2403 si
1693 2349 1892 2403 memi-

306 2439 473 2503 neris,
501 2447 708 2507 quanto
752 2438 952 2501 studio,
981 2448 1254 2507 quantave
1296 2439 1573 2508 diligentia
1605 2442 1891 2496 clarissimi

304 2529 545 2600 Operam
571 2529 628 2584 S.
663 2528 889 2583 Joannis
913 2528 1283 2599 Chrysostomi
1328 2530 1586 2596 editores,
1620 2532 1892 2589 Ilenricus

304 2621 543 2676 Savilius
572 2629 629 2675 et
664 2620 870 2675 Fronto
905 2620 1154 2685 Ducazus,
1200 2638 1341 2693 opus
1379 2623 1511 2679 illud
1550 2641 1891 2696 quaquaver-

304 2727 425 2766 sum
454 2711 862 2783 perquisierint.
887 2711 995 2767 Sed
1017 2729 1139 2769 cum
1163 2714 1364 2770 frustra
1389 2731 1580 2771 omnes
1600 2718 1891 2774 bibliothe-

305 2820 497 2859 carum
544 2803 751 2860 forulos
787 2806 1177 2871 excussissent,
1204 2807 1377 2862 sancti
1406 2807 1644 2864 doctoris
1679 2812 1888 2865 studio-

308 2910 399 2950 sos
429 2896 653 2966 scriptis
693 2897 806 2951 suis
838 2897 901 2952 λά
931 2898 1179 2953 eamdem
1211 2914 1396 2954 curam
1422 2899 1743 2965 invitarunt,
1774 2917 1892 2955 mo-

304 2995 659 3057 nueruntque
719 2988 861 3042 hanc
887 2987 1064 3042 Vitam
1095 2989 1163 3043 ad
1208 2990 1535 3060 paucissima
1564 2992 1897 3062 exemplaria

305 3080 582 3134 redactam
614 3093 753 3133 esse.
788 3078 945 3133 llunc
978 3095 1077 3150 ego
1105 3080 1460 3151 archetypum
1487 3081 1779 3138 Florentiae
1806 3099 1896 3138 re-

302 3173 416 3241 peri
470 3172 525 3225 in
570 3171 905 3227 Bibliotheca
949 3171 1188 3227 Medicea
1222 3191 1234 3226 :
1267 3174 1497 3244 ejusque
1548 3175 1895 3230 exscribendi

302 3263 462 3333 copia
496 3262 824 3333 perbenigne
867 3263 999 3316 mihi
1039 3263 1178 3318 facta
1224 3272 1309 3319 est
1351 3280 1382 3319 a
1418 3281 1615 3337 magno
1660 3266 1897 3322 Etruria:

304 3354 447 3406 duce
469 3393 485 3415 ,
506 3351 848 3406 Fcrdinando
874 3351 915 3405 ll
948 3369 959 3405 :
983 3353 1097 3421 qui,
1126 3368 1288 3408 verus
1308 3355 1485 3425 gentis
1506 3356 1762 3411 Medicea:
1794 3358 1900 3411 lue-

303 3457 413 3507 res,
435 3457 683 3496 amorem
712 3456 836 3511 erga
862 3441 1068 3496 litteras
1094 3442 1427 3499 etlittemtos
1448 3445 1611 3510 viros,
1645 3456 1705 3501 ut
1724 3447 1896 3517 patri-

303 3534 558 3588 monium
576 3549 606 3587 a
624 3534 943 3603 parentibus
959 3544 1262 3604 acceptum,
1280 3535 1349 3590 ad
1366 3535 1534 3591 illium
1548 3535 1805 3592 Cosmum
1824 3537 1894 3591 Ill

302 3625 542 3681 feliciter
564 3626 885 3680 transmisit.
914 3625 1013 3680 Hie
1043 3626 1159 3696 ipse
1187 3635 1273 3682 est
1306 3628 1496 3691 codex.
1516 3644 1624 3698 quo
1652 3646 1783 3684 usus
1813 3638 1899 3684 est

300 3718 632 3774 Ambrosius
671 3716 1132 3783 Camaldulensis,
1191 3719 1286 3788 qui
1334 3720 1486 3791 prior
1526 3721 1670 3776 hanc
1719 3720 1899 3776 Vitam

303 3810 507 3864 Latine
532 3809 691 3864 vertit
723 3827 738 3863 :
772 3809 935 3864 vertit
963 3818 1144 3864 autem
1176 3811 1384 3877 Roma,
1418 3822 1478 3867 ut
1509 3814 1624 3883 ipse
1668 3821 1902 3867 testatur

301 3902 361 3956 in
398 3902 631 3973 epistola
675 3902 1064 3971 nuncnpatoria
1105 3903 1172 3957 ad
1225 3904 1531 3975 Eugenium
1577 3921 1771 3976 papam
1805 3905 1894 3969 IV,

304 3992 546 4062 ejusque
576 3993 753 4047 versio
788 3993 925 4063 typis
968 4008 1165 4048 excusa
1195 3995 1395 4063 prodiit
1437 3996 1670 4066 primum
1716 3997 1896 4052 Vene-

304 4085 396 4139 tiis
424 4084 485 4137 in
516 4084 687 4138 forma
710 4096 918 4148 octava,
940 4100 1070 4139 cura
1101 4094 1157 4140 et
1181 4086 1363 4141 studio
1381 4086 1587 4144 Nicolai
1610 4088 1894 4161 Erythraei,

305 4175 545 4230 Lutetia
563 4174 761 4243 saepius
788 4181 975 4244 postea
1005 4190 1217 4229 recusa.
1239 4175 1414 4241 Hunc,
1449 4177 1690 4248 inquam,
1722 4179 1899 4249 ipsum

304 4282 430 4321 esse
465 4265 708 4320 codicem
739 4281 848 4334 quo
888 4280 1017 4320 usus
1051 4273 1136 4320 est
1160 4264 1504 4333 Ambrosius,
1536 4268 1897 4337 deprehendi,

303 4376 435 4413 eum
473 4373 542 4412 ex
565 4357 813 4427 pluribus
839 4358 992 4422 locis,
1016 4358 1107 4427 qui
1132 4358 1295 4412 unius
1328 4368 1423 4413 aut
1450 4360 1678 4415 alterius
1708 4360 1902 4416 litterze

304 4449 617 4506 mutatione
649 4448 888 4518 corrupti
917 4458 1092 4514 erant,
1123 4458 1236 4503 tum
1275 4464 1341 4503 ex
1376 4450 1558 4504 verbis
1596 4451 1901 4522 litterisque

304 4557 603 4613 perperam
650 4541 955 4608 conjunctis
1010 4548 1106 4594 aut
1157 4540 1366 4595 divisis.
1400 4539 1556 4606 Quod
1619 4550 1733 4596 tute
1804 4559 1902 4614 per

307 4637 557 4704 teipsum
610 4632 767 4688 facile
810 4632 1249 4697 animadvertes,
1299 4632 1541 4687 studiose
1583 4632 1810 4699 Lector,
1851 4634 1898 4688 si

303 4728 618 4782 attenderis
665 4728 734 4782 ad
785 4728 964 4783 varias
1020 4728 1281 4783 lectiones
1338 4728 1673 4799 marginibus
1723 4744 1754 4783 a
1811 4744 1899 4784 me

302 4818 600 4886 ascriptas,
632 4833 768 4886 quas
792 4819 1069 4889 desumpsi
1098 4820 1293 4890 partim
1327 4834 1390 4873 ex
1428 4820 1629 4890 scripto
1660 4819 1896 4892 Georgii,

302 4910 667 4965 Alexandrini
692 4910 1105 4980 archiepiscopi,
1148 4913 1345 4982 partim
1374 4929 1439 4967 ex
1466 4914 1706 4984 Epistola
1735 4914 1903 4987 Chry-

304 5002 543 5059 εοεωωί
573 5002 641 5057 ad
675 5001 1054 5056 Innocentium
1086 5017 1281 5072 papam
1306 5046 1318 5068 ,
1343 5021 1465 5075 qua:
1491 5007 1635 5062 inter
1664 5008 1903 5081 Chryso-

304 5096 478 5152 stomi
527 5093 703 5165 Opera
744 5104 935 5158 exstat,
967 5105 1121 5151 eruta
1149 5111 1215 5151 ex
1254 5098 1376 5151 aliis
1405 5100 1686 5156 codicibus
1726 5118 1897 5157 mss.:

306 5192 517 5262 partim
548 5190 783 5259 denique
820 5205 884 5244 ex
913 5188 1236 5259 fragmento,
1261 5190 1405 5259 quod
1433 5206 1502 5245 ex
1530 5193 1718 5247 codice
1743 5192 1902 5263 Cuja-

304 5288 467 5339 Lana
498 5282 699 5336 Fronto
728 5281 956 5335 Duczcus
981 5282 1148 5336 edidit
1173 5282 1227 5336 in
1262 5281 1368 5336 line
1404 5284 1604 5355 vulgati
1630 5301 1659 5339 a
1690 5301 1747 5340 se
1781 5287 1901 5342 dia-

304 5381 439 5453 logi.
477 5378 577 5434 Bis
602 5377 749 5432 vitiis
777 5386 832 5432 et
858 5379 1215 5435 incommodis
1234 5379 1291 5434 in
1323 5381 1595 5445 versione,
1618 5398 1783 5452 quam
1803 5398 1901 5453 pro

306 5473 543 5530 modulo
564 5485 686 5526 meo
713 5468 1052 5535 concinnavi,
1099 5480 1377 5543 utcunque
1406 5490 1694 5530 occurrere
1733 5491 1902 5531 cona-

307 5574 400 5619 tus
427 5580 580 5627 sum,
629 5576 809 5616 veram
859 5576 921 5615 ac
968 5561 1260 5631 genuinam
1313 5574 1535 5621 secutus
1581 5567 1896 5632 lectionem,

306 5668 482 5718 quam
526 5652 707 5707 notavi
742 5650 809 5705 ad
849 5651 1167 5721 marginem,
1189 5661 1399 5710 retenta
1431 5657 1487 5710 in
1519 5666 1670 5713 textu
1709 5659 1901 5731 dialogi

305 5740 579 5808 lectione,
604 5760 725 5815 quae
755 5745 808 5799 in
834 5742 1019 5799 codice
1044 5748 1416 5816 manuscripto
1457 5750 1779 5808 habebatur.

390 5936 409 5966 ι
449 5915 553 5970 llic
574 5935 852 5976 nonnemo
881 5921 1110 5977 fortasse
1138 5921 1374 5991 objiciat,
1402 5926 1652 5987 diversos
1680 5933 1787 5988 sibi
1821 5935 1904 5990 vi-

311 6006 435 6064 deri
454 6007 678 6064 codices
699 6013 1117 6070 Ambrosianum
1139 6031 1200 6071 ac
1224 6015 1595 6075 Florentinum
1618 6040 1629 6075 :
1650 6038 1905 6097 propter-

310 6116 378 6159 ea
418 6101 568 6173 quod
602 6100 927 6164 Ambrosius
966 6111 1223 6166 nonnulla
1253 6113 1501 6183 prommii
1534 6116 1652 6172 loco
1678 6123 1903 6190 preemi-

1265 674 1377 730 ΕΜ.
1426 674 1680 730 BlGO'l'll
1722 672 2096 729 PRAZFATIO
2133 671 2197 726 IN
2237 669 2654 728 PALLADlUM.

3442 684 3572 731 XCIV

1982 791 2054 847 sit
2081 794 2135 845 in
2160 805 2256 845 sua
2288 791 2554 855 versione,
2590 801 2712 859 qua:
2751 786 2806 840 in
2840 784 3157 841 Florentino
3196 800 3306 840 non
3341 800 3566 857 compa-

1982 893 2126 939 rent.
2163 882 2309 938 Idem
2340 883 2569 937 subinde
2598 880 2837 935 occurrit
2880 879 2934 933 in
2979 878 3216 934 decursu
3259 879 3473 950 dialogi,
3507 890 3569 935 ut

1982 976 2157 1033 cuivis
2193 975 2390 1047 legenti
2436 976 2729 1030 observare
2766 970 2911 1025 licet.
2935 970 3138 1026 Verum
3178 970 3426 1040 quisquis
3453 985 3567 1024 rem

1982 1079 2236 1127 accurate
2265 1067 2630 1139 perpenderit,
2646 1064 2804 1121 facile
2833 1080 3047 1118 mecum
3064 1063 3418 1128 existimabit,
3439 1060 3569 1116 Am-

1983 1163 2227 1221 brosium
2258 1161 2357 1215 ista
2386 1162 2452 1216 de
2479 1176 2579 1215 suo
2608 1159 2903 1219 addidisse,
2929 1166 2990 1210 ut
3033 1158 3099 1211 ad
3140 1156 3433 1227 dialogum,
3474 1153 3568 1224 qui

1984 1256 2150 1312 nimis
2181 1255 2413 1324 abrupto
2440 1253 2662 1307 exordio
2695 1250 3044 1322 procedebat,
3087 1249 3229 1303 viam
3273 1248 3515 1317 aperiret
3552 1265 3566 1300 :

1984 1349 2241 1415 idemque
2276 1344 2595 1415 priestitisse
2630 1342 2685 1395 in
2725 1340 2865 1396 serie
2908 1338 3135 1410 dialogi,
3179 1338 3354 1392 sicubi
3406 1337 3572 1391 nimis

1986 1440 2168 1495 hiulca
2213 1436 2501 1492 videbatur
2551 1432 2747 1488 oratio.
2781 1431 2916 1498 Quis
2939 1430 3085 1485 enim
3116 1429 3217 1484 sibi
3246 1428 3574 1499 persuadeat

1986 1532 2188 1588 Zosimi
2245 1528 2520 1600 pontiﬁcis
2561 1524 2781 1582 maximi
2822 1523 3158 1594 temporibus
3186 1523 3416 1577 Romam
3458 1522 3573 1592 pri-

1988 1642 2138 1680 mum
2165 1625 2383 1679 venisse
2431 1621 2604 1677 ποθιτί
2639 1619 2965 1690 scriptorem
2997 1615 3215 1687 dialogi,
3244 1617 3340 1686 qui
3370 1616 3425 1669 in
3453 1616 3575 1686 ipso

1990 1714 2434 1771 animadverterit
2472 1712 2819 1767 Theodorum
2850 1709 3142 1764 diaconum
3194 1706 3264 1760 ab
3312 1705 3577 1776 episcopo

1991 1822 2251 1879 quaerere,
2285 1823 2355 1861 an
2385 1805 2626 1859 Joannes
2662 1811 2912 1855 mortuus
2938 1800 3037 1866 sit;
3073 1797 3406 1869 respondere
3445 1811 3578 1852 vero

1992 1901 2308 1971 episcopum
2339 1917 2353 1952 :
2384 1895 2552 1960 Vixit,
2580 1892 2706 1963 quia
2728 1901 2978 1947 mortuus
3007 1900 3110 1945 est.
3136 1888 3278 1944 Sane
3293 1889 3577 1959 haudqua-

1991 2006 2155 2060 quam
2200 1985 2497 2044 verisimile
2537 1992 2639 2048 est,
2665 1981 3010 2037 celeberrimi
3054 1979 3323 2051 pontiﬁcis
3368 1979 3577 2036 obitum

1993 2094 2099 2138 tam
2129 2081 2220 2137 diu
2256 2081 2426 2134 latere
2453 2077 2693 2149 potuisse
2722 2073 3371 2138 Tbeodorum,Romanae
3388 2072 3579 2126 Eccle-

1992 2177 2085 2231 sia:
2115 2174 2426 2235 diaconum,
2445 2168 2531 2224 cui
2550 2168 2654 2222 alia
2674 2168 2929 2238 pleraque
2939 2167 3006 2222 de
3020 2166 3409 2237 Chrysostomo
3428 2178 3580 2217 com-

1991 2273 2143 2334 perta
2169 2269 2346 2316 erant.
2375 2258 2621 2322 Accedit,
2652 2256 2820 2328 quod,
2852 2271 2977 2311 cum
3020 2255 3258 2325 episcopi
3298 2253 3369 2308 ab
3412 2252 3582 2306 Inno-

1994 2354 2173 2409 centio
2200 2368 2339 2423 papa
2374 2348 2905 2420 Constantinopolim
2939 2346 3183 2410 missi,in
3220 2346 3417 2400 itinere
3440 2344 3583 2399 male

1996 2445 2199 2513 accepti
2218 2443 2464 2508 fuissent,
2496 2459 2623 2497 eum
2644 2441 2877 2497 maxime
2908 2439 3202 2495 sollicitum
3234 2439 3464 2495 reddere
3484 2438 3584 2515 de-

1995 2536 2197 2591 bebant
2224 2552 2311 2590 res
2325 2534 2651 2590 Orientales.
2679 2534 2849 2587 Porro
2871 2548 2901 2586 a
2925 2542 3099 2587 morte
3110 2532 3337 2587 Joannis
3355 2530 3423 2585 ad
3443 2545 3584 2600 pon-

1998 2628 2261 2683 tificatum
2290 2626 2490 2681 Zosimi
2525 2624 2654 2680 anni
2688 2624 2880 2680 decem
2908 2624 3079 2694 elapsi
3123 2632 3299 2678 erant.
3326 2621 3381 2677 Si
3417 2638 3581 2693 argu-

1994 2728 2242 2775 mentum
2272 2717 2715 2789 cltronologieum
2766 2716 3007 2787 pressius
3046 2730 3237 2787 urgere
3278 2729 3365 2769 me
3408 2714 3577 2777 sinas,

1996 2812 2197 2883 rogabo
2238 2820 2310 2875 te,
2345 2818 2406 2865 ut
2435 2810 2623 2865 oculos
2665 2807 2923 2878 conjicias
2954 2807 3008 2861 in
3044 2808 3158 2862 hanc
3188 2806 3353 2861 verba
3396 2806 3582 2859 Theo-

1994 2902 2135 2967 dori,
2170 2918 2291 2973 quae
2314 2901 2415 2956 sub
2442 2901 2605 2955 finem
2634 2899 2831 2969 dialogi
2853 2898 3028 2953 nostri
3057 2897 3246 2953 Greece
3285 2897 3581 2968 leguntur:

1996 2994 2193 3064 Scopas
2226 2996 2324 3048 iste
2357 2993 2612 3047 Romana:
2642 2991 2889 3046 Ecclesia:
2910 3000 3007 3056 est,
3047 3007 3317 3061 nunquam
3344 3005 3585 3043 conemu-

1998 3089 2176 3141 nicare
2222 3084 2580 3141 Orientalibus
2632 3084 2905 3153 episcopis,
2951 3084 3247 3152 prmsertim
3283 3083 3582 3152 Theophila.

1997 3180 2101 3248 Qui
2127 3182 2244 3236 haec
2278 3181 2441 3236 verba
2468 3179 2614 3251 legit,
2652 3194 2833 3233 nonne
2860 3179 3043 3234 statim
3086 3178 3459 3249 Theophilum
3500 3178 3587 3233 vi-

1998 3292 2128 3330 vum
2150 3274 2331 3329 adhuc
2359 3282 2415 3328 et
2443 3272 2745 3343 spirantem
2773 3270 2919 3326 videt
2948 3286 3014 3326 eo
3039 3280 3308 3341 tempore,
3334 3286 3442 3340 quo
3472 3270 3614 3349 hac”

1997 3369 2161 3423 verba
2198 3367 2509 3438 proferebat
2554 3364 2914 3419 Theodorus?
2964 3363 3332 3434 Theophilum
3374 3372 3586 3427 autem,

1995 3459 2424 3515 Alexandrinum
2473 3457 2810 3527 episcopum,
2834 3472 2981 3511 anno
3004 3456 3109 3511 412
3142 3464 3417 3510 mortuum
3444 3470 3589 3514 esse.

1996 3550 2138 3621 apud
2164 3565 2355 3604 omnes
2381 3556 2617 3604 constat.
2645 3547 2805 3615 Quod
2830 3547 2940 3602 dixi
2967 3546 3036 3603 de
3069 3546 3337 3617 prowmio
3369 3545 3587 3616 dialogi,

1998 3645 2225 3715 aliisque
2253 3659 2350 3713 per
2384 3641 2735 3696 Ambrosium
2772 3640 3117 3710 interpolatis
3143 3639 3303 3704 locis,
3334 3639 3389 3694 id
3424 3638 3590 3694 etiam

2000 3736 2267 3792 affirmare
2305 3735 2483 3790 ausim
2527 3734 2595 3789 de
2631 3732 2945 3788 nominibus
2990 3731 3227 3803 prepriis
3261 3746 3470 3795 eorum,
3496 3729 3589 3800 qui

2000 3829 2143 3884 inter
2166 3844 2225 3882 se
2249 3828 2534 3897 loquentes
2561 3826 2698 3881 inibi
2728 3825 3085 3880 inducuntur.
3116 3823 3249 3878 Nam
3276 3823 3369 3892 qui
3388 3823 3440 3876 in
3472 3837 3593 3876 ver-

1998 3922 2149 3977 sione
2180 3919 2537 3974 Ambrosiana
2568 3920 2828 3975 dicuntur
2859 3917 3130 3972 Palladius
3159 3926 3215 3971 et
3243 3916 3588 3978 Theodorus,

1998 4014 2053 4069 in
2086 4012 2272 4069 Graeco
2309 4012 2498 4068 codice
2528 4011 2773 4066 Medieeo
2798 4010 3440 4081 episeopusetdiaconus
3456 4009 3591 4063 sim-

1998 4107 2207 4178 pliciter
2235 4106 2608 4176 appellantur:
2643 4105 2809 4175 idque
2851 4104 2919 4159 ab
2966 4104 3263 4174 interprete
3298 4101 3590 4156 Ambrosio

2001 4204 2189 4251 contra
2219 4195 2380 4250 fidem
2423 4192 2799 4262 manuscripti,
2832 4200 2890 4246 ut
2921 4191 3107 4246 lectori
3142 4190 3475 4253 consuleret,
3503 4188 3588 4243 fa-

1998 4294 2147 4341 ctum
2176 4284 2343 4339 fuisse
2366 4285 2548 4337 nullus
2573 4283 2783 4336 dubito.
2825 4280 2967 4334 Sane
2999 4279 3258 4335 omnibus
3286 4280 3588 4334 contestari

1999 4389 2108 4428 non
2159 4388 2347 4428 verear
2390 4371 2691 4425 Mediceum
2751 4369 2999 4424 codicem
3041 4369 3315 4439 integrum
3366 4377 3592 4433 esse,et

1999 4465 2141 4521 bona
2175 4464 2300 4525 fide.
2327 4464 2404 4517 uti
2432 4463 2577 4533 jacet
2608 4461 2663 4515 in
2704 4463 3016 4533 archetypo,
3048 4477 3075 4514 a
3102 4477 3188 4516 me
3221 4469 3585 4529 repraesenta-

2002 4564 2141 4610 tum.
2170 4552 2228 4609 Si
2254 4554 2377 4623 quis
2409 4562 2655 4623 reponat,
2683 4553 2823 4607 hanc
2851 4553 3154 4607 versionem
3172 4550 3380 4615 Romze,
3411 4561 3469 4605 ut
3493 4568 3588 4606 su-

1999 4647 2185 4718 perius
2203 4646 2478 4708 notabam,
2497 4644 2814 4698 adornatam
2834 4658 2955 4697 esse
2982 4643 3051 4697 ab
3077 4642 3383 4706 Ambrosio,
3408 4657 3588 4711 neque

1998 4756 2030 4795 a
2062 4754 2193 4792 vero
2237 4737 2475 4791 alienum
2526 4735 2873 4797 videri,eum
2927 4734 3163 4804 quodam
3211 4734 3587 4806 manuscripto

2000 4831 2217 4895 codice,
2250 4829 2345 4899 qui
2376 4828 2565 4882 [lenne
2599 4836 2711 4881 tum
2742 4835 3001 4889 exstaret,
3036 4840 3199 4880 usum
3240 4826 3445 4882 fuisse:
3496 4842 3588 4882 re-

2004 4923 2304 4996 spondebo,
2336 4920 2599 4992 probabili
2629 4934 2781 4989 teque
2811 4929 3135 4991 argumento
3152 4920 3254 4976 dici
3269 4937 3430 4991 posse
3456 4921 3589 4975 Am-

2003 5015 2241 5071 brosium
2273 5022 2366 5067 aut
2407 5010 2608 5067 codicis
2632 5008 2933 5065 Florentini
2962 5026 3060 5066 seu
3084 5011 3305 5066 Medicei
3330 5012 3588 5082 priusha-

2005 5108 2191 5163 buisse
2223 5105 2451 5175 copiam,
2494 5112 2589 5157 aut
2629 5102 2875 5159 codicem
2933 5104 3108 5174 ipsum
3158 5103 3347 5159 Romae
3388 5102 3589 5159 Cosme

2002 5199 2195 5269 Magno
2228 5211 2597 5266 comparasse,
2632 5195 2686 5249 in
2718 5197 2876 5266 cujus
2915 5197 3299 5253 bibliothecam
3343 5198 3586 5253 codicem

2002 5291 2141 5346 facta
2173 5290 2422 5345 versione
2454 5288 2815 5344 transtulerit.
2842 5288 3124 5344 Ambrosii
3160 5290 3310 5345 enim
3348 5291 3494 5346 curis
3522 5305 3588 5345 ac

2002 5381 2294 5453 diligentia:
2329 5380 2731 5436 institutionem
2767 5379 3026 5435 Mediceze
3054 5381 3403 5437 Bibliotheca
3428 5397 3586 5436 acce-

2004 5483 2151 5545 ptam
2187 5472 2378 5528 referri
2408 5472 2625 5534 debere,
2657 5486 2841 5536 nemo,
2896 5473 2991 5542 qui
3024 5472 3145 5542 ejus
3187 5474 3352 5529 vitam
3383 5481 3435 5528 et
3466 5474 3587 5543 epi-

2005 5569 2169 5623 stolas
2193 5568 2398 5639 legerit,
2436 5564 2768 5621 diliitebitur.
2799 5564 2925 5619 llaec
2951 5565 3020 5620 de
3054 5566 3241 5621 codice
3274 5567 3419 5621 dicta
3452 5581 3589 5621 sun-

2006 5668 2062 5713 to
2095 5678 2109 5713 :
2145 5676 2295 5713 nunc
2316 5659 2383 5713 de
2416 5665 2637 5711 auctore
2667 5654 2863 5725 dialogi
2905 5655 3201 5710 videamus.

2086 5859 2104 5892 ι
2146 5838 2400 5909 Dialogus
2427 5838 2496 5893 de
2521 5837 2642 5893 Vita
2657 5837 2883 5893 Joannis
2910 5838 3283 5909 Cltrysostomi
3311 5841 3453 5895 inter
3468 5839 3587 5911 epi-

2004 5947 2233 6002 scopum
2264 5941 2319 5986 et
2348 5931 2693 5986 Theodorum
2718 5929 2975 5986 Romana:
3009 5931 3269 5988 Ecclesia:
3298 5934 3588 5989 diaconum

2005 6024 2225 6080 habitus
2252 6032 2335 6077 est
2360 6023 2566 6087 Romaz,
2586 6038 2768 6077 coram
2803 6024 2991 6081 multis
3014 6032 3069 6080 et
3098 6041 3196 6096 per
3228 6026 3412 6095 plures
3441 6026 3584 6083 dies.

2012 6118 2166 6173 l-lunc
2197 6116 2513 6188 episcopum
2540 6123 2793 6172 vocatum
2825 6114 2992 6174 fuisse
3014 6116 3327 6181 Palladium.
3360 6127 3417 6176 et
3445 6134 3590 6192 prae-
