4466 6732
857 578 958 619 κεν

859 681 1026 736 fuisse
1058 678 1315 734 Ecclesia:
1353 677 1834 745 llelenopolitanm.
1879 676 2039 729 ﬁdem
2086 674 2288 729 faciunt
2324 676 2438 727 hau-

857 771 998 825 tituli
1016 771 1201 833 verba,
1227 769 1477 839 Dialogus
1492 768 1730 821 Palladii
1750 768 1973 834 episcopi
1993 767 2438 837 Helenopolitaui,

858 866 1049 920 eadem
1072 864 1126 918 in
1152 864 1257 917 line
1280 861 1443 917 libelli
1464 862 1713 932 repetita.
1740 860 1894 930 Apud
1920 859 2184 915 Savilium
2210 862 2438 915 habetur

860 957 1121 1011 elencbus
1145 965 1460 1020 auctorum,
1488 956 1580 1026 qui
1611 954 1812 1025 aliquid
1853 954 1920 1007 de
1952 952 2165 1008 Joanne
2203 954 2438 1025 Chryso-

862 1057 1037 1103 stomo
1070 1048 1427 1118 scripserunt.
1462 1048 1589 1102 Fuit
1618 1057 1801 1101 autem
1831 1054 2120 1116 excerptas
2150 1048 2350 1102 Patavii
2374 1062 2437 1098 ex

861 1141 1049 1196 codice
1083 1142 1456 1197 vetustissimo
1490 1140 1769 1194 Michaelis
1813 1139 2098 1210 Sophiani,
2129 1150 2185 1194 et
2209 1138 2439 1211 prietigi-

859 1243 952 1289 tur
977 1236 1121 1305 apud
1174 1236 1420 1290 eumdem
1465 1234 1723 1287 Savilium
1754 1233 1890 1289 Vita:
1912 1232 1969 1288 S.
2002 1233 2229 1288 Joannis
2263 1234 2439 1302 Chry-

862 1326 1109 1387 sostomi,
1138 1326 1350 1394 scripta:
1389 1325 1456 1379 ab
1488 1334 1711 1379 auctore
1745 1326 1981 1395 quodam
2019 1340 2313 1395 anonymo,
2349 1322 2439 1392 qui

863 1432 924 1471 se
964 1433 1084 1471 eam
1126 1416 1486 1470 concinnasse
1515 1417 1645 1471 dicit
1673 1432 1739 1471 ex
1782 1417 2037 1470 omnibus
2077 1418 2167 1484 qui
2211 1417 2265 1469 in
2297 1416 2441 1468 dicto

863 1507 1093 1562 elencbo
1127 1508 1479 1562 nominantur
1512 1508 1885 1577 scriptoribus.
1925 1508 2034 1560 llos
2069 1509 2211 1560 inter
2256 1507 2442 1561 Glmce

863 1599 1061 1671 legitur
1083 1600 1360 1655 Palladius
1401 1600 1670 1669 episcopus
1713 1598 2103 1669 llelenopoleos.
2156 1598 2438 1668 Georgius,

864 1692 1261 1747 Alexandrinus
1303 1693 1634 1762 patriarcha,
1675 1693 1766 1763 qui
1796 1693 1963 1747 multa
1993 1709 2056 1747 ex
2087 1693 2192 1747 hoc
2231 1693 2443 1763 dialogo

862 1784 916 1838 in
944 1783 1119 1838 Vitam
1149 1783 1375 1840 Joannis
1403 1786 1770 1859 Chrysostomi
1802 1804 1832 1841 a
1865 1804 1924 1843 se
1955 1788 2210 1857 scriptam
2259 1797 2442 1841 trans-

862 1872 1022 1934 tulit,
1072 1888 1135 1927 ea
1175 1874 1357 1929 omnia
1403 1884 1622 1944 accepta
1663 1874 1829 1929 refert
1868 1876 2105 1931 Palladio
2138 1877 2395 1946 episeopo
2432 1892 2441 1899 ·

861 1978 985 2032 qua:
1019 1966 1209 2020 eadem
1243 1966 1423 2019 omnia
1450 1966 1503 2019 in
1529 1966 1633 2021 hoc
1660 1966 1872 2038 dialogo
1907 1968 2107 2039 scripta
2131 1970 2387 2038 leguntur
2416 1988 2427 2021 :

862 2054 1117 2117 Qua'dam
1134 2073 1307 2109 eorum
1329 2072 1392 2110 ea:
1411 2056 1621 2128 dialogo
1641 2058 1877 2111 Palladii
1899 2060 2124 2128 episcopi
2145 2078 2261 2113 cum
2286 2061 2446 2112 Theo-

860 2150 1009 2211 doro,
1047 2146 1299 2201 Romana:
1329 2148 1573 2203 Ecclesia:
1603 2152 1844 2213 diacono,
1864 2152 2153 2203 hausimus.
2182 2150 2277 2202 Ille
2307 2160 2441 2201 tem-

863 2240 1074 2306 poribus
1107 2241 1221 2294 istis
1260 2241 1387 2294 vixit
1421 2240 1887 2308 Constantinopoli,
1921 2252 1969 2294 et
2010 2243 2246 2312 interfuit
2274 2243 2444 2295 omni-

863 2333 956 2383 bus
986 2344 1102 2395 ante
1123 2340 1242 2381 acta
1266 2339 1386 2381 sunt
1412 2345 1430 2382 :
1456 2338 1634 2396 postea
1664 2346 1782 2382 t'ero
1811 2330 1935 2383 urbe
1954 2340 2113 2401 atque
2143 2332 2445 2401 episcopatu

859 2437 955 2473 suo
983 2421 1220 2485 decessit,
1253 2421 1591 2474 abominatus
1621 2423 2039 2476 communionem
2075 2439 2193 2475 cum
2246 2423 2330 2485 iis,
2356 2424 2445 2492 qui

862 2512 1087 2566 insidias
1125 2522 1431 2567 struxerant
1461 2513 1712 2566 adversus
1739 2514 1947 2567 beatum
1984 2513 2260 2577 Joannem,
2288 2524 2447 2583 atque

860 2615 1045 2658 contra
1088 2604 1280 2675 ipsum,
1307 2605 1414 2659 into
1438 2616 1617 2659 contra
1648 2623 1745 2660 sua
1786 2608 1962 2673 capita
1989 2609 2276 2661 sententias
2308 2610 2446 2662 tule-

859 2707 1006 2759 rant,
1060 2695 1205 2749 nulla
1262 2712 1522 2749 canonum
1576 2696 1755 2750 habita
1806 2699 2026 2750 ratione.
2079 2697 2441 2767 [‘holius,qut

860 2787 1005 2842 hanc
1051 2787 1223 2841 sancti
1266 2787 1492 2843 Joannis
1519 2786 1806 2859 aGcorgio
1859 2788 2211 2858 compositam
2266 2788 2440 2843 Vitam

862 2878 1009 2949 legit,
1032 2888 1087 2933 et
1116 2894 1182 2933 ex
1214 2894 1278 2933 ea
1308 2880 1554 2949 qua-dam
1584 2880 1636 2933 in
1667 2896 1763 2934 sua
1803 2880 2124 2934 Bibliotheca
2168 2881 2327 2934 nobis
2357 2896 2442 2935 re-

861 2969 1043 3040 liquit,
1068 2970 1187 3027 haec
1216 2971 1403 3025 Gnecc
1427 2971 1587 3025 habet
1620 2988 1633 3025 :
1663 2970 1838 3041 Refert
1881 2974 2123 3042 qua'dam
2160 2989 2224 3025 ex
2252 2972 2443 3025 Palla-

859 3061 985 3115 dio:
1013 3062 1286 3117 Palladius
1325 3063 1410 3117 ille
1458 3065 1728 3132 episcopus
1780 3064 1899 3133 fuit,
1947 3074 1992 3116 et
2039 3064 2235 3134 dialogi
2275 3065 2444 3133 forma

860 3154 1078 3222 pulchre
1099 3164 1147 3208 et
1172 3155 1403 3208 studiose
1432 3172 1511 3208 res
1534 3154 1887 3225 Chrysostomi
1912 3155 2240 3224 conscripsit.
2262 3154 2446 3208 Theo—

862 3247 1047 3311 dorus,
1090 3245 1482 3302 Trimitlmntis
1510 3247 1563 3299 in
1589 3245 1767 3316 Cypro
1802 3246 1975 3299 insula
2007 3246 2315 3316 episcopus,
2354 3245 2444 3315 qui

860 3337 1047 3393 Cra-ce
1075 3339 1296 3407 scripsit
1323 3338 1594 3392 homiliam
1622 3338 1695 3391 De
1714 3339 1818 3392 vita
1845 3348 1891 3390 et
1920 3339 2121 3400 exsilio,
2157 3355 2359 3391 necnon
2380 3339 2444 3391 de

863 3430 1292 3483 tribulationibus
1320 3431 1609 3483 beatissimi
1638 3430 1859 3483 Joannis
1888 3428 2242 3501 Chrysostomi
2268 3432 2445 3484 archi-

863 3521 1093 3590 episcopi
1114 3521 1703 3588 Constantinopolitani,
1730 3524 1797 3576 de
1817 3524 1985 3576 nostri
2010 3533 2230 3577 auctore
2248 3522 2445 3592 dialogi

863 3612 979 3666 haec
1001 3612 1163 3666 habet
1187 3629 1200 3665 :
1222 3611 1440 3665 Disserit
1472 3614 1533 3665 de
1552 3612 1757 3667 Joanne
1786 3616 1915 3667 etde
1937 3614 2176 3668 omnibus
2200 3630 2315 3683 qua:
2348 3614 2447 3684 ipsi

862 3701 1194 3764 acciderunt,
1212 3717 1326 3753 cum
1348 3700 1841 3772 Theodoro,magntc
1858 3703 1996 3757 urbis
2014 3703 2191 3758 Roma,
2203 3707 2443 3770 diacono,

862 3794 943 3845 vir
957 3793 1172 3863 quidam
1188 3796 1527 3857 venerandus,
1555 3793 1830 3847 Palladius
1848 3796 2075 3849 nomine.
2100 3797 2195 3851 Ille
2213 3798 2441 3863 primunt

862 3884 1054 3936 multos
1080 3900 1246 3937 annos
1268 3901 1500 3938 erentum
1516 3886 1754 3951 incoluit,
1774 3888 1961 3941 deinde
1994 3891 2065 3941 ad
2080 3891 2444 3959 episcopatum

863 3976 919 4027 in
955 3975 1201 4045 Bithynia
1234 3988 1502 4045 promotus
1542 3981 1662 4049 fuit,
1696 3992 1742 4033 et
1770 3982 1977 4049 scripsit
2007 3983 2225 4035 virtutes
2260 3983 2449 4035 inulto-

864 4082 983 4118 rum
1016 4065 1257 4120 Patrum.
1284 4068 1429 4122 Idem
1465 4070 1575 4138 ipse
1622 4073 2025 4125 communicarit
2066 4089 2182 4125 cum
2220 4073 2443 4139 Joanne,

866 4168 916 4211 et
966 4160 1020 4211 in
1073 4161 1292 4214 obscura
1356 4164 1675 4217 domuncula
1724 4166 1963 4218 undecim
2023 4182 2220 4219 menses
2264 4166 2440 4220 latuit.

863 4250 943 4305 Ex
997 4252 1081 4307 his
1128 4253 1376 4325 colligere
1426 4255 1551 4311 licet
1580 4257 1915 4326 epise0pum.
1952 4269 2232 4313 auctorem
2284 4260 2444 4327 hujus

865 4344 1097 4415 dialogi,
1150 4347 1487 4401 nominatum
1567 4348 1736 4404 fuisse
1798 4349 2091 4403 Palladium
2150 4367 2178 4403 a
2215 4350 2445 4421 Georgio

864 4436 1232 4491 Alexandrino
1262 4448 1425 4508 atque
1456 4454 1485 4492 a
1515 4439 1730 4493 Photio.
1758 4441 1917 4493 Addit
1955 4441 2294 4503 Theodorus,
2322 4441 2445 4494 'l‘ri—

864 4529 1157 4584 mithuntis
1186 4534 1494 4599 episcopus,
1524 4546 1648 4585 eum
1682 4531 1733 4584 in
1758 4530 2003 4601 Bithynia
2024 4533 2284 4587 dintatum
2328 4534 2450 4603 epi-

865 4628 1113 4689 scopatu.
1145 4619 1303 4675 Solus
1329 4623 1519 4676 titulus
1570 4622 1775 4677 codicis
1808 4622 1978 4678 Grceci
2032 4623 2249 4693 dialogi,
2280 4634 2335 4677 et
2372 4624 2447 4676 in-

866 4708 1079 4764 diculus
1103 4710 1193 4779 qui
1229 4721 1408 4765 exstat
1446 4712 1585 4780 apud
1626 4710 1908 4778 Savilium,
1949 4715 2099 4769 hunc
2130 4714 2445 4785 episcopum

867 4800 1039 4857 fuisse
1091 4801 1600 4872 llclenopolitanum
1645 4812 1932 4859 testantur.

941 4963 1057 5017 lloe
1074 4978 1237 5033 porro
1258 4965 1795 5021 animadvertendum
1814 4976 1918 5030 est,
1948 4968 2001 5021 in
2018 4968 2207 5022 codice
2222 4967 2451 5022 Floren-

870 5054 986 5109 tino
1000 5058 1105 5123 (est
1136 5065 1318 5109 autem
1337 5065 1717 5109 sescentorum
1739 5057 2027 5126 annorum)
2058 5056 2245 5112 Graece
2276 5057 2449 5111 ascri-

868 5154 1022 5215 ptum
1056 5145 1242 5199 haberi
1268 5145 1320 5199 in
1340 5146 1600 5217 margine,
1619 5148 1673 5199 in
1687 5147 1809 5201 aliis
1825 5149 2091 5213 scribitur,
2107 5150 2393 5217 Asponum,
2418 5164 2449 5203 e

867 5253 1090 5308 regione
1123 5240 1266 5292 vocis
1291 5238 1693 5307 llelenopoleos:
1719 5254 1845 5309 qua:
1862 5241 2064 5294 notatio
2084 5242 2285 5295 indicat
2304 5241 2450 5295 hunc

872 5331 1045 5399 ipsum
1074 5331 1492 5401 Palladium,qui
1514 5333 1711 5387 dicitur
1744 5333 2248 5403 Helenopolitanus,
2283 5334 2450 5387 etiam

869 5422 1074 5476 dictum
1125 5421 1293 5477 fuisse
1332 5424 1399 5478 ab
1433 5425 1553 5479 aliis
1580 5424 1893 5495 episcopum
1927 5426 2322 5495 Asponenscm.
2354 5427 2452 5481 llis

872 5516 1156 5585 astipulari
1194 5517 1409 5573 videtur
1444 5517 1713 5584 Socrates,
1744 5520 1834 5591 qui
1879 5520 2016 5575 libro
2045 5523 2294 5590 septimo,
2326 5538 2445 5591 cap.

869 5608 939 5663 26
972 5611 1221 5665 Historia:
1248 5611 1638 5677 ecclesiastictv,
1677 5612 1730 5665 in
1765 5613 2010 5683 catalogo
2046 5614 2445 5683 episcoporum,

868 5700 959 5769 qui
978 5701 1047 5755 ab
1068 5718 1174 5755 uno
1196 5704 1510 5775 episcopatu
1526 5705 1592 5760 ad
1620 5706 1783 5759 alium
1814 5708 2056 5761 translati
2079 5707 2322 5773 luerunt,
2341 5709 2445 5762 ait:

870 5793 1150 5850 Palladius
1177 5797 1241 5849 ab
1270 5797 1574 5867 Ilelenopoli
1599 5798 1863 5868 Asponam
1887 5800 2175 5853 translatus
2211 5810 2317 5854 est:
2338 5800 2453 5853 Ale-

867 5890 1070 5945 :rander
1085 5891 1150 5944 ab
1164 5890 1465 5959 Helenopoli
1486 5893 1563 5947 Ad
1569 5893 1644 5945 ria
1655 5908 1745 5945 nos
1763 5895 1987 5946 transiit.
2010 5893 2355 5964 llelenOpolis
2367 5902 2448 5948 est

872 5982 926 6035 in
958 5984 1223 6056 Bithynia,
1256 5983 1491 6053 Asponia
1528 6002 1655 6041 vero
1684 5986 1737 6039 in
1763 5986 1959 6042 Galatia
1996 5987 2189 6057 prima.
2211 5989 2309 6043 sub
2331 5987 2443 6042 An~

1715 560 1830 614 tsi.
1874 557 2121 612 ctuo'tn
2165 546 2536 610 l’lt.’.‘.i-'.\’l‘l0
2576 555 2649 607 IN
2696 555 3106 616 υςυλιλιιίιλῖ.

4007 593 4027 629 )
4042 591 4129 630 αι

2545 688 2667 739 cyrn
2700 676 3008 741 metropoli.
3048 677 3174 729 liihi
3217 690 3395 731 autem
3421 678 3707 731 admodum
3750 690 4023 749 probabile
4045 691 4130 745 vl-

2545 764 2723 825 detur,
2751 775 3025 816 auctorem
3073 766 3235 834 hujus
3274 769 3466 841 dialogi
3500 790 3694 827 ninnen
3744 790 3901 827 suum
3946 781 4128 838 dedita

2548 864 2711 916 opera
2742 852 3020 905 reticuisse
3042 894 3054 916 ,
3084 869 3260 922 neque
3292 864 3605 930 ascripsisse
3633 864 3792 917 fronti
3821 869 4133 933 operis,ant

2550 945 2875 997 narrationis
2892 947 3103 1014 corpori
3126 946 3424 1005 inseruisse
3450 973 3460 1005 :
3493 957 3592 1008 hoc
3624 957 3793 1011 solum
3823 957 3889 1011 de
3916 973 3975 1011 se
3998 962 4127 1015 sciri

2550 1035 2741 1097 voluit,
2758 1038 2901 1104 quod
2918 1040 3203 1107 episcopus
3225 1039 3387 1093 fuerit
3411 1059 3615 1113 magiae
3644 1049 3957 1113 civitatis,et
3983 1053 4127 1118 quod

2552 1124 2694 1178 lauta
2720 1138 2881 1195 atque
2903 1131 3120 1199 opipara
3148 1131 3390 1184 comitia
3409 1133 3697 1203 aliquando
3721 1141 4051 1205 instruxerit,
4068 1154 4125 1195 ut

2551 1216 2666 1284 ipse
2699 1218 2899 1271 fatetur
2923 1221 2974 1272 in
3010 1220 3284 1292 Apologia,
3313 1240 3472 1292 quam
3506 1229 3740 1297 scripsit,
3767 1250 3865 1287 cur
3892 1234 4129 1288 Joannes

2547 1318 2733 1360 uester
2764 1310 2911 1363 solus
2942 1314 3270 1367 eonrcdcret.
3312 1317 3607 1370 Diaconum
3644 1333 3830 1378 contra
3877 1328 3955 1381 bis
3982 1337 4129 1382 terve

2549 1399 2727 1467 ipsum
2747 1399 3093 1455 Theodorum
3114 1405 3365 1459 vocitarit
3387 1426 3399 1471 ;
3424 1408 3640 1462 Palladii
3671 1428 3871 1468 nomen
3889 1418 4127 1472 additum

2548 1491 2743 1545 deinde
2776 1491 2870 1545 fuit
2898 1510 2996 1556 ;ac
3031 1497 3245 1549 tandem
3259 1497 3610 1553 Palladiusah
3633 1504 3904 1572 aliquibus
3927 1509 4129 1577 episco-

2549 1597 2650 1650 pus
2686 1582 3185 1654 Helenopolitanus,
3224 1588 3290 1641 ali
3320 1588 3438 1642 aliis
3468 1591 3755 1660 episcopus
3792 1597 4131 1665 Asponensis

2550 1675 2887 1741 nominatur,
2920 1678 2988 1731 ab
3022 1679 3143 1732 aliis
3173 1689 3354 1734 autem
3388 1683 3626 1736 creditus
3654 1694 3738 1738 est
3764 1689 4051 1758 episcopus
4075 1692 4131 1744 in

2551 1762 2830 1835 Bithynia,
2858 1777 2913 1821 et
2943 1769 3082 1821 idem
3107 1779 3296 1824 auctor
3316 1772 3558 1827 llistorite
3587 1777 3865 1830 eremitica:
3890 1781 3961 1832 ad
3984 1781 4132 1833 Lau-

2550 1873 2686 1919 sum,
2725 1875 2844 1927 qua:
2874 1862 3031 1931 vulgo
3064 1863 3325 1917 Lausiaca
3356 1866 3574 1920 dicitur.
3609 1866 3724 1933 Qua
3770 1869 3823 1922 in
3859 1873 4132 1927 sententia

2552 1948 2718 2003 fuisse
2731 1950 3094 2011 Theodorum,
3117 1951 3603 2011 Trimitlntntinum
3622 1961 3955 2032 episcopum,
3979 1976 4133 2021 certo

2550 2044 2833 2096 atlirmabit
2862 2044 2951 2112 qui
2988 2045 3353 2100 observaverit
3381 2051 3571 2103 eadem
3600 2053 3667 2107 dc
3710 2066 3930 2111 auctore
3970 2059 4134 2129 hujus

2548 2134 2740 2202 dialogi
2774 2135 3038 2197 scribere,
3070 2152 3191 2204 quae
3238 2138 3305 2191 de
3349 2154 3406 2192 se
3453 2142 3641 2195 scribit
3674 2156 3862 2200 auctor
3891 2149 4135 2205 Historia.-

2547 2222 2857 2277 Lausiacw:
2881 2225 3080 2279 Relicta
3112 2228 3425 2296 Polwstina,
3457 2234 3641 2300 repetii
3670 2234 3972 2305 Bithyniam
4002 2252 4050 2294 et
4077 2244 4134 2296 in

2549 2332 2632 2378 ea,
2656 2332 2757 2369 non
2786 2334 2993 2387 possum
3012 2321 3180 2374 dicere
3211 2325 3467 2391 quomodo
3497 2326 3550 2378 id
3581 2328 3778 2397 factum
3798 2331 3884 2391 sit,
3906 2331 4011 2385 sive
4034 2335 4134 2385 ho-

2552 2406 2753 2458 minum
2787 2408 2993 2473 studiis,
3015 2409 3121 2462 sive
3148 2409 3242 2463 Dei
3266 2410 3686 2480 bene/icio,solus
3716 2415 3769 2467 id
3801 2416 3941 2469 novit
3970 2417 4129 2481 Deus,

2550 2498 2737 2568 dignus
2768 2500 2977 2554 habitus
3001 2518 3118 2555 sum
3144 2504 3473 2558 ordinatione
3495 2523 3611 2576 quae
3643 2508 3775 2561 vires
3808 2526 3950 2563 meas
3974 2527 4133 2578 supe-

2550 2600 2656 2651 rat,
2676 2601 2725 2643 et
2754 2594 3015 2661 particeps
3044 2596 3122 2663 fui
3148 2598 3519 2663 persecutionis
3548 2599 3687 2652 beati
3713 2599 3950 2661 Joannis.
3974 2614 4133 2673 atque

2552 2683 2789 2735 undecim
2812 2700 3009 2737 menses
3038 2687 3090 2737 in
3110 2688 3328 2740 obscura
3352 2688 3479 2741 cella
3503 2688 3930 2761 latui.Agnoscis
3960 2693 4134 2746 l’alla-

2548 2772 2719 2836 dium,
2760 2775 3269 2846 llclenopolitanum
3298 2781 3634 2851 episcopum,
3662 2785 3754 2853 qui
3806 2796 3928 2855 post
3971 2787 4131 2857 Euly-

2550 2864 2691 2918 sium
2717 2875 2771 2919 et
2798 2866 3129 2923 Demetrium
3157 2871 3464 2941 episcopos,
3484 2873 3709 2928 Romam
3727 2877 3925 2931 missus
3948 2877 4129 2931 fuitad

2550 2954 2927 3010 Innocentium
2980 2974 3207 3029 papam;
3236 2962 3435 3031 quique
3470 2973 3655 3031 postea
3713 2966 3971 3019 remissus
4004 2983 4130 3021 cum

2552 3046 2761 3100 Latinis
2789 3050 3062 3118 episcopis
3090 3050 3298 3106 litteras
3313 3053 3536 3108 Honorii
3568 3055 3909 3125 imperatoris
3936 3061 4001 3113 ad
4024 3060 4129 3112 Ar-

2551 3137 2765 3192 cadium
2810 3139 3179 3197 deferentibus
3199 3186 3212 3207 ,
3244 3144 3299 3197 in
3330 3161 3601 3201 carcerem
3633 3151 3911 3219 eorijeetus
3936 3162 4037 3215 est.
4072 3168 4129 3211 ut

2552 3229 2870 3297 perhibetur
2910 3232 2964 3285 in
2993 3233 3225 3305 dialogo.
3260 3236 3317 3290 Si
3362 3237 3432 3290 ita
3465 3255 3522 3293 se
3553 3257 3637 3297 res
3669 3243 3907 3305 haberet.
3939 3248 4128 3302 dicen-

2549 3317 2678 3371 dmn
2702 3330 2867 3383 esset,
2897 3324 3148 3376 eumdem
3178 3342 3297 3379 esse
3330 3328 3933 3395 I’alladium,auctorem
3970 3338 4131 3407 hujus

2549 3407 2766 3479 dialogi,
2781 3425 2843 3463 ae
2864 3410 3160 3467 Palladium
3179 3416 3268 3484 qui
3290 3417 3514 3473 Romam
3541 3438 3570 3475 a
3592 3422 3798 3479 Joanne
3818 3424 4132 3483 Constanti-

2551 3500 2867 3569 nopolitano
2906 3503 3105 3560 missus
3133 3506 3252 3571 fuit,
3285 3519 3341 3563 et
3366 3513 3457 3581 qui
3490 3513 3781 3569 Historiam
3809 3521 4130 3574 eremiticam

2552 3591 2623 3642 ad
2652 3591 2885 3645 Lausum
2916 3595 3129 3663 scripsit
3157 3615 3168 3650 :
3202 3600 3347 3666 quod
3390 3601 3550 3656 simul
3587 3614 3729 3659 stare
3771 3609 3993 3662 omnino
4022 3626 4133 3664 non

2550 3690 2746 3751 potest.
2766 3684 2896 3737 Nam
2915 3697 3105 3741 auctor
3122 3689 3284 3759 lmjus
3300 3693 3513 3765 dialogi,
3529 3698 3898 3768 cujuscunque
3916 3703 4130 3756 tandem

2549 3773 2783 3827 civitatis
2815 3778 3107 3849 episcopus
3139 3781 3613 3854 fuerit,aliquanto
3642 3798 3762 3857 post
3804 3800 4046 3861 tempore
4072 3809 4131 3847 se

2552 3865 2787 3933 primum
2810 3868 3036 3923 llotnam
3068 3874 3284 3928 venisse
3305 3876 3401 3936 ait.
3420 3893 3582 3947 quam
3601 3892 3826 3935 venerat
3840 3882 4125 3949 Palladius,

2550 3957 2837 4027 episcopus
2854 3961 3334 4032 Helenopolitanus
3350 3984 3363 4032 ;
3382 3984 3542 4038 quem
3562 3978 3804 4041 tempore
3830 3974 4129 4030 Innocentii

2551 4048 2776 4102 Romam
2798 4053 3031 4119 venisse,
3048 4055 3161 4123 ipse
3186 4057 3393 4122 scribit,
3420 4072 3709 4129 antequam
3724 4064 4017 4119 haberetur
4043 4069 4131 4122 hic

2550 4140 2810 4211 dialogus.
2832 4142 3097 4198 Praaterea
3128 4161 3253 4199 eum
3280 4149 3459 4204 adhuc
3486 4154 3629 4221 apud
3655 4154 3955 4227 Blemmyas
3987 4158 4129 4213 deti~

2549 4234 2664 4286 neri
2689 4235 2876 4289 scribit
2906 4252 2972 4289 eo
2995 4236 3111 4308 ipso
3136 4248 3397 4310 tempore,
3430 4259 3538 4312 quo
3568 4245 3709 4301 hanc
3725 4246 3954 4315 διάλεξιν
3982 4251 4130 4305 insti-

2552 4321 2737 4375 tuebat
2765 4338 2889 4377 cum
2918 4323 3206 4382 Theodoro
3242 4348 3255 4383 :
3287 4345 3407 4399 qua:
3432 4332 3573 4388 inter
3598 4350 3655 4389 se
3685 4338 3956 4392 conciliari
3979 4341 4128 4394 nullo

2550 4416 2710 4469 modo
2751 4427 2999 4485 possunt.
3040 4418 3267 4475 Demum
3300 4422 3536 4479 Historia
3568 4426 3831 4481 Lausiaca
3881 4431 4009 4484 mihi
4044 4433 4129 4486 vi-

2550 4504 2708 4559 detur
2733 4507 2934 4577 scripta
2962 4510 3106 4565 circa
3132 4527 3335 4566 annum
3353 4515 3449 4569 421
3476 4532 3615 4585 :quo
3640 4532 3783 4573 anno
3811 4528 4000 4575 auctor
4022 4522 4129 4576 bu-

2545 4598 2636 4667 jus
2654 4599 2893 4654 historia:
2923 4611 3111 4655 natum
3138 4618 3196 4656 se
3226 4620 3346 4658 esse
3378 4622 3550 4661 annos
3577 4610 3959 4684 quinquaginta
3995 4624 4125 4681 tres,

2549 4698 2642 4743 eta
2658 4691 2843 4761 viginti
2862 4694 3022 4746 annis
3040 4694 3094 4746 in
3123 4693 3372 4765 Bithynia
3396 4699 3708 4770 episcopatu
3735 4719 3853 4759 esse
3876 4714 4125 4762 testatur.

2548 4782 2667 4837 Jam
2704 4784 2748 4837 si
2782 4784 3039 4839 detrahas
3076 4800 3141 4839 ex
3186 4790 3342 4843 annis
3371 4791 3467 4845 421
3502 4808 3673 4849 annos
3696 4801 4124 4865 quatuordecim,

2552 4888 2696 4926 anno
2742 4875 2865 4939 407,
2901 4892 3008 4945 quo
3038 4886 3285 4934 mortuus
3330 4891 3413 4937 est
3442 4881 3884 4955 Chrysostomus,
3921 4905 4129 4945 annum

2553 4974 2684 5019 tunc
2711 4966 2901 5036 agebat
2930 4968 3198 5025 Palladius
3226 4973 3563 5044 trigesimum
3595 4992 3819 5032 nonum.
3837 4980 4005 5050 Igitur
4028 5000 4129 5037 re-

2552 5057 2774 5112 risimile
2809 5069 2891 5114 est
2934 5076 2997 5114 ex
3049 5064 3301 5132 superius
3341 5065 3549 5130 allatis,
3581 5068 3853 5141 dialogum
3883 5074 4131 5128 habitum

2552 5147 2717 5203 fuisse
2738 5150 2898 5219 paulo
2924 5161 3049 5221 post
3072 5162 3302 5207 mortem
3320 5153 3543 5210 Joannis
3567 5157 3951 5231 Cbrysostomi,
3981 5165 4127 5217 circa

2551 5257 2753 5296 annum
2799 5243 2925 5307 408,
2971 5259 3081 5313 quo
3126 5260 3272 5299 anno
3319 5246 3605 5316 Palladius,
3642 5263 3833 5309 auctor
3878 5256 4125 5310 Historia

2556 5336 3024 5399 l.ausiaca:,natus
3055 5347 3167 5392 erat
3200 5354 3371 5394 annos
3400 5342 3931 5414 quadraginta:quod
3958 5349 4124 5400 omni.

2553 5441 2623 5478 no
2668 5427 3134 5483 animadversione
3185 5429 3408 5500 dignum
3456 5441 3604 5502 puto,
3636 5437 3761 5505 quia
3811 5436 4125 5492 Theodorus

2554 5532 2694 5587 saepe
2723 5520 3012 5589 compellat
3041 5521 3334 5589 episcopum
3377 5534 3651 5580 auctorem
3683 5526 3879 5596 dialogi
3906 5568 3918 5589 ,
3958 5529 4121 5584 veluti

2553 5626 2758 5678 senem,
2778 5628 3013 5683 eumque
3039 5628 3136 5682 per
3150 5629 3312 5670 canos
3329 5618 3449 5686 ejus
3472 5618 3701 5686 adjurat,
3723 5627 3780 5671 ut
3808 5634 3991 5673 verum
4022 5621 4121 5691 ipsi

2554 5715 2732 5761 narret
2763 5725 2775 5759 :
2806 5722 2927 5776 quae
2958 5707 3297 5775 compellatio
3332 5710 3525 5764 cadere
3554 5709 3638 5762 vix
3669 5719 3843 5779 potest
3872 5711 3922 5763 in
3948 5712 4118 5766 virum

2551 5814 2815 5853 annorum
2852 5799 3219 5869 quadraginta.

2621 5890 2675 5946 Si
2739 5891 3063 5945 sententiam
3129 5893 3228 5947 hac
3294 5893 3360 5947 (lc
3418 5909 3476 5946 rc
3542 5907 3715 5946 meam
3778 5893 4121 5964 interponere

2552 5986 2638 6041 hic
2678 5986 2880 6043 liceret.
2922 5986 3048 6041 illud
3099 5998 3308 6041 tantum
3350 5987 3416 6040 de
3444 5996 3659 6041 auctore
3702 5987 3860 6058 hujus
3906 5982 4117 6054 dialogi,
