4466 6730
388 676 399 707 ᾧ
454 635 596 674 XLHI

462 754 607 823 quod
661 753 774 823 ipse
842 755 909 811 de
972 768 1032 807 su
1087 750 1253 804 dixit.
1293 744 1769 815 pronuntiandum
1829 758 2029 801 cense-

464 863 577 902 rem
597 864 610 901 :
627 848 802 917 ipsum
817 847 1020 900 scilicet
1040 853 1251 909 magna:
1266 837 1495 892 civitatis
1514 837 1828 907 episcopum
1845 836 2026 905 fuisse,

461 941 620 998 sicuti
660 938 917 1009 Georgius
943 929 1340 987 Alexandrinus
1356 939 1409 985 et
1429 929 1652 984 Photius
1678 930 2028 1000 scripserunt.

461 1032 519 1090 Si
538 1051 668 1089 vero
692 1027 958 1085 Palladius
979 1023 1240 1078 dicendus
1264 1031 1349 1077 est
1376 1023 1661 1092 episcopus
1685 1022 2032 1094 Helenopoli-

463 1134 637 1185 tanus,
665 1117 951 1175 dicendum
982 1130 1195 1184 quoque
1228 1113 1360 1167 mihi
1394 1114 1684 1181 videretur,
1703 1133 1769 1171 ex
1796 1116 2033 1170 Heleno-

456 1216 565 1281 poli
596 1209 911 1264 translatum
936 1206 1103 1269 fuisse
1131 1205 1600 1276 Asponani,atque
1632 1208 1683 1261 in
1715 1209 1834 1277 ejus
1851 1208 2031 1261 locum

458 1302 742 1356 rut‘l'ectum
770 1312 889 1351 esse
906 1296 1199 1350 Palladium
1218 1297 1464 1359 alterum.
1479 1300 1573 1369 qui
1591 1300 1817 1353 Romam
1834 1298 2031 1353 missus

456 1389 618 1446 fuerit
642 1404 671 1441 a
691 1387 899 1443 Joanne
919 1389 986 1443 ad
1017 1405 1207 1459 papam
1236 1391 1608 1447 Innocentium
1631 1390 1812 1460 :isque
1839 1399 2030 1445 auctor

456 1482 561 1536 erit
594 1479 842 1533 Historia:
881 1481 1171 1546 Lauaiaca’,
1205 1492 1259 1537 et
1284 1483 1581 1552 discipulus
1612 1481 1841 1550 Evagrii.
1863 1480 2029 1533 Porro

454 1572 749 1627 Palladium
768 1586 834 1625 ex
857 1570 1171 1643 llelenopoli
1200 1575 1521 1628 translatum
1550 1572 1846 1639 Aspouam,
1870 1571 2033 1623 tradit

455 1658 733 1726 Socrates;
765 1672 1040 1719 auctorem
1069 1682 1197 1719 vero
1221 1664 1413 1732 dialogi
1440 1662 1756 1731 episcopatu
1775 1660 2025 1721 cessisse,

454 1768 519 1807 ex
548 1753 760 1826 Georgii
790 1758 968 1812 verbis
987 1758 1237 1827 superius
1265 1755 1449 1810 relatis
1474 1751 1779 1808 coniicitur.
1800 1750 1912 1805 l‘lac
1941 1766 2029 1803 ra-

455 1846 603 1900 tione
633 1849 716 1900 via
747 1850 1093 1917 pnecludilur
1120 1849 1305 1903 multis
1333 1845 1669 1915 ambagibus,
1702 1858 1837 1911 quas
1873 1839 2030 1897 aliter

454 1937 683 1991 evadere
712 1940 892 1994 nullus
939 1942 1131 2010 possit.
1166 1940 1221 1994 Si
1262 1938 1392 2008 quid
1421 1947 1604 1990 tamen
1635 1933 1828 1988 rationi
1866 1942 2026 2003 atque

455 2027 726 2084 historicas
752 2031 962 2086 veritati
988 2032 1155 2102 magis
1183 2035 1613 2085 consentaneum
1645 2027 1767 2095 quis
1788 2027 2029 2082 attulerit

455 2117 510 2170 in
544 2119 1124 2183 medium,nullatenus
1152 2116 1749 2189 repugnabozquinimo
1767 2115 2030 2185 quidquid

455 2206 584 2262 illud
602 2212 722 2274 erit,
744 2212 1007 2266 ambabus
1034 2211 1177 2265 ulnis
1199 2211 1339 2263 ultro
1363 2207 1643 2277 excipiam.
1679 2206 1785 2262 Sed
1807 2207 1935 2261 dum
1959 2207 2029 2261 dc

454 2299 716 2371 scriptore
747 2303 909 2373 hujus
949 2303 1141 2358 dialogi
1196 2302 1369 2356 fusius
1415 2301 1655 2356 edissero
1679 2342 1692 2363 ,
1726 2315 1865 2371 pene
1895 2300 2028 2354 mihi

750 6089 1023 6155 Ρηιιοι..
1066 6094 1182 6155 Gn.
1232 6095 1484 6158 XLVII.

1450 606 1562 657 ΕΜ.
1605 603 1856 656 ιςιυυτιι
1893 605 2262 667 ΡΒᾹΞΡΑἸΊΟ
2282 609 2345 666 ΙΝ
2370 611 2788 668 PALIADIUM.

3542 641 3709 683 XCVI"

2132 734 2406 787 exciderat
2439 734 2579 804 loqui
2607 738 2673 791 de
2700 737 3016 803 Theodoro;
3048 754 3205 808 quem
3238 739 3399 810 aliqui
3429 752 3706 796 auctorem

2136 822 2427 894 perhibent
2456 824 2617 894 hujus
2639 826 2855 898 dialogi,
2878 827 2973 881 sed
2999 828 3099 882 levi
3130 844 3352 897 prorsus
3373 841 3712 900 argumento.

2134 915 2475 978 Theodorus,
2504 916 2772 988 inquiunt,
2797 920 3128 989 compellans
3156 922 3498 993 episcopum,
3526 938 3586 978 se
3609 925 3712 978 ali-

2132 1005 2350 1075 quando
2370 1006 2505 1062 forte
2524 1009 2590 1063 de
2607 1012 2770 1065 rebus
2786 1011 2959 1066 sancti
2984 1010 3353 1081 Chrysostomi
3383 1016 3714 1086 scripturum

2133 1099 2227 1152 ait.
2244 1098 2376 1164 Quis
2389 1099 2793 1171 dialogistarum
2820 1118 3027 1158 morem
3050 1119 3160 1158 non
3177 1105 3578 1173 animadvertit,
3597 1106 3711 1177 qui,

2132 1199 2194 1246 ut
2221 1192 2307 1245 vel
2360 1193 2582 1247 minima
2610 1210 2836 1263 quaeque
2876 1196 2945 1250 ab
2997 1196 3385 1252 interlocutore
3442 1199 3709 1268 expiscari

2130 1283 2364 1355 possint,
2395 1287 2573 1340 varias
2600 1284 2909 1340 sciscitandi
2940 1288 3178 1343 rationes
3199 1289 3709 1357 comminiscuntur,

2130 1387 2292 1447 atque
2320 1377 2460 1431 hanc
2490 1376 2545 1431 in
2572 1378 2891 1448 primis,aut
2920 1379 3051 1435 alias
3071 1380 3419 1448 similes?Qui
3449 1382 3590 1437 hanc
3617 1398 3715 1437 su-

2133 1470 2435 1539 spicionem
2487 1469 2646 1539 primi
2682 1470 3049 1541 protulerunt.
3077 1485 3419 1541 nequaquam
3460 1474 3713 1530 attende-

2131 1573 2277 1628 runt,
2293 1563 2507 1633 opinor,
2527 1564 2707 1618 omnia
2742 1563 3149 1628 incohmrentia,
3169 1580 3290 1634 qum
3319 1565 3480 1620 modo
3504 1567 3709 1632 notavi,

2132 1671 2162 1707 a
2180 1654 2417 1709 Palladio
2446 1672 2557 1710 non
2587 1657 2877 1725 depellere,
2897 1657 2983 1710 cui
3011 1666 3189 1712 tamen
3219 1658 3296 1712 rei
3318 1658 3589 1729 praecipue
3618 1674 3712 1713 ca-

2131 1745 2366 1799 vendum
2398 1744 2519 1800 fuit.
2540 1745 2747 1800 Deinde
2776 1744 2977 1800 faciant
2997 1747 3129 1800 mihi
3160 1749 3309 1812 satis,
3330 1750 3375 1802 si
3404 1748 3630 1818 possint,
3655 1759 3711 1805 ct

2130 1835 2398 1903 quaerenti
2456 1837 2846 1906 respondeant,
2879 1852 3046 1908 quare
3076 1838 3415 1903 Theodorus,
3453 1840 3711 1896 Romana

2130 1921 2388 1980 Ecclesia:
2416 1926 2694 1991 diaconus,
2727 1926 2917 1982 Latine
2941 1943 3051 1983 non
3073 1928 3387 1998 scripserit:
3415 1937 3509 1983 aut
3530 1929 3575 1983 si
3605 1929 3713 1982 La-

2128 2019 2244 2073 tine
2281 2018 2517 2088 scripsit,
2552 2029 2612 2073 ut
2656 2035 2764 2074 non
2805 2021 3011 2075 nemini
3048 2021 3226 2077 visum
3258 2032 3361 2087 est,
3396 2038 3566 2093 quare
3607 2023 3709 2081 hoc

2125 2124 2264 2177 opus
2286 2109 2569 2178 hucusque
2589 2107 2797 2163 Latinis
2820 2110 3043 2165 auribus
3072 2111 3373 2166 inauditum
3403 2112 3587 2167 fuerit.
3600 2111 3707 2168 Sed

2125 2201 2288 2256 missa
2318 2203 2419 2256 ista
2446 2200 2728 2267 faciamus,
2764 2217 2886 2271 qua:
2913 2202 3062 2256 omni
3088 2202 3299 2258 ratione
3325 2212 3487 2273 atque
3510 2218 3707 2273 proba-

2128 2292 2219 2347 bili
2256 2293 2569 2362 conjectura
2600 2302 2805 2348 carent.
2846 2312 2864 2343 ι
