4466 6736
1447 696 1578 705 ...ο-
1663 693 1736 700 -ηυ
1806 689 2244 704 -νρυισ-σ--σ-οὴ
2523 688 2686 699 λεν-ἠ-
2922 686 3115 694 -ο-...σ-

976 936 1873 1051 DIALOGUS
1979 927 3052 1043 HISTGBICUS

1410 1152 1628 1208 PALLA
1641 1150 1749 1215 Dll,
1797 1146 2093 1202 EPISCOPI
2138 1142 2629 1204 IIELENOPOLIS,

1052 1311 1215 1377 CUM
1258 1308 1710 1377 TIIEODORO,
1756 1305 2160 1367 ECCLESIJE
2205 1303 2572 1367 ΙὶΟΜΛΝᾹΞ
2615 1301 3010 1375 DIACONO,

510 1472 592 1514 οι
641 1473 784 1514 νιτι
830 1473 908 1513 ΕΤ
950 1471 1460 1516 CONV’ERSATIONE
1504 1466 1692 1508 BEATI
1740 1466 1998 1513 JOANNIS
2035 1467 2274 1511 CHRYSO

1746 1466 1998 1513 JOANNIS
2035 1465 2496 1521 CHRYSOSTOMI,
2546 1464 2825 1508 EPISCOPI
2870 1462 3510 1508 CONSTANTINOPOLIS.

1785 1669 2088 1714 εὓῖῧῦιῧιξξ
2113 1673 2203 1717 ιηεο

440 1848 579 1903 ‘Car.
611 1865 650 1906 ι.
678 1881 746 1891 -
770 1851 916 1905 Dona
939 1850 1054 1915 Dei,
1079 1849 1183 1900 alia
1204 1847 1422 1916 quidem
1449 1857 1600 1910 sunt,
1619 1855 1679 1901 ut
1707 1848 1947 1915 videtur,

376 1944 694 1997 communia
710 1952 764 1999 ct
784 1944 1043 2007 indivisa,
1072 1939 1276 2009 optime
1295 1938 1464 1992 frater
1483 1938 1811 1996 Theodore:
1843 1942 1948 1995 alia

377 2050 508 2090 vero
541 2038 852 2092 communia
893 2044 948 2090 et
975 2034 1170 2088 divisa.
1207 2031 1411 2087 Horum
1445 2033 1606 2087 tertia
1639 2043 1795 2096 sunt,
1829 2051 1948 2104 quas

375 2142 554 2197 neque
576 2130 909 2191 communia,
935 2140 1107 2194 neque
1132 2123 1305 2177 divisa
1325 2139 1416 2178 seu
1438 2125 1688 2190 indivisa,
1710 2128 1800 2181 sed
1822 2143 1947 2196 pro-

373 2221 520 2289 pria,
544 2221 669 2275 data
705 2218 1006 2276 secundum
1033 2217 1356 2286 pracipuam
1393 2220 1623 2285 gratiam
1657 2219 1724 2273 iis
1746 2221 1945 2287 quibus

371 2312 500 2366 data
537 2323 683 2368 sunt.
723 2313 1010 2366 DIACONUS.
1056 2308 1190 2376 Age,
1215 2308 1302 2362 dic
1327 2311 1482 2365 nobis
1511 2312 1943 2380 uniuscujusque

367 2405 590 2472 generis
611 2402 891 2468 ordinem;
915 2401 1271 2471 probabiliter
1293 2403 1436 2456 enim
1460 2402 1721 2472 praefatus
1738 2418 1817 2456 es.
1847 2403 1939 2455 Ep.

369 2493 501 2559 Quae
535 2502 730 2546 natura
760 2494 902 2546 bona
942 2502 1100 2555 sunt,
1134 2493 1252 2546 sine
1279 2494 1480 2562 quibus
1512 2495 1621 2548 vita
1676 2493 1942 2562 (molesta)

368 2583 534 2651 impia
559 2591 663 2646 est,
689 2583 1003 2636 communia
1047 2595 1100 2636 et
1128 2584 1381 2639 indivisa.
1417 2584 1572 2638 Duc.
1623 2584 1937 2649 Quomodo,

364 2671 569 2728 Pater?
593 2673 682 2727 Ep.
708 2674 891 2729 Primo
913 2677 1130 2744 quidem
1167 2675 1303 2730 Deus
1335 2677 1723 2731 universicum
1758 2677 1948 2744 unige-

368 2768 484 2818 nito
503 2765 674 2832 ipsius
697 2763 836 2820 Filio
852 2775 903 2819 et
918 2766 1122 2835 Spiritu
1144 2775 1335 2822 sancto
1358 2767 1668 2821 communis
1686 2774 1770 2820 est
1790 2775 1843 2820 et
1865 2767 1946 2818 in-

361 2856 577 2910 divisus
604 2876 614 2909 :
639 2859 936 2926 unicuique
951 2858 1092 2912 enim
1118 2858 1262 2921 licet,
1283 2859 1375 2926 qui
1405 2858 1662 2920 voluerit,
1691 2857 1812 2911 sine
1835 2857 1944 2909 ullo

363 2947 582 3014 negotio
601 2946 778 3016 ipsum
796 2957 965 3000 totum
982 2949 1442 3018 contemplatione
1455 2947 1764 3015 complecti.
1784 2947 1943 3001 Dein-

364 3034 428 3088 de
462 3045 586 3103 post
617 3036 787 3088 Deum
830 3036 1028 3091 divina!
1062 3039 1378 3107 Scripturae,
1407 3043 1461 3089 et
1489 3036 1943 3105 supermuudanre

362 3126 616 3180 virtutes.
646 3127 910 3183 Przeterea
939 3130 1160 3191 cmlutn,
1188 3129 1292 3194 sol,
1321 3129 1449 3182 luna
1481 3137 1534 3182 et
1559 3130 1737 3184 omnis
1765 3139 1940 3184 astro-

362 3234 484 3270 rum
512 3218 734 3280 chorus,
759 3227 812 3274 et
836 3221 950 3290 ipse
975 3235 1085 3281 aer,
1115 3220 1428 3274 communia
1454 3230 1581 3275 sunt
1607 3229 1658 3275 et
1683 3223 1933 3285 indivisa,

367 3320 552 3380 atpote
570 3313 755 3366 omnia
769 3314 1032 3367 omnium.
1054 3313 1199 3366 Intra
1220 3313 1333 3367 huic
1350 3315 1507 3369 nobis
1520 3316 1783 3370 consistat
1800 3317 1938 3369 indi-

364 3404 608 3457 visorum
624 3419 813 3474 genus.
833 3403 960 3461 Erat
977 3405 1139 3459 etiam
1155 3406 1445 3474 aliquando
1460 3415 1604 3461 terra
1631 3409 1937 3462 communis

363 3500 410 3546 et
430 3493 664 3546 indivisa
687 3494 848 3547 simul
874 3509 996 3546 cum
1020 3510 1285 3563 aquarum
1309 3495 1560 3550 ﬂuentis:
1588 3513 1649 3550 ex
1677 3513 1786 3565 quo
1809 3513 1937 3552 vero

360 3582 607 3635 avaritia:
629 3581 793 3635 ardor
809 3583 1238 3652 voluptariorum
1262 3595 1468 3639 mentes
1482 3600 1614 3638 oveu
1625 3588 1790 3654 pavit,
1815 3603 1934 3655 gra-

355 3671 511 3726 viora
531 3680 688 3726 terrae
703 3681 756 3726 et
776 3688 929 3744 aqum
948 3675 1217 3727 elementa
1231 3673 1406 3728 divisa
1431 3685 1578 3730 sunt.
1597 3677 1747 3733 Duc.
1776 3679 1933 3734 Clara

355 3760 647 3814 admodum
675 3771 822 3826 sunt,
847 3762 1193 3830 quaedixisti:
1217 3762 1479 3816 rationem
1505 3772 1684 3818 autem
1707 3767 1931 3822 secundi

346 3850 559 3918 generis
588 3850 876 3902 divisurum
917 3847 1170 3917 adimple.
1202 3848 1297 3901 Er.
1327 3845 1557 3901 Necesse
1585 3857 1664 3902 est
1703 3864 1809 3903 non
1838 3865 1926 3904 re-

348 3938 519 4006 linqui
563 3940 931 4007 imperfectum
981 3941 1278 4008 argumenti
1328 3946 1657 3993 contextum.
1725 3943 1926 3996 Aurum

348 4031 505 4099 igitur
527 4040 582 4084 et
601 4043 878 4092 argentum
901 4039 953 4083 et
968 4031 1141 4084 omnis
1161 4030 1421 4084 metallica
1442 4039 1652 4099 natura,
1672 4041 1926 4100 prmterea

350 4121 561 4190 liguaria
581 4122 852 4182 materies,
875 4130 930 4175 et
951 4130 1008 4174 ut
1036 4135 1144 4175 uno
1169 4120 1335 4175 verbo
1359 4121 1552 4187 dicam,
1577 4137 1927 4194 quzecumque

351 4210 517 4264 media
549 4219 691 4274 sunt,
725 4212 1027 4265 communia
1074 4211 1291 4280 quidem
1315 4222 1458 4274 sunt,
1500 4212 1593 4267 sed
1626 4224 1801 4268 tamen
1846 4215 1926 4268 di-

349 4301 450 4354 visa
481 4319 494 4353 :
524 4317 699 4372 neque
725 4303 865 4355 enim
892 4302 1078 4366 cuivis,
1107 4311 1164 4355 ut
1195 4303 1292 4371 ipsi
1326 4303 1473 4366 libet,
1499 4313 1604 4356 tota
1634 4305 1844 4371 penitus
1870 4306 1923 4359 in

347 4400 606 4460 potestate
632 4402 774 4445 sunt.
806 4392 957 4446 Duc.
999 4391 1230 4447 Evidens
1268 4393 1442 4446 adhuc
1488 4402 1541 4446 et
1593 4392 1678 4446 hic
1718 4409 1919 4448 sermo.

343 4479 443 4536 Sed
469 4481 656 4536 dubito
687 4498 752 4536 ne
773 4482 914 4536 circa
942 4484 1081 4537 tertii
1111 4483 1372 4537 donorum
1410 4484 1801 4551 prmcipuorum
1829 4503 1921 4556 ge-

342 4573 484 4626 neris
504 4572 1018 4626 demonstrationem
1063 4573 1301 4637 delicias,
1347 4574 1436 4641 qui
1467 4574 1779 4641 promiseris
1834 4592 1922 4631 os-

339 4662 584 4724 tendere,
614 4663 754 4731 quod
781 4663 959 4732 aliqua
986 4665 1091 4717 sint
1119 4679 1237 4732 qum
1265 4679 1436 4732 neque
1467 4668 1770 4720 communia
1793 4679 1920 4723 sunt

337 4766 508 4820 neque
529 4751 719 4815 divisa,
749 4751 844 4805 sed
876 4753 1086 4821 propria
1110 4753 1403 4808 secundum
1444 4757 1776 4826 privilegium
1825 4775 1918 4814 eo-

335 4857 451 4897 rum
473 4843 562 4913 qui
588 4841 733 4912 digni
753 4840 946 4896 fuerint
962 4857 1028 4897 eo
1055 4858 1294 4898 munere.
1323 4844 1576 4913 imposito
1605 4860 1780 4904 autem
1811 4851 1916 4907 ﬁne

334 4934 569 4989 sermoni
590 4932 732 4998 huic,
763 4933 999 4988 edissere
1025 4932 1178 4987 nobis
1207 4934 1348 4989 unde
1372 4937 1583 5002 venisti,
1611 4949 1665 4994 et
1693 4956 1754 4996 ea
1779 4957 1914 5012 quo-

333 5040 447 5079 rum
469 5025 746 5080 veritatem
765 5027 900 5079 scire
921 5023 1301 5080 desideramus.
1326 5023 1422 5080 Ep.
1447 5026 1502 5081 Si
1523 5027 1575 5081 in
1594 5045 1678 5084 me
1698 5032 1911 5099 quidem

334 5115 384 5169 id
410 5118 573 5170 situm
600 5124 702 5181 est,
732 5124 788 5170 et
813 5115 857 5169 si
888 5130 1073 5170 eorum
1121 5132 1239 5187 qua:
1287 5117 1424 5171 scire
1467 5133 1614 5184 aves,
1668 5123 1912 5179 notitiam

335 5206 524 5274 balteo,
573 5222 678 5262 non
706 5207 1033 5273 detrectabo,
1075 5223 1174 5264 nec
1216 5208 1501 5280 quidquam
1543 5209 1906 5270 abscondam:

332 5299 565 5356 debitum
595 5302 840 5371 promissi
881 5303 1164 5367 sermonis,
1209 5311 1266 5356 ut
1303 5304 1514 5372 opinor,
1563 5317 1662 5372 pro
1706 5307 1912 5364 viribus

332 5393 621 5448 exsolvam.
657 5392 1022 5462 Virginitatem
1075 5394 1233 5463 igitur
1260 5403 1317 5448 et
1367 5405 1616 5450 caeterum
1653 5400 1910 5454 castimo-

335 5483 466 5537 liam
485 5483 710 5539 indivisa
730 5484 965 5552 reperies
997 5501 1010 5536 :
1043 5499 1146 5538 non
1174 5486 1315 5539 enim
1339 5495 1462 5540 sunt
1489 5503 1519 5541 e
1539 5502 1733 5558 genere
1760 5504 1909 5547 com-

333 5575 563 5629 munium
589 5584 680 5630 aut
710 5575 1073 5641 dividttorum,
1125 5578 1375 5646 quoniam
1423 5595 1532 5633 non
1584 5581 1908 5654 quicumque

338 5663 454 5725 vult,
483 5667 643 5719 etiam
668 5667 1020 5736 virginitatem
1043 5677 1239 5733 servat,
1287 5670 1381 5724 sed
1407 5672 1495 5740 qui
1524 5680 1699 5741 potest
1723 5693 1736 5728 :
1781 5693 1904 5734 nam

333 5751 538 5820 plurimi
566 5773 753 5814 eorum
784 5762 872 5830 qui
910 5762 1249 5816 matrimonio
1279 5763 1449 5832 juncti
1493 5775 1636 5829 sunt,
1682 5772 1906 5839 cupiunt

334 5842 424 5912 ipsi
451 5847 685 5916 quidem,
711 5851 808 5907 sed
837 5867 941 5908 non
964 5865 1337 5925 assequuntur,
1355 5857 1473 5926 quia
1495 5860 1742 5928 conjugio
1767 5877 1904 5931 prte-

333 5939 569 6008 oc'cupati
597 5951 740 5996 sunt.
773 5945 1233 6010 Quemadmodum
1263 5950 1314 6004 in
1344 5948 1635 6022 Olympicis
1654 5957 1902 6010 certami-

332 6026 478 6083 nibus
505 6045 678 6098 pramo
703 6043 855 6088 vocat
898 6039 986 6106 qui
1022 6050 1228 6095 certare
1269 6042 1416 6108 velit,
1458 6053 1678 6098 coronat
1722 6054 1899 6102 autem

329 6135 442 6176 eum
464 6123 552 6195 qui
583 6124 785 6192 vicerit,
817 6143 828 6176 τ
859 6127 934 6182 sic
957 6137 1007 6181 et
1032 6131 1081 6183 in
1119 6133 1384 6202 castitate,
1409 6145 1466 6188 ut
1503 6135 1629 6190 dicit
1662 6136 1897 6210 Evange-

2071 1851 2223 1904 lium.
2256 1850 2388 1903 Cum
2408 1849 2547 1904 enim
2562 1849 2754 1903 Petrus
2774 1847 3047 1904 Servatori
3077 1850 3437 1919 respondisset
3468 1869 3480 1904 :
3508 1853 3567 1908 Si
3593 1866 3656 1907 eo

2063 1951 2313 1994 estcausa
2338 1940 2431 1993 viri
2446 1956 2560 1992 cum
2583 1955 2758 2005 uxore,
2784 1956 2885 1992 nou
2938 1940 3141 2009 expedit
3191 1955 3399 1994 uxorem
3465 1934 3655 1987 ducere

2065 2033 2274 2104 (.ilatt/t.
2308 2034 2395 2088 19.
2423 2033 2512 2087 10.
2562 2033 2622 2086 Η
2654 2033 2672 2101 )
2709 2051 2721 2085 :
2749 2032 2813 2086 ad
2847 2048 2964 2101 quae
3012 2032 3149 2086 dixit
3186 2031 3438 2088 Servator
3470 2052 3484 2088 τ
3526 2032 3650 2088 Non

2058 2129 2283 2180 omnium
2309 2136 2384 2178 est
2410 2141 2591 2192 capere
2617 2126 2816 2177 verbum
2861 2126 2975 2188 hoc,
3004 2126 3091 2177 scd
3120 2127 3298 2193 quibus
3326 2127 3502 2179 datum
3552 2139 3644 2182 est.

2056 2218 2219 2272 Vides
2244 2217 2382 2286 quod
2402 2232 2506 2270 non
2539 2215 2806 2279 omnibus,
2837 2214 2931 2268 sed
2953 2215 3142 2283 quibus
3159 2216 3339 2269 datum
3363 2219 3476 2270 est?
3496 2219 3644 2273 nIac.

2056 2310 2313 2363 Putabam
2364 2324 2505 2376 mgre
2546 2307 2926 2376 expediturum
2975 2316 3025 2360 te
3073 2322 3193 2375 qua:
3235 2308 3341 2362 sint
3382 2318 3645 2378 prux-ipua

2055 2400 2216 2463 dona,
2250 2400 2343 2453 sed
2366 2398 2604 2467 profecto
2625 2409 2676 2452 et
2707 2399 2915 2452 fortiter
2939 2408 2993 2452 et
3019 2399 3308 2468 Scripturae
3338 2403 3644 2456 testimonio

2056 2492 2210 2545 nobis
2242 2492 2574 2560 persuasisti.
2602 2491 2696 2544 Ep.
2727 2490 2783 2544 Si
2802 2490 2914 2544 haec
2944 2493 3223 2559 perspicua
3253 2493 3342 2548 tibi
3376 2504 3499 2547 sunt
3519 2535 3531 2558 ,
3557 2511 3642 2549 re-

2054 2582 2211 2652 liquis
2229 2582 2550 2637 testimoniis
2577 2581 2848 2636 exornabo
2873 2597 3200 2647 sermonem,
3233 2593 3292 2636 ut
3326 2585 3412 2653 qui
3465 2596 3642 2641 mente

2054 2674 2205 2742 pravi
2229 2682 2373 2739 sunt,
2400 2673 2484 2728 his
2505 2674 2766 2742 persuasi,
2795 2672 3041 2728 desinant
3064 2689 3271 2744 rapere,
3303 2692 3421 2744 qua:
3451 2693 3642 2746 capere

2052 2779 2156 2818 non
2191 2773 2504 2834 potuerunt.
2529 2763 2663 2818 Nam
2695 2764 2995 2819 invenimus
3038 2765 3396 2820 sacerdotium
3425 2784 3636 2839 quoque

2051 2857 2101 2910 in
2124 2857 2317 2912 divinis
2342 2858 2632 2926 Scripturis
2663 2872 2834 2927 neque
2860 2872 3145 2912 commune
3172 2874 3291 2912 esse
3318 2875 3488 2929 neque
3504 2861 3639 2915 divi-

2047 2947 2232 3012 duum,
2279 2949 2372 3003 sed
2403 2949 2616 3003 illorum
2648 2949 2923 3018 proprium
2947 2949 3036 3018 qui
3066 2964 3133 3004 eo
3159 2948 3303 3018 digni
3332 2961 3474 3017 sunt,
3499 2952 3638 3006 sicut

2045 3041 2298 3095 admouet
2349 3041 2601 3096 Hebraeos
2629 3041 2852 3095 excelsa:
2895 3040 2985 3094 ille
3038 3042 3233 3096 mentis
3274 3042 3490 3108 Paulus,
3547 3042 3632 3096 di-

2043 3147 2170 3186 cens
2197 3149 2208 3182 :
2233 3131 2355 3184 Non
2377 3133 2517 3185 enim
2541 3131 2627 3199 qui
2653 3131 2747 3183 sibi
2772 3130 2954 3197 accipit
2977 3130 3235 3194 honorem,
3269 3131 3358 3185 sed
3377 3133 3464 3201 qui
3489 3148 3637 3186 voca-

2040 3232 2126 3276 tur
2145 3238 2177 3275 a
2202 3220 2311 3275 Deo
2330 3220 2512 3290 (Hebr.
2541 3222 2594 3275 5.
2628 3222 2706 3289 4).
2743 3223 2828 3278 Sic
2875 3230 2920 3273 et
2947 3220 3140 3288 Aaron,
3173 3223 3266 3286 ait,
3295 3240 3394 3276 non
3414 3225 3635 3293 scipsum

2037 3314 2288 3382 gloriatus
2317 3325 2390 3367 est
2411 3329 2516 3366 esse
2540 3313 2848 3382 pontiﬁcem.
2873 3312 3004 3365 Nam
3033 3327 3152 3366 cum
3172 3325 3422 3368 sexcenta
3451 3325 3634 3370 essent

2039 3400 2204 3460 miliia
2229 3405 2528 3468 hominum,
2562 3413 2615 3456 et
2637 3403 2786 3456 multi
2813 3419 2878 3457 ex
2901 3404 3004 3458 illis
3025 3405 3199 3458 zelum
3230 3405 3321 3459 Dei
3345 3404 3627 3468 haberent,

2038 3511 2176 3552 unus
2196 3496 2501 3550 declaratus
2541 3503 2623 3548 est
2664 3495 2864 3559 Aaron,
2895 3510 3052 3563 quem
3083 3511 3112 3548 a
3160 3496 3266 3550 Deo
3296 3508 3627 3567 assumptum

2035 3586 2200 3641 fuisse
2225 3585 2555 3654 pontiﬁcem,
2588 3585 2904 3638 miraculum
2937 3586 3118 3654 virgm,
3150 3601 3268 3654 qua:
3304 3602 3468 3642 nuces
3505 3604 3629 3658 pro—

2035 3675 2204 3740 duxit,
2229 3673 2554 3728 multitudini
2604 3675 2871 3742 persuasit
2902 3672 3088 3742 (Num.
3123 3676 3209 3729 17.
3240 3675 3332 3744 8).
3378 3677 3628 3746 Plerique

2033 3782 2161 3821 vero
2190 3767 2457 3820 bonorum
2486 3766 2725 3818 omnium
2753 3766 2940 3834 ignari,
2996 3781 3144 3819 vana:
3184 3768 3366 3834 gloria:
3409 3769 3625 3824 stimulo

2033 3856 2523 3922 icti,saccrdotium
2548 3855 2687 3910 inter
2723 3855 3025 3909 communia
3047 3867 3100 3909 ct
3142 3857 3309 3911 divisa
3342 3874 3460 3916 esse
3507 3864 3625 3930 opi-

2032 3946 2164 4012 nati,
2196 3961 2225 4000 a
2254 3947 2557 4015 semetipsis
2582 3946 2760 4010 electi,
2795 3961 2908 4000 rem
2937 3947 3082 4001 illam
3117 3951 3373 4015 involant,
3403 3952 3620 4024 dignum

2032 4053 2144 4092 suae
2171 4039 2402 4093 vesaniae
2433 4039 2592 4092 tinem
2614 4037 2779 4101 nacti,
2811 4037 2938 4090 dum
2973 4039 3142 4106 ipsam
3175 4057 3459 4113 synagoga:
3510 4062 3620 4099 sum.

2033 4140 2228 4184 terram
2262 4131 2578 4186 temeritatis
2617 4140 2810 4185 testem
2863 4130 3079 4186 faciunt.
3125 4135 3329 4189 Datltan
3379 4138 3519 4192 enim
3567 4151 3623 4196 et

2031 4223 2231 4277 Aliiron
2283 4223 2472 4293 (Num.
2529 4224 2615 4278 16.
2670 4224 2762 4295 32)
2808 4239 2929 4278 cum
2979 4228 3259 4282 sacerdotii
3305 4230 3618 4300 dignitatem

2030 4315 2346 4370 meretriciis
2392 4315 2707 4384 quibusdam
2746 4317 2914 4371 oculis
2975 4321 3429 4388 concupivissent,
3490 4342 3612 4381 cum

2027 4408 2278 4463 omnibus
2307 4410 2659 4463 sectatoribus
2686 4411 2797 4462 suis
2853 4419 2992 4464 terra
3040 4413 3276 4480 absorpti
3326 4418 3615 4483 perierunt,

2025 4512 2346 4568 synagogam
2400 4512 2550 4551 suam
2614 4501 2790 4553 sortiti
2863 4505 3226 4570 cxtemporale
3283 4508 3612 4574 sepulcrum.

2025 4589 2152 4643 Post
2183 4589 2281 4641 hos
2301 4587 2429 4654 Oza,
2463 4589 2802 4657 superiorum
2834 4592 3137 4653 immemor,
3171 4595 3358 4650 eadem
3408 4601 3610 4668 cupidi-

2023 4686 2130 4731 tate
2159 4677 2433 4748 abreptus,
2458 4693 2571 4733 rem
2594 4694 2712 4733 eam
2741 4681 3016 4750 expetivit.
3046 4681 3177 4737 Cum
3203 4687 3345 4740 enim
3377 4692 3607 4758 quadam

2019 4769 2106 4825 die
2145 4786 2269 4826 arca
2316 4772 2369 4825 in
2398 4771 2640 4842 plaustro
2665 4773 2952 4827 veheretur
2979 4775 3058 4844 (2.
3083 4775 3211 4847 Reg.
3245 4779 3297 4833 6.
3346 4780 3436 4851 6),
3471 4782 3609 4840 forte

2021 4863 2217 4918 accidit
2245 4865 2418 4934 utqui
2447 4879 2563 4919 eam
2594 4865 2836 4920 trahebat
2882 4867 3102 4934 vitulus,
3143 4884 3447 4926 succussam
3501 4875 3612 4930 dis-

2022 4953 2279 5009 turbaret.
2310 4954 2414 5008 02a
2443 4955 2602 5024 igitur
2630 4956 2719 5022 qui
2741 4957 3081 5024 sequebatur,
3107 4974 3266 5013 manu
3293 4963 3603 5030 apprcheno

2019 5046 2117 5109 dit,
2149 5060 2254 5100 non
2280 5060 2466 5115 passus
2496 5060 2614 5098 eam
2677 5046 2934 5100 subverti.
2968 5047 3033 5101 lit
3061 5059 3238 5104 autem
3265 5053 3397 5106 vidit
3443 5056 3604 5122 Deus,

2019 5135 2179 5205 idque
2217 5135 2315 5202 ipsi
2358 5149 2462 5188 non
2509 5135 2724 5203 piacuit,
2775 5136 3029 5204 quoniam
3085 5154 3150 5194 ex
3205 5157 3272 5197 eo
3303 5147 3600 5203 temerariis

2017 5225 2346 5280 consuetudo
2379 5226 2607 5278 oriretur
2657 5229 2810 5281 Area:
2861 5232 3258 5288 attrectandaz:
3303 5237 3590 5305 prohibuit,

2017 5317 2124 5374 Oza
2143 5317 2205 5371 ad
2232 5325 2458 5372 mortem
2485 5333 2654 5388 usque
2683 5334 2959 5389 percusso,
2988 5323 3190 5380 docens
3216 5338 3458 5396 posteros
3479 5346 3506 5383 a
3523 5333 3598 5386 si.

2015 5410 2130 5464 mili
2153 5409 2454 5464 temeritate
2482 5409 2762 5466 desistere.
2795 5414 2874 5468 Ac
2898 5415 3110 5470 tandem
3136 5417 3292 5487 longo
3316 5419 3599 5490 iuterjecto

2017 5512 2274 5571 tempore,
2305 5511 2426 5568 post
2465 5500 2662 5558 Christi
2712 5504 3022 5572 adventurm,
3078 5510 3258 5564 Simon
3308 5511 3486 5583 Magus
3530 5517 3597 5572 de

2013 5607 2149 5663 pago
2171 5591 2427 5659 Getthon,
2455 5593 2800 5650 adversorum
2816 5598 3022 5652 veritati
3052 5598 3358 5668 dogmatum
3380 5605 3594 5675 artifex,

2012 5684 2158 5737 vafer
2183 5683 2272 5736 ille
2302 5684 2352 5736 in
2378 5684 2736 5753 improbitate,
2764 5693 3095 5756 superiorum
3127 5706 3313 5756 paruas
3369 5698 3594 5767 veritus,

2011 5785 2124 5828 arte
2156 5783 2346 5828 tractat
2376 5777 2549 5830 scelus
2576 5795 2587 5830 :
2621 5793 2686 5832 ne
2715 5778 2905 5832 similia
2942 5780 2985 5832 si
3016 5781 3261 5849 sevisset,
3305 5787 3450 5855 paria
3482 5800 3594 5843 me-

2013 5874 2166 5919 teret.
2219 5865 2380 5934 Igitur
2402 5866 2556 5920 oviua
2609 5869 2744 5936 pelle
2794 5868 2973 5938 lupum
3032 5879 3233 5941 tegens,
3287 5875 3479 5930 blande
3527 5880 3594 5935 ad

2010 5957 2280 6026 apostolos
2305 5960 2511 6012 accedit
2542 5959 2671 6028 (Act.
2705 5960 2737 6013 8
2765 5961 2807 6029 ),
2852 5975 2973 6015 cum
3003 5966 3179 6019 aureis
3227 5972 3479 6034 nummis,
3540 5981 3596 6027 ut

2011 6062 2077 6101 ne
2103 6061 2292 6116 rapere
2309 6048 2580 6104 videretur
2604 6050 2744 6121 quod
2768 6053 2998 6120 pessime
3013 6056 3257 6111 studebat
3283 6073 3463 6117 emere
3491 6081 3502 6113 ε
3529 6079 3591 6120 ea

2011 6139 2195 6196 dicens
2242 6155 2361 6211 quae
2391 6151 2444 6197 et
2474 6144 2643 6212 ipsum
2674 6151 2726 6199 et
2756 6158 2941 6200 omnes
2971 6147 3059 6218 qui
3109 6163 3230 6203 eum
3291 6151 3587 6223 imitantur,
