4466 6698
763 701 793 722 ιν
2026 645 2342 710 ΡΜᾸΑΜΖ
2383 641 2720 702 ιιιειωςυε
4003 632 4033 682 λ

773 725 786 747 l

764 806 904 876 loqui
931 804 1107 858 decet.
1137 793 1396 862 Accipite,
1425 786 1616 856 inquit,
1642 777 1923 852 pecuniam
1955 773 2133 830 istam,
2162 776 2216 822 et
2244 765 2341 816 da-

765 911 817 954 te
847 897 974 952 mihi
1005 897 1319 964 potestatem
1361 888 1556 935 vestra:
1585 869 1875 944 dignitatis,
1927 874 1986 918 ut
2036 863 2122 916 cui
2158 868 2347 913 manus

767 993 1086 1061 imposuere,
1134 978 1361 1048 aciipiat
1398 971 1653 1042 Spiritum
1695 970 1966 1018 sanctum.
2014 957 2140 1011 Erat
2186 962 2348 1022 porro

769 1052 1067 1150 baptizatus
1089 1077 1141 1128 in
1172 1071 1390 1127 nomine
1417 1066 1564 1120 .lesu.
1596 1057 1692 1114 Cui
1717 1052 1992 1124 respondit
2018 1058 2189 1106 cintus
2217 1057 2348 1110 apo-

768 1173 1071 1226 stolorum:
1108 1167 1289 1236 Apage
1337 1159 1431 1218 sis,
1465 1152 1701 1213 oliomo,
1732 1145 1901 1216 gratia
1951 1141 2048 1196 Dei
2098 1135 2252 1192 veudi
2291 1144 2350 1185 se

771 1277 875 1316 non
905 1259 1053 1315 sinit.
1077 1232 1288 1310 Et—cum
1321 1248 1462 1302 fores
1483 1244 1567 1298 liis
1595 1237 1936 1297 sermonibus
1980 1232 2197 1304 pulsare
2227 1239 2349 1295 pcr-

771 1360 941 1421 ccret.
970 1350 1143 1405 denuo
1163 1345 1414 1399 dixerunt
1444 1357 1456 1392 :
1484 1335 1622 1403 Quid
1649 1333 1807 1394 emis,
1833 1326 1972 1398 quod
2025 1323 2187 1394 gratis
2208 1318 2354 1372 inve-

776 1449 912 1508 nies,
944 1445 986 1497 si
1015 1440 1173 1510 digne
1199 1433 1430 1490 vixeris?
1454 1430 1524 1488 Ut
1545 1437 1724 1482 autem
1749 1425 1873 1475 vitae
1899 1419 2108 1472 labores
2132 1422 2184 1467 et
2207 1424 2354 1466 men-

779 1539 846 1590 tis
873 1550 985 1590 sum
1011 1529 1292 1602 segnitiem
1324 1534 1484 1593 atque
1511 1522 1769 1573 incertum
1800 1513 1877 1567 rei
1904 1518 2154 1564 eventum
2181 1502 2356 1558 consi-

775 1625 1002 1690 tlcravit,
1033 1633 1243 1676 rursum
1273 1632 1303 1673 ε
1323 1612 1534 1669 sacculo
1560 1621 1746 1663 aurum
1767 1601 2010 1675 protulit,
2054 1598 2155 1651 hac
2180 1594 2360 1648 illece-

775 1719 872 1774 bra
896 1713 1196 1772 Senator-is
1221 1703 1514 1782 discipulos
1544 1701 1900 1754 incscatnrum
1924 1705 1982 1745 se
2010 1697 2224 1758 putans.
2277 1680 2358 1736 Ad

778 1806 1211 1875 breeindiguatus
1261 1774 1352 1853 ille
1389 1795 1478 1865 qui
1532 1783 1938 1859 comprehendit
1991 1779 2264 1850 sapientes
2307 1774 2360 1828 in

777 1899 972 1954 astutia
1023 1871 1279 1966 ipsorum,
1311 1903 1407 1960 per
1444 1901 1505 1938 os
1550 1882 1691 1937 Petri
1733 1879 1988 1946 loquutus
2019 1883 2102 1927 est
2131 1871 2360 1925 dicens:

786 1991 1011 2045 Pecunia
1065 1996 1152 2040 tua
1181 1997 1342 2036 tecum
1371 1979 1434 2030 sit
1489 1979 1540 2028 in
1583 1972 1936 2043 perditionem,
1986 1965 2222 2036 quoniam
2267 1961 2362 2012 do-

782 2100 902 2137 nunt
931 2080 1025 2134 Dei
1062 2071 1360 2132 existimasti
1412 2067 1624 2140 pecunia
1664 2063 1917 2135 possidere
1955 2060 2092 2128 (Act.
2135 2054 2187 2107 8.
2232 2050 2363 2104 20').

780 2175 876 2228 Cui
905 2168 1160 2240 imposuit
1181 2161 1506 2236 poruitentia:
1535 2154 1852 2216 remedium,
1895 2157 2200 2218 pricparaus
2243 2156 2364 2194 eum

786 2277 840 2312 ιιι
876 2231 1154 2326 pati-entia.
1183 2231 1320 2316 liga,
1364 2255 1540 2311 ιιτιιιιιι
1568 2244 1583 2309 (
1609 2240 1746 2293 Ibid.
1775 2237 1846 2288 22'.
1865 2246 1913 2289 et
1936 2234 2063 2301 9.3).
2104 2231 2348 2299 ptruitcu-

789 2354 920 2404 tiam
941 2389 955 2409 .
984 2347 1031 2400 si
1058 2344 1153 2398 tibi
1182 2341 1489 2394 dimittatur
1519 2331 1768 2401 cogitatio
1803 2327 1978 2381 cordis
2017 2324 2113 2376 tui.
2152 2321 2214 2374 In
2244 2317 2364 2388 {clla

789 2448 926 2499 enim
951 2435 1330 2497 amaritudinis
1355 2442 1402 2486 et
1433 2425 1642 2484 vinculo
1664 2422 1961 2493 iniquitatis
1983 2418 2135 2473 rideo
2164 2430 2276 2470 esse
2299 2423 2365 2466 ιε.

799 2539 918 2594 Non
946 2536 1091 2592 enim
1131 2531 1246 2586 vult
1279 2524 1563 2581 interitum
1586 2517 1896 2591 peccatoris
1920 2520 2132 2566 amator
2159 2507 2370 2560 anima—

802 2647 926 2687 rum
954 2628 1099 2682 Deus
1123 2621 1339 2690 (Ezrch.
1362 2619 1445 2673 i8.
1469 2615 1580 2670 52‘.
1611 2607 2003 2664 Demonstratis
2025 2617 2123 2664 pro
2145 2600 2287 2654 virili
2310 2597 2375 2650 iis

789 2711 1038 2765 omnibus
1068 2721 1185 2778 qua:
1230 2705 1493 2765 dixeram,
1543 2713 1578 2751 ο
1607 2694 1782 2765 magni
1817 2689 2045 2746 nominis
2071 2683 2373 2746 Theodore,

790 2814 848 2858 rt
876 2802 1250 2875 mysteriorum
1279 2795 1515 2850 veritatis
1557 2790 1819 2846 minister.
1865 2782 1988 2837 audi
2030 2783 2139 2848 jam
2186 2794 2303 2846 qua:
2347 2792 2375 2829 a

796 2864 950 2952 nobis
974 2893 1113 2946 scire
1141 2885 1501 2962 pra‘Optabas.
1537 2885 1684 2938 Duc.
1719 2874 1868 2935 Unde
1908 2872 1972 2926 ad
2005 2885 2102 2924 nos
2127 2880 2268 2922 nunc
2285 2864 2380 2919 ad-

790 2990 978 3046 venis?
1001 2987 1174 3041 lit-ise.
1200 2982 1281 3038 Ab
1300 2980 1518 3035 Oriente
1543 2974 1746 3029 scilicet
1774 2988 1787 3023 :
1821 2981 1963 3022 nunc
1988 2964 2129 3018 enim
2150 2960 2377 3031 primum

792 3084 1015 3137 Romam
1069 3077 1242 3131 video.
1309 3073 1462 3127 DlAC.
1515 3069 1770 3136 Qumnain
1829 3072 1880 3115 te
1937 3056 2167 3113 maxime
2219 3065 2378 3106 causa

793 3171 1046 3228 adduxit?
1115 3169 1289 3223 Ense.
1325 3164 1524 3220 Unicus
1553 3159 1699 3229 pacis
1753 3163 1944 3210 vestra:
1996 3165 2170 3204 amor.
2225 3146 2374 3200 Duc.

792 3269 981 3322 Alianc
1011 3265 1172 3333 igitur
1199 3276 1226 3312 a
1255 3268 1432 3312 vestra
1465 3255 1582 3307 cst?
1605 3253 1700 3306 l-Zr.
1735 3249 1845 3301 Non
1891 3244 1989 3297 alia
2018 3240 2250 3310 quidem,
2283 3234 2375 3291 sed

795 3361 952 3427 plane
980 3354 1189 3410 eadem.
1218 3361 1373 3419 quam
1394 3361 1424 3398 e.
1445 3344 1576 3398 εει-10
1597 3341 1848 3396 Servatur
1864 3334 2028 3398 dedit,
2051 3332 2235 3385 dicens
2252 3339 2380 3395 apo-

799 3449 954 3502 stolis
998 3464 1012 3499 :
1048 3442 1234 3497 Pacem
1281 3453 1442 3492 meam
1495 3436 1560 3488 do
1602 3431 1738 3486 vobis
1773 3426 1953 3500 (Jcau.
2009 3425 2092 3478 Η.
2137 3422 2252 3492 ει).
2298 3417 2380 3473 Ad

797 3538 1048 3594 ﬁrmioris
1075 3544 1250 3588 autem
1277 3530 1462 3601 gratize
1486 3523 1951 3581 conﬁrmationem
1983 3519 2174 3571 iterum
2207 3513 2341 3566 dixit
2365 3527 2376 3562 :

801 3632 987 3687 Pacem
1013 3643 1172 3682 memn
1199 3624 1429 3691 relinquo
1456 3619 1627 3672 rei-is:
1661 3619 1760 3668 hoc
1789 3611 2002 3682 quidem
2050 3607 2272 3662 verbum
2318 3603 2384 3656 do

796 3721 863 3776 ad
893 3735 952 3774 se
974 3719 1239 3773 referens;
1265 3711 1388 3765 illud
1420 3719 1596 3762 autem
1618 3707 1842 3774 ratiuan
1862 3701 1927 3756 ad
1947 3699 2201 3767 Spiritum
2230 3709 2384 3751 sauc-

799 3822 931 3872 tum,
960 3820 1016 3864 ut
1041 3809 1092 3861 iu
1138 3805 1333 3874 Spiritu
1368 3817 1464 3872 per
1492 3799 1760 3852 t1!:ri.~-tum
1808 3791 2168 3862 cognitionem
2209 3785 2383 3840 Patris

797 3903 1044 3971 gentibus
1071 3899 1386 3954 revelarent.
1420 3893 1620 3946 Veram
1651 3887 1804 3942 sicuti
1836 3886 1888 3937 in
1919 3879 2169 3936 resolutis
2209 3891 2383 3931 mem-

802 3995 912 4048 bris
987 3992 1178 4044 anima:
1218 3985 1557 4054 operationcs
1602 3978 1668 4032 ad
1734 3975 1975 4029 saniores
2020 3969 2382 4024 niembroi-um

805 4095 982 4156 partes
998 4088 1312 4139 recurrunt:
1348 4077 1417 4129 ita
1445 4073 1646 4142 patitur
1666 4063 2095 4122 inieiixOrientis
2126 4059 2382 4114 Ecclesia.

803 4179 1072 4234 ltesolutis
1094 4174 1234 4228 enim
1273 4169 1390 4238 ejus
1417 4163 1692 4224 membris,
1726 4173 1899 4227 neque
1929 4156 1996 4210 ob
2026 4154 2227 4223 pulsam
2257 4165 2388 4206 con-

801 4269 1035 4326 cordiam
1061 4264 1237 4319 munia
1263 4275 1358 4314 sua
1407 4253 1626 4324 exsequi
1669 4247 1994 4310 valentibus,
2041 4243 2281 4311 plerique
2320 4237 2388 4291 de

805 4359 1067 4430 expeditis
1095 4364 1149 4410 et
1173 4353 1289 4422 ejus
1318 4348 1586 4404 desiderio
1611 4342 1876 4404 accensis,
1907 4337 2119 4392 exsules
2161 4350 2188 4386 a
2219 4331 2387 4402 patria

808 4467 1071 4515 erramus,
1111 4448 1198 4518 qui
1242 4446 1358 4498 sine
1403 4437 1639 4510 periculo
1681 4444 1736 4490 et
1788 4429 2071 4500 tranquille
2114 4426 2385 4480 alumnam

809 4553 1046 4600 nostram
1075 4537 1308 4594 incolere
1336 4547 1442 4586 non
1474 4529 1740 4599 possimus
1757 4524 1827 4578 ob
1857 4535 2094 4576 amorem
2124 4515 2384 4574 veritatis.

809 4637 978 4701 siquo
1004 4629 1162 4686 modo
1193 4639 1408 4696 paucos,
1438 4622 1525 4690 qui
1556 4606 1729 4672 adhuc
1774 4621 2079 4683 superSunt,
2107 4610 2230 4662 vitae
2273 4607 2388 4661 dies

811 4725 1102 4784 secundum
1144 4718 1484 4784 Evaegeiium
1529 4710 1666 4778 apud
1701 4723 1797 4760 vos
1843 4708 2098 4757 vivamus.
2131 4702 2281 4754 DIAC.
2310 4693 2389 4749 Ad

817 4837 945 4886 nos,
973 4813 1294 4872 venerabilis
1325 4812 1503 4867 Pater.
1553 4820 1581 4857 a
1611 4803 1786 4856 divina
1817 4795 2166 4868 providentia,
2211 4802 2270 4844 ut
2311 4789 2394 4842 vi-

817 4913 940 4972 deo,
972 4910 1164 4964 missus
1186 4919 1245 4960 es
1271 4921 1285 4957 :
1316 4902 1554 4954 dolorem
1577 4895 1716 4949 enim
1751 4904 1897 4944 tumn
1926 4886 2122 4941 nostris
2155 4882 2394 4936 anxieta-

819 5007 959 5060 tibus
979 5008 1394 5056 consentaneuin
1423 4989 1652 5046 invenio.
1678 4983 1852 5039 Credo
1881 4988 2058 5035 autem
2091 4985 2144 5030 te
2165 4988 2285 5028 esse
2329 4986 2398 5026 ex

818 5095 1036 5152 Joannis
1054 5080 1623 5153 (lentuantiuopolitani
1651 5074 1941 5130 consortio.
1970 5071 2150 5125 Ertsc.
2182 5065 2270 5121 Sic
2291 5071 2392 5124 cst,

819 5198 876 5243 ιιι
905 5181 1254 5240 dixisti.D-_sc
1304 5179 1448 5244 Rogo
1480 5183 1534 5225 ut
1565 5173 1673 5225 Deo
1695 5177 1829 5222 teste
1851 5179 2038 5220 narres
2078 5161 2231 5216 nobis
2269 5170 2396 5212 vere

818 5296 879 5334 ea
910 5291 1028 5347 qua:
1066 5269 1369 5340 singillatim
1441 5266 1578 5316 scire
1611 5259 1764 5313 avide
1815 5258 2103 5325 cupimus;
2171 5252 2239 5306 de
2294 5251 2396 5305 isto

819 5379 1028 5427 certus.
1072 5362 1214 5435 quod
1246 5361 1287 5411 si
1316 5357 1438 5426 quid
1469 5362 1660 5424 pr.cter
1685 5349 1964 5401 veritatem
2006 5345 2162 5399 nobis
2192 5343 2400 5397 nuntia.

823 5463 982 5524 veris,
1015 5461 1178 5515 Deum
1210 5452 1426 5508 habebis
1448 5446 1787 5516 qumsitorem
1810 5451 1863 5494 et
1878 5437 2131 5509 judicem;
2162 5434 2403 5504 argueris

824 5568 1034 5627 quoque
1050 5568 1078 5606 a
1101 5549 1256 5605 nobis
1273 5545 1360 5616 qui
1387 5543 1540 5598 aliter
1560 5533 1922 5605 acceperimus
1943 5547 1955 5582 :
1985 5545 2088 5584 non
2108 5529 2247 5583 enim
2267 5540 2403 5580 unus

827 5624 922 5703 aut
948 5647 1100 5706 alter,
1135 5651 1227 5696 aut
1250 5652 1380 5704 tres,
1402 5646 1492 5689 aut
1515 5632 1720 5693 decem,
1776 5635 1869 5680 aut
1901 5624 2283 5694 cujuscumque
2308 5635 2404 5689 ge-

833 5743 975 5796 neris
992 5735 1232 5788 homines
1243 5747 1307 5788 ea
1327 5747 1444 5802 qua:
1466 5718 1924 5790 Constantinopoli
1946 5716 2237 5784 conligere,
2251 5712 2407 5766 nobis

833 5835 1203 5890 denarrarunt,
1229 5823 1319 5880 sed
1345 5801 1546 5894 plures,
1578 5825 1631 5872 et
1655 5830 1719 5869 ex
1747 5812 1854 5867 illis
1880 5811 1971 5865 alii
2000 5804 2260 5878 episcopi,
2317 5801 2409 5856 alii

834 5918 1129 5992 presbyteri
1151 5926 1305 5982 atque
1329 5927 1392 5968 ex
1411 5909 1594 5965 ordine
1607 5905 2012 5961 monachorum.
2041 5897 2194 5968 Quod
2225 5896 2266 5949 si
2293 5907 2414 5948 nos-

836 6028 895 6066 se
910 6015 990 6065 vis
1020 6025 1137 6076 ιςιιῖιι
1155 6005 1217 6060 ad
1246 6001 1532 6060 Ecclesium
1564 5998 1858 6052 Romanam
1889 5995 2262 6064 pervenerunt.
2292 5986 2410 6040 bre-

839 6104 970 6159 “iter
1008 6113 1284 6171 exponam.
1315 6094 1522 6150 Primus
1537 6086 1770 6144 omnium
1797 6083 1864 6138 ad
1886 6097 1983 6138 nos
2008 6081 2152 6137 venit
2175 6079 2408 6136 Alevauo

2457 760 2642 814 drinus
2665 760 2832 813 lector
2855 769 2974 809 cum
2997 751 3279 824 Theophili
3304 752 3461 822 Papa:
3510 753 3703 806 literis.
3750 749 3802 802 in
3849 751 4040 817 audiui

2457 851 2725 906 referebat
2753 864 2810 902 se
2829 844 3139 914 deposuisse
3160 843 3439 899 Joannem.
3460 842 3661 911 Quibus
3685 839 3858 903 lectis,
3905 841 4027 894 bea-

2459 956 2542 999 tus
2572 959 2702 1014 papa
2736 937 3075 995 Innocentius
3109 951 3294 1006 partim
3321 937 3506 999 abfuit.
3537 935 3663 1004 quin
3687 931 4038 986 temeritatem

2459 1035 2737 1106 Theophili
2765 1042 2924 1100 atque
2954 1029 3256 1097 superbiam
3287 1029 3651 1084 condemnatis
3691 1025 4032 1080 exhorresce.-

2462 1139 2565 1188 ret,
2594 1124 2736 1196 quod
2759 1132 2812 1178 et
2840 1122 2985 1175 solus
3006 1121 3331 1191 scripsisset,
3355 1137 3453 1176 nec
3477 1121 3673 1176 claram
3701 1119 3815 1188 ejus
3843 1116 3920 1172 rei
3947 1131 4043 1170 no-

2470 1221 2636 1272 titiam
2665 1217 2914 1276 misissct,
2943 1221 3036 1265 aut
3061 1228 3177 1278 cur,
3208 1223 3301 1267 aut
3327 1215 3518 1282 quibus
3564 1211 3851 1280 assumptis
3877 1208 4038 1265 sociis

2466 1312 2724 1366 Joannem
2749 1306 3100 1375 deposuisset.
3133 1305 3215 1359 Ad
3241 1305 3356 1359 lucc
3376 1305 3569 1359 dubius
3585 1304 3747 1359 animi
3774 1302 4041 1365 manebat.

2465 1403 2761 1458 rescribere
2787 1398 2975 1453 nolens
2997 1396 3064 1450 ob
3095 1395 3170 1450 rei
3197 1404 3360 1462 gesta:
3386 1395 3677 1449 levitatem.
3709 1395 3912 1448 interea
3939 1393 4044 1447 En-

2464 1493 2874 1565 sebiusquidam
2895 1485 3501 1556 Constantinopolitante
3557 1487 3813 1542 Ecclesia:
3863 1488 4044 1541 diaco-

2465 1604 2589 1654 nus,
2619 1588 2708 1658 qui
2761 1597 2886 1640 tunc
2929 1583 3114 1638 Roma:
3163 1588 3278 1634 erat
3329 1576 3810 1631 ecclesiasnicarum
3867 1594 4044 1631 rerum

2467 1695 2646 1744 causa,
2675 1679 2806 1731 adiit
2833 1691 3021 1745 papam
3053 1671 3443 1732 Innocentium,
3474 1675 3528 1721 et
3550 1667 3818 1734 supplices
3846 1667 4049 1721 libellos

2455 1770 2634 1830 ἰιι-(ιιι,
2662 1768 2913 1838 adjuraus
2937 1780 3058 1819 cum
3091 1774 3146 1817 ut
3177 1761 3442 1817 modicmn
3471 1758 3729 1827 temporis
3778 1768 4052 1825 exspecta-

2471 1873 2583 1914 ret:
2617 1859 2731 1913 fore
2751 1858 2892 1912 enim
2919 1864 2976 1908 ut
2996 1853 3143 1907 brevi
3168 1851 3452 1906 factionem
3485 1849 3795 1918 patefactam
3826 1847 4048 1902 videret.

2472 1953 2686 2007 lutcrim
2719 1957 2839 2020 post
2866 1946 3100 2001 triduum
3125 1944 3458 1998 advenerunt
3487 1950 3714 2011 quatuor
3740 1937 3973 2007 episcopi
4022 1956 4054 1991 θ

2470 2043 2710 2114 partibus
2740 2039 2979 2104 Joannis,
3009 2037 3105 2090 viri
3137 2035 3392 2104 religiosi,
3441 2031 3773 2101 Pansi‘pltius
3811 2029 4051 2094 Pisidiw,

2476 2135 2681 2201 i’appaS
2702 2131 2893 2202 Syrias,
2919 2129 3219 2182 Detuctrius
3236 2125 3454 2182 Galatiae
3485 2121 3753 2182 secundas,
3786 2119 4055 2189 Eugenius

2473 2223 2738 2295 Phrygia),
2767 2224 2859 2291 qui
2887 2231 2997 2274 trcs
3027 2219 3281 2288 epistolas
3320 2212 3692 2275 reddiderunt,
3735 2225 3892 2263 unam
3940 2212 4058 2281 qui-

2474 2315 2594 2370 deut
2620 2311 2841 2368 Joannis
2864 2310 3122 2380 episcopi,
3155 2309 3372 2361 alterum
3395 2303 3741 2374 quadraginta
3780 2301 4059 2371 episcopo-

2478 2406 2681 2460 rumde
2706 2402 3081 2458 communione
3121 2399 3360 2460 JOannis,
3396 2395 3606 2449 tertiam
3634 2409 3764 2448 vero
3794 2391 3926 2448 Cleri
3959 2391 4057 2447 Jo-

2477 2499 2631 2551 annis
2660 2515 2672 2550 :
2706 2511 2894 2551 omnes
2925 2495 3061 2548 inter
3077 2507 3135 2546 se
3162 2490 3576 2546 consentientes.
3609 2497 3661 2541 ct
3690 2487 4056 2554 imperitorum

2478 2589 2826 2656 quorumdam
2853 2585 3130 2639 tumultum
3161 2583 3541 2652 signiﬁcantes.
3577 2577 3707 2632 Erat
3747 2590 3922 2632 autem
3966 2577 4058 2630 Ju-

2479 2683 2634 2735 aonis
2659 2679 2896 2749 cpistola:
2925 2679 3043 2731 talis
3073 2686 3388 2730 contextus:

2483 2822 2589 2874 Car
2635 2832 2800 2870 ιι.--‹
2830 2817 3042 2868 Domino
3071 2831 3177 2866 meo
3204 2811 3472 2866 tvnerabit'i
3500 2822 3548 2863 ct
3571 2809 3884 2861 sarit-tissime
3925 2804 4054 2873 Epi-

2613 2929 2763 2979 scopo
2790 2912 3102 2964 lasacrxrto
3126 2905 3361 2960 fomes
3386 2907 3439 2958 in
3463 2903 3684 2956 Domino
3704 2901 3934 2954 salrtem.

2534 3038 3069 3096 ditiamant‘lteras
3114 3032 3540 3103 nostrascpiaer
3563 3030 3811 3098 pietatem
3837 3037 4065 3080 vestram

2482 3131 2766 3187 audivi-sc.
2795 3128 2920 3198 quid
2955 3127 3038 3180 lzi:
3063 3139 3189 3180 ausa
3221 3125 3288 3176 sit
3325 3121 3592 3190 iniquitas.
3637 3119 3891 3172 Malorum
3927 3117 4067 3171 enim

2484 3219 2790 3293 magnitudo
2840 3218 3035 3271 t:nli.un
3079 3215 3190 3269 ἴδω
3229 3215 3373 3267 orbis
3412 3221 3618 3281 partem
3659 3209 3904 3278 reliquit,
3950 3223 4068 3276 qua"

2485 3317 2623 3370 lianc.
2647 3313 2894 3368 acerbam
2924 3307 3232 3373 tracta-tiara
3257 3321 3360 3358 non
3387 3304 3645 3367 audierit;
3677 3300 3771 3355 sed
3802 3310 4068 3370 gestorum

2487 3410 2624 3461 iiuna
2655 3419 2819 3473 usque
2846 3401 2910 3452 aal
2944 3403 3075 3452 .‘ines
3100 3407 3252 3450 terra‘
3279 3395 3496 3463 perlata,
3525 3393 3747 3462 plurima
3774 3391 3970 3459 ubique
3993 3390 4071 3443 ιιι-

2488 3509 2663 3553 menta
2691 3505 2745 3550 et
2771 3493 2996 3560 ejulatus
3025 3487 3330 3544 coinnmvit.
3357 3484 3551 3536 Verum
3575 3482 3823 3552 quoniam
3855 3496 3959 3534 non
3986 3494 4072 3531 so-

2489 3591 2597 3644 lum
2622 3588 2872 3659 plangere
2903 3584 3074 3644 deret,
3105 3578 3197 3634 sed
3226 3589 3276 3633 ct
3308 3576 3616 3640 emendare,
3656 3585 3707 3628 et
3742 3573 3924 3628 videre
3965 3588 4073 3640 qui,

2489 3693 2643 3752 pacto
2669 3681 2977 3748 gravzssuna
3010 3675 3095 3727 illa
3130 3671 3380 3726 Ιῦιτιῖιιτείτιξ
3404 3679 3694 3736 tempeatas
3719 3667 3950 3725 sedetur.
3974 3679 4071 3718 ne-

2487 3774 2776 3829 cessarium
2824 3785 2943 3822 esse
2990 3767 3267 3830 duxiinus,
3314 3762 3560 3816 dominos
3598 3775 3748 3814 meos
3788 3758 4072 3812 admodum

2488 3863 2818 3922 venerabiles
2843 3872 2896 3916 et
2923 3857 3351 3928 religiosissimos
3389 3854 3665 3922 cpisc0po:i
3714 3850 4072 3913 Demetrium,

2487 3956 2868 4026 l’ausopliituu,
2897 3954 3130 4019 l'appnm
3160 3961 3213 4004 et
3237 3948 3525 4018 [ing-mium
3557 3944 3776 4004 ltot'lztt‘i.
3808 3953 3867 3997 ut
3892 3942 4076 3997 Eccle-

2490 4050 2597 4102 sias
2629 4061 2753 4101 suas
2793 4046 3172 4112 relinquerent,
3204 4049 3258 4092 et
3285 4048 3431 4092 tanto
3461 4053 3519 4092 se
3560 4035 3747 4105 pelago
3771 4033 4073 4088 committe-

2492 4149 2632 4200 rent,
2663 4145 2717 4192 et
2755 4137 2964 4205 longam
3004 4132 3215 4186 obirent
3259 4127 3761 4199 peregrinationem.
3803 4133 3856 4176 et
3891 4121 3956 4176 ad
3988 4135 4078 4174 ve-

2492 4240 2656 4286 stram
2713 4228 2987 4284 caritatem
3036 4230 3396 4285 recurrerent,
3447 4230 3604 4285 atque
3646 4212 3892 4269 omnibus
3931 4211 4076 4266 clare

2492 4323 2746 4394 expositis
2805 4317 3260 4388 promptissimum
3327 4310 3622 4368 remedium
3685 4315 4074 4375 compararent.

2493 4417 2622 4472 Cum
2652 4413 2842 4485 quibus
2865 4407 3306 4465 honoratissimus
3335 4403 3558 4456 dilectos
3577 4399 3828 4452 diaconos
3855 4395 4076 4449 Paulum

2494 4519 2550 4566 ct
2576 4510 2858 4580 Cyriacum
2886 4503 3147 4558 misimus.
3177 4499 3240 4550 Et
3263 4495 3334 4547 illi
3358 4493 3593 4563 quidem,
3622 4499 3679 4545 ut
3706 4491 3756 4543 iii
3780 4491 3946 4542 forma
3969 4489 4079 4556 epi-

2495 4601 2665 4660 stolae,
2685 4615 2803 4666 (ιιι-ιε
2822 4598 2906 4649 hie
2925 4602 3070 4661 genta
3093 4599 3218 4642 sunt
3244 4598 3469 4640 vestram
3494 4585 3764 4640 caritatem
3788 4582 4077 4636 docebunt.

2496 4689 2822 4756 Theophilus
2847 4687 2986 4737 enim
3010 4677 3265 4734 Alesand:
3282 4677 3381 4731 ina:
3410 4675 3659 4730 Ecelesi:e
3683 4673 3932 4737 antistes,
3959 4684 4080 4722 cum

2499 4798 2528 4834 a
2557 4778 2873 4849 quibusdam
2900 4772 3038 4842 apud
3072 4771 3363 4840 piissimum
3396 4767 3774 4836 Imperatorem
3805 4759 4080 4816 insimula-

2500 4881 2666 4928 retur.
2699 4869 2880 4936 jussus
2901 4865 3048 4918 solus
3085 4864 3286 4925 venire,
3315 4861 3535 4916 collecta
3560 4857 3895 4913 multitudine
3917 4853 4082 4923 .Egy-

2501 4963 2734 5033 ptiorum
2777 4975 2882 5013 non
2929 4970 3214 5027 paucorum
3249 4952 3460 5008 advenit
3491 4969 3505 5004 :
3537 4965 3604 5005 eo
3643 4947 3790 5002 velut
3831 4944 4084 5014 prmludio

2502 5056 2773 5111 declarare
2800 5052 3004 5114 volens,
3047 5065 3107 5105 se
3152 5048 3218 5103 ad
3267 5047 3463 5102 bellum
3513 5050 3569 5097 et
3612 5040 3848 5110 praalium
3879 5037 4078 5091 venire.

2504 5149 2705 5206 Deinde
2742 5161 2986 5218 magnam
3025 5153 3078 5199 et
3119 5143 3209 5197 Dei
3238 5149 3503 5194 amantem
3540 5131 3870 5188 Constantini
3899 5131 4080 5183 urbem

2505 5245 2794 5312 ingressus,
2823 5240 3102 5293 ecclesiam
3129 5251 3232 5288 non
3258 5231 3386 5284 adiit
3406 5229 3554 5298 juxta
3584 5239 3786 5279 morem
3829 5221 4085 5275 hactenus

2505 5338 2873 5397 observatum,
2921 5344 3092 5399 neque
3142 5326 3414 5380 nobiscum
3466 5330 3781 5388 congressus
3832 5323 3943 5378 cst,
3987 5328 4086 5368 nec

2509 5429 2793 5501 participes
2823 5441 2920 5480 nos
2945 5422 3206 5478 sermonis
3231 5416 3374 5476 fecit,
3407 5427 3510 5466 non
3543 5425 3777 5480 preemu,
3807 5424 3910 5461 non
3940 5421 4084 5462 com-

2513 5521 2810 5584 munionis;
2842 5518 2936 5573 sed
2965 5525 3211 5584 egressus
3239 5523 3270 5562 e
3300 5503 3450 5569 navi,
3478 5513 3528 5557 et
3559 5500 3876 5556 vestibulum
3911 5500 4085 5555 eccle-

2513 5616 2605 5671 siae
2651 5621 3079 5685 prtetergressus,
3121 5600 3316 5656 alicubi
3362 5607 3508 5652 extra
3559 5595 3742 5650 urbem
3791 5593 4088 5650 diversatus

2512 5718 2596 5762 est
2625 5725 2637 5759 :
2667 5715 2721 5761 et
2757 5719 2879 5759 eum
2919 5697 3142 5754 multum
3188 5691 3544 5752 liortaremnr,
3575 5694 3633 5739 ut
3671 5686 3783 5755 ipse
3826 5694 3880 5742 et
3923 5686 3958 5740 ii
4001 5687 4090 5756 qui

2515 5815 2633 5856 cum
2663 5813 2729 5854 eo
2757 5796 3033 5849 venerant.
3057 5784 3194 5854 apud
3220 5797 3318 5837 nos
3345 5779 3736 5835 diversarentur
3758 5780 3930 5852 (erant
3949 5777 4092 5834 enim

2518 5890 2694 5945 omnia
2717 5891 2921 5957 parata,
2949 5888 3004 5934 et
3030 5874 3323 5932 diversoria
3344 5879 3398 5928 et
3415 5879 3607 5926 cmtera
3629 5871 3973 5938 necessaria),
4003 5881 4096 5922 nec

2517 5999 2620 6054 que
2665 5979 2742 6036 illi
2787 5987 2959 6043 neque
3001 5970 3114 6040 ipse
3157 5964 3441 6038 acquievit.
3486 5963 3612 6022 Haec
3658 5975 3713 6021 ιιι
3751 5965 4012 6020 vidimus,
4046 5958 4095 6006 in

2526 6075 2757 6130 maxima
2781 6078 2996 6124 eramus
3021 6060 3308 6126 anxietate,
3331 6058 3421 6131 qui
3446 6072 3513 6116 nc
3537 6073 3750 6115 causam
3778 6064 3990 6128 quisae;
4022 6047 4101 6099 ξι.-
