4494 6696
810 578 844 630 9
2029 578 2393 637 PALLLADII
2429 579 2678 637 DIALOG
2688 579 2773 637 US
4000 592 4073 648 {ﬂ

802 694 922 748 τίαν
952 691 1238 763 δυνάμενοι
1266 694 1363 763 τῆς
1388 691 1575 746 ἀδίκου
1607 693 1809 763 ταύτης
1849 693 2149 763 ἀπεχθείας
2174 696 2373 766 εὐρεῖν’

804 777 918 831 ἀλλ’
951 778 1101 847 ὅμως
1142 777 1210 830 τά
1251 779 1380 846 παρ’
1412 778 1621 830 ἐαυτῶν
1670 776 2043 847 ἐπληροῦμεν,
2082 780 2143 833 τὸ
2174 779 2385 849 πρέπον

805 862 938 932 ἡμῖν
969 861 1149 923 αὐτοῖς
1174 857 1472 925 ποιοῦντες,
1506 861 1600 914 καλ⁸
1643 860 1882 929 συνεχῶς
1914 861 2078 913 αὐτὸν
2128 875 2385 932 παρακαυ

805 945 1025 1008 λοῦντες
1072 943 1430 1011 συγγενέσθαι
1464 947 1616 1014 ἡμῖν,
1649 946 1740 997 καὶ
1794 946 1967 997 εἰπεῖν
2009 946 2152 1008 τίνος
2198 946 2383 998 ἐνεκεν

807 1027 1056 1082 τοσοῦτον
1085 1027 1149 1080 ἐκ
1178 1028 1481 1098 προοιμίων
1526 1028 1844 1098 ἀνερῥίπισε
1881 1027 2136 1097 πόλεμον,
2169 1029 2261 1082 καὶ
2289 1045 2384 1096 τη·-

808 1110 1066 1179 λικαύτην
1098 1110 1446 1165 ἐσκανδάλισε
1472 1110 1646 1163 πόλιν.
1692 1111 1777 1174 Ὠς
1802 1111 1858 1164 δέ
1896 1111 2013 1164 οὐδέ
2036 1112 2207 1176 οὕτως
2234 1111 2385 1164 ἐϐού-

806 1194 928 1247 λετο
960 1193 1143 1262 λέγειν
1179 1195 1279 1264 τὴν
1310 1194 1507 1254 αἰτίαν,
1558 1194 1610 1246 οἵ
1636 1211 1695 1245 τε
1746 1193 2181 1265 κατηγοροῦντες
2222 1193 2385 1247 αὐτοῦ

808 1278 1110 1342 ἐπέκειντο,
1147 1276 1380 1339 καλέσας
1411 1278 1557 1346 ἡμᾶς
1603 1280 1631 1330 ό
1677 1277 2065 1341 εὐσεϐέστατος
2112 1278 2383 1349 βασιλεὺς,

809 1360 1061 1413 ἐκέλευσε
1113 1358 1306 1429 πέραν,
1361 1356 1491 1411 ἔνθα
1545 1358 1830 1429 διέτριϐεν,
1886 1360 2127 1425 ἀπιέναι,
2168 1358 2387 1429 καὶτῆς

809 1443 929 1496 κατ’
959 1440 1123 1495 αὐτὸν
1156 1439 1375 1493 ἀκούειν
1424 1441 1751 1504 ὑποθέσεως.
1794 1443 1905 1494 Καὶ
1934 1442 2044 1513 γὰρ
2065 1442 2250 1510 ἔφοδον
2294 1441 2388 1494 κα)⁵

810 1524 1020 1593 σφαγάς
1055 1524 1148 1576 καὶ
1180 1522 1343 1594 ἐτερα
1370 1523 1657 1576 ἐνεκάλουν
1692 1523 1877 1594 μυρία.
1920 1524 2059 1577 Ἀλλ’
2087 1526 2246 1595 ἡμεῖς
2292 1521 2387 1576 καὶ

807 1609 933 1671 τοὺς
970 1607 1166 1678 νόμους
1195 1606 1303 1659 τῶν
1340 1606 1608 1675 πατέρων,
1637 1606 1731 1659 καὶ
1762 1608 1851 1659 τὸν
1875 1608 2047 1679 ἀνδρα
2081 1605 2387 1676 αἰδούμενοι

808 1692 903 1744 καὶ
932 1690 1221 1759 τιμῶντες,
1259 1693 1353 1741 καὶ
1407 1688 1571 1740 αὐτοῦ
1592 1706 1652 1741 τε
1690 1687 1761 1741 τά
1805 1689 2111 1761 γράμματα
2153 1690 2384 1759 ἔχοντες,

812 1774 887 1845 μὴ
915 1773 1023 1825 δεῖν
1051 1772 1347 1841 ὑπερορίας
1380 1771 1630 1823 ἕλκεσθαι
1656 1771 1755 1834 τὰς
1799 1772 1975 1837 δίκας,
2028 1774 2143 1827 ἀλλ’
2174 1775 2231 1825 ἐν
2267 1775 2389 1834 ταῖς

811 1856 969 1918 ίδίαις
1001 1854 1291 1925 ἐπαρχίαις
1341 1853 1409 1906 τά
1458 1854 1565 1906 τῶν
1596 1856 1875 1926 ἐπαρχιῶν
1906 1856 2299 1927 γυμνάζεσθαι,
2326 1857 2387 1908 οὐ

810 1936 1215 2008 κατεδεξάμεθα
1243 1936 1478 2001 δικάσαι,
1512 1937 1647 1990 ἀλλά
1680 1939 1816 2007 μετά
1839 1939 2041 2009 πολλῆς
2066 1937 2393 2011 παρῃτησά-

815 2024 956 2093 μεθα
980 2022 1079 2091 τῆς
1114 2020 1492 2093 σφοδρότητος.
1536 2022 1595 2073 Ὀ
1636 2021 1711 2081 δὲ,
1740 2022 1930 2093 ῶσπερ
1958 2025 2069 2085 τοῖς
2106 2022 2388 2091 προτέροις

812 2104 1306 2174 ἐπαγωνιζόμενος,
1339 2104 1431 2155 τὸν
1461 2105 1834 2174 ἀρχιδιάκονον
1865 2105 2098 2167 καλέσας
2124 2105 2215 2156 τὸν
2259 2103 2391 2173 ἐμὸν

814 2187 875 2252 ἐξ
916 2186 1201 2249 αὐθεντίας
1253 2185 1472 2255 πολλῆς,
1531 2186 1720 2256 ὥσπερ
1764 2187 2114 2257 χηρευσάσης
2145 2188 2248 2258 ἤδη
2289 2187 2392 2256 τῆς

826 2268 1153 2339 Ἐκκλησίας
1182 2268 1278 2321 καὶ
1323 2267 1422 2319 οὐκ
1466 2267 1698 2337 ἐχούσης
1732 2267 2049 2332 ἐπίσκοπον,
2079 2269 2146 2322 δι’
2179 2270 2390 2323 ἐκείνου

810 2352 902 2405 τὸν
941 2351 1141 2423 κλῆρον
1164 2351 1341 2404 πάντα
1367 2350 1503 2424 πρὸς
1528 2352 1720 2404 ἑαυτὸν
1749 2353 2098 2423 μετέστησεν.
2129 2355 2241 2407 Καὶ
2258 2354 2391 2407 ἀνά-

814 2452 998 2488 στατοι
1057 2436 1113 2487 αἱ
1154 2433 1473 2504 Ἐκκλησίαι
1507 2434 1765 2501 ἐγίνοντο,
1797 2436 2163 2505 ἀπαγομένων
2200 2436 2307 2488 τῶν
2335 2439 2394 2489 ἐν

811 2518 1019 2590 ἑκάστῃ
1044 2516 1344 2587 κληρικῶν,
1391 2518 1485 2569 καὶ
1514 2518 2090 2587 παρασκευαζομένων
2119 2518 2395 2582 λιϐέλλους

810 2600 1012 2654 διδόναι
1041 2600 1164 2653 καθ’
1218 2599 1398 2669 ἡμῶν,
1437 2600 1533 2653 καὶ
1574 2600 1711 2672 πρὸς
1744 2602 2083 2671 κατηγορίαν
2112 2602 2397 2672 ἀλειφομέ-

812 2702 939 2738 νων.
961 2686 1072 2738 Καὶ
1103 2684 1276 2737 ταῦτα
1312 2686 1570 2754 ποιήσας,
1620 2685 1837 2755 ἔπεμπε
1885 2686 1979 2738 καὶ
2004 2685 2188 2739 ἐκάλει
2211 2688 2291 2748 είς
2318 2687 2396 2738 δι-

814 2768 1111 2837 καστήριον
1136 2768 1303 2837 ἡμᾶς,
1327 2766 1537 2821 οὐδέπω
1559 2768 1659 2830 τὰς
1681 2767 1802 2820 καθ’
1837 2767 2025 2819 ἐαυτὸν
2052 2768 2396 2837 ἀποδυσάμε-

814 2867 904 2913 νος
937 2850 1137 2913 αἰτίας·
1171 2850 1201 2903 6
1248 2851 1485 2921 μάλιστα
1521 2851 1618 2904 καὶ
1651 2849 1805 2921 παρά
1834 2850 2069 2913 κανόνας
2098 2851 2193 2903 καὶ
2242 2851 2395 2920 παρά

814 2932 1027 2994 πάντας
1077 2931 1278 3003 νόμους
1310 2929 1400 3003 ἦν.
1469 2932 1609 2985 Ἀλλ’
1658 2934 1819 3003 ἡμεῖς
1871 2931 2189 2995 συνειδότες,
2224 2933 2305 2985 δτι
2334 2932 2394 2984 οὐ

820 3016 961 3084 πρὸς
987 3015 1246 3086 δικαστὴν
1270 3015 1649 3087 ἀφικνούμεθα
1674 3012 1730 3085 (ἦ
1756 3016 1864 3087 γὰρ
1886 3016 2144 3086 μυριάκις
2167 3014 2232 3069 ἂν
2257 3032 2399 3086 παρ-

816 3098 1173 3168 εγενόμεθα),
1220 3098 1356 3152 ἀλλά
1398 3099 1537 3171 πρὸς
1587 3098 1779 3169 ἐχθρὸν
1825 3101 1920 3152 καὶ
1950 3098 2226 3170 πολέμιον,
2264 3098 2399 3152 καθ-

816 3184 961 3251 άπερ
1006 3181 1078 3235 τά
1125 3181 1434 3253 ἔμπροσθεν
1462 3184 1557 3236 καὶ
1592 3181 1663 3234 τὰ
1709 3180 1849 3252 μετὰ
1900 3180 2073 3235 ταῦτα
2109 3182 2394 3252 ἐδήλωσεν,

816 3263 1237 3335 ἀπεστάλκαμεν
1263 3265 1400 3335 πρὸς
1416 3265 1578 3318 αὐτὸν
1607 3264 1959 3328 ἐπισκόπους,
1989 3265 2083 3317 τὸν
2119 3265 2399 3318 Πισινοῦν-

814 3366 905 3413 τος
941 3348 1277 3419 Δημήτριον,
1324 3348 1416 3400 τὸν
1456 3348 1759 3419 Ἀπαμείας
1798 3348 2091 3412 Εὐλύσιον,
2140 3349 2233 3402 τὸν
2265 3349 2399 3401 Ἀπ-

818 3432 1043 3503 πιαρίας
1079 3431 1504 3484 Λουππικιανόψ
1561 3430 1969 3503 πρεσϐυτέρους
2012 3432 2071 3486 δὲ
2120 3432 2401 3503 Γερμανδν

818 3515 913 3567 καὶ
933 3512 1192 3585 Σευῆρον,
1228 3514 1365 3583 μετά
1395 3515 1494 3584 τῆς
1518 3514 1900 3585 προσηκούσης
1926 3517 2062 3584 ἡμῖν
2100 3516 2404 3579 ἐπιεικείας

819 3596 1266 3668 ἀποκρινόμενοι,
1304 3598 1400 3649 καὶ
1430 3596 1703 3665 λέγοντες,
1740 3598 1815 3668 μὴ
1849 3598 2230 3667 παραιτεῖσθαι
2282 3599 2403 3669 κρί-

818 3697 923 3744 σιν,
960 3678 1075 3732 ἀλλ’
1110 3677 1306 3750 ἐχθρὸν
1360 3680 1451 3732 καὶ
1486 3679 1745 3749 πολέμιον
1773 3680 2023 3749 φανερόν.
2077 3680 2136 3732 '0
2173 3679 2283 3751 γάρ
2320 3681 2401 3733 λι-

817 3761 1041 3824 ϐέλλους
1082 3761 1309 3831 μηδέπω
1363 3761 1678 3832 δεξάμενος,
1714 3764 1809 3814 καὶ
1853 3760 2077 3815 τοιαῦτα
2103 3763 2169 3815 ἐκ
2209 3778 2400 3832 προοι-

820 3845 960 3914 μίων
983 3844 1235 3914 ποιήσας,
1270 3846 1363 3898 καὶ
1387 3845 1701 3917 ἀπορρήξας
1716 3844 1908 3898 ἑαυτὸν
1950 3844 2279 3915 Ἑκκλησίας
2305 3847 2400 3900 καὶ⁵

816 3928 1105 3989 κοινωνίας
1136 3928 1230 3981 καὶ
1258 3928 1446 3997 εὐχῆς,
1485 3928 1582 3981 καὶ
1624 3928 1962 3999 κατηγόρους
1989 3928 2251 3997 ἀλείφων,
2305 3931 2403 3981 καὶ

820 4013 1022 4082 κλῆρον
1074 4008 1355 4081 μεθιστὰς,
1391 4009 1487 4062 καὶ
1526 4009 1855 4079 Ἐκκλησίας
1893 4008 2136 4080 ἐρημῶν,
2179 4010 2296 4072 πῶς
2334 4009 2402 4062 ἂν

819 4094 908 4164 εἴη
937 4093 1145 4155 δίκαιος
1182 4092 1379 4143 ἐπὶτδν
1422 4091 1516 4144 τοῦ
1573 4090 1830 4145 δικαστοῦ
1875 4092 2065 4163 θρόνον
2106 4091 2398 4161 ἀναϐῆναι,

817 4176 1117 4248 οὐδαμόθεν
1156 4173 1305 4244 αὐτῷ
1345 4176 1723 4247 προσήκοντας
1770 4173 1909 4228 Οὔτε
1966 4176 2076 4247 γάρ
2106 4175 2402 4229 ἀκόλουθον

816 4256 887 4331 ἢν
914 4261 1006 4313 τὸν
1041 4257 1103 4322 ἐξ
1148 4257 1428 4325 Αἰγύπτου
1478 4260 1558 4321 είς
1609 4258 1832 4329 Θράκην
1868 4258 2132 4324 δικάζειν,
2176 4259 2273 4312 καὶ
2310 4258 2403 4311 τὸν

820 4341 1124 4395 ὑπεύθυνον
1178 4339 1307 4392 δντα
1355 4339 1563 4403 αἰτιῶν,
1613 4339 1709 4392 καὶ
1753 4339 1947 4409 ἐχθρὸν
1995 4340 2088 4392 καὶ
2120 4339 2397 4409 πολέμιον.

834 4424 974 4478 Ἀλλ’
1010 4423 1160 4493 ὅμως
1196 4421 1347 4475 οὐδὲν
1372 4421 1576 4474 τούτων
1615 4421 1899 4485 αἰδεσθεὶς,
1931 4421 2046 4475 ἀλλ’
2077 4422 2214 4491 ὅπερ
2244 4422 2399 4475 ἐϐού-

821 4509 964 4569 λετο,
995 4504 1283 4576 πληρῶσαι
1302 4507 1673 4575 ἐπειγόμενος,
1704 4505 1863 4576 ἡμῶν
1895 4506 2275 4576 δηλωσάντων,
2314 4506 2397 4559 ὅτι

821 4593 1048 4660 ἕτοιμοι,
1080 4589 1175 4642 καὶ
1200 4588 1395 4641 ἐκατόν
1431 4589 1524 4640 καὶ
1542 4587 1727 4658 χιλίων
1749 4587 2063 4642 ἐπισκόπων
2092 4588 2395 4659 παρόντων,

821 4671 1194 4728 ἀποδύσασθαι
1216 4670 1289 4721 τὰ
1328 4670 1675 4739 ἐγκλήματα,
1714 4671 1807 4721 καὶ
1838 4668 2007 4733 δεῖξαι
2037 4671 2196 4733 ὖντας
2225 4672 2399 4724 καθα-

828 4756 955 4819 ροῦς
987 4754 1235 4816 ἐαυτοὺς,
1276 4751 1464 4821 ῶσπερ
1506 4746 1598 4803 οὖν
1629 4752 1723 4803 καὶ
1752 4751 1938 4820 ἐσμὲν,
1987 4752 2088 4804 οὐκ
2124 4753 2401 4822 ⁴ἠνέσχετο·

824 4840 939 4893 ἀλλ’
973 4837 1220 4891 ἀπόντων
1252 4834 1431 4905 ἡμῶν,
1465 4834 1555 4887 καὶ
1577 4832 1794 4887 σύνοδον
1823 4833 2284 4903 ἐπικαλουμένων,
2309 4836 2406 4888 καὶ

828 4922 1006 4991 κρίσιν
1042 4921 1459 4990 ἐπιζητούντων,
1501 4917 1597 4969 καί
1637 4917 1901 4987 ἀκρόασιν
1954 4916 2016 4968 οὐ
2073 4916 2401 4985 φευγόντων,

826 5004 944 5056 ἀλλ’
985 5002 1283 5072 ἀπέχθειαν
1345 4997 1605 5068 φανεράν,
1638 5000 1732 5052 καί⁵
1781 4999 2121 5069 κατηγόρους
2168 4998 2401 5068 ἐδέχετο,

826 5089 923 5140 καὶ
952 5087 1078 5147 τοὺς
1113 5084 1245 5153 παρ’
1280 5082 1418 5151 ἐμοῦ
1472 5080 1785 5149 δεδεμένους
1838 5083 2017 5144 ἔλυσε,
2073 5082 2167 5135 καί¹
2223 5082 2403 5136 αὐτῶν

828 5170 1049 5223 ἐκείνων
1069 5167 1283 5221 οὐδέπω
1315 5165 1381 5218 τά
1412 5164 1733 5233 ἐγκλήματα
1754 5165 2193 5235 ἀποδυσαμένων,
2220 5166 2402 5219 λιϐέλ-

836 5263 950 5316 κους
994 5252 1286 5322 ἐλάμϐανε,
1337 5249 1429 5302 καὶ
1479 5248 1849 5317 ὑπομνήματα
1910 5249 2197 5317 ἔπραττεν,
2258 5249 2404 5322 ἅπερ

833 5340 1044 5388 ᾶπαντα
1074 5334 1226 5403 παρὰ
1262 5332 1461 5401 θεσμὸν
1501 5330 1594 5385 καὶ¹
1624 5331 1824 5383 κανόνα
1862 5332 1955 5383 καὶ
1980 5331 2293 5383 ἀκολουθίαν
2314 5328 2400 5403 ῆν.

832 5414 939 5472 Καὶ
962 5417 1035 5487 (τί
1065 5417 1175 5486 γάρ
1220 5414 1300 5467 δεῖ
1354 5413 1525 5466 πολλὰ
1571 5413 1810 5482 λέγειν;)
1858 5414 1960 5466 οὐκ
1989 5412 2201 5479 ἀπέστη
2232 5411 2407 5466 πάντα

834 5500 997 5553 ποιῶν
1029 5500 1123 5553 καὶ
1153 5495 1693 5568 πραγματευόμενος,
1730 5495 1834 5559 ἕως
1872 5496 2020 5565 ἡμᾶς
2072 5495 2212 5564 μετά
2250 5494 2408 5547 δυναο

830 5582 1013 5644 στείας
1040 5583 1133 5634 καὶ
1155 5579 1442 5641 αὐθεντίας
1466 5577 1681 5645 ἀπάσης
1714 5579 1807 5629 καὶ
1833 5578 1932 5646 τῆς
1953 5577 2158 5639 πόλεως
2188 5577 2281 5630 καὶ
2308 5577 2407 5646 τῆς

850 5666 1165 5734 Εκκλησίας
1193 5665 1465 5728 ἐξέϐαλεν·
1498 5660 1749 5729 καὶπρὸς
1787 5661 2023 5729 ἑσπέραν
2055 5660 2292 5731 βαθεῖαν,
2310 5661 2404 5714 τοῦ

830 5751 1005 5821 δήμου
1040 5747 1240 5809 παντὸς
1268 5748 1397 5817 ἡμῖν
1422 5742 1848 5813 συσσυρομένου,
1865 5744 2150 5813 ἑλκόμενος
2182 5744 2286 5797 ὐπδ
2311 5743 2405 5797 τοῦ

835 5830 1169 5904 κουριωσσοῦ
1199 5830 1300 5899 τῆς
1334 5830 1541 5890 πόλεως
1575 5828 1633 5878 ἐν
1666 5824 1809 5896 μέσῃ
1843 5828 1908 5896 τῇ
1940 5828 2109 5890 πόλει,
2145 5829 2239 5881 καὶ
2270 5827 2405 5898 πρὸς

839 5915 959 5983 βίαν
988 5914 1279 5987 συρόμενος
1314 5911 1648 5979 κατηγόμην,
1682 5910 1774 5961 καὶ
1812 5911 1889 5971 είς
1922 5910 2100 5964 πλοῖον
2121 5910 2405 5964 ἐνεϐαλλό-

842 6016 967 6069 μην,
1006 5999 1097 6052 καὶ
1126 5998 1212 6051 διά
1249 5995 1440 6057 νυκτὸς
1496 5990 1784 6057 ἀπέπλεον,
1834 5992 1948 6043 ἐπεὶ
2009 5993 2223 6047 σύνοδον
2268 5992 2401 6063 πρὸς

2479 694 2696 749 δικαίαν
2724 693 2905 767 κρίσιν
2941 693 3186 749 ἐκάλουν.
3218 695 3313 760 Τίς
3346 694 3411 749 ἂν
3445 692 3613 748 ταῦτα
3643 692 3938 766 ἀδακρυτὶ,
3964 701 4073 755 κάν

2479 774 2689 848 λιθίνην
2719 778 2817 850 ἔχῃ
2850 776 3095 848 καρδίαν,
3124 778 3366 850 ἀκούσῃ
3404 779 3543 832 Ἀλλ’
3570 776 3777 847 ἐπειδὴ,
3815 779 4068 835 καθάπευ

2482 859 2655 932 ἔφθην
2680 861 2870 925 εἰπὼν,
2920 861 2980 913 οὐ
3021 859 3238 931 θρηνεῖν
3268 863 3350 916 δεῖ
3384 864 3563 935 μόνον,
3618 861 3754 916 ἀλλὰ
3792 864 3887 917 καὶ
3922 863 4071 937 διορ-

2484 942 2632 1009 θοῦν,
2669 946 2768 1016 τὴν
2807 944 3076 1015 ὑμετέραν
3124 945 3348 1016 ἀγάπην
3380 946 3685 1019 παρακαλῶ
3713 946 4068 1015 διαναστῆναι

2484 1029 2581 1081 καὶ
2611 1030 2964 1099 συναλγῆσαι,
3012 1029 3106 1081 καὶ
3144 1031 3326 1084 πάντα
3378 1032 3626 1101 ποιῆσαι,
3684 1031 3825 1084 ῶστε
3876 1029 4063 1099 στῆναι

2484 1116 2643 1167 ταυτὶ
2673 1115 2742 1169 τά
2764 1115 2926 1168 κακά.
2965 1112 3100 1166 Οὐδὲ
3129 1115 3238 1185 γάρ
3260 1115 3496 1169 ἐνταῦθα
3512 1116 3579 1169 τά
3594 1116 3693 1185 τῆς
3722 1114 4074 1187 παρανομίας

2487 1195 2667 1249 αὐτῶν
2707 1197 3018 1262 κατέλυσεν,
3056 1195 3194 1248 ἀλλά
3239 1198 3335 1249 καὶ
3371 1198 3510 1267 μετά
3535 1198 3707 1251 ταῦτα
3726 1200 3840 1262 τοῖς
3870 1195 4072 1269 προτέ-

2490 1294 2603 1347 ροις
2630 1279 2980 1333 ἐπαπεδύετο.
3021 1278 3240 1348 Ἐπειδὴ
3273 1280 3383 1349 γὰρ
3427 1283 3456 1333 ὁ
3494 1281 3883 1345 εὐσεϐέστατος
3915 1280 4072 1351 βασι-

2489 1359 2613 1424 λεὺς
2648 1362 3096 1430 ἐπιπηδήσαντας
3130 1363 3195 1431 τῇ
3244 1361 3541 1432 Ἐκκλησία
3574 1362 3941 1432 ἀναισχύντως
3974 1365 4072 1416 καὶ

2488 1442 2690 1508 ἀδίκως
2742 1442 3014 1509 ἐξέϐαλεν,
3054 1443 3148 1495 καὶ
3179 1440 3364 1495 πολλοὶ
3398 1442 3505 1494 τῶν
3533 1445 3847 1497 ἐπισκόπων
3872 1445 4072 1507 ἰδόντες

2490 1525 2669 1578 αὐτῶν
2696 1526 2794 1595 τὴν
2845 1524 3189 1596 παρανομίαν
3243 1526 3321 1587 είς
3345 1523 3414 1576 τά
3443 1524 3652 1577 ἑαυτῶν
3691 1526 4069 1597 ἀνεχώρησαν,

2489 1608 2588 1676 τὴν
2613 1609 2798 1677 ἐφοδον
2827 1608 3003 1661 αὐτῶν
3039 1608 3229 1679 ῶσπερ
3256 1607 3432 1677 πυρὰν
3458 1606 3635 1659 πάντα
3669 1608 4072 1678 ἐπινεμομένην

2493 1691 2806 1759 φεύγοντες
2833 1695 2997 1763 ἡμεῖς
3037 1692 3135 1761 μὲν
3166 1691 3327 1745 πάλιν
3353 1692 3432 1755 είς
3456 1690 3556 1761 τὴν
3592 1690 3746 1743 πόλιν
3775 1692 4075 1744 ἀνεκαλού-

2494 1774 2634 1843 μεθα
2666 1776 2762 1828 καὶ
2807 1779 2888 1839 είς
2912 1777 3008 1845 τὴν
3056 1775 3403 1844 Ἐκκλησίαν,
3442 1770 3512 1846 ῆς
3539 1774 3742 1838 ἀδίκως
3772 1773 4071 1845 ἐξεϐλήθη-

2494 1874 2615 1927 μεν,
2655 1859 2969 1913 ἐπισκόπων
3017 1874 3077 1910 τε
3115 1859 3265 1927 ἡμᾶς
3300 1859 3595 1930 τριάκοντα
3634 1860 4071 1928 εἰσαγαγόντων,

2490 1941 2700 1993 καὶτοῦ
2740 1939 3159 1993 θεοσεϐεστάτου
3201 1940 3465 2009 βασιλέως
3517 1943 3765 2013 νοτάριον
3812 1944 3891 2004 είς
3915 1939 4077 1995 τοῦτο

2485 2023 2932 2088 ἀποστείλαντος
2960 2026 3165 2086 ἐκεῖνος
3208 2024 3265 2075 δὲ
3316 2025 3714 2095 ἐδραπέτευσεν
3742 2024 3962 2087 εὐθέως,
3986 2023 4072 2076 τί-

2493 2124 2581 2169 νος
2623 2107 2811 2162 ἐνεκεν
2844 2110 2935 2160 καὶ
2966 2106 3054 2160 διά
3084 2106 3158 2169 τί,
3208 2105 3283 2175 μὴ
3316 2107 3695 2173 γινώσκοντες.
3725 2106 4077 2169 Εἰσελθόντες

2492 2192 2585 2249 οὖν
2626 2194 3040 2267 παρεκαλοῦμεν
3069 2193 3160 2246 τὸν
3208 2192 3625 2246 θεοσεϐέστατον
3659 2192 3902 2262 βασιλέα,
3948 2193 4080 2245 σύν⁵

2494 2278 2613 2331 οδον
2636 2280 2958 2345 συναγαγεῖν
2978 2278 3056 2339 είς
3080 2274 3323 2329 ἐκδικίαν
3339 2274 3449 2327 τῶν
3470 2275 3874 2345 γεγενημένων.
3893 2276 4052 2329 Συνει

2494 2360 2598 2424 δὼς
2629 2361 2805 2413 τοίνυν
2825 2361 3095 2431 ἀπέδρασε
3115 2362 3153 2414 ⁸.
3180 2358 3275 2411 καὶ
3300 2358 3392 2410 τὸν
3422 2357 3642 2427 ἔλεγχον
3666 2356 3936 2419 δεδοικὼς,
3968 2357 4081 2410 τῶν

2494 2444 2839 2515 γραμμάτων
2862 2442 2968 2496 τῶν
2992 2440 3284 2511 βασιλικῶν
3310 2441 3582 2511 πανταχοῦ
3604 2440 4079 2509 διαπεμφθέντων,

2496 2527 2592 2579 καὶ
2625 2526 2961 2596 πανταχόθεν
2998 2525 3206 2588 πάντας
3250 2524 3687 2592 συναγαγόντων,
3709 2522 3886 2594 λάθρα
3914 2524 4082 2594 μέσον

2494 2610 2705 2663 νυκτῶν
2740 2612 2820 2672 είς
2851 2608 3075 2663 ἀκάτιον
3121 2608 3313 2660 ἐαυτὸν
3335 2606 3609 2678 ἐμϐαλὼν,
3644 2605 3819 2671 οὕτως
3843 2607 4079 2677 ἀπέδρα,

2498 2693 2617 2763 μεθ’
2663 2692 2860 2746 ἑαυτοῦ
2912 2692 3120 2757 πάντας
3159 2692 3524 2762 ἐπαγόμενος.
3577 2691 3717 2743 Ἀλλ’
3759 2693 3918 2761 ἡμεῖς
3958 2690 4083 2744 οὐδὲ

2494 2776 2668 2840 οὕτως
2690 2777 3032 2845 ἀπέστημεν,
3072 2773 3161 2827 διὰ
3204 2775 3264 2828 τὸ
3300 2774 3379 2845 τῷ
3408 2773 3672 2826 συνειδότι
3714 2774 3789 2843 τῷ
3825 2774 4084 2844 ἡμετέρῳ

2496 2861 2742 2932 θαρρεῖν,
2776 2859 2847 2912 τὰ
2880 2858 3022 2911 αὐτὰ
3068 2858 3230 2912 πάλιν
3275 2856 3718 2928 παρακαλοῦντες
3735 2856 3823 2909 τὸν
3862 2855 4084 2908 εὐσεϐέ-

2498 2961 2692 2997 στατον
2729 2941 2974 3013 βασιλέα·
3009 2941 3070 3004 ὃς
3121 2942 3217 2993 καὶ⁹
3269 2940 3548 3009 πρέποντα
3585 2938 3757 2991 ποιῶν
3799 2938 3963 2991 αὐτοῦ
4010 2942 4079 3009 τῇ

2497 3026 2770 3096 εὐσεϐείᾳ,
2806 3024 3019 3095 ἔπεμψε
3048 3024 3210 3078 πάλιν
3257 3022 3395 3092 πρὸς
3424 3020 3587 3075 αὐτὸν
3621 3023 3677 3073 ἐν
3705 3020 3857 3091 τάχει
3880 3020 3939 3084 ἐξ
3981 3022 4080 3073 Αί-

2498 3111 2709 3179 γύπτου
2755 3108 2983 3169 ἀνιέναι,
3020 3106 3269 3167 καὶτοὺς
3301 3105 3417 3174 μετ’
3472 3102 3638 3155 αὐτοῦ
3661 3104 3891 3167 πάντας,
3937 3101 4083 3155 ῶστς

2498 3190 2682 3245 δοῦναι
2709 3190 2866 3257 λόγον
2892 3189 3002 3242 τῶν
3023 3187 3427 3257 γεγενημένων,
3450 3187 3548 3238 καὶ
3575 3185 3649 3255 μὴ
3676 3184 3746 3237 τά
3772 3184 3969 3247 ἀδίκως
3991 3184 4085 3237 οῦς-

2500 3290 2608 3336 τως
2647 3274 2713 3325 ἐκ
2737 3273 2866 3342 μιᾶς
2900 3271 3095 3342 μοίρας
3127 3270 3221 3322 καὶ
3245 3268 3496 3321 ἀπόντων
3529 3266 3687 3337 ἡμῶν
3718 3266 4081 3337 τολμηθέντα,

2500 3358 2597 3411 καὶ
2647 3356 2799 3427 παρὰ
2835 3353 3123 3416 τοσούτους
3176 3352 3442 3416 κανόνας,
3488 3350 3728 3420 νομίζειν
3767 3350 3956 3420 ἀρκεῖν
3999 3352 4089 3413 είς

2501 3438 2796 3507 ἀπολογίαν
2845 3434 3030 3490 αὐτοῦ.
3078 3435 3135 3488 '0
3183 3434 3240 3487 δὲ
3292 3433 3413 3487 οὐδέ
3465 3430 3759 3502 βασιλικῶν
3821 3432 4084 3501 ἠνέσχετο

2501 3523 2862 3595 γραμμάτων,
2882 3520 2996 3574 ἀλλ’
3021 3519 3212 3589 έμενεν
3240 3519 3400 3582 οἴκοι,
3428 3516 3866 3586 προϐαλλόμενος
3889 3516 4084 3568 στάσιν

2499 3605 2593 3658 τοῦ
2621 3604 2814 3674 δήμου,
2852 3604 2946 3657 καὶ
2986 3601 3223 3671 σπουδὴν
3272 3596 3497 3669 ἄκαιρόν
3544 3615 3705 3651 τινων
3736 3596 3898 3666 δῆθεν
3949 3598 4085 3650 ἀντ-ν

2500 3688 2775 3760 ἐχομένων
2807 3685 2993 3739 αὐτοῦ’
3026 3683 3268 3751 καίτοιγε
3306 3682 3411 3755 πρὸ
3450 3681 3558 3735 τῶν
3586 3680 3928 3753 γραμμάτων
3970 3681 4085 3760 τῶν

2502 3758 2796 3841 βασιλικῶν
2844 3769 3004 3830 αὐτὸς
3044 3761 3199 3828 οὗτος
3235 3768 3263 3818 ὁ
3313 3764 3486 3835 δῆμος
3532 3764 3756 3833 μυρίαις
3804 3762 3966 3815 αὐτὸν
4010 3758 4084 3832 ῆν

2500 3854 2705 3917 πλύνας
2733 3852 3046 3923 λοιδορίαις.
3112 3846 3251 3900 Ἀλλ’
3297 3849 3357 3901 οὐ
3400 3846 3573 3901 ταῦτα
3603 3845 4085 3917 περιεργαζόμεθα

2499 3937 2615 4000 νῦν,
2651 3936 2765 3989 ἀλλ’
2815 3937 2991 3987 ἐκεῖνο
3039 3932 3209 3997 δεῖξαι
3255 3931 3587 4002 βουλόμενοι,
3634 3931 3716 3983 ὅτι
3756 3929 4082 3999 κακουργῶν

2499 4018 2788 4089 ἀπελήφθη
2811 4029 2860 4080 ι,
2892 4016 3042 4071 ταῦτ’
3068 4018 3390 4086 εἰρήκαμεν.
3419 4014 3565 4085 Πλὴν
3586 4011 3708 4067 οὐδὲ
3740 4011 3881 4082 μετά
3906 4010 4083 4065 ταῦτα

2501 4104 2661 4173 ἡμεῖς
2689 4100 3068 4171 ἡσυχάσαμεν,
3094 4098 3209 4151 ἀλλ’
3243 4096 3596 4168 ὲπεκείμεθα,
3637 4094 3913 4161 ἀξιοῦντες
3936 4094 4085 4147 δικαρ

2504 4188 2721 4254 στήριον
2744 4182 2995 4253 γενέσθαι
3018 4182 3113 4234 καὶ
3144 4181 3324 4252 κρίσιν
3357 4180 3385 4220 b
3415 4180 3509 4233 καὶ
3536 4178 3845 4247 ἀπόκρισιν·
3873 4174 4082 4245 ἕτοιμοι

2501 4269 2609 4339 γὰρ
2632 4263 2772 4339 ἦμεν
2788 4265 2956 4330 δεῖξαι
2972 4263 3198 4327 ἑαυτούς
3218 4281 3277 4316 τε
3296 4262 3618 4322 ἀνευθύνους
3633 4259 3809 4323 δντας,
3842 4258 4083 4323 ἐκείνους

2500 4351 2557 4402 δὲ
2587 4349 2654 4402 τά
2710 4349 2912 4419 ἔσχατα
2950 4348 3469 4418 παρανομήσαντας.
3501 4339 3681 4394 Ἦσαν
3720 4340 3777 4393 δὲ
3823 4341 3914 4394 καί
3938 4357 4083 4404 τινες

2502 4432 2663 4504 Σύροι
2689 4434 2798 4486 τῶν
2835 4432 2959 4484 τότε
3005 4429 3123 4499 μετ’
3148 4427 3312 4480 αὐτοῦ
3348 4425 3631 4496 παρόντων
3678 4423 3913 4477 ἐνταῦθα
3944 4424 4083 4476 ἀπο·

2501 4515 2832 4584 λειφθέντες,
2856 4514 2905 4567 οἳ
2933 4514 3087 4581 κοινῇ
3138 4511 3254 4580 μετ’
3281 4507 3445 4562 αὐτοῦ
3479 4507 3539 4560 :6
3570 4508 3678 4560 πᾶν
3709 4506 4082 4579 ὲδραματούρ-

2502 4615 2697 4669 γησαν.
2725 4598 2835 4651 Καὶ
2871 4595 3007 4665 πρὸς
3054 4592 3279 4654 τούτους
3321 4590 3533 4660 ἐτοιμοι
3577 4586 3718 4659 ἦμεν
3746 4589 4080 4655 δικάζεσθαι.

2504 4681 2597 4733 καὶ
2616 4679 2930 4738 πλειστάκις
2953 4674 3337 4745 ὲνωχλήσαμεν
3353 4674 3491 4743 ὑπὲρ
3512 4672 3725 4737 τούτου,
3750 4671 4022 4738 ἀξιοῦντες
4042 4672 4079 4741 ἢ

2503 4762 2872 4831 ὑπομνήματα
2899 4760 3030 4827 ἡμῖν
3049 4757 3291 4828 δοθῆναι,
3316 4755 3350 4825 ἢ
3371 4754 3647 4818 λιϐέλλους
3679 4754 4018 4824 κατηγόρων,
4042 4752 4077 4819 ἢ

2504 4845 2695 4914 φύσεις
2720 4841 3079 4911 ἐγκλημάτων
3097 4840 3481 4911 γνωρισθῆναι,
3507 4840 3540 4910 ἡ
3573 4839 3769 4900 αὐτοὺς
3793 4838 3916 4898 τοὺς
3942 4851 4078 4887 κατ-

2504 4928 2754 4998 ηγόρους
2786 4927 2881 4979 καὶ
2908 4925 3118 4989 οὐδενὸς
3165 4924 3369 4978 τούτων
3412 4923 3696 4991 ἐτύχομεν,
3736 4918 3869 4972 ἀλλά
3920 4918 4081 4969 πάλιν

2505 5009 2819 5079 ἐξώσθημεν
2870 5008 2967 5079 τῆς
3021 5007 3338 5077 ἐκκλησίας.
3410 5005 3536 5067 Πῶς
3584 5004 3649 5056 ἂν
3711 5000 3778 5053 τά
3828 4998 4079 5053 ἐντεῦθεν

2502 5094 2821 5165 διηγὴσαιμι
2847 5102 2868 5130 ο
2893 5090 3078 5145 λοιπὸν
3111 5092 3287 5143 πᾶσαν
3323 5085 3718 5155 ὑπερϐαίνοντα
3742 5080 4074 5165 τραγῳδίαν;

2502 5161 2586 5240 τίς
2613 5161 2785 5227 ταῦτα
2813 5176 3154 5244 παραστήσει
3178 5174 3365 5241 λόγος;
3399 5168 3527 5220 ποία
3559 5165 3729 5235 χωρὶς
3766 5164 3967 5233 φρίκης
3994 5161 4079 5214 δέο

2505 5258 2842 5325 ξεταιάκοή;
2890 5255 3078 5325 Ἣμῶν
3120 5254 3229 5326 γάρ
3278 5252 3417 5307 αὐτά
3462 5247 3654 5309 ταῦτα,
3688 5246 3844 5326 ἆπερν
3873 5244 4078 5314 ἐμπρο-

2506 5341 2630 5392 σθεν
2663 5338 2833 5401 εἷπον,
2864 5325 3273 5409 προτεινόντων,
3309 5333 3504 5402 ἀθρόον
3546 5325 3903 5409 στρατιωτῶν
3938 5327 4076 5409 πλῆ-

2506 5422 2594 5483 θος
2621 5420 2768 5488 αὐτῷ
2798 5420 2873 5491 τῷ
2908 5421 3126 5491 μεγάλῳ
3154 5417 3435 5481 Σαϐϐάτῳ,
3464 5412 3599 5483 πρὸς
3634 5409 3869 5478 ἑσπέραν
3893 5408 4079 5463 λοιπὸν

2504 5504 2604 5572 τῆς
2626 5504 2836 5574 ἡμέρας
2858 5504 3241 5573 ἐπειγομένηςν
3258 5501 3378 5562 ταῖς
3398 5494 3714 5564 ἐκκλησίαις
3737 5491 4075 5561 gmw-mm"

2504 5588 2594 5640 τόν
2632 5573 2689 5639 τε
2720 5573 2916 5658 κλῆρον
2954 5588 3170 5642 ἅπαντα
3224 5583 3317 5635 τὸν
3349 5581 3445 5633 σὺν
3485 5580 3617 5649 ἡμῖν
3663 5575 3798 5645 πρὸς
3827 5573 3944 5645 βίαν
3986 5574 4075 5643 ἐξ·

2505 5668 2714 5736 ἐϐαλον,
2740 5672 2832 5724 καὶ
2865 5671 3048 5731 ὅπλοις
3080 5667 3141 5720 :6
3168 5664 3319 5734 βῆμα
3356 5659 3827 5731 περιεστοιχίζετο·
3854 5658 3948 5715 καὶ
3978 5676 4072 5731 γυη

2568 5821 2587 5884 ξ
2608 5819 2695 5884 Ed.
2723 5822 2841 5884 ἅπερ
2861 5822 3030 5884 ἔδρασε
3051 5817 3251 5884 rectius.

2568 5883 2595 5913 ⁸
2621 5881 2752 5931 Εᾶ.ἀ
2767 5873 2995 5941 πέλήφθῃ,
3017 5891 3129 5937 quae
3155 5880 3233 5924 est
3255 5886 3369 5924 vera
3388 5873 3555 5924 lectio.

2566 5943 2593 5983 Β
2621 5942 2711 5991 Ed.
2736 5943 2861 5989 κατὰ
2879 5938 3061 5987 πεῦσιν.

2567 6006 2589 6034 ⁸
2612 6003 2697 6054 Ed.
2723 6002 3052 6063 διηγησαίμην,
3076 5997 3206 6046 bene
