  <div class='ocr_page' id='page_1' title='image "/cluster/home/n/w/nwhite01/storage/ocr_20150623/47/hvd.32044025239690/064.png"; bbox 0 0 4466 6736; ppageno 0'>
   <div class='ocr_carea' id='block_1_1' title="bbox 419 628 2614 707">
    <p class='ocr_par' dir='ltr' id='par_1_1' title="bbox 419 628 2614 707">
     <span class='ocr_line' id='line_1_1' title="bbox 419 628 2614 707; baseline 0.02 -43"><span class='ocrx_word' id='word_1_1' title='bbox 419 628 451 679; x_wconf 78' lang='lat'><strong>9</strong></span> <span class='ocrx_word' id='word_1_2' title='bbox 1402 632 1486 686; x_wconf 84' lang='lat' dir='ltr'><strong>DE</strong></span> <span class='ocrx_word' id='word_1_3' title='bbox 1534 632 1681 689; x_wconf 73' lang='grc' dir='ltr'><strong>ΠΤΑ</strong></span> <span class='ocrx_word' id='word_1_4' title='bbox 1723 633 1779 690; x_wconf 80' lang='lat' dir='ltr'><strong>S.</strong></span> <span class='ocrx_word' id='word_1_5' title='bbox 1819 636 2093 699; x_wconf 76' lang='lat' dir='ltr'><strong>JO.\.\&#39;.\&#39;iS</strong></span> <span class='ocrx_word' id='word_1_6' title='bbox 2129 644 2614 707; x_wconf 63' lang='lat' dir='ltr'><strong>CIIRYSOSTOHI.</strong></span> 
     </span>
    </p>
   </div>
   <div class='ocr_carea' id='block_1_2' title="bbox 413 740 1993 811">
    <p class='ocr_par' dir='ltr' id='par_1_2' title="bbox 413 740 1993 811">
     <span class='ocr_line' id='line_1_2' title="bbox 413 740 1993 811; baseline 0.012 -22"><span class='ocrx_word' id='word_1_7' title='bbox 413 741 566 808; x_wconf 48' lang='lat' dir='ltr'><strong>justa:</strong></span> <span class='ocrx_word' id='word_1_8' title='bbox 588 741 725 797; x_wconf 90' lang='lat' dir='ltr'><strong>illius</strong></span> <span class='ocrx_word' id='word_1_9' title='bbox 751 740 1060 796; x_wconf 73' lang='lat' dir='ltr'><strong>cliensionis</strong></span> <span class='ocrx_word' id='word_1_10' title='bbox 1087 740 1323 795; x_wconf 87' lang='lat' dir='ltr'><strong>invenire</strong></span> <span class='ocrx_word' id='word_1_11' title='bbox 1348 757 1654 811; x_wconf 81' lang='lat' dir='ltr'><strong>possemus;</strong></span> <span class='ocrx_word' id='word_1_12' title='bbox 1677 759 1904 806; x_wconf 85' lang='lat' dir='ltr'><strong>attamen</strong></span> <span class='ocrx_word' id='word_1_13' title='bbox 1927 754 1993 807; x_wconf 82' lang='lat' dir='ltr'><strong>fa-</strong></span> 
     </span>
    </p>
   </div>
   <div class='ocr_carea' id='block_1_3' title="bbox 411 832 1991 913">
    <p class='ocr_par' dir='ltr' id='par_1_3' title="bbox 411 832 1991 913">
     <span class='ocr_line' id='line_1_3' title="bbox 411 832 1991 913; baseline 0.009 -28"><span class='ocrx_word' id='word_1_14' title='bbox 411 833 613 888; x_wconf 88' lang='lat' dir='ltr'><strong>cientes</strong></span> <span class='ocrx_word' id='word_1_15' title='bbox 639 835 687 888; x_wconf 99' lang='lat' dir='ltr'><strong>id</strong></span> <span class='ocrx_word' id='word_1_16' title='bbox 715 833 855 905; x_wconf 88' lang='lat' dir='ltr'><strong>quod</strong></span> <span class='ocrx_word' id='word_1_17' title='bbox 876 832 1229 898; x_wconf 77' lang='lat' dir='ltr'><strong>nosmetipsos</strong></span> <span class='ocrx_word' id='word_1_18' title='bbox 1256 832 1497 899; x_wconf 75' lang='lat' dir='ltr'><strong>decebat,</strong></span> <span class='ocrx_word' id='word_1_19' title='bbox 1523 841 1801 898; x_wconf 76' lang='lat' dir='ltr'><strong>ctassidne</strong></span> <span class='ocrx_word' id='word_1_20' title='bbox 1821 846 1991 913; x_wconf 85' lang='lat' dir='ltr'><strong>ipsum</strong></span> 
     </span>
    </p>
   </div>
   <div class='ocr_carea' id='block_1_4' title="bbox 413 921 1993 992">
    <p class='ocr_par' dir='ltr' id='par_1_4' title="bbox 413 921 1993 992">
     <span class='ocr_line' id='line_1_4' title="bbox 413 921 1993 992; baseline 0.001 -17"><span class='ocrx_word' id='word_1_21' title='bbox 413 923 758 979; x_wconf 72' lang='lat' dir='ltr'><strong>adhortantes</strong></span> <span class='ocrx_word' id='word_1_22' title='bbox 799 933 854 976; x_wconf 92' lang='lat' dir='ltr'><strong>ut</strong></span> <span class='ocrx_word' id='word_1_23' title='bbox 891 921 1306 987; x_wconf 74' lang='lat' dir='ltr'><strong>congrederetur</strong></span> <span class='ocrx_word' id='word_1_24' title='bbox 1346 927 1651 992; x_wconf 85' lang='lat' dir='ltr'><strong>nobiscum,</strong></span> <span class='ocrx_word' id='word_1_25' title='bbox 1694 945 1746 987; x_wconf 61' lang='grc' dir='ltr'>ω</span> <span class='ocrx_word' id='word_1_26' title='bbox 1791 936 1993 989; x_wconf 55' lang='lat' dir='ltr'><strong>dicere;</strong></span> 
     </span>
    </p>
   </div>
   <div class='ocr_carea' id='block_1_5' title="bbox 412 1014 1994 1085">
    <p class='ocr_par' dir='ltr' id='par_1_5' title="bbox 412 1014 1994 1085">
     <span class='ocr_line' id='line_1_5' title="bbox 412 1014 1994 1085; baseline 0.009 -19"><span class='ocrx_word' id='word_1_27' title='bbox 412 1036 512 1085; x_wconf 74' lang='lat' dir='ltr'><strong>qua</strong></span> <span class='ocrx_word' id='word_1_28' title='bbox 536 1019 601 1073; x_wconf 89' lang='lat' dir='ltr'><strong>de</strong></span> <span class='ocrx_word' id='word_1_29' title='bbox 622 1032 774 1071; x_wconf 82' lang='lat' dir='ltr'><strong>causa</strong></span> <span class='ocrx_word' id='word_1_30' title='bbox 804 1014 979 1067; x_wconf 90' lang='lat' dir='ltr'><strong>statim</strong></span> <span class='ocrx_word' id='word_1_31' title='bbox 1007 1015 1073 1068; x_wconf 88' lang='lat' dir='ltr'><strong>ab</strong></span> <span class='ocrx_word' id='word_1_32' title='bbox 1099 1016 1247 1069; x_wconf 84' lang='lat' dir='ltr'><strong>initio</strong></span> <span class='ocrx_word' id='word_1_33' title='bbox 1271 1026 1468 1073; x_wconf 91' lang='lat' dir='ltr'><strong>tantum</strong></span> <span class='ocrx_word' id='word_1_34' title='bbox 1496 1021 1689 1078; x_wconf 77' lang='lat' dir='ltr'><strong>bellum</strong></span> <span class='ocrx_word' id='word_1_35' title='bbox 1715 1027 1994 1081; x_wconf 81' lang='lat' dir='ltr'><strong>accendis-</strong></span> 
     </span>
    </p>
   </div>
   <div class='ocr_carea' id='block_1_6' title="bbox 411 1105 1988 1173">
    <p class='ocr_par' dir='ltr' id='par_1_6' title="bbox 411 1105 1988 1173">
     <span class='ocr_line' id='line_1_6' title="bbox 411 1105 1988 1173; baseline 0.007 -11"><span class='ocrx_word' id='word_1_36' title='bbox 411 1118 510 1168; x_wconf 79' lang='lat' dir='ltr'><strong>set.</strong></span> <span class='ocrx_word' id='word_1_37' title='bbox 545 1116 808 1173; x_wconf 62' lang='lat' dir='ltr'><strong>tantoque</strong></span> <span class='ocrx_word' id='word_1_38' title='bbox 833 1105 1029 1158; x_wconf 90' lang='lat' dir='ltr'><strong>civitati</strong></span> <span class='ocrx_word' id='word_1_39' title='bbox 1052 1108 1337 1164; x_wconf 77' lang='lat' dir='ltr'><strong>excitasset</strong></span> <span class='ocrx_word' id='word_1_40' title='bbox 1361 1114 1684 1171; x_wconf 82' lang='lat' dir='ltr'><strong>scandalum.</strong></span> <span class='ocrx_word' id='word_1_41' title='bbox 1709 1116 1838 1171; x_wconf 85' lang='lat' dir='ltr'><strong>Cum</strong></span> <span class='ocrx_word' id='word_1_42' title='bbox 1863 1136 1988 1173; x_wconf 85' lang='lat' dir='ltr'><strong>vero</strong></span> 
     </span>
    </p>
   </div>
   <div class='ocr_carea' id='block_1_7' title="bbox 412 1196 1987 1277">
    <p class='ocr_par' dir='ltr' id='par_1_7' title="bbox 412 1196 1987 1277">
     <span class='ocr_line' id='line_1_7' title="bbox 412 1196 1987 1277; baseline 0.012 -30"><span class='ocrx_word' id='word_1_43' title='bbox 412 1196 710 1265; x_wconf 60' lang='lat' dir='ltr'><strong>nsqneipse</strong></span> <span class='ocrx_word' id='word_1_44' title='bbox 732 1210 944 1248; x_wconf 82' lang='lat' dir='ltr'><strong>causam</strong></span> <span class='ocrx_word' id='word_1_45' title='bbox 971 1196 1151 1252; x_wconf 82' lang='lat' dir='ltr'><strong>dicere</strong></span> <span class='ocrx_word' id='word_1_46' title='bbox 1173 1201 1369 1267; x_wconf 85' lang='lat' dir='ltr'><strong>voluit,</strong></span> <span class='ocrx_word' id='word_1_47' title='bbox 1403 1214 1455 1259; x_wconf 87' lang='lat' dir='ltr'><strong>ct</strong></span> <span class='ocrx_word' id='word_1_48' title='bbox 1488 1219 1731 1276; x_wconf 78' lang='lat' dir='ltr'><strong>urgerent</strong></span> <span class='ocrx_word' id='word_1_49' title='bbox 1753 1208 1868 1277; x_wconf 74' lang='lat' dir='ltr'><strong>ejus</strong></span> <span class='ocrx_word' id='word_1_50' title='bbox 1897 1226 1987 1265; x_wconf 56' lang='lat' dir='ltr'><strong>ac.</strong></span> 
     </span>
    </p>
   </div>
   <div class='ocr_carea' id='block_1_8' title="bbox 408 1289 1987 1367">
    <p class='ocr_par' dir='ltr' id='par_1_8' title="bbox 408 1289 1987 1367">
     <span class='ocr_line' id='line_1_8' title="bbox 408 1289 1987 1367; baseline 0.011 -26"><span class='ocrx_word' id='word_1_51' title='bbox 408 1296 698 1350; x_wconf 86' lang='lat' dir='ltr'><strong>cnsatores,</strong></span> <span class='ocrx_word' id='word_1_52' title='bbox 731 1302 828 1341; x_wconf 86' lang='lat' dir='ltr'><strong>nos</strong></span> <span class='ocrx_word' id='word_1_53' title='bbox 858 1289 909 1341; x_wconf 90' lang='lat' dir='ltr'><strong>in</strong></span> <span class='ocrx_word' id='word_1_54' title='bbox 943 1289 1245 1347; x_wconf 72' lang='lat' dir='ltr'><strong>ulteriorem</strong></span> <span class='ocrx_word' id='word_1_55' title='bbox 1286 1297 1427 1351; x_wconf 83' lang='lat' dir='ltr'><strong>urbis</strong></span> <span class='ocrx_word' id='word_1_56' title='bbox 1479 1300 1747 1367; x_wconf 77' lang='lat' dir='ltr'><strong>regionem</strong></span> <span class='ocrx_word' id='word_1_57' title='bbox 1776 1303 1864 1357; x_wconf 88' lang='lat' dir='ltr'><strong>ubi</strong></span> <span class='ocrx_word' id='word_1_58' title='bbox 1894 1302 1987 1358; x_wconf 81' lang='lat' dir='ltr'><strong>de-</strong></span> 
     </span>
    </p>
   </div>
   <div class='ocr_carea' id='block_1_9' title="bbox 406 1376 1984 1460">
    <p class='ocr_par' dir='ltr' id='par_1_9' title="bbox 406 1376 1984 1460">
     <span class='ocr_line' id='line_1_9' title="bbox 406 1376 1984 1460; baseline 0.013 -32"><span class='ocrx_word' id='word_1_59' title='bbox 406 1376 583 1445; x_wconf 87' lang='lat' dir='ltr'><strong>gebat,</strong></span> <span class='ocrx_word' id='word_1_60' title='bbox 617 1378 883 1445; x_wconf 78' lang='lat' dir='ltr'><strong>piissimus</strong></span> <span class='ocrx_word' id='word_1_61' title='bbox 929 1378 1220 1449; x_wconf 84' lang='lat' dir='ltr'><strong>Imperator</strong></span> <span class='ocrx_word' id='word_1_62' title='bbox 1255 1390 1524 1451; x_wconf 85' lang='lat' dir='ltr'><strong>evocavit,</strong></span> <span class='ocrx_word' id='word_1_63' title='bbox 1569 1400 1727 1460; x_wconf 79' lang='lat' dir='ltr'><strong>atque</strong></span> <span class='ocrx_word' id='word_1_64' title='bbox 1770 1408 1984 1449; x_wconf 84' lang='lat' dir='ltr'><strong>Causam</strong></span> 
     </span>
    </p>
   </div>
   <div class='ocr_carea' id='block_1_10' title="bbox 405 1464 1974 1545">
    <p class='ocr_par' dir='ltr' id='par_1_10' title="bbox 405 1464 1974 1545">
     <span class='ocr_line' id='line_1_10' title="bbox 405 1464 1974 1545; baseline 0.015 -32"><span class='ocrx_word' id='word_1_65' title='bbox 405 1466 522 1530; x_wconf 76' lang='lat' dir='ltr'><strong>ejus</strong></span> <span class='ocrx_word' id='word_1_66' title='bbox 543 1464 700 1532; x_wconf 87' lang='lat' dir='ltr'><strong>jussit</strong></span> <span class='ocrx_word' id='word_1_67' title='bbox 720 1469 919 1523; x_wconf 84' lang='lat' dir='ltr'><strong>audire.</strong></span> <span class='ocrx_word' id='word_1_68' title='bbox 947 1469 1076 1524; x_wconf 88' lang='lat' dir='ltr'><strong>Nam</strong></span> <span class='ocrx_word' id='word_1_69' title='bbox 1105 1482 1154 1527; x_wconf 87' lang='lat' dir='ltr'><strong>et</strong></span> <span class='ocrx_word' id='word_1_70' title='bbox 1180 1476 1519 1545; x_wconf 83' lang='lat' dir='ltr'><strong>irruptionem</strong></span> <span class='ocrx_word' id='word_1_71' title='bbox 1539 1488 1588 1531; x_wconf 89' lang='lat' dir='ltr'><strong>et</strong></span> <span class='ocrx_word' id='word_1_72' title='bbox 1610 1481 1787 1535; x_wconf 66' lang='lat' dir='ltr'><strong>etc.ch</strong></span> <span class='ocrx_word' id='word_1_73' title='bbox 1802 1494 1853 1535; x_wconf 81' lang='lat' dir='ltr'><strong>e&#39;.</strong></span> <span class='ocrx_word' id='word_1_74' title='bbox 1876 1484 1974 1535; x_wconf 83' lang='lat' dir='ltr'><strong>alia</strong></span> 
     </span>
    </p>
   </div>
   <div class='ocr_carea' id='block_1_11' title="bbox 406 1555 1979 1639">
    <p class='ocr_par' dir='ltr' id='par_1_11' title="bbox 406 1555 1979 1639">
     <span class='ocr_line' id='line_1_11' title="bbox 406 1555 1979 1639; baseline 0.013 -34"><span class='ocrx_word' id='word_1_75' title='bbox 406 1555 680 1610; x_wconf 86' lang='lat' dir='ltr'><strong>innumera</strong></span> <span class='ocrx_word' id='word_1_76' title='bbox 710 1557 1049 1628; x_wconf 88' lang='lat' dir='ltr'><strong>objiciebant.</strong></span> <span class='ocrx_word' id='word_1_77' title='bbox 1080 1564 1183 1619; x_wconf 85' lang='lat' dir='ltr'><strong>Sed</strong></span> <span class='ocrx_word' id='word_1_78' title='bbox 1216 1580 1313 1617; x_wconf 87' lang='lat' dir='ltr'><strong>nos</strong></span> <span class='ocrx_word' id='word_1_79' title='bbox 1347 1570 1435 1632; x_wconf 87' lang='lat' dir='ltr'><strong>qui</strong></span> <span class='ocrx_word' id='word_1_80' title='bbox 1467 1576 1521 1620; x_wconf 90' lang='lat' dir='ltr'><strong>et</strong></span> <span class='ocrx_word' id='word_1_81' title='bbox 1556 1569 1700 1637; x_wconf 86' lang='lat' dir='ltr'><strong>leges</strong></span> <span class='ocrx_word' id='word_1_82' title='bbox 1735 1579 1939 1639; x_wconf 79' lang='lat' dir='ltr'><strong>patrum</strong></span> <span class='ocrx_word' id='word_1_83' title='bbox 1963 1614 1979 1638; x_wconf 92' lang='lat'><strong>,</strong></span> 
     </span>
    </p>
   </div>
   <div class='ocr_carea' id='block_1_12' title="bbox 402 1646 1985 1725">
    <p class='ocr_par' dir='ltr' id='par_1_12' title="bbox 402 1646 1985 1725">
     <span class='ocr_line' id='line_1_12' title="bbox 402 1646 1985 1725; baseline 0.012 -27"><span class='ocrx_word' id='word_1_84' title='bbox 402 1653 458 1698; x_wconf 88' lang='lat' dir='ltr'><strong>et</strong></span> <span class='ocrx_word' id='word_1_85' title='bbox 479 1647 646 1699; x_wconf 84' lang='lat' dir='ltr'><strong>virum</strong></span> <span class='ocrx_word' id='word_1_86' title='bbox 675 1646 875 1706; x_wconf 87' lang='lat' dir='ltr'><strong>honore</strong></span> <span class='ocrx_word' id='word_1_87' title='bbox 898 1667 960 1707; x_wconf 88' lang='lat' dir='ltr'><strong>ac</strong></span> <span class='ocrx_word' id='word_1_88' title='bbox 984 1654 1276 1707; x_wconf 81' lang='lat' dir='ltr'><strong>reverentia</strong></span> <span class='ocrx_word' id='word_1_89' title='bbox 1302 1668 1763 1725; x_wconf 80' lang='lat' dir='ltr'><strong>prosequeremur,</strong></span> <span class='ocrx_word' id='word_1_90' title='bbox 1789 1661 1985 1716; x_wconf 86' lang='lat' dir='ltr'><strong>haben-</strong></span> 
     </span>
    </p>
   </div>
   <div class='ocr_carea' id='block_1_13' title="bbox 403 1736 1981 1823">
    <p class='ocr_par' dir='ltr' id='par_1_13' title="bbox 403 1736 1981 1823">
     <span class='ocr_line' id='line_1_13' title="bbox 403 1736 1981 1823; baseline 0.013 -36"><span class='ocrx_word' id='word_1_91' title='bbox 403 1744 485 1789; x_wconf 86' lang='lat' dir='ltr'><strong>tes</strong></span> <span class='ocrx_word' id='word_1_92' title='bbox 523 1736 681 1792; x_wconf 89' lang='lat' dir='ltr'><strong>etiam</strong></span> <span class='ocrx_word' id='word_1_93' title='bbox 720 1754 882 1810; x_wconf 88' lang='lat' dir='ltr'><strong>super</strong></span> <span class='ocrx_word' id='word_1_94' title='bbox 906 1741 1004 1795; x_wconf 91' lang='lat' dir='ltr'><strong>hac</strong></span> <span class='ocrx_word' id='word_1_95' title='bbox 1032 1757 1090 1796; x_wconf 88' lang='lat' dir='ltr'><strong>re</strong></span> <span class='ocrx_word' id='word_1_96' title='bbox 1118 1742 1235 1810; x_wconf 86' lang='lat' dir='ltr'><strong>ejus</strong></span> <span class='ocrx_word' id='word_1_97' title='bbox 1259 1743 1460 1811; x_wconf 82' lang='lat' dir='ltr'><strong>literas,</strong></span> <span class='ocrx_word' id='word_1_98' title='bbox 1485 1746 1598 1801; x_wconf 85' lang='lat' dir='ltr'><strong>Non</strong></span> <span class='ocrx_word' id='word_1_99' title='bbox 1620 1760 1869 1817; x_wconf 84' lang='lat' dir='ltr'><strong>Oportere</strong></span> <span class='ocrx_word' id='word_1_100' title='bbox 1890 1753 1981 1823; x_wconf 83' lang='lat' dir='ltr'><strong>ju-</strong></span> 
     </span>
    </p>
   </div>
   <div class='ocr_carea' id='block_1_14' title="bbox 402 1825 1983 1907">
    <p class='ocr_par' dir='ltr' id='par_1_14' title="bbox 402 1825 1983 1907">
     <span class='ocr_line' id='line_1_14' title="bbox 402 1825 1983 1907; baseline 0.014 -31"><span class='ocrx_word' id='word_1_101' title='bbox 402 1825 539 1880; x_wconf 89' lang='lat' dir='ltr'><strong>dicia</strong></span> <span class='ocrx_word' id='word_1_102' title='bbox 568 1838 713 1881; x_wconf 77' lang='lat' dir='ltr'><strong>extra</strong></span> <span class='ocrx_word' id='word_1_103' title='bbox 741 1830 935 1883; x_wconf 88' lang='lat' dir='ltr'><strong>limites</strong></span> <span class='ocrx_word' id='word_1_104' title='bbox 969 1830 1127 1894; x_wconf 85' lang='lat' dir='ltr'><strong>trahi,</strong></span> <span class='ocrx_word' id='word_1_105' title='bbox 1156 1832 1248 1886; x_wconf 88' lang='lat' dir='ltr'><strong>sed</strong></span> <span class='ocrx_word' id='word_1_106' title='bbox 1296 1834 1348 1888; x_wconf 90' lang='lat' dir='ltr'><strong>in</strong></span> <span class='ocrx_word' id='word_1_107' title='bbox 1392 1836 1520 1904; x_wconf 89' lang='lat' dir='ltr'><strong>ipsis</strong></span> <span class='ocrx_word' id='word_1_108' title='bbox 1564 1840 1851 1907; x_wconf 89' lang='lat' dir='ltr'><strong>provinciis</strong></span> <span class='ocrx_word' id='word_1_109' title='bbox 1897 1858 1983 1898; x_wconf 88' lang='lat' dir='ltr'><strong>res</strong></span> 
     </span>
    </p>
   </div>
   <div class='ocr_carea' id='block_1_15' title="bbox 401 1920 1979 2001">
    <p class='ocr_par' dir='ltr' id='par_1_15' title="bbox 401 1920 1979 2001">
     <span class='ocr_line' id='line_1_15' title="bbox 401 1920 1979 2001; baseline 0.011 -31"><span class='ocrx_word' id='word_1_110' title='bbox 401 1920 752 1985; x_wconf 85' lang='lat' dir='ltr'><strong>provinciales</strong></span> <span class='ocrx_word' id='word_1_111' title='bbox 801 1921 1104 1977; x_wconf 88' lang='lat' dir='ltr'><strong>tractandas</strong></span> <span class='ocrx_word' id='word_1_112' title='bbox 1149 1939 1299 1991; x_wconf 86' lang='lat' dir='ltr'><strong>esse;</strong></span> <span class='ocrx_word' id='word_1_113' title='bbox 1348 1943 1451 1981; x_wconf 92' lang='lat' dir='ltr'><strong>non</strong></span> <span class='ocrx_word' id='word_1_114' title='bbox 1490 1930 1661 1984; x_wconf 90' lang='lat' dir='ltr'><strong>solum</strong></span> <span class='ocrx_word' id='word_1_115' title='bbox 1721 1932 1979 2001; x_wconf 88' lang='lat' dir='ltr'><strong>judicium</strong></span> 
     </span>
    </p>
   </div>
   <div class='ocr_carea' id='block_1_16' title="bbox 400 2008 1975 2080">
    <p class='ocr_par' dir='ltr' id='par_1_16' title="bbox 400 2008 1975 2080">
     <span class='ocr_line' id='line_1_16' title="bbox 400 2008 1975 2080; baseline 0.014 -22"><span class='ocrx_word' id='word_1_116' title='bbox 400 2022 507 2061; x_wconf 82' lang='lat' dir='ltr'><strong>nun</strong></span> <span class='ocrx_word' id='word_1_117' title='bbox 576 2008 803 2063; x_wconf 70' lang='lat' dir='ltr'><strong>abiimus</strong></span> <span class='ocrx_word' id='word_1_118' title='bbox 838 2051 854 2077; x_wconf 91' lang='lat'><strong>,</strong></span> <span class='ocrx_word' id='word_1_119' title='bbox 912 2011 1005 2066; x_wconf 88' lang='lat' dir='ltr'><strong>sed</strong></span> <span class='ocrx_word' id='word_1_120' title='bbox 1065 2014 1526 2075; x_wconf 83' lang='lat' dir='ltr'><strong>vehementissime</strong></span> <span class='ocrx_word' id='word_1_121' title='bbox 1595 2023 1975 2080; x_wconf 87' lang='lat' dir='ltr'><strong>recusavimus.</strong></span> 
     </span>
    </p>
   </div>
   <div class='ocr_carea' id='block_1_17' title="bbox 400 2096 1973 2176">
    <p class='ocr_par' dir='ltr' id='par_1_17' title="bbox 400 2096 1973 2176">
     <span class='ocr_line' id='line_1_17' title="bbox 400 2096 1973 2176; baseline 0.011 -25"><span class='ocrx_word' id='word_1_122' title='bbox 400 2096 567 2151; x_wconf 87' lang='lat' dir='ltr'><strong>Porro</strong></span> <span class='ocrx_word' id='word_1_123' title='bbox 607 2097 726 2160; x_wconf 87' lang='lat' dir='ltr'><strong>ille.</strong></span> <span class='ocrx_word' id='word_1_124' title='bbox 774 2101 921 2170; x_wconf 84' lang='lat' dir='ltr'><strong>quasi</strong></span> <span class='ocrx_word' id='word_1_125' title='bbox 961 2116 1080 2157; x_wconf 90' lang='lat' dir='ltr'><strong>cum</strong></span> <span class='ocrx_word' id='word_1_126' title='bbox 1119 2105 1383 2173; x_wconf 80' lang='lat' dir='ltr'><strong>prioribus</strong></span> <span class='ocrx_word' id='word_1_127' title='bbox 1426 2118 1669 2176; x_wconf 85' lang='lat' dir='ltr'><strong>certans,</strong></span> <span class='ocrx_word' id='word_1_128' title='bbox 1699 2122 1852 2168; x_wconf 88' lang='lat' dir='ltr'><strong>vocat</strong></span> <span class='ocrx_word' id='word_1_129' title='bbox 1886 2130 1973 2168; x_wconf 87' lang='lat' dir='ltr'><strong>ar-</strong></span> 
     </span>
    </p>
   </div>
   <div class='ocr_carea' id='block_1_18' title="bbox 395 2186 1972 2275">
    <p class='ocr_par' dir='ltr' id='par_1_18' title="bbox 395 2186 1972 2275">
     <span class='ocr_line' id='line_1_18' title="bbox 395 2186 1972 2275; baseline 0.013 -36"><span class='ocrx_word' id='word_1_130' title='bbox 395 2186 764 2243; x_wconf 85' lang='lat' dir='ltr'><strong>chidiaconum</strong></span> <span class='ocrx_word' id='word_1_131' title='bbox 816 2206 989 2248; x_wconf 84' lang='lat' dir='ltr'><strong>meum</strong></span> <span class='ocrx_word' id='word_1_132' title='bbox 1038 2210 1225 2264; x_wconf 83' lang='lat' dir='ltr'><strong>magna</strong></span> <span class='ocrx_word' id='word_1_133' title='bbox 1271 2214 1391 2252; x_wconf 91' lang='lat' dir='ltr'><strong>cum</strong></span> <span class='ocrx_word' id='word_1_134' title='bbox 1438 2203 1784 2265; x_wconf 83' lang='lat' dir='ltr'><strong>auctoritate,</strong></span> <span class='ocrx_word' id='word_1_135' title='bbox 1825 2208 1972 2275; x_wconf 89' lang='lat' dir='ltr'><strong>quasi</strong></span> 
     </span>
    </p>
   </div>
   <div class='ocr_carea' id='block_1_19' title="bbox 390 2279 1970 2359">
    <p class='ocr_par' dir='ltr' id='par_1_19' title="bbox 390 2279 1970 2359">
     <span class='ocr_line' id='line_1_19' title="bbox 390 2279 1970 2359; baseline 0.011 -28"><span class='ocrx_word' id='word_1_136' title='bbox 390 2279 501 2347; x_wconf 79' lang='lat' dir='ltr'><strong>jam</strong></span> <span class='ocrx_word' id='word_1_137' title='bbox 556 2282 708 2336; x_wconf 82' lang='lat' dir='ltr'><strong>vidua</strong></span> <span class='ocrx_word' id='word_1_138' title='bbox 750 2295 891 2340; x_wconf 86' lang='lat' dir='ltr'><strong>esset</strong></span> <span class='ocrx_word' id='word_1_139' title='bbox 932 2286 1168 2341; x_wconf 86' lang='lat' dir='ltr'><strong>Ecclesia</strong></span> <span class='ocrx_word' id='word_1_140' title='bbox 1213 2304 1310 2341; x_wconf 77' lang='lat' dir='ltr'><strong>nee</strong></span> <span class='ocrx_word' id='word_1_141' title='bbox 1355 2290 1660 2359; x_wconf 76' lang='lat' dir='ltr'><strong>episcopum</strong></span> <span class='ocrx_word' id='word_1_142' title='bbox 1709 2294 1970 2349; x_wconf 78' lang='lat' dir='ltr'><strong>haberet:</strong></span> 
     </span>
    </p>
   </div>
   <div class='ocr_carea' id='block_1_20' title="bbox 392 2372 1974 2439">
    <p class='ocr_par' dir='ltr' id='par_1_20' title="bbox 392 2372 1974 2439">
     <span class='ocr_line' id='line_1_20' title="bbox 392 2372 1974 2439; baseline 0.009 -15"><span class='ocrx_word' id='word_1_143' title='bbox 392 2385 492 2439; x_wconf 83' lang='lat' dir='ltr'><strong>per</strong></span> <span class='ocrx_word' id='word_1_144' title='bbox 524 2372 691 2436; x_wconf 89' lang='lat' dir='ltr'><strong>illum,</strong></span> <span class='ocrx_word' id='word_1_145' title='bbox 725 2375 925 2429; x_wconf 83' lang='lat' dir='ltr'><strong>clerum</strong></span> <span class='ocrx_word' id='word_1_146' title='bbox 955 2391 1167 2430; x_wconf 91' lang='lat' dir='ltr'><strong>omnem</strong></span> <span class='ocrx_word' id='word_1_147' title='bbox 1196 2378 1245 2430; x_wconf 93' lang='lat' dir='ltr'><strong>in</strong></span> <span class='ocrx_word' id='word_1_148' title='bbox 1272 2392 1329 2432; x_wconf 88' lang='lat' dir='ltr'><strong>se</strong></span> <span class='ocrx_word' id='word_1_149' title='bbox 1358 2383 1649 2434; x_wconf 86' lang='lat' dir='ltr'><strong>transtulit.</strong></span> <span class='ocrx_word' id='word_1_150' title='bbox 1689 2383 1974 2439; x_wconf 81' lang='lat' dir='ltr'><strong>Subverte—</strong></span> 
     </span>
    </p>
   </div>
   <div class='ocr_carea' id='block_1_21' title="bbox 391 2462 1972 2541">
    <p class='ocr_par' dir='ltr' id='par_1_21' title="bbox 391 2462 1972 2541">
     <span class='ocr_line' id='line_1_21' title="bbox 391 2462 1972 2541; baseline 0.01 -27"><span class='ocrx_word' id='word_1_151' title='bbox 391 2462 588 2515; x_wconf 88' lang='lat' dir='ltr'><strong>bantur</strong></span> <span class='ocrx_word' id='word_1_152' title='bbox 628 2464 897 2533; x_wconf 70' lang='lat' dir='ltr'><strong>Ecclesim,</strong></span> <span class='ocrx_word' id='word_1_153' title='bbox 924 2483 1042 2520; x_wconf 91' lang='lat' dir='ltr'><strong>cum</strong></span> <span class='ocrx_word' id='word_1_154' title='bbox 1080 2467 1470 2523; x_wconf 86' lang='lat' dir='ltr'><strong>abducerentur</strong></span> <span class='ocrx_word' id='word_1_155' title='bbox 1494 2474 1820 2541; x_wconf 87' lang='lat' dir='ltr'><strong>singularum</strong></span> <span class='ocrx_word' id='word_1_156' title='bbox 1859 2477 1972 2530; x_wconf 90' lang='lat' dir='ltr'><strong>cle-</strong></span> 
     </span>
    </p>
   </div>
   <div class='ocr_carea' id='block_1_22' title="bbox 391 2552 1973 2620">
    <p class='ocr_par' dir='ltr' id='par_1_22' title="bbox 391 2552 1973 2620">
     <span class='ocr_line' id='line_1_22' title="bbox 391 2552 1973 2620; baseline 0.011 -17"><span class='ocrx_word' id='word_1_157' title='bbox 391 2552 507 2615; x_wconf 85' lang='lat' dir='ltr'><strong>rici,</strong></span> <span class='ocrx_word' id='word_1_158' title='bbox 540 2562 594 2606; x_wconf 92' lang='lat' dir='ltr'><strong>ct</strong></span> <span class='ocrx_word' id='word_1_159' title='bbox 632 2557 1045 2612; x_wconf 71' lang='lat' dir='ltr'><strong>subornaremur</strong></span> <span class='ocrx_word' id='word_1_160' title='bbox 1069 2566 1124 2610; x_wconf 91' lang='lat' dir='ltr'><strong>ut</strong></span> <span class='ocrx_word' id='word_1_161' title='bbox 1148 2558 1403 2613; x_wconf 83' lang='lat' dir='ltr'><strong>adversus</strong></span> <span class='ocrx_word' id='word_1_162' title='bbox 1432 2575 1529 2614; x_wconf 94' lang='lat' dir='ltr'><strong>nos</strong></span> <span class='ocrx_word' id='word_1_163' title='bbox 1552 2562 1760 2618; x_wconf 87' lang='lat' dir='ltr'><strong>libellos</strong></span> <span class='ocrx_word' id='word_1_164' title='bbox 1784 2564 1973 2620; x_wconf 82' lang='lat' dir='ltr'><strong>darent</strong></span> 
     </span>
    </p>
   </div>
   <div class='ocr_carea' id='block_1_23' title="bbox 390 2644 1971 2720">
    <p class='ocr_par' dir='ltr' id='par_1_23' title="bbox 390 2644 1971 2720">
     <span class='ocr_line' id='line_1_23' title="bbox 390 2644 1971 2720; baseline 0.01 -24"><span class='ocrx_word' id='word_1_165' title='bbox 390 2653 444 2697; x_wconf 91' lang='lat' dir='ltr'><strong>ct</strong></span> <span class='ocrx_word' id='word_1_166' title='bbox 468 2644 535 2697; x_wconf 89' lang='lat' dir='ltr'><strong>ad</strong></span> <span class='ocrx_word' id='word_1_167' title='bbox 563 2649 953 2703; x_wconf 69' lang='lat' dir='ltr'><strong>accusationem</strong></span> <span class='ocrx_word' id='word_1_168' title='bbox 982 2651 1401 2720; x_wconf 74' lang='lat' dir='ltr'><strong>accingerentur.</strong></span> <span class='ocrx_word' id='word_1_169' title='bbox 1436 2652 1526 2706; x_wconf 86' lang='lat' dir='ltr'><strong>His</strong></span> <span class='ocrx_word' id='word_1_170' title='bbox 1552 2656 1714 2720; x_wconf 87' lang='lat' dir='ltr'><strong>actis,</strong></span> <span class='ocrx_word' id='word_1_171' title='bbox 1746 2658 1887 2711; x_wconf 89' lang='lat' dir='ltr'><strong>misit</strong></span> <span class='ocrx_word' id='word_1_172' title='bbox 1915 2669 1971 2713; x_wconf 89' lang='lat' dir='ltr'><strong>et</strong></span> 
     </span>
    </p>
   </div>
   <div class='ocr_carea' id='block_1_24' title="bbox 391 2739 1967 2815">
    <p class='ocr_par' dir='ltr' id='par_1_24' title="bbox 391 2739 1967 2815">
     <span class='ocr_line' id='line_1_24' title="bbox 391 2739 1967 2815; baseline 0.013 -32"><span class='ocrx_word' id='word_1_173' title='bbox 391 2739 599 2789; x_wconf 76' lang='lat' dir='ltr'><strong>vocavit</strong></span> <span class='ocrx_word' id='word_1_174' title='bbox 630 2754 725 2791; x_wconf 86' lang='lat' dir='ltr'><strong>nos</strong></span> <span class='ocrx_word' id='word_1_175' title='bbox 748 2741 798 2792; x_wconf 91' lang='lat' dir='ltr'><strong>in</strong></span> <span class='ocrx_word' id='word_1_176' title='bbox 816 2741 1094 2809; x_wconf 75' lang='lat' dir='ltr'><strong>judicium,</strong></span> <span class='ocrx_word' id='word_1_177' title='bbox 1122 2741 1352 2795; x_wconf 89' lang='lat' dir='ltr'><strong>nondum</strong></span> <span class='ocrx_word' id='word_1_178' title='bbox 1379 2746 1613 2813; x_wconf 78' lang='lat' dir='ltr'><strong>purgatis</strong></span> <span class='ocrx_word' id='word_1_179' title='bbox 1640 2763 1756 2815; x_wconf 67' lang='lat' dir='ltr'><strong>qtae</strong></span> <span class='ocrx_word' id='word_1_180' title='bbox 1776 2748 1967 2803; x_wconf 81' lang='lat' dir='ltr'><strong>adver-</strong></span> 
     </span>
    </p>
   </div>
   <div class='ocr_carea' id='block_1_25' title="bbox 386 2831 1964 2900">
    <p class='ocr_par' dir='ltr' id='par_1_25' title="bbox 386 2831 1964 2900">
     <span class='ocr_line' id='line_1_25' title="bbox 386 2831 1964 2900; baseline 0.01 -22"><span class='ocrx_word' id='word_1_181' title='bbox 386 2840 481 2879; x_wconf 76' lang='lat' dir='ltr'><strong>sus</strong></span> <span class='ocrx_word' id='word_1_182' title='bbox 510 2842 568 2881; x_wconf 86' lang='lat' dir='ltr'><strong>se</strong></span> <span class='ocrx_word' id='word_1_183' title='bbox 596 2838 743 2883; x_wconf 91' lang='lat' dir='ltr'><strong>erant</strong></span> <span class='ocrx_word' id='word_1_184' title='bbox 776 2831 1081 2884; x_wconf 78' lang='lat' dir='ltr'><strong>criminibus</strong></span> <span class='ocrx_word' id='word_1_185' title='bbox 1113 2849 1125 2883; x_wconf 92' lang='lat'><strong>:</strong></span> <span class='ocrx_word' id='word_1_186' title='bbox 1154 2832 1294 2900; x_wconf 88' lang='lat' dir='ltr'><strong>quod</strong></span> <span class='ocrx_word' id='word_1_187' title='bbox 1326 2836 1553 2888; x_wconf 80' lang='lat' dir='ltr'><strong>maxime</strong></span> <span class='ocrx_word' id='word_1_188' title='bbox 1592 2846 1772 2890; x_wconf 90' lang='lat' dir='ltr'><strong>contra</strong></span> <span class='ocrx_word' id='word_1_189' title='bbox 1799 2853 1964 2893; x_wconf 89' lang='lat' dir='ltr'><strong>cano-</strong></span> 
     </span>
    </p>
   </div>
   <div class='ocr_carea' id='block_1_26' title="bbox 385 2921 1962 2999">
    <p class='ocr_par' dir='ltr' id='par_1_26' title="bbox 385 2921 1962 2999">
     <span class='ocr_line' id='line_1_26' title="bbox 385 2921 1962 2999; baseline 0.01 -29"><span class='ocrx_word' id='word_1_190' title='bbox 385 2931 483 2971; x_wconf 83' lang='lat' dir='ltr'><strong>nes</strong></span> <span class='ocrx_word' id='word_1_191' title='bbox 508 2927 563 2970; x_wconf 83' lang='lat' dir='ltr'><strong>et</strong></span> <span class='ocrx_word' id='word_1_192' title='bbox 584 2932 767 2972; x_wconf 86' lang='lat' dir='ltr'><strong>contra</strong></span> <span class='ocrx_word' id='word_1_193' title='bbox 798 2921 940 2990; x_wconf 86' lang='lat' dir='ltr'><strong>leges</strong></span> <span class='ocrx_word' id='word_1_194' title='bbox 962 2936 1148 2975; x_wconf 88' lang='lat' dir='ltr'><strong>omnes</strong></span> <span class='ocrx_word' id='word_1_195' title='bbox 1166 2934 1298 2977; x_wconf 90' lang='lat' dir='ltr'><strong>erat.</strong></span> <span class='ocrx_word' id='word_1_196' title='bbox 1332 2924 1435 2979; x_wconf 81' lang='lat' dir='ltr'><strong>Sed</strong></span> <span class='ocrx_word' id='word_1_197' title='bbox 1463 2941 1557 2980; x_wconf 88' lang='lat' dir='ltr'><strong>nos</strong></span> <span class='ocrx_word' id='word_1_198' title='bbox 1579 2930 1798 2992; x_wconf 90' lang='lat' dir='ltr'><strong>conscii,</strong></span> <span class='ocrx_word' id='word_1_199' title='bbox 1821 2932 1962 2999; x_wconf 90' lang='lat' dir='ltr'><strong>quod</strong></span> 
     </span>
    </p>
   </div>
   <div class='ocr_carea' id='block_1_27' title="bbox 384 3008 1960 3085">
    <p class='ocr_par' dir='ltr' id='par_1_27' title="bbox 384 3008 1960 3085">
     <span class='ocr_line' id='line_1_27' title="bbox 384 3008 1960 3085; baseline 0.01 -26"><span class='ocrx_word' id='word_1_200' title='bbox 384 3021 492 3061; x_wconf 82' lang='lat' dir='ltr'><strong>non</strong></span> <span class='ocrx_word' id='word_1_201' title='bbox 519 3008 585 3061; x_wconf 91' lang='lat' dir='ltr'><strong>ad</strong></span> <span class='ocrx_word' id='word_1_202' title='bbox 618 3009 848 3077; x_wconf 88' lang='lat' dir='ltr'><strong>jndicem</strong></span> <span class='ocrx_word' id='word_1_203' title='bbox 875 3012 1081 3065; x_wconf 89' lang='lat' dir='ltr'><strong>venturi</strong></span> <span class='ocrx_word' id='word_1_204' title='bbox 1109 3026 1319 3067; x_wconf 90' lang='lat' dir='ltr'><strong>eramus</strong></span> <span class='ocrx_word' id='word_1_205' title='bbox 1351 3014 1370 3082; x_wconf 91' lang='lat'>(</span> <span class='ocrx_word' id='word_1_206' title='bbox 1390 3016 1619 3085; x_wconf 83' lang='lat' dir='ltr'><strong>alioquin</strong></span> <span class='ocrx_word' id='word_1_207' title='bbox 1647 3020 1838 3073; x_wconf 90' lang='lat' dir='ltr'><strong>millies</strong></span> <span class='ocrx_word' id='word_1_208' title='bbox 1863 3021 1960 3075; x_wconf 88' lang='lat' dir='ltr'><strong>ad-</strong></span> 
     </span>
    </p>
   </div>
   <div class='ocr_carea' id='block_1_28' title="bbox 385 3098 1962 3176">
    <p class='ocr_par' dir='ltr' id='par_1_28' title="bbox 385 3098 1962 3176">
     <span class='ocr_line' id='line_1_28' title="bbox 385 3098 1962 3176; baseline 0.01 -26"><span class='ocrx_word' id='word_1_209' title='bbox 385 3098 714 3169; x_wconf 85' lang='lat' dir='ltr'><strong>fuissemus),</strong></span> <span class='ocrx_word' id='word_1_210' title='bbox 746 3100 839 3154; x_wconf 89' lang='lat' dir='ltr'><strong>sed</strong></span> <span class='ocrx_word' id='word_1_211' title='bbox 868 3100 932 3153; x_wconf 93' lang='lat' dir='ltr'><strong>ad</strong></span> <span class='ocrx_word' id='word_1_212' title='bbox 960 3101 1228 3156; x_wconf 91' lang='lat' dir='ltr'><strong>inimicum</strong></span> <span class='ocrx_word' id='word_1_213' title='bbox 1249 3113 1301 3158; x_wconf 91' lang='lat' dir='ltr'><strong>et</strong></span> <span class='ocrx_word' id='word_1_214' title='bbox 1327 3107 1563 3159; x_wconf 88' lang='lat' dir='ltr'><strong>hostem:</strong></span> <span class='ocrx_word' id='word_1_215' title='bbox 1594 3107 1645 3160; x_wconf 91' lang='lat' dir='ltr'><strong>id</strong></span> <span class='ocrx_word' id='word_1_216' title='bbox 1669 3110 1809 3176; x_wconf 89' lang='lat' dir='ltr'><strong>quod</strong></span> <span class='ocrx_word' id='word_1_217' title='bbox 1831 3111 1962 3165; x_wconf 86' lang='lat' dir='ltr'><strong>satis</strong></span> 
     </span>
    </p>
   </div>
   <div class='ocr_carea' id='block_1_29' title="bbox 380 3188 1955 3262">
    <p class='ocr_par' dir='ltr' id='par_1_29' title="bbox 380 3188 1955 3262">
     <span class='ocr_line' id='line_1_29' title="bbox 380 3188 1955 3262; baseline 0.009 -21"><span class='ocrx_word' id='word_1_218' title='bbox 380 3188 652 3243; x_wconf 75' lang='lat' dir='ltr'><strong>declarant</strong></span> <span class='ocrx_word' id='word_1_219' title='bbox 700 3205 817 3259; x_wconf 69' lang='lat' dir='ltr'><strong>qua:</strong></span> <span class='ocrx_word' id='word_1_220' title='bbox 864 3200 917 3244; x_wconf 89' lang='lat' dir='ltr'><strong>et</strong></span> <span class='ocrx_word' id='word_1_221' title='bbox 958 3192 1103 3260; x_wconf 86' lang='lat' dir='ltr'><strong>prius</strong></span> <span class='ocrx_word' id='word_1_222' title='bbox 1148 3202 1202 3247; x_wconf 90' lang='lat' dir='ltr'><strong>et</strong></span> <span class='ocrx_word' id='word_1_223' title='bbox 1248 3196 1581 3262; x_wconf 83' lang='lat' dir='ltr'><strong>postmodum</strong></span> <span class='ocrx_word' id='word_1_224' title='bbox 1627 3207 1743 3252; x_wconf 85' lang='lat' dir='ltr'><strong>acta</strong></span> <span class='ocrx_word' id='word_1_225' title='bbox 1790 3210 1955 3255; x_wconf 87' lang='lat' dir='ltr'><strong>sunt:</strong></span> 
     </span>
    </p>
   </div>
   <div class='ocr_carea' id='block_1_30' title="bbox 380 3279 1955 3358">
    <p class='ocr_par' dir='ltr' id='par_1_30' title="bbox 380 3279 1955 3358">
     <span class='ocr_line' id='line_1_30' title="bbox 380 3279 1955 3358; baseline 0.009 -27"><span class='ocrx_word' id='word_1_226' title='bbox 380 3280 625 3334; x_wconf 87' lang='lat' dir='ltr'><strong>misimus</strong></span> <span class='ocrx_word' id='word_1_227' title='bbox 672 3279 737 3333; x_wconf 91' lang='lat' dir='ltr'><strong>ad</strong></span> <span class='ocrx_word' id='word_1_228' title='bbox 778 3295 898 3335; x_wconf 91' lang='lat' dir='ltr'><strong>eum</strong></span> <span class='ocrx_word' id='word_1_229' title='bbox 944 3283 1241 3351; x_wconf 87' lang='lat' dir='ltr'><strong>episcopos,</strong></span> <span class='ocrx_word' id='word_1_230' title='bbox 1285 3284 1606 3340; x_wconf 75' lang='lat' dir='ltr'><strong>Demetrium</strong></span> <span class='ocrx_word' id='word_1_231' title='bbox 1650 3288 1955 3358; x_wconf 87' lang='lat' dir='ltr'><strong>episcopum</strong></span> 
     </span>
    </p>
   </div>
   <div class='ocr_carea' id='block_1_31' title="bbox 380 3371 1959 3448">
    <p class='ocr_par' dir='ltr' id='par_1_31' title="bbox 380 3371 1959 3448">
     <span class='ocr_line' id='line_1_31' title="bbox 380 3371 1959 3448; baseline 0.008 -25"><span class='ocrx_word' id='word_1_232' title='bbox 380 3371 667 3425; x_wconf 85' lang='lat' dir='ltr'><strong>l’isinuntis</strong></span> <span class='ocrx_word' id='word_1_233' title='bbox 687 3414 699 3433; x_wconf 91' lang='lat'><strong>,</strong></span> <span class='ocrx_word' id='word_1_234' title='bbox 736 3372 1005 3443; x_wconf 87' lang='lat' dir='ltr'><strong>Eulysium</strong></span> <span class='ocrx_word' id='word_1_235' title='bbox 1034 3375 1337 3444; x_wconf 81' lang='lat' dir='ltr'><strong>episcopum</strong></span> <span class='ocrx_word' id='word_1_236' title='bbox 1369 3377 1637 3444; x_wconf 76' lang='lat' dir='ltr'><strong>Apamcze,</strong></span> <span class='ocrx_word' id='word_1_237' title='bbox 1676 3379 1959 3448; x_wconf 86' lang='lat' dir='ltr'><strong>Luppieia—</strong></span> 
     </span>
    </p>
   </div>
   <div class='ocr_carea' id='block_1_32' title="bbox 379 3463 1955 3533">
    <p class='ocr_par' dir='ltr' id='par_1_32' title="bbox 379 3463 1955 3533">
     <span class='ocr_line' id='line_1_32' title="bbox 379 3463 1955 3533; baseline 0.01 -20"><span class='ocrx_word' id='word_1_238' title='bbox 379 3476 504 3514; x_wconf 89' lang='lat' dir='ltr'><strong>num</strong></span> <span class='ocrx_word' id='word_1_239' title='bbox 531 3463 795 3531; x_wconf 76' lang='lat' dir='ltr'><strong>Appiaria:</strong></span> <span class='ocrx_word' id='word_1_240' title='bbox 828 3480 841 3516; x_wconf 87' lang='lat'><strong>:</strong></span> <span class='ocrx_word' id='word_1_241' title='bbox 870 3464 1205 3533; x_wconf 85' lang='lat' dir='ltr'><strong>presbyteros</strong></span> <span class='ocrx_word' id='word_1_242' title='bbox 1237 3476 1414 3519; x_wconf 88' lang='lat' dir='ltr'><strong>autem</strong></span> <span class='ocrx_word' id='word_1_243' title='bbox 1436 3465 1759 3523; x_wconf 85' lang='lat' dir='ltr'><strong>Germanum</strong></span> <span class='ocrx_word' id='word_1_244' title='bbox 1788 3480 1839 3525; x_wconf 88' lang='lat' dir='ltr'><strong>et</strong></span> <span class='ocrx_word' id='word_1_245' title='bbox 1858 3471 1955 3527; x_wconf 84' lang='lat' dir='ltr'><strong>Se-</strong></span> 
     </span>
    </p>
   </div>
   <div class='ocr_carea' id='block_1_33' title="bbox 375 3554 1954 3628">
    <p class='ocr_par' dir='ltr' id='par_1_33' title="bbox 375 3554 1954 3628">
     <span class='ocr_line' id='line_1_33' title="bbox 375 3554 1954 3628; baseline 0.01 -27"><span class='ocrx_word' id='word_1_246' title='bbox 375 3566 584 3616; x_wconf 87' lang='lat' dir='ltr'><strong>verum,</strong></span> <span class='ocrx_word' id='word_1_247' title='bbox 613 3554 945 3607; x_wconf 89' lang='lat' dir='ltr'><strong>convenienti</strong></span> <span class='ocrx_word' id='word_1_248' title='bbox 974 3554 1128 3608; x_wconf 90' lang='lat' dir='ltr'><strong>nobis</strong></span> <span class='ocrx_word' id='word_1_249' title='bbox 1154 3556 1409 3611; x_wconf 89' lang='lat' dir='ltr'><strong>modestia</strong></span> <span class='ocrx_word' id='word_1_250' title='bbox 1442 3560 1856 3628; x_wconf 89' lang='lat' dir='ltr'><strong>respondentes,</strong></span> <span class='ocrx_word' id='word_1_251' title='bbox 1890 3578 1954 3618; x_wconf 90' lang='lat' dir='ltr'><strong>ac</strong></span> 
     </span>
    </p>
   </div>
   <div class='ocr_carea' id='block_1_34' title="bbox 375 3642 1951 3715">
    <p class='ocr_par' dir='ltr' id='par_1_34' title="bbox 375 3642 1951 3715">
     <span class='ocr_line' id='line_1_34' title="bbox 375 3642 1951 3715; baseline 0.011 -23"><span class='ocrx_word' id='word_1_252' title='bbox 375 3642 648 3708; x_wconf 82' lang='lat' dir='ltr'><strong>dicentes,</strong></span> <span class='ocrx_word' id='word_1_253' title='bbox 691 3659 788 3697; x_wconf 88' lang='lat' dir='ltr'><strong>nos</strong></span> <span class='ocrx_word' id='word_1_254' title='bbox 830 3659 932 3698; x_wconf 91' lang='lat' dir='ltr'><strong>non</strong></span> <span class='ocrx_word' id='word_1_255' title='bbox 975 3644 1224 3715; x_wconf 79' lang='lat' dir='ltr'><strong>defugere</strong></span> <span class='ocrx_word' id='word_1_256' title='bbox 1246 3647 1522 3715; x_wconf 87' lang='lat' dir='ltr'><strong>judicium,</strong></span> <span class='ocrx_word' id='word_1_257' title='bbox 1550 3651 1643 3706; x_wconf 92' lang='lat' dir='ltr'><strong>sed</strong></span> <span class='ocrx_word' id='word_1_258' title='bbox 1680 3652 1951 3709; x_wconf 88' lang='lat' dir='ltr'><strong>inimicum</strong></span> 
     </span>
    </p>
   </div>
   <div class='ocr_carea' id='block_1_35' title="bbox 375 3734 1947 3811">
    <p class='ocr_par' dir='ltr' id='par_1_35' title="bbox 375 3734 1947 3811">
     <span class='ocr_line' id='line_1_35' title="bbox 375 3734 1947 3811; baseline 0.01 -28"><span class='ocrx_word' id='word_1_259' title='bbox 375 3745 619 3801; x_wconf 81' lang='lat' dir='ltr'><strong>apertum</strong></span> <span class='ocrx_word' id='word_1_260' title='bbox 645 3746 801 3803; x_wconf 87' lang='lat' dir='ltr'><strong>atque</strong></span> <span class='ocrx_word' id='word_1_261' title='bbox 830 3734 1035 3790; x_wconf 81' lang='lat' dir='ltr'><strong>hostem</strong></span> <span class='ocrx_word' id='word_1_262' title='bbox 1061 3738 1416 3793; x_wconf 79' lang='lat' dir='ltr'><strong>manifestum.</strong></span> <span class='ocrx_word' id='word_1_263' title='bbox 1446 3741 1575 3794; x_wconf 82' lang='lat' dir='ltr'><strong>Nam</strong></span> <span class='ocrx_word' id='word_1_264' title='bbox 1597 3743 1685 3811; x_wconf 86' lang='lat' dir='ltr'><strong>qui</strong></span> <span class='ocrx_word' id='word_1_265' title='bbox 1715 3743 1947 3798; x_wconf 90' lang='lat' dir='ltr'><strong>nondum</strong></span> 
     </span>
    </p>
   </div>
   <div class='ocr_carea' id='block_1_36' title="bbox 371 3824 1947 3901">
    <p class='ocr_par' dir='ltr' id='par_1_36' title="bbox 371 3824 1947 3901">
     <span class='ocr_line' id='line_1_36' title="bbox 371 3824 1947 3901; baseline 0.01 -26"><span class='ocrx_word' id='word_1_266' title='bbox 371 3826 601 3891; x_wconf 82' lang='lat' dir='ltr'><strong>acceptis</strong></span> <span class='ocrx_word' id='word_1_267' title='bbox 632 3824 821 3879; x_wconf 85' lang='lat' dir='ltr'><strong>libellis</strong></span> <span class='ocrx_word' id='word_1_268' title='bbox 848 3827 1024 3881; x_wconf 87' lang='lat' dir='ltr'><strong>statim</strong></span> <span class='ocrx_word' id='word_1_269' title='bbox 1060 3829 1128 3882; x_wconf 89' lang='lat' dir='ltr'><strong>ab</strong></span> <span class='ocrx_word' id='word_1_270' title='bbox 1173 3829 1324 3884; x_wconf 85' lang='lat' dir='ltr'><strong>initio</strong></span> <span class='ocrx_word' id='word_1_271' title='bbox 1365 3833 1481 3885; x_wconf 86' lang='lat' dir='ltr'><strong>talia</strong></span> <span class='ocrx_word' id='word_1_272' title='bbox 1531 3834 1763 3901; x_wconf 89' lang='lat' dir='ltr'><strong>fecisset,</strong></span> <span class='ocrx_word' id='word_1_273' title='bbox 1793 3845 1847 3890; x_wconf 90' lang='lat' dir='ltr'><strong>et</strong></span> <span class='ocrx_word' id='word_1_274' title='bbox 1880 3837 1947 3891; x_wconf 90' lang='lat' dir='ltr'><strong>ab</strong></span> 
     </span>
    </p>
   </div>
   <div class='ocr_carea' id='block_1_37' title="bbox 372 3912 1946 3995">
    <p class='ocr_par' dir='ltr' id='par_1_37' title="bbox 372 3912 1946 3995">
     <span class='ocr_line' id='line_1_37' title="bbox 372 3912 1946 3995; baseline 0.01 -30"><span class='ocrx_word' id='word_1_275' title='bbox 372 3912 609 3968; x_wconf 80' lang='lat' dir='ltr'><strong>Ecclesia</strong></span> <span class='ocrx_word' id='word_1_276' title='bbox 633 3917 867 3983; x_wconf 85' lang='lat' dir='ltr'><strong>seipsnm</strong></span> <span class='ocrx_word' id='word_1_277' title='bbox 891 3917 1210 3987; x_wconf 83' lang='lat' dir='ltr'><strong>abrupissct,</strong></span> <span class='ocrx_word' id='word_1_278' title='bbox 1241 3935 1270 3972; x_wconf 87' lang='lat' dir='ltr'><strong>a</strong></span> <span class='ocrx_word' id='word_1_279' title='bbox 1296 3922 1690 3991; x_wconf 78' lang='lat' dir='ltr'><strong>communione,</strong></span> <span class='ocrx_word' id='word_1_280' title='bbox 1724 3940 1752 3979; x_wconf 90' lang='lat' dir='ltr'><strong>a</strong></span> <span class='ocrx_word' id='word_1_281' title='bbox 1782 3928 1946 3995; x_wconf 90' lang='lat' dir='ltr'><strong>preci-</strong></span> 
     </span>
    </p>
   </div>
   <div class='ocr_carea' id='block_1_38' title="bbox 369 4002 1939 4080">
    <p class='ocr_par' dir='ltr' id='par_1_38' title="bbox 369 4002 1939 4080">
     <span class='ocr_line' id='line_1_38' title="bbox 369 4002 1939 4080; baseline 0.01 -26"><span class='ocrx_word' id='word_1_282' title='bbox 369 4002 495 4066; x_wconf 88' lang='lat' dir='ltr'><strong>bus;</strong></span> <span class='ocrx_word' id='word_1_283' title='bbox 541 4013 875 4060; x_wconf 86' lang='lat' dir='ltr'><strong>accusatores</strong></span> <span class='ocrx_word' id='word_1_284' title='bbox 917 4006 1215 4074; x_wconf 84' lang='lat' dir='ltr'><strong>instruens,</strong></span> <span class='ocrx_word' id='word_1_285' title='bbox 1259 4010 1461 4065; x_wconf 86' lang='lat' dir='ltr'><strong>clerum</strong></span> <span class='ocrx_word' id='word_1_286' title='bbox 1501 4014 1567 4065; x_wconf 90' lang='lat' dir='ltr'><strong>ad</strong></span> <span class='ocrx_word' id='word_1_287' title='bbox 1605 4028 1665 4068; x_wconf 80' lang='lat' dir='ltr'><strong>se</strong></span> <span class='ocrx_word' id='word_1_288' title='bbox 1706 4016 1939 4080; x_wconf 86' lang='lat' dir='ltr'><strong>trahens,</strong></span> 
     </span>
    </p>
   </div>
   <div class='ocr_carea' id='block_1_39' title="bbox 366 4095 1945 4176">
    <p class='ocr_par' dir='ltr' id='par_1_39' title="bbox 366 4095 1945 4176">
     <span class='ocr_line' id='line_1_39' title="bbox 366 4095 1945 4176; baseline 0.008 -27"><span class='ocrx_word' id='word_1_289' title='bbox 366 4095 629 4149; x_wconf 58' lang='lat' dir='ltr'><strong>Eecleeias</strong></span> <span class='ocrx_word' id='word_1_290' title='bbox 650 4096 896 4151; x_wconf 80' lang='lat' dir='ltr'><strong>dc5oians</strong></span> <span class='ocrx_word' id='word_1_291' title='bbox 926 4116 938 4150; x_wconf 96' lang='lat'>:</span> <span class='ocrx_word' id='word_1_292' title='bbox 965 4099 1229 4167; x_wconf 87' lang='lat' dir='ltr'><strong>quomodo</strong></span> <span class='ocrx_word' id='word_1_293' title='bbox 1252 4100 1442 4170; x_wconf 89' lang='lat' dir='ltr'><strong>dignus</strong></span> <span class='ocrx_word' id='word_1_294' title='bbox 1470 4114 1631 4169; x_wconf 81' lang='lat' dir='ltr'><strong>esset,</strong></span> <span class='ocrx_word' id='word_1_295' title='bbox 1662 4107 1752 4174; x_wconf 87' lang='lat' dir='ltr'><strong>qui</strong></span> <span class='ocrx_word' id='word_1_296' title='bbox 1783 4107 1833 4160; x_wconf 92' lang='lat' dir='ltr'><strong>in</strong></span> <span class='ocrx_word' id='word_1_297' title='bbox 1857 4108 1945 4176; x_wconf 88' lang='lat' dir='ltr'><strong>jn-</strong></span> 
     </span>
    </p>
   </div>
   <div class='ocr_carea' id='block_1_40' title="bbox 362 4187 1941 4261">
    <p class='ocr_par' dir='ltr' id='par_1_40' title="bbox 362 4187 1941 4261">
     <span class='ocr_line' id='line_1_40' title="bbox 362 4187 1941 4261; baseline 0.009 -23"><span class='ocrx_word' id='word_1_298' title='bbox 362 4188 495 4240; x_wconf 89' lang='lat' dir='ltr'><strong>dicis</strong></span> <span class='ocrx_word' id='word_1_299' title='bbox 519 4187 767 4241; x_wconf 83' lang='lat' dir='ltr'><strong>thronum</strong></span> <span class='ocrx_word' id='word_1_300' title='bbox 810 4188 938 4242; x_wconf 81' lang='lat' dir='ltr'><strong>nihil</strong></span> <span class='ocrx_word' id='word_1_301' title='bbox 981 4190 1047 4244; x_wconf 91' lang='lat' dir='ltr'><strong>ad</strong></span> <span class='ocrx_word' id='word_1_302' title='bbox 1087 4206 1145 4246; x_wconf 91' lang='lat' dir='ltr'><strong>se</strong></span> <span class='ocrx_word' id='word_1_303' title='bbox 1180 4194 1531 4261; x_wconf 80' lang='lat' dir='ltr'><strong>pertinentem</strong></span> <span class='ocrx_word' id='word_1_304' title='bbox 1559 4196 1941 4253; x_wconf 83' lang='lat' dir='ltr'><strong>adscenderet?</strong></span> 
     </span>
    </p>
   </div>
   <div class='ocr_carea' id='block_1_41' title="bbox 361 4275 1939 4360">
    <p class='ocr_par' dir='ltr' id='par_1_41' title="bbox 361 4275 1939 4360">
     <span class='ocr_line' id='line_1_41' title="bbox 361 4275 1939 4360; baseline 0.01 -31"><span class='ocrx_word' id='word_1_305' title='bbox 361 4275 476 4330; x_wconf 81' lang='lat' dir='ltr'><strong>Non</strong></span> <span class='ocrx_word' id='word_1_306' title='bbox 506 4279 646 4331; x_wconf 89' lang='lat' dir='ltr'><strong>enim</strong></span> <span class='ocrx_word' id='word_1_307' title='bbox 683 4290 1097 4334; x_wconf 87' lang='lat' dir='ltr'><strong>consentaneum</strong></span> <span class='ocrx_word' id='word_1_308' title='bbox 1135 4296 1273 4346; x_wconf 87' lang='lat' dir='ltr'><strong>esse,</strong></span> <span class='ocrx_word' id='word_1_309' title='bbox 1310 4294 1365 4338; x_wconf 93' lang='lat' dir='ltr'><strong>ut</strong></span> <span class='ocrx_word' id='word_1_310' title='bbox 1390 4285 1478 4339; x_wconf 85' lang='lat' dir='ltr'><strong>ille</strong></span> <span class='ocrx_word' id='word_1_311' title='bbox 1503 4288 1590 4355; x_wconf 90' lang='lat' dir='ltr'><strong>qui</strong></span> <span class='ocrx_word' id='word_1_312' title='bbox 1617 4302 1679 4342; x_wconf 81' lang='lat' dir='ltr'><strong>ex</strong></span> <span class='ocrx_word' id='word_1_313' title='bbox 1707 4288 1939 4360; x_wconf 66' lang='lat' dir='ltr'><strong>Egypto</strong></span> 
     </span>
    </p>
   </div>
   <div class='ocr_carea' id='block_1_42' title="bbox 356 4369 1932 4447">
    <p class='ocr_par' dir='ltr' id='par_1_42' title="bbox 356 4369 1932 4447">
     <span class='ocr_line' id='line_1_42' title="bbox 356 4369 1932 4447; baseline 0.008 -25"><span class='ocrx_word' id='word_1_314' title='bbox 356 4376 524 4432; x_wconf 76' lang='lat' dir='ltr'><strong>esset,</strong></span> <span class='ocrx_word' id='word_1_315' title='bbox 557 4369 608 4421; x_wconf 75' lang='lat' dir='ltr'><strong>in</strong></span> <span class='ocrx_word' id='word_1_316' title='bbox 630 4369 850 4423; x_wconf 78' lang='lat' dir='ltr'><strong>Thracia</strong></span> <span class='ocrx_word' id='word_1_317' title='bbox 869 4370 1150 4437; x_wconf 87' lang='lat' dir='ltr'><strong>jndicaret,</strong></span> <span class='ocrx_word' id='word_1_318' title='bbox 1183 4373 1293 4442; x_wconf 87' lang='lat' dir='ltr'><strong>ipse</strong></span> <span class='ocrx_word' id='word_1_319' title='bbox 1314 4376 1623 4431; x_wconf 87' lang='lat' dir='ltr'><strong>criminibus</strong></span> <span class='ocrx_word' id='word_1_320' title='bbox 1647 4378 1932 4447; x_wconf 82' lang='lat' dir='ltr'><strong>obnoxius,</strong></span> 
     </span>
    </p>
   </div>
   <div class='ocr_carea' id='block_1_43' title="bbox 358 4461 1933 4531">
    <p class='ocr_par' dir='ltr' id='par_1_43' title="bbox 358 4461 1933 4531">
     <span class='ocr_line' id='line_1_43' title="bbox 358 4461 1933 4531; baseline 0.009 -18"><span class='ocrx_word' id='word_1_321' title='bbox 358 4461 603 4515; x_wconf 81' lang='lat' dir='ltr'><strong>inimicus</strong></span> <span class='ocrx_word' id='word_1_322' title='bbox 636 4470 794 4531; x_wconf 87' lang='lat' dir='ltr'><strong>atque</strong></span> <span class='ocrx_word' id='word_1_323' title='bbox 837 4461 1023 4515; x_wconf 87' lang='lat' dir='ltr'><strong>hostis.</strong></span> <span class='ocrx_word' id='word_1_324' title='bbox 1054 4463 1434 4522; x_wconf 76' lang='lat' dir='ltr'><strong>Verumtamen</strong></span> <span class='ocrx_word' id='word_1_325' title='bbox 1471 4469 1600 4522; x_wconf 90' lang='lat' dir='ltr'><strong>nihil</strong></span> <span class='ocrx_word' id='word_1_326' title='bbox 1628 4470 1717 4525; x_wconf 89' lang='lat' dir='ltr'><strong>ille</strong></span> <span class='ocrx_word' id='word_1_327' title='bbox 1745 4471 1933 4528; x_wconf 88' lang='lat' dir='ltr'><strong>borum</strong></span> 
     </span>
    </p>
   </div>
   <div class='ocr_carea' id='block_1_44' title="bbox 356 4551 1933 4627">
    <p class='ocr_par' dir='ltr' id='par_1_44' title="bbox 356 4551 1933 4627">
     <span class='ocr_line' id='line_1_44' title="bbox 356 4551 1933 4627; baseline 0.01 -24"><span class='ocrx_word' id='word_1_328' title='bbox 356 4552 638 4612; x_wconf 78' lang='lat' dir='ltr'><strong>reveritus,</strong></span> <span class='ocrx_word' id='word_1_329' title='bbox 670 4551 762 4604; x_wconf 90' lang='lat' dir='ltr'><strong>sed</strong></span> <span class='ocrx_word' id='word_1_330' title='bbox 807 4566 997 4619; x_wconf 85' lang='lat' dir='ltr'><strong>urgens</strong></span> <span class='ocrx_word' id='word_1_331' title='bbox 1035 4554 1175 4622; x_wconf 88' lang='lat' dir='ltr'><strong>quod</strong></span> <span class='ocrx_word' id='word_1_332' title='bbox 1216 4556 1435 4627; x_wconf 90' lang='lat' dir='ltr'><strong>implere</strong></span> <span class='ocrx_word' id='word_1_333' title='bbox 1481 4568 1769 4625; x_wconf 90' lang='lat' dir='ltr'><strong>statuerat,</strong></span> <span class='ocrx_word' id='word_1_334' title='bbox 1810 4579 1933 4619; x_wconf 90' lang='lat' dir='ltr'><strong>cum</strong></span> 
     </span>
    </p>
   </div>
   <div class='ocr_carea' id='block_1_45' title="bbox 354 4640 1933 4709">
    <p class='ocr_par' dir='ltr' id='par_1_45' title="bbox 354 4640 1933 4709">
     <span class='ocr_line' id='line_1_45' title="bbox 354 4640 1933 4709; baseline 0.01 -18"><span class='ocrx_word' id='word_1_335' title='bbox 354 4640 775 4693; x_wconf 88' lang='lat' dir='ltr'><strong>dcclarassenms</strong></span> <span class='ocrx_word' id='word_1_336' title='bbox 810 4653 1018 4708; x_wconf 86' lang='lat' dir='ltr'><strong>paratos</strong></span> <span class='ocrx_word' id='word_1_337' title='bbox 1062 4658 1160 4697; x_wconf 90' lang='lat' dir='ltr'><strong>nos</strong></span> <span class='ocrx_word' id='word_1_338' title='bbox 1202 4663 1320 4703; x_wconf 75' lang='lat' dir='ltr'><strong>esse</strong></span> <span class='ocrx_word' id='word_1_339' title='bbox 1354 4649 1557 4704; x_wconf 79' lang='lat' dir='ltr'><strong>diluere</strong></span> <span class='ocrx_word' id='word_1_340' title='bbox 1584 4654 1804 4706; x_wconf 91' lang='lat' dir='ltr'><strong>crimina</strong></span> <span class='ocrx_word' id='word_1_341' title='bbox 1836 4671 1933 4709; x_wconf 88' lang='lat' dir='ltr'><strong>co-</strong></span> 
     </span>
    </p>
   </div>
   <div class='ocr_carea' id='block_1_46' title="bbox 352 4731 1930 4814">
    <p class='ocr_par' dir='ltr' id='par_1_46' title="bbox 352 4731 1930 4814">
     <span class='ocr_line' id='line_1_46' title="bbox 352 4731 1930 4814; baseline 0.006 -30"><span class='ocrx_word' id='word_1_342' title='bbox 352 4745 465 4784; x_wconf 87' lang='lat' dir='ltr'><strong>ram</strong></span> <span class='ocrx_word' id='word_1_343' title='bbox 490 4738 702 4783; x_wconf 90' lang='lat' dir='ltr'><strong>centnm</strong></span> <span class='ocrx_word' id='word_1_344' title='bbox 728 4739 781 4783; x_wconf 90' lang='lat' dir='ltr'><strong>et</strong></span> <span class='ocrx_word' id='word_1_345' title='bbox 800 4731 943 4784; x_wconf 80' lang='lat' dir='ltr'><strong>mille</strong></span> <span class='ocrx_word' id='word_1_346' title='bbox 963 4734 1250 4804; x_wconf 88' lang='lat' dir='ltr'><strong>episcopis,</strong></span> <span class='ocrx_word' id='word_1_347' title='bbox 1269 4748 1324 4792; x_wconf 87' lang='lat' dir='ltr'><strong>et</strong></span> <span class='ocrx_word' id='word_1_348' title='bbox 1346 4754 1505 4807; x_wconf 84' lang='lat' dir='ltr'><strong>puros</strong></span> <span class='ocrx_word' id='word_1_349' title='bbox 1524 4740 1595 4794; x_wconf 77' lang='lat' dir='ltr'><strong>ab</strong></span> <span class='ocrx_word' id='word_1_350' title='bbox 1610 4744 1756 4794; x_wconf 81' lang='lat' dir='ltr'><strong>onmi</strong></span> <span class='ocrx_word' id='word_1_351' title='bbox 1776 4744 1930 4814; x_wconf 66' lang='lat' dir='ltr'><strong>culpa</strong></span> 
     </span>
    </p>
   </div>
   <div class='ocr_carea' id='block_1_47' title="bbox 356 4819 1930 4897">
    <p class='ocr_par' dir='ltr' id='par_1_47' title="bbox 356 4819 1930 4897">
     <span class='ocr_line' id='line_1_47' title="bbox 356 4819 1930 4897; baseline 0.01 -24"><span class='ocrx_word' id='word_1_352' title='bbox 356 4834 457 4874; x_wconf 91' lang='lat' dir='ltr'><strong>nos</strong></span> <span class='ocrx_word' id='word_1_353' title='bbox 481 4819 787 4886; x_wconf 86' lang='lat' dir='ltr'><strong>ostendere,</strong></span> <span class='ocrx_word' id='word_1_354' title='bbox 818 4834 875 4874; x_wconf 89' lang='lat' dir='ltr'><strong>ut</strong></span> <span class='ocrx_word' id='word_1_355' title='bbox 900 4837 1083 4877; x_wconf 81' lang='lat' dir='ltr'><strong>revera</strong></span> <span class='ocrx_word' id='word_1_356' title='bbox 1124 4841 1314 4881; x_wconf 80' lang='lat' dir='ltr'><strong>sumus</strong></span> <span class='ocrx_word' id='word_1_357' title='bbox 1344 4847 1358 4882; x_wconf 89' lang='lat'><strong>:</strong></span> <span class='ocrx_word' id='word_1_358' title='bbox 1395 4845 1501 4884; x_wconf 80' lang='lat' dir='ltr'><strong>non</strong></span> <span class='ocrx_word' id='word_1_359' title='bbox 1548 4832 1667 4885; x_wconf 75' lang='lat' dir='ltr'><strong>tulit</strong></span> <span class='ocrx_word' id='word_1_360' title='bbox 1697 4832 1809 4897; x_wconf 70' lang='lat' dir='ltr'><strong>ille,</strong></span> <span class='ocrx_word' id='word_1_361' title='bbox 1833 4833 1930 4887; x_wconf 72' lang='lat' dir='ltr'><strong>sed</strong></span> 
     </span>
    </p>
   </div>
   <div class='ocr_carea' id='block_1_48' title="bbox 347 4910 1927 4991">
    <p class='ocr_par' dir='ltr' id='par_1_48' title="bbox 347 4910 1927 4991">
     <span class='ocr_line' id='line_1_48' title="bbox 347 4910 1927 4991; baseline 0.011 -29"><span class='ocrx_word' id='word_1_362' title='bbox 347 4910 507 4962; x_wconf 78' lang='lat' dir='ltr'><strong>nobis</strong></span> <span class='ocrx_word' id='word_1_363' title='bbox 529 4910 842 4964; x_wconf 69' lang='lat' dir='ltr'><strong>absentibus</strong></span> <span class='ocrx_word' id='word_1_364' title='bbox 859 4922 917 4965; x_wconf 66' lang='lat' dir='ltr'><strong>ex</strong></span> <span class='ocrx_word' id='word_1_365' title='bbox 934 4912 1007 4965; x_wconf 69' lang='lat' dir='ltr'><strong>ad</strong></span> <span class='ocrx_word' id='word_1_366' title='bbox 1027 4916 1294 4983; x_wconf 66' lang='lat' dir='ltr'><strong>synodum</strong></span> <span class='ocrx_word' id='word_1_367' title='bbox 1314 4921 1714 4987; x_wconf 64' lang='lat' dir='ltr'><strong>appella-libus</strong></span> <span class='ocrx_word' id='word_1_368' title='bbox 1742 4936 1811 4976; x_wconf 74' lang='grc' dir='ltr'><strong><em>κ</em></strong></span> <span class='ocrx_word' id='word_1_369' title='bbox 1834 4921 1927 4991; x_wconf 78' lang='lat' dir='ltr'><strong>ju-</strong></span> 
     </span>
    </p>
   </div>
   <div class='ocr_carea' id='block_1_49' title="bbox 343 4998 1925 5079">
    <p class='ocr_par' dir='ltr' id='par_1_49' title="bbox 343 4998 1925 5079">
     <span class='ocr_line' id='line_1_49' title="bbox 343 4998 1925 5079; baseline 0.011 -28"><span class='ocrx_word' id='word_1_370' title='bbox 343 4998 546 5052; x_wconf 62' lang='lat' dir='ltr'><strong>ieium</strong></span> <span class='ocrx_word' id='word_1_371' title='bbox 561 4999 913 5068; x_wconf 64' lang='lat' dir='ltr'><strong>3::ng</strong></span> <span class='ocrx_word' id='word_1_372' title='bbox 928 5041 952 5067; x_wconf 83' lang='lat'><strong>,</strong></span> <span class='ocrx_word' id='word_1_373' title='bbox 975 5018 1081 5057; x_wconf 66' lang='lat' dir='ltr'><strong>nec</strong></span> <span class='ocrx_word' id='word_1_374' title='bbox 1102 5005 1429 5061; x_wconf 60' lang='lat' dir='ltr'><strong>auditionem</strong></span> <span class='ocrx_word' id='word_1_375' title='bbox 1459 5009 1803 5079; x_wconf 65' lang='lat' dir='ltr'><strong>fugientibus,</strong></span> <span class='ocrx_word' id='word_1_376' title='bbox 1830 5014 1925 5068; x_wconf 78' lang='lat' dir='ltr'><strong>sed</strong></span> 
     </span>
    </p>
   </div>
   <div class='ocr_carea' id='block_1_50' title="bbox 344 5092 1929 5173">
    <p class='ocr_par' dir='ltr' id='par_1_50' title="bbox 344 5092 1929 5173">
     <span class='ocr_line' id='line_1_50' title="bbox 344 5092 1929 5173; baseline 0.009 -28"><span class='ocrx_word' id='word_1_377' title='bbox 344 5092 691 5147; x_wconf 63' lang='lat' dir='ltr'><strong>manifestum</strong></span> <span class='ocrx_word' id='word_1_378' title='bbox 710 5095 893 5148; x_wconf 63' lang='lat' dir='ltr'><strong>oditur</strong></span> <span class='ocrx_word' id='word_1_379' title='bbox 910 5135 924 5157; x_wconf 93' lang='lat'><strong>,</strong></span> <span class='ocrx_word' id='word_1_380' title='bbox 958 5098 1077 5164; x_wconf 79' lang='lat' dir='ltr'><strong>ipse</strong></span> <span class='ocrx_word' id='word_1_381' title='bbox 1092 5108 1433 5155; x_wconf 69' lang='lat' dir='ltr'><strong>muscast-es</strong></span> <span class='ocrx_word' id='word_1_382' title='bbox 1452 5102 1693 5165; x_wconf 73' lang='lat' dir='ltr'><strong>admisit,</strong></span> <span class='ocrx_word' id='word_1_383' title='bbox 1710 5112 1765 5157; x_wconf 85' lang='lat' dir='ltr'><strong>et</strong></span> <span class='ocrx_word' id='word_1_384' title='bbox 1787 5119 1929 5173; x_wconf 72' lang='lat' dir='ltr'><strong>quos</strong></span> 
     </span>
    </p>
   </div>
   <div class='ocr_carea' id='block_1_51' title="bbox 341 5187 1927 5261">
    <p class='ocr_par' dir='ltr' id='par_1_51' title="bbox 341 5187 1927 5261">
     <span class='ocr_line' id='line_1_51' title="bbox 341 5187 1927 5261; baseline 0.004 -19"><span class='ocrx_word' id='word_1_385' title='bbox 341 5187 630 5256; x_wconf 69' lang='lat' dir='ltr'><strong>ﬁgmram</strong></span> <span class='ocrx_word' id='word_1_386' title='bbox 670 5188 861 5252; x_wconf 73' lang='lat' dir='ltr'><strong>solvit,</strong></span> <span class='ocrx_word' id='word_1_387' title='bbox 891 5190 1279 5258; x_wconf 61' lang='lat' dir='ltr'><strong>atqueabilli‘s,</strong></span> <span class='ocrx_word' id='word_1_388' title='bbox 1312 5192 1403 5261; x_wconf 86' lang='lat' dir='ltr'><strong>qui</strong></span> <span class='ocrx_word' id='word_1_389' title='bbox 1427 5194 1653 5246; x_wconf 70' lang='lat' dir='ltr'><strong>erimina</strong></span> <span class='ocrx_word' id='word_1_390' title='bbox 1673 5208 1927 5249; x_wconf 71' lang='lat' dir='ltr'><strong>moon-</strong></span> 
     </span>
    </p>
   </div>
   <div class='ocr_carea' id='block_1_52' title="bbox 337 5276 1914 5347">
    <p class='ocr_par' dir='ltr' id='par_1_52' title="bbox 337 5276 1914 5347">
     <span class='ocr_line' id='line_1_52' title="bbox 337 5276 1914 5347; baseline 0.003 -16"><span class='ocrx_word' id='word_1_391' title='bbox 337 5276 464 5331; x_wconf 67' lang='lat' dir='ltr'><strong>dimi</strong></span> <span class='ocrx_word' id='word_1_392' title='bbox 516 5280 803 5343; x_wconf 70' lang='lat' dir='ltr'><strong>exuissent,</strong></span> <span class='ocrx_word' id='word_1_393' title='bbox 858 5278 1063 5332; x_wconf 87' lang='lat' dir='ltr'><strong>libellos</strong></span> <span class='ocrx_word' id='word_1_394' title='bbox 1111 5281 1332 5347; x_wconf 78' lang='lat' dir='ltr'><strong>accepit,</strong></span> <span class='ocrx_word' id='word_1_395' title='bbox 1379 5291 1433 5334; x_wconf 89' lang='lat' dir='ltr'><strong>et</strong></span> <span class='ocrx_word' id='word_1_396' title='bbox 1474 5290 1588 5334; x_wconf 90' lang='lat' dir='ltr'><strong>acta</strong></span> <span class='ocrx_word' id='word_1_397' title='bbox 1641 5282 1914 5337; x_wconf 88' lang='lat' dir='ltr'><strong>confecit:</strong></span> 
     </span>
    </p>
   </div>
   <div class='ocr_carea' id='block_1_53' title="bbox 337 5371 1917 5438">
    <p class='ocr_par' dir='ltr' id='par_1_53' title="bbox 337 5371 1917 5438">
     <span class='ocr_line' id='line_1_53' title="bbox 337 5371 1917 5438; baseline 0.006 -18"><span class='ocrx_word' id='word_1_398' title='bbox 337 5384 458 5438; x_wconf 63' lang='lat' dir='ltr'><strong>qtae</strong></span> <span class='ocrx_word' id='word_1_399' title='bbox 484 5371 660 5423; x_wconf 68' lang='lat' dir='ltr'><strong>omnia</strong></span> <span class='ocrx_word' id='word_1_400' title='bbox 681 5378 734 5423; x_wconf 89' lang='lat' dir='ltr'><strong>ct</strong></span> <span class='ocrx_word' id='word_1_401' title='bbox 761 5381 940 5422; x_wconf 77' lang='lat' dir='ltr'><strong>contra</strong></span> <span class='ocrx_word' id='word_1_402' title='bbox 969 5371 1055 5437; x_wconf 89' lang='lat' dir='ltr'><strong>jus</strong></span> <span class='ocrx_word' id='word_1_403' title='bbox 1085 5380 1135 5423; x_wconf 90' lang='lat' dir='ltr'><strong>et</strong></span> <span class='ocrx_word' id='word_1_404' title='bbox 1163 5379 1346 5424; x_wconf 88' lang='lat' dir='ltr'><strong>contra</strong></span> <span class='ocrx_word' id='word_1_405' title='bbox 1373 5387 1604 5425; x_wconf 88' lang='lat' dir='ltr'><strong>canones</strong></span> <span class='ocrx_word' id='word_1_406' title='bbox 1631 5382 1685 5426; x_wconf 86' lang='lat' dir='ltr'><strong>et</strong></span> <span class='ocrx_word' id='word_1_407' title='bbox 1710 5390 1917 5429; x_wconf 88' lang='lat' dir='ltr'><strong>morem</strong></span> 
     </span>
    </p>
   </div>
   <div class='ocr_carea' id='block_1_54' title="bbox 335 5461 1919 5532">
    <p class='ocr_par' dir='ltr' id='par_1_54' title="bbox 335 5461 1919 5532">
     <span class='ocr_line' id='line_1_54' title="bbox 335 5461 1919 5532; baseline 0.004 -18"><span class='ocrx_word' id='word_1_408' title='bbox 335 5471 511 5515; x_wconf 86' lang='lat' dir='ltr'><strong>erant.</strong></span> <span class='ocrx_word' id='word_1_409' title='bbox 575 5462 641 5515; x_wconf 81' lang='lat' dir='ltr'><strong>Et</strong></span> <span class='ocrx_word' id='word_1_410' title='bbox 686 5461 812 5532; x_wconf 90' lang='lat' dir='ltr'><strong>quid</strong></span> <span class='ocrx_word' id='word_1_411' title='bbox 858 5462 1044 5515; x_wconf 91' lang='lat' dir='ltr'><strong>attinet</strong></span> <span class='ocrx_word' id='word_1_412' title='bbox 1090 5462 1240 5532; x_wconf 85' lang='lat' dir='ltr'><strong>plura</strong></span> <span class='ocrx_word' id='word_1_413' title='bbox 1285 5462 1510 5518; x_wconf 87' lang='lat' dir='ltr'><strong>dicere?</strong></span> <span class='ocrx_word' id='word_1_414' title='bbox 1558 5482 1663 5520; x_wconf 86' lang='lat' dir='ltr'><strong>non</strong></span> <span class='ocrx_word' id='word_1_415' title='bbox 1712 5467 1919 5522; x_wconf 85' lang='lat' dir='ltr'><strong>destitit</strong></span> 
     </span>
    </p>
   </div>
   <div class='ocr_carea' id='block_1_55' title="bbox 336 5554 1912 5632">
    <p class='ocr_par' dir='ltr' id='par_1_55' title="bbox 336 5554 1912 5632">
     <span class='ocr_line' id='line_1_55' title="bbox 336 5554 1912 5632; baseline 0.011 -32"><span class='ocrx_word' id='word_1_416' title='bbox 336 5557 514 5606; x_wconf 86' lang='lat' dir='ltr'><strong>omnia</strong></span> <span class='ocrx_word' id='word_1_417' title='bbox 545 5554 716 5608; x_wconf 81' lang='lat' dir='ltr'><strong>facete</strong></span> <span class='ocrx_word' id='word_1_418' title='bbox 736 5569 797 5608; x_wconf 90' lang='lat' dir='ltr'><strong>ac</strong></span> <span class='ocrx_word' id='word_1_419' title='bbox 824 5555 1017 5618; x_wconf 89' lang='lat' dir='ltr'><strong>moliri,</strong></span> <span class='ocrx_word' id='word_1_420' title='bbox 1044 5554 1213 5608; x_wconf 88' lang='lat' dir='ltr'><strong>donec</strong></span> <span class='ocrx_word' id='word_1_421' title='bbox 1239 5570 1335 5609; x_wconf 91' lang='lat' dir='ltr'><strong>nos</strong></span> <span class='ocrx_word' id='word_1_422' title='bbox 1358 5572 1451 5625; x_wconf 88' lang='lat' dir='ltr'><strong>per</strong></span> <span class='ocrx_word' id='word_1_423' title='bbox 1465 5558 1569 5612; x_wconf 91' lang='lat' dir='ltr'><strong>vim</strong></span> <span class='ocrx_word' id='word_1_424' title='bbox 1592 5574 1654 5614; x_wconf 91' lang='lat' dir='ltr'><strong>ac</strong></span> <span class='ocrx_word' id='word_1_425' title='bbox 1675 5565 1912 5632; x_wconf 79' lang='lat' dir='ltr'><strong>tyranni-</strong></span> 
     </span>
    </p>
   </div>
   <div class='ocr_carea' id='block_1_56' title="bbox 334 5646 1909 5722">
    <p class='ocr_par' dir='ltr' id='par_1_56' title="bbox 334 5646 1909 5722">
     <span class='ocr_line' id='line_1_56' title="bbox 334 5646 1909 5722; baseline 0.007 -25"><span class='ocrx_word' id='word_1_426' title='bbox 334 5658 454 5697; x_wconf 87' lang='lat' dir='ltr'><strong>cam</strong></span> <span class='ocrx_word' id='word_1_427' title='bbox 483 5646 897 5700; x_wconf 88' lang='lat' dir='ltr'><strong>dominationem</strong></span> <span class='ocrx_word' id='word_1_428' title='bbox 940 5661 971 5701; x_wconf 89' lang='lat' dir='ltr'><strong>e</strong></span> <span class='ocrx_word' id='word_1_429' title='bbox 1008 5646 1218 5701; x_wconf 87' lang='lat' dir='ltr'><strong>civitate</strong></span> <span class='ocrx_word' id='word_1_430' title='bbox 1259 5655 1415 5715; x_wconf 86' lang='lat' dir='ltr'><strong>atque</strong></span> <span class='ocrx_word' id='word_1_431' title='bbox 1461 5650 1693 5705; x_wconf 82' lang='lat' dir='ltr'><strong>Ecclesia</strong></span> <span class='ocrx_word' id='word_1_432' title='bbox 1734 5654 1909 5722; x_wconf 89' lang='lat' dir='ltr'><strong>ejecit.</strong></span> 
     </span>
    </p>
   </div>
   <div class='ocr_carea' id='block_1_57' title="bbox 335 5732 1913 5813">
    <p class='ocr_par' dir='ltr' id='par_1_57' title="bbox 335 5732 1913 5813">
     <span class='ocr_line' id='line_1_57' title="bbox 335 5732 1913 5813; baseline 0.008 -28"><span class='ocrx_word' id='word_1_433' title='bbox 335 5732 500 5801; x_wconf 84' lang='lat' dir='ltr'><strong>Igitur</strong></span> <span class='ocrx_word' id='word_1_434' title='bbox 526 5735 848 5801; x_wconf 80' lang='lat' dir='ltr'><strong>procedente</strong></span> <span class='ocrx_word' id='word_1_435' title='bbox 868 5737 978 5805; x_wconf 88' lang='lat' dir='ltr'><strong>jam</strong></span> <span class='ocrx_word' id='word_1_436' title='bbox 1001 5750 1221 5805; x_wconf 84' lang='lat' dir='ltr'><strong>vespere</strong></span> <span class='ocrx_word' id='word_1_437' title='bbox 1242 5776 1255 5797; x_wconf 89' lang='lat'><strong>,</strong></span> <span class='ocrx_word' id='word_1_438' title='bbox 1278 5752 1398 5789; x_wconf 91' lang='lat' dir='ltr'><strong>cum</strong></span> <span class='ocrx_word' id='word_1_439' title='bbox 1426 5754 1522 5792; x_wconf 89' lang='lat' dir='ltr'><strong>nos</strong></span> <span class='ocrx_word' id='word_1_440' title='bbox 1551 5743 1724 5795; x_wconf 88' lang='lat' dir='ltr'><strong>omnis</strong></span> <span class='ocrx_word' id='word_1_441' title='bbox 1746 5758 1913 5813; x_wconf 89' lang='lat' dir='ltr'><strong>popu-</strong></span> 
     </span>
    </p>
   </div>
   <div class='ocr_carea' id='block_1_58' title="bbox 333 5822 1909 5897">
    <p class='ocr_par' dir='ltr' id='par_1_58' title="bbox 333 5822 1909 5897">
     <span class='ocr_line' id='line_1_58' title="bbox 333 5822 1909 5897; baseline 0.008 -20"><span class='ocrx_word' id='word_1_442' title='bbox 333 5822 419 5878; x_wconf 82' lang='lat' dir='ltr'><strong>lus</strong></span> <span class='ocrx_word' id='word_1_443' title='bbox 448 5824 815 5891; x_wconf 88' lang='lat' dir='ltr'><strong>comitaretur,</strong></span> <span class='ocrx_word' id='word_1_444' title='bbox 847 5837 1043 5882; x_wconf 88' lang='lat' dir='ltr'><strong>tractus</strong></span> <span class='ocrx_word' id='word_1_445' title='bbox 1080 5844 1106 5881; x_wconf 86' lang='lat' dir='ltr'><strong>a</strong></span> <span class='ocrx_word' id='word_1_446' title='bbox 1142 5828 1363 5883; x_wconf 89' lang='lat' dir='ltr'><strong>Cnrioso</strong></span> <span class='ocrx_word' id='word_1_447' title='bbox 1392 5829 1535 5882; x_wconf 89' lang='lat' dir='ltr'><strong>urbis</strong></span> <span class='ocrx_word' id='word_1_448' title='bbox 1562 5846 1656 5897; x_wconf 86' lang='lat' dir='ltr'><strong>per</strong></span> <span class='ocrx_word' id='word_1_449' title='bbox 1681 5834 1909 5889; x_wconf 90' lang='lat' dir='ltr'><strong>mediam</strong></span> 
     </span>
    </p>
   </div>
   <div class='ocr_carea' id='block_1_59' title="bbox 278 5914 1909 5987">
    <p class='ocr_par' dir='ltr' id='par_1_59' title="bbox 278 5914 1909 5987">
     <span class='ocr_line' id='line_1_59' title="bbox 278 5914 1909 5987; baseline 0.009 -23"><span class='ocrx_word' id='word_1_450' title='bbox 278 5918 289 5936; x_wconf 86' lang='lat'>‘</span> <span class='ocrx_word' id='word_1_451' title='bbox 336 5914 601 5967; x_wconf 83' lang='lat' dir='ltr'><strong>civitatem</strong></span> <span class='ocrx_word' id='word_1_452' title='bbox 634 5915 679 5967; x_wconf 95' lang='lat' dir='ltr'><strong>vi</strong></span> <span class='ocrx_word' id='word_1_453' title='bbox 704 5916 958 5985; x_wconf 83' lang='lat' dir='ltr'><strong>abducor,</strong></span> <span class='ocrx_word' id='word_1_454' title='bbox 986 5926 1040 5974; x_wconf 90' lang='lat' dir='ltr'><strong>et</strong></span> <span class='ocrx_word' id='word_1_455' title='bbox 1074 5920 1124 5973; x_wconf 93' lang='lat' dir='ltr'><strong>in</strong></span> <span class='ocrx_word' id='word_1_456' title='bbox 1165 5919 1335 5973; x_wconf 82' lang='lat' dir='ltr'><strong>navim</strong></span> <span class='ocrx_word' id='word_1_457' title='bbox 1377 5918 1647 5987; x_wconf 87' lang='lat' dir='ltr'><strong>conjicior,</strong></span> <span class='ocrx_word' id='word_1_458' title='bbox 1677 5930 1731 5975; x_wconf 94' lang='lat' dir='ltr'><strong>et</strong></span> <span class='ocrx_word' id='word_1_459' title='bbox 1752 5934 1909 5978; x_wconf 90' lang='lat' dir='ltr'><strong>noctu</strong></span> 
     </span>
    </p>
   </div>
   <div class='ocr_carea' id='block_1_60' title="bbox 333 6007 1907 6083">
    <p class='ocr_par' dir='ltr' id='par_1_60' title="bbox 333 6007 1907 6083">
     <span class='ocr_line' id='line_1_60' title="bbox 333 6007 1907 6083; baseline 0.01 -29"><span class='ocrx_word' id='word_1_460' title='bbox 333 6009 625 6076; x_wconf 65' lang='lat' dir='ltr'><strong>abnavigu,</strong></span> <span class='ocrx_word' id='word_1_461' title='bbox 669 6007 787 6076; x_wconf 86' lang='lat' dir='ltr'><strong>quia</strong></span> <span class='ocrx_word' id='word_1_462' title='bbox 830 6010 1087 6078; x_wconf 76' lang='lat' dir='ltr'><strong>synodum</strong></span> <span class='ocrx_word' id='word_1_463' title='bbox 1124 6011 1184 6065; x_wconf 86' lang='lat' dir='ltr'><strong>ad</strong></span> <span class='ocrx_word' id='word_1_464' title='bbox 1214 6010 1409 6079; x_wconf 87' lang='lat' dir='ltr'><strong>justum</strong></span> <span class='ocrx_word' id='word_1_465' title='bbox 1438 6010 1691 6081; x_wconf 84' lang='lat' dir='ltr'><strong>judicium</strong></span> <span class='ocrx_word' id='word_1_466' title='bbox 1727 6017 1907 6083; x_wconf 74' lang='lat' dir='ltr'><strong>appel-</strong></span> 
     </span>
    </p>
   </div>
   <div class='ocr_carea' id='block_1_61' title="bbox 3613 682 3673 729">
    <p class='ocr_par' dir='ltr' id='par_1_61' title="bbox 3613 682 3673 729">
     <span class='ocr_line' id='line_1_61' title="bbox 3613 682 3673 729; baseline 0 0"><span class='ocrx_word' id='word_1_467' title='bbox 3613 682 3673 729; x_wconf 78' lang='lat' dir='ltr'><strong>to</strong></span> 
     </span>
    </p>
   </div>
   <div class='ocr_carea' id='block_1_62' title="bbox 2099 758 3665 853">
    <p class='ocr_par' dir='ltr' id='par_1_62' title="bbox 2099 758 3665 853">
     <span class='ocr_line' id='line_1_62' title="bbox 2099 758 3665 853; baseline 0.02 -41"><span class='ocrx_word' id='word_1_468' title='bbox 2099 758 2292 814; x_wconf 89' lang='lat' dir='ltr'><strong>labam.</strong></span> <span class='ocrx_word' id='word_1_469' title='bbox 2324 760 2451 826; x_wconf 89' lang='lat' dir='ltr'><strong>Quis</strong></span> <span class='ocrx_word' id='word_1_470' title='bbox 2472 763 2585 821; x_wconf 64' lang='lat' dir='ltr'><strong>haec</strong></span> <span class='ocrx_word' id='word_1_471' title='bbox 2611 770 2724 823; x_wconf 75' lang='lat' dir='ltr'><strong>sine</strong></span> <span class='ocrx_word' id='word_1_472' title='bbox 2753 769 3017 842; x_wconf 82' lang='lat' dir='ltr'><strong>lacrymis.</strong></span> <span class='ocrx_word' id='word_1_473' title='bbox 3046 776 3205 831; x_wconf 87' lang='lat' dir='ltr'><strong>etiam</strong></span> <span class='ocrx_word' id='word_1_474' title='bbox 3232 779 3272 833; x_wconf 83' lang='lat' dir='ltr'><strong>si</strong></span> <span class='ocrx_word' id='word_1_475' title='bbox 3294 795 3385 835; x_wconf 93' lang='lat' dir='ltr'><strong>cor</strong></span> <span class='ocrx_word' id='word_1_476' title='bbox 3406 785 3665 853; x_wconf 71' lang='lat' dir='ltr'><strong>iapidcmtt</strong></span> 
     </span>
    </p>
   </div>
   <div class='ocr_carea' id='block_1_63' title="bbox 2099 853 3665 943">
    <p class='ocr_par' dir='ltr' id='par_1_63' title="bbox 2099 853 3665 943">
     <span class='ocr_line' id='line_1_63' title="bbox 2099 853 3665 943; baseline 0.021 -38"><span class='ocrx_word' id='word_1_477' title='bbox 2099 853 2309 920; x_wconf 88' lang='lat' dir='ltr'><strong>habeat,</strong></span> <span class='ocrx_word' id='word_1_478' title='bbox 2341 857 2598 915; x_wconf 83' lang='lat' dir='ltr'><strong>audierit?</strong></span> <span class='ocrx_word' id='word_1_479' title='bbox 2625 862 2819 918; x_wconf 73' lang='lat' dir='ltr'><strong>Verum</strong></span> <span class='ocrx_word' id='word_1_480' title='bbox 2848 868 2989 936; x_wconf 85' lang='lat' dir='ltr'><strong>quia,</strong></span> <span class='ocrx_word' id='word_1_481' title='bbox 3020 872 3153 927; x_wconf 90' lang='lat' dir='ltr'><strong>sicut</strong></span> <span class='ocrx_word' id='word_1_482' title='bbox 3195 876 3337 943; x_wconf 86' lang='lat' dir='ltr'><strong>prius</strong></span> <span class='ocrx_word' id='word_1_483' title='bbox 3380 878 3485 932; x_wconf 76' lang='lat' dir='ltr'><strong>dixi</strong></span> <span class='ocrx_word' id='word_1_484' title='bbox 3508 922 3521 943; x_wconf 93' lang='lat'><strong>,</strong></span> <span class='ocrx_word' id='word_1_485' title='bbox 3564 898 3665 938; x_wconf 73' lang='lat' dir='ltr'><strong>non</strong></span> 
     </span>
    </p>
   </div>
   <div class='ocr_carea' id='block_1_64' title="bbox 2095 946 3667 1033">
    <p class='ocr_par' dir='ltr' id='par_1_64' title="bbox 2095 946 3667 1033">
     <span class='ocr_line' id='line_1_64' title="bbox 2095 946 3667 1033; baseline 0.02 -35"><span class='ocrx_word' id='word_1_486' title='bbox 2095 946 2269 999; x_wconf 76' lang='lat' dir='ltr'><strong>Solum</strong></span> <span class='ocrx_word' id='word_1_487' title='bbox 2314 948 2588 1007; x_wconf 89' lang='lat' dir='ltr'><strong>lamentari</strong></span> <span class='ocrx_word' id='word_1_488' title='bbox 2624 967 2849 1025; x_wconf 87' lang='lat' dir='ltr'><strong>oportet.</strong></span> <span class='ocrx_word' id='word_1_489' title='bbox 2886 960 2979 1014; x_wconf 91' lang='lat' dir='ltr'><strong>sed</strong></span> <span class='ocrx_word' id='word_1_490' title='bbox 3016 971 3066 1016; x_wconf 92' lang='lat' dir='ltr'><strong>et</strong></span> <span class='ocrx_word' id='word_1_491' title='bbox 3092 968 3408 1033; x_wconf 85' lang='lat' dir='ltr'><strong>emendare;</strong></span> <span class='ocrx_word' id='word_1_492' title='bbox 3441 973 3667 1029; x_wconf 86' lang='lat' dir='ltr'><strong>obsecro</strong></span> 
     </span>
    </p>
   </div>
   <div class='ocr_carea' id='block_1_65' title="bbox 2093 1041 3666 1137">
    <p class='ocr_par' dir='ltr' id='par_1_65' title="bbox 2093 1041 3666 1137">
     <span class='ocr_line' id='line_1_65' title="bbox 2093 1041 3666 1137; baseline 0.018 -44"><span class='ocrx_word' id='word_1_493' title='bbox 2093 1041 2366 1095; x_wconf 86' lang='lat' dir='ltr'><strong>caritatem</strong></span> <span class='ocrx_word' id='word_1_494' title='bbox 2398 1055 2627 1101; x_wconf 85' lang='lat' dir='ltr'><strong>vestram</strong></span> <span class='ocrx_word' id='word_1_495' title='bbox 2654 1093 2667 1111; x_wconf 83' lang='lat'><strong>,</strong></span> <span class='ocrx_word' id='word_1_496' title='bbox 2714 1059 2769 1104; x_wconf 87' lang='lat' dir='ltr'><strong>ut</strong></span> <span class='ocrx_word' id='word_1_497' title='bbox 2812 1064 3057 1123; x_wconf 74' lang='lat' dir='ltr'><strong>exsurgat</strong></span> <span class='ocrx_word' id='word_1_498' title='bbox 3093 1065 3146 1111; x_wconf 91' lang='lat' dir='ltr'><strong>et</strong></span> <span class='ocrx_word' id='word_1_499' title='bbox 3183 1061 3478 1130; x_wconf 86' lang='lat' dir='ltr'><strong>condoleat,</strong></span> <span class='ocrx_word' id='word_1_500' title='bbox 3508 1076 3666 1137; x_wconf 85' lang='lat' dir='ltr'><strong>atque</strong></span> 
     </span>
    </p>
   </div>
   <div class='ocr_carea' id='block_1_66' title="bbox 2093 1131 3665 1219">
    <p class='ocr_par' dir='ltr' id='par_1_66' title="bbox 2093 1131 3665 1219">
     <span class='ocr_line' id='line_1_66' title="bbox 2093 1131 3665 1219; baseline 0.02 -38"><span class='ocrx_word' id='word_1_501' title='bbox 2093 1131 2268 1184; x_wconf 87' lang='lat' dir='ltr'><strong>omnia</strong></span> <span class='ocrx_word' id='word_1_502' title='bbox 2301 1131 2486 1199; x_wconf 81' lang='lat' dir='ltr'><strong>faciat,</strong></span> <span class='ocrx_word' id='word_1_503' title='bbox 2521 1147 2575 1191; x_wconf 92' lang='lat' dir='ltr'><strong>ut</strong></span> <span class='ocrx_word' id='word_1_504' title='bbox 2614 1142 2745 1193; x_wconf 89' lang='lat' dir='ltr'><strong>mala</strong></span> <span class='ocrx_word' id='word_1_505' title='bbox 2790 1141 2902 1197; x_wconf 71' lang='lat' dir='ltr'><strong>hll‘c</strong></span> <span class='ocrx_word' id='word_1_506' title='bbox 2942 1146 3147 1200; x_wconf 79' lang='lat' dir='ltr'><strong>sismnt.</strong></span> <span class='ocrx_word' id='word_1_507' title='bbox 3201 1149 3378 1219; x_wconf 82' lang='lat' dir='ltr'><strong>Neque</strong></span> <span class='ocrx_word' id='word_1_508' title='bbox 3407 1157 3545 1210; x_wconf 88' lang='lat' dir='ltr'><strong>enim</strong></span> <span class='ocrx_word' id='word_1_509' title='bbox 3577 1156 3665 1213; x_wconf 89' lang='lat' dir='ltr'><strong>hic</strong></span> 
     </span>
    </p>
   </div>
   <div class='ocr_carea' id='block_1_67' title="bbox 2092 1221 3665 1311">
    <p class='ocr_par' dir='ltr' id='par_1_67' title="bbox 2092 1221 3665 1311">
     <span class='ocr_line' id='line_1_67' title="bbox 2092 1221 3665 1311; baseline 0.02 -38"><span class='ocrx_word' id='word_1_510' title='bbox 2092 1221 2341 1289; x_wconf 83' lang='lat' dir='ltr'><strong>iniquitas</strong></span> <span class='ocrx_word' id='word_1_511' title='bbox 2377 1240 2559 1280; x_wconf 88' lang='lat' dir='ltr'><strong>eorum</strong></span> <span class='ocrx_word' id='word_1_512' title='bbox 2603 1234 2764 1292; x_wconf 87' lang='lat' dir='ltr'><strong>stetit,</strong></span> <span class='ocrx_word' id='word_1_513' title='bbox 2810 1235 2900 1288; x_wconf 91' lang='lat' dir='ltr'><strong>sed</strong></span> <span class='ocrx_word' id='word_1_514' title='bbox 2948 1236 3010 1289; x_wconf 85' lang='lat' dir='ltr'><strong>ad</strong></span> <span class='ocrx_word' id='word_1_515' title='bbox 3059 1239 3231 1307; x_wconf 73' lang='lat' dir='ltr'><strong>priora</strong></span> <span class='ocrx_word' id='word_1_516' title='bbox 3271 1242 3577 1311; x_wconf 90' lang='lat' dir='ltr'><strong>adjecerunt</strong></span> <span class='ocrx_word' id='word_1_517' title='bbox 3609 1259 3665 1304; x_wconf 90' lang='lat' dir='ltr'><strong>et</strong></span> 
     </span>
    </p>
   </div>
   <div class='ocr_carea' id='block_1_68' title="bbox 2089 1313 3662 1408">
    <p class='ocr_par' dir='ltr' id='par_1_68' title="bbox 2089 1313 3662 1408">
     <span class='ocr_line' id='line_1_68' title="bbox 2089 1313 3662 1408; baseline 0.019 -44"><span class='ocrx_word' id='word_1_518' title='bbox 2089 1313 2210 1366; x_wconf 88' lang='lat' dir='ltr'><strong>alia.</strong></span> <span class='ocrx_word' id='word_1_519' title='bbox 2264 1313 2548 1385; x_wconf 82' lang='lat' dir='ltr'><strong>Postquam</strong></span> <span class='ocrx_word' id='word_1_520' title='bbox 2592 1319 2732 1374; x_wconf 91' lang='lat' dir='ltr'><strong>enim</strong></span> <span class='ocrx_word' id='word_1_521' title='bbox 2780 1323 3046 1391; x_wconf 85' lang='lat' dir='ltr'><strong>piissimus</strong></span> <span class='ocrx_word' id='word_1_522' title='bbox 3090 1329 3381 1400; x_wconf 81' lang='lat' dir='ltr'><strong>imperator</strong></span> <span class='ocrx_word' id='word_1_523' title='bbox 3417 1351 3531 1400; x_wconf 88' lang='lat' dir='ltr'><strong>eos,</strong></span> <span class='ocrx_word' id='word_1_524' title='bbox 3571 1343 3662 1408; x_wconf 87' lang='lat' dir='ltr'><strong>qui</strong></span> 
     </span>
    </p>
   </div>
   <div class='ocr_carea' id='block_1_69' title="bbox 2091 1402 3661 1497">
    <p class='ocr_par' dir='ltr' id='par_1_69' title="bbox 2091 1402 3661 1497">
     <span class='ocr_line' id='line_1_69' title="bbox 2091 1402 3661 1497; baseline 0.018 -41"><span class='ocrx_word' id='word_1_525' title='bbox 2091 1402 2378 1458; x_wconf 86' lang='lat' dir='ltr'><strong>Ecclesiam</strong></span> <span class='ocrx_word' id='word_1_526' title='bbox 2416 1407 2746 1476; x_wconf 88' lang='lat' dir='ltr'><strong>impudenter</strong></span> <span class='ocrx_word' id='word_1_527' title='bbox 2771 1423 2926 1484; x_wconf 87' lang='lat' dir='ltr'><strong>atque</strong></span> <span class='ocrx_word' id='word_1_528' title='bbox 2964 1417 3154 1485; x_wconf 81' lang='lat' dir='ltr'><strong>injuste</strong></span> <span class='ocrx_word' id='word_1_529' title='bbox 3192 1422 3518 1493; x_wconf 85' lang='lat' dir='ltr'><strong>invaserant,</strong></span> <span class='ocrx_word' id='word_1_530' title='bbox 3546 1429 3661 1497; x_wconf 80' lang='lat' dir='ltr'><strong>eje-</strong></span> 
     </span>
    </p>
   </div>
   <div class='ocr_carea' id='block_1_70' title="bbox 2087 1496 3659 1581">
    <p class='ocr_par' dir='ltr' id='par_1_70' title="bbox 2087 1496 3659 1581">
     <span class='ocr_line' id='line_1_70' title="bbox 2087 1496 3659 1581; baseline 0.018 -34"><span class='ocrx_word' id='word_1_531' title='bbox 2087 1496 2177 1550; x_wconf 88' lang='lat' dir='ltr'><strong>cit.</strong></span> <span class='ocrx_word' id='word_1_532' title='bbox 2208 1507 2259 1550; x_wconf 91' lang='lat' dir='ltr'><strong>et</strong></span> <span class='ocrx_word' id='word_1_533' title='bbox 2281 1499 2427 1552; x_wconf 90' lang='lat' dir='ltr'><strong>multi</strong></span> <span class='ocrx_word' id='word_1_534' title='bbox 2456 1500 2688 1571; x_wconf 88' lang='lat' dir='ltr'><strong>episcopi</strong></span> <span class='ocrx_word' id='word_1_535' title='bbox 2732 1506 2841 1559; x_wconf 88' lang='lat' dir='ltr'><strong>visa</strong></span> <span class='ocrx_word' id='word_1_536' title='bbox 2885 1523 3070 1563; x_wconf 84' lang='lat' dir='ltr'><strong>eorum</strong></span> <span class='ocrx_word' id='word_1_537' title='bbox 3113 1511 3448 1581; x_wconf 84' lang='lat' dir='ltr'><strong>improbitate</strong></span> <span class='ocrx_word' id='word_1_538' title='bbox 3471 1521 3535 1572; x_wconf 89' lang='lat' dir='ltr'><strong>ad</strong></span> <span class='ocrx_word' id='word_1_539' title='bbox 3564 1496 3659 1576; x_wconf 86' lang='lat' dir='ltr'><strong>sna</strong></span> 
     </span>
    </p>
   </div>
   <div class='ocr_carea' id='block_1_71' title="bbox 2087 1584 3657 1664">
    <p class='ocr_par' dir='ltr' id='par_1_71' title="bbox 2087 1584 3657 1664">
     <span class='ocr_line' id='line_1_71' title="bbox 2087 1584 3657 1664; baseline 0.018 -28"><span class='ocrx_word' id='word_1_540' title='bbox 2087 1584 2374 1653; x_wconf 84' lang='lat' dir='ltr'><strong>redierunt,</strong></span> <span class='ocrx_word' id='word_1_541' title='bbox 2397 1588 2646 1657; x_wconf 91' lang='lat' dir='ltr'><strong>impetum</strong></span> <span class='ocrx_word' id='word_1_542' title='bbox 2673 1608 2855 1648; x_wconf 90' lang='lat' dir='ltr'><strong>eorum</strong></span> <span class='ocrx_word' id='word_1_543' title='bbox 2876 1598 3031 1651; x_wconf 89' lang='lat' dir='ltr'><strong>veluti</strong></span> <span class='ocrx_word' id='word_1_544' title='bbox 3053 1600 3350 1657; x_wconf 86' lang='lat' dir='ltr'><strong>incendium</strong></span> <span class='ocrx_word' id='word_1_545' title='bbox 3368 1609 3543 1661; x_wconf 86' lang='lat' dir='ltr'><strong>omnia</strong></span> <span class='ocrx_word' id='word_1_546' title='bbox 3560 1609 3628 1664; x_wconf 87' lang='lat' dir='ltr'><strong>de</strong></span> <span class='ocrx_word' id='word_1_547' title='bbox 3642 1643 3657 1653; x_wconf 85' lang='lat'><strong>-</strong></span> 
     </span>
    </p>
   </div>
   <div class='ocr_carea' id='block_1_72' title="bbox 2086 1676 3659 1767">
    <p class='ocr_par' dir='ltr' id='par_1_72' title="bbox 2086 1676 3659 1767">
     <span class='ocr_line' id='line_1_72' title="bbox 2086 1676 3659 1767; baseline 0.02 -44"><span class='ocrx_word' id='word_1_548' title='bbox 2086 1688 2307 1741; x_wconf 87' lang='lat' dir='ltr'><strong>pascens</strong></span> <span class='ocrx_word' id='word_1_549' title='bbox 2329 1676 2584 1747; x_wconf 80' lang='lat' dir='ltr'><strong>fugientes</strong></span> <span class='ocrx_word' id='word_1_550' title='bbox 2610 1699 2621 1733; x_wconf 91' lang='lat'><strong>:</strong></span> <span class='ocrx_word' id='word_1_551' title='bbox 2647 1697 2742 1736; x_wconf 88' lang='lat' dir='ltr'><strong>nos</strong></span> <span class='ocrx_word' id='word_1_552' title='bbox 2762 1685 2970 1751; x_wconf 89' lang='lat' dir='ltr'><strong>quidem</strong></span> <span class='ocrx_word' id='word_1_553' title='bbox 2994 1690 3181 1745; x_wconf 89' lang='lat' dir='ltr'><strong>iterum</strong></span> <span class='ocrx_word' id='word_1_554' title='bbox 3214 1693 3262 1745; x_wconf 90' lang='lat' dir='ltr'><strong>in</strong></span> <span class='ocrx_word' id='word_1_555' title='bbox 3296 1696 3480 1751; x_wconf 90' lang='lat' dir='ltr'><strong>urbem</strong></span> <span class='ocrx_word' id='word_1_556' title='bbox 3502 1708 3659 1767; x_wconf 87' lang='lat' dir='ltr'><strong>atque</strong></span> 
     </span>
    </p>
   </div>
   <div class='ocr_carea' id='block_1_73' title="bbox 2086 1764 3654 1855">
    <p class='ocr_par' dir='ltr' id='par_1_73' title="bbox 2086 1764 3654 1855">
     <span class='ocr_line' id='line_1_73' title="bbox 2086 1764 3654 1855; baseline 0.02 -39"><span class='ocrx_word' id='word_1_557' title='bbox 2086 1764 2138 1817; x_wconf 93' lang='lat' dir='ltr'><strong>in</strong></span> <span class='ocrx_word' id='word_1_558' title='bbox 2166 1765 2475 1834; x_wconf 80' lang='lat' dir='ltr'><strong>Ecclesium,</strong></span> <span class='ocrx_word' id='word_1_559' title='bbox 2514 1786 2546 1826; x_wconf 92' lang='lat' dir='ltr'><strong>e</strong></span> <span class='ocrx_word' id='word_1_560' title='bbox 2587 1789 2687 1841; x_wconf 89' lang='lat' dir='ltr'><strong>qua</strong></span> <span class='ocrx_word' id='word_1_561' title='bbox 2736 1777 2927 1844; x_wconf 88' lang='lat' dir='ltr'><strong>injuste</strong></span> <span class='ocrx_word' id='word_1_562' title='bbox 2969 1795 3179 1839; x_wconf 88' lang='lat' dir='ltr'><strong>eramus</strong></span> <span class='ocrx_word' id='word_1_563' title='bbox 3212 1787 3385 1855; x_wconf 88' lang='lat' dir='ltr'><strong>cjecti,</strong></span> <span class='ocrx_word' id='word_1_564' title='bbox 3426 1795 3654 1848; x_wconf 87' lang='lat' dir='ltr'><strong>revocati</strong></span> 
     </span>
    </p>
   </div>
   <div class='ocr_carea' id='block_1_74' title="bbox 2084 1857 3657 1949">
    <p class='ocr_par' dir='ltr' id='par_1_74' title="bbox 2084 1857 3657 1949">
     <span class='ocr_line' id='line_1_74' title="bbox 2084 1857 3657 1949; baseline 0.022 -45"><span class='ocrx_word' id='word_1_565' title='bbox 2084 1868 2285 1918; x_wconf 86' lang='lat' dir='ltr'><strong>sumus,</strong></span> <span class='ocrx_word' id='word_1_566' title='bbox 2314 1857 2678 1918; x_wconf 87' lang='lat' dir='ltr'><strong>inducentibus</strong></span> <span class='ocrx_word' id='word_1_567' title='bbox 2700 1881 2795 1920; x_wconf 86' lang='lat' dir='ltr'><strong>nos</strong></span> <span class='ocrx_word' id='word_1_568' title='bbox 2815 1868 3076 1942; x_wconf 90' lang='lat' dir='ltr'><strong>epise0pis</strong></span> <span class='ocrx_word' id='word_1_569' title='bbox 3101 1876 3329 1945; x_wconf 86' lang='lat' dir='ltr'><strong>triginta.</strong></span> <span class='ocrx_word' id='word_1_570' title='bbox 3348 1888 3402 1933; x_wconf 88' lang='lat' dir='ltr'><strong>et</strong></span> <span class='ocrx_word' id='word_1_571' title='bbox 3422 1882 3657 1949; x_wconf 90' lang='lat' dir='ltr'><strong>piissimo</strong></span> 
     </span>
    </p>
   </div>
   <div class='ocr_carea' id='block_1_75' title="bbox 2084 1940 3657 2042">
    <p class='ocr_par' dir='ltr' id='par_1_75' title="bbox 2084 1940 3657 2042">
     <span class='ocr_line' id='line_1_75' title="bbox 2084 1940 3657 2042; baseline 0.02 -48"><span class='ocrx_word' id='word_1_572' title='bbox 2084 1940 2406 2011; x_wconf 85' lang='lat' dir='ltr'><strong>lmpcralore</strong></span> <span class='ocrx_word' id='word_1_573' title='bbox 2434 1952 2521 2020; x_wconf 90' lang='lat' dir='ltr'><strong>qui</strong></span> <span class='ocrx_word' id='word_1_574' title='bbox 2561 1952 2830 2013; x_wconf 88' lang='lat' dir='ltr'><strong>Notarium</strong></span> <span class='ocrx_word' id='word_1_575' title='bbox 2861 1961 2926 2014; x_wconf 92' lang='lat' dir='ltr'><strong>ad</strong></span> <span class='ocrx_word' id='word_1_576' title='bbox 2954 1940 3008 2016; x_wconf 88' lang='lat' dir='ltr'><strong>id</strong></span> <span class='ocrx_word' id='word_1_577' title='bbox 3033 1940 3251 2021; x_wconf 69' lang='lat' dir='ltr'><strong>miserat</strong></span> <span class='ocrx_word' id='word_1_578' title='bbox 3280 1986 3293 2020; x_wconf 87' lang='lat'><strong>:</strong></span> <span class='ocrx_word' id='word_1_579' title='bbox 3331 1940 3657 2042; x_wconf 78' lang='lat' dir='ltr'><strong>Theophilus</strong></span> 
     </span>
    </p>
   </div>
   <div class='ocr_carea' id='block_1_76' title="bbox 2082 2039 3657 2123">
    <p class='ocr_par' dir='ltr' id='par_1_76' title="bbox 2082 2039 3657 2123">
     <span class='ocr_line' id='line_1_76' title="bbox 2082 2039 3657 2123; baseline 0.022 -39"><span class='ocrx_word' id='word_1_580' title='bbox 2082 2049 2208 2088; x_wconf 88' lang='lat' dir='ltr'><strong>vero</strong></span> <span class='ocrx_word' id='word_1_581' title='bbox 2249 2039 2424 2093; x_wconf 91' lang='lat' dir='ltr'><strong>statim</strong></span> <span class='ocrx_word' id='word_1_582' title='bbox 2466 2041 2684 2113; x_wconf 84' lang='lat' dir='ltr'><strong>aufugit,</strong></span> <span class='ocrx_word' id='word_1_583' title='bbox 2729 2063 2823 2103; x_wconf 90' lang='lat' dir='ltr'><strong>cur</strong></span> <span class='ocrx_word' id='word_1_584' title='bbox 2859 2062 2910 2104; x_wconf 89' lang='lat' dir='ltr'><strong>et</strong></span> <span class='ocrx_word' id='word_1_585' title='bbox 2947 2069 3048 2123; x_wconf 91' lang='lat' dir='ltr'><strong>qua</strong></span> <span class='ocrx_word' id='word_1_586' title='bbox 3075 2056 3138 2111; x_wconf 89' lang='lat' dir='ltr'><strong>de</strong></span> <span class='ocrx_word' id='word_1_587' title='bbox 3166 2073 3223 2113; x_wconf 89' lang='lat' dir='ltr'><strong>re</strong></span> <span class='ocrx_word' id='word_1_588' title='bbox 3250 2062 3531 2119; x_wconf 88' lang='lat' dir='ltr'><strong>nescimus.</strong></span> <span class='ocrx_word' id='word_1_589' title='bbox 3574 2066 3657 2118; x_wconf 88' lang='lat' dir='ltr'><strong>ln-</strong></span> 
     </span>
    </p>
   </div>
   <div class='ocr_carea' id='block_1_77' title="bbox 2077 2129 3651 2220">
    <p class='ocr_par' dir='ltr' id='par_1_77' title="bbox 2077 2129 3651 2220">
     <span class='ocr_line' id='line_1_77' title="bbox 2077 2129 3651 2220; baseline 0.02 -44"><span class='ocrx_word' id='word_1_590' title='bbox 2077 2129 2244 2195; x_wconf 83' lang='lat' dir='ltr'><strong>gressi</strong></span> <span class='ocrx_word' id='word_1_591' title='bbox 2287 2129 2444 2197; x_wconf 82' lang='lat' dir='ltr'><strong>igitur</strong></span> <span class='ocrx_word' id='word_1_592' title='bbox 2482 2133 2890 2195; x_wconf 87' lang='lat' dir='ltr'><strong>obsecrabamus</strong></span> <span class='ocrx_word' id='word_1_593' title='bbox 2927 2144 3220 2210; x_wconf 88' lang='lat' dir='ltr'><strong>piissimum</strong></span> <span class='ocrx_word' id='word_1_594' title='bbox 3256 2150 3651 2220; x_wconf 83' lang='lat' dir='ltr'><strong>Imperatorem,</strong></span> 
     </span>
    </p>
   </div>
   <div class='ocr_carea' id='block_1_78' title="bbox 2078 2220 3652 2310">
    <p class='ocr_par' dir='ltr' id='par_1_78' title="bbox 2078 2220 3652 2310">
     <span class='ocr_line' id='line_1_78' title="bbox 2078 2220 3652 2310; baseline 0.02 -43"><span class='ocrx_word' id='word_1_595' title='bbox 2078 2224 2134 2268; x_wconf 93' lang='lat' dir='ltr'><strong>ut</strong></span> <span class='ocrx_word' id='word_1_596' title='bbox 2160 2220 2417 2286; x_wconf 76' lang='lat' dir='ltr'><strong>synodum</strong></span> <span class='ocrx_word' id='word_1_597' title='bbox 2448 2234 2660 2293; x_wconf 85' lang='lat' dir='ltr'><strong>cogeret</strong></span> <span class='ocrx_word' id='word_1_598' title='bbox 2682 2227 2748 2281; x_wconf 91' lang='lat' dir='ltr'><strong>ad</strong></span> <span class='ocrx_word' id='word_1_599' title='bbox 2771 2229 3051 2287; x_wconf 89' lang='lat' dir='ltr'><strong>vindictam</strong></span> <span class='ocrx_word' id='word_1_600' title='bbox 3080 2250 3259 2291; x_wconf 88' lang='lat' dir='ltr'><strong>eorum</strong></span> <span class='ocrx_word' id='word_1_601' title='bbox 3297 2255 3412 2308; x_wconf 62' lang='lat' dir='ltr'><strong>qua:</strong></span> <span class='ocrx_word' id='word_1_602' title='bbox 3452 2252 3652 2310; x_wconf 86' lang='lat' dir='ltr'><strong>patrata</strong></span> 
     </span>
    </p>
   </div>
   <div class='ocr_carea' id='block_1_79' title="bbox 2076 2308 3651 2400">
    <p class='ocr_par' dir='ltr' id='par_1_79' title="bbox 2076 2308 3651 2400">
     <span class='ocr_line' id='line_1_79' title="bbox 2076 2308 3651 2400; baseline 0.022 -44"><span class='ocrx_word' id='word_1_603' title='bbox 2076 2316 2245 2359; x_wconf 88' lang='lat' dir='ltr'><strong>erant.</strong></span> <span class='ocrx_word' id='word_1_604' title='bbox 2273 2308 2528 2367; x_wconf 87' lang='lat' dir='ltr'><strong>Conscius</strong></span> <span class='ocrx_word' id='word_1_605' title='bbox 2551 2330 2678 2385; x_wconf 84' lang='lat' dir='ltr'><strong>ergo</strong></span> <span class='ocrx_word' id='word_1_606' title='bbox 2706 2318 2960 2376; x_wconf 86' lang='lat' dir='ltr'><strong>factorum</strong></span> <span class='ocrx_word' id='word_1_607' title='bbox 2988 2337 3204 2381; x_wconf 90' lang='lat' dir='ltr'><strong>suorum</strong></span> <span class='ocrx_word' id='word_1_608' title='bbox 3237 2308 3575 2400; x_wconf 79' lang='lat' dir='ltr'><strong>Theophilus,</strong></span> <span class='ocrx_word' id='word_1_609' title='bbox 3600 2345 3651 2389; x_wconf 91' lang='lat' dir='ltr'><strong>et</strong></span> 
     </span>
    </p>
   </div>
   <div class='ocr_carea' id='block_1_80' title="bbox 2077 2396 3649 2482">
    <p class='ocr_par' dir='ltr' id='par_1_80' title="bbox 2077 2396 3649 2482">
     <span class='ocr_line' id='line_1_80' title="bbox 2077 2396 3649 2482; baseline 0.022 -37"><span class='ocrx_word' id='word_1_610' title='bbox 2077 2396 2540 2462; x_wconf 87' lang='lat' dir='ltr'><strong>reprehensionem</strong></span> <span class='ocrx_word' id='word_1_611' title='bbox 2586 2408 2777 2462; x_wconf 81' lang='lat' dir='ltr'><strong>veritus</strong></span> <span class='ocrx_word' id='word_1_612' title='bbox 2803 2449 2817 2473; x_wconf 90' lang='lat'><strong>,</strong></span> <span class='ocrx_word' id='word_1_613' title='bbox 2859 2426 2976 2465; x_wconf 91' lang='lat' dir='ltr'><strong>cum</strong></span> <span class='ocrx_word' id='word_1_614' title='bbox 3019 2415 3352 2482; x_wconf 86' lang='lat' dir='ltr'><strong>Imperatoris</strong></span> <span class='ocrx_word' id='word_1_615' title='bbox 3392 2423 3554 2478; x_wconf 73' lang='lat' dir='ltr'><strong>litera:</strong></span> <span class='ocrx_word' id='word_1_616' title='bbox 3595 2426 3649 2479; x_wconf 88' lang='lat' dir='ltr'><strong>in</strong></span> 
     </span>
    </p>
   </div>
   <div class='ocr_carea' id='block_1_81' title="bbox 2077 2494 3648 2582">
    <p class='ocr_par' dir='ltr' id='par_1_81' title="bbox 2077 2494 3648 2582">
     <span class='ocr_line' id='line_1_81' title="bbox 2077 2494 3648 2582; baseline 0.024 -49"><span class='ocrx_word' id='word_1_617' title='bbox 2077 2497 2287 2539; x_wconf 90' lang='lat' dir='ltr'><strong>omnem</strong></span> <span class='ocrx_word' id='word_1_618' title='bbox 2317 2498 2518 2555; x_wconf 82' lang='lat' dir='ltr'><strong>partem</strong></span> <span class='ocrx_word' id='word_1_619' title='bbox 2552 2494 2724 2550; x_wconf 80' lang='lat' dir='ltr'><strong>missa:</strong></span> <span class='ocrx_word' id='word_1_620' title='bbox 2757 2499 3123 2573; x_wconf 85' lang='lat' dir='ltr'><strong>undecumque</strong></span> <span class='ocrx_word' id='word_1_621' title='bbox 3158 2522 3344 2564; x_wconf 83' lang='lat' dir='ltr'><strong>omnes</strong></span> <span class='ocrx_word' id='word_1_622' title='bbox 3378 2527 3648 2582; x_wconf 80' lang='lat' dir='ltr'><strong>cogerent,</strong></span> 
     </span>
    </p>
   </div>
   <div class='ocr_carea' id='block_1_82' title="bbox 2074 2575 3645 2677">
    <p class='ocr_par' dir='ltr' id='par_1_82' title="bbox 2074 2575 3645 2677">
     <span class='ocr_line' id='line_1_82' title="bbox 2074 2575 3645 2677; baseline 0.024 -52"><span class='ocrx_word' id='word_1_623' title='bbox 2074 2575 2280 2630; x_wconf 90' lang='lat' dir='ltr'><strong>occulte</strong></span> <span class='ocrx_word' id='word_1_624' title='bbox 2300 2579 2471 2634; x_wconf 90' lang='lat' dir='ltr'><strong>media</strong></span> <span class='ocrx_word' id='word_1_625' title='bbox 2491 2593 2643 2639; x_wconf 91' lang='lat' dir='ltr'><strong>nocte</strong></span> <span class='ocrx_word' id='word_1_626' title='bbox 2668 2587 2719 2641; x_wconf 90' lang='lat' dir='ltr'><strong>in</strong></span> <span class='ocrx_word' id='word_1_627' title='bbox 2743 2591 2922 2646; x_wconf 89' lang='lat' dir='ltr'><strong>navim</strong></span> <span class='ocrx_word' id='word_1_628' title='bbox 2943 2607 3000 2648; x_wconf 90' lang='lat' dir='ltr'><strong>se</strong></span> <span class='ocrx_word' id='word_1_629' title='bbox 3020 2598 3304 2666; x_wconf 77' lang='lat' dir='ltr'><strong>conjiciens</strong></span> <span class='ocrx_word' id='word_1_630' title='bbox 3328 2602 3396 2656; x_wconf 88' lang='lat' dir='ltr'><strong>ita</strong></span> <span class='ocrx_word' id='word_1_631' title='bbox 3424 2605 3645 2677; x_wconf 83' lang='lat' dir='ltr'><strong>aufugit,</strong></span> 
     </span>
    </p>
   </div>
   <div class='ocr_carea' id='block_1_83' title="bbox 2072 2677 3648 2752">
    <p class='ocr_par' dir='ltr' id='par_1_83' title="bbox 2072 2677 3648 2752">
     <span class='ocr_line' id='line_1_83' title="bbox 2072 2677 3648 2752; baseline 0.023 -35"><span class='ocrx_word' id='word_1_632' title='bbox 2072 2678 2258 2720; x_wconf 89' lang='lat' dir='ltr'><strong>omnes</strong></span> <span class='ocrx_word' id='word_1_633' title='bbox 2285 2682 2409 2723; x_wconf 86' lang='lat' dir='ltr'><strong>suos</strong></span> <span class='ocrx_word' id='word_1_634' title='bbox 2445 2686 2625 2727; x_wconf 89' lang='lat' dir='ltr'><strong>secum</strong></span> <span class='ocrx_word' id='word_1_635' title='bbox 2665 2677 2949 2734; x_wconf 83' lang='lat' dir='ltr'><strong>abduccns.</strong></span> <span class='ocrx_word' id='word_1_636' title='bbox 2999 2684 3165 2742; x_wconf 83' lang='lat' dir='ltr'><strong>Porro</strong></span> <span class='ocrx_word' id='word_1_637' title='bbox 3198 2706 3292 2742; x_wconf 83' lang='lat' dir='ltr'><strong>nos</strong></span> <span class='ocrx_word' id='word_1_638' title='bbox 3325 2696 3648 2752; x_wconf 82' lang='lat' dir='ltr'><strong>conscientia</strong></span> 
     </span>
    </p>
   </div>
   <div class='ocr_carea' id='block_1_84' title="bbox 2072 2756 3649 2855">
    <p class='ocr_par' dir='ltr' id='par_1_84' title="bbox 2072 2756 3649 2855">
     <span class='ocr_line' id='line_1_84' title="bbox 2072 2756 3649 2855; baseline 0.023 -49"><span class='ocrx_word' id='word_1_639' title='bbox 2072 2765 2248 2809; x_wconf 90' lang='lat' dir='ltr'><strong>nostra</strong></span> <span class='ocrx_word' id='word_1_640' title='bbox 2273 2756 2410 2821; x_wconf 89' lang='lat' dir='ltr'><strong>freti,</strong></span> <span class='ocrx_word' id='word_1_641' title='bbox 2433 2777 2603 2833; x_wconf 90' lang='lat' dir='ltr'><strong>neque</strong></span> <span class='ocrx_word' id='word_1_642' title='bbox 2634 2766 2709 2821; x_wconf 90' lang='lat' dir='ltr'><strong>sic</strong></span> <span class='ocrx_word' id='word_1_643' title='bbox 2730 2768 3026 2827; x_wconf 89' lang='lat' dir='ltr'><strong>destitimus</strong></span> <span class='ocrx_word' id='word_1_644' title='bbox 3046 2777 3232 2833; x_wconf 88' lang='lat' dir='ltr'><strong>eadem</strong></span> <span class='ocrx_word' id='word_1_645' title='bbox 3254 2779 3440 2836; x_wconf 88' lang='lat' dir='ltr'><strong>iterum</strong></span> <span class='ocrx_word' id='word_1_646' title='bbox 3460 2799 3649 2855; x_wconf 82' lang='lat' dir='ltr'><strong>rogare</strong></span> 
     </span>
    </p>
   </div>
   <div class='ocr_carea' id='block_1_85' title="bbox 2068 2848 3643 2943">
    <p class='ocr_par' dir='ltr' id='par_1_85' title="bbox 2068 2848 3643 2943">
     <span class='ocr_line' id='line_1_85' title="bbox 2068 2848 3643 2943; baseline 0.022 -44"><span class='ocrx_word' id='word_1_647' title='bbox 2068 2848 2519 2915; x_wconf 82' lang='lat' dir='ltr'><strong>religiosissimum</strong></span> <span class='ocrx_word' id='word_1_648' title='bbox 2548 2855 2922 2926; x_wconf 88' lang='lat' dir='ltr'><strong>Imperatorem</strong></span> <span class='ocrx_word' id='word_1_649' title='bbox 2954 2882 2969 2918; x_wconf 86' lang='lat'><strong>:</strong></span> <span class='ocrx_word' id='word_1_650' title='bbox 2998 2868 3086 2935; x_wconf 88' lang='lat' dir='ltr'><strong>qui</strong></span> <span class='ocrx_word' id='word_1_651' title='bbox 3116 2883 3215 2937; x_wconf 89' lang='lat' dir='ltr'><strong>pro</strong></span> <span class='ocrx_word' id='word_1_652' title='bbox 3239 2886 3330 2926; x_wconf 89' lang='lat' dir='ltr'><strong>sua</strong></span> <span class='ocrx_word' id='word_1_653' title='bbox 3358 2876 3553 2943; x_wconf 89' lang='lat' dir='ltr'><strong>pietate</strong></span> <span class='ocrx_word' id='word_1_654' title='bbox 3578 2880 3643 2933; x_wconf 88' lang='lat' dir='ltr'><strong>ad</strong></span> 
     </span>
    </p>
   </div>
   <div class='ocr_carea' id='block_1_86' title="bbox 2066 2940 3642 3031">
    <p class='ocr_par' dir='ltr' id='par_1_86' title="bbox 2066 2940 3642 3031">
     <span class='ocr_line' id='line_1_86' title="bbox 2066 2940 3642 3031; baseline 0.022 -41"><span class='ocrx_word' id='word_1_655' title='bbox 2066 2952 2186 2992; x_wconf 89' lang='lat' dir='ltr'><strong>eum</strong></span> <span class='ocrx_word' id='word_1_656' title='bbox 2216 2940 2392 2996; x_wconf 91' lang='lat' dir='ltr'><strong>denuo</strong></span> <span class='ocrx_word' id='word_1_657' title='bbox 2418 2945 2580 3012; x_wconf 90' lang='lat' dir='ltr'><strong>misit,</strong></span> <span class='ocrx_word' id='word_1_658' title='bbox 2609 2958 2667 3002; x_wconf 91' lang='lat' dir='ltr'><strong>ut</strong></span> <span class='ocrx_word' id='word_1_659' title='bbox 2705 2954 2879 3007; x_wconf 86' lang='lat' dir='ltr'><strong>statim</strong></span> <span class='ocrx_word' id='word_1_660' title='bbox 2924 2971 2988 3011; x_wconf 87' lang='lat' dir='ltr'><strong>ex</strong></span> <span class='ocrx_word' id='word_1_661' title='bbox 3019 2957 3250 3031; x_wconf 65' lang='lat' dir='ltr'><strong>Egypto</strong></span> <span class='ocrx_word' id='word_1_662' title='bbox 3288 2968 3490 3022; x_wconf 86' lang='lat' dir='ltr'><strong>veniret</strong></span> <span class='ocrx_word' id='word_1_663' title='bbox 3522 2985 3642 3025; x_wconf 89' lang='lat' dir='ltr'><strong>eum</strong></span> 
     </span>
    </p>
   </div>
   <div class='ocr_carea' id='block_1_87' title="bbox 2063 3029 3645 3115">
    <p class='ocr_par' dir='ltr' id='par_1_87' title="bbox 2063 3029 3645 3115">
     <span class='ocr_line' id='line_1_87' title="bbox 2063 3029 3645 3115; baseline 0.025 -37"><span class='ocrx_word' id='word_1_664' title='bbox 2063 3029 2310 3086; x_wconf 90' lang='lat' dir='ltr'><strong>omnibus</strong></span> <span class='ocrx_word' id='word_1_665' title='bbox 2337 3034 2447 3088; x_wconf 88' lang='lat' dir='ltr'><strong>suis</strong></span> <span class='ocrx_word' id='word_1_666' title='bbox 2474 3039 2828 3109; x_wconf 89' lang='lat' dir='ltr'><strong>consortibus,</strong></span> <span class='ocrx_word' id='word_1_667' title='bbox 2858 3054 2911 3100; x_wconf 92' lang='lat' dir='ltr'><strong>et</strong></span> <span class='ocrx_word' id='word_1_668' title='bbox 2937 3029 3193 3106; x_wconf 82' lang='lat' dir='ltr'><strong>rationem</strong></span> <span class='ocrx_word' id='word_1_669' title='bbox 3231 3054 3490 3113; x_wconf 88' lang='lat' dir='ltr'><strong>factorum</strong></span> <span class='ocrx_word' id='word_1_670' title='bbox 3522 3064 3645 3115; x_wconf 36' lang='lat' dir='ltr'><strong>red‘</strong></span> 
     </span>
    </p>
   </div>
   <div class='ocr_carea' id='block_1_88' title="bbox 2061 3117 3641 3209">
    <p class='ocr_par' dir='ltr' id='par_1_88' title="bbox 2061 3117 3641 3209">
     <span class='ocr_line' id='line_1_88' title="bbox 2061 3117 3641 3209; baseline 0.023 -38"><span class='ocrx_word' id='word_1_671' title='bbox 2061 3117 2242 3186; x_wconf 90' lang='lat' dir='ltr'><strong>deret,</strong></span> <span class='ocrx_word' id='word_1_672' title='bbox 2274 3138 2446 3192; x_wconf 90' lang='lat' dir='ltr'><strong>neque</strong></span> <span class='ocrx_word' id='word_1_673' title='bbox 2485 3125 2731 3185; x_wconf 77' lang='lat' dir='ltr'><strong>sufﬁcere</strong></span> <span class='ocrx_word' id='word_1_674' title='bbox 2772 3147 2980 3203; x_wconf 87' lang='lat' dir='ltr'><strong>putaret</strong></span> <span class='ocrx_word' id='word_1_675' title='bbox 3007 3140 3071 3193; x_wconf 87' lang='lat' dir='ltr'><strong>ad</strong></span> <span class='ocrx_word' id='word_1_676' title='bbox 3103 3142 3463 3203; x_wconf 86' lang='lat' dir='ltr'><strong>defensionem</strong></span> <span class='ocrx_word' id='word_1_677' title='bbox 3492 3166 3641 3209; x_wconf 90' lang='lat' dir='ltr'><strong>suam</strong></span> 
     </span>
    </p>
   </div>
   <div class='ocr_carea' id='block_1_89' title="bbox 2061 3218 3641 3313">
    <p class='ocr_par' dir='ltr' id='par_1_89' title="bbox 2061 3218 3641 3313">
     <span class='ocr_line' id='line_1_89' title="bbox 2061 3218 3641 3313; baseline 0.024 -51"><span class='ocrx_word' id='word_1_678' title='bbox 2061 3224 2121 3263; x_wconf 88' lang='lat' dir='ltr'><strong>ea</strong></span> <span class='ocrx_word' id='word_1_679' title='bbox 2145 3228 2262 3281; x_wconf 64' lang='lat' dir='ltr'><strong>quin</strong></span> <span class='ocrx_word' id='word_1_680' title='bbox 2292 3224 2395 3268; x_wconf 89' lang='lat' dir='ltr'><strong>tam</strong></span> <span class='ocrx_word' id='word_1_681' title='bbox 2428 3218 2620 3287; x_wconf 87' lang='lat' dir='ltr'><strong>injuste</strong></span> <span class='ocrx_word' id='word_1_682' title='bbox 2644 3222 2711 3275; x_wconf 87' lang='lat' dir='ltr'><strong>ab</strong></span> <span class='ocrx_word' id='word_1_683' title='bbox 2742 3240 2843 3280; x_wconf 90' lang='lat' dir='ltr'><strong>una</strong></span> <span class='ocrx_word' id='word_1_684' title='bbox 2871 3240 3017 3296; x_wconf 88' lang='lat' dir='ltr'><strong>parte</strong></span> <span class='ocrx_word' id='word_1_685' title='bbox 3042 3234 3193 3290; x_wconf 87' lang='lat' dir='ltr'><strong>nobis</strong></span> <span class='ocrx_word' id='word_1_686' title='bbox 3217 3238 3525 3297; x_wconf 81' lang='lat' dir='ltr'><strong>absentibus</strong></span> <span class='ocrx_word' id='word_1_687' title='bbox 3550 3260 3641 3313; x_wconf 83' lang='lat' dir='ltr'><strong>pa-</strong></span> 
     </span>
    </p>
   </div>
   <div class='ocr_carea' id='block_1_90' title="bbox 2062 3301 3638 3389">
    <p class='ocr_par' dir='ltr' id='par_1_90' title="bbox 2062 3301 3638 3389">
     <span class='ocr_line' id='line_1_90' title="bbox 2062 3301 3638 3389; baseline 0.023 -37"><span class='ocrx_word' id='word_1_688' title='bbox 2062 3308 2194 3354; x_wconf 87' lang='lat' dir='ltr'><strong>trata</strong></span> <span class='ocrx_word' id='word_1_689' title='bbox 2224 3301 2451 3372; x_wconf 88' lang='lat' dir='ltr'><strong>fuerant,</strong></span> <span class='ocrx_word' id='word_1_690' title='bbox 2479 3309 2638 3364; x_wconf 89' lang='lat' dir='ltr'><strong>etiam</strong></span> <span class='ocrx_word' id='word_1_691' title='bbox 2665 3324 2845 3368; x_wconf 88' lang='lat' dir='ltr'><strong>contra</strong></span> <span class='ocrx_word' id='word_1_692' title='bbox 2884 3327 2959 3372; x_wconf 90' lang='lat' dir='ltr'><strong>tot</strong></span> <span class='ocrx_word' id='word_1_693' title='bbox 2995 3336 3247 3381; x_wconf 87' lang='lat' dir='ltr'><strong>canones.</strong></span> <span class='ocrx_word' id='word_1_694' title='bbox 3294 3327 3389 3385; x_wconf 83' lang='lat' dir='ltr'><strong>ille</strong></span> <span class='ocrx_word' id='word_1_695' title='bbox 3415 3301 3638 3389; x_wconf 45' lang='lat' dir='ltr'><strong>vero&#39;ne</strong></span> 
     </span>
    </p>
   </div>
   <div class='ocr_carea' id='block_1_91' title="bbox 2061 3388 3634 3482">
    <p class='ocr_par' dir='ltr' id='par_1_91' title="bbox 2061 3388 3634 3482">
     <span class='ocr_line' id='line_1_91' title="bbox 2061 3388 3634 3482; baseline 0.023 -40"><span class='ocrx_word' id='word_1_696' title='bbox 2061 3388 2420 3459; x_wconf 87' lang='lat' dir='ltr'><strong>lmperatoriis</strong></span> <span class='ocrx_word' id='word_1_697' title='bbox 2467 3399 2679 3466; x_wconf 89' lang='lat' dir='ltr'><strong>quidem</strong></span> <span class='ocrx_word' id='word_1_698' title='bbox 2724 3403 2889 3460; x_wconf 86' lang='lat' dir='ltr'><strong>literis</strong></span> <span class='ocrx_word' id='word_1_699' title='bbox 2925 3409 3340 3482; x_wconf 86' lang='lat' dir='ltr'><strong>obtemperavit,</strong></span> <span class='ocrx_word' id='word_1_700' title='bbox 3366 3418 3462 3474; x_wconf 86' lang='lat' dir='ltr'><strong>sed</strong></span> <span class='ocrx_word' id='word_1_701' title='bbox 3489 3388 3634 3477; x_wconf 88' lang='lat' dir='ltr'><strong>domi</strong></span> 
     </span>
    </p>
   </div>
   <div class='ocr_carea' id='block_1_92' title="bbox 2058 3482 3634 3578">
    <p class='ocr_par' dir='ltr' id='par_1_92' title="bbox 2058 3482 3634 3578">
     <span class='ocr_line' id='line_1_92' title="bbox 2058 3482 3634 3578; baseline 0.022 -46"><span class='ocrx_word' id='word_1_702' title='bbox 2058 3482 2271 3544; x_wconf 89' lang='lat' dir='ltr'><strong>mansit,</strong></span> <span class='ocrx_word' id='word_1_703' title='bbox 2309 3495 2603 3552; x_wconf 70' lang='lat' dir='ltr'><strong>prmtexens</strong></span> <span class='ocrx_word' id='word_1_704' title='bbox 2642 3491 2955 3550; x_wconf 87' lang='lat' dir='ltr'><strong>seditionem</strong></span> <span class='ocrx_word' id='word_1_705' title='bbox 3000 3503 3175 3569; x_wconf 89' lang='lat' dir='ltr'><strong>populi</strong></span> <span class='ocrx_word' id='word_1_706' title='bbox 3214 3513 3268 3558; x_wconf 87' lang='lat' dir='ltr'><strong>et</strong></span> <span class='ocrx_word' id='word_1_707' title='bbox 3306 3506 3634 3578; x_wconf 78' lang='lat' dir='ltr'><strong>intempesti-</strong></span> 
     </span>
    </p>
   </div>
   <div class='ocr_carea' id='block_1_93' title="bbox 2056 3574 3628 3664">
    <p class='ocr_par' dir='ltr' id='par_1_93' title="bbox 2056 3574 3628 3664">
     <span class='ocr_line' id='line_1_93' title="bbox 2056 3574 3628 3664; baseline 0.022 -40"><span class='ocrx_word' id='word_1_708' title='bbox 2056 3585 2177 3625; x_wconf 89' lang='lat' dir='ltr'><strong>vum</strong></span> <span class='ocrx_word' id='word_1_709' title='bbox 2198 3574 2427 3629; x_wconf 89' lang='lat' dir='ltr'><strong>studium</strong></span> <span class='ocrx_word' id='word_1_710' title='bbox 2452 3583 2800 3647; x_wconf 88' lang='lat' dir='ltr'><strong>quorumdam</strong></span> <span class='ocrx_word' id='word_1_711' title='bbox 2828 3587 3027 3643; x_wconf 90' lang='lat' dir='ltr'><strong>scilicet</strong></span> <span class='ocrx_word' id='word_1_712' title='bbox 3053 3592 3143 3660; x_wconf 90' lang='lat' dir='ltr'><strong>qui</strong></span> <span class='ocrx_word' id='word_1_713' title='bbox 3163 3595 3211 3648; x_wconf 89' lang='lat' dir='ltr'><strong>ei</strong></span> <span class='ocrx_word' id='word_1_714' title='bbox 3239 3574 3501 3664; x_wconf 72' lang='lat' dir='ltr'><strong>faverent;</strong></span> <span class='ocrx_word' id='word_1_715' title='bbox 3530 3603 3628 3657; x_wconf 84' lang='lat' dir='ltr'><strong>etsi</strong></span> 
     </span>
    </p>
   </div>
   <div class='ocr_carea' id='block_1_94' title="bbox 2053 3663 3627 3755">
    <p class='ocr_par' dir='ltr' id='par_1_94' title="bbox 2053 3663 3627 3755">
     <span class='ocr_line' id='line_1_94' title="bbox 2053 3663 3627 3755; baseline 0.022 -41"><span class='ocrx_word' id='word_1_716' title='bbox 2053 3671 2182 3716; x_wconf 87' lang='lat' dir='ltr'><strong>ante</strong></span> <span class='ocrx_word' id='word_1_717' title='bbox 2209 3663 2303 3719; x_wconf 90' lang='lat' dir='ltr'><strong>has</strong></span> <span class='ocrx_word' id='word_1_718' title='bbox 2328 3665 2695 3734; x_wconf 80' lang='lat' dir='ltr'><strong>Intpcratorias</strong></span> <span class='ocrx_word' id='word_1_719' title='bbox 2722 3674 2899 3731; x_wconf 86' lang='lat' dir='ltr'><strong>literas</strong></span> <span class='ocrx_word' id='word_1_720' title='bbox 2927 3678 3038 3734; x_wconf 75' lang='lat' dir='ltr'><strong>iure</strong></span> <span class='ocrx_word' id='word_1_721' title='bbox 3065 3683 3173 3750; x_wconf 91' lang='lat' dir='ltr'><strong>ipsa</strong></span> <span class='ocrx_word' id='word_1_722' title='bbox 3203 3686 3350 3755; x_wconf 87' lang='lat' dir='ltr'><strong>plebs</strong></span> <span class='ocrx_word' id='word_1_723' title='bbox 3385 3689 3627 3748; x_wconf 86' lang='lat' dir='ltr'><strong>innume-</strong></span> 
     </span>
    </p>
   </div>
   <div class='ocr_carea' id='block_1_95' title="bbox 2050 3752 3625 3850">
    <p class='ocr_par' dir='ltr' id='par_1_95' title="bbox 2050 3752 3625 3850">
     <span class='ocr_line' id='line_1_95' title="bbox 2050 3752 3625 3850; baseline 0.022 -48"><span class='ocrx_word' id='word_1_724' title='bbox 2050 3752 2124 3803; x_wconf 91' lang='lat' dir='ltr'><strong>ris</strong></span> <span class='ocrx_word' id='word_1_725' title='bbox 2149 3767 2268 3806; x_wconf 90' lang='lat' dir='ltr'><strong>eum</strong></span> <span class='ocrx_word' id='word_1_726' title='bbox 2297 3757 2548 3812; x_wconf 82' lang='lat' dir='ltr'><strong>conviciis</strong></span> <span class='ocrx_word' id='word_1_727' title='bbox 2578 3761 2929 3830; x_wconf 78' lang='lat' dir='ltr'><strong>adsperserat.</strong></span> <span class='ocrx_word' id='word_1_728' title='bbox 2961 3768 3157 3826; x_wconf 85' lang='lat' dir='ltr'><strong>Verum</strong></span> <span class='ocrx_word' id='word_1_729' title='bbox 3186 3776 3283 3829; x_wconf 88' lang='lat' dir='ltr'><strong>ista</strong></span> <span class='ocrx_word' id='word_1_730' title='bbox 3316 3795 3419 3832; x_wconf 89' lang='lat' dir='ltr'><strong>non</strong></span> <span class='ocrx_word' id='word_1_731' title='bbox 3451 3780 3625 3850; x_wconf 71' lang='lat' dir='ltr'><strong>inqui-</strong></span> 
     </span>
    </p>
   </div>
   <div class='ocr_carea' id='block_1_96' title="bbox 2048 3840 3618 3940">
    <p class='ocr_par' dir='ltr' id='par_1_96' title="bbox 2048 3840 3618 3940">
     <span class='ocr_line' id='line_1_96' title="bbox 2048 3840 3618 3940; baseline 0.022 -47"><span class='ocrx_word' id='word_1_732' title='bbox 2048 3840 2233 3907; x_wconf 88' lang='lat' dir='ltr'><strong>rimus,</strong></span> <span class='ocrx_word' id='word_1_733' title='bbox 2264 3845 2355 3898; x_wconf 89' lang='lat' dir='ltr'><strong>sed</strong></span> <span class='ocrx_word' id='word_1_734' title='bbox 2394 3849 2675 3905; x_wconf 83' lang='lat' dir='ltr'><strong>05tcndere</strong></span> <span class='ocrx_word' id='word_1_735' title='bbox 2704 3854 2939 3911; x_wconf 88' lang='lat' dir='ltr'><strong>volentes</strong></span> <span class='ocrx_word' id='word_1_736' title='bbox 2963 3862 3101 3929; x_wconf 87' lang='lat' dir='ltr'><strong>quod</strong></span> <span class='ocrx_word' id='word_1_737' title='bbox 3139 3864 3188 3916; x_wconf 92' lang='lat' dir='ltr'><strong>in</strong></span> <span class='ocrx_word' id='word_1_738' title='bbox 3216 3867 3475 3924; x_wconf 86' lang='lat' dir='ltr'><strong>maleficio</strong></span> <span class='ocrx_word' id='word_1_739' title='bbox 3501 3888 3618 3940; x_wconf 55' lang='lat' dir='ltr'><strong>per-</strong></span> 
     </span>
    </p>
   </div>
   <div class='ocr_carea' id='block_1_97' title="bbox 2047 3934 3622 4027">
    <p class='ocr_par' dir='ltr' id='par_1_97' title="bbox 2047 3934 3622 4027">
     <span class='ocr_line' id='line_1_97' title="bbox 2047 3934 3622 4027; baseline 0.022 -43"><span class='ocrx_word' id='word_1_740' title='bbox 2047 3937 2316 3998; x_wconf 87' lang='lat' dir='ltr'><strong>manserit,</strong></span> <span class='ocrx_word' id='word_1_741' title='bbox 2364 3934 2478 3991; x_wconf 67' lang='lat' dir='ltr'><strong>haec</strong></span> <span class='ocrx_word' id='word_1_742' title='bbox 2506 3940 2761 3998; x_wconf 84' lang='lat' dir='ltr'><strong>diximus.</strong></span> <span class='ocrx_word' id='word_1_743' title='bbox 2801 3945 3063 4006; x_wconf 71' lang='lat' dir='ltr'><strong>Cmterum</strong></span> <span class='ocrx_word' id='word_1_744' title='bbox 3091 3970 3156 4009; x_wconf 92' lang='lat' dir='ltr'><strong>ne</strong></span> <span class='ocrx_word' id='word_1_745' title='bbox 3182 3960 3257 4011; x_wconf 87' lang='lat' dir='ltr'><strong>sie</strong></span> <span class='ocrx_word' id='word_1_746' title='bbox 3281 3960 3491 4027; x_wconf 89' lang='lat' dir='ltr'><strong>quidem</strong></span> <span class='ocrx_word' id='word_1_747' title='bbox 3525 3980 3622 4019; x_wconf 86' lang='lat' dir='ltr'><strong>nos</strong></span> 
     </span>
    </p>
   </div>
   <div class='ocr_carea' id='block_1_98' title="bbox 2046 4026 3622 4117">
    <p class='ocr_par' dir='ltr' id='par_1_98' title="bbox 2046 4026 3622 4117">
     <span class='ocr_line' id='line_1_98' title="bbox 2046 4026 3622 4117; baseline 0.021 -42"><span class='ocrx_word' id='word_1_748' title='bbox 2046 4026 2361 4093; x_wconf 86' lang='lat' dir='ltr'><strong>quievimus.</strong></span> <span class='ocrx_word' id='word_1_749' title='bbox 2379 4029 2471 4083; x_wconf 85' lang='lat' dir='ltr'><strong>sed</strong></span> <span class='ocrx_word' id='word_1_750' title='bbox 2499 4032 2782 4090; x_wconf 90' lang='lat' dir='ltr'><strong>institimus</strong></span> <span class='ocrx_word' id='word_1_751' title='bbox 2803 4042 3145 4108; x_wconf 87' lang='lat' dir='ltr'><strong>postulantes,</strong></span> <span class='ocrx_word' id='word_1_752' title='bbox 3173 4059 3228 4100; x_wconf 89' lang='lat' dir='ltr'><strong>ut</strong></span> <span class='ocrx_word' id='word_1_753' title='bbox 3244 4026 3497 4117; x_wconf 88' lang='lat' dir='ltr'><strong>judicium</strong></span> <span class='ocrx_word' id='word_1_754' title='bbox 3528 4054 3622 4107; x_wconf 87' lang='lat' dir='ltr'><strong>ha-</strong></span> 
     </span>
    </p>
   </div>
   <div class='ocr_carea' id='block_1_99' title="bbox 2046 4115 3618 4212">
    <p class='ocr_par' dir='ltr' id='par_1_99' title="bbox 2046 4115 3618 4212">
     <span class='ocr_line' id='line_1_99' title="bbox 2046 4115 3618 4212; baseline 0.02 -43"><span class='ocrx_word' id='word_1_755' title='bbox 2046 4115 2261 4173; x_wconf 86' lang='lat' dir='ltr'><strong>beretur</strong></span> <span class='ocrx_word' id='word_1_756' title='bbox 2302 4122 2590 4177; x_wconf 87' lang='lat' dir='ltr'><strong>secundum</strong></span> <span class='ocrx_word' id='word_1_757' title='bbox 2624 4126 2940 4199; x_wconf 82' lang='lat' dir='ltr'><strong>interrogata</strong></span> <span class='ocrx_word' id='word_1_758' title='bbox 2983 4142 3035 4187; x_wconf 87' lang='lat' dir='ltr'><strong>et</strong></span> <span class='ocrx_word' id='word_1_759' title='bbox 3071 4115 3324 4206; x_wconf 80' lang='lat' dir='ltr'><strong>responsa</strong></span> <span class='ocrx_word' id='word_1_760' title='bbox 3359 4159 3373 4194; x_wconf 88' lang='lat'>:</span> <span class='ocrx_word' id='word_1_761' title='bbox 3404 4156 3618 4212; x_wconf 83' lang='lat' dir='ltr'><strong>paratos</strong></span> 
     </span>
    </p>
   </div>
   <div class='ocr_carea' id='block_1_100' title="bbox 2043 4208 3618 4300">
    <p class='ocr_par' dir='ltr' id='par_1_100' title="bbox 2043 4208 3618 4300">
     <span class='ocr_line' id='line_1_100' title="bbox 2043 4208 3618 4300; baseline 0.02 -39"><span class='ocrx_word' id='word_1_762' title='bbox 2043 4208 2184 4263; x_wconf 90' lang='lat' dir='ltr'><strong>enim</strong></span> <span class='ocrx_word' id='word_1_763' title='bbox 2219 4225 2338 4265; x_wconf 83' lang='lat' dir='ltr'><strong>esse</strong></span> <span class='ocrx_word' id='word_1_764' title='bbox 2365 4213 2669 4271; x_wconf 90' lang='lat' dir='ltr'><strong>dicebamus</strong></span> <span class='ocrx_word' id='word_1_765' title='bbox 2688 4221 2972 4278; x_wconf 84' lang='lat' dir='ltr'><strong>ostendere</strong></span> <span class='ocrx_word' id='word_1_766' title='bbox 2992 4241 3089 4281; x_wconf 90' lang='lat' dir='ltr'><strong>nos</strong></span> <span class='ocrx_word' id='word_1_767' title='bbox 3103 4230 3255 4299; x_wconf 91' lang='lat' dir='ltr'><strong>culpa</strong></span> <span class='ocrx_word' id='word_1_768' title='bbox 3271 4246 3480 4300; x_wconf 88' lang='lat' dir='ltr'><strong>vacare,</strong></span> <span class='ocrx_word' id='word_1_769' title='bbox 3500 4237 3618 4292; x_wconf 80' lang='lat' dir='ltr'><strong>illos</strong></span> 
     </span>
    </p>
   </div>
   <div class='ocr_carea' id='block_1_101' title="bbox 2040 4309 3618 4381">
    <p class='ocr_par' dir='ltr' id='par_1_101' title="bbox 2040 4309 3618 4381">
     <span class='ocr_line' id='line_1_101' title="bbox 2040 4309 3618 4381; baseline 0.019 -29"><span class='ocrx_word' id='word_1_770' title='bbox 2040 4309 2216 4356; x_wconf 86' lang='lat' dir='ltr'><strong>autem</strong></span> <span class='ocrx_word' id='word_1_771' title='bbox 2247 4312 2480 4359; x_wconf 78' lang='lat' dir='ltr'><strong>extrema</strong></span> <span class='ocrx_word' id='word_1_772' title='bbox 2518 4322 2738 4378; x_wconf 73' lang='lat' dir='ltr'><strong>qumque</strong></span> <span class='ocrx_word' id='word_1_773' title='bbox 2761 4327 2918 4368; x_wconf 87' lang='lat' dir='ltr'><strong>ausos</strong></span> <span class='ocrx_word' id='word_1_774' title='bbox 2942 4329 3080 4373; x_wconf 84' lang='lat' dir='ltr'><strong>esse.</strong></span> <span class='ocrx_word' id='word_1_775' title='bbox 3114 4318 3209 4376; x_wconf 84' lang='lat' dir='ltr'><strong>Hic</strong></span> <span class='ocrx_word' id='word_1_776' title='bbox 3232 4324 3372 4378; x_wconf 90' lang='lat' dir='ltr'><strong>enim</strong></span> <span class='ocrx_word' id='word_1_777' title='bbox 3404 4342 3618 4381; x_wconf 89' lang='lat' dir='ltr'><strong>reman-</strong></span> 
     </span>
    </p>
   </div>
   <div class='ocr_carea' id='block_1_102' title="bbox 2040 4393 3611 4479">
    <p class='ocr_par' dir='ltr' id='par_1_102' title="bbox 2040 4393 3611 4479">
     <span class='ocr_line' id='line_1_102' title="bbox 2040 4393 3611 4479; baseline 0.019 -36"><span class='ocrx_word' id='word_1_778' title='bbox 2040 4402 2220 4445; x_wconf 87' lang='lat' dir='ltr'><strong>serant</strong></span> <span class='ocrx_word' id='word_1_779' title='bbox 2263 4393 2517 4464; x_wconf 84' lang='lat' dir='ltr'><strong>Syrorum</strong></span> <span class='ocrx_word' id='word_1_780' title='bbox 2561 4399 2773 4467; x_wconf 84' lang='lat' dir='ltr'><strong>quidam</strong></span> <span class='ocrx_word' id='word_1_781' title='bbox 2800 4403 2889 4470; x_wconf 91' lang='lat' dir='ltr'><strong>qui</strong></span> <span class='ocrx_word' id='word_1_782' title='bbox 2929 4414 3051 4462; x_wconf 90' lang='lat' dir='ltr'><strong>tunc</strong></span> <span class='ocrx_word' id='word_1_783' title='bbox 3078 4409 3373 4479; x_wconf 85' lang='lat' dir='ltr'><strong>adfuerant,</strong></span> <span class='ocrx_word' id='word_1_784' title='bbox 3418 4426 3473 4471; x_wconf 91' lang='lat' dir='ltr'><strong>ct</strong></span> <span class='ocrx_word' id='word_1_785' title='bbox 3511 4434 3611 4473; x_wconf 90' lang='lat' dir='ltr'><strong>una</strong></span> 
     </span>
    </p>
   </div>
   <div class='ocr_carea' id='block_1_103' title="bbox 2038 4483 3612 4572">
    <p class='ocr_par' dir='ltr' id='par_1_103' title="bbox 2038 4483 3612 4572">
     <span class='ocr_line' id='line_1_103' title="bbox 2038 4483 3612 4572; baseline 0.017 -37"><span class='ocrx_word' id='word_1_786' title='bbox 2038 4495 2156 4535; x_wconf 90' lang='lat' dir='ltr'><strong>eum</strong></span> <span class='ocrx_word' id='word_1_787' title='bbox 2181 4483 2294 4551; x_wconf 85' lang='lat' dir='ltr'><strong>ipso</strong></span> <span class='ocrx_word' id='word_1_788' title='bbox 2318 4488 2491 4540; x_wconf 89' lang='lat' dir='ltr'><strong>omnia</strong></span> <span class='ocrx_word' id='word_1_789' title='bbox 2514 4498 2801 4555; x_wconf 89' lang='lat' dir='ltr'><strong>patrarant.</strong></span> <span class='ocrx_word' id='word_1_790' title='bbox 2832 4494 3005 4550; x_wconf 88' lang='lat' dir='ltr'><strong>Etiam</strong></span> <span class='ocrx_word' id='word_1_791' title='bbox 3021 4498 3273 4556; x_wconf 84' lang='lat' dir='ltr'><strong>adversus</strong></span> <span class='ocrx_word' id='word_1_792' title='bbox 3445 4512 3612 4572; x_wconf 73' lang='lat' dir='ltr'><strong>parati</strong></span> 
     </span>
    </p>
   </div>
   <div class='ocr_carea' id='block_1_104' title="bbox 2035 4575 3611 4658">
    <p class='ocr_par' dir='ltr' id='par_1_104' title="bbox 2035 4575 3611 4658">
     <span class='ocr_line' id='line_1_104' title="bbox 2035 4575 3611 4658; baseline 0.016 -32"><span class='ocrx_word' id='word_1_793' title='bbox 2035 4588 2244 4626; x_wconf 85' lang='lat' dir='ltr'><strong>eramus</strong></span> <span class='ocrx_word' id='word_1_794' title='bbox 2282 4575 2535 4642; x_wconf 82' lang='lat' dir='ltr'><strong>judicium</strong></span> <span class='ocrx_word' id='word_1_795' title='bbox 2574 4580 2777 4647; x_wconf 86' lang='lat' dir='ltr'><strong>subire,</strong></span> <span class='ocrx_word' id='word_1_796' title='bbox 2818 4593 2873 4637; x_wconf 88' lang='lat' dir='ltr'><strong>et</strong></span> <span class='ocrx_word' id='word_1_797' title='bbox 2912 4588 3103 4655; x_wconf 71' lang='lat' dir='ltr'><strong>smpius</strong></span> <span class='ocrx_word' id='word_1_798' title='bbox 3145 4605 3303 4658; x_wconf 90' lang='lat' dir='ltr'><strong>super</strong></span> <span class='ocrx_word' id='word_1_799' title='bbox 3328 4594 3416 4647; x_wconf 91' lang='lat' dir='ltr'><strong>illo</strong></span> <span class='ocrx_word' id='word_1_800' title='bbox 3448 4596 3611 4652; x_wconf 82' lang='lat' dir='ltr'><strong>inter-</strong></span> 
     </span>
    </p>
   </div>
   <div class='ocr_carea' id='block_1_105' title="bbox 2034 4663 3609 4750">
    <p class='ocr_par' dir='ltr' id='par_1_105' title="bbox 2034 4663 3609 4750">
     <span class='ocr_line' id='line_1_105' title="bbox 2034 4663 3609 4750; baseline 0.018 -36"><span class='ocrx_word' id='word_1_801' title='bbox 2034 4663 2373 4730; x_wconf 76' lang='lat' dir='ltr'><strong>pellavimus,</strong></span> <span class='ocrx_word' id='word_1_802' title='bbox 2403 4680 2649 4737; x_wconf 82' lang='lat' dir='ltr'><strong>rogantes</strong></span> <span class='ocrx_word' id='word_1_803' title='bbox 2680 4682 2736 4726; x_wconf 90' lang='lat' dir='ltr'><strong>ut</strong></span> <span class='ocrx_word' id='word_1_804' title='bbox 2762 4683 2853 4727; x_wconf 84' lang='lat' dir='ltr'><strong>aut</strong></span> <span class='ocrx_word' id='word_1_805' title='bbox 2885 4686 3000 4730; x_wconf 86' lang='lat' dir='ltr'><strong>acta</strong></span> <span class='ocrx_word' id='word_1_806' title='bbox 3033 4680 3183 4735; x_wconf 91' lang='lat' dir='ltr'><strong>nobis</strong></span> <span class='ocrx_word' id='word_1_807' title='bbox 3218 4681 3489 4750; x_wconf 87' lang='lat' dir='ltr'><strong>darentur,</strong></span> <span class='ocrx_word' id='word_1_808' title='bbox 3517 4698 3609 4742; x_wconf 91' lang='lat' dir='ltr'><strong>aut</strong></span> 
     </span>
    </p>
   </div>
   <div class='ocr_carea' id='block_1_106' title="bbox 2033 4751 3602 4837">
    <p class='ocr_par' dir='ltr' id='par_1_106' title="bbox 2033 4751 3602 4837">
     <span class='ocr_line' id='line_1_106' title="bbox 2033 4751 3602 4837; baseline 0.018 -34"><span class='ocrx_word' id='word_1_809' title='bbox 2033 4751 2194 4807; x_wconf 82' lang='lat' dir='ltr'><strong>libelli</strong></span> <span class='ocrx_word' id='word_1_810' title='bbox 2221 4768 2607 4825; x_wconf 82' lang='lat' dir='ltr'><strong>accusatorum,</strong></span> <span class='ocrx_word' id='word_1_811' title='bbox 2642 4770 2733 4815; x_wconf 89' lang='lat' dir='ltr'><strong>aut</strong></span> <span class='ocrx_word' id='word_1_812' title='bbox 2769 4764 3048 4821; x_wconf 82' lang='lat' dir='ltr'><strong>criminum</strong></span> <span class='ocrx_word' id='word_1_813' title='bbox 3077 4784 3243 4837; x_wconf 85' lang='lat' dir='ltr'><strong>genus</strong></span> <span class='ocrx_word' id='word_1_814' title='bbox 3266 4775 3602 4832; x_wconf 79' lang='lat' dir='ltr'><strong>examinare-</strong></span> 
     </span>
    </p>
   </div>
   <div class='ocr_carea' id='block_1_107' title="bbox 2031 4846 3603 4934">
    <p class='ocr_par' dir='ltr' id='par_1_107' title="bbox 2031 4846 3603 4934">
     <span class='ocr_line' id='line_1_107' title="bbox 2031 4846 3603 4934; baseline 0.018 -42"><span class='ocrx_word' id='word_1_815' title='bbox 2031 4848 2141 4908; x_wconf 68' lang='grc' dir='ltr'><strong>ων,</strong></span> <span class='ocrx_word' id='word_1_816' title='bbox 2168 4852 2263 4897; x_wconf 81' lang='lat' dir='ltr'><strong>aut</strong></span> <span class='ocrx_word' id='word_1_817' title='bbox 2302 4846 2401 4915; x_wconf 80' lang='lat' dir='ltr'><strong>ipsi</strong></span> <span class='ocrx_word' id='word_1_818' title='bbox 2445 4860 2813 4914; x_wconf 72' lang='lat' dir='ltr'><strong>accusatam;</strong></span> <span class='ocrx_word' id='word_1_819' title='bbox 2858 4865 2911 4908; x_wconf 89' lang='lat' dir='ltr'><strong>et</strong></span> <span class='ocrx_word' id='word_1_820' title='bbox 2950 4858 3080 4911; x_wconf 83' lang='lat' dir='ltr'><strong>nihil</strong></span> <span class='ocrx_word' id='word_1_821' title='bbox 3126 4859 3315 4916; x_wconf 81' lang='lat' dir='ltr'><strong>borum</strong></span> <span class='ocrx_word' id='word_1_822' title='bbox 3356 4864 3603 4934; x_wconf 67' lang='lat' dir='ltr'><strong>impetra~</strong></span> 
     </span>
    </p>
   </div>
   <div class='ocr_carea' id='block_1_108' title="bbox 2031 4930 3602 5024">
    <p class='ocr_par' dir='ltr' id='par_1_108' title="bbox 2031 4930 3602 5024">
     <span class='ocr_line' id='line_1_108' title="bbox 2031 4930 3602 5024; baseline 0.018 -41"><span class='ocrx_word' id='word_1_823' title='bbox 2031 4930 2231 5000; x_wconf 75' lang='lat' dir='ltr'><strong>vimus,</strong></span> <span class='ocrx_word' id='word_1_824' title='bbox 2254 4935 2350 4989; x_wconf 74' lang='lat' dir='ltr'><strong>sed</strong></span> <span class='ocrx_word' id='word_1_825' title='bbox 2377 4951 2561 4990; x_wconf 70' lang='lat' dir='ltr'><strong>rursus</strong></span> <span class='ocrx_word' id='word_1_826' title='bbox 2582 4938 2815 4993; x_wconf 77' lang='lat' dir='ltr'><strong>Ecciesia</strong></span> <span class='ocrx_word' id='word_1_827' title='bbox 2853 4945 3055 5013; x_wconf 78' lang='lat' dir='ltr'><strong>expulsi</strong></span> <span class='ocrx_word' id='word_1_828' title='bbox 3098 4962 3302 5005; x_wconf 88' lang='lat' dir='ltr'><strong>sumus.</strong></span> <span class='ocrx_word' id='word_1_829' title='bbox 3350 4930 3467 5021; x_wconf 80' lang='lat' dir='ltr'><strong>Quo</strong></span> <span class='ocrx_word' id='word_1_830' title='bbox 3510 4972 3602 5024; x_wconf 82' lang='lat' dir='ltr'><strong>pa-</strong></span> 
     </span>
    </p>
   </div>
   <div class='ocr_carea' id='block_1_109' title="bbox 2026 5025 3600 5117">
    <p class='ocr_par' dir='ltr' id='par_1_109' title="bbox 2026 5025 3600 5117">
     <span class='ocr_line' id='line_1_109' title="bbox 2026 5025 3600 5117; baseline 0.017 -41"><span class='ocrx_word' id='word_1_831' title='bbox 2026 5032 2115 5077; x_wconf 85' lang='lat' dir='ltr'><strong>cto</strong></span> <span class='ocrx_word' id='word_1_832' title='bbox 2136 5040 2257 5094; x_wconf 75' lang='lat' dir='ltr'><strong>quae</strong></span> <span class='ocrx_word' id='word_1_833' title='bbox 2280 5025 2405 5080; x_wconf 50' lang='lat' dir='ltr'><strong>inde</strong></span> <span class='ocrx_word' id='word_1_834' title='bbox 2423 5036 2542 5080; x_wconf 79' lang='lat' dir='ltr'><strong>acta</strong></span> <span class='ocrx_word' id='word_1_835' title='bbox 2567 5038 2693 5083; x_wconf 70' lang='lat' dir='ltr'><strong>sunt</strong></span> <span class='ocrx_word' id='word_1_836' title='bbox 2719 5031 2971 5103; x_wconf 76' lang='lat' dir='ltr'><strong>deinceps</strong></span> <span class='ocrx_word' id='word_1_837' title='bbox 2997 5052 3216 5096; x_wconf 86' lang='lat' dir='ltr'><strong>narrare</strong></span> <span class='ocrx_word' id='word_1_838' title='bbox 3241 5058 3453 5111; x_wconf 90' lang='lat' dir='ltr'><strong>queam,</strong></span> <span class='ocrx_word' id='word_1_839' title='bbox 3481 5063 3600 5117; x_wconf 68' lang='lat' dir='ltr'><strong>quaa</strong></span> 
     </span>
    </p>
   </div>
   <div class='ocr_carea' id='block_1_110' title="bbox 2025 5121 3596 5196">
    <p class='ocr_par' dir='ltr' id='par_1_110' title="bbox 2025 5121 3596 5196">
     <span class='ocr_line' id='line_1_110' title="bbox 2025 5121 3596 5196; baseline 0.017 -30"><span class='ocrx_word' id='word_1_840' title='bbox 2025 5127 2241 5169; x_wconf 65' lang='lat' dir='ltr'><strong>omnem</strong></span> <span class='ocrx_word' id='word_1_841' title='bbox 2284 5126 2533 5184; x_wconf 86' lang='lat' dir='ltr'><strong>superant</strong></span> <span class='ocrx_word' id='word_1_842' title='bbox 2582 5121 2926 5189; x_wconf 67' lang='lat' dir='ltr'><strong>tragozdiam?</strong></span> <span class='ocrx_word' id='word_1_843' title='bbox 2966 5129 3085 5196; x_wconf 84' lang='lat' dir='ltr'><strong>quis</strong></span> <span class='ocrx_word' id='word_1_844' title='bbox 3126 5146 3190 5185; x_wconf 87' lang='lat' dir='ltr'><strong>ea</strong></span> <span class='ocrx_word' id='word_1_845' title='bbox 3232 5148 3408 5189; x_wconf 87' lang='lat' dir='ltr'><strong>sermo</strong></span> <span class='ocrx_word' id='word_1_846' title='bbox 3444 5139 3596 5191; x_wconf 76' lang='lat' dir='ltr'><strong>exhi-</strong></span> 
     </span>
    </p>
   </div>
   <div class='ocr_carea' id='block_1_111' title="bbox 2025 5201 3594 5287">
    <p class='ocr_par' dir='ltr' id='par_1_111' title="bbox 2025 5201 3594 5287">
     <span class='ocr_line' id='line_1_111' title="bbox 2025 5201 3594 5287; baseline 0.018 -32"><span class='ocrx_word' id='word_1_847' title='bbox 2025 5201 2213 5256; x_wconf 79' lang='lat' dir='ltr'><strong>bebit?</strong></span> <span class='ocrx_word' id='word_1_848' title='bbox 2250 5219 2364 5272; x_wconf 78' lang='lat' dir='ltr'><strong>qua:</strong></span> <span class='ocrx_word' id='word_1_849' title='bbox 2403 5206 2547 5260; x_wconf 85' lang='lat' dir='ltr'><strong>auris</strong></span> <span class='ocrx_word' id='word_1_850' title='bbox 2591 5209 2707 5263; x_wconf 81' lang='lat' dir='ltr'><strong>sine</strong></span> <span class='ocrx_word' id='word_1_851' title='bbox 2744 5211 2962 5270; x_wconf 79' lang='lat' dir='ltr'><strong>horrore</strong></span> <span class='ocrx_word' id='word_1_852' title='bbox 2988 5219 3242 5287; x_wconf 78' lang='lat' dir='ltr'><strong>accipiet?</strong></span> <span class='ocrx_word' id='word_1_853' title='bbox 3279 5223 3410 5278; x_wconf 89' lang='lat' dir='ltr'><strong>Cum</strong></span> <span class='ocrx_word' id='word_1_854' title='bbox 3454 5228 3594 5284; x_wconf 86' lang='lat' dir='ltr'><strong>enim</strong></span> 
     </span>
    </p>
   </div>
   <div class='ocr_carea' id='block_1_112' title="bbox 2022 5294 3597 5386">
    <p class='ocr_par' dir='ltr' id='par_1_112' title="bbox 2022 5294 3597 5386">
     <span class='ocr_line' id='line_1_112' title="bbox 2022 5294 3597 5386; baseline 0.017 -39"><span class='ocrx_word' id='word_1_855' title='bbox 2022 5308 2083 5347; x_wconf 92' lang='lat' dir='ltr'><strong>ea</strong></span> <span class='ocrx_word' id='word_1_856' title='bbox 2142 5294 2248 5360; x_wconf 87' lang='lat' dir='ltr'><strong>ipsa</strong></span> <span class='ocrx_word' id='word_1_857' title='bbox 2274 5335 2287 5357; x_wconf 92' lang='lat'><strong>,</strong></span> <span class='ocrx_word' id='word_1_858' title='bbox 2343 5295 2480 5349; x_wconf 89' lang='lat' dir='ltr'><strong>sicut</strong></span> <span class='ocrx_word' id='word_1_859' title='bbox 2526 5308 2648 5353; x_wconf 87' lang='lat' dir='ltr'><strong>ante</strong></span> <span class='ocrx_word' id='word_1_860' title='bbox 2692 5301 2835 5363; x_wconf 78' lang='lat' dir='ltr'><strong>dixi,</strong></span> <span class='ocrx_word' id='word_1_861' title='bbox 2883 5305 3292 5366; x_wconf 88' lang='lat' dir='ltr'><strong>obtenderemus</strong></span> <span class='ocrx_word' id='word_1_862' title='bbox 3330 5331 3341 5366; x_wconf 90' lang='lat'><strong>:</strong></span> <span class='ocrx_word' id='word_1_863' title='bbox 3380 5328 3597 5386; x_wconf 86' lang='lat' dir='ltr'><strong>repente</strong></span> 
     </span>
    </p>
   </div>
   <div class='ocr_carea' id='block_1_113' title="bbox 2023 5385 3594 5478">
    <p class='ocr_par' dir='ltr' id='par_1_113' title="bbox 2023 5385 3594 5478">
     <span class='ocr_line' id='line_1_113' title="bbox 2023 5385 3594 5478; baseline 0.016 -40"><span class='ocrx_word' id='word_1_864' title='bbox 2023 5385 2298 5438; x_wconf 88' lang='lat' dir='ltr'><strong>multitudo</strong></span> <span class='ocrx_word' id='word_1_865' title='bbox 2348 5388 2571 5444; x_wconf 87' lang='lat' dir='ltr'><strong>militum</strong></span> <span class='ocrx_word' id='word_1_866' title='bbox 2618 5392 2731 5460; x_wconf 89' lang='lat' dir='ltr'><strong>ipso</strong></span> <span class='ocrx_word' id='word_1_867' title='bbox 2772 5408 2961 5464; x_wconf 89' lang='lat' dir='ltr'><strong>magno</strong></span> <span class='ocrx_word' id='word_1_868' title='bbox 3004 5399 3259 5469; x_wconf 88' lang='lat' dir='ltr'><strong>sabbato,</strong></span> <span class='ocrx_word' id='word_1_869' title='bbox 3301 5405 3366 5459; x_wconf 89' lang='lat' dir='ltr'><strong>ad</strong></span> <span class='ocrx_word' id='word_1_870' title='bbox 3406 5423 3594 5478; x_wconf 86' lang='lat' dir='ltr'><strong>vespe-</strong></span> 
     </span>
    </p>
   </div>
   <div class='ocr_carea' id='block_1_114' title="bbox 2021 5474 3588 5559">
    <p class='ocr_par' dir='ltr' id='par_1_114' title="bbox 2021 5474 3588 5559">
     <span class='ocr_line' id='line_1_114' title="bbox 2021 5474 3588 5559; baseline 0.016 -31"><span class='ocrx_word' id='word_1_871' title='bbox 2021 5489 2131 5528; x_wconf 85' lang='lat' dir='ltr'><strong>ram</strong></span> <span class='ocrx_word' id='word_1_872' title='bbox 2160 5474 2267 5542; x_wconf 89' lang='lat' dir='ltr'><strong>jam</strong></span> <span class='ocrx_word' id='word_1_873' title='bbox 2297 5476 2581 5535; x_wconf 89' lang='lat' dir='ltr'><strong>inclinante</strong></span> <span class='ocrx_word' id='word_1_874' title='bbox 2610 5480 2729 5546; x_wconf 90' lang='lat' dir='ltr'><strong>die,</strong></span> <span class='ocrx_word' id='word_1_875' title='bbox 2759 5483 2810 5537; x_wconf 90' lang='lat' dir='ltr'><strong>in</strong></span> <span class='ocrx_word' id='word_1_876' title='bbox 2838 5486 3091 5543; x_wconf 85' lang='lat' dir='ltr'><strong>ecclesias</strong></span> <span class='ocrx_word' id='word_1_877' title='bbox 3118 5491 3323 5548; x_wconf 87' lang='lat' dir='ltr'><strong>irruens</strong></span> <span class='ocrx_word' id='word_1_878' title='bbox 3343 5536 3357 5559; x_wconf 94' lang='lat'><strong>,</strong></span> <span class='ocrx_word' id='word_1_879' title='bbox 3389 5498 3588 5553; x_wconf 78' lang='lat' dir='ltr'><strong>clerum</strong></span> 
     </span>
    </p>
   </div>
   <div class='ocr_carea' id='block_1_115' title="bbox 2018 5567 3590 5649">
    <p class='ocr_par' dir='ltr' id='par_1_115' title="bbox 2018 5567 3590 5649">
     <span class='ocr_line' id='line_1_115' title="bbox 2018 5567 3590 5649; baseline 0.015 -30"><span class='ocrx_word' id='word_1_880' title='bbox 2018 5579 2229 5619; x_wconf 86' lang='lat' dir='ltr'><strong>omnem</strong></span> <span class='ocrx_word' id='word_1_881' title='bbox 2279 5567 2365 5638; x_wconf 86' lang='lat' dir='ltr'><strong>qui</strong></span> <span class='ocrx_word' id='word_1_882' title='bbox 2419 5570 2689 5625; x_wconf 89' lang='lat' dir='ltr'><strong>nobiscum</strong></span> <span class='ocrx_word' id='word_1_883' title='bbox 2729 5584 2864 5639; x_wconf 82' lang='lat' dir='ltr'><strong>erat,</strong></span> <span class='ocrx_word' id='word_1_884' title='bbox 2900 5577 2951 5629; x_wconf 80' lang='lat' dir='ltr'><strong>vi</strong></span> <span class='ocrx_word' id='word_1_885' title='bbox 2999 5579 3287 5649; x_wconf 88' lang='lat' dir='ltr'><strong>ejecerunt,</strong></span> <span class='ocrx_word' id='word_1_886' title='bbox 3328 5593 3383 5639; x_wconf 89' lang='lat' dir='ltr'><strong>et</strong></span> <span class='ocrx_word' id='word_1_887' title='bbox 3428 5589 3590 5643; x_wconf 76' lang='lat' dir='ltr'><strong>armis</strong></span> 
     </span>
    </p>
   </div>
   <div class='ocr_carea' id='block_1_116' title="bbox 2019 5654 3587 5747">
    <p class='ocr_par' dir='ltr' id='par_1_116' title="bbox 2019 5654 3587 5747">
     <span class='ocr_line' id='line_1_116' title="bbox 2019 5654 3587 5747; baseline 0.016 -41"><span class='ocrx_word' id='word_1_888' title='bbox 2019 5654 2183 5707; x_wconf 85' lang='lat' dir='ltr'><strong>altare</strong></span> <span class='ocrx_word' id='word_1_889' title='bbox 2215 5657 2445 5728; x_wconf 89' lang='lat' dir='ltr'><strong>undique</strong></span> <span class='ocrx_word' id='word_1_890' title='bbox 2475 5660 2879 5718; x_wconf 88' lang='lat' dir='ltr'><strong>circumsessum</strong></span> <span class='ocrx_word' id='word_1_891' title='bbox 2925 5677 3043 5720; x_wconf 91' lang='lat' dir='ltr'><strong>est:</strong></span> <span class='ocrx_word' id='word_1_892' title='bbox 3089 5678 3143 5723; x_wconf 91' lang='lat' dir='ltr'><strong>et</strong></span> <span class='ocrx_word' id='word_1_893' title='bbox 3183 5672 3434 5729; x_wconf 85' lang='lat' dir='ltr'><strong>mulieres</strong></span> <span class='ocrx_word' id='word_1_894' title='bbox 3470 5692 3587 5747; x_wconf 72' lang='lat' dir='ltr'><strong>qua:</strong></span> 
     </span>
    </p>
   </div>
   <div class='ocr_carea' id='block_1_117' title="bbox 2018 5745 3643 5832">
    <p class='ocr_par' dir='ltr' id='par_1_117' title="bbox 2018 5745 3643 5832">
     <span class='ocr_line' id='line_1_117' title="bbox 2018 5745 3643 5832; baseline 0.016 -34"><span class='ocrx_word' id='word_1_895' title='bbox 2018 5746 2069 5798; x_wconf 91' lang='lat' dir='ltr'><strong>in</strong></span> <span class='ocrx_word' id='word_1_896' title='bbox 2122 5745 2289 5801; x_wconf 88' lang='lat' dir='ltr'><strong>sacris</strong></span> <span class='ocrx_word' id='word_1_897' title='bbox 2354 5749 2556 5804; x_wconf 80' lang='lat' dir='ltr'><strong>:edibns</strong></span> <span class='ocrx_word' id='word_1_898' title='bbox 2612 5751 2662 5805; x_wconf 91' lang='lat' dir='ltr'><strong>id</strong></span> <span class='ocrx_word' id='word_1_899' title='bbox 2726 5758 2976 5825; x_wconf 90' lang='lat' dir='ltr'><strong>temporis</strong></span> <span class='ocrx_word' id='word_1_900' title='bbox 3032 5758 3098 5813; x_wconf 89' lang='lat' dir='ltr'><strong>ad</strong></span> <span class='ocrx_word' id='word_1_901' title='bbox 3151 5745 3497 5832; x_wconf 80' lang='lat' dir='ltr'><strong>baptismum</strong></span> <span class='ocrx_word' id='word_1_902' title='bbox 3528 5783 3588 5822; x_wconf 82' lang='lat' dir='ltr'><strong>se</strong></span> <span class='ocrx_word' id='word_1_903' title='bbox 3640 5782 3643 5785; x_wconf 77' lang='lat'>‘</span> 
     </span>
    </p>
   </div>
   <div class='ocr_carea' id='block_1_118' title="bbox 2016 5843 3586 5921">
    <p class='ocr_par' dir='ltr' id='par_1_118' title="bbox 2016 5843 3586 5921">
     <span class='ocr_line' id='line_1_118' title="bbox 2016 5843 3586 5921; baseline 0.016 -34"><span class='ocrx_word' id='word_1_904' title='bbox 2016 5846 2311 5903; x_wconf 63' lang='lat' dir='ltr'><strong>extiterant,</strong></span> <span class='ocrx_word' id='word_1_905' title='bbox 2376 5849 2515 5892; x_wconf 90' lang='lat' dir='ltr'><strong>metu</strong></span> <span class='ocrx_word' id='word_1_906' title='bbox 2580 5843 2788 5898; x_wconf 73' lang='lat' dir='ltr'><strong>acerba:</strong></span> <span class='ocrx_word' id='word_1_907' title='bbox 2856 5847 2994 5901; x_wconf 90' lang='lat' dir='ltr'><strong>illius</strong></span> <span class='ocrx_word' id='word_1_908' title='bbox 3055 5849 3361 5921; x_wconf 79' lang='lat' dir='ltr'><strong>irruptionis</strong></span> <span class='ocrx_word' id='word_1_909' title='bbox 3428 5857 3586 5913; x_wconf 82' lang='lat' dir='ltr'><strong>nud;e</strong></span> 
     </span>
    </p>
   </div>
   <div class='ocr_carea' id='block_1_119' title="bbox 2014 5926 3586 6009">
    <p class='ocr_par' dir='ltr' id='par_1_119' title="bbox 2014 5926 3586 6009">
     <span class='ocr_line' id='line_1_119' title="bbox 2014 5926 3586 6009; baseline 0.017 -29"><span class='ocrx_word' id='word_1_910' title='bbox 2014 5926 2365 5995; x_wconf 86' lang='lat' dir='ltr'><strong>aufugerunt;</strong></span> <span class='ocrx_word' id='word_1_911' title='bbox 2397 5946 2515 5985; x_wconf 91' lang='lat' dir='ltr'><strong>cum</strong></span> <span class='ocrx_word' id='word_1_912' title='bbox 2543 5947 2611 5987; x_wconf 89' lang='lat' dir='ltr'><strong>ne</strong></span> <span class='ocrx_word' id='word_1_913' title='bbox 2635 5948 2750 5988; x_wconf 90' lang='lat' dir='ltr'><strong>eam</strong></span> <span class='ocrx_word' id='word_1_914' title='bbox 2777 5937 2990 6005; x_wconf 89' lang='lat' dir='ltr'><strong>quidem</strong></span> <span class='ocrx_word' id='word_1_915' title='bbox 3019 5955 3137 6009; x_wconf 83' lang='lat' dir='ltr'><strong>qua:</strong></span> <span class='ocrx_word' id='word_1_916' title='bbox 3158 5945 3408 6002; x_wconf 86' lang='lat' dir='ltr'><strong>mulieres</strong></span> <span class='ocrx_word' id='word_1_917' title='bbox 3448 5947 3586 6007; x_wconf 85' lang='lat' dir='ltr'><strong>lecet</strong></span> 
     </span>
    </p>
   </div>
   <div class='ocr_carea' id='block_1_120' title="bbox 2014 6021 3589 6114">
    <p class='ocr_par' dir='ltr' id='par_1_120' title="bbox 2014 6021 3589 6114">
     <span class='ocr_line' id='line_1_120' title="bbox 2014 6021 3589 6114; baseline 0.02 -47"><span class='ocrx_word' id='word_1_918' title='bbox 2014 6027 2216 6078; x_wconf 81' lang='lat' dir='ltr'><strong>vestem</strong></span> <span class='ocrx_word' id='word_1_919' title='bbox 2247 6021 2463 6077; x_wconf 85' lang='lat' dir='ltr'><strong>induere</strong></span> <span class='ocrx_word' id='word_1_920' title='bbox 2486 6028 2941 6093; x_wconf 82' lang='lat' dir='ltr'><strong>permitterentur.</strong></span> <span class='ocrx_word' id='word_1_921' title='bbox 2972 6030 3145 6090; x_wconf 78' lang='lat' dir='ltr'><strong>Multa:</strong></span> <span class='ocrx_word' id='word_1_922' title='bbox 3167 6035 3325 6092; x_wconf 84' lang='lat' dir='ltr'><strong>etiam</strong></span> <span class='ocrx_word' id='word_1_923' title='bbox 3342 6046 3589 6114; x_wconf 65' lang='lat' dir='ltr'><strong>acceptis</strong></span> 
     </span>
    </p>
   </div>
  </div>
