4466 6698
780 655 835 708 ιι
2063 630 2384 691 PALLADII
2421 630 2765 691 DIALOGUS
4000 650 4067 709 η

788 759 1110 821 vulneribus
1150 760 1595 819 exturbabantur,
1627 764 1680 811 et
1725 752 1988 823 sanguine
2028 754 2383 824 implebantur

797 858 1041 929 piscinae,
1072 864 1128 911 et
1152 853 1289 908 sacri
1332 850 1519 905 latices
1550 861 1741 904 cruore
1785 846 2163 901 rubescebant.
2204 845 2385 915 Neque

797 948 889 1003 hic
909 946 1105 1002 malum
1145 942 1404 1008 substitit,
1439 940 1533 997 sed
1574 939 1662 993 ubi
1691 952 1842 992 sacra
1872 946 2024 991 erant
2049 937 2281 1009 reposita
2310 936 2386 988 ir-

797 1047 1106 1109 runrpentes
1129 1077 1145 1104 ,
1176 1050 1405 1108 quorum
1436 1032 1596 1101 aliqui
1622 1073 1639 1097 ,
1670 1038 1731 1083 ut
1770 1029 2134 1098 comperimus
2158 1071 2174 1095 ,
2208 1043 2274 1081 ne
2300 1026 2385 1078 in-

794 1129 933 1185 itiati
973 1128 1187 1199 quidem
1227 1136 1416 1192 erant,
1465 1132 1519 1179 et
1546 1122 1794 1176 viderunt
1841 1122 2018 1174 omnia
2073 1136 2193 1191 quae
2245 1119 2386 1172 intus

798 1228 955 1276 erant
985 1238 999 1275 :
1047 1228 1102 1275 et
1128 1218 1497 1275 sanctissimus
1523 1214 1721 1271 Christi
1763 1213 2013 1283 sanguis,
2061 1222 2119 1266 ut
2154 1214 2205 1265 in
2239 1219 2387 1264 tanto

800 1313 1066 1380 tumultu,
1107 1312 1161 1365 in
1207 1309 1583 1379 prmdictorum
1628 1315 1807 1361 vestes
1850 1304 2237 1365 effundebatur,
2289 1299 2387 1353 fie-

796 1404 1034 1472 bantque
1059 1401 1236 1456 omnia
1256 1442 1271 1464 ,
1295 1408 1352 1454 ut
1401 1415 1456 1453 tn
1504 1396 1780 1452 barbarica
1826 1395 2154 1464 captivitate.
2185 1390 2389 1458 Vulgus

798 1496 854 1549 in
905 1492 1251 1550 solitudinem
1296 1489 1693 1560 expellebatur,
1730 1493 1784 1541 et
1832 1486 2113 1539 universus
2162 1483 2389 1552 pepulus

798 1594 953 1641 extra
1005 1585 1279 1640 civitatem
1327 1581 1603 1651 fugiebat,
1649 1586 1908 1646 erantque
1961 1575 2013 1628 in
2058 1582 2205 1628 tanto
2252 1573 2389 1627 festo

798 1692 984 1733 vacuae
1024 1674 1233 1746 populis
1260 1672 1533 1733 ecclesizn,
1562 1679 1617 1725 et
1644 1669 1828 1738 plures
1854 1681 2011 1736 quam
2039 1663 2389 1734 quadraginta

798 1766 1075 1838 episcopi,
1104 1765 1195 1834 qui
1221 1762 1500 1818 nobiscum
1536 1756 2002 1815 communicabant
2024 1795 2041 1821 ,
2070 1770 2189 1810 eum
2234 1754 2391 1823 plebe

800 1867 1003 1912 temere
1029 1864 1084 1911 et
1113 1854 1253 1909 nulla
1281 1854 1349 1907 de
1376 1866 1537 1906 causa
1560 1848 1910 1920 pellebantur.
1936 1846 2141 1915 Ubique
2159 1844 2392 1899 ululatus

801 1957 858 2002 et
886 1948 1117 2014 lamenta
1140 1953 1194 1999 et
1231 1942 1388 1998 ﬂetus
1417 1951 1471 1996 et
1512 1942 1685 1994 fontes
1729 1939 2087 2010 lacrymarum
2121 1952 2216 2004 per
2253 1935 2389 2001 fora,

803 2057 901 2114 per
925 2041 1117 2096 domos
1141 2080 1157 2103 ,
1208 2052 1306 2108 per
1327 2035 1651 2092 solitudines
1682 2049 1696 2085 :
1742 2042 1795 2087 et
1829 2045 2017 2086 omnes
2045 2027 2272 2083 civitatis
2301 2042 2391 2081 re-

799 2134 988 2205 giones
1009 2131 1093 2185 his
1118 2128 1513 2185 calamitatibus
1544 2125 1919 2195 implebantur.
1951 2121 2081 2176 Nam
2105 2119 2172 2173 ob
2199 2118 2394 2187 iniqui-

800 2224 928 2293 tatis
951 2219 1371 2292 magnitudinem
1414 2232 1520 2271 non
1564 2215 1738 2270 solum
1766 2214 1855 2282 qui
1909 2211 2264 2281 patiebantur,
2297 2206 2394 2263 sed

802 2326 859 2373 et
893 2316 982 2386 qui
1014 2314 1147 2369 nihil
1176 2313 1283 2367 tale
1312 2310 1672 2382 patiebantur,
1691 2306 1847 2361 nobis
1872 2303 2260 2365 condolebant;
2286 2317 2394 2356 non

804 2405 972 2461 modo
1008 2402 1271 2461 Catholici
1303 2442 1318 2467 ,
1349 2399 1444 2455 sed
1472 2409 1525 2454 et
1553 2396 1816 2461 haeretici,
1844 2404 1898 2450 et
1929 2394 2099 2450 Judiei
2140 2402 2193 2448 et
2220 2392 2396 2463 genti-

801 2498 883 2554 les
910 2513 924 2550 :
957 2503 1014 2552 et
1037 2494 1189 2566 quasi
1233 2507 1331 2564 per
1358 2491 1465 2546 vim
1512 2498 1669 2559 capta
1713 2489 1953 2554 civitate,
1979 2488 2051 2540 ita
2083 2485 2135 2539 iu
2165 2485 2393 2540 tumultu

802 2604 868 2646 ac
894 2587 1294 2661 perturbatione
1343 2595 1399 2641 et
1438 2583 1725 2653 ejulatibus
1770 2581 1950 2636 omnia
1992 2588 2165 2635 erant.
2219 2580 2394 2648 Atque

804 2681 923 2737 ha‘c
936 2679 1133 2735 fiebant
1151 2685 1343 2746 prmter
1367 2672 1687 2730 sententiam
1705 2669 2091 2741 religiosissimi
2117 2668 2392 2738 principis,

805 2788 930 2829 cum
961 2787 1068 2827 nox
1095 2771 1408 2839 ingrueret,
1451 2764 1719 2835 episcopis
1768 2763 1883 2819 hac
1925 2762 2391 2831 comparantibus,

806 2881 945 2936 quos
967 2879 1073 2920 non
1098 2861 1329 2931 pudebat
1358 2857 1801 2927 Campiductores
1830 2863 2132 2924 prmcuntes
2157 2869 2253 2923 pro
2277 2853 2395 2906 dia-

803 2957 955 3013 conis
975 2952 1309 3011 habere.Ubi
1338 2966 1468 3007 vero
1495 2950 1668 3004 illuxit
1684 2948 1819 3014 dies,
1848 2947 2025 3002 omnis
2039 2947 2227 3001 civitas
2244 2956 2397 3001 extra

804 3066 989 3108 muros
1012 3047 1349 3119 demigravit,
1379 3044 1531 3115 quasi
1559 3057 1687 3097 oves
1727 3040 2008 3111 dispersae,
2034 3038 2226 3093 festum
2254 3038 2395 3091 diem

810 3142 1093 3200 celebrans
1127 3139 1231 3194 sub
1271 3135 1558 3192 arboribus
1584 3143 1639 3188 et
1677 3132 1732 3187 in
1773 3131 2015 3186 saltibus.
2044 3131 2123 3185 Ex
2167 3129 2249 3182 his
2275 3129 2398 3182 licet

808 3232 963 3289 vobis
990 3246 1053 3287 ea
1081 3244 1201 3302 qua:
1231 3233 1518 3283 consecuta
1549 3231 1694 3287 sunt,
1723 3222 1979 3290 deinceps
2004 3229 2253 3288 reputare
2280 3232 2397 3271 om-

808 3326 897 3381 nia
929 3342 942 3380 :
979 3338 1122 3389 nam,
1155 3329 1213 3375 ut
1258 3327 1383 3373 ante
1434 3315 1583 3381 dixi,
1616 3328 1736 3384 quae
1781 3321 1899 3367 acta
1930 3320 2053 3366 sunt
2088 3308 2394 3380 singillatim

807 3414 1032 3484 exsequi
1058 3408 1391 3481 impossibile
1416 3413 1517 3463 est.
1564 3404 1633 3459 Et
1659 3402 1804 3474 quod
1848 3416 1977 3456 sane
2019 3400 2395 3469 permolestum

809 3514 932 3572 est,
987 3511 1066 3558 tot
1125 3510 1181 3556 et
1233 3499 1359 3553 talia
1424 3511 1493 3551 ne
1536 3509 1678 3549 nunc
1714 3491 1931 3562 quidem
1978 3490 2138 3545 finem
2178 3505 2399 3559 accepe-

807 3604 957 3661 runt,
983 3607 1047 3647 ac
1084 3605 1152 3646 ne
1188 3604 1315 3661 spes
1359 3586 1573 3656 quidem
1602 3584 1709 3638 ulla
1741 3582 1863 3636 finis
1893 3580 2151 3645 faciendi;
2182 3579 2275 3633 sed
2301 3595 2397 3632 au-

809 3696 965 3757 getur
1007 3684 1058 3736 in
1100 3680 1218 3735 dies
1244 3678 1446 3733 malum
1466 3716 1481 3740 ,
1511 3688 1716 3744 nosque
1749 3672 2013 3743 plerisque
2042 3671 2247 3725 ridiculi
2278 3670 2399 3724 facti

810 3789 998 3831 sumus
1024 3792 1039 3829 :
1061 3774 1224 3828 immo
1249 3784 1377 3825 vero
1402 3767 1544 3823 ridet
1568 3766 1783 3836 quidem
1808 3778 1986 3826 nemo,
2018 3763 2227 3818 etiamsi
2255 3777 2401 3815 sum-

811 3881 916 3921 ma:
941 3864 1013 3918 sit
1053 3859 1444 3931 improbitatis;
1486 3858 1669 3923 lugent
1706 3863 1883 3908 autem
1907 3892 1923 3914 ,
1952 3861 2010 3906 ut
2033 3851 2141 3905 dixi
2165 3894 2179 3916 ,
2212 3866 2399 3906 omnes

812 3958 1019 4028 apicem
1072 3953 1332 4009 malorum
1358 3990 1375 4017 ,
1402 3948 1693 4002 inauditam
1724 3945 1865 3999 hanc
1902 3942 2252 4012 iniquitatem.
2282 3942 2398 3997 Jam

813 4063 943 4105 vero
959 4047 1285 4115 reliquarum
1313 4040 1674 4095 Eeelesiarum
1704 4035 2136 4108 perturbationes
2160 4035 2276 4103 quis
2293 4034 2404 4088 elo-

814 4141 1054 4214 quatur?
1094 4138 1209 4192 Non
1263 4135 1410 4191 enim
1461 4132 1548 4186 hic
1577 4130 1738 4185 desiit
1783 4129 1885 4183 hoc
1942 4126 2178 4188 malum,
2209 4124 2305 4178 sed
2353 4134 2406 4178 et

817 4249 988 4303 usque
1016 4234 1067 4286 in
1114 4230 1385 4285 Orientem
1418 4225 1679 4295 pervenit.
1712 4221 1845 4276 Nam
1890 4228 1949 4273 ut
1990 4233 2021 4271 a
2066 4216 2239 4286 capite
2266 4214 2406 4269 maio

820 4327 1045 4379 humore
1067 4319 1237 4376 effuso
1279 4317 1483 4385 reliqua
1534 4312 1777 4368 membra
1820 4315 2235 4377 corrumpuntur
2278 4323 2290 4358 :
2337 4306 2405 4359 ita

819 4417 1024 4475 exortis
1060 4412 1218 4481 hujus
1263 4423 1474 4479 magna:
1503 4404 1736 4461 civitatis
1771 4402 1950 4467 malis,
1979 4401 2125 4455 velut
2150 4416 2217 4454 ex
2238 4398 2404 4461 fonte,

821 4505 1091 4562 tumultus
1130 4514 1465 4573 quocumque
1504 4497 1589 4549 via
1636 4493 1905 4565 progressi
1944 4501 2065 4546 sunt
2088 4532 2102 4555 ,
2134 4499 2189 4544 et
2230 4490 2407 4544 clerici

821 4599 1017 4668 ubique
1073 4597 1124 4649 in
1167 4594 1450 4664 episcopos
1490 4589 1937 4647 insurrexerunt,
1993 4592 2049 4638 et
2098 4582 2277 4652 populi
2320 4583 2405 4634 alii

822 4690 1037 4760 quidem
1063 4685 1273 4741 discissi
1321 4691 1448 4738 sunt
1472 4722 1487 4744 ,
1518 4680 1605 4733 alii
1634 4676 1947 4748 propediem
1990 4674 2320 4737 scindentur,
2355 4686 2408 4727 et

825 4781 1025 4849 ubique
1055 4777 1318 4831 malorum
1358 4770 1689 4842 exspectatio
1714 4768 1967 4835 orbisque
1995 4765 2157 4819 totius
2182 4766 2409 4820 subver-

824 4876 928 4930 sio.
973 4872 1154 4942 Igitur,
1186 4866 1391 4924 domini
1439 4864 1545 4919 mei
1587 4860 1818 4917 maxime
1854 4857 2144 4912 venerandi
2184 4865 2239 4910 et
2281 4858 2410 4909 reli-

827 4964 1138 5037 giosissimi,
1168 4977 1288 5016 cum
1332 4958 1448 5013 lucc
1490 4956 1561 5011 ita
1601 4968 1660 5007 se
1696 4951 1895 5005 habere
1937 4946 2261 5011 didieeritis,
2295 4961 2411 4998 eam

826 5074 947 5130 qua:
967 5070 1063 5110 vos
1086 5053 1272 5117 decet,
1297 5047 1660 5104 fortitudinem
1681 5052 1735 5097 et
1759 5040 1990 5095 studium
2015 5053 2198 5108 qua-so
2234 5047 2416 5090 osten-

827 5126 962 5213 dite,
991 5154 1048 5200 ut
1077 5150 1218 5198 tanta
1257 5140 1509 5210 iniquitas
1534 5150 1653 5205 quae
1699 5132 1967 5185 Ecclesias
2016 5128 2209 5183 invasit
2244 5126 2414 5195 repri-

829 5253 1027 5301 matur.
1058 5238 1117 5295 Si
1144 5236 1287 5292 enim
1317 5234 1404 5287 hic
1433 5244 1551 5285 mos
1580 5224 1882 5287 invalucrit,
1914 5232 1967 5276 et
2006 5222 2049 5274 si
2081 5220 2261 5275 licebit
2296 5220 2413 5273 cui-

827 5338 912 5391 vis
937 5336 991 5388 in
1039 5331 1239 5385 alienas
1287 5322 1545 5379 invadere
1596 5313 1937 5388 provincias,
1973 5310 2130 5378 idque
2159 5326 2225 5363 ex
2253 5310 2413 5362 tantis

826 5422 1144 5487 intervallis,
1163 5427 1218 5475 et
1232 5417 1426 5486 ejicere
1448 5427 1584 5483 quos
1598 5409 1716 5480 quis
1734 5405 1993 5467 voluerit,
2016 5418 2079 5458 ex
2102 5402 2416 5455 auctoritate

829 5535 923 5576 sua
951 5513 1225 5587 quodlibet
1250 5504 1493 5580 agendo;
1516 5502 1665 5556 scitis
1703 5498 1882 5553 omnia
1929 5507 2145 5568 pessum
2174 5493 2332 5555 itura,
2361 5500 2420 5547 et

832 5586 1154 5678 inexpiabile
1194 5603 1397 5659 bellum
1435 5594 1707 5669 quoddam
1736 5591 1919 5645 orbem
1944 5598 2206 5643 terrarum
2235 5586 2415 5639 incur-

829 5716 1049 5763 surum,
1089 5697 1335 5751 omnibus
1358 5705 1548 5747 omnes
1598 5685 1934 5755 ejiciemibus
1960 5693 2014 5737 et
2040 5680 2275 5737 vicissim
2303 5682 2417 5747 eje-

792 5858 795 5859 ν
830 5796 953 5852 etis.
983 5792 1060 5847 Ne
1088 5789 1249 5860 igitur
1274 5793 1418 5839 tanta
1447 5778 1693 5837 confusio
1718 5787 1931 5827 omnem
1979 5787 2099 5841 qua:
2145 5770 2244 5825 sub
2287 5767 2422 5825 (celo

827 5898 912 5943 est
956 5859 1154 5940 terram
1222 5872 1473 5937 invadat,
1501 5882 1635 5939 rogo
1682 5874 1741 5918 ut
1780 5877 1874 5933 per
1914 5861 2167 5931 epistolas
2206 5859 2418 5914 denun-

790 5948 799 5967 ι
832 5976 976 6033 tietis
1005 6016 1021 6040 ,
1052 5987 1115 6030 ea
1142 5984 1262 6044 qua:
1289 5975 1396 6020 tam
1440 5962 1619 6031 inique
1672 5964 1790 6011 acta
1835 5962 1957 6007 sunt
1997 5956 2065 6009 ab
2095 5968 2200 6007 una
2228 5960 2379 6022 parte
2403 5992 2418 6014 ,

831 6066 1141 6126 absentibus
1206 6060 1362 6117 nobis
1425 6063 1475 6110 et
1522 6069 1627 6106 non
1681 6048 2070 6103 declinantibus
2111 6047 2364 6115 judicium
2402 6086 2415 6110 ,

2496 753 2701 810 nullum
2747 754 2946 810 habere
2992 751 3176 819 robur,
3211 756 3348 812 sicut
3378 773 3442 813 ex
3494 772 3586 812 sua
3629 770 3813 816 natura
3862 772 4065 831 nullum

2493 840 2687 910 habet;
2715 855 2769 901 et
2792 855 2848 900 ut
2872 845 2961 915 qui
2994 844 3115 899 talia
3144 849 3259 903 ausi
3290 860 3451 917 sunt,
3486 853 3964 916 ecclesiasticarum
3992 864 4068 917 le-

2491 947 2616 1002 gum
2645 935 2820 1004 pmnis
2845 935 3212 1005 subjiciuntur.
3243 937 3353 996 Nos
3382 944 3555 1012 igitur,
3585 946 3671 1015 qui
3700 961 3797 1000 nec
3816 953 4061 1019 convicti,

2493 1040 2595 1081 nec
2620 1028 2929 1097 reprehensi
2951 1043 3154 1089 sumus,
3178 1045 3277 1085 nec
3296 1035 3374 1088 rei
3404 1035 3770 1102 demonstrati,
3789 1039 3955 1095 literis
3971 1058 4063 1096 ve.-

2492 1118 2620 1171 stris
2646 1118 2750 1173 frui
2781 1118 2921 1182 date,
2949 1126 3005 1173 et
3030 1119 3253 1177 caritate
3280 1135 3455 1179 vestra
3482 1130 3793 1199 caete-risque
3823 1134 4067 1189 omnibus

2493 1216 2555 1261 ut
2577 1220 2753 1266 antea.
2787 1211 2842 1267 Si
2866 1226 2991 1265 vero
3016 1212 3103 1279 qui
3134 1212 3253 1267 talia
3277 1225 3572 1284 patrarunt,
3587 1224 3750 1278 velint
3770 1240 3908 1280 nunc
3932 1242 4067 1296 quo-

2494 1317 2599 1372 que
2625 1306 2849 1360 erimina
2879 1306 3111 1373 objicere
3139 1306 3209 1361 ob
3236 1323 3355 1376 quae
3404 1327 3502 1366 nos
3550 1314 3740 1384 injuste
3765 1318 4065 1387 ejecerunt,

2494 1395 2813 1452 datisnobis
2835 1399 2985 1463 actis,
3004 1406 3058 1451 et
3086 1412 3206 1451 cum
3233 1398 3391 1453 libelli
3416 1413 3469 1455 et
3485 1415 3819 1465 accusatores
3850 1426 4068 1481 compa-

2498 1489 2725 1553 ruerint,
2767 1489 3084 1559 incorruptis
3107 1487 3375 1556 iudicibus
3417 1492 3721 1550 sedentibus
3748 1513 3958 1555 causam
3987 1502 4069 1556 di-

2495 1594 2702 1644 cemus,
2733 1589 2787 1635 et
2817 1579 3157 1634 ostendemus
3192 1588 3339 1632 extra
3366 1581 3571 1649 culpam
3603 1600 3700 1640 nos
3728 1603 3845 1643 esse
3886 1607 4070 1647 comm

2496 1687 2615 1739 qua:
2645 1674 2801 1727 nobis
2825 1672 3164 1742 objiciuntur,
3196 1672 3335 1725 sicut
3362 1673 3519 1740 plane
3547 1688 3750 1734 sumus.
3781 1678 3912 1735 Nam
3951 1700 4071 1753 qum.

2495 1762 2563 1816 ab
2594 1764 2698 1817 illis
2739 1763 2895 1829 facta,
2926 1771 3109 1817 contra
3151 1776 3367 1816 omnem
3408 1772 3533 1818 sunt
3575 1766 3815 1822 ordinem
3842 1809 3858 1834 ,
3886 1781 4072 1827 contra

2496 1868 2685 1910 omnes
2716 1857 2860 1925 leges
2884 1861 2939 1908 ct
2966 1868 3198 1908 canones
3223 1855 3613 1911 ecclesiaSIicos
3636 1876 3649 1911 :
3672 1874 3843 1929 neque
3869 1861 3919 1915 in
3947 1878 4074 1931 gen-

2498 1944 2672 1999 tilium
2696 1946 2930 2015 judiciis,
2968 1959 3141 2013 neque
3179 1944 3231 1997 in
3279 1946 3559 2001 barbarico
3586 1950 3797 2017 quidem
3827 1953 4073 2009 tribunali

2498 2036 2624 2088 talia
2672 2052 2921 2105 umquam
2958 2043 3071 2088 aeta
3103 2042 3260 2098 sunt;
3310 2038 3473 2088 immo
3499 2052 3629 2091 vero
3655 2055 3828 2109 neque
3862 2042 4075 2114 Scytha!

2500 2142 2677 2197 neque
2718 2127 2975 2181 Sarmatre
3003 2126 3072 2179 ita
3102 2140 3351 2193 umquam
3377 2126 3700 2193 iudicarunt,
3725 2131 3982 2197 judicium
4009 2136 4077 2187 ab

2499 2235 2606 2273 una
2656 2227 2807 2287 parte
2855 2218 3123 2283 ferentes,
3152 2217 3374 2271 absente
3416 2232 3481 2271 eo
3520 2219 3608 2286 qui
3653 2230 3951 2286 accusatur,
3980 2240 4078 2279 nec

2502 2318 2788 2367 recusante
2813 2309 3089 2378 judicium,
3122 2308 3215 2362 sed
3241 2307 3607 2371 bostilitatem,
3631 2321 3854 2366 vocante
3870 2314 4077 2381 judices

2501 2400 2815 2454 innumeros
2840 2442 2855 2465 ,
2886 2410 3036 2453 extra
3062 2399 3272 2468 culpam
3305 2414 3363 2453 se
3400 2414 3519 2455 esse
3564 2400 3793 2468 dicente,
3817 2413 3871 2457 et
3897 2420 4075 2460 coram

2502 2502 2765 2547 terrarum
2794 2492 2924 2547 orbe
2954 2492 3175 2546 crimina
3203 2491 3545 2560 depulsurum
3570 2533 3584 2554 ,
3617 2503 3777 2562 atque
3823 2497 3876 2550 in
3903 2513 4079 2553 omm-

2500 2585 2601 2639 bus
2630 2584 2896 2640 insontem
2944 2584 3176 2651 seipsum
3219 2597 3338 2636 esse
3380 2592 3736 2637 ostensurum.
3764 2585 3885 2641 llme
3924 2588 4080 2657 igitur

2500 2678 2681 2732 omnia
2708 2685 3047 2745 reputantes,
3083 2690 3109 2726 a
3141 2674 3371 2728 dominis
3404 2676 3536 2729 meis
3561 2678 3807 2745 piissimis
3831 2680 4079 2736 fratribus

2501 2768 2765 2838 episcopis
2802 2780 2922 2820 cum
2953 2764 3151 2831 liquido
3180 2766 3566 2831 compercritis,
3594 2769 3822 2821 studium
3846 2784 4078 2826 vestrum

2502 2872 2685 2926 qumso
2713 2855 3005 2924 adjnngite.
3034 2853 3106 2906 ita
3156 2870 3262 2906 non
3293 2863 3491 2907 tantum
3534 2855 3600 2909 'Je
3635 2858 3786 2911 nobis
3810 2859 3945 2915 bt‘nc
3969 2878 4080 2917 me-

2502 2946 2769 3010 reiiimini,
2807 2947 2900 3001 sed
2953 2953 3005 3001 et
3033 2944 3099 2997 de
3129 2946 3397 2998 conununi
3429 2946 3782 3001 Ecclesiarum
3828 2960 3999 3015 statu,
4028 2964 4081 3007 et

2503 3038 2807 3092 mercedem
2840 3054 2869 3092 τι
2899 3039 3008 3094 Deo
3038 3038 3312 3103 accipietis
3335 3078 3349 3099 ,
3380 3038 3468 3105 qtti
3495 3038 3564 3091 ob
3597 3038 3952 3096 Ecclesiat‘ttm
3986 3061 4080 3112 pa-

2500 3144 2617 3184 cem
2646 3132 2825 3183 omnia
2860 3131 3058 3198 jugitcr
3091 3132 3235 3187 facit.
3268 3127 3394 3180 llmc
3425 3129 3533 3195 ipsa
3579 3130 3735 3183 etiam
3768 3133 3958 3201 scripta
4000 3146 4085 3191 est

2501 3219 2568 3273 ad
2588 3220 2873 3274 Venerium
2899 3222 3205 3291 episcopum
3237 3217 3607 3281 Mediolani,et
3632 3219 3698 3271 ad
3719 3219 4079 3278 Chromatium

2501 3312 2760 3381 Aquileia:
2783 3313 3113 3380 episcopum.
3148 3314 3277 3369 Vale
3301 3309 3354 3361 ἷη
3384 3308 3622 3361 Domino.
3656 3327 3676 3361 ι

2569 3398 2700 3451 CAP.
2727 3412 2810 3449 In.
2825 3427 2895 3436 —
2915 3397 2992 3452 Ad
3010 3398 3121 3452 hac
3136 3398 3326 3452 beatus
3347 3397 3695 3452 innocentius
3710 3411 3845 3467 papa
3862 3397 4080 3466 utrique

2500 3490 2641 3557 parti
2676 3505 2843 3558 pares
2883 3491 3069 3545 literas
3099 3491 3504 3545 communionis
3549 3491 3721 3551 misit,
3764 3492 4078 3558 improbans

2494 3577 2763 3645 judicium
2795 3582 2938 3650 quod
2970 3597 3000 3634 a
3048 3581 3348 3652 Theophila
3397 3583 3600 3636 factum
3642 3583 3958 3635 videbatur:
3992 3582 4078 3633 di»

2497 3681 2629 3722 cens
2657 3669 2857 3724 debere
2886 3672 3046 3724 aliam
3085 3676 3201 3741 cogi
3243 3671 3519 3742 Synodum
3546 3671 4076 3741 irreprehensibileni

2497 3756 2936 3816 Occidentalium
2960 3773 3013 3816 et
3034 3760 3418 3827 Orientalium,
3438 3764 3667 3832 primum
3686 3762 3901 3830 quide
3932 3777 4081 3815 sece-

2496 3850 2757 3907 dentibus
2784 3855 2963 3907 abillo
2980 3870 3246 3908 consessu
3271 3856 3485 3917 amicis,
3510 3856 3703 3908 deinde
3724 3864 3777 3907 ct
3804 3854 4080 3906 inimicis:

2496 3959 2525 3996 a
2543 3946 2753 4000 neutris
2774 3948 2941 4007 enim,
2967 3948 3353 4014 utplurinmm,
3376 3956 3583 4001 rectum
3609 3943 4084 4014 proiicis.'itdrjn-

2498 4036 2723 4089 dieium.
2753 4033 2956 4088 Paucis
2984 4044 3103 4101 post
3127 4036 3319 4088 diebus
3342 4053 3534 4091 rursus
3562 4036 3780 4090 advenit
3805 4035 4085 4103 presbyter

2508 4126 2724 4194 quidam
2776 4123 3057 4190 Theophili
3104 4121 3334 4187 Petrus,
3366 4140 3485 4175 cunt
3537 4124 3784 4192 Martyrio
3832 4125 4082 4177 EC(‘ltSil.‘

2509 4214 3111 4283 Constantinopolitauze
3139 4213 3383 4278 diacono,
3428 4213 3518 4281 qui
3562 4212 3899 4265 reddidi-runt
3940 4215 4085 4281 ejus-

2511 4308 2632 4361 dem
2662 4306 2861 4368 literas,
2892 4313 2947 4359 et
2976 4304 3231 4373 quosdam
3260 4312 3498 4356 actorum
3521 4303 3981 4355 eonnnentariolos
4010 4304 4087 4356 vi-

2512 4401 2707 4457 dclicet
2731 4441 2745 4466 ,
2794 4399 2848 4453 in
2880 4397 3072 4468 quibus
3100 4396 3382 4448 videbatur
3409 4393 3639 4447 Joannes
3666 4407 3694 4445 a
3740 4394 3946 4461 trigona
3991 4412 4080 4448 srx

2512 4494 2778 4562 episcopis
2828 4490 3247 4549 condemnatus;
3277 4500 3500 4555 quorum
3550 4482 3900 4554 undetriginta
3933 4496 4083 4539 erant.

2515 4584 2785 4656 Egyptii,
2839 4590 3042 4649 septem
3101 4593 3232 4632 vero
3281 4578 3500 4629 aliarum
3542 4577 3836 4645 regionum.
3886 4577 4087 4643 Quibus

2516 4678 2647 4731 actis
2698 4674 2944 4743 perlectis
2969 4711 2981 4730 ,
3016 4684 3149 4739 papa
3200 4666 3555 4730 Innocentius,
3586 4682 3704 4721 cum
3736 4670 4082 4735 comperisset

2517 4769 2693 4821 nullas
2718 4779 2908 4833 graves
2939 4777 3058 4814 esse
3082 4759 3478 4822 accusationes,
3517 4774 3687 4828 neque
3710 4759 3965 4814 Joannem
3990 4759 4086 4811 ad-

2520 4861 2711 4921 fuisse,
2741 4870 2913 4923 neque
2951 4868 3129 4907 Coram
3186 4850 3567 4919 reprehensum
3608 4865 3727 4905 esse
3752 4891 3767 4913 ,
3811 4851 4086 4918 Τιιρυμιιὶξί

2521 4950 2752 5001 furorem
2782 4944 3063 4999 exsibilare
3095 4943 3363 5013 perstitit,
3397 4943 3536 5011 quod
3579 4952 3761 4995 contra
3810 4941 4083 4993 absentem

2520 5047 2628 5092 tam
2661 5037 2981 5107 praeipitem
3010 5044 3063 5088 et
3110 5034 3385 5101 abruptam
3423 5035 3737 5087 sententiam
3782 5025 4077 5082 efl'udi~set.

2523 5129 2761 5183 Dimissis
2793 5128 2949 5197 igitur
2981 5127 3082 5179 illis
3107 5142 3227 5178 eum
3262 5122 3625 5192 iucrepatoriis
3670 5120 3870 5177 literis,
3906 5133 4090 5187 prcca-

2520 5221 2675 5275 batnr
2708 5220 2869 5273 Deum
2908 5217 3215 5285 supplicans
3265 5231 3384 5270 cum
3434 5213 3636 5283 jejunio
3667 5253 3681 5276 ,
3715 5219 3771 5263 ιιι
3816 5210 4091 5265 sedaretur

2521 5312 2734 5381 quidem
2754 5309 3004 5363 Ecclesia:
3030 5307 3314 5371 discordia,
3336 5308 3596 5359 fraternus
3618 5314 3744 5355 vero
3771 5314 3920 5354 amor
3940 5314 4092 5355 com-

2525 5410 2849 5475 pingcrctur.
2875 5401 3001 5453 Erat
3024 5408 3202 5454 autem
3238 5397 3476 5467 epistola:
3505 5403 3656 5446 tenor
3682 5390 3767 5443 hic
3796 5407 3808 5441 :

2600 5513 2620 5544 σ
2678 5492 2864 5546 Frater
2912 5489 3243 5558 Theophile,
3299 5500 3396 5539 nos
3453 5482 3664 5551 quidem
3729 5480 3982 5536 habemus
4034 5492 4089 5537 et

2527 5595 2577 5639 te
2603 5594 2656 5638 et
2681 5582 2902 5636 fratrem
2929 5580 3188 5636 Joanniem
3220 5574 3373 5630 nobis
3415 5569 3863 5624 communicantes
3890 5612 3906 5636 ,
3934 5582 3991 5626 ut
4039 5573 4093 5628 in

2526 5674 2791 5747 prioribus
2832 5674 2998 5727 literis
3040 5680 3271 5725 mentem
3305 5673 3537 5717 nostram
3584 5660 3915 5718 manifestam
3963 5664 4093 5720 feci-

2525 5783 2666 5832 inus,
2694 5781 2756 5820 ac
2772 5780 2837 5820 ne
2862 5779 3004 5819 nunc
3026 5760 3239 5832 quidem
3268 5754 3338 5808 ab
3364 5767 3430 5807 eo
3452 5754 3721 5822 proposito
3748 5752 4087 5821 desistentes,

2525 5873 2713 5913 rursus
2739 5856 2929 5912 eadem
2981 5853 3074 5907 tibi
3118 5847 3399 5903 scribimus
3426 5881 3443 5908 ,
3474 5850 3527 5895 ct
3570 5843 4003 5917 quotiescumque
4028 5846 4094 5900 ad

2529 5964 2627 6003 nos
2667 5947 2922 6003 miseris:
2954 5940 3096 6012 quod
3140 5937 3240 5992 nisi
3292 5948 3583 6004 congruunt
3628 5933 3880 6004 judicium
3907 5937 4093 5989 subse-

2530 6050 2716 6114 quatur
2744 6040 2795 6094 in
2826 6038 2908 6091 his
2934 6049 3052 6105 quae
3079 6044 3172 6100 per
3202 6026 3481 6083 ludibrium
3505 6036 3647 6099 gesta
3679 6039 3817 6093 sunt,
3852 6029 3959 6082 fieri
3992 6039 4094 6078 non
