4466 6746
364 668 436 722 σε
1427 661 1512 716 DE
1555 657 1714 714 VITA
1753 655 1808 710 S.
1847 652 2123 710 JOANNIS
2159 651 2653 708 CHRYSOSTOMI.
3575 652 3643 708 η

362 793 544 855 potest
572 793 626 838 ut
655 786 768 838 sine
813 782 1022 836 ratione
1050 795 1077 830 a
1108 777 1324 831 Joannis
1351 775 1727 831 communione
1765 770 1944 825 disce-

365 877 579 932 damus.
609 878 687 932 Tu
744 876 901 946 igitur
928 916 941 938 ,
989 873 1031 924 si
1069 869 1269 939 judicio
1319 869 1545 923 confidis
1575 908 1592 931 ,
1619 866 1748 919 siste
1800 874 1851 916 te
1883 865 1947 917 ad

362 969 638 1038 Synodum
661 1010 672 1029 .
705 983 823 1036 qua:
867 962 1158 1018 secundum
1209 959 1473 1014 Christum
1515 959 1762 1023 cogitur;
1795 965 1848 1009 et
1879 957 1947 1009 ibi

363 1061 621 1128 expositis
645 1055 1104 1110 criminationibus
1133 1050 1232 1103 sub
1260 1053 1476 1106 testibus
1507 1049 1702 1103 Nicmni
1727 1045 1949 1102 Concilii

370 1150 669 1204 canmibus
700 1148 717 1216 (
749 1147 904 1199 alium
951 1144 1093 1199 enim
1145 1157 1401 1196 canonem
1433 1143 1670 1196 Romana
1719 1154 1822 1191 non
1859 1139 1951 1192 ad-

365 1242 532 1295 mittit
555 1238 839 1306 Ecclesia),
863 1234 1282 1305 irrefragabilem
1311 1237 1652 1290 securitatem
1673 1232 1911 1287 habebis.
1927 1252 1945 1284 ι

443 1329 652 1383 Modico
682 1338 799 1398 post
832 1341 1072 1396 tempore
1101 1324 1314 1379 advenit
1365 1327 1646 1396 presbyter
1691 1323 1953 1378 Constan-

366 1419 732 1487 tinopolitante
775 1420 1061 1481 Ecclesim,
1089 1416 1421 1471 Tbeotccnns
1447 1419 1693 1482 nomine,
1722 1414 1952 1470 reddens

369 1512 629 1580 epistolas
658 1512 858 1584 Synodi
897 1510 1116 1566 Joannis
1140 1551 1153 1571 ,
1187 1509 1371 1578 riginti
1409 1511 1641 1579 quinque
1666 1509 1953 1576 episcopo-

373 1616 498 1656 rum
526 1611 616 1656 aut
643 1603 805 1674 paulo
853 1603 971 1671 plus
1003 1621 1016 1656 :
1048 1601 1244 1671 quibus
1291 1599 1573 1664 docebant,
1605 1609 1658 1654 et
1689 1599 1952 1654 Joannem

371 1691 592 1747 militari
619 1709 777 1747 manu
819 1693 951 1747 urbe
995 1691 1276 1760 expulsum
1299 1730 1313 1752 ,
1341 1699 1396 1743 et
1419 1689 1682 1744 Cucusurn
1713 1690 1764 1744 in
1807 1689 1952 1744 exsi-

369 1782 498 1836 lium
525 1801 642 1840 esse
690 1785 910 1838 missum
935 1825 949 1847 ,
981 1793 1139 1851 atque
1168 1795 1475 1836 succensam
1505 1797 1622 1837 esse
1648 1781 1953 1837 ecclesiam.

369 1871 466 1926 Cui
494 1877 650 1928 etiam
683 1874 832 1928 dedit
876 1871 1215 1926 Innocentius
1243 1873 1740 1927 communicatorias
1773 1871 1956 1925 literas

368 1977 426 2020 et
451 1967 516 2020 ad
546 1967 805 2021 Joannem
837 1966 1145 2035 episcopum
1169 1975 1220 2018 et
1258 1967 1321 2018 ad
1347 1981 1535 2020 omnes
1563 1967 1611 2020 ei
1649 1964 1952 2018 communi—

367 2067 554 2110 cantes
582 2056 859 2125 episcopos
879 2097 892 2118 ,
927 2053 1145 2107 hortans
1171 2069 1289 2107 cum
1327 2055 1575 2127 lacrymis
1603 2065 1660 2109 ut
1691 2055 1955 2124 patienter

370 2148 573 2214 ferant,
599 2165 719 2203 cum
748 2163 902 2218 opem
945 2147 1084 2202 ferre
1113 2164 1215 2215 non
1246 2160 1442 2216 posset,
1467 2165 1532 2202 eo
1571 2148 1711 2219 quod
1741 2149 1805 2202 ad
1835 2163 1952 2201 ma-

369 2239 478 2292 lum
512 2249 755 2308 potentes
808 2238 1024 2308 quidam
1085 2239 1382 2293 obstarent.
1433 2240 1595 2293 Paulo
1649 2249 1766 2308 post
1810 2240 1954 2294 venit

370 2329 660 2383 homuncio
699 2330 913 2399 quidam
939 2373 953 2396 ,
983 2331 1100 2383 visu
1128 2329 1404 2392 deformis,
1435 2340 1486 2382 et
1519 2331 1602 2398 qui
1645 2330 1858 2384 difﬁcile
1884 2332 1956 2383 in-

368 2423 537 2491 telligi
568 2433 768 2490 posset,
795 2423 1052 2476 Paternus
1081 2423 1318 2486 nomine,
1345 2422 1709 2492 presbyterum
1736 2437 1793 2476 se
1821 2422 1958 2476 Con-

365 2514 856 2581 stantinopolitante
900 2516 1150 2569 Ecclesia:
1187 2515 1418 2569 dicens:
1464 2516 1554 2584 qui
1598 2525 1651 2570 et
1677 2516 1789 2584 ipse
1818 2524 1959 2570 totus

366 2603 624 2656 efferatus
651 2645 665 2666 ,
711 2605 1011 2658 inimicitias
1050 2608 1307 2662 adversus
1351 2607 1613 2662 Joannem
1659 2608 1807 2662 vultu
1843 2609 1958 2676 ipso

369 2694 645 2763 prodens.
693 2696 976 2765 multisque
1041 2713 1160 2751 eum
1215 2699 1422 2768 probris
1471 2699 1746 2768 lacerans,
1777 2701 1959 2755 literas

374 2800 666 2852 paucorum
699 2788 1071 2855 episcoporum
1103 2789 1330 2844 reddidit
1357 2831 1370 2852 ,
1409 2791 1608 2857 Acacii,
1639 2791 1809 2854 Pauli,
1842 2794 1955 2845 An-

371 2877 535 2928 tiochi
568 2918 581 2934 ,
620 2877 801 2947 Cyrini
828 2917 843 2941 ,
891 2876 1162 2932 Severiaui
1203 2888 1256 2932 et
1299 2882 1519 2935 aliorum
1556 2884 1904 2952 quorumdam
1938 2902 1950 2936 :

372 2968 426 3020 in
455 2968 646 3036 quibus
683 2969 1142 3023 calumniabantur
1169 2969 1425 3025 Joannem
1446 3015 1460 3037 ,
1492 2975 1643 3042 quasi
1672 2976 1952 3028 ecclesiam

373 3057 717 3112 incendisset.
759 3059 889 3112 Tam
945 3060 1071 3114 falsa
1107 3063 1259 3115 nobis
1288 3065 1460 3118 oratio
1501 3067 1780 3134 apparuit,
1807 3076 1865 3120 ut
1892 3082 1956 3120 ne

371 3149 609 3204 J-iannes
656 3151 867 3219 quidem
916 3153 967 3205 in
995 3154 1194 3208 celebri
1225 3156 1443 3225 Synodo
1466 3156 1621 3228 hujus
1663 3158 1742 3212 rei
1772 3157 1953 3215 defen-

373 3241 581 3293 sionem
612 3241 847 3294 attulerit
875 3260 886 3294 :
922 3257 1080 3311 quem
1119 3258 1292 3314 usque
1317 3260 1384 3300 eo
1406 3245 1655 3315 despexit
1703 3268 1836 3322 papa
1870 3254 1956 3306 ln-

375 3330 693 3393 norentica,
739 3339 795 3383 ut
847 3330 1173 3400 respondere
1220 3333 1463 3403 dignatus
1507 3351 1611 3388 non
1660 3342 1750 3395 sit.
1776 3342 1952 3395 Episc.

379 3419 605 3487 ltigvare
639 3421 800 3489 igitur
849 3436 1004 3475 aures
1043 3422 1171 3476 mihi
1209 3425 1444 3491 praebere
1472 3471 1490 3498 ,
1537 3442 1594 3486 ut
1622 3433 1718 3485 tibi
1749 3434 1954 3503 singula

375 3526 640 3579 exponam
673 3530 685 3564 :
713 3512 865 3565 valde
896 3514 1061 3575 enim,
1094 3520 1151 3566 ut
1177 3513 1252 3566 ait
1275 3515 1424 3571 Elius
1448 3522 1514 3577 ad
1539 3521 1639 3578 Job
1663 3565 1678 3588 ,
1707 3522 1958 3578 Constrin-

383 3617 456 3686 git
505 3634 583 3670 me
625 3621 830 3687 spiritus
874 3621 1059 3673 ventris
1106 3619 1223 3691 (Job
1269 3618 1358 3672 59..
1411 3616 1545 3687 l8):
1599 3624 1838 3669 ventrem
1887 3615 1968 3668 in-

382 3721 554 3760 uuens
613 3721 846 3764 mentem
895 3711 1229 3765 sermonibus
1288 3709 1514 3776 plenam.
1559 3707 1704 3759 Duc.
1740 3705 1967 3760 Necesse

377 3808 462 3849 est
492 3813 605 3860 me,
633 3799 833 3864 optime
871 3805 1027 3858 Pater
1055 3839 1068 3861 ,
1116 3807 1303 3852 exacte
1343 3798 1561 3866 explere
1599 3800 1957 3852 narrationem

377 3901 569 3939 eorum
597 3926 612 3950 ,
641 3902 759 3955 qua:
809 3887 877 3940 ad
924 3888 1164 3940 notitiam
1216 3897 1450 3940 nostram
1484 3898 1873 3957 pervenerunt,
1905 3899 1961 3943 ut

377 3975 458 4028 sic
489 3976 764 4044 aggrediar
808 3977 1140 4047 interrogare
1172 3988 1239 4032 te.
1275 3979 1480 4033 Rursus
1526 3979 1684 4049 igitur
1713 3991 1833 4050 post
1857 3982 1959 4034 ali-

378 4073 510 4132 quot
537 4067 646 4119 dies
673 4065 838 4119 adfuit
875 4067 1245 4138 Synnadorum
1286 4071 1568 4139 episcopus
1593 4072 1867 4142 (Syriacus,
1894 4073 1961 4126 li-

381 4166 527 4210 teras
556 4157 768 4226 q'uidem
813 4159 984 4212 nullas
1025 4159 1229 4214 habens
1261 4202 1274 4224 ,
1308 4163 1531 4216 idoneus
1569 4179 1697 4217 vero
1736 4163 1803 4218 ad
1843 4176 1964 4233 apte

381 4259 438 4302 et
465 4251 722 4305 concinne
766 4252 1087 4307 narrandum
1124 4272 1136 4306 :
1174 4255 1264 4323 qui
1311 4254 1521 4309 dicebat
1561 4255 1760 4326 fugisse
1801 4273 1859 4311 se
1896 4257 1966 4310 ob

383 4339 678 4408 lmperialis
711 4342 868 4396 edicti
894 4344 1376 4407 comminationem,
1407 4346 1546 4413 quod
1571 4349 1649 4400 sic
1677 4347 1869 4401 habet:
1904 4348 1966 4401 Si

381 4430 496 4496 quis
516 4446 616 4483 non
650 4433 977 4485 communicat
1001 4433 1282 4503 Theophila
1306 4475 1320 4498 ,
1343 4435 1550 4487 Arsacia
1575 4445 1621 4488 et
1647 4435 1961 4505 Porphyrio,

381 4519 470 4571 ille
505 4522 707 4587 quidem
725 4525 1015 4592 episcopatu
1041 4535 1269 4578 arceatur
1292 4543 1309 4588 ;
1339 4526 1488 4578 simul
1510 4528 1657 4578 etiam
1699 4528 1894 4578 amittat
1921 4528 1963 4578 si

380 4627 532 4680 quam
562 4613 695 4666 uisus
742 4617 894 4685 fuerit
924 4618 1106 4671 habere
1131 4619 1461 4672 substantiam
1509 4620 1834 4687 pecuniarum
1875 4629 1964 4671 aut

385 4705 708 4774 prazdiorum.
736 4707 863 4760 Post
889 4708 1167 4779 Cyriacum
1211 4711 1427 4766 advenit
1459 4713 1724 4782 Eulysius,
1752 4713 1963 4780 episco-

385 4811 484 4864 pus
524 4795 776 4861 Apamere
825 4797 1087 4866 Bithyniae
1117 4839 1132 4864 ,
1162 4801 1393 4856 reddens
1447 4803 1629 4858 literas
1661 4804 1964 4872 quindecim

383 4887 756 4954 episcoporum
814 4901 844 4940 e
896 4890 1099 4957 synodo
1147 4890 1409 4958 Joannis,
1460 4905 1514 4948 et
1566 4898 1749 4964 optimi
1824 4899 1968 4952 senis

387 4978 592 5047 Anysii,
623 4976 1028 5032 Thessalonices
1067 4980 1299 5049 episc0pi
1331 4998 1345 5045 ;
1394 4983 1444 5035 in
1489 4986 1683 5053 quibus
1722 4998 1776 5040 et
1823 4989 1965 5054 prio-

386 5085 499 5121 rem
534 5077 584 5121 et
617 5076 928 5134 przesentem
973 5069 1136 5124 totius
1178 5071 1664 5142 Constantitmpolis
1706 5075 1964 5143 direptio-

386 5176 508 5213 nem
539 5157 934 5227 perscribebant
959 5176 971 5210 :
992 5161 1224 5231 Anysius
1237 5179 1364 5218 vero
1381 5164 1666 5232 scribebat,
1689 5181 1746 5220 se
1765 5167 1965 5234 judicio

385 5251 640 5305 llntnana:
671 5249 922 5303 Ecclesia:
948 5253 1289 5320 acquiescere
1320 5273 1332 5308 :
1375 5257 1487 5324 ipse
1517 5257 1763 5328 Eulysius
1788 5260 1964 5312 omnia

383 5342 611 5412 Cyriaco
640 5352 990 5398 consentanea
1027 5349 1278 5400 narravit.
1305 5348 1499 5416 Elapso
1525 5365 1708 5403 mense
1733 5391 1746 5414 ,
1780 5365 1963 5404 acces-

383 5433 453 5484 sit
484 5435 774 5502 Palladius,
805 5437 1084 5506 episcopus
1119 5437 1465 5510 llelenOpolis
1486 5483 1500 5502 .
1527 5443 1725 5512 absque
1752 5443 1922 5497 literis
1949 5461 1960 5496 :

381 5529 472 5589 qui
504 5538 559 5580 et
588 5529 699 5595 ipse
724 5528 919 5598 fugisse
950 5542 1008 5582 se
1036 5530 1443 5598 magistratuum
1477 5535 1706 5590 furorem
1733 5535 1964 5598 dicebat,

381 5622 437 5664 et
467 5617 622 5672 nobis
648 5621 826 5673 omnia
852 5621 1154 5689 expressius
1177 5621 1467 5678 declaravit
1491 5641 1505 5688 ;
1537 5627 1831 5682 ostendens
1857 5628 1968 5682 edi-

382 5704 453 5755 cti
478 5712 802 5778 exemplum,
831 5712 970 5782 quod
998 5713 1079 5768 sic
1107 5713 1267 5768 habet
1294 5732 1305 5765 :
1339 5716 1653 5788 Quicumque
1686 5721 1966 5776 occultare-

384 5795 449 5844 iit
467 5796 760 5865 episcopum
806 5813 897 5856 aut
935 5805 1172 5858 clericum
1196 5847 1209 5870 ,
1240 5816 1328 5858 aut
1385 5809 1588 5861 omnino
1622 5815 1874 5880 exceperit
1918 5817 1969 5868 in

385 5888 592 5936 domum
616 5904 762 5942 suam
791 5895 1007 5963 aliquem
1059 5898 1144 5966 qui
1186 5899 1515 5952 communicet
1548 5899 1762 5967 Joanui,
1793 5903 1971 5959 domus

388 5980 500 6047 ejus
541 5979 838 6048 publicetur.
871 5987 996 6043 Post
1024 5989 1342 6059 Palladium,
1365 5991 1629 6048 advenere
1669 5995 1969 6053 Germanus

394 6069 670 6136 presbyter
693 6088 796 6130 una
824 6089 945 6131 eum
965 6077 1221 6140 Cassiano
1248 6084 1492 6154 diacono,
1517 6085 1606 6154 qui
1624 6097 1815 6144 erante
1837 6105 1964 6157 par-

2058 773 2198 827 tibus
2211 770 2450 837 Joannis,
2473 770 2572 824 viri
2601 767 2858 838 religiosi,
2880 766 3060 822 literas
3081 765 3246 823 totius
3268 766 3397 821 eleri
3423 765 3644 822 Joannis

2055 863 2345 919 reddentes
2371 879 2383 914 :
2413 862 2604 932 quibus
2651 860 2895 916 seribunt
2934 859 3224 914 Eeclesiam
3271 857 3510 929 ipsorum
3538 860 3645 911 vim

2056 964 2216 1023 atque
2245 954 2578 1024 tyrannidem
2607 965 2918 1022 perpessam
2947 964 3086 1011 esse,
3124 951 3362 1021 ipsorum
3389 949 3646 1019 episcopo

2056 1047 2273 1101 militari
2305 1061 2464 1098 manu
2491 1045 2684 1114 ejecto,
2717 1055 2876 1115 atque
2921 1045 2972 1098 in
3019 1042 3265 1098 exsilium
3293 1052 3412 1096 acto
3433 1057 3530 1112 per
3561 1040 3644 1094 fa-

2055 1138 2288 1191 ctionem
2323 1136 2521 1199 Acacii,
2558 1136 2758 1191 Herceas
2786 1134 3019 1204 episcopi
3052 1175 3066 1196 ,
3101 1132 3380 1200 Theophili
3409 1133 3644 1186 Alexano

2055 1229 2208 1294 driaz,
2259 1227 2510 1281 Antiochi
2564 1227 2941 1293 Ptolemaidos,
2977 1240 3032 1282 et
3083 1225 3360 1281 Severiaui
3413 1224 3646 1280 Gabalo-

2057 1337 2196 1376 rum.
2247 1319 2454 1375 Interea
2500 1320 2829 1375 breviculum
2850 1321 3083 1388 przedicti
3105 1320 3406 1376 Germanus
3427 1327 3482 1373 et
3515 1317 3642 1371 Cas-

2057 1414 2239 1468 sianus
2284 1413 2674 1478 ostenderunt,
2719 1427 2827 1482 quo
2857 1414 3088 1482 pretiosa
3138 1428 3263 1467 vasa
3314 1411 3648 1467 tradiderant

2057 1521 2239 1560 coram
2260 1506 2549 1575 iudicibus.
2564 1506 2753 1562 Studio
2773 1505 3030 1576 praefecto
3045 1504 3223 1568 Urbis,
3239 1513 3291 1559 et
3312 1505 3646 1576 Eutycbiano

2058 1599 2310 1666 ιιι-πιεῖνοιο
2358 1598 2622 1664 Prmtorii,
2655 1609 2707 1652 et
2736 1598 2943 1653 Joanne
2985 1598 3182 1652 comite
3226 1596 3599 1652 thesaurorum
3625 1637 3642 1661 ,

2057 1700 2112 1746 et
2156 1691 2436 1745 Eustathio
2464 1700 2735 1759 quzestore
2767 1730 2783 1754 ,
2833 1705 2897 1744 ac
2935 1689 3209 1744 tabulariis
3238 1730 3253 1756 ,
3300 1690 3351 1744 in
3383 1705 3536 1755 auro,
3559 1704 3645 1744 ar-

2058 1790 2219 1850 gento
2245 1790 2300 1835 et
2321 1780 2583 1844 veStibus,
2613 1779 2936 1834 calumniam
2965 1794 2995 1833 a
3023 1778 3231 1834 Joanne
3254 1780 3506 1851 episc0po
3547 1778 3645 1833 de-

2063 1873 2344 1942 pellentes.
2397 1871 2526 1926 Post
2573 1871 2697 1927 illos
2737 1871 2916 1927 denuo
2958 1873 3106 1926 venit
3134 1870 3470 1935 Demetrius,
3515 1871 3650 1924 Pisi-

2059 1965 2241 2019 nuntis
2257 1966 2562 2036 episcopus,
2577 1965 2669 2036 qui
2688 1964 2958 2020 Orientem
2977 1974 3333 2037 perennent,
3355 1965 3654 2035 prardicans

2060 2059 2424 2112 Romanorum
2470 2058 2902 2112 communionem
2949 2074 3067 2113 cum
3113 2058 3318 2113 Joanne
3347 2059 3601 2128 episcOpu
3630 2099 3646 2121 ,

2058 2153 2288 2207 ostensis
2315 2167 2465 2221 papae
2490 2151 2782 2205 Innocentii
2827 2150 3016 2213 literis,
3045 2149 3273 2205 aﬂ‘ercus
3303 2151 3554 2219 epistolas
3580 2148 3648 2204 ab

2059 2244 2322 2314 episcopis
2351 2241 2522 2297 Cari:e
2547 2285 2562 2309 ,
2594 2242 2789 2312 quibus
2847 2242 2920 2297 illi
2952 2241 3174 2296 Joannis
3218 2240 3648 2295 communionem

2061 2336 2514 2402 complectuntur,
2548 2344 2710 2404 atque
2734 2334 2867 2388 alias
2894 2348 2924 2387 a
2975 2331 3305 2403 presbyteris
3329 2329 3648 2393 Antiochim,

2063 2426 2257 2495 quibus
2288 2425 2652 2478 Romanorum
2676 2423 3013 2491 disciplinam
3042 2432 3353 2492 sequuntur,
3378 2430 3433 2476 et
3460 2420 3648 2491 deplo-

2063 2525 2186 2571 rant
2232 2515 2511 2585 Porphyrii
2558 2514 2951 2568 ordinationem
2995 2512 3190 2566 factam
3236 2521 3420 2566 contra
3469 2512 3561 2578 jus
3593 2519 3648 2565 ct

2063 2607 2162 2662 fas.
2208 2609 2334 2661 Post
2380 2622 2517 2675 quos
2564 2621 2754 2662 omnes
2779 2605 2928 2660 venit
2969 2604 3248 2675 presbyter
3299 2603 3648 2666 Domitianus,

2063 2714 2375 2756 oeconomus
2405 2699 2659 2753 Ecclesia:
2679 2696 3305 2765 Constantinopolitanze,
3337 2702 3392 2749 et
3411 2693 3653 2762 Vallagas

2061 2791 2301 2862 quidam,
2335 2790 2618 2861 presbyter
2659 2789 2948 2844 Nisibenus
2975 2829 2989 2852 ,
3029 2801 3256 2842 narrans
3295 2785 3652 2840 mouasterio~

2062 2901 2180 2939 rum
2213 2901 2333 2953 quae
2388 2893 2515 2937 sunt
2575 2883 2628 2936 in
2683 2881 3068 2952 Mesopotamia
3121 2878 3514 2934 amictionem:
3563 2881 3652 2947 qul

2060 2976 2220 3030 etiam
2255 2974 2600 3028 reddiderunt
2623 2974 2800 3042 Optati
2829 2972 3103 3044 cujusdam
3146 2971 3381 3041 prmfecti
3423 2979 3564 3035 acta,
3598 2969 3650 3022 iu

2062 3066 2255 3135 quibus
2285 3064 2523 3119 bonesta:
2559 3064 2812 3120 mulieres
2850 3079 2918 3119 ex
2959 3076 3158 3134 genere
3195 3059 3502 3129 consulum,
3542 3058 3653 3113 dia-

2063 3160 2288 3213 COnissm
2304 3157 2561 3214 Ecclesiae
2575 3157 3276 3227 Constantinopo'itaumdn
3289 3153 3652 3222 oculispopuli

2063 3249 2128 3302 ad
2158 3264 2279 3303 eum
2311 3249 2601 3314 ducuntur,
2634 3257 2834 3303 coactae
2863 3256 2954 3302 aut
2994 3244 3387 3302 communicare
3413 3243 3651 3305 Arsacia.

2059 3351 2150 3393 aut
2183 3340 2311 3394 fisco
2330 3341 2457 3394 dare
2484 3341 2742 3395 ducentas
2787 3339 2900 3394 auri
2934 3339 3117 3394 libras.
3151 3339 3226 3394 De
3253 3338 3448 3393 ascetis
3474 3336 3652 3392 etvir-

2059 3433 2270 3502 ginibus
2299 3432 2424 3502 quid
2447 3433 2636 3486 attinet
2676 3431 2893 3486 dicere?
2922 3431 3012 3501 qui
3043 3428 3402 3485 ostendebant
3441 3426 3649 3483 sulcata

2064 3527 2230 3580 latera
2261 3527 2314 3580 in
2341 3526 2531 3581 eculeo
2559 3534 2614 3580 et
2656 3527 2706 3578 iu
2738 3533 2891 3594 tergo
2935 3524 3220 3577 verberum
3265 3528 3444 3575 notas.
3492 3518 3567 3573 Ita
3595 3525 3655 3572 ut

2066 3636 2170 3673 non
2213 3619 2443 3688 amplius
2475 3619 2744 3673 sustinens
2779 3631 2914 3686 papa
2953 3616 3314 3675 innocentius,
3352 3611 3555 3666 miserit
3583 3609 3653 3664 ad

2065 3713 2208 3781 pium
2233 3712 2613 3778 imperatorem
2638 3710 2950 3773 llonnrium,
2980 3706 3281 3777 singillatim
3305 3704 3430 3773 quid
3454 3703 3654 3758 ferrent

2064 3802 2301 3870 epistola:
2329 3801 2431 3854 illa:
2461 3800 2804 3870 subjungens.
2834 3797 3038 3865 Quibus
3059 3807 3296 3866 permota
3323 3793 3439 3863 ejus
3485 3793 3658 3862 pietas

2059 3891 2211 3960 jubet
2241 3893 2673 3952 Occidentalium
2694 3892 2976 3963 Synodum
2993 3888 3111 3958 cogi
3142 3929 3158 3954 ,
3197 3896 3399 3942 etcum
3445 3899 3548 3939 una
3585 3883 3658 3938 si-

2067 3982 2174 4035 mul
2203 3982 2521 4034 sententiam
2546 3980 2798 4034 tulissent
2822 4020 2837 4044 ,
2865 3993 2982 4032 eam
3013 3977 3079 4032 ad
3108 3991 3256 4031 suam
3285 3977 3534 4046 pietatem
3567 3989 3655 4029 re-

2068 4074 2230 4130 ferre.
2259 4074 2361 4141 Qui
2407 4073 2623 4144 quidem
2671 4071 2907 4142 episcopi
2938 4071 3099 4125 Italia:
3135 4069 3471 4140 congregati,
3500 4075 3656 4122 orant

2072 4167 2474 4236 Imperatorem,
2507 4164 2706 4218 scribat
2753 4161 2904 4216 fratri
2951 4176 3047 4213 suo
3085 4168 3139 4213 et
3178 4159 3414 4214 consorti
3445 4158 3656 4228 imperii

2073 4260 2320 4323 Arcadio,
2349 4267 2407 4310 ut
2430 4258 2613 4326 jnbeat
2640 4254 3036 4309 TbeSsalouica:
3071 4251 3350 4323 Synodum
3385 4253 3521 4317 fieri,
3549 4267 3658 4322 quo

2073 4349 2277 4402 facilius
2317 4358 2541 4417 utraque
2569 4361 2689 4416 pars
2716 4344 2950 4400 Orientis
2983 4353 3038 4399 et
3066 4342 3372 4398 Occidentis
3407 4343 3461 4396 in
3493 4357 3656 4397 unum

2070 4454 2353 4492 accurrere
2404 4438 2614 4507 possit,
2646 4447 2699 4490 et
2744 4436 2993 4508 Synodus
3031 4451 3136 4489 non
3179 4435 3230 4488 iu
3281 4435 3656 4503 episcoporum

2072 4544 2312 4590 numero,
2345 4529 2438 4581 sed
2459 4529 2509 4580 in
2540 4527 2774 4595 pondere
2794 4527 3072 4580 sementim
3101 4524 3352 4592 perfecta,
3377 4535 3584 4577 certum
3603 4535 3658 4578 et

2071 4621 2420 4675 indubitatum
2443 4618 3070 4688 feratjudicium.Quibus
3085 4631 3308 4671 accensa
3328 4616 3446 4682 ejus
3463 4615 3654 4683 pietas.

2071 4713 2325 4783 episcopo
2351 4711 2564 4781 quidem
2611 4711 2869 4764 Romana:
2919 4708 3170 4763 Ecclesia.-
3211 4703 3438 4764 scribit:
3485 4707 3660 4760 mittat

2073 4804 2305 4873 quinque
2324 4802 2625 4872 episcopos.
2669 4800 3008 4870 presbyteros
3036 4807 3210 4852 autem
3257 4795 3511 4851 Romana:
3556 4796 3660 4850 Ec-

2075 4896 2254 4949 clesize
2282 4895 2417 4950 duos
2469 4905 2523 4949 et
2549 4894 2830 4948 diaconum
2863 4907 3042 4952 unum,
3076 4889 3163 4958 qui
3195 4889 3368 4942 ferant
3392 4903 3541 4942 suam
3591 4888 3656 4942 ad

2076 4987 2291 5040 fratrem
2332 5001 2485 5040 suum
2531 4983 2829 5052 epistolam.
2861 4983 3013 5050 cujus
3045 4981 3158 5034 haec
3208 4979 3469 5034 sententia
3516 4987 3660 5037 erat:

2151 5096 2169 5127 ‹
2194 5077 2372 5129 Tertio
2384 5076 2492 5143 jam
2523 5075 2696 5128 scribo
2711 5073 2775 5126 ad
2795 5071 3254 5126 mansuetudinem
3283 5079 3447 5134 tuam,
3465 5085 3659 5140 rogans

2073 5179 2131 5222 ut
2153 5185 2271 5237 quae
2294 5185 2360 5222 ex
2385 5175 2662 5236 compacto
2688 5164 3146 5220 contraJoannem
3177 5165 3484 5234 episcopum
3514 5174 3656 5232 gesta

2074 5271 2235 5326 sunt,
2267 5260 2619 5314 emendentur
2652 5277 2664 5312 :
2698 5269 2752 5314 et
2779 5268 2836 5312 ut
2865 5257 3073 5312 videtur
3104 5256 3339 5314 nondum
3369 5255 3657 5325 perfectum

2075 5360 2176 5405 est.
2207 5352 2382 5416 Quare
2407 5349 2584 5405 denuo
2609 5351 2798 5419 scripsi
2841 5365 2936 5419 per
2965 5348 3125 5404 hosce
3151 5350 3428 5418 episcopos
3455 5355 3508 5400 et
3534 5361 3661 5414 pre-

2077 5445 2360 5514 sbyteros,
2408 5447 2632 5499 multum
2678 5444 2936 5498 sollicitus
2978 5443 3045 5497 de
3092 5459 3221 5513 pace
3263 5439 3619 5496 ecclesiastica
3645 5480 3660 5503 ,

2078 5551 2173 5606 per
2215 5553 2373 5606 quam
2415 5549 2470 5592 et
2498 5546 2738 5591 nostrum
2770 5535 3054 5603 imperium
3091 5549 3272 5604 pacem
3315 5531 3562 5598 obtinet,
3607 5542 3664 5584 ut

2072 5629 2261 5698 jubere
2290 5631 2522 5698 digneris
2547 5629 2779 5684 Orientis
2817 5630 3094 5698 episcopos
3119 5624 3513 5682 Thessalonica:
3537 5639 3664 5678 con-

2079 5721 2280 5774 venire.
2312 5722 2518 5776 Etenim
2542 5720 2846 5776 Occidentis
2875 5719 3038 5773 nostri
3069 5716 3328 5785 episcopi,
3359 5715 3510 5770 lectis
3537 5713 3664 5766 viris

2080 5813 2335 5868 adversus
2359 5814 2556 5867 malum
2582 5828 2646 5868 ac
2673 5811 3004 5866 mendacium
3033 5809 3376 5874 firmissimis,
3407 5808 3666 5861 miserunt

2080 5907 2357 5976 episcopos
2385 5905 2636 5975 quinque,
2679 5903 3020 5974 presbyteros
3047 5917 3176 5958 vero
3215 5901 3369 5960 duos.
3399 5907 3454 5952 et
3480 5895 3666 5952 diaco-

2081 6013 2204 6052 num
2252 6013 2414 6052 unum
2458 6011 2662 6066 magna:
2704 5995 2955 6051 Ecclesia:
2996 5995 3271 6050 Romanae.
3315 5991 3462 6056 Quos
3504 5989 3664 6044 velim

2080 6093 2220 6149 omni
2266 6089 2469 6146 honore
2497 6089 2729 6159 digneris
2763 6106 2773 6141 :
2810 6099 2868 6143 ut
2893 6129 2907 6157 ,
2954 6088 2995 6143 si
3025 6083 3258 6159 persuasi
3289 6082 3485 6137 fuerint
3525 6080 3664 6152 quod
