4466 6714
852 583 920 636 ιε’»
2118 568 2429 629 PALLADII
2467 568 2616 625 DIAI.

2348 568 2429 624 DII
2467 568 2710 629 DIALOG
2721 574 2801 631 US
4048 589 4112 643 (ὁ

849 691 969 759 jure
993 689 1246 759 expulsus
1287 688 1355 743 sit
1378 687 1611 742 Joannes
1634 728 1648 753 ,
1676 686 1898 741 doceant
1924 699 2008 737 me
2032 685 2100 737 ah
2125 684 2241 754 ejus
2281 698 2425 737 conr-

856 782 1112 836 muuione
1140 778 1390 834 recedere
1420 794 1434 830 :
1465 788 1556 832 aut
1598 778 1641 833 si
1684 776 2016 845 coarguerint
2056 787 2247 845 sponte
2273 773 2424 828 mali-

857 890 989 944 gnos
1030 886 1150 927 esse
1176 870 1407 925 Orientis
1432 872 1710 940 episcopos
1734 910 1748 935 ,
1790 870 1858 921 ab
1883 883 2067 923 eorum
2115 878 2165 923 te
2191 882 2428 922 commu-

858 965 1016 1017 nione
1057 970 1319 1015 avertant.
1363 962 1615 1029 Qumnam
1642 959 1782 1013 enim
1810 960 1879 1012 sit
1913 959 2323 1016 Occidentalium
2363 957 2428 1010 de

855 1052 1058 1107 Joanne
1082 1053 1333 1122 episcopo
1358 1049 1615 1105 sententia
1640 1091 1654 1113 ,
1681 1065 1747 1103 ex
1776 1051 2024 1104 omnibus
2049 1050 2285 1119 epistolis
2312 1062 2431 1117 qua:

856 1142 923 1197 ad
971 1158 1059 1197 me
1098 1146 1311 1211 scripta:
1353 1151 1475 1195 sunt
1516 1141 1649 1194 duas
1689 1142 1936 1209 subjnnsi
1962 1181 1976 1205 ,
2026 1142 2265 1209 ejusdem
2311 1155 2430 1193 cum

854 1231 1065 1287 caeteris
1098 1230 1392 1292 sententiae,
1419 1245 1579 1284 unam
1612 1231 1855 1294 Romani,
1888 1231 2107 1284 alterum
2134 1230 2435 1299 Aquileien-

858 1321 933 1375 sis
947 1321 1196 1387 episcopi.
1216 1320 1383 1372 Porro
1400 1320 1501 1374 hoc
1515 1331 1638 1373 ante
1662 1321 1837 1373 omnia
1862 1320 2083 1373 obsecro
2100 1320 2432 1373 clcnrcntiam

860 1420 1001 1464 tuam
1024 1450 1040 1475 ,
1073 1410 1423 1481 Theophilum
1450 1452 1464 1473 ,
1495 1410 1826 1465 Alexandriae
1876 1412 2181 1478 episc0pum
2207 1450 2220 1473 ,
2273 1409 2429 1463 etiam

858 1502 1125 1566 nolentem
1148 1544 1163 1568 ,
1195 1504 1382 1556 sistere
1402 1502 1587 1570 jubeas
1610 1542 1625 1566 ,
1657 1502 1744 1571 qui
1770 1502 2003 1554 orrrniunr
2032 1502 2291 1554 malorum
2323 1516 2433 1554 rna-

855 1591 999 1646 xime
1015 1601 1197 1645 auctor
1211 1607 1329 1647 esse
1358 1592 1580 1657 dicitur;
1600 1603 1657 1645 ut
1673 1593 2037 1661 episcoporum
2054 1593 2142 1661 qui
2169 1591 2434 1646 adfuerint

854 1681 1102 1753 Synodus
1125 1682 1343 1736 minime
1370 1684 1645 1751 impedita,
1672 1684 2075 1738 convenientem
2109 1682 2434 1752 temporibus

858 1774 1055 1828 nostris
1085 1788 1267 1842 pacem
1299 1775 1521 1827 sanciat.
1568 1794 1588 1826 ι

929 1861 1057 1917 CAP.
1105 1879 1178 1917 rv.
1208 1893 1278 1903 —
1306 1864 1436 1917 Cnm
1485 1864 1639 1932 igitur
1680 1872 1893 1918 sanctus
1935 1863 2220 1926 Emiiius,
2265 1862 2437 1916 Bene-

857 1953 997 2007 venti
1023 1954 1321 2021 episcOpus,
1350 1965 1403 2008 et
1429 1955 1715 2024 Cytlregius
1741 1965 1794 2009 et
1820 1954 2161 2016 Gaudentius.
2193 1970 2291 2008 una
2316 1970 2435 2007 cum

858 2040 1231 2098 Valentiniano
1278 2054 1335 2099 et
1380 2045 1652 2100 Bonifacio
1700 2046 2058 2115 presbyteris,
2108 2044 2434 2109 accepissent

857 2132 1039 2189 literas
1077 2134 1419 2203 Imperatoris
1449 2136 1663 2189 Ilonorii
1689 2178 1701 2197 ,
1734 2134 2016 2187 Innocentii
2044 2174 2057 2196 ,
2090 2142 2142 2186 ct
2180 2132 2431 2184 Italorum

860 2224 1247 2293 episc0porum,
1280 2224 1571 2277 Chromatii
1600 2223 1971 2291 Aquileiensis,
2000 2232 2052 2274 et
2078 2220 2290 2275 Venerli
2321 2221 2433 2274 llic-

858 2312 1182 2367 diolanensis
1206 2354 1221 2375 ,
1258 2324 1415 2382 atque
1444 2312 1669 2365 aliorum
1697 2354 1710 2376 ,
1739 2328 1948 2365 necnon
1975 2310 2435 2365 commonitorium

857 2403 1054 2474 Synodi
1105 2405 1268 2458 totius
1319 2404 1659 2468 Occidentis,
1710 2404 1914 2472 publica
1968 2404 2241 2457 cvectione
2296 2404 2436 2454 (Ion-

864 2493 1259 2561 stantinopolim
1288 2493 1506 2561 profecti
1547 2503 1669 2547 sunt
1695 2510 1813 2548 cum
1841 2494 2061 2564 (Syriaco
2086 2534 2100 2557 ,
2133 2494 2398 2547 Demetrio
2418 2534 2433 2557 ,

862 2582 1096 2636 Palladio
1121 2594 1176 2637 et
1210 2583 1427 2653 Eulysio
1455 2585 1735 2653 episcorris.
1767 2585 2232 2638 Commonitorium
2262 2597 2437 2637 autent

859 2671 1202 2735 continebat,
1229 2672 1483 2726 Joannem
1525 2674 1775 2740 judicium
1807 2675 2006 2740 ingredi
2052 2689 2154 2725 nozr
2201 2674 2395 2727 deirere
2420 2716 2432 2739 ,

860 2762 959 2813 nisi
988 2762 1083 2829 ipsi
1116 2764 1257 2830 prius
1289 2764 1529 2815 restituta
1569 2764 1747 2816 luisset
1778 2774 1827 2816 et
1855 2761 2091 2816 Ecclesia
2122 2772 2171 2815 ct
2199 2777 2436 2815 comnm-

859 2848 985 2911 nio;
1016 2858 1071 2902 ut
1098 2849 1301 2902 sublata
1329 2866 1484 2903 causa
1515 2851 1839 2905 detrectandi
1875 2851 2055 2918 judieii
2081 2891 2095 2914 ,
2124 2867 2215 2905 sua
2247 2860 2434 2919 sponte

860 2952 1171 2992 eorrsessum
1219 2939 1394 2991 iniret.
1426 2940 1652 2993 Profecti
1696 2940 1852 3009 igitur
1882 2939 2392 3007 Constantinopolim
2420 2982 2434 3005 ,

864 3037 985 3096 post
1029 3039 1253 3097 quatuor
1282 3045 1493 3084 menses
1541 3032 1809 3085 redierunt
1835 3073 1850 3096 ,
1884 3042 2158 3084 narrantes
2206 3030 2440 3084 facinora

868 3120 1201 3191 Babylonica.
1242 3120 1373 3175 Cum
1421 3133 1611 3189 printer
1652 3122 1908 3176 Gra‘ciam
1950 3123 2182 3176 Atlnnas
2224 3123 2439 3190 naviga-

864 3224 1081 3273 remus,
1125 3210 1324 3263 delenti
1372 3226 1553 3265 smnus
1596 3211 1663 3263 ah
1712 3212 1902 3263 infesto
1949 3212 2174 3280 quodam
2228 3213 2438 3265 tribuno

865 3298 1109 3361 militum,
1128 3300 1215 3368 qui
1242 3302 1415 3352 statim
1441 3301 1801 3355 centurionem
1821 3318 1979 3354 unum
2007 3304 2159 3355 nobis
2175 3304 2433 3369 atljunxit,

864 3400 969 3440 non
1012 3386 1193 3440 siueus
1236 3404 1333 3441 nos
1362 3389 1791 3443 Thessalonicam
1837 3392 2108 3446 accedere.
2141 3391 2249 3446 Illic
2295 3394 2435 3445 enim

868 3475 1191 3541 propositnrrr
1238 3477 1391 3529 nobis
1434 3486 1548 3529 erat
1584 3479 1764 3532 literas
1809 3480 2032 3547 primum
2076 3481 2203 3534 dare
2242 3482 2439 3550 Anysio

864 3563 1133 3631 episcopo.
1163 3564 1445 3632 Conjectos
1473 3567 1627 3635 igitur
1652 3582 1748 3621 no;
1772 3609 1785 3631 ,
1814 3569 1996 3634 aiunt,
2030 3570 2081 3622 in
2108 3571 2213 3623 duo
2238 3572 2438 3637 navigia

868 3653 1083 3706 dimisit.
1106 3654 1383 3723 Ingruente
1405 3667 1585 3725 postea
1607 3668 1790 3713 austro
1812 3660 2130 3726 vehementi,
2150 3662 2314 3717 tribus
2335 3663 2438 3717 die-

869 3743 1213 3812 ΙιυεᾹῗςεηιιιιι
1243 3762 1385 3801 mare
1412 3758 1463 3801 et
1488 3749 1614 3802 freta
1645 3751 1757 3802 sine
1778 3753 1897 3805 ciho
1919 3752 2220 3821 trajecimus
2257 3772 2268 3806 :
2295 3756 2433 3809 circa

871 3831 1235 3886 duodecimam
1278 3838 1412 3887 tertii
1434 3837 1536 3890 diei
1570 3838 1751 3891 horam
1781 3842 2080 3907 appulimus
2103 3852 2223 3896 ante
2250 3844 2434 3897 orbem

873 3920 1225 3987 regiamjuxta
1244 3924 1537 3977 suburbana
1555 3926 1799 3981 Victoris.
1821 3930 1917 3983 Ubi
1939 3933 2124 3983 retenti
2148 3932 2212 3985 ab
2229 3943 2439 3985 exacto-

868 4009 1011 4062 ribus
1038 4020 1300 4079 portuum,
1330 4023 1472 4069 retro
1501 4017 1869 4084 discessimus;
1889 4022 2037 4090 cujus
2066 4033 2236 4075 autem
2262 4023 2436 4090 jussu,

870 4098 1165 4166 ignoramus
1217 4118 1232 4157 :
1283 4115 1338 4158 et
1381 4108 1612 4161 conclusi
1661 4125 1844 4163 sumus
1889 4113 2153 4166 maritimo
2201 4113 2440 4168 Thraciae

868 4189 1102 4252 castello,
1124 4193 1319 4263 Athyra
1347 4196 1505 4261 dicto,
1524 4199 1748 4254 Romani
1773 4203 1983 4271 quidem
2010 4206 2060 4257 in
2088 4220 2187 4257 una
2212 4205 2439 4259 domun-

870 4279 1009 4339 cula,
1030 4280 1080 4333 in
1112 4283 1344 4350 pluribus
1370 4303 1496 4341 vero
1525 4292 1612 4357 qui
1640 4306 1756 4343 cum
1789 4295 2009 4362 (Iyriaco
2035 4304 2204 4361 erant,
2227 4297 2438 4367 illicqne

869 4371 1080 4432 vexati;
1113 4372 1182 4425 ita
1226 4382 1284 4427 ut
1322 4391 1389 4430 ne
1435 4376 1662 4433 famulus
1690 4382 1898 4449 quidem
1946 4394 2137 4451 przesto
2180 4395 2323 4440 esset
2349 4388 2437 4456 qui

867 4457 1210 4515 ministraret.
1253 4464 1383 4517 Cum
1426 4466 1609 4521 literas
1646 4472 1956 4539 petiissent,
2003 4489 2105 4527 non
2153 4475 2433 4543 dedimus,

866 4546 1103 4603 dicentes
1124 4567 1137 4602 :
1156 4553 1254 4617 Qui
1284 4553 1393 4608 fieri
1423 4566 1614 4624 potest,
1643 4568 1699 4612 ut
1726 4561 1813 4629 qui
1840 4562 1993 4631 legati
2022 4578 2223 4627 smnus,
2254 4564 2436 4619 literas

871 4638 1205 4706 Imperatoris
1228 4652 1280 4695 et
1294 4645 1663 4714 episcOporunr
1684 4650 1782 4716 ipsi
1801 4650 2105 4719 Imperatori
2124 4670 2227 4707 non
2246 4656 2437 4708 redda-

867 4730 1171 4785 mus?Cum
1190 4739 1367 4787 autem
1399 4751 1489 4790 eas
1506 4753 1607 4792 non
1638 4739 1765 4793 dare
1795 4745 2217 4810 persistercnrus,
2240 4748 2439 4813 primus

853 4823 1011 4875 venit
1047 4824 1113 4876 ad
1142 4839 1236 4878 nos
1265 4825 1523 4882 Patricius
1548 4833 1784 4887 notarius
1808 4874 1822 4898 ,
1851 4833 2040 4889 deinde
2071 4836 2282 4905 quidam
2310 4838 2396 4889 alii
2422 4854 2435 4889 :

870 4920 1194 4977 postremum
1221 4919 1362 4972 venit
1385 4922 1594 4989 quidam
1625 4924 1933 4981 Valerianus
1959 4930 2172 4983 nomine
2195 4969 2210 4992 ,
2242 4943 2273 4982 e
2302 4928 2439 4999 Cap-

871 5003 1086 5068 padocia
1109 5046 1124 5069 ,
1155 5010 1465 5075 prarpositus
1490 5015 1641 5066 unius
1666 5016 1904 5070 militaris
1931 5018 2133 5072 numeri
2158 5058 2173 5080 ,
2206 5028 2257 5074 cl
2284 5029 2438 5088 rupto

866 5090 1084 5148 Mariani
1115 5096 1345 5168 episcopi
1375 5100 1583 5167 pollice,
1602 5104 1857 5171 signatam
1875 5106 2213 5176 Imperatoris
2241 5111 2440 5178 episto-

868 5184 970 5237 lam
1001 5200 1118 5238 cum
1139 5188 1350 5257 reliquis
1375 5191 1611 5246 abstulit.
1633 5194 1888 5252 Postridie
1905 5201 2059 5267 igitur
2088 5202 2347 5257 miserunt
2371 5202 2439 5256 ad

871 5290 987 5339 nos,
1019 5293 1085 5331 an
1112 5280 1265 5333 aulici
1295 5280 1650 5351 Imperatoris,
1682 5300 1750 5340 an
1782 5289 1982 5343 Atticus
2010 5294 2274 5347 nescimus
2301 5293 2438 5363 (ipse

871 5370 1008 5425 enim
1025 5370 1298 5426 dicebatur
1314 5374 1559 5432 Ecclesia:
1577 5380 1823 5434 thronum
1850 5380 2125 5454 invasisse)
2148 5401 2160 5437 :
2179 5384 2265 5454 qui
2285 5383 2438 5439 nobis

871 5459 967 5511 tria
997 5461 1153 5515 millia
1186 5465 1562 5520 numismatum
1606 5470 1841 5534 dabant,
1874 5482 2086 5525 orantes
2114 5483 2171 5527 ut
2199 5474 2436 5542 persuasi

870 5549 1046 5603 Attico
1088 5556 1637 5623 commurricaremns,
1667 5571 1721 5615 et
1765 5560 1835 5616 de
1860 5560 2077 5616 Joannis
2113 5564 2310 5629 judicio
2353 5574 2436 5617 ta-

868 5653 1130 5694 ceremus.
1155 5642 1353 5708 Quibus
1378 5662 1483 5701 non
1512 5649 1882 5719 assentientes,
1909 5652 2231 5721 perstitimus
2256 5667 2435 5718 orare,

868 5744 986 5783 cum
1033 5730 1161 5785 nihil
1190 5734 1458 5802 pacificum
1486 5748 1829 5807 perageretur
1851 5781 1865 5805 ,
1895 5751 1950 5793 ut
1974 5741 2087 5793 sine
2114 5740 2346 5807 periculo
2370 5738 2437 5794 ad

870 5832 1076 5878 nostras
1104 5824 1366 5882 Ecclesias
1399 5830 1696 5887 rediremus
1720 5872 1737 5898 ,
1767 5835 1874 5888 visa
1901 5834 1989 5887 tali
2031 5833 2433 5887 inhumanitate.

872 5911 1095 5979 Idipsurn
1140 5918 1299 5974 variis
1346 5921 1757 5981 rcvelationibus
1801 5924 2043 5980 Servator
2092 5925 2230 5979 Deus
2280 5925 2435 5980 nohis

2537 681 2863 753 declaravit,
2914 686 3046 743 adeo
3088 695 3145 743 ut
3189 691 3356 745 sancti
3402 690 3560 747 etiam
3604 689 3847 747 Emmeiii
3890 697 4115 757 diacono

2534 770 2718 836 Paulo,
2753 778 2868 829 viro
2896 779 3176 833 mitissimo
3202 788 3255 835 et
3286 781 3550 849 prudenti,
3582 783 3631 835 in
3669 782 3785 835 navi
3813 793 4116 854 apparuerit

2534 861 2720 916 beatus
2746 866 2940 924 Paulus
2963 873 3253 939 apostolus,
3275 874 3458 928 dicens
3482 876 3580 945 ipsi
3614 893 3627 929 :
3671 876 3841 930 Videte
3860 882 4116 945 quomodo

2534 952 2833 1008 nmbuletis:
2855 974 2955 1011 non
2983 971 3035 1012 ut
3061 963 3371 1031 insipientes,
3399 967 3486 1018 sed
3516 977 3569 1019 ut
3598 968 3863 1037 sapientes,
3894 968 4117 1024 videntes

2535 1046 2669 1113 quod
2697 1048 2800 1099 dies
2830 1051 2951 1100 mali
2975 1063 3091 1103 sunt
3121 1062 3136 1121 (
3161 1053 3352 1121 Eplres.
3381 1057 3433 1110 5.
3466 1059 3552 1111 15.
3602 1060 3706 1130 I6)
3742 1078 3754 1112 :
3786 1060 4117 1129 signiﬁcante

2538 1140 2745 1191 somnio
2786 1139 2981 1191 variam
3028 1141 3239 1196 illorum
3286 1145 3525 1200 frandcnr
3551 1188 3565 1210 ,
3606 1163 3829 1220 eamque
3868 1151 4020 1204 donis
4061 1161 4117 1206 et

2538 1225 2806 1279 blanditiis
2848 1228 2912 1279 ad
2942 1228 3344 1286 adulterandam
3387 1238 3684 1291 veritatem.
3733 1239 3935 1296 lnstans
3962 1242 4118 1310 igitur

2537 1315 2675 1369 idem
2722 1319 2834 1383 ipse
2879 1319 3117 1373 tribunus
3153 1321 3461 1377 Valerianus
3484 1366 3499 1389 ,
3540 1327 3767 1395 conjecit
3797 1347 3892 1386 nos
3922 1333 3974 1387 in
4016 1333 4119 1387 de—

2537 1406 2807 1460 terriuram
2849 1424 3035 1463 navem
3062 1452 3077 1477 ,
3108 1414 3354 1468 mercede
3378 1456 3393 1480 ,
3422 1425 3480 1467 ut
3508 1432 3689 1470 runror
3714 1422 3787 1473 ait
3811 1463 3826 1485 ,
3868 1426 4121 1478 nauclero

2537 1493 2660 1549 data
2706 1506 2762 1550 ut
2803 1498 3047 1565 perderet
3076 1502 3352 1570 episc0pos
3396 1505 3699 1573 navigantes
3727 1548 3742 1571 ,
3773 1523 3892 1564 cum
3935 1514 4118 1582 viginti

2540 1588 2795 1643 militibus
2820 1592 3085 1644 variorum
3115 1592 3407 1646 ofﬁciorum
3441 1611 3455 1647 :
3488 1603 3541 1648 ct
3575 1596 3750 1648 statim
3781 1613 3874 1651 nos
3903 1603 4123 1672 Athyris

2540 1679 2758 1745 expulit.
2781 1679 2911 1732 Cum
2945 1683 3336 1748 navigassemus
3365 1683 3531 1737 stadia
3564 1686 3877 1753 plurima,et
3900 1688 4117 1758 jamjam

2542 1768 2760 1835 perituri
2804 1783 3077 1832 essenrus,
3128 1774 3428 1839 appulimus
3469 1773 3855 1843 Lampsacum;
3898 1786 3953 1830 et
3995 1778 4119 1833 inde

2542 1872 2741 1917 mutata
2787 1879 2918 1918 nave
2964 1865 3217 1918 vicesimo
3262 1867 3348 1921 die
3395 1871 3744 1937 appliCninrus
3794 1872 4118 1942 Ilydrnntcm

2541 1950 2813 2005 Calabriae.
2844 1954 3023 2020 Neque
3048 1954 3271 2020 amplius
3297 1958 3451 2009 nobis
3477 1959 3655 2014 dicere
3682 1970 3983 2028 potuerunt,
4014 1977 4121 2031 quo

2540 2040 2589 2090 in
2623 2051 2759 2092 statu
2790 2051 2933 2095 esset
2976 2042 3158 2095 beatus
3187 2042 3419 2097 Joannes
3462 2049 3743 2114 episcopus
3770 2091 3782 2109 ,
3818 2067 3881 2104 ne
3904 2069 3984 2117 pie
4030 2054 4118 2105 ubi

2538 2129 2643 2181 sint
2670 2131 2964 2185 Demetrius
2989 2174 3002 2197 ,
3029 2132 3283 2203 Cyriacns
3307 2175 3322 2200 ,
3353 2136 3596 2205 Enlysins
3623 2179 3636 2200 ,
3670 2148 3825 2205 atque
3856 2141 4123 2194 Palladius

2539 2220 2811 2288 episcopi,
2853 2223 2942 2289 qui
2986 2238 3104 2276 cum
3154 2226 3345 2279 nostris
3396 2226 3659 2294 cpiscizpis
3702 2226 3856 2295 legati
3902 2230 4120 2295 profecti

2542 2319 2712 2363 erant.
2748 2311 2919 2366 Errsc.
2949 2314 3058 2381 Age
3081 2314 3189 2382 jam
3214 2357 3228 2379 ,
3260 2332 3292 2369 0
3322 2318 3677 2371 saeratissimo
3702 2359 3715 2382 ,
3746 2318 3959 2372 adverte
3989 2321 4120 2372 mihi

2543 2400 2796 2465 animum,
2816 2402 3095 2457 attendens
3124 2404 3185 2456 iis
3210 2420 3327 2473 quae
3352 2406 3494 2460 clare
3516 2406 3776 2471 dicentur,
3796 2419 3846 2460 et
3873 2409 4120 2477 deinceps

2546 2489 2636 2542 tibi
2690 2491 2972 2546 declarabo
3030 2495 3266 2561 publicos
3325 2496 3481 2549 totius
3541 2499 3807 2565 tragoediae
3864 2504 4121 2571 satyricm

2544 2581 2839 2645 tumultus,
2892 2582 3028 2636 unde
3071 2583 3207 2637 hanc
3251 2586 3609 2639 temulentianr
3657 2590 3833 2641 exorsi
3879 2596 4017 2650 sint.
4068 2603 4123 2644 et

2542 2685 2815 2736 quousque
2840 2686 3077 2724 cesasse
3105 2674 3197 2725 visi
3231 2674 3355 2729 sint.
3389 2676 3607 2726 necdum
3641 2686 3813 2730 tamen
3847 2679 4118 2731 desierint.

2541 2758 2783 2809 Omnium
2815 2761 3093 2815 malorum.
3126 2769 3180 2813 ut
3206 2763 3323 2830 quis
3347 2764 3558 2825 dixerit,
3592 2764 3706 2816 fons
3730 2776 3781 2818 rt
3809 2770 4119 2834 principium

2542 2845 2634 2897 Dei
2682 2861 2805 2899 osor
2835 2847 3042 2900 dzcnron
3072 2890 3084 2913 ,
3118 2865 3328 2918 semper
3375 2852 3628 2903 insidians
3659 2862 3711 2905 ιιι
3762 2856 3909 2922 lupus
3956 2868 4119 2908 ratio--

2542 2933 2802 2987 nabililms
2830 2935 3022 2990 Christi
3064 2940 3310 3007 gregibus
3333 2980 3346 3003 ,
3378 2941 3577 3008 peritas
3604 2957 3840 3009 quosque
3885 2957 4123 3009 pastores

2544 3024 2702 3077 variis
2747 3026 2900 3078 malis
2944 3030 3193 3082 atrociter
3239 3030 3531 3089 infestans,
3576 3032 3710 3083 sicut
3749 3031 3961 3101 .C:}';tli
3989 3051 4118 3086 'Itilit

2546 3131 2638 3169 rex
2656 3119 2916 3171 tuast-nios
2934 3119 3258 3184 JEI'JJEOI‘IIIII,
3280 3124 3477 3174 furatos
3496 3138 3617 3176 vero
3634 3136 3684 3176 ct
3707 3123 3836 3177 fulsit
3857 3160 3864 3173 .
3887 3145 3974 3192 τι»
4003 3144 4122 3179 dies

2546 3214 2873 3260 terrcnarmn
2906 3210 3231 3277 voluptatum
3265 3213 3481 3265 lallaeiis
3507 3216 3769 3279 saginans.
3806 3218 3967 3269 ferro
3996 3234 4119 3285 pes--

2542 3294 2659 3348 simi
2707 3295 2863 3348 fintis
2894 3298 3048 3365 hujus
3091 3300 3303 3353 Ceriales
3330 3341 3342 3361 ,
3374 3310 3430 3354 ut
3457 3305 3628 3355 otnnis
3673 3313 3927 3357 Ιιιι“ι“·ιι·ιιι;ι
3975 3311 4119 3361 orbis

2543 3388 2726 3448 novit,
2783 3396 2904 3438 sunt
2958 3389 3222 3451 Aeacius,
3279 3392 3629 3457 Antiochins,
3690 3394 4011 3462 'I'lreiz;.liiix:s
4065 3408 4121 3453 ct

2542 3477 2892 3541 Severianus;
2925 3480 3009 3546 qui
3040 3490 3295 3532 vocantur
3324 3482 3536 3548 quidem
3580 3485 3629 3536 id
3662 3485 3795 3551 quod
3829 3503 3929 3537 nu;
3958 3498 4077 3539 ›ιι.ιῑ
4102 3533 4115 3550 ,

2544 3577 2666 3620 sunt
2693 3583 2816 3622 vero
2843 3570 2981 3637 quird
3018 3569 3121 3623 diri
3167 3586 3224 3624 se
3255 3588 3358 3624 non
3392 3572 3563 3625 ferent
3600 3591 3611 3624 :
3644 3591 3708 3626 ex
3735 3575 3919 3626 ordine
3946 3590 4117 3630 nuit-lt)

2542 3657 2855 3711 clericatum
2914 3660 3205 3729 presbyteri
3262 3661 3406 3723 duo,
3467 3670 3521 3713 ct
3575 3662 3781 3716 (liacmri
3838 3666 4068 3731 quia-pre
4101 3706 4115 3727 ,

2543 3749 2729 3814 partim
2762 3747 2970 3815 quidem
3016 3763 3080 3801 ex
3131 3750 3372 3816 impuro,
3407 3751 3597 3817 partim
3645 3766 3707 3803 ex
3758 3752 4116 3805 nraleiicoruru

2544 3855 2762 3891 numero
2789 3840 3089 3908 congregati
3126 3858 3137 3888 :
3172 3856 3267 3892 nec
3297 3856 3420 3892 vero
3458 3842 3569 3892 Seio
3606 3857 3669 3893 an
3701 3849 3865 3893 tntum
3894 3843 3961 3893 sit
3989 3842 4119 3895 tales

2543 3930 2881 3999 presbyteros
2930 3939 3021 3981 aut
3064 3930 3313 3983 diaconos
3361 3945 3553 3983 vocare
3604 3948 3615 3982 :
3667 3946 3732 3984 ex
3783 3932 4117 3996 Imperatoris

2543 4029 2717 4071 autem
2735 4019 2852 4070 aula
2870 4018 2974 4070 duo
2990 4027 3078 4070 aut
3096 4028 3203 4071 tres
3217 4019 3549 4071 solmnmodo
3567 4019 3730 4079 fuere,
3751 4021 3835 4085 qni
3853 4020 4119 4087 'l‘lreoplii«

2545 4107 2651 4159 lum
2681 4108 3018 4173 roborarunt,
3048 4109 3260 4161 militari
3290 4108 3534 4175 pra-sidio
3560 4125 3710 4174 opem
3743 4109 3812 4161 ilir
3846 4110 4071 4163 ferentes
4094 4128 4112 4163 :

2542 4213 2574 4252 e
2600 4198 2907 4251 mulieribus
2931 4207 3122 4267 prarter
3148 4199 3261 4252 illas
3286 4214 3403 4266 qu;e
3429 4199 3581 4265 vulgo
3610 4208 3748 4252 none
3777 4210 3897 4252 stitit
3922 4241 3936 4263 ,
3968 4209 4073 4253 tres
4098 4242 4112 4261 ,

2544 4288 2712 4343 viduae
2755 4291 2965 4358 quidem
2992 4330 3007 4353 ,
3056 4290 3148 4343 sed
3192 4305 3221 4343 a
3263 4291 3390 4342 viris
3436 4288 3623 4343 divites
3667 4290 3851 4354 factte,
3899 4294 4113 4345 multum

2543 4396 2607 4433 ex
2638 4380 2835 4448 rapinis
2880 4380 3156 4447 pecuniam
3202 4379 3535 4447 possidentes
3565 4380 3616 4431 in
3666 4383 3891 4449 propr-im
3932 4382 4115 4435 salutis

2545 4472 2868 4539 perniciem;
2902 4472 3219 4524 tumnltuum
3249 4479 3303 4524 et
3340 4470 3655 4523 seditiorrnm
3699 4475 4065 4528 commotrircs
4099 4492 4111 4525 :

2542 4561 2705 4614 Marsa
2727 4561 2960 4613 Promoti
2989 4577 3141 4623 osor,
3161 4561 3415 4614 Castrieia
3443 4561 3731 4627 Saturnini,
3751 4573 3802 4616 et
3820 4564 4113 4632 Eugraphia

2542 4651 2782 4715 quaid-am
2826 4664 3202 4718 usquequaque
3233 4650 3427 4703 furiosa
3464 4669 3475 4702 :
3511 4651 3709 4718 reliqua
3738 4663 3910 4706 autem
3954 4654 4119 4722 pudet

2544 4742 2742 4795 dicere.
2772 4740 3033 4795 Ctetcrum
3073 4742 3153 4794 ha:
3195 4752 3353 4810 atque
3394 4743 3506 4804 illi,
3539 4741 3688 4795 tardo
3728 4743 3887 4797 corde
3917 4746 3968 4797 in
4014 4745 4116 4797 lide

2544 4846 2663 4884 cum
2688 4832 2812 4895 sint,
2832 4832 2974 4883 velut
3000 4831 3225 4894 phalanx
3257 4834 3431 4884 furore
3456 4830 3623 4893 ebria,
3644 4830 3694 4882 in
3716 4846 3874 4884 unam
3902 4846 4117 4886 senten—

2546 4921 2669 4973 tiarn
2697 4920 2819 4973 odio
2845 4919 3098 4973 doctrina:
3119 4920 3353 4985 adunati,
3380 4919 3522 4971 exitii
3550 4928 3837 4972 torrentem
3864 4922 4116 4976 adversus

2548 5011 2797 5065 Ecclesiae
2829 5025 3008 5079 pacem
3039 5010 3388 5063 concitarunt.
3412 5009 3711 5063 Drac.Velis
3728 5009 3914 5078 igitur,
3938 5006 4110 5071 Pater,

2544 5113 2597 5157 ct
2644 5102 2867 5155 libenter
2894 5102 3024 5154 velis
3064 5114 3243 5154 coram
3274 5099 3386 5152 Deo
3432 5098 3587 5153 nobis
3627 5099 3803 5154 dicere
3828 5141 3841 5162 ,
3877 5100 4017 5153 unde
4062 5109 4113 5151 et

2547 5193 2754 5245 illorum
2808 5190 3067 5245 adversus
3115 5188 3371 5242 Joannem
3423 5189 3641 5253 odium,
3689 5198 3743 5243 et
3791 5205 3909 5260 qua:
3962 5188 4115 5241 fuerit

2544 5283 2763 5337 Joannis
2789 5281 3022 5351 episcOpi
3055 5278 3342 5348 pertinacia
3374 5288 3546 5333 tantas
3570 5289 3855 5348 potestates
3880 5278 4073 5331 lmdere
4100 5296 4113 5329 :

2543 5372 2701 5426 simul
2742 5372 2954 5426 declara
2998 5369 3149 5423 nobis
3180 5368 3319 5424 unde
3347 5369 3505 5422 vitam
3536 5384 3757 5424 exorsus
3796 5369 3900 5431 sit,
3930 5377 3984 5421 et
4012 5383 4116 5437 quo

2547 5470 2699 5530 pacto
2740 5462 2805 5515 ad
2832 5458 3315 5526 Constantinopolis
3342 5460 3703 5527 episcopatum
3747 5457 3816 5509 sit
3858 5465 4070 5510 evectus
4096 5499 4111 5521 ,

2545 5565 2600 5610 et
2623 5564 2820 5624 quanto
2848 5562 3084 5620 tempore
3111 5566 3232 5605 eum
3275 5553 3508 5606 tenuerit
3530 5590 3545 5616 ,
3574 5558 3629 5604 et
3662 5548 3751 5617 qui
3777 5547 3965 5601 fuerint
3999 5549 4117 5619 ejus

2546 5662 2740 5710 mores,
2769 5655 2823 5700 et
2846 5644 2966 5714 quis
2994 5644 3108 5712 ejus
3139 5643 3260 5697 vita:
3293 5644 3431 5708 linis,
3462 5641 3721 5713 siquidem
3748 5650 3983 5696 mortuus
4008 5653 4110 5707 est,

2547 5747 2607 5791 ut
2650 5738 2912 5791 audimus.
2964 5735 3075 5789 Etsi
3131 5750 3226 5805 per
3276 5750 3465 5790 omnes
3524 5732 3752 5787 maxime
3803 5742 4110 5804 pervagatur

2544 5830 2795 5886 mirabilis
2821 5837 2875 5884 et
2917 5838 3096 5883 sancta
3136 5828 3233 5883 viri
3264 5829 3407 5882 illius
3451 5826 3626 5890 fama;
3658 5833 3830 5880 tamen
3862 5828 4109 5882 consuevi

2546 5938 2651 5977 non
2696 5922 2827 5978 adeo
2869 5921 3016 5976 facile
3058 5920 3360 5977 rumoribus
3400 5917 3655 5984 credere,
3698 5919 4001 5989 priusquam
4044 5921 4111 5969 ab
