4466 6694
920 548 984 602 l9
2186 562 2265 617 PA
2276 562 2496 619 LL.\DII
2538 563 2684 620 DIAL

2438 562 2496 619 lli
2538 563 2644 620 [ΠΛ
2655 564 2877 624 LOGL'S
4133 576 4202 636 τέο

918 665 1197 729 postquam
1219 660 1371 717 altari
1397 678 1565 718 annos
1589 665 1828 736 quinque
1855 670 2211 725 ministrasset
2236 714 2250 737 ,
2279 688 2308 726 a
2339 674 2504 729 Melc-

916 748 990 802 tio
1016 748 1278 806 diaconus
1307 753 1603 808 ordinatur.
1652 756 1917 812 Cmternm
1944 800 1959 824 ,
2006 774 2127 813 cum
2169 762 2287 829 ejus
2313 763 2379 815 ad
2407 764 2509 817 do-

916 838 1146 894 cendum
1177 841 1399 895 facultas
1439 844 1550 912 jam
1604 847 2015 914 inclaresceret,
2066 860 2121 904 et
2162 854 2389 920 populus
2439 869 2508 908 ex

919 932 1101 985 stecnli
1131 933 1495 990 amaritudine
1530 937 1867 993 dulcesceret
1895 939 2012 1009 ejus
2054 945 2462 999 conversatione
2495 963 2509 999 :

918 1036 949 1075 a
993 1021 1247 1078 Flaviano
1294 1026 1547 1096 episcopo
1594 1029 1872 1097 presbyter
1926 1031 2225 1092 ordinatur.
2274 1036 2515 1105 Cumque

919 1111 1204 1168 duodecim
1248 1130 1418 1171 annos
1458 1118 1508 1170 in
1552 1117 1794 1173 Ecclesia
1858 1122 2156 1178 Antiochia:
2191 1126 2511 1191 ell‘ulsisset,

918 1216 1107 1258 exacta
1129 1206 1247 1259 vitae
1268 1222 1448 1260 norma
1467 1207 1670 1261 clermn
1690 1212 2106 1268 Antiochensem
2132 1215 2388 1270 illustrat:
2421 1218 2517 1272 hos

923 1296 1197 1363 sapientia:
1224 1299 1333 1351 s.:le
1358 1301 1642 1365 condiens,
1664 1303 1761 1357 hos
1783 1305 2019 1359 doctrina
2044 1308 2370 1370 illuminans,
2398 1311 2514 1363 illos

929 1386 1159 1454 Spiritus
1190 1391 1359 1444 sancti
1382 1391 1628 1446 laticibns
1651 1396 1896 1461 irrigans.
1924 1397 2057 1449 Dum
2084 1399 2196 1451 lucc
2223 1400 2289 1453 ad
2320 1401 2513 1453 Christi

929 1476 1165 1532 ﬁdelium
1197 1480 1634 1549 gubernationem
1663 1486 1862 1553 optime
1890 1486 1969 1540 sic
2002 1489 2323 1554 succedunt,
2354 1491 2515 1543 mori-

928 1578 1016 1623 tur
1041 1569 1231 1625 bcatus
1256 1571 1534 1628 Nectarius
1556 1616 1571 1640 ,
1606 1578 1888 1646 episcopus
1912 1577 2516 1649 Coustantinopolitanzn

926 1657 1205 1714 Ecclesiae.
1239 1661 1393 1716 Tunc
1421 1676 1749 1720 concurrunt
1794 1669 2007 1737 quidam
2034 1672 2125 1739 qui
2172 1686 2277 1725 non
2307 1687 2516 1740 quaireo

922 1748 1119 1804 bantur
1138 1793 1151 1814 ,
1176 1753 1473 1808 ambientes
1497 1756 1896 1824 episcopatum,
1930 1761 2025 1813 viri
2055 1761 2270 1829 quidam
2299 1763 2520 1818 minime

929 1840 1070 1908 viri,
1102 1844 1401 1914 presbyteri
1434 1846 1648 1912 quidem
1684 1846 1962 1917 dignitate,
1993 1854 2087 1906 sed
2113 1853 2412 1907 sacerdotio
2440 1856 2521 1908 in-

922 1931 1068 2001 digni
1102 1935 1219 1987 :alii
1247 1938 1557 2005 prmtorium
1589 1938 1872 2010 fatigantes
1896 1984 1912 2009 ,
1954 1943 2043 1997 alii
2090 1944 2246 1998 donis
2279 1962 2518 2001 corrum-

922 2032 1131 2091 pentcs,
1152 2026 1239 2078 alii
1262 2042 1391 2080 vero
1412 2028 1478 2082 ad
1503 2029 1676 2099 plebis
1702 2033 1864 2086 etiam
1887 2049 2059 2103 genua
2084 2036 2511 2103 procumbentes.

925 2111 1099 2183 Super
1126 2114 1209 2168 his
1225 2131 1596 2173 commovetur
1617 2121 2036 2176 orthodoxornm
2062 2125 2307 2192 populus,
2339 2125 2516 2194 Impe-

928 2213 1162 2258 ratorem
1203 2208 1529 2274 sollicitans,
1588 2212 1870 2265 sacerdotii
1924 2213 2151 2281 peritum
2214 2216 2514 2285 requirens.

924 2296 1197 2349 Summam
1237 2308 1413 2352 autem
1451 2315 1634 2355 rerum
1668 2302 1883 2357 tenebat
1906 2304 2193 2375 EutrOpius
2213 2308 2513 2377 eunuchus,

922 2388 1243 2455 praqiositus
1292 2392 1428 2444 sacri
1484 2393 1739 2447 cubiculi.
1802 2393 1937 2449 Cum
1994 2395 2258 2453 Joannem
2308 2410 2520 2469 Optaret

923 2493 1235 2547 praeponere
1273 2482 1473 2537 civitati
1502 2483 1661 2555 (ejus
1690 2488 1833 2541 cnim
1870 2489 2041 2543 virtus
2080 2501 2203 2544 nuta
2229 2492 2277 2545 ei
2323 2492 2514 2561 fuerat,

921 2583 1041 2622 cum
1063 2569 1621 2644 Imperatorisnegotia
1642 2579 1811 2645 ipsum
1830 2578 1895 2630 ad
1921 2579 2231 2634 interiorem
2255 2584 2515 2637 orientem

922 2659 1305 2730 abduxissent)
1332 2703 1346 2725 ,
1379 2665 1543 2719 efﬁcit
1573 2667 1687 2736 ipse
1715 2679 1765 2721 ut
1800 2669 2094 2738 Imperator
2113 2674 2297 2727 literas
2320 2676 2518 2728 scribat

919 2750 986 2802 ad
1027 2754 1275 2807 comitem
1306 2754 1566 2823 Orientis,
1601 2769 1660 2812 ut
1694 2761 1813 2815 sine
1851 2764 2099 2830 strepitu,
2141 2766 2274 2819 nihil
2299 2776 2516 2820 contur-

922 2842 1052 2897 bans
1095 2846 1433 2901 Antiochiam
1457 2890 1472 2913 ,
1505 2848 1764 2905 Joannem
1798 2854 2087 2909 emitteret.
2123 2855 2170 2909 Is
2197 2857 2375 2911 statim
2425 2873 2514 2914 ac-

921 2936 1091 3003 ceptis
1137 2936 1339 3003 literis,
1390 2939 1635 2995 hortatur
1683 2943 1891 3011 ipsum,
1940 2955 1997 2999 ut
2044 2956 2194 3001 extra
2245 2949 2512 3004 civitatem

925 3041 1096 3096 usque
1140 3027 1211 3082 ad
1237 3029 1520 3102 Mai-tyria.
1558 3036 1709 3100 juxta
1745 3046 1951 3104 portam
1993 3038 2385 3095 Romanensem
2431 3041 2516 3095 di-

923 3126 1085 3180 ctam,
1111 3118 1266 3173 sistat
1292 3136 1351 3175 se
1382 3139 1397 3173 :
1424 3132 1473 3175 et
1506 3123 1729 3192 publica:
1760 3126 1941 3180 rhodie
1973 3129 2303 3197 impositum,
2343 3146 2514 3185 eunu-

922 3208 1026 3262 cho
1075 3210 1141 3263 ad
1204 3210 1256 3264 id
1311 3212 1476 3266 misso
1526 3230 1647 3268 cum
1694 3216 1861 3271 milite
1910 3217 2143 3288 Magistri
2195 3222 2376 3275 tradit.
2428 3224 2516 3278 Sic

922 3298 1185 3355 adductus
1238 3302 1521 3358 ordinatur
1571 3306 1855 3374 episcopus
1906 3310 2511 3381 Constantinopolitanze

924 3389 1199 3445 Ecclesize.
1230 3392 1313 3447 Ab
1350 3393 1504 3447 initio
1551 3394 1709 3464 igitur
1735 3398 2085 3468 Theophilus,
2117 3402 2512 3459 Alexandrinus

919 3480 1236 3549 cpiscopus,
1271 3498 1390 3536 cum
1425 3484 1491 3538 ad
1526 3486 1644 3554 ejus
1668 3488 2058 3544 ordinationem
2086 3494 2349 3557 venisset,
2381 3496 2515 3551 irre-

918 3570 1336 3638 prehensibilem
1367 3572 1484 3641 ejus
1524 3574 1779 3644 loquendi
1806 3577 2104 3633 libertatem
2137 3580 2323 3635 videns
2343 3623 2358 3648 ,
2400 3583 2514 3653 ejus

920 3659 1258 3718 ordinatione
1286 3664 1623 3720 exanimatus
1652 3678 1753 3723 est.
1804 3668 1964 3724 Vafer
1990 3670 2132 3725 enim
2160 3682 2242 3727 est
2291 3689 2360 3728 ex
2393 3675 2512 3744 ipso

919 3750 1171 3820 adspectu
1226 3772 1240 3808 :
1293 3755 1560 3810 occultum
1603 3758 1744 3812 enim
1789 3760 2046 3831 cujusque
2094 3762 2327 3818 hominis
2372 3780 2507 3819 con-

917 3842 1095 3898 silium
1170 3854 1224 3900 et
1283 3856 1518 3903 mentem
1574 3850 1910 3919 dignoscere.
1968 3854 2126 3910 Duc.
2196 3856 2500 3927 Exspecta,

912 3934 1113 4003 Pater,
1154 3947 1215 3991 ut
1260 3953 1426 4007 pauca
1474 3955 1759 4011 opponam.
1802 3945 1980 4001 Episc.
2009 3946 2144 4013 Quid
2189 3947 2293 4003 hoc
2327 3959 2505 4006 autem

922 4026 1154 4082 maxime
1174 4031 1291 4084 est?
1307 4031 1456 4086 Duc.
1479 4032 1533 4087 Si
1556 4033 1677 4087 talis
1697 4044 1779 4088 est
1798 4034 2148 4105 Theophilus,
2168 4048 2225 4092 ut
2244 4040 2309 4092 ad
2333 4041 2505 4094 solum

922 4118 1233 4188 adspeetum
1280 4125 1475 4179 mentis
1503 4127 1616 4180 acie
1662 4128 1840 4183 omnia
1890 4130 2161 4198 pervideat
2196 4132 2508 4200 :quomodo

920 4208 1213 4279 ignoravit,
1260 4217 1492 4285 expulso
1531 4216 1774 4283 Joanne,
1820 4220 2006 4273 orbem
2058 4221 2363 4276 universum
2389 4239 2417 4277 a
2446 4239 2507 4279 se

918 4303 1241 4359 turbandam
1290 4309 1447 4361 esse?
1477 4308 1654 4365 Ertsc.
1689 4311 1802 4366 lloc
1830 4312 2132 4367 mirandum
2162 4330 2265 4367 non
2311 4324 2396 4369 est
2418 4358 2433 4379 ,
2473 4333 2507 4371 ο

916 4395 1138 4464 optime.
1190 4398 1401 4453 Etenim
1438 4400 1709 4457 damiones
1731 4445 1745 4469 ,
1782 4405 1871 4473 qui
1897 4404 2183 4460 adventum
2208 4406 2504 4464 Scrvatoris

915 4485 1255 4543 declararunt
1276 4532 1290 4556 ,
1321 4491 1632 4561 ignorarunt
1654 4510 1761 4549 uno
1781 4496 1983 4551 Christi
2009 4496 2242 4553 ﬁdelium
2273 4509 2418 4555 statu
2445 4517 2504 4558 se

916 4579 1361 4649 constringendos
1391 4598 1537 4638 esse.
1568 4585 1719 4641 Duc.
1756 4588 1853 4642 Ubi
1880 4598 2057 4644 autem
2079 4591 2381 4648 Servatoris
2410 4595 2503 4647 ad-

921 4678 1139 4722 ventum
1168 4670 1546 4726 declararunt?
1578 4675 1758 4730 Erisc.
1792 4679 1924 4732 Cum
1970 4680 2269 4736 clamabant
2296 4702 2311 4738 :
2343 4684 2507 4738 Nori-

921 4775 1031 4813 mus
1052 4769 1100 4812 te
1121 4801 1135 4824 ,
1166 4762 1252 4823 qui
1277 4764 1347 4816 sis
1369 4804 1383 4827 ,
1414 4774 1620 4817 sanctus
1651 4766 1741 4819 Dei
1772 4785 1789 4829 ;
1819 4770 1942 4836 quid
1971 4773 2143 4823 veniin
2165 4783 2284 4824 ante
2311 4783 2506 4842 tempus

918 4859 1151 4919 torquere
1173 4868 1265 4907 nos
1288 4853 1499 4923 (Manli.
1528 4856 1581 4911 8.
1614 4856 1758 4927 29)?
1789 4858 1949 4914 Vides
1973 4868 2027 4915 ut
2078 4871 2202 4916 ante
2238 4866 2508 4919 novissent

919 4956 1023 4995 non
1066 4943 1237 4998 solum
1281 4958 1522 5003 sanctum
1551 4964 1673 5004 eum
1719 4966 1878 5015 esse,
1926 4952 2019 5006 sed
2050 4955 2209 5009 etiam
2250 4956 2501 5025 judicem.

919 5031 1057 5099 Quid
1086 5051 1215 5089 vero
1258 5038 1444 5107 loquor
1469 5039 1535 5095 de
1564 5042 1933 5099 dmmornibus?
1972 5045 2212 5103 infelices
2257 5051 2507 5105 meretri-

916 5124 1053 5180 cula:
1080 5141 1145 5180 ex
1176 5128 1447 5183 oculorum
1478 5140 1616 5186 statu
1637 5142 1813 5189 castos
1834 5137 1975 5191 viros
2000 5137 2322 5209 dignuscunt
2341 5185 2355 5208 ,
2380 5158 2503 5197 eos-

918 5233 1021 5288 que
1046 5229 1363 5275 aversantur
1396 5240 1409 5275 :
1442 5231 1500 5276 ut
1526 5222 1767 5279 inﬁrmus
1791 5228 1975 5281 oculus
2016 5231 2145 5285 solis
2174 5233 2381 5288 radium
2405 5276 2418 5296 ,
2450 5245 2506 5290 et

918 5310 1092 5366 vultur
1121 5322 1467 5382 unguentum.
1503 5315 1655 5372 Unde
1692 5328 1869 5373 autem
1908 5324 2272 5390 peccatoribus
2314 5328 2504 5398 religio

917 5402 1299 5460 abominationi
1331 5414 1448 5473 est,
1481 5407 1528 5461 si
1552 5423 1667 5463 eam
1707 5426 1813 5464 non
1838 5413 2094 5466 nossent?
2119 5413 2207 5470 Sic
2234 5427 2288 5470 et
2330 5419 2504 5473 Theo-

916 5490 1094 5558 philus
1115 5535 1131 5559 ,
1160 5512 1224 5551 ex
1256 5512 1363 5568 quo
1392 5498 1445 5552 in
1475 5497 1697 5555 Joannis
1719 5501 1973 5571 adspectu
2000 5519 2105 5559 non
2139 5506 2337 5561 invenit
2360 5511 2501 5578 quod

915 5583 1086 5637 oculis
1107 5588 1215 5641 suis
1241 5589 1595 5659 responderet
1615 5602 1707 5646 aut
1733 5604 1938 5663 gratum
1969 5606 2137 5663 esset,
2170 5599 2500 5667 conjecmra,

913 5690 1020 5730 non
1059 5688 1205 5733 certa
1254 5683 1472 5739 scientia
1512 5687 1839 5741 contrarium
1885 5689 2185 5759 suspicatus
2215 5701 2315 5745 est.
2349 5691 2498 5749 Duc.

916 5768 1047 5825 Mira
1073 5771 1252 5827 dixisti
1278 5814 1292 5839 ,
1324 5775 1493 5833 Pater.
1530 5778 1637 5834 Cur
1659 5795 1786 5836 vero
1818 5780 2112 5837 obsistebat
2147 5783 2265 5852 ejus
2286 5782 2501 5837 ordina-

915 5864 1084 5918 tioni?
1107 5867 1283 5923 Ense.
1314 5866 1427 5923 Mos
1456 5871 1555 5940 ipsi
1574 5873 1695 5927 talis
1721 5881 1838 5927 erat
1857 5916 1870 5938 ,
1900 5886 1957 5929 ut
1983 5874 2151 5928 bonos
2178 5884 2231 5929 et
2252 5875 2502 5931 cordatus

913 5973 1019 6013 non
1045 5959 1350 6028 ordinaret,
1377 5962 1477 6017 nisi
1509 5964 1717 6031 quando
1746 5980 1841 6020 sua
1862 5981 1983 6021 eum
2010 5967 2318 6035 conjectura
2346 5964 2498 6021 fefel-

2622 677 2771 731 lisset
2805 698 2817 733 :
2850 684 3099 739 omnibus
3140 687 3402 755 imperare
3438 688 3619 744 volens
3653 697 3710 742 ut
3750 690 4011 758 stupidis,
4038 698 4205 751 satius

2612 769 2856 837 judicans
2918 772 3290 843 insipientibus
3328 780 3623 849 imperare,
3669 795 3825 851 quam
3868 782 4203 849 sapientibus

2620 875 2827 929 parere.
2860 861 2907 914 Α
2936 862 3134 919 salubri
3182 875 3359 923 tamen
3404 871 3744 940 providentia
3784 871 3969 926 volens
4016 873 4207 930 nolens

2619 960 2901 1019 superatus
2927 961 3029 1006 est.
3064 954 3154 1009 Sic
3182 959 3461 1015 ordinatus
3491 961 3758 1030 Joannes,
3800 977 3979 1018 rerum
4020 977 4208 1019 curam

2620 1044 2953 1112 aggreditur,
3008 1060 3105 1113 per
3152 1051 3468 1105 rationalem
3519 1055 3749 1109 ﬁstulam
3800 1071 3927 1110 oves
3981 1055 4211 1125 probare

2621 1148 2863 1186 exorsus.
2898 1134 3039 1186 Raro
3067 1144 3244 1189 autem
3272 1140 3532 1197 adhibens
3560 1146 3720 1198 etiam
3750 1146 3941 1214 pedum
3968 1148 4213 1217 increpa-

2622 1224 2812 1281 tiuncs,
2840 1226 3064 1279 intendit
3088 1240 3390 1283 sermonem
3432 1233 3693 1290 adversus
3722 1236 3896 1291 ﬁctam
3922 1240 4213 1306 sororiam,

2626 1320 2682 1364 ut
2710 1324 2935 1379 vocant,
2968 1316 3091 1368 vita!
3118 1318 3470 1385 societatem;
3519 1340 3703 1379 revera
3744 1338 3919 1383 autem
3960 1331 4217 1386 adversus

2621 1401 3033 1459 inverccnndam
3056 1416 3111 1462 et
3144 1408 3436 1479 improbam
3457 1414 3616 1468 vitam
3637 1434 3759 1471 cum
3783 1423 4092 1477 mulieribus
4116 1425 4219 1479 illis

2621 1508 2740 1561 qua:
2770 1494 3018 1550 dicuntur
3047 1500 3462 1556 subintrotlucta}
3489 1543 3505 1568 ,
3535 1506 3850 1573 ostendens,
3887 1513 3931 1564 si
3955 1516 4219 1569 malorum

2623 1583 2779 1638 detur
2800 1588 2965 1654 Optio,
2986 1590 3234 1645 meliores
3255 1592 3370 1646 istis
3385 1593 3602 1648 lenones
3620 1609 3763 1651 esse.
3788 1598 3865 1651 Illi
3887 1602 4028 1654 enim
4052 1604 4215 1673 longe

2622 1689 2652 1728 a
2697 1676 3024 1732 medicorum
3060 1681 3273 1735 officina
3315 1682 3648 1751 habitantes,
3693 1687 3832 1756 apud
3859 1704 3918 1744 se
3964 1694 4211 1749 morbum

2624 1761 2856 1830 habent,
2899 1767 2995 1821 sed
3036 1769 3337 1823 volentibus
3368 1789 3381 1823 :
3412 1772 3463 1825 hi
3491 1783 3667 1827 autem
3700 1775 3752 1829 in
3785 1778 3971 1833 salutis
3999 1781 4217 1837 ofﬁcina

2624 1852 2956 1920 habitantes,
2984 1859 3145 1911 etiam
3194 1873 3354 1912 sanos
3382 1861 3662 1931 impellunt
3689 1866 3756 1920 ad
3789 1868 4054 1924 morbum.
4087 1873 4220 1929 Inde

2624 1960 2746 2013 pars
2775 1947 2937 2013 cieri,
2970 1948 3187 2003 minime
3216 1951 3487 2019 religiosa,
3513 1973 3736 2026 quicque
3776 1962 3962 2016 morbo
3998 1964 4089 2017 illo
4130 1975 4215 2019 te-

2622 2036 2881 2099 nebatur.
2932 2049 3198 2094 commota
3250 2051 3353 2095 est.
3416 2043 3545 2096 Post
3592 2048 3853 2114 ejusmodi
3904 2066 4213 2109 sermonem

2620 2126 2923 2195 aggreditur
2968 2129 3276 2198 injustitiam
3300 2174 3314 2197 ,
3344 2132 3628 2189 destructis
3664 2140 3928 2193 malorum
3973 2146 4214 2200 omnium

2622 2218 2958 2285 metropolim
2985 2260 3000 2279 ,
3044 2222 3358 2287 avaritiam,
3394 2234 3449 2278 ut
3494 2225 3774 2282 mdilicium
3821 2230 4041 2299 justitizc
4083 2251 4217 2290 con-

2622 2316 2873 2362 strueret.
2917 2310 3030 2363 lloc
3079 2312 3221 2365 enim
3252 2316 3528 2383 pr0prium
3568 2327 3649 2371 cst
3690 2322 3989 2387 sapientum
4037 2324 4219 2379 archi-

2626 2406 2884 2453 tectorum
2906 2442 2921 2465 ,
2953 2403 3099 2470 ptius
3128 2405 3388 2459 mendacii
3415 2408 3694 2463 sediiicium
3722 2410 4023 2478 destruere,
4055 2415 4215 2469 deiu—

2622 2491 2690 2547 de
2719 2493 2958 2547 veritatis
2984 2495 3163 2563 jacere
3191 2495 3531 2553 fundamenta
3560 2542 3574 2565 ,
3618 2508 3676 2553 ut
3702 2502 3897 2557 dicitur
3920 2506 4058 2575 apud
4090 2522 4218 2575 pro-

2624 2583 2835 2651 phetam
2865 2604 2876 2637 :
2907 2584 3152 2639 Constitui
3185 2597 3232 2641 te
3260 2605 3411 2657 super
3438 2600 3606 2659 gentes
3632 2602 3679 2646 et
3714 2610 3868 2663 regna
3890 2635 3905 2658 ,
3936 2606 3990 2648 ut
4027 2599 4214 2651 evellas

2622 2686 2666 2726 ιι
2690 2676 2883 2742 planitas
2906 2718 2919 2739 ,
2949 2688 3002 2728 ut
3028 2678 3258 2731 desimus
3297 2690 3342 2731 et
3370 2684 3646 2749 recidi/iras
3685 2683 3828 2751 (Jer.
3875 2688 3924 2739 1.
3956 2686 4059 2757 10)
4096 2705 4108 2752 ;
4147 2690 4216 2742 il-

2622 2763 2710 2817 ind
2738 2764 2950 2832 quidem
2974 2808 2987 2830 ,
3017 2778 3076 2820 ut
3119 2768 3383 2835 agricola;
3428 2770 3529 2825 huc
3559 2783 3736 2826 autem
3766 2784 3822 2827 ut
3865 2774 4213 2833 architectus.

2620 2854 2699 2907 lix
2734 2870 2799 2909 eo
2827 2871 3009 2908 l'ltt‘stls
3046 2858 3386 2925 perturbatur
3412 2875 3533 2928 pars
3572 2876 3756 2915 comm
3800 2865 3890 2932 qui
3931 2868 4208 2936 marsupia

2619 2955 2881 3014 Spectant.
2916 2945 3043 3000 Post
3066 2946 3180 3000 hrcc
3216 2964 3397 3002 curaui
3424 2950 3596 3004 victirs
3640 2967 3823 3006 eorum
3856 2952 4047 3020 habet,
4080 2954 4213 3010 lior-

2622 3043 2740 3088 tans
2767 3050 2861 3089 eos
2893 3046 2949 3089 ut
2978 3038 3216 3091 contenti
3253 3040 3360 3093 sint
3397 3041 3507 3093 suis
3548 3040 3813 3110 obsoniis,
3858 3060 3955 3099 nec
3979 3044 4211 3102 divitum

2620 3124 2838 3180 nidorcs
2863 3138 3184 3196 sequantur,
3218 3145 3285 3182 ne
3305 3170 3319 3193 ,
3347 3131 3471 3185 dum
3503 3132 3692 3186 duceni
3720 3135 3916 3190 habent
3953 3137 4163 3192 fumum
4190 3182 4209 3206 ,

2621 3216 3048 3285 intemperantiae
3079 3218 3184 3289 igni
3210 3221 3487 3274 tradantur
3512 3265 3526 3288 ,
3552 3222 3883 3279 aduiatorum
3921 3239 3973 3280 ct
4002 3230 4213 3295 parasi-

2619 3316 2792 3360 torum
2816 3309 2975 3361 vitain
2999 3310 3206 3364 sectati.
3233 3311 3365 3366 llinc
3387 3313 3624 3382 plerique
3644 3330 3673 3368 e
3698 3315 4003 3371 lureouibus
4022 3335 4210 3374 emer-

2616 3414 2741 3466 gere
2768 3400 3059 3470 incipiunt,
3111 3412 3162 3457 et
3210 3405 3529 3473 copulantur
3570 3408 3848 3463 calumnia:
3890 3410 4207 3467 artiﬁcibus.

2617 3490 2746 3545 Post
2773 3492 2886 3546 hmc
2909 3494 3175 3547 mcoaomi
3206 3495 3412 3549 tabulas
3440 3506 3728 3565 scrutatur,
3749 3508 3803 3553 et
3823 3500 4021 3568 reperit
4046 3518 4205 3558 sum-

2604 3589 2730 3646 ptus
2746 3578 3258 3654 Eeclesiminutiles;
3275 3596 3328 3640 et
3352 3584 3539 3641 horum
3568 3588 3859 3643 subsidium
3883 3605 4094 3646 cessare
4114 3593 4210 3663 ju-

2617 3670 2724 3724 bet.
2754 3670 2910 3725 Vcnit
2937 3672 3057 3728 inde
3084 3674 3150 3727 ad
3177 3674 3560 3731 examinandos
3580 3689 3822 3747 sumptus
3844 3680 4077 3750 episcOpi
4097 3723 4112 3748 ,
4145 3692 4207 3739 et

2614 3761 2817 3817 invenit
2844 3763 3183 3820 immodicam
3216 3767 3605 3837 profusionem;
3649 3780 3807 3841 atque
3837 3772 4046 3827 illorum
4076 3790 4208 3844 pro-

2612 3851 2759 3907 fusos
2787 3863 3027 3924 sumptus
3064 3855 3131 3911 ad
3153 3860 3519 3914 nosocomium
3553 3860 3823 3917 transferri
3848 3863 4020 3933 jubet.
4052 3864 4197 3921 Cum

2612 3953 2787 3998 autem
2816 3947 3105 4002 necessitas
3142 3949 3519 4017 invalesceret,
3550 3952 3700 4021 plura
3734 3956 4039 4009 nosocomia
4071 3956 4207 4012 redi-

2615 4036 2737 4086 licat
2757 4077 2771 4099 ,
2795 4050 3115 4104 prmponens
3161 4040 3498 4109 presbyteros
3521 4042 3636 4110 pios
3656 4044 3827 4107 duos;
3859 4055 4117 4112 prieterea
4142 4057 4205 4101 et

2615 4125 2852 4180 medicos
2874 4135 2929 4181 et
2947 4142 3148 4197 coquos
3169 4138 3327 4199 atque
3347 4130 3515 4184 bonos
3535 4132 3752 4201 opiﬁces
3794 4148 3825 4187 e
3843 4135 4085 4189 caelibum
4107 4152 4203 4190 or-

2612 4214 2738 4271 dine
2756 4216 2823 4271 ad
2840 4231 3026 4272 eorum
3042 4219 3394 4275 ministerium
3422 4239 3435 4275 :
3460 4230 3517 4274 ut
3537 4221 3875 4279 advenientes
3896 4224 4132 4294 hospites
4147 4236 4207 4281 et

2613 4308 2800 4363 morbo
2825 4310 3053 4379 correpti
3079 4322 3414 4377 curarentur,
3436 4312 3596 4385 idque
3617 4329 3736 4369 cum
3760 4328 3975 4384 propter
3999 4316 4201 4372 bonum

2610 4399 2780 4470 ipsum
2803 4443 2818 4467 ,
2850 4410 2959 4455 tum
2987 4411 3206 4472 prapter
3233 4403 3455 4473 gloriam
3478 4402 3794 4458 Servatoris.
3816 4404 3944 4459 Post
3975 4405 4077 4461 hoc
4104 4407 4203 4461 ad-

2609 4505 2765 4549 vocat
2790 4495 3069 4549 viduarum
3100 4495 3343 4550 ordinem
3365 4535 3379 4561 ,
3407 4496 3747 4565 undiquaque
3780 4512 4025 4566 quierens
4050 4513 4203 4568 qna:-

2611 4602 2732 4639 nam
2785 4586 2924 4640 inter
2964 4601 3057 4640 eas
3084 4601 3188 4638 non
3222 4595 3367 4641 recte
3413 4586 3690 4652 viverent;
3723 4596 3779 4641 ct
3800 4588 3843 4640 si
3875 4603 4007 4657 quas
4052 4591 4205 4645 inve-

2612 4676 2781 4730 nisset
2813 4675 3026 4744 corpori
3050 4676 3289 4741 deditas,
3327 4676 3643 4732 admonebat
3685 4686 3742 4733 ut
3762 4689 3852 4732 aut
3872 4679 4199 4747 jejunarent,

2611 4767 2940 4821 absdnentes
2969 4782 2996 4817 a
3028 4766 3231 4821 balneis
3267 4777 3426 4838 atque
3470 4769 3751 4838 exquisitis
3793 4770 4037 4825 vestibus
4062 4786 4076 4835 ;
4106 4780 4202 4825 aut

2615 4860 2855 4928 protinus
2900 4860 2964 4913 ad
3011 4862 3270 4916 secundas
3312 4863 3522 4931 nuptias
3568 4862 3958 4925 concederent,
3998 4877 4068 4916 ne
4114 4862 4202 4916 lex

2614 4951 2824 5006 Domini
2848 4953 3090 5022 injuriam
3119 4963 3404 5023 pateretur.
3444 4954 3646 5008 Deinde
3676 4953 3987 5008 hortabatur
4026 4968 4203 5022 popu-

2611 5043 2724 5109 los,
2752 5053 2806 5097 ut
2835 5044 2887 5099 in
2929 5047 3205 5099 nocturnis
3238 5044 3484 5113 precibus
3508 5043 3708 5099 assidui
3746 5053 3961 5109 essent,
4004 5043 4200 5098 horum

2610 5144 2787 5191 autem
2834 5151 3030 5191 uxores
3074 5136 3221 5189 domi
3271 5143 3584 5199 manerent,
3630 5149 3725 5189 eas
3769 5133 4004 5189 interdiu
4043 5147 4203 5187 orare

2611 5227 2901 5283 exhortans
2924 5268 2940 5295 ,
2968 5228 3107 5298 quod
3136 5228 3233 5280 viri
3264 5225 3498 5280 interdiu
3520 5240 3626 5279 non
3652 5232 3921 5280 vacarent.
3946 5223 4072 5278 llaec
4102 5238 4201 5275 au-

2611 5329 2716 5373 tem
2745 5320 2923 5373 omnia
2964 5318 3228 5387 angebant
3258 5319 3665 5388 negligentiores
3705 5334 3735 5372 e
3763 5318 3942 5380 clero,
3984 5321 4198 5369 noctem

2612 5420 2773 5464 totam
2795 5410 3032 5465 dormire
3054 5410 3257 5464 solitos.
3283 5410 3408 5464 Post
3446 5410 3560 5465 huic
3588 5405 3939 5479 apprehendit
3961 5405 4195 5475 gladium

2610 5504 3043 5574 reprehensionis
3071 5502 3328 5558 adversus
3350 5504 3561 5571 divites,
3590 5503 3876 5556 abscessus
3916 5498 4075 5552 animi
4102 5514 4198 5556 co-

2609 5613 2726 5651 rum
2758 5611 2947 5651 secans
2970 5636 2986 5661 ,
3020 5596 3368 5652 humilitatem
3396 5598 3542 5667 ipsos
3568 5594 3799 5650 edocens
3851 5598 3906 5645 et
3946 5606 4066 5646 cum
4097 5592 4196 5648 ho-

2608 5687 2841 5742 minibus
2866 5686 3087 5756 reliquis
3112 5688 3352 5743 modeste
3371 5702 3565 5756 agere,
3608 5683 3902 5752 apostolico
3951 5687 4188 5739 sermoni

2608 5794 2812 5833 morem
2844 5793 3032 5848 gerens
3052 5820 3066 5845 ,
3096 5780 3185 5850 qui
3214 5788 3298 5835 est
3324 5777 3391 5833 ad
3418 5774 3754 5831 Timotheum
3782 5770 4067 5830 :Diritibus
4094 5778 4193 5829 liu-

2606 5874 2689 5941 jus
2715 5871 2887 5926 surculi
2916 5873 3160 5943 pracipe,
3184 5890 3285 5926 non
3316 5869 3529 5925 sublime
3562 5882 3755 5935 sapere,
3803 5884 3960 5937 neque
3986 5880 4192 5936 sperare

2610 5967 2662 6020 in
2689 5967 2882 6020 incerto
2926 5966 3212 6020 divinarum
3243 5966 3291 6034 (ε
3329 5963 3457 6016 Tim.
3491 5960 3542 6016 G.
3592 5961 3655 6016 17
3756 5959 3888 6016 Cum
3914 5960 4072 6032 igitur
4103 5969 4187 6010 res
