  <div class='ocr_page' id='page_1' title='image "/cluster/home/n/w/nwhite01/storage/ocr_20150623/47/hvd.32044025239690/074.png"; bbox 0 0 4494 6686; ppageno 0'>
   <div class='ocr_carea' id='block_1_1' title="bbox 378 568 3638 634">
    <p class='ocr_par' dir='ltr' id='par_1_1' title="bbox 378 568 3638 634">
     <span class='ocr_line' id='line_1_1' title="bbox 378 568 3638 634; baseline -0.002 -7"><span class='ocrx_word' id='word_1_1' title='bbox 378 578 440 634; x_wconf 76' lang='grc' dir='ltr'>ὶί)</span> <span class='ocrx_word' id='word_1_2' title='bbox 1363 575 1451 630; x_wconf 85' lang='lat' dir='ltr'>DE</span> <span class='ocrx_word' id='word_1_3' title='bbox 1492 573 1654 630; x_wconf 79' lang='lat' dir='ltr'>VITA</span> <span class='ocrx_word' id='word_1_4' title='bbox 1691 571 1747 628; x_wconf 90' lang='lat' dir='ltr'>S.</span> <span class='ocrx_word' id='word_1_5' title='bbox 1786 571 2072 630; x_wconf 71' lang='lat' dir='ltr'>JOANNIS</span> <span class='ocrx_word' id='word_1_6' title='bbox 2111 568 2621 628; x_wconf 73' lang='lat' dir='ltr'>CHRYSOSTOMI.</span> <span class='ocrx_word' id='word_1_7' title='bbox 3565 569 3638 620; x_wconf 67' lang='lat' dir='ltr'>Et)</span> 
     </span>
    </p>
   </div>
   <div class='ocr_carea' id='block_1_2' title="bbox 371 681 1952 755">
    <p class='ocr_par' dir='ltr' id='par_1_2' title="bbox 371 681 1952 755">
     <span class='ocr_line' id='line_1_2' title="bbox 371 681 1952 755; baseline -0.004 -13"><span class='ocrx_word' id='word_1_8' title='bbox 371 691 545 742; x_wconf 85' lang='grc' dir='ltr'>νεῖται</span> <span class='ocrx_word' id='word_1_9' title='bbox 596 686 840 754; x_wconf 88' lang='grc' dir='ltr'>διάκονος</span> <span class='ocrx_word' id='word_1_10' title='bbox 873 689 962 743; x_wconf 86' lang='grc' dir='ltr'>διὰ</span> <span class='ocrx_word' id='word_1_11' title='bbox 1001 685 1089 739; x_wconf 80' lang='grc' dir='ltr'>τοῦ</span> <span class='ocrx_word' id='word_1_12' title='bbox 1127 681 1387 737; x_wconf 77' lang='grc' dir='ltr'>Μελετίου</span> <span class='ocrx_word' id='word_1_13' title='bbox 1421 723 1436 747; x_wconf 91' lang='grc'>,</span> <span class='ocrx_word' id='word_1_14' title='bbox 1487 683 1839 755; x_wconf 76' lang='grc' dir='ltr'>ὑπηρετήσας</span> <span class='ocrx_word' id='word_1_15' title='bbox 1873 683 1952 753; x_wconf 81' lang='grc' dir='ltr'>τῷ</span> 
     </span>
    </p>
   </div>
   <div class='ocr_carea' id='block_1_3' title="bbox 375 765 1955 846">
    <p class='ocr_par' dir='ltr' id='par_1_3' title="bbox 375 765 1955 846">
     <span class='ocr_line' id='line_1_3' title="bbox 375 765 1955 846; baseline -0.003 -22"><span class='ocrx_word' id='word_1_16' title='bbox 375 772 746 846; x_wconf 79' lang='grc' dir='ltr'>θυσιαστηρίῳ</span> <span class='ocrx_word' id='word_1_17' title='bbox 781 774 874 826; x_wconf 85' lang='grc' dir='ltr'>δύο</span> <span class='ocrx_word' id='word_1_18' title='bbox 919 769 1206 840; x_wconf 82' lang='grc' dir='ltr'>πρὸς-τοϊς</span> <span class='ocrx_word' id='word_1_19' title='bbox 1258 767 1438 838; x_wconf 72' lang='grc' dir='ltr'>τρισὶν</span> <span class='ocrx_word' id='word_1_20' title='bbox 1487 765 1685 824; x_wconf 73' lang='grc' dir='ltr'>ἐτεσιν.</span> <span class='ocrx_word' id='word_1_21' title='bbox 1711 769 1850 840; x_wconf 84' lang='grc' dir='ltr'>Ἤδη</span> <span class='ocrx_word' id='word_1_22' title='bbox 1899 768 1955 821; x_wconf 83' lang='grc' dir='ltr'>δὲ</span> 
     </span>
    </p>
   </div>
   <div class='ocr_carea' id='block_1_4' title="bbox 374 849 1954 928">
    <p class='ocr_par' dir='ltr' id='par_1_4' title="bbox 374 849 1954 928">
     <span class='ocr_line' id='line_1_4' title="bbox 374 849 1954 928; baseline -0.006 -16"><span class='ocrx_word' id='word_1_23' title='bbox 374 857 471 928; x_wconf 84' lang='grc' dir='ltr'>τῆς</span> <span class='ocrx_word' id='word_1_24' title='bbox 547 854 931 921; x_wconf 80' lang='grc' dir='ltr'>διδασκαλικῆς</span> <span class='ocrx_word' id='word_1_25' title='bbox 993 849 1160 902; x_wconf 86' lang='grc' dir='ltr'>αὑτοῦ</span> <span class='ocrx_word' id='word_1_26' title='bbox 1225 849 1427 921; x_wconf 84' lang='grc' dir='ltr'>ἀρετῆς</span> <span class='ocrx_word' id='word_1_27' title='bbox 1488 849 1898 924; x_wconf 76' lang='grc' dir='ltr'>διαλαμπούσης</span> <span class='ocrx_word' id='word_1_28' title='bbox 1938 893 1954 917; x_wconf 90' lang='grc'>,</span> 
     </span>
    </p>
   </div>
   <div class='ocr_carea' id='block_1_5' title="bbox 375 933 1955 1006">
    <p class='ocr_par' dir='ltr' id='par_1_5' title="bbox 375 933 1955 1006">
     <span class='ocr_line' id='line_1_5' title="bbox 375 933 1955 1006; baseline -0.005 -10"><span class='ocrx_word' id='word_1_29' title='bbox 375 942 468 997; x_wconf 77' lang='grc' dir='ltr'>καὶ</span> <span class='ocrx_word' id='word_1_30' title='bbox 499 943 607 997; x_wconf 89' lang='grc' dir='ltr'>τῶν</span> <span class='ocrx_word' id='word_1_31' title='bbox 631 939 775 995; x_wconf 86' lang='grc' dir='ltr'>λαῶν</span> <span class='ocrx_word' id='word_1_32' title='bbox 798 939 863 990; x_wconf 83' lang='grc' dir='ltr'>ἐκ</span> <span class='ocrx_word' id='word_1_33' title='bbox 889 935 989 1005; x_wconf 80' lang='grc' dir='ltr'>τῆς</span> <span class='ocrx_word' id='word_1_34' title='bbox 1021 935 1114 988; x_wconf 87' lang='grc' dir='ltr'>τοῦ</span> <span class='ocrx_word' id='word_1_35' title='bbox 1143 935 1258 1003; x_wconf 85' lang='grc' dir='ltr'>βίου</span> <span class='ocrx_word' id='word_1_36' title='bbox 1300 933 1481 1006; x_wconf 81' lang='grc' dir='ltr'>ἀλμης</span> <span class='ocrx_word' id='word_1_37' title='bbox 1513 935 1955 1006; x_wconf 84' lang='grc' dir='ltr'>γλυκαινομένων</span> 
     </span>
    </p>
   </div>
   <div class='ocr_carea' id='block_1_6' title="bbox 378 1017 1956 1094">
    <p class='ocr_par' dir='ltr' id='par_1_6' title="bbox 378 1017 1956 1094">
     <span class='ocr_line' id='line_1_6' title="bbox 378 1017 1956 1094; baseline -0.005 -14"><span class='ocrx_word' id='word_1_38' title='bbox 378 1026 542 1080; x_wconf 80' lang='grc' dir='ltr'>αὑτοῦ</span> <span class='ocrx_word' id='word_1_39' title='bbox 591 1027 656 1094; x_wconf 84' lang='grc' dir='ltr'>τῇ</span> <span class='ocrx_word' id='word_1_40' title='bbox 695 1018 971 1090; x_wconf 78' lang='grc' dir='ltr'>συντυχίᾳ,</span> <span class='ocrx_word' id='word_1_41' title='bbox 1008 1017 1378 1091; x_wconf 88' lang='grc' dir='ltr'>πρεσϐύτερος</span> <span class='ocrx_word' id='word_1_42' title='bbox 1429 1023 1816 1091; x_wconf 64' lang='grc' dir='ltr'>χειροτονεῖται</span> <span class='ocrx_word' id='word_1_43' title='bbox 1867 1017 1956 1072; x_wconf 76' lang='grc' dir='ltr'>διὰ</span> 
     </span>
    </p>
   </div>
   <div class='ocr_carea' id='block_1_7' title="bbox 375 1100 1952 1174">
    <p class='ocr_par' dir='ltr' id='par_1_7' title="bbox 375 1100 1952 1174">
     <span class='ocr_line' id='line_1_7' title="bbox 375 1100 1952 1174; baseline -0.007 -11"><span class='ocrx_word' id='word_1_44' title='bbox 375 1103 675 1164; x_wconf 80' lang='grc' dir='ltr'>Φλαϐιανοῦ</span> <span class='ocrx_word' id='word_1_45' title='bbox 702 1100 796 1155; x_wconf 89' lang='grc' dir='ltr'>τοῦ</span> <span class='ocrx_word' id='word_1_46' title='bbox 830 1100 1151 1154; x_wconf 88' lang='grc' dir='ltr'>ἐπισκόπου.</span> <span class='ocrx_word' id='word_1_47' title='bbox 1193 1103 1302 1155; x_wconf 75' lang='grc' dir='ltr'>Καὶ</span> <span class='ocrx_word' id='word_1_48' title='bbox 1330 1101 1638 1174; x_wconf 75' lang='grc' dir='ltr'>διαπρέψας</span> <span class='ocrx_word' id='word_1_49' title='bbox 1669 1103 1791 1174; x_wconf 79' lang='grc' dir='ltr'>τρὶς</span> <span class='ocrx_word' id='word_1_50' title='bbox 1825 1100 1952 1154; x_wconf 88' lang='grc' dir='ltr'>τέσ-</span> 
     </span>
    </p>
   </div>
   <div class='ocr_carea' id='block_1_8' title="bbox 377 1183 1953 1263">
    <p class='ocr_par' dir='ltr' id='par_1_8' title="bbox 377 1183 1953 1263">
     <span class='ocr_line' id='line_1_8' title="bbox 377 1183 1953 1263; baseline -0.002 -23"><span class='ocrx_word' id='word_1_51' title='bbox 377 1209 520 1263; x_wconf 81' lang='grc' dir='ltr'>σαρα</span> <span class='ocrx_word' id='word_1_52' title='bbox 544 1189 636 1256; x_wconf 79' lang='grc' dir='ltr'>ἐτη</span> <span class='ocrx_word' id='word_1_53' title='bbox 666 1186 725 1236; x_wconf 86' lang='grc' dir='ltr'>ἐν</span> <span class='ocrx_word' id='word_1_54' title='bbox 771 1186 837 1254; x_wconf 83' lang='grc' dir='ltr'>τῇ</span> <span class='ocrx_word' id='word_1_55' title='bbox 882 1183 992 1236; x_wconf 82' lang='grc' dir='ltr'>τῶν</span> <span class='ocrx_word' id='word_1_56' title='bbox 1042 1183 1362 1257; x_wconf 80' lang='grc' dir='ltr'>Ἀντιοχέων</span> <span class='ocrx_word' id='word_1_57' title='bbox 1399 1184 1716 1256; x_wconf 65' lang='grc' dir='ltr'>Ἐκκλησία,</span> <span class='ocrx_word' id='word_1_58' title='bbox 1753 1185 1953 1238; x_wconf 87' lang='grc' dir='ltr'>ἀποσε-</span> 
     </span>
    </p>
   </div>
   <div class='ocr_carea' id='block_1_9' title="bbox 379 1267 1953 1346">
    <p class='ocr_par' dir='ltr' id='par_1_9' title="bbox 379 1267 1953 1346">
     <span class='ocr_line' id='line_1_9' title="bbox 379 1267 1953 1346; baseline -0.004 -18"><span class='ocrx_word' id='word_1_59' title='bbox 379 1273 565 1346; x_wconf 85' lang='grc' dir='ltr'>μνύνει</span> <span class='ocrx_word' id='word_1_60' title='bbox 591 1267 653 1321; x_wconf 89' lang='lat'>16</span> <span class='ocrx_word' id='word_1_61' title='bbox 689 1269 868 1320; x_wconf 82' lang='grc' dir='ltr'>ἐκεῖσε</span> <span class='ocrx_word' id='word_1_62' title='bbox 904 1269 1164 1340; x_wconf 89' lang='grc' dir='ltr'>ίερατεῖον</span> <span class='ocrx_word' id='word_1_63' title='bbox 1194 1274 1262 1342; x_wconf 78' lang='grc' dir='ltr'>τῇ</span> <span class='ocrx_word' id='word_1_64' title='bbox 1281 1270 1375 1324; x_wconf 84' lang='grc' dir='ltr'>τοῦ</span> <span class='ocrx_word' id='word_1_65' title='bbox 1406 1269 1522 1340; x_wconf 89' lang='grc' dir='ltr'>βίου</span> <span class='ocrx_word' id='word_1_66' title='bbox 1536 1269 1953 1341; x_wconf 52' lang='grc' dir='ltr'>ἀκριϐείᾳπεῦς</span> 
     </span>
    </p>
   </div>
   <div class='ocr_carea' id='block_1_10' title="bbox 379 1349 1950 1427">
    <p class='ocr_par' dir='ltr' id='par_1_10' title="bbox 379 1349 1950 1427">
     <span class='ocr_line' id='line_1_10' title="bbox 379 1349 1950 1427; baseline -0.002 -20"><span class='ocrx_word' id='word_1_67' title='bbox 379 1357 478 1426; x_wconf 82' lang='grc' dir='ltr'>μὲν</span> <span class='ocrx_word' id='word_1_68' title='bbox 510 1349 707 1415; x_wconf 81' lang='grc' dir='ltr'>άλίζων</span> <span class='ocrx_word' id='word_1_69' title='bbox 733 1353 800 1422; x_wconf 83' lang='grc' dir='ltr'>τῇ</span> <span class='ocrx_word' id='word_1_70' title='bbox 835 1352 1185 1427; x_wconf 71' lang='grc' dir='ltr'>σωφροσύνῃ,</span> <span class='ocrx_word' id='word_1_71' title='bbox 1230 1355 1356 1418; x_wconf 73' lang='grc' dir='ltr'>τοὺς</span> <span class='ocrx_word' id='word_1_72' title='bbox 1389 1353 1447 1405; x_wconf 84' lang='grc' dir='ltr'>δέ</span> <span class='ocrx_word' id='word_1_73' title='bbox 1478 1351 1728 1421; x_wconf 77' lang='grc' dir='ltr'>φωτίζων</span> <span class='ocrx_word' id='word_1_74' title='bbox 1774 1355 1841 1423; x_wconf 79' lang='grc' dir='ltr'>τῇ</span> <span class='ocrx_word' id='word_1_75' title='bbox 1871 1352 1950 1404; x_wconf 86' lang='grc' dir='ltr'>δι-</span> 
     </span>
    </p>
   </div>
   <div class='ocr_carea' id='block_1_11' title="bbox 374 1433 1952 1504">
    <p class='ocr_par' dir='ltr' id='par_1_11' title="bbox 374 1433 1952 1504">
     <span class='ocr_line' id='line_1_11' title="bbox 374 1433 1952 1504; baseline -0.001 -16"><span class='ocrx_word' id='word_1_76' title='bbox 374 1433 642 1504; x_wconf 74' lang='grc' dir='ltr'>δασκαλία</span> <span class='ocrx_word' id='word_1_77' title='bbox 663 1475 676 1499; x_wconf 93' lang='grc'>,</span> <span class='ocrx_word' id='word_1_78' title='bbox 707 1435 835 1498; x_wconf 75' lang='grc' dir='ltr'>τοὺς</span> <span class='ocrx_word' id='word_1_79' title='bbox 861 1433 919 1487; x_wconf 78' lang='grc' dir='ltr'>δὲ</span> <span class='ocrx_word' id='word_1_80' title='bbox 957 1437 1188 1502; x_wconf 80' lang='grc' dir='ltr'>ποτίζων</span> <span class='ocrx_word' id='word_1_81' title='bbox 1223 1439 1336 1499; x_wconf 85' lang='grc' dir='ltr'>τοῖς</span> <span class='ocrx_word' id='word_1_82' title='bbox 1368 1434 1464 1488; x_wconf 88' lang='grc' dir='ltr'>τοῦ</span> <span class='ocrx_word' id='word_1_83' title='bbox 1505 1436 1824 1504; x_wconf 88' lang='grc' dir='ltr'>Πνεύματος</span> <span class='ocrx_word' id='word_1_84' title='bbox 1855 1435 1952 1487; x_wconf 87' lang='grc' dir='ltr'>νά-</span> 
     </span>
    </p>
   </div>
   <div class='ocr_carea' id='block_1_12' title="bbox 378 1515 1952 1590">
    <p class='ocr_par' dir='ltr' id='par_1_12' title="bbox 378 1515 1952 1590">
     <span class='ocr_line' id='line_1_12' title="bbox 378 1515 1952 1590; baseline -0.001 -19"><span class='ocrx_word' id='word_1_85' title='bbox 378 1534 564 1589; x_wconf 89' lang='grc' dir='ltr'>μασιν.</span> <span class='ocrx_word' id='word_1_86' title='bbox 607 1516 822 1572; x_wconf 83' lang='grc' dir='ltr'>Τούτων</span> <span class='ocrx_word' id='word_1_87' title='bbox 871 1518 928 1572; x_wconf 87' lang='grc' dir='ltr'>δέ</span> <span class='ocrx_word' id='word_1_88' title='bbox 978 1518 1152 1584; x_wconf 81' lang='grc' dir='ltr'>οὕτως</span> <span class='ocrx_word' id='word_1_89' title='bbox 1203 1515 1700 1590; x_wconf 84' lang='grc' dir='ltr'>οὐριοδρομούντων</span> <span class='ocrx_word' id='word_1_90' title='bbox 1752 1519 1820 1587; x_wconf 76' lang='grc' dir='ltr'>τῇ</span> <span class='ocrx_word' id='word_1_91' title='bbox 1857 1517 1952 1569; x_wconf 90' lang='grc' dir='ltr'>τοῦ</span> 
     </span>
    </p>
   </div>
   <div class='ocr_carea' id='block_1_13' title="bbox 374 1598 1953 1675">
    <p class='ocr_par' dir='ltr' id='par_1_13' title="bbox 374 1598 1953 1675">
     <span class='ocr_line' id='line_1_13' title="bbox 374 1598 1953 1675; baseline 0 -21"><span class='ocrx_word' id='word_1_92' title='bbox 374 1601 616 1672; x_wconf 78' lang='grc' dir='ltr'>Χριστοῦ</span> <span class='ocrx_word' id='word_1_93' title='bbox 662 1601 1008 1675; x_wconf 84' lang='grc' dir='ltr'>κυϐερνήσει,</span> <span class='ocrx_word' id='word_1_94' title='bbox 1055 1604 1316 1673; x_wconf 79' lang='grc' dir='ltr'>κοιμᾶται</span> <span class='ocrx_word' id='word_1_95' title='bbox 1358 1603 1388 1654; x_wconf 90' lang='lat'>6</span> <span class='ocrx_word' id='word_1_96' title='bbox 1433 1598 1704 1671; x_wconf 89' lang='grc' dir='ltr'>μακάριος</span> <span class='ocrx_word' id='word_1_97' title='bbox 1736 1600 1953 1654; x_wconf 87' lang='grc' dir='ltr'>Νεκτά-</span> 
     </span>
    </p>
   </div>
   <div class='ocr_carea' id='block_1_14' title="bbox 376 1681 1956 1758">
    <p class='ocr_par' dir='ltr' id='par_1_14' title="bbox 376 1681 1956 1758">
     <span class='ocr_line' id='line_1_14' title="bbox 376 1681 1956 1758; baseline -0.003 -21"><span class='ocrx_word' id='word_1_98' title='bbox 376 1701 510 1756; x_wconf 90' lang='grc' dir='ltr'>ριος,</span> <span class='ocrx_word' id='word_1_99' title='bbox 550 1686 579 1738; x_wconf 94' lang='grc' dir='ltr'>ὀ</span> <span class='ocrx_word' id='word_1_100' title='bbox 610 1686 905 1750; x_wconf 86' lang='grc' dir='ltr'>ἐπίσκοπος</span> <span class='ocrx_word' id='word_1_101' title='bbox 929 1687 1031 1758; x_wconf 81' lang='grc' dir='ltr'>τῆς</span> <span class='ocrx_word' id='word_1_102' title='bbox 1045 1681 1695 1739; x_wconf 82' lang='grc' dir='ltr'>Κωνσταντινουπολιτῶν</span> <span class='ocrx_word' id='word_1_103' title='bbox 1728 1681 1956 1752; x_wconf 88' lang='grc' dir='ltr'>Ἐκκλη-</span> 
     </span>
    </p>
   </div>
   <div class='ocr_carea' id='block_1_15' title="bbox 377 1765 1955 1840">
    <p class='ocr_par' dir='ltr' id='par_1_15' title="bbox 377 1765 1955 1840">
     <span class='ocr_line' id='line_1_15' title="bbox 377 1765 1955 1840; baseline -0.001 -21"><span class='ocrx_word' id='word_1_104' title='bbox 377 1767 520 1830; x_wconf 89' lang='grc' dir='ltr'>σίας.</span> <span class='ocrx_word' id='word_1_105' title='bbox 568 1769 847 1824; x_wconf 73' lang='grc' dir='ltr'>Ἐντεῦθεν</span> <span class='ocrx_word' id='word_1_106' title='bbox 889 1769 1242 1840; x_wconf 88' lang='grc' dir='ltr'>συντρέχουσί</span> <span class='ocrx_word' id='word_1_107' title='bbox 1295 1785 1441 1832; x_wconf 87' lang='grc' dir='ltr'>τινες</span> <span class='ocrx_word' id='word_1_108' title='bbox 1473 1767 1585 1821; x_wconf 91' lang='grc' dir='ltr'>τῶν</span> <span class='ocrx_word' id='word_1_109' title='bbox 1631 1766 1706 1839; x_wconf 80' lang='grc' dir='ltr'>μὴ</span> <span class='ocrx_word' id='word_1_110' title='bbox 1757 1765 1955 1836; x_wconf 80' lang='grc' dir='ltr'>ζητου-</span> 
     </span>
    </p>
   </div>
   <div class='ocr_carea' id='block_1_16' title="bbox 379 1850 1956 1925">
    <p class='ocr_par' dir='ltr' id='par_1_16' title="bbox 379 1850 1956 1925">
     <span class='ocr_line' id='line_1_16' title="bbox 379 1850 1956 1925; baseline -0.003 -19"><span class='ocrx_word' id='word_1_111' title='bbox 379 1851 577 1918; x_wconf 80' lang='grc' dir='ltr'>μένων,</span> <span class='ocrx_word' id='word_1_112' title='bbox 612 1852 1046 1925; x_wconf 78' lang='grc' dir='ltr'>μνηστεύοντεςι</span> <span class='ocrx_word' id='word_1_113' title='bbox 1074 1853 1176 1924; x_wconf 82' lang='grc' dir='ltr'>τὴν</span> <span class='ocrx_word' id='word_1_114' title='bbox 1211 1851 1523 1923; x_wconf 83' lang='grc' dir='ltr'>προεδρίαν,</span> <span class='ocrx_word' id='word_1_115' title='bbox 1567 1850 1762 1922; x_wconf 82' lang='grc' dir='ltr'>ἄνδρες</span> <span class='ocrx_word' id='word_1_116' title='bbox 1811 1850 1956 1911; x_wconf 82' lang='grc' dir='ltr'>τινὲς</span> 
     </span>
    </p>
   </div>
   <div class='ocr_carea' id='block_1_17' title="bbox 374 1932 1957 2009">
    <p class='ocr_par' dir='ltr' id='par_1_17' title="bbox 374 1932 1957 2009">
     <span class='ocr_line' id='line_1_17' title="bbox 374 1932 1957 2009; baseline 0.001 -23"><span class='ocrx_word' id='word_1_117' title='bbox 374 1935 477 1987; x_wconf 84' lang='grc' dir='ltr'>οὑκ</span> <span class='ocrx_word' id='word_1_118' title='bbox 518 1936 727 2008; x_wconf 80' lang='grc' dir='ltr'>ἄνδρες,</span> <span class='ocrx_word' id='word_1_119' title='bbox 764 1936 1128 2009; x_wconf 87' lang='grc' dir='ltr'>πρεσϐύτεροι</span> <span class='ocrx_word' id='word_1_120' title='bbox 1169 1935 1268 2006; x_wconf 84' lang='grc' dir='ltr'>μὲν</span> <span class='ocrx_word' id='word_1_121' title='bbox 1301 1935 1400 2008; x_wconf 79' lang='grc' dir='ltr'>τήν</span> <span class='ocrx_word' id='word_1_122' title='bbox 1427 1934 1617 2000; x_wconf 88' lang='grc' dir='ltr'>ἀξίαν,</span> <span class='ocrx_word' id='word_1_123' title='bbox 1647 1932 1857 1998; x_wconf 86' lang='grc' dir='ltr'>ἀνάξιοι</span> <span class='ocrx_word' id='word_1_124' title='bbox 1898 1933 1957 1988; x_wconf 84' lang='grc' dir='ltr'>δὲ</span> 
     </span>
    </p>
   </div>
   <div class='ocr_carea' id='block_1_18' title="bbox 372 2015 1957 2092">
    <p class='ocr_par' dir='ltr' id='par_1_18' title="bbox 372 2015 1957 2092">
     <span class='ocr_line' id='line_1_18' title="bbox 372 2015 1957 2092; baseline 0.001 -23"><span class='ocrx_word' id='word_1_125' title='bbox 372 2018 474 2087; x_wconf 83' lang='grc' dir='ltr'>τῆς</span> <span class='ocrx_word' id='word_1_126' title='bbox 502 2019 820 2091; x_wconf 77' lang='grc' dir='ltr'>ἱερωσύνης,</span> <span class='ocrx_word' id='word_1_127' title='bbox 838 2021 887 2072; x_wconf 87' lang='grc' dir='ltr'>οί</span> <span class='ocrx_word' id='word_1_128' title='bbox 907 2021 1004 2090; x_wconf 82' lang='grc' dir='ltr'>μὲν</span> <span class='ocrx_word' id='word_1_129' title='bbox 1026 2017 1681 2092; x_wconf 87' lang='grc' dir='ltr'>πραιτωριοκτυποῦντες,</span> <span class='ocrx_word' id='word_1_130' title='bbox 1711 2019 1759 2071; x_wconf 85' lang='grc' dir='ltr'>οί</span> <span class='ocrx_word' id='word_1_131' title='bbox 1779 2017 1838 2071; x_wconf 84' lang='grc' dir='ltr'>δὲ</span> <span class='ocrx_word' id='word_1_132' title='bbox 1861 2015 1957 2071; x_wconf 77' lang='grc' dir='ltr'>καὶ</span> 
     </span>
    </p>
   </div>
   <div class='ocr_carea' id='block_1_19' title="bbox 373 2102 1958 2172">
    <p class='ocr_par' dir='ltr' id='par_1_19' title="bbox 373 2102 1958 2172">
     <span class='ocr_line' id='line_1_19' title="bbox 373 2102 1958 2172; baseline -0.001 -17"><span class='ocrx_word' id='word_1_133' title='bbox 373 2102 830 2172; x_wconf 87' lang='grc' dir='ltr'>δωροδοκοῦντες,</span> <span class='ocrx_word' id='word_1_134' title='bbox 871 2103 1020 2159; x_wconf 79' lang='grc' dir='ltr'>ἄλλοι</span> <span class='ocrx_word' id='word_1_135' title='bbox 1064 2103 1122 2156; x_wconf 76' lang='grc' dir='ltr'>δὲ</span> <span class='ocrx_word' id='word_1_136' title='bbox 1167 2105 1262 2157; x_wconf 80' lang='grc' dir='ltr'>καὶ</span> <span class='ocrx_word' id='word_1_137' title='bbox 1308 2104 1435 2166; x_wconf 77' lang='grc' dir='ltr'>τοὺς</span> <span class='ocrx_word' id='word_1_138' title='bbox 1476 2102 1684 2172; x_wconf 83' lang='grc' dir='ltr'>δήμους</span> <span class='ocrx_word' id='word_1_139' title='bbox 1726 2117 1958 2170; x_wconf 85' lang='grc' dir='ltr'>γονυπε-</span> 
     </span>
    </p>
   </div>
   <div class='ocr_carea' id='block_1_20' title="bbox 373 2183 1954 2255">
    <p class='ocr_par' dir='ltr' id='par_1_20' title="bbox 373 2183 1954 2255">
     <span class='ocr_line' id='line_1_20' title="bbox 373 2183 1954 2255; baseline -0.001 -18"><span class='ocrx_word' id='word_1_140' title='bbox 373 2184 614 2250; x_wconf 80' lang='grc' dir='ltr'>τυῦντες.</span> <span class='ocrx_word' id='word_1_141' title='bbox 645 2187 767 2240; x_wconf 71' lang='grc' dir='ltr'>Ἐπὶ</span> <span class='ocrx_word' id='word_1_142' title='bbox 781 2186 990 2250; x_wconf 84' lang='grc' dir='ltr'>τούτοις</span> <span class='ocrx_word' id='word_1_143' title='bbox 1009 2186 1277 2239; x_wconf 89' lang='grc' dir='ltr'>κλονεῖται</span> <span class='ocrx_word' id='word_1_144' title='bbox 1305 2186 1334 2237; x_wconf 97' lang='lat'>6</span> <span class='ocrx_word' id='word_1_145' title='bbox 1354 2183 1484 2246; x_wconf 79' lang='grc' dir='ltr'>λαὸς</span> <span class='ocrx_word' id='word_1_146' title='bbox 1501 2183 1613 2236; x_wconf 88' lang='grc' dir='ltr'>τῶν</span> <span class='ocrx_word' id='word_1_147' title='bbox 1636 2183 1954 2255; x_wconf 80' lang='grc' dir='ltr'>ὀρθοδόξων,</span> 
     </span>
    </p>
   </div>
   <div class='ocr_carea' id='block_1_21' title="bbox 375 2265 1958 2341">
    <p class='ocr_par' dir='ltr' id='par_1_21' title="bbox 375 2265 1958 2341">
     <span class='ocr_line' id='line_1_21' title="bbox 375 2265 1958 2341; baseline -0.002 -20"><span class='ocrx_word' id='word_1_148' title='bbox 375 2269 711 2323; x_wconf 82' lang='grc' dir='ltr'>διασκύλλων</span> <span class='ocrx_word' id='word_1_149' title='bbox 747 2271 838 2325; x_wconf 80' lang='grc' dir='ltr'>τὸν</span> <span class='ocrx_word' id='word_1_150' title='bbox 877 2270 1133 2341; x_wconf 79' lang='grc' dir='ltr'>βασιλέα,</span> <span class='ocrx_word' id='word_1_151' title='bbox 1167 2266 1444 2338; x_wconf 78' lang='grc' dir='ltr'>ἐπιζητῶν</span> <span class='ocrx_word' id='word_1_152' title='bbox 1484 2265 1579 2319; x_wconf 81' lang='grc' dir='ltr'>τὸν</span> <span class='ocrx_word' id='word_1_153' title='bbox 1612 2267 1958 2335; x_wconf 80' lang='grc' dir='ltr'>ἐπιστήμονα</span> 
     </span>
    </p>
   </div>
   <div class='ocr_carea' id='block_1_22' title="bbox 379 2348 1960 2426">
    <p class='ocr_par' dir='ltr' id='par_1_22' title="bbox 379 2348 1960 2426">
     <span class='ocr_line' id='line_1_22' title="bbox 379 2348 1960 2426; baseline -0.003 -22"><span class='ocrx_word' id='word_1_154' title='bbox 379 2351 477 2422; x_wconf 77' lang='grc' dir='ltr'>τῆς</span> <span class='ocrx_word' id='word_1_155' title='bbox 510 2353 830 2426; x_wconf 73' lang='grc' dir='ltr'>ἱερωσύνης.</span> <span class='ocrx_word' id='word_1_156' title='bbox 877 2353 1131 2424; x_wconf 85' lang='grc' dir='ltr'>Ἐκράτει</span> <span class='ocrx_word' id='word_1_157' title='bbox 1157 2351 1215 2404; x_wconf 85' lang='grc' dir='ltr'>δέ</span> <span class='ocrx_word' id='word_1_158' title='bbox 1242 2350 1352 2403; x_wconf 89' lang='grc' dir='ltr'>τῶν</span> <span class='ocrx_word' id='word_1_159' title='bbox 1383 2348 1729 2420; x_wconf 80' lang='grc' dir='ltr'>πραγμάτων</span> <span class='ocrx_word' id='word_1_160' title='bbox 1753 2348 1960 2418; x_wconf 64' lang='lat' dir='ltr'><em>E6106-</em></span> 
     </span>
    </p>
   </div>
   <div class='ocr_carea' id='block_1_23' title="bbox 377 2430 1958 2507">
    <p class='ocr_par' dir='ltr' id='par_1_23' title="bbox 377 2430 1958 2507">
     <span class='ocr_line' id='line_1_23' title="bbox 377 2430 1958 2507; baseline -0.002 -19"><span class='ocrx_word' id='word_1_161' title='bbox 377 2453 502 2499; x_wconf 88' lang='grc' dir='ltr'>πιος</span> <span class='ocrx_word' id='word_1_162' title='bbox 525 2439 554 2490; x_wconf 91' lang='lat'>6</span> <span class='ocrx_word' id='word_1_163' title='bbox 585 2437 822 2503; x_wconf 86' lang='grc' dir='ltr'>σπάδων,</span> <span class='ocrx_word' id='word_1_164' title='bbox 861 2433 1152 2507; x_wconf 73' lang='grc' dir='ltr'>ἀφηγητής</span> <span class='ocrx_word' id='word_1_165' title='bbox 1185 2433 1295 2488; x_wconf 89' lang='grc' dir='ltr'>τῶν</span> <span class='ocrx_word' id='word_1_166' title='bbox 1325 2431 1620 2503; x_wconf 86' lang='grc' dir='ltr'>βασιλικῶν</span> <span class='ocrx_word' id='word_1_167' title='bbox 1661 2430 1958 2485; x_wconf 88' lang='grc' dir='ltr'>κοιτώνων.</span> 
     </span>
    </p>
   </div>
   <div class='ocr_carea' id='block_1_24' title="bbox 375 2509 1956 2592">
    <p class='ocr_par' dir='ltr' id='par_1_24' title="bbox 375 2509 1956 2592">
     <span class='ocr_line' id='line_1_24' title="bbox 375 2509 1956 2592; baseline -0.004 -19"><span class='ocrx_word' id='word_1_168' title='bbox 375 2519 706 2592; x_wconf 82' lang='grc' dir='ltr'>Βουλόμενος</span> <span class='ocrx_word' id='word_1_169' title='bbox 741 2517 834 2576; x_wconf 74' lang='grc' dir='ltr'>οὖν</span> <span class='ocrx_word' id='word_1_170' title='bbox 860 2521 1022 2574; x_wconf 83' lang='grc' dir='ltr'>αὑτὸν</span> <span class='ocrx_word' id='word_1_171' title='bbox 1045 2517 1386 2590; x_wconf 79' lang='grc' dir='ltr'>παραθέσθαι</span> <span class='ocrx_word' id='word_1_172' title='bbox 1411 2518 1477 2588; x_wconf 77' lang='grc' dir='ltr'>τῇ</span> <span class='ocrx_word' id='word_1_173' title='bbox 1503 2515 1656 2568; x_wconf 87' lang='grc' dir='ltr'>πόλει</span> <span class='ocrx_word' id='word_1_174' title='bbox 1689 2509 1823 2585; x_wconf 77' lang='grc' dir='ltr'>(εἶχε</span> <span class='ocrx_word' id='word_1_175' title='bbox 1845 2513 1956 2585; x_wconf 79' lang='grc' dir='ltr'>γὰρ</span> 
     </span>
    </p>
   </div>
   <div class='ocr_carea' id='block_1_25' title="bbox 378 2597 1957 2679">
    <p class='ocr_par' dir='ltr' id='par_1_25' title="bbox 378 2597 1957 2679">
     <span class='ocr_line' id='line_1_25' title="bbox 378 2597 1957 2679; baseline -0.002 -24"><span class='ocrx_word' id='word_1_176' title='bbox 378 2605 578 2674; x_wconf 83' lang='grc' dir='ltr'>πεῖραν</span> <span class='ocrx_word' id='word_1_177' title='bbox 602 2605 699 2675; x_wconf 80' lang='grc' dir='ltr'>τῆς</span> <span class='ocrx_word' id='word_1_178' title='bbox 725 2605 928 2679; x_wconf 85' lang='grc' dir='ltr'>ἀρετῆς</span> <span class='ocrx_word' id='word_1_179' title='bbox 966 2603 1236 2666; x_wconf 83' lang='grc' dir='ltr'>Ἰωάννου,</span> <span class='ocrx_word' id='word_1_180' title='bbox 1268 2599 1553 2671; x_wconf 81' lang='grc' dir='ltr'>βασιλικῆς</span> <span class='ocrx_word' id='word_1_181' title='bbox 1587 2599 1770 2679; x_wconf 76' lang='grc' dir='ltr'>αίτίας</span> <span class='ocrx_word' id='word_1_182' title='bbox 1791 2597 1957 2652; x_wconf 83' lang='grc' dir='ltr'>αὐτὸν</span> 
     </span>
    </p>
   </div>
   <div class='ocr_carea' id='block_1_26' title="bbox 378 2677 1956 2760">
    <p class='ocr_par' dir='ltr' id='par_1_26' title="bbox 378 2677 1956 2760">
     <span class='ocr_line' id='line_1_26' title="bbox 378 2677 1956 2760; baseline -0.002 -22"><span class='ocrx_word' id='word_1_183' title='bbox 378 2689 460 2749; x_wconf 87' lang='grc' dir='ltr'>είς</span> <span class='ocrx_word' id='word_1_184' title='bbox 511 2677 798 2760; x_wconf 82' lang='grc' dir='ltr'>Ἀνατολὴν</span> <span class='ocrx_word' id='word_1_185' title='bbox 825 2688 923 2760; x_wconf 84' lang='grc' dir='ltr'>τὴν</span> <span class='ocrx_word' id='word_1_186' title='bbox 947 2686 1231 2759; x_wconf 78' lang='grc' dir='ltr'>ἐνδοτέραν</span> <span class='ocrx_word' id='word_1_187' title='bbox 1249 2681 1634 2754; x_wconf 88' lang='grc' dir='ltr'>ἀγαγούσης),</span> <span class='ocrx_word' id='word_1_188' title='bbox 1669 2677 1824 2746; x_wconf 76' lang='grc' dir='ltr'>οὗτος</span> <span class='ocrx_word' id='word_1_189' title='bbox 1849 2698 1956 2736; x_wconf 78' lang='grc' dir='ltr'>παο</span> 
     </span>
    </p>
   </div>
   <div class='ocr_carea' id='block_1_27' title="bbox 378 2764 1956 2842">
    <p class='ocr_par' dir='ltr' id='par_1_27' title="bbox 378 2764 1956 2842">
     <span class='ocr_line' id='line_1_27' title="bbox 378 2764 1956 2842; baseline -0.002 -19"><span class='ocrx_word' id='word_1_190' title='bbox 378 2769 707 2840; x_wconf 75' lang='grc' dir='ltr'>ρασκευάξει</span> <span class='ocrx_word' id='word_1_191' title='bbox 731 2772 823 2826; x_wconf 83' lang='grc' dir='ltr'>τὸν</span> <span class='ocrx_word' id='word_1_192' title='bbox 853 2771 1077 2842; x_wconf 76' lang='grc' dir='ltr'>βασιλέα</span> <span class='ocrx_word' id='word_1_193' title='bbox 1109 2771 1410 2842; x_wconf 89' lang='grc' dir='ltr'>γράμματα</span> <span class='ocrx_word' id='word_1_194' title='bbox 1442 2764 1676 2838; x_wconf 80' lang='grc' dir='ltr'>χαράξαι</span> <span class='ocrx_word' id='word_1_195' title='bbox 1705 2766 1842 2838; x_wconf 85' lang='grc' dir='ltr'>πρὸς</span> <span class='ocrx_word' id='word_1_196' title='bbox 1862 2765 1956 2820; x_wconf 77' lang='grc' dir='ltr'>τὸν</span> 
     </span>
    </p>
   </div>
   <div class='ocr_carea' id='block_1_28' title="bbox 377 2849 1956 2926">
    <p class='ocr_par' dir='ltr' id='par_1_28' title="bbox 377 2849 1956 2926">
     <span class='ocr_line' id='line_1_28' title="bbox 377 2849 1956 2926; baseline -0.004 -19"><span class='ocrx_word' id='word_1_197' title='bbox 377 2853 596 2924; x_wconf 89' lang='grc' dir='ltr'>κόμητα</span> <span class='ocrx_word' id='word_1_198' title='bbox 666 2855 994 2926; x_wconf 80' lang='grc' dir='ltr'>Ἀντιοχείας</span> <span class='ocrx_word' id='word_1_199' title='bbox 1017 2894 1033 2915; x_wconf 86' lang='grc'><strong>.</strong></span> <span class='ocrx_word' id='word_1_200' title='bbox 1115 2851 1356 2924; x_wconf 76' lang='grc' dir='ltr'>ἀψοφητὶ</span> <span class='ocrx_word' id='word_1_201' title='bbox 1423 2849 1804 2918; x_wconf 77' lang='grc' dir='ltr'>ἐξαποστεῖλαι</span> <span class='ocrx_word' id='word_1_202' title='bbox 1860 2849 1956 2903; x_wconf 83' lang='grc' dir='ltr'>τὸν</span> 
     </span>
    </p>
   </div>
   <div class='ocr_carea' id='block_1_29' title="bbox 389 2932 1953 3012">
    <p class='ocr_par' dir='ltr' id='par_1_29' title="bbox 389 2932 1953 3012">
     <span class='ocr_line' id='line_1_29' title="bbox 389 2932 1953 3012; baseline -0.002 -23"><span class='ocrx_word' id='word_1_203' title='bbox 389 2936 662 3009; x_wconf 81' lang='grc' dir='ltr'>Ἰωάννην,</span> <span class='ocrx_word' id='word_1_204' title='bbox 701 2941 775 3012; x_wconf 82' lang='grc' dir='ltr'>μή</span> <span class='ocrx_word' id='word_1_205' title='bbox 804 2938 1116 3010; x_wconf 79' lang='grc' dir='ltr'>ταράξαντα</span> <span class='ocrx_word' id='word_1_206' title='bbox 1155 2937 1256 3009; x_wconf 82' lang='grc' dir='ltr'>τὴν</span> <span class='ocrx_word' id='word_1_207' title='bbox 1293 2933 1628 3004; x_wconf 80' lang='grc' dir='ltr'>Ἀντιοχέων.</span> <span class='ocrx_word' id='word_1_208' title='bbox 1670 2936 1767 2996; x_wconf 84' lang='grc' dir='ltr'>Ὃς</span> <span class='ocrx_word' id='word_1_209' title='bbox 1795 2932 1953 2997; x_wconf 78' lang='grc' dir='ltr'>ἐξαυο</span> 
     </span>
    </p>
   </div>
   <div class='ocr_carea' id='block_1_30' title="bbox 376 3016 1959 3092">
    <p class='ocr_par' dir='ltr' id='par_1_30' title="bbox 376 3016 1959 3092">
     <span class='ocr_line' id='line_1_30' title="bbox 376 3016 1959 3092; baseline -0.003 -20"><span class='ocrx_word' id='word_1_210' title='bbox 376 3019 480 3088; x_wconf 79' lang='grc' dir='ltr'>τῆς</span> <span class='ocrx_word' id='word_1_211' title='bbox 507 3020 799 3091; x_wconf 84' lang='grc' dir='ltr'>δεξάμενος</span> <span class='ocrx_word' id='word_1_212' title='bbox 819 3021 882 3075; x_wconf 84' lang='lat'>16</span> <span class='ocrx_word' id='word_1_213' title='bbox 915 3021 1170 3092; x_wconf 87' lang='grc' dir='ltr'>γράμμα.</span> <span class='ocrx_word' id='word_1_214' title='bbox 1202 3018 1513 3091; x_wconf 89' lang='grc' dir='ltr'>παρακαλεῖ</span> <span class='ocrx_word' id='word_1_215' title='bbox 1528 3016 1693 3070; x_wconf 80' lang='grc' dir='ltr'>αὑτὸν</span> <span class='ocrx_word' id='word_1_216' title='bbox 1720 3016 1826 3082; x_wconf 75' lang='grc' dir='ltr'>ἔξω</span> <span class='ocrx_word' id='word_1_217' title='bbox 1855 3017 1959 3087; x_wconf 83' lang='grc' dir='ltr'>τῆς</span> 
     </span>
    </p>
   </div>
   <div class='ocr_carea' id='block_1_31' title="bbox 380 3097 1959 3174">
    <p class='ocr_par' dir='ltr' id='par_1_31' title="bbox 380 3097 1959 3174">
     <span class='ocr_line' id='line_1_31' title="bbox 380 3097 1959 3174; baseline -0.003 -20"><span class='ocrx_word' id='word_1_218' title='bbox 380 3103 586 3166; x_wconf 80' lang='grc' dir='ltr'>πόλεως</span> <span class='ocrx_word' id='word_1_219' title='bbox 620 3103 872 3172; x_wconf 90' lang='grc' dir='ltr'>γενέσθαι</span> <span class='ocrx_word' id='word_1_220' title='bbox 902 3105 1064 3174; x_wconf 87' lang='grc' dir='ltr'>μέχρι</span> <span class='ocrx_word' id='word_1_221' title='bbox 1101 3102 1211 3156; x_wconf 86' lang='grc' dir='ltr'>τῶν</span> <span class='ocrx_word' id='word_1_222' title='bbox 1226 3099 1582 3171; x_wconf 82' lang='grc' dir='ltr'>Μαρτυρίων,</span> <span class='ocrx_word' id='word_1_223' title='bbox 1609 3097 1836 3169; x_wconf 81' lang='grc' dir='ltr'>πλησίον</span> <span class='ocrx_word' id='word_1_224' title='bbox 1856 3099 1959 3168; x_wconf 77' lang='grc' dir='ltr'>τῆς</span> 
     </span>
    </p>
   </div>
   <div class='ocr_carea' id='block_1_32' title="bbox 380 3182 1960 3258">
    <p class='ocr_par' dir='ltr' id='par_1_32' title="bbox 380 3182 1960 3258">
     <span class='ocr_line' id='line_1_32' title="bbox 380 3182 1960 3258; baseline -0.001 -20"><span class='ocrx_word' id='word_1_225' title='bbox 380 3185 717 3258; x_wconf 78' lang='grc' dir='ltr'>καλουμένης</span> <span class='ocrx_word' id='word_1_226' title='bbox 778 3186 1160 3258; x_wconf 82' lang='grc' dir='ltr'>Ῥωμανησίας</span> <span class='ocrx_word' id='word_1_227' title='bbox 1185 3225 1200 3248; x_wconf 94' lang='grc'>,</span> <span class='ocrx_word' id='word_1_228' title='bbox 1271 3183 1365 3236; x_wconf 70' lang='grc' dir='ltr'>καὶ</span> <span class='ocrx_word' id='word_1_229' title='bbox 1417 3182 1743 3244; x_wconf 87' lang='grc' dir='ltr'>ἐπιϐιϐάσας</span> <span class='ocrx_word' id='word_1_230' title='bbox 1795 3182 1960 3236; x_wconf 76' lang='grc' dir='ltr'>αὑτὸν</span> 
     </span>
    </p>
   </div>
   <div class='ocr_carea' id='block_1_33' title="bbox 375 3264 1960 3340">
    <p class='ocr_par' dir='ltr' id='par_1_33' title="bbox 375 3264 1960 3340">
     <span class='ocr_line' id='line_1_33' title="bbox 375 3264 1960 3340; baseline -0.002 -18"><span class='ocrx_word' id='word_1_231' title='bbox 375 3269 623 3340; x_wconf 79' lang='grc' dir='ltr'>δημοσίῳ</span> <span class='ocrx_word' id='word_1_232' title='bbox 649 3268 836 3340; x_wconf 83' lang='grc' dir='ltr'>ρηδίῳ,</span> <span class='ocrx_word' id='word_1_233' title='bbox 861 3268 1196 3338; x_wconf 85' lang='grc' dir='ltr'>παραδίδωσι</span> <span class='ocrx_word' id='word_1_234' title='bbox 1217 3265 1296 3335; x_wconf 82' lang='grc' dir='ltr'>τῷ</span> <span class='ocrx_word' id='word_1_235' title='bbox 1329 3264 1688 3319; x_wconf 83' lang='grc' dir='ltr'>ἀποσταλέντι</span> <span class='ocrx_word' id='word_1_236' title='bbox 1718 3265 1960 3337; x_wconf 74' lang='grc' dir='ltr'>εὐνούχῳ</span> 
     </span>
    </p>
   </div>
   <div class='ocr_carea' id='block_1_34' title="bbox 378 3348 1961 3425">
    <p class='ocr_par' dir='ltr' id='par_1_34' title="bbox 378 3348 1961 3425">
     <span class='ocr_line' id='line_1_34' title="bbox 378 3348 1961 3425; baseline -0.001 -19"><span class='ocrx_word' id='word_1_237' title='bbox 378 3355 476 3408; x_wconf 60' lang='grc' dir='ltr'>σὺν</span> <span class='ocrx_word' id='word_1_238' title='bbox 510 3353 587 3422; x_wconf 82' lang='grc' dir='ltr'>τῷ</span> <span class='ocrx_word' id='word_1_239' title='bbox 617 3352 920 3425; x_wconf 79' lang='grc' dir='ltr'>στρατιώτῃ</span> <span class='ocrx_word' id='word_1_240' title='bbox 943 3351 1036 3406; x_wconf 87' lang='grc' dir='ltr'>τοῦ</span> <span class='ocrx_word' id='word_1_241' title='bbox 1071 3352 1393 3423; x_wconf 84' lang='grc' dir='ltr'>μαγίστρου.</span> <span class='ocrx_word' id='word_1_242' title='bbox 1422 3348 1610 3413; x_wconf 82' lang='grc' dir='ltr'>υῦτως</span> <span class='ocrx_word' id='word_1_243' title='bbox 1637 3348 1823 3420; x_wconf 79' lang='grc' dir='ltr'>ἀχθεὶς</span> <span class='ocrx_word' id='word_1_244' title='bbox 1846 3368 1961 3420; x_wconf 91' lang='grc' dir='ltr'>χει-</span> 
     </span>
    </p>
   </div>
   <div class='ocr_carea' id='block_1_35' title="bbox 378 3433 1962 3506">
    <p class='ocr_par' dir='ltr' id='par_1_35' title="bbox 378 3433 1962 3506">
     <span class='ocr_line' id='line_1_35' title="bbox 378 3433 1962 3506; baseline -0.001 -18"><span class='ocrx_word' id='word_1_245' title='bbox 378 3438 675 3506; x_wconf 87' lang='grc' dir='ltr'>ροτονεῖται</span> <span class='ocrx_word' id='word_1_246' title='bbox 700 3435 995 3498; x_wconf 80' lang='grc' dir='ltr'>ἐπίσκοπος</span> <span class='ocrx_word' id='word_1_247' title='bbox 1023 3436 1121 3506; x_wconf 76' lang='grc' dir='ltr'>τῆς</span> <span class='ocrx_word' id='word_1_248' title='bbox 1148 3433 1801 3489; x_wconf 84' lang='grc' dir='ltr'>Κωνσταντινουπολιτῶν</span> <span class='ocrx_word' id='word_1_249' title='bbox 1837 3434 1962 3486; x_wconf 88' lang='grc' dir='ltr'>Ἐκ-</span> 
     </span>
    </p>
   </div>
   <div class='ocr_carea' id='block_1_36' title="bbox 374 3513 1963 3588">
    <p class='ocr_par' dir='ltr' id='par_1_36' title="bbox 374 3513 1963 3588">
     <span class='ocr_line' id='line_1_36' title="bbox 374 3513 1963 3588; baseline 0.002 -18"><span class='ocrx_word' id='word_1_250' title='bbox 374 3517 628 3588; x_wconf 82' lang='grc' dir='ltr'>κλησίας.</span> <span class='ocrx_word' id='word_1_251' title='bbox 676 3518 959 3588; x_wconf 76' lang='grc' dir='ltr'>Ἀπαρχῆς</span> <span class='ocrx_word' id='word_1_252' title='bbox 1011 3513 1106 3571; x_wconf 77' lang='grc' dir='ltr'>οὖν</span> <span class='ocrx_word' id='word_1_253' title='bbox 1155 3521 1182 3571; x_wconf 90' lang='lat'>6</span> <span class='ocrx_word' id='word_1_254' title='bbox 1225 3517 1483 3587; x_wconf 83' lang='grc' dir='ltr'>Θεόφιλος</span> <span class='ocrx_word' id='word_1_255' title='bbox 1508 3520 1537 3571; x_wconf 92' lang='lat'>6</span> <span class='ocrx_word' id='word_1_256' title='bbox 1563 3521 1664 3588; x_wconf 82' lang='grc' dir='ltr'>τῆς</span> <span class='ocrx_word' id='word_1_257' title='bbox 1713 3517 1963 3583; x_wconf 81' lang='grc' dir='ltr'>Ἀλεξαν-</span> 
     </span>
    </p>
   </div>
   <div class='ocr_carea' id='block_1_37' title="bbox 373 3599 1963 3673">
    <p class='ocr_par' dir='ltr' id='par_1_37' title="bbox 373 3599 1963 3673">
     <span class='ocr_line' id='line_1_37' title="bbox 373 3599 1963 3673; baseline -0.001 -20"><span class='ocrx_word' id='word_1_258' title='bbox 373 3600 550 3672; x_wconf 85' lang='grc' dir='ltr'>δρέων</span> <span class='ocrx_word' id='word_1_259' title='bbox 576 3603 898 3664; x_wconf 81' lang='grc' dir='ltr'>ἐπίσκοπος,</span> <span class='ocrx_word' id='word_1_260' title='bbox 931 3600 1185 3673; x_wconf 87' lang='grc' dir='ltr'>προσχὼν</span> <span class='ocrx_word' id='word_1_261' title='bbox 1211 3601 1377 3655; x_wconf 85' lang='grc' dir='ltr'>αὐτοῦ</span> <span class='ocrx_word' id='word_1_262' title='bbox 1403 3604 1469 3671; x_wconf 80' lang='grc' dir='ltr'>τῇ</span> <span class='ocrx_word' id='word_1_263' title='bbox 1495 3599 1848 3663; x_wconf 83' lang='grc' dir='ltr'>καταστάσει,</span> <span class='ocrx_word' id='word_1_264' title='bbox 1883 3599 1963 3670; x_wconf 81' lang='grc' dir='ltr'>τῷ</span> 
     </span>
    </p>
   </div>
   <div class='ocr_carea' id='block_1_38' title="bbox 374 3681 1960 3756">
    <p class='ocr_par' dir='ltr' id='par_1_38' title="bbox 374 3681 1960 3756">
     <span class='ocr_line' id='line_1_38' title="bbox 374 3681 1960 3756; baseline -0.001 -20"><span class='ocrx_word' id='word_1_265' title='bbox 374 3683 727 3754; x_wconf 78' lang='grc' dir='ltr'>ἀνεπιλήπτῳ</span> <span class='ocrx_word' id='word_1_266' title='bbox 762 3685 862 3756; x_wconf 80' lang='grc' dir='ltr'>τῆς</span> <span class='ocrx_word' id='word_1_267' title='bbox 905 3683 1254 3755; x_wconf 72' lang='grc' dir='ltr'>παρρησίας,</span> <span class='ocrx_word' id='word_1_268' title='bbox 1305 3681 1568 3752; x_wconf 80' lang='grc' dir='ltr'>ὴψυχώθη</span> <span class='ocrx_word' id='word_1_269' title='bbox 1629 3683 1766 3752; x_wconf 74' lang='grc' dir='ltr'>πρὸς</span> <span class='ocrx_word' id='word_1_270' title='bbox 1809 3681 1907 3752; x_wconf 80' lang='grc' dir='ltr'>τήν</span> <span class='ocrx_word' id='word_1_271' title='bbox 1932 3683 1960 3722; x_wconf 68' lang='grc'>1)</span> 
     </span>
    </p>
   </div>
   <div class='ocr_carea' id='block_1_39' title="bbox 375 3763 1958 3836">
    <p class='ocr_par' dir='ltr' id='par_1_39' title="bbox 375 3763 1958 3836">
     <span class='ocr_line' id='line_1_39' title="bbox 375 3763 1958 3836; baseline -0.001 -18"><span class='ocrx_word' id='word_1_272' title='bbox 375 3766 728 3836; x_wconf 80' lang='grc' dir='ltr'>χειροτονίαν.</span> <span class='ocrx_word' id='word_1_273' title='bbox 759 3767 916 3819; x_wconf 87' lang='grc' dir='ltr'>Ἔστι</span> <span class='ocrx_word' id='word_1_274' title='bbox 954 3765 1064 3835; x_wconf 83' lang='grc' dir='ltr'>γὰρ</span> <span class='ocrx_word' id='word_1_275' title='bbox 1088 3765 1260 3827; x_wconf 73' lang='grc' dir='ltr'>δεινὸς</span> <span class='ocrx_word' id='word_1_276' title='bbox 1286 3766 1352 3817; x_wconf 84' lang='grc' dir='ltr'>ὲκ</span> <span class='ocrx_word' id='word_1_277' title='bbox 1373 3765 1473 3834; x_wconf 83' lang='grc' dir='ltr'>τῆς</span> <span class='ocrx_word' id='word_1_278' title='bbox 1496 3765 1737 3834; x_wconf 79' lang='grc' dir='ltr'>φανερᾶς</span> <span class='ocrx_word' id='word_1_279' title='bbox 1759 3763 1958 3832; x_wconf 73' lang='grc' dir='ltr'>ὅψεως·</span> 
     </span>
    </p>
   </div>
   <div class='ocr_carea' id='block_1_40' title="bbox 375 3845 1956 3917">
    <p class='ocr_par' dir='ltr' id='par_1_40' title="bbox 375 3845 1956 3917">
     <span class='ocr_line' id='line_1_40' title="bbox 375 3845 1956 3917; baseline 0.001 -18"><span class='ocrx_word' id='word_1_280' title='bbox 375 3847 580 3917; x_wconf 80' lang='grc' dir='ltr'>ἀφανὲς</span> <span class='ocrx_word' id='word_1_281' title='bbox 607 3847 715 3916; x_wconf 76' lang='grc' dir='ltr'>γάρ</span> <span class='ocrx_word' id='word_1_282' title='bbox 743 3847 1029 3916; x_wconf 85' lang='grc' dir='ltr'>ἀνθρώπου</span> <span class='ocrx_word' id='word_1_283' title='bbox 1057 3846 1302 3917; x_wconf 91' lang='grc' dir='ltr'>βούλημα</span> <span class='ocrx_word' id='word_1_284' title='bbox 1328 3846 1424 3900; x_wconf 70' lang='grc' dir='ltr'>καὶ</span> <span class='ocrx_word' id='word_1_285' title='bbox 1448 3845 1674 3917; x_wconf 83' lang='grc' dir='ltr'>γνώμην</span> <span class='ocrx_word' id='word_1_286' title='bbox 1705 3847 1956 3902; x_wconf 87' lang='grc' dir='ltr'>συνιδεῖν.</span> 
     </span>
    </p>
   </div>
   <div class='ocr_carea' id='block_1_41' title="bbox 389 3928 1959 4001">
    <p class='ocr_par' dir='ltr' id='par_1_41' title="bbox 389 3928 1959 4001">
     <span class='ocr_line' id='line_1_41' title="bbox 389 3928 1959 4001; baseline -0.001 -18"><span class='ocrx_word' id='word_1_287' title='bbox 389 3929 448 3982; x_wconf 87' lang='lat'>&#39;0</span> <span class='ocrx_word' id='word_1_288' title='bbox 475 3930 658 3983; x_wconf 82' lang='lat' dir='ltr'><strong>AIAK.</strong></span> <span class='ocrx_word' id='word_1_289' title='bbox 693 3928 963 4000; x_wconf 88' lang='grc' dir='ltr'>Ἐπίσχες,</span> <span class='ocrx_word' id='word_1_290' title='bbox 990 3929 1194 4001; x_wconf 78' lang='grc' dir='ltr'>Πάτερ,</span> <span class='ocrx_word' id='word_1_291' title='bbox 1228 3929 1422 4000; x_wconf 83' lang='grc' dir='ltr'>μικρὸν</span> <span class='ocrx_word' id='word_1_292' title='bbox 1456 3929 1865 3998; x_wconf 89' lang='grc' dir='ltr'>ἀνθυπενέγκω.</span> <span class='ocrx_word' id='word_1_293' title='bbox 1901 3929 1959 3982; x_wconf 86' lang='lat'>&#39;0</span> 
     </span>
    </p>
   </div>
   <div class='ocr_carea' id='block_1_42' title="bbox 386 4012 1960 4082">
    <p class='ocr_par' dir='ltr' id='par_1_42' title="bbox 386 4012 1960 4082">
     <span class='ocr_line' id='line_1_42' title="bbox 386 4012 1960 4082; baseline 0.001 -17"><span class='ocrx_word' id='word_1_294' title='bbox 386 4013 635 4066; x_wconf 70' lang='lat' dir='ltr'>‘EHIZK.</span> <span class='ocrx_word' id='word_1_295' title='bbox 651 4012 716 4065; x_wconf 88' lang='grc' dir='ltr'>Τί</span> <span class='ocrx_word' id='word_1_296' title='bbox 733 4012 891 4066; x_wconf 90' lang='grc' dir='ltr'>τοῦτο</span> <span class='ocrx_word' id='word_1_297' title='bbox 911 4012 1179 4082; x_wconf 84' lang='grc' dir='ltr'>μάλιστα;</span> <span class='ocrx_word' id='word_1_298' title='bbox 1218 4013 1277 4066; x_wconf 90' lang='lat'><strong>&#39;0</strong></span> <span class='ocrx_word' id='word_1_299' title='bbox 1299 4013 1484 4065; x_wconf 82' lang='grc' dir='ltr'>ΔΙΑΚ.</span> <span class='ocrx_word' id='word_1_300' title='bbox 1519 4012 1630 4065; x_wconf 78' lang='grc' dir='ltr'>Καὶ</span> <span class='ocrx_word' id='word_1_301' title='bbox 1653 4013 1960 4078; x_wconf 83' lang='grc' dir='ltr'>εἰτοιοῦτος</span> 
     </span>
    </p>
   </div>
   <div class='ocr_carea' id='block_1_43' title="bbox 379 4094 1959 4167">
    <p class='ocr_par' dir='ltr' id='par_1_43' title="bbox 379 4094 1959 4167">
     <span class='ocr_line' id='line_1_43' title="bbox 379 4094 1959 4167; baseline 0 -18"><span class='ocrx_word' id='word_1_302' title='bbox 379 4095 668 4167; x_wconf 82' lang='grc' dir='ltr'>ὑπάρχειό</span> <span class='ocrx_word' id='word_1_303' title='bbox 704 4094 982 4164; x_wconf 80' lang='grc' dir='ltr'>Θεόφιλος,</span> <span class='ocrx_word' id='word_1_304' title='bbox 1011 4095 1087 4159; x_wconf 83' lang='grc' dir='ltr'>ὡς</span> <span class='ocrx_word' id='word_1_305' title='bbox 1115 4095 1251 4166; x_wconf 82' lang='grc' dir='ltr'>πρὸς</span> <span class='ocrx_word' id='word_1_306' title='bbox 1268 4095 1329 4148; x_wconf 90' lang='lat'>16</span> <span class='ocrx_word' id='word_1_307' title='bbox 1357 4094 1575 4166; x_wconf 81' lang='grc' dir='ltr'>βλέπειν</span> <span class='ocrx_word' id='word_1_308' title='bbox 1605 4094 1673 4148; x_wconf 73' lang='grc' dir='ltr'>δι’</span> <span class='ocrx_word' id='word_1_309' title='bbox 1704 4095 1959 4166; x_wconf 86' lang='grc' dir='ltr'>ὀξύτητα,</span> 
     </span>
    </p>
   </div>
   <div class='ocr_carea' id='block_1_44' title="bbox 379 4176 1962 4250">
    <p class='ocr_par' dir='ltr' id='par_1_44' title="bbox 379 4176 1962 4250">
     <span class='ocr_line' id='line_1_44' title="bbox 379 4176 1962 4250; baseline 0 -19"><span class='ocrx_word' id='word_1_310' title='bbox 379 4177 499 4241; x_wconf 87' lang='grc' dir='ltr'>πῶς</span> <span class='ocrx_word' id='word_1_311' title='bbox 538 4176 819 4248; x_wconf 66' lang='grc' dir='ltr'>ἠγνόησεν,</span> <span class='ocrx_word' id='word_1_312' title='bbox 859 4179 941 4231; x_wconf 85' lang='grc' dir='ltr'>ὅτι</span> <span class='ocrx_word' id='word_1_313' title='bbox 978 4178 1075 4248; x_wconf 84' lang='grc' dir='ltr'>τὴν</span> <span class='ocrx_word' id='word_1_314' title='bbox 1107 4177 1432 4250; x_wconf 88' lang='grc' dir='ltr'>οίκουμένην</span> <span class='ocrx_word' id='word_1_315' title='bbox 1458 4176 1683 4250; x_wconf 75' lang='grc' dir='ltr'>ταράξει</span> <span class='ocrx_word' id='word_1_316' title='bbox 1725 4177 1962 4245; x_wconf 80' lang='grc' dir='ltr'>ἐξεώσας</span> 
     </span>
    </p>
   </div>
   <div class='ocr_carea' id='block_1_45' title="bbox 379 4255 1959 4333">
    <p class='ocr_par' dir='ltr' id='par_1_45' title="bbox 379 4255 1959 4333">
     <span class='ocr_line' id='line_1_45' title="bbox 379 4255 1959 4333; baseline -0.001 -17"><span class='ocrx_word' id='word_1_317' title='bbox 379 4261 572 4328; x_wconf 81' lang='grc' dir='ltr'>αὐτόν;</span> <span class='ocrx_word' id='word_1_318' title='bbox 612 4262 674 4316; x_wconf 85' lang='lat'>&#39;0</span> <span class='ocrx_word' id='word_1_319' title='bbox 702 4259 946 4314; x_wconf 70' lang='lat' dir='ltr'>‘EIIIZK.</span> <span class='ocrx_word' id='word_1_320' title='bbox 980 4260 1152 4314; x_wconf 77' lang='grc' dir='ltr'>Τοῦτο</span> <span class='ocrx_word' id='word_1_321' title='bbox 1175 4260 1236 4314; x_wconf 84' lang='grc' dir='ltr'>ού</span> <span class='ocrx_word' id='word_1_322' title='bbox 1276 4255 1669 4333; x_wconf 83' lang='grc' dir='ltr'>θαυμαστὸν,ῶ</span> <span class='ocrx_word' id='word_1_323' title='bbox 1696 4261 1959 4332; x_wconf 86' lang='grc' dir='ltr'>βέλτιστε·</span> 
     </span>
    </p>
   </div>
   <div class='ocr_carea' id='block_1_46' title="bbox 378 4343 1962 4416">
    <p class='ocr_par' dir='ltr' id='par_1_46' title="bbox 378 4343 1962 4416">
     <span class='ocr_line' id='line_1_46' title="bbox 378 4343 1962 4416; baseline -0.001 -18"><span class='ocrx_word' id='word_1_324' title='bbox 378 4344 478 4398; x_wconf 77' lang='grc' dir='ltr'>καὶ</span> <span class='ocrx_word' id='word_1_325' title='bbox 515 4345 625 4416; x_wconf 85' lang='grc' dir='ltr'>γάρ</span> <span class='ocrx_word' id='word_1_326' title='bbox 657 4343 708 4397; x_wconf 84' lang='grc' dir='ltr'>οί</span> <span class='ocrx_word' id='word_1_327' title='bbox 752 4343 1008 4413; x_wconf 89' lang='grc' dir='ltr'>δαίμονες</span> <span class='ocrx_word' id='word_1_328' title='bbox 1048 4343 1417 4416; x_wconf 88' lang='grc' dir='ltr'>γνωρίσαντες</span> <span class='ocrx_word' id='word_1_329' title='bbox 1447 4345 1548 4414; x_wconf 78' lang='grc' dir='ltr'>τήν</span> <span class='ocrx_word' id='word_1_330' title='bbox 1579 4345 1674 4398; x_wconf 90' lang='grc' dir='ltr'>τοῦ</span> <span class='ocrx_word' id='word_1_331' title='bbox 1711 4345 1962 4414; x_wconf 78' lang='grc' dir='ltr'>Σωτῆρος</span> 
     </span>
    </p>
   </div>
   <div class='ocr_carea' id='block_1_47' title="bbox 378 4425 1964 4501">
    <p class='ocr_par' dir='ltr' id='par_1_47' title="bbox 378 4425 1964 4501">
     <span class='ocr_line' id='line_1_47' title="bbox 378 4425 1964 4501; baseline -0.001 -20"><span class='ocrx_word' id='word_1_332' title='bbox 378 4427 694 4498; x_wconf 83' lang='grc' dir='ltr'>ἐπιδημίαν,</span> <span class='ocrx_word' id='word_1_333' title='bbox 713 4425 1008 4496; x_wconf 76' lang='grc' dir='ltr'>ἠγνόησαν,</span> <span class='ocrx_word' id='word_1_334' title='bbox 1042 4428 1124 4480; x_wconf 88' lang='grc' dir='ltr'>ὃτι</span> <span class='ocrx_word' id='word_1_335' title='bbox 1155 4428 1236 4480; x_wconf 84' lang='grc' dir='ltr'>ἐνί</span> <span class='ocrx_word' id='word_1_336' title='bbox 1262 4430 1544 4501; x_wconf 81' lang='grc' dir='ltr'>φυσήματι</span> <span class='ocrx_word' id='word_1_337' title='bbox 1562 4428 1672 4482; x_wconf 84' lang='grc' dir='ltr'>τῶν</span> <span class='ocrx_word' id='word_1_338' title='bbox 1697 4427 1846 4499; x_wconf 86' lang='grc' dir='ltr'>αὑτῷ</span> <span class='ocrx_word' id='word_1_339' title='bbox 1873 4443 1964 4481; x_wconf 82' lang='grc' dir='ltr'>πε-</span> 
     </span>
    </p>
   </div>
   <div class='ocr_carea' id='block_1_48' title="bbox 378 4508 1962 4582">
    <p class='ocr_par' dir='ltr' id='par_1_48' title="bbox 378 4508 1962 4582">
     <span class='ocr_line' id='line_1_48' title="bbox 378 4508 1962 4582; baseline 0.001 -19"><span class='ocrx_word' id='word_1_340' title='bbox 378 4509 748 4564; x_wconf 80' lang='grc' dir='ltr'>πιστευκότων</span> <span class='ocrx_word' id='word_1_341' title='bbox 772 4508 1106 4581; x_wconf 83' lang='grc' dir='ltr'>δεθήσονται.</span> <span class='ocrx_word' id='word_1_342' title='bbox 1143 4509 1201 4564; x_wconf 86' lang='grc' dir='ltr'>Ὅ</span> <span class='ocrx_word' id='word_1_343' title='bbox 1231 4512 1415 4569; x_wconf 77' lang='grc' dir='ltr'>ΔΙΑΚ.</span> <span class='ocrx_word' id='word_1_344' title='bbox 1442 4512 1551 4565; x_wconf 88' lang='grc' dir='ltr'>Ποῦ</span> <span class='ocrx_word' id='word_1_345' title='bbox 1573 4513 1630 4566; x_wconf 79' lang='grc' dir='ltr'>δὲ</span> <span class='ocrx_word' id='word_1_346' title='bbox 1659 4511 1962 4582; x_wconf 89' lang='grc' dir='ltr'>ἐγνώρισαν</span> 
     </span>
    </p>
   </div>
   <div class='ocr_carea' id='block_1_49' title="bbox 377 4591 1965 4664">
    <p class='ocr_par' dir='ltr' id='par_1_49' title="bbox 377 4591 1965 4664">
     <span class='ocr_line' id='line_1_49' title="bbox 377 4591 1965 4664; baseline 0.001 -18"><span class='ocrx_word' id='word_1_347' title='bbox 377 4592 479 4664; x_wconf 82' lang='grc' dir='ltr'>τὴν</span> <span class='ocrx_word' id='word_1_348' title='bbox 518 4592 613 4646; x_wconf 91' lang='grc' dir='ltr'>τοῦ</span> <span class='ocrx_word' id='word_1_349' title='bbox 661 4591 913 4662; x_wconf 82' lang='grc' dir='ltr'>Σωτῆρος</span> <span class='ocrx_word' id='word_1_350' title='bbox 954 4593 1294 4663; x_wconf 88' lang='grc' dir='ltr'>παρουσίαν;</span> <span class='ocrx_word' id='word_1_351' title='bbox 1345 4595 1405 4648; x_wconf 88' lang='lat'>&#39;0</span> <span class='ocrx_word' id='word_1_352' title='bbox 1461 4595 1710 4650; x_wconf 72' lang='lat' dir='ltr'>&#39;EHIZK.</span> <span class='ocrx_word' id='word_1_353' title='bbox 1769 4595 1965 4648; x_wconf 84' lang='grc' dir='ltr'>Ἡνίκα</span> 
     </span>
    </p>
   </div>
   <div class='ocr_carea' id='block_1_50' title="bbox 379 4673 1964 4747">
    <p class='ocr_par' dir='ltr' id='par_1_50' title="bbox 379 4673 1964 4747">
     <span class='ocr_line' id='line_1_50' title="bbox 379 4673 1964 4747; baseline 0.001 -17"><span class='ocrx_word' id='word_1_354' title='bbox 379 4676 576 4730; x_wconf 87' lang='grc' dir='ltr'>ἐϐόων·</span> <span class='ocrx_word' id='word_1_355' title='bbox 618 4674 876 4744; x_wconf 72' lang='grc' dir='ltr'>οἴδαμέν</span> <span class='ocrx_word' id='word_1_356' title='bbox 917 4690 990 4730; x_wconf 78' lang='grc' dir='ltr'>σε</span> <span class='ocrx_word' id='word_1_357' title='bbox 1031 4675 1124 4742; x_wconf 82' lang='grc' dir='ltr'>τίς</span> <span class='ocrx_word' id='word_1_358' title='bbox 1149 4673 1224 4741; x_wconf 79' lang='grc' dir='ltr'>εἴ,</span> <span class='ocrx_word' id='word_1_359' title='bbox 1272 4680 1306 4730; x_wconf 84' lang='grc' dir='ltr'>ό</span> <span class='ocrx_word' id='word_1_360' title='bbox 1337 4677 1506 4747; x_wconf 68' lang='grc' dir='ltr'>ἅγιος</span> <span class='ocrx_word' id='word_1_361' title='bbox 1529 4677 1638 4732; x_wconf 85' lang='grc' dir='ltr'>τοῦ</span> <span class='ocrx_word' id='word_1_362' title='bbox 1682 4676 1871 4732; x_wconf 85' lang='grc' dir='ltr'>Θεοῦ·</span> <span class='ocrx_word' id='word_1_363' title='bbox 1905 4679 1964 4732; x_wconf 83' lang='grc' dir='ltr'>τι</span> 
     </span>
    </p>
   </div>
   <div class='ocr_carea' id='block_1_51' title="bbox 378 4754 1963 4832">
    <p class='ocr_par' dir='ltr' id='par_1_51' title="bbox 378 4754 1963 4832">
     <span class='ocr_line' id='line_1_51' title="bbox 378 4754 1963 4832; baseline 0.001 -19"><span class='ocrx_word' id='word_1_364' title='bbox 378 4754 564 4829; x_wconf 72' lang='grc' dir='ltr'>ἦλθες</span> <span class='ocrx_word' id='word_1_365' title='bbox 611 4757 726 4827; x_wconf 76' lang='grc' dir='ltr'>πρὸ</span> <span class='ocrx_word' id='word_1_366' title='bbox 771 4757 980 4826; x_wconf 82' lang='grc' dir='ltr'>καιροῦ</span> <span class='ocrx_word' id='word_1_367' title='bbox 1009 4757 1351 4823; x_wconf 77' lang='grc' dir='ltr'>βασανίσω</span> <span class='ocrx_word' id='word_1_368' title='bbox 1388 4758 1549 4827; x_wconf 80' lang='grc' dir='ltr'>ἡμᾶς</span> <span class='ocrx_word' id='word_1_369' title='bbox 1569 4777 1587 4826; x_wconf 88' lang='grc'><em>;</em></span> <span class='ocrx_word' id='word_1_370' title='bbox 1637 4761 1824 4832; x_wconf 79' lang='grc' dir='ltr'>Ὁρᾷς,</span> <span class='ocrx_word' id='word_1_371' title='bbox 1877 4762 1963 4815; x_wconf 75' lang='grc' dir='ltr'>ὅτι</span> 
     </span>
    </p>
   </div>
   <div class='ocr_carea' id='block_1_52' title="bbox 385 4839 1966 4915">
    <p class='ocr_par' dir='ltr' id='par_1_52' title="bbox 385 4839 1966 4915">
     <span class='ocr_line' id='line_1_52' title="bbox 385 4839 1966 4915; baseline 0.002 -19"><span class='ocrx_word' id='word_1_372' title='bbox 385 4841 745 4915; x_wconf 73' lang='grc' dir='ltr'>προῄδεισαν,</span> <span class='ocrx_word' id='word_1_373' title='bbox 786 4841 854 4895; x_wconf 62' lang='grc' dir='ltr'>οὐ.</span> <span class='ocrx_word' id='word_1_374' title='bbox 885 4839 1044 4912; x_wconf 77' lang='grc' dir='ltr'>μόνον</span> <span class='ocrx_word' id='word_1_375' title='bbox 1089 4841 1172 4894; x_wconf 79' lang='grc' dir='ltr'>ὅτι</span> <span class='ocrx_word' id='word_1_376' title='bbox 1205 4840 1359 4908; x_wconf 80' lang='grc' dir='ltr'>άγιός</span> <span class='ocrx_word' id='word_1_377' title='bbox 1397 4843 1566 4907; x_wconf 85' lang='grc' dir='ltr'>ἐστιν,</span> <span class='ocrx_word' id='word_1_378' title='bbox 1611 4843 1726 4899; x_wconf 85' lang='grc' dir='ltr'>ἀλλ’</span> <span class='ocrx_word' id='word_1_379' title='bbox 1755 4846 1839 4898; x_wconf 78' lang='grc' dir='ltr'>ὅτι</span> <span class='ocrx_word' id='word_1_380' title='bbox 1870 4846 1966 4899; x_wconf 77' lang='grc' dir='ltr'>καὶ</span> 
     </span>
    </p>
   </div>
   <div class='ocr_carea' id='block_1_53' title="bbox 379 4923 1960 4998">
    <p class='ocr_par' dir='ltr' id='par_1_53' title="bbox 379 4923 1960 4998">
     <span class='ocr_line' id='line_1_53' title="bbox 379 4923 1960 4998; baseline 0.001 -18"><span class='ocrx_word' id='word_1_381' title='bbox 379 4927 598 4998; x_wconf 85' lang='grc' dir='ltr'>κριτής.</span> <span class='ocrx_word' id='word_1_382' title='bbox 639 4924 704 4978; x_wconf 89' lang='grc' dir='ltr'>Τί</span> <span class='ocrx_word' id='word_1_383' title='bbox 731 4923 786 4977; x_wconf 89' lang='grc' dir='ltr'>δέ</span> <span class='ocrx_word' id='word_1_384' title='bbox 811 4925 956 4992; x_wconf 86' lang='grc' dir='ltr'>λέγω</span> <span class='ocrx_word' id='word_1_385' title='bbox 985 4923 1114 4994; x_wconf 80' lang='grc' dir='ltr'>περὶ</span> <span class='ocrx_word' id='word_1_386' title='bbox 1135 4923 1244 4976; x_wconf 89' lang='grc' dir='ltr'>τῶν</span> <span class='ocrx_word' id='word_1_387' title='bbox 1270 4923 1570 4993; x_wconf 87' lang='grc' dir='ltr'>δαιμόνων;</span> <span class='ocrx_word' id='word_1_388' title='bbox 1598 4927 1654 4978; x_wconf 89' lang='grc' dir='ltr'>αί</span> <span class='ocrx_word' id='word_1_389' title='bbox 1699 4927 1960 4980; x_wconf 87' lang='grc' dir='ltr'>κακοδαί-</span> 
     </span>
    </p>
   </div>
   <div class='ocr_carea' id='block_1_54' title="bbox 383 5006 1965 5081">
    <p class='ocr_par' dir='ltr' id='par_1_54' title="bbox 383 5006 1965 5081">
     <span class='ocr_line' id='line_1_54' title="bbox 383 5006 1965 5081; baseline 0 -17"><span class='ocrx_word' id='word_1_390' title='bbox 383 5026 547 5080; x_wconf 89' lang='grc' dir='ltr'>μονες</span> <span class='ocrx_word' id='word_1_391' title='bbox 573 5009 682 5062; x_wconf 89' lang='grc' dir='ltr'>τῶν</span> <span class='ocrx_word' id='word_1_392' title='bbox 707 5009 988 5081; x_wconf 73' lang='grc' dir='ltr'>ἑταιρίδων</span> <span class='ocrx_word' id='word_1_393' title='bbox 1013 5010 1076 5062; x_wconf 93' lang='grc' dir='ltr'>ἐκ</span> <span class='ocrx_word' id='word_1_394' title='bbox 1107 5008 1206 5079; x_wconf 80' lang='grc' dir='ltr'>τῆς</span> <span class='ocrx_word' id='word_1_395' title='bbox 1226 5006 1334 5060; x_wconf 90' lang='grc' dir='ltr'>τῶν</span> <span class='ocrx_word' id='word_1_396' title='bbox 1359 5006 1655 5077; x_wconf 82' lang='grc' dir='ltr'>ὀφθαλμῶν</span> <span class='ocrx_word' id='word_1_397' title='bbox 1686 5010 1965 5064; x_wconf 88' lang='grc' dir='ltr'>καταστά-</span> 
     </span>
    </p>
   </div>
   <div class='ocr_carea' id='block_1_55' title="bbox 382 5090 1961 5165">
    <p class='ocr_par' dir='ltr' id='par_1_55' title="bbox 382 5090 1961 5165">
     <span class='ocr_line' id='line_1_55' title="bbox 382 5090 1961 5165; baseline 0 -17"><span class='ocrx_word' id='word_1_398' title='bbox 382 5111 523 5159; x_wconf 91' lang='grc' dir='ltr'>σεως</span> <span class='ocrx_word' id='word_1_399' title='bbox 552 5093 875 5165; x_wconf 81' lang='grc' dir='ltr'>γνωρίζουσι</span> <span class='ocrx_word' id='word_1_400' title='bbox 907 5093 1034 5157; x_wconf 83' lang='grc' dir='ltr'>τοὺς</span> <span class='ocrx_word' id='word_1_401' title='bbox 1086 5091 1370 5164; x_wconf 74' lang='grc' dir='ltr'>σώφρονας</span> <span class='ocrx_word' id='word_1_402' title='bbox 1414 5090 1636 5163; x_wconf 79' lang='grc' dir='ltr'>ἄνδρας,</span> <span class='ocrx_word' id='word_1_403' title='bbox 1673 5094 1768 5147; x_wconf 81' lang='grc' dir='ltr'>καὶ</span> <span class='ocrx_word' id='word_1_404' title='bbox 1820 5095 1961 5148; x_wconf 87' lang='grc' dir='ltr'>ἀπο-</span> 
     </span>
    </p>
   </div>
   <div class='ocr_carea' id='block_1_56' title="bbox 383 5175 1961 5250">
    <p class='ocr_par' dir='ltr' id='par_1_56' title="bbox 383 5175 1961 5250">
     <span class='ocr_line' id='line_1_56' title="bbox 383 5175 1961 5250; baseline 0 -20"><span class='ocrx_word' id='word_1_405' title='bbox 383 5178 734 5250; x_wconf 82' lang='grc' dir='ltr'>στρέφονται,</span> <span class='ocrx_word' id='word_1_406' title='bbox 770 5177 958 5250; x_wconf 86' lang='grc' dir='ltr'>ῶσπερ</span> <span class='ocrx_word' id='word_1_407' title='bbox 990 5178 1018 5230; x_wconf 91' lang='lat'>6</span> <span class='ocrx_word' id='word_1_408' title='bbox 1044 5178 1214 5231; x_wconf 89' lang='grc' dir='ltr'>νοσῶν</span> <span class='ocrx_word' id='word_1_409' title='bbox 1243 5175 1520 5245; x_wconf 76' lang='grc' dir='ltr'>ὀφθαλμὸς</span> <span class='ocrx_word' id='word_1_410' title='bbox 1547 5177 1647 5247; x_wconf 82' lang='grc' dir='ltr'>τὴν</span> <span class='ocrx_word' id='word_1_411' title='bbox 1680 5175 1775 5229; x_wconf 85' lang='grc' dir='ltr'>τοῦ</span> <span class='ocrx_word' id='word_1_412' title='bbox 1807 5177 1961 5247; x_wconf 80' lang='grc' dir='ltr'>ἡλίου</span> 
     </span>
    </p>
   </div>
   <div class='ocr_carea' id='block_1_57' title="bbox 381 5259 1964 5334">
    <p class='ocr_par' dir='ltr' id='par_1_57' title="bbox 381 5259 1964 5334">
     <span class='ocr_line' id='line_1_57' title="bbox 381 5259 1964 5334; baseline 0.001 -21"><span class='ocrx_word' id='word_1_413' title='bbox 381 5260 600 5334; x_wconf 82' lang='grc' dir='ltr'>αῐγλην,</span> <span class='ocrx_word' id='word_1_414' title='bbox 630 5262 723 5317; x_wconf 78' lang='grc' dir='ltr'>καὶ</span> <span class='ocrx_word' id='word_1_415' title='bbox 750 5264 778 5316; x_wconf 90' lang='lat'>6</span> <span class='ocrx_word' id='word_1_416' title='bbox 807 5262 921 5332; x_wconf 78' lang='grc' dir='ltr'>γὺψ</span> <span class='ocrx_word' id='word_1_417' title='bbox 953 5262 1012 5316; x_wconf 86' lang='lat'>16</span> <span class='ocrx_word' id='word_1_418' title='bbox 1045 5261 1236 5334; x_wconf 89' lang='grc' dir='ltr'>μύρον.</span> <span class='ocrx_word' id='word_1_419' title='bbox 1266 5259 1436 5315; x_wconf 85' lang='grc' dir='ltr'>Πόθεν</span> <span class='ocrx_word' id='word_1_420' title='bbox 1463 5259 1519 5313; x_wconf 81' lang='grc' dir='ltr'>δὲ</span> <span class='ocrx_word' id='word_1_421' title='bbox 1563 5259 1644 5323; x_wconf 86' lang='lat'><em>16,</em></span> <span class='ocrx_word' id='word_1_422' title='bbox 1674 5259 1964 5330; x_wconf 75' lang='grc' dir='ltr'>Βδέλυγμα</span> 
     </span>
    </p>
   </div>
   <div class='ocr_carea' id='block_1_58' title="bbox 384 5342 1964 5416">
    <p class='ocr_par' dir='ltr' id='par_1_58' title="bbox 384 5342 1964 5416">
     <span class='ocr_line' id='line_1_58' title="bbox 384 5342 1964 5416; baseline -0.001 -20"><span class='ocrx_word' id='word_1_423' title='bbox 384 5344 727 5416; x_wconf 84' lang='grc' dir='ltr'>ἁμαρτωλοῖς</span> <span class='ocrx_word' id='word_1_424' title='bbox 750 5345 1050 5410; x_wconf 86' lang='grc' dir='ltr'>θεοσέϐεια,</span> <span class='ocrx_word' id='word_1_425' title='bbox 1074 5346 1214 5416; x_wconf 81' lang='grc' dir='ltr'>εἰμὴ</span> <span class='ocrx_word' id='word_1_426' title='bbox 1235 5343 1436 5415; x_wconf 90' lang='grc' dir='ltr'>ταύτην</span> <span class='ocrx_word' id='word_1_427' title='bbox 1461 5342 1780 5416; x_wconf 78' lang='grc' dir='ltr'>ἑγνώριζον;</span> <span class='ocrx_word' id='word_1_428' title='bbox 1807 5342 1964 5398; x_wconf 78' lang='grc' dir='ltr'>Οὕτω</span> 
     </span>
    </p>
   </div>
   <div class='ocr_carea' id='block_1_59' title="bbox 384 5425 1961 5500">
    <p class='ocr_par' dir='ltr' id='par_1_59' title="bbox 384 5425 1961 5500">
     <span class='ocr_line' id='line_1_59' title="bbox 384 5425 1961 5500; baseline 0.003 -25"><span class='ocrx_word' id='word_1_429' title='bbox 384 5427 479 5477; x_wconf 73' lang='grc' dir='ltr'>καὶ</span> <span class='ocrx_word' id='word_1_430' title='bbox 503 5429 531 5479; x_wconf 88' lang='lat'>6</span> <span class='ocrx_word' id='word_1_431' title='bbox 559 5429 835 5500; x_wconf 83' lang='grc' dir='ltr'>Θεόφιλος,</span> <span class='ocrx_word' id='word_1_432' title='bbox 864 5429 923 5495; x_wconf 77' lang='grc' dir='ltr'>ἐξ</span> <span class='ocrx_word' id='word_1_433' title='bbox 959 5425 1034 5484; x_wconf 82' lang='grc' dir='ltr'>ὧν</span> <span class='ocrx_word' id='word_1_434' title='bbox 1065 5428 1158 5482; x_wconf 86' lang='grc' dir='ltr'>τοῦ</span> <span class='ocrx_word' id='word_1_435' title='bbox 1197 5429 1327 5483; x_wconf 76' lang='grc' dir='ltr'>ἰδίου</span> <span class='ocrx_word' id='word_1_436' title='bbox 1362 5427 1644 5500; x_wconf 80' lang='grc' dir='ltr'>ὀφθαλμοῦ</span> <span class='ocrx_word' id='word_1_437' title='bbox 1671 5428 1735 5480; x_wconf 87' lang='lat'>16</span> <span class='ocrx_word' id='word_1_438' title='bbox 1754 5427 1961 5481; x_wconf 83' lang='grc' dir='ltr'>κατάλ-</span> 
     </span>
    </p>
   </div>
   <div class='ocr_carea' id='block_1_60' title="bbox 383 5505 1963 5585">
    <p class='ocr_par' dir='ltr' id='par_1_60' title="bbox 383 5505 1963 5585">
     <span class='ocr_line' id='line_1_60' title="bbox 383 5505 1963 5585; baseline 0.003 -26"><span class='ocrx_word' id='word_1_439' title='bbox 383 5505 544 5585; x_wconf 79' lang='grc' dir='ltr'>ληλον</span> <span class='ocrx_word' id='word_1_440' title='bbox 582 5511 615 5581; x_wconf 84' lang='grc' dir='ltr'><strong>ἢ</strong></span> <span class='ocrx_word' id='word_1_441' title='bbox 645 5514 704 5566; x_wconf 97' lang='lat'>16</span> <span class='ocrx_word' id='word_1_442' title='bbox 733 5513 1074 5584; x_wconf 89' lang='grc' dir='ltr'>καταθύμιον</span> <span class='ocrx_word' id='word_1_443' title='bbox 1099 5515 1155 5567; x_wconf 90' lang='grc' dir='ltr'>ἐν</span> <span class='ocrx_word' id='word_1_444' title='bbox 1183 5515 1248 5585; x_wconf 84' lang='grc' dir='ltr'>τῇ</span> <span class='ocrx_word' id='word_1_445' title='bbox 1280 5512 1376 5566; x_wconf 86' lang='grc' dir='ltr'>τοῦ</span> <span class='ocrx_word' id='word_1_446' title='bbox 1434 5513 1681 5567; x_wconf 83' lang='grc' dir='ltr'>Ἰωάννου</span> <span class='ocrx_word' id='word_1_447' title='bbox 1709 5511 1829 5581; x_wconf 82' lang='grc' dir='ltr'>δψει</span> <span class='ocrx_word' id='word_1_448' title='bbox 1862 5512 1963 5582; x_wconf 82' lang='grc' dir='ltr'>οὐχ</span> 
     </span>
    </p>
   </div>
   <div class='ocr_carea' id='block_1_61' title="bbox 386 5583 1964 5666">
    <p class='ocr_par' dir='ltr' id='par_1_61' title="bbox 386 5583 1964 5666">
     <span class='ocr_line' id='line_1_61' title="bbox 386 5583 1964 5666; baseline -0.004 -13"><span class='ocrx_word' id='word_1_449' title='bbox 386 5583 568 5661; x_wconf 69' lang='grc' dir='ltr'>εὗρεν.</span> <span class='ocrx_word' id='word_1_450' title='bbox 605 5598 976 5666; x_wconf 84' lang='grc' dir='ltr'>στοχαστικῶς</span> <span class='ocrx_word' id='word_1_451' title='bbox 1007 5598 1067 5650; x_wconf 86' lang='lat'>16</span> <span class='ocrx_word' id='word_1_452' title='bbox 1098 5583 1338 5651; x_wconf 79' lang='grc' dir='ltr'>ἐναντίον</span> <span class='ocrx_word' id='word_1_453' title='bbox 1362 5596 1724 5662; x_wconf 84' lang='grc' dir='ltr'>ὑπετόπασεν,</span> <span class='ocrx_word' id='word_1_454' title='bbox 1757 5595 1819 5648; x_wconf 87' lang='grc' dir='ltr'>ού</span> <span class='ocrx_word' id='word_1_455' title='bbox 1861 5611 1964 5648; x_wconf 89' lang='grc' dir='ltr'>κα-</span> 
     </span>
    </p>
   </div>
   <div class='ocr_carea' id='block_1_62' title="bbox 388 5674 1962 5754">
    <p class='ocr_par' dir='ltr' id='par_1_62' title="bbox 388 5674 1962 5754">
     <span class='ocr_line' id='line_1_62' title="bbox 388 5674 1962 5754; baseline 0.004 -27"><span class='ocrx_word' id='word_1_456' title='bbox 388 5674 758 5744; x_wconf 78' lang='grc' dir='ltr'>ταληπτικῶς.</span> <span class='ocrx_word' id='word_1_457' title='bbox 803 5681 862 5733; x_wconf 85' lang='grc' dir='ltr'><strong>Ὀ</strong></span> <span class='ocrx_word' id='word_1_458' title='bbox 879 5684 1062 5736; x_wconf 79' lang='grc' dir='ltr'>ΔΙΑΚ.</span> <span class='ocrx_word' id='word_1_459' title='bbox 1095 5683 1426 5754; x_wconf 82' lang='grc' dir='ltr'>Θαυμασίως</span> <span class='ocrx_word' id='word_1_460' title='bbox 1465 5681 1696 5754; x_wconf 73' lang='grc' dir='ltr'>εἴρηκας</span> <span class='ocrx_word' id='word_1_461' title='bbox 1717 5721 1731 5744; x_wconf 93' lang='grc'>,</span> <span class='ocrx_word' id='word_1_462' title='bbox 1760 5681 1962 5750; x_wconf 88' lang='grc' dir='ltr'>Πάτερ.</span> 
     </span>
    </p>
   </div>
   <div class='ocr_carea' id='block_1_63' title="bbox 389 5757 1964 5838">
    <p class='ocr_par' dir='ltr' id='par_1_63' title="bbox 389 5757 1964 5838">
     <span class='ocr_line' id='line_1_63' title="bbox 389 5757 1964 5838; baseline 0.002 -24"><span class='ocrx_word' id='word_1_463' title='bbox 389 5757 534 5826; x_wconf 80' lang='grc' dir='ltr'>Πρὸς</span> <span class='ocrx_word' id='word_1_464' title='bbox 569 5759 621 5812; x_wconf 88' lang='grc' dir='ltr'>τί</span> <span class='ocrx_word' id='word_1_465' title='bbox 665 5761 721 5814; x_wconf 81' lang='grc' dir='ltr'>δέ</span> <span class='ocrx_word' id='word_1_466' title='bbox 764 5764 1094 5819; x_wconf 84' lang='grc' dir='ltr'>ἀντέπιπτεν</span> <span class='ocrx_word' id='word_1_467' title='bbox 1135 5769 1201 5838; x_wconf 79' lang='grc' dir='ltr'>τῇ</span> <span class='ocrx_word' id='word_1_468' title='bbox 1249 5767 1585 5838; x_wconf 73' lang='grc' dir='ltr'>χειροτονίας</span> <span class='ocrx_word' id='word_1_469' title='bbox 1621 5766 1680 5818; x_wconf 85' lang='grc' dir='ltr'>ὐ</span> <span class='ocrx_word' id='word_1_470' title='bbox 1715 5763 1964 5818; x_wconf 81' lang='grc' dir='ltr'>ἘΠΙΣΚ.</span> 
     </span>
    </p>
   </div>
   <div class='ocr_carea' id='block_1_64' title="bbox 391 5843 1967 5922">
    <p class='ocr_par' dir='ltr' id='par_1_64' title="bbox 391 5843 1967 5922">
     <span class='ocr_line' id='line_1_64' title="bbox 391 5843 1967 5922; baseline 0.003 -24"><span class='ocrx_word' id='word_1_471' title='bbox 391 5843 553 5907; x_wconf 80' lang='grc' dir='ltr'>Ἐθος</span> <span class='ocrx_word' id='word_1_472' title='bbox 569 5843 716 5914; x_wconf 84' lang='grc' dir='ltr'>αὐτῴ</span> <span class='ocrx_word' id='word_1_473' title='bbox 737 5846 976 5902; x_wconf 86' lang='grc' dir='ltr'>τοιοῦτον</span> <span class='ocrx_word' id='word_1_474' title='bbox 994 5846 1080 5920; x_wconf 74' lang='grc' dir='ltr'>ἦν,</span> <span class='ocrx_word' id='word_1_475' title='bbox 1097 5851 1171 5922; x_wconf 81' lang='grc' dir='ltr'>μὴ</span> <span class='ocrx_word' id='word_1_476' title='bbox 1190 5854 1516 5922; x_wconf 81' lang='grc' dir='ltr'>χειροτονεῖν</span> <span class='ocrx_word' id='word_1_477' title='bbox 1546 5853 1671 5915; x_wconf 80' lang='grc' dir='ltr'>τοὺς</span> <span class='ocrx_word' id='word_1_478' title='bbox 1697 5850 1967 5922; x_wconf 79' lang='grc' dir='ltr'>χρηστοὺς</span> 
     </span>
    </p>
   </div>
   <div class='ocr_carea' id='block_1_65' title="bbox 452 5982 1408 6042">
    <p class='ocr_par' dir='ltr' id='par_1_65' title="bbox 452 5982 1408 6042">
     <span class='ocr_line' id='line_1_65' title="bbox 452 5982 1408 6042; baseline 0.012 -16"><span class='ocrx_word' id='word_1_479' title='bbox 452 5983 479 6012; x_wconf 72' lang='grc'>⁸</span> <span class='ocrx_word' id='word_1_480' title='bbox 503 5982 569 6031; x_wconf 79' lang='lat' dir='ltr'>Co</span> <span class='ocrx_word' id='word_1_481' title='bbox 590 5983 664 6029; x_wconf 70' lang='lat' dir='ltr'>!9x</span> <span class='ocrx_word' id='word_1_482' title='bbox 691 5982 1016 6042; x_wconf 80' lang='grc' dir='ltr'>μαστεύοντες,</span> <span class='ocrx_word' id='word_1_483' title='bbox 1057 5983 1184 6033; x_wconf 71' lang='lat' dir='ltr'>forte</span> <span class='ocrx_word' id='word_1_484' title='bbox 1211 5986 1408 6036; x_wconf 79' lang='lat' dir='ltr'>melius.</span> 
     </span>
    </p>
   </div>
   <div class='ocr_carea' id='block_1_66' title="bbox 446 6043 1106 6103">
    <p class='ocr_par' dir='ltr' id='par_1_66' title="bbox 446 6043 1106 6103">
     <span class='ocr_line' id='line_1_66' title="bbox 446 6043 1106 6103; baseline 0.003 -16"><span class='ocrx_word' id='word_1_485' title='bbox 446 6043 477 6087; x_wconf 69' lang='grc' dir='ltr'>δ</span> <span class='ocrx_word' id='word_1_486' title='bbox 498 6045 610 6097; x_wconf 70' lang='lat' dir='ltr'>Cod.</span> <span class='ocrx_word' id='word_1_487' title='bbox 631 6045 859 6102; x_wconf 77' lang='grc' dir='ltr'>ἠντικότει</span> <span class='ocrx_word' id='word_1_488' title='bbox 876 6046 989 6103; x_wconf 69' lang='grc' dir='ltr'>πρὸς</span> <span class='ocrx_word' id='word_1_489' title='bbox 1006 6046 1106 6101; x_wconf 78' lang='grc' dir='ltr'>τήν.</span> 
     </span>
    </p>
   </div>
   <div class='ocr_carea' id='block_1_67' title="bbox 697 6137 1441 6202">
    <p class='ocr_par' dir='ltr' id='par_1_67' title="bbox 697 6137 1441 6202">
     <span class='ocr_line' id='line_1_67' title="bbox 697 6137 1441 6202; baseline 0.004 -2"><span class='ocrx_word' id='word_1_490' title='bbox 697 6139 971 6200; x_wconf 73' lang='lat' dir='ltr'>I&#39;A&#39;mOL.</span> <span class='ocrx_word' id='word_1_491' title='bbox 1022 6137 1136 6196; x_wconf 69' lang='lat' dir='ltr'>Gn.</span> <span class='ocrx_word' id='word_1_492' title='bbox 1193 6141 1344 6199; x_wconf 73' lang='lat' dir='ltr'>XLV</span> <span class='ocrx_word' id='word_1_493' title='bbox 1361 6140 1441 6202; x_wconf 83' lang='lat' dir='ltr'>Il.</span> 
     </span>
    </p>
   </div>
   <div class='ocr_carea' id='block_1_68' title="bbox 2063 678 3640 754">
    <p class='ocr_par' dir='ltr' id='par_1_68' title="bbox 2063 678 3640 754">
     <span class='ocr_line' id='line_1_68' title="bbox 2063 678 3640 754; baseline 0.001 -21"><span class='ocrx_word' id='word_1_494' title='bbox 2063 682 2156 734; x_wconf 76' lang='grc' dir='ltr'>καὶ</span> <span class='ocrx_word' id='word_1_495' title='bbox 2191 679 2508 750; x_wconf 82' lang='grc' dir='ltr'>ἐχέφρονας,</span> <span class='ocrx_word' id='word_1_496' title='bbox 2550 683 2598 735; x_wconf 89' lang='grc' dir='ltr'>εί</span> <span class='ocrx_word' id='word_1_497' title='bbox 2641 684 2715 754; x_wconf 82' lang='grc' dir='ltr'>μή</span> <span class='ocrx_word' id='word_1_498' title='bbox 2753 700 2806 735; x_wconf 90' lang='grc' dir='ltr'>τι</span> <span class='ocrx_word' id='word_1_499' title='bbox 2847 680 2914 736; x_wconf 82' lang='grc' dir='ltr'>ἂν</span> <span class='ocrx_word' id='word_1_500' title='bbox 2954 681 3270 752; x_wconf 86' lang='grc' dir='ltr'>ἀστοχήσοι,</span> <span class='ocrx_word' id='word_1_501' title='bbox 3319 678 3640 750; x_wconf 80' lang='grc' dir='ltr'>βουλόμενος</span> 
     </span>
    </p>
   </div>
   <div class='ocr_carea' id='block_1_69' title="bbox 2062 762 3636 836">
    <p class='ocr_par' dir='ltr' id='par_1_69' title="bbox 2062 762 3636 836">
     <span class='ocr_line' id='line_1_69' title="bbox 2062 762 3636 836; baseline -0.001 -19"><span class='ocrx_word' id='word_1_502' title='bbox 2062 765 2317 819; x_wconf 83' lang='grc' dir='ltr'>ἁπάντων</span> <span class='ocrx_word' id='word_1_503' title='bbox 2371 768 2593 834; x_wconf 84' lang='grc' dir='ltr'>κρατεῖν</span> <span class='ocrx_word' id='word_1_504' title='bbox 2637 764 2712 830; x_wconf 81' lang='grc' dir='ltr'>ὡς</span> <span class='ocrx_word' id='word_1_505' title='bbox 2761 765 3031 836; x_wconf 88' lang='grc' dir='ltr'>ἀνοήτων·</span> <span class='ocrx_word' id='word_1_506' title='bbox 3063 764 3285 836; x_wconf 83' lang='grc' dir='ltr'>ἄμεινον</span> <span class='ocrx_word' id='word_1_507' title='bbox 3329 762 3636 834; x_wconf 71' lang='grc' dir='ltr'>ἡγεύμενος</span> 
     </span>
    </p>
   </div>
   <div class='ocr_carea' id='block_1_70' title="bbox 2059 847 3642 920">
    <p class='ocr_par' dir='ltr' id='par_1_70' title="bbox 2059 847 3642 920">
     <span class='ocr_line' id='line_1_70' title="bbox 2059 847 3642 920; baseline -0.003 -18"><span class='ocrx_word' id='word_1_508' title='bbox 2059 849 2303 920; x_wconf 75' lang='grc' dir='ltr'>ἀνοήτων</span> <span class='ocrx_word' id='word_1_509' title='bbox 2346 850 2589 918; x_wconf 89' lang='grc' dir='ltr'>κρατεῖν,</span> <span class='ocrx_word' id='word_1_510' title='bbox 2634 849 2668 918; x_wconf 78' lang='grc' dir='ltr'><strong>ἢ</strong></span> <span class='ocrx_word' id='word_1_511' title='bbox 2717 847 2998 919; x_wconf 84' lang='grc' dir='ltr'>φρονίμων</span> <span class='ocrx_word' id='word_1_512' title='bbox 3027 847 3264 902; x_wconf 89' lang='grc' dir='ltr'>ἀκούειν.</span> <span class='ocrx_word' id='word_1_513' title='bbox 3296 847 3444 917; x_wconf 77' lang='grc' dir='ltr'>Πλὴν</span> <span class='ocrx_word' id='word_1_514' title='bbox 3491 847 3642 917; x_wconf 83' lang='grc' dir='ltr'>ὅμως</span> 
     </span>
    </p>
   </div>
   <div class='ocr_carea' id='block_1_71' title="bbox 2059 929 3644 1002">
    <p class='ocr_par' dir='ltr' id='par_1_71' title="bbox 2059 929 3644 1002">
     <span class='ocr_line' id='line_1_71' title="bbox 2059 929 3644 1002; baseline -0.001 -18"><span class='ocrx_word' id='word_1_515' title='bbox 2059 935 2272 986; x_wconf 74' lang='grc' dir='ltr'>νικᾶται</span> <span class='ocrx_word' id='word_1_516' title='bbox 2321 931 2424 983; x_wconf 86' lang='grc' dir='ltr'>ὑπὸ</span> <span class='ocrx_word' id='word_1_517' title='bbox 2471 931 2571 1002; x_wconf 79' lang='grc' dir='ltr'>τῆς</span> <span class='ocrx_word' id='word_1_518' title='bbox 2605 931 2876 1002; x_wconf 81' lang='grc' dir='ltr'>σωτηρίου</span> <span class='ocrx_word' id='word_1_519' title='bbox 2915 931 3180 1002; x_wconf 90' lang='grc' dir='ltr'>Προνοίας</span> <span class='ocrx_word' id='word_1_520' title='bbox 3235 931 3329 986; x_wconf 77' lang='grc' dir='ltr'>καὶ</span> <span class='ocrx_word' id='word_1_521' title='bbox 3375 929 3520 984; x_wconf 78' lang='grc' dir='ltr'>ἑκὼν</span> <span class='ocrx_word' id='word_1_522' title='bbox 3550 933 3644 983; x_wconf 79' lang='grc' dir='ltr'>καὶ</span> 
     </span>
    </p>
   </div>
   <div class='ocr_carea' id='block_1_72' title="bbox 2057 1013 3640 1087">
    <p class='ocr_par' dir='ltr' id='par_1_72' title="bbox 2057 1013 3640 1087">
     <span class='ocr_line' id='line_1_72' title="bbox 2057 1013 3640 1087; baseline -0.001 -18"><span class='ocrx_word' id='word_1_523' title='bbox 2057 1015 2226 1069; x_wconf 79' lang='grc' dir='ltr'>ἄκων.</span> <span class='ocrx_word' id='word_1_524' title='bbox 2282 1013 2467 1077; x_wconf 78' lang='grc' dir='ltr'>Οὕτως</span> <span class='ocrx_word' id='word_1_525' title='bbox 2519 1014 2917 1087; x_wconf 76' lang='grc' dir='ltr'>χειροτονηθεὶς</span> <span class='ocrx_word' id='word_1_526' title='bbox 2967 1016 2996 1067; x_wconf 90' lang='lat'>6</span> <span class='ocrx_word' id='word_1_527' title='bbox 3061 1013 3312 1086; x_wconf 84' lang='grc' dir='ltr'>Ἰωάννης</span> <span class='ocrx_word' id='word_1_528' title='bbox 3339 1054 3353 1078; x_wconf 94' lang='grc'>,</span> <span class='ocrx_word' id='word_1_529' title='bbox 3413 1014 3640 1086; x_wconf 80' lang='grc' dir='ltr'>ἄρχεται</span> 
     </span>
    </p>
   </div>
   <div class='ocr_carea' id='block_1_73' title="bbox 2057 1095 3644 1168">
    <p class='ocr_par' dir='ltr' id='par_1_73' title="bbox 2057 1095 3644 1168">
     <span class='ocr_line' id='line_1_73' title="bbox 2057 1095 3644 1168; baseline 0.015 -21"><span class='ocrx_word' id='word_1_530' title='bbox 2057 1099 2156 1168; x_wconf 82' lang='grc' dir='ltr'>τῆς</span> <span class='ocrx_word' id='word_1_531' title='bbox 2191 1096 2302 1151; x_wconf 88' lang='grc' dir='ltr'>τῶν</span> <span class='ocrx_word' id='word_1_532' title='bbox 2352 1098 2695 1168; x_wconf 83' lang='grc' dir='ltr'>πραγμάτων</span> <span class='ocrx_word' id='word_1_533' title='bbox 2739 1095 3076 1167; x_wconf 84' lang='grc' dir='ltr'>ἐπιμελείας,</span> <span class='ocrx_word' id='word_1_534' title='bbox 3117 1096 3225 1148; x_wconf 77' lang='grc' dir='ltr'>ἀπὸ</span> <span class='ocrx_word' id='word_1_535' title='bbox 3270 1097 3368 1166; x_wconf 80' lang='grc' dir='ltr'>τῆς</span> <span class='ocrx_word' id='word_1_536' title='bbox 3418 1097 3644 1168; x_wconf 64' lang='grc' dir='ltr'>λοτινῆς</span> 
     </span>
    </p>
   </div>
   <div class='ocr_carea' id='block_1_74' title="bbox 2056 1178 3637 1252">
    <p class='ocr_par' dir='ltr' id='par_1_74' title="bbox 2056 1178 3637 1252">
     <span class='ocr_line' id='line_1_74' title="bbox 2056 1178 3637 1252; baseline -0.002 -17"><span class='ocrx_word' id='word_1_537' title='bbox 2056 1181 2363 1252; x_wconf 78' lang='grc' dir='ltr'>ἀρξάμενος</span> <span class='ocrx_word' id='word_1_538' title='bbox 2430 1179 2686 1251; x_wconf 85' lang='grc' dir='ltr'>σύριγγος</span> <span class='ocrx_word' id='word_1_539' title='bbox 2742 1179 2841 1248; x_wconf 76' lang='grc' dir='ltr'>τῆς</span> <span class='ocrx_word' id='word_1_540' title='bbox 2898 1178 3008 1232; x_wconf 89' lang='grc' dir='ltr'>τῶν</span> <span class='ocrx_word' id='word_1_541' title='bbox 3061 1178 3350 1251; x_wconf 89' lang='grc' dir='ltr'>προϐάτων</span> <span class='ocrx_word' id='word_1_542' title='bbox 3405 1179 3637 1249; x_wconf 74' lang='grc' dir='ltr'>δοκιμασ-</span> 
     </span>
    </p>
   </div>
   <div class='ocr_carea' id='block_1_75' title="bbox 2060 1261 3644 1332">
    <p class='ocr_par' dir='ltr' id='par_1_75' title="bbox 2060 1261 3644 1332">
     <span class='ocr_line' id='line_1_75' title="bbox 2060 1261 3644 1332; baseline -0.002 -16"><span class='ocrx_word' id='word_1_543' title='bbox 2060 1265 2199 1328; x_wconf 89' lang='grc' dir='ltr'>σίας.</span> <span class='ocrx_word' id='word_1_544' title='bbox 2283 1261 2560 1331; x_wconf 88' lang='grc' dir='ltr'>Ὀλιγάκις</span> <span class='ocrx_word' id='word_1_545' title='bbox 2621 1261 2677 1315; x_wconf 86' lang='grc' dir='ltr'>δὲ</span> <span class='ocrx_word' id='word_1_546' title='bbox 2724 1261 3148 1332; x_wconf 82' lang='grc' dir='ltr'>καταχρώμενος</span> <span class='ocrx_word' id='word_1_547' title='bbox 3203 1262 3298 1316; x_wconf 75' lang='grc' dir='ltr'>καὶ</span> <span class='ocrx_word' id='word_1_548' title='bbox 3355 1264 3421 1331; x_wconf 83' lang='grc' dir='ltr'>τῇ</span> <span class='ocrx_word' id='word_1_549' title='bbox 3488 1261 3644 1331; x_wconf 84' lang='grc' dir='ltr'>ἐλεγ-</span> 
     </span>
    </p>
   </div>
   <div class='ocr_carea' id='block_1_76' title="bbox 2057 1344 3645 1418">
    <p class='ocr_par' dir='ltr' id='par_1_76' title="bbox 2057 1344 3645 1418">
     <span class='ocr_line' id='line_1_76' title="bbox 2057 1344 3645 1418; baseline -0.003 -18"><span class='ocrx_word' id='word_1_550' title='bbox 2057 1349 2216 1418; x_wconf 81' lang='grc' dir='ltr'>κτικῇ</span> <span class='ocrx_word' id='word_1_551' title='bbox 2277 1345 2586 1418; x_wconf 80' lang='grc' dir='ltr'>βακτηρίᾳ,</span> <span class='ocrx_word' id='word_1_552' title='bbox 2633 1345 2940 1399; x_wconf 87' lang='grc' dir='ltr'>κατατείνει</span> <span class='ocrx_word' id='word_1_553' title='bbox 2991 1345 3144 1414; x_wconf 87' lang='grc' dir='ltr'>λόγον</span> <span class='ocrx_word' id='word_1_554' title='bbox 3199 1346 3341 1399; x_wconf 85' lang='grc' dir='ltr'>κατὰ</span> <span class='ocrx_word' id='word_1_555' title='bbox 3389 1344 3490 1415; x_wconf 81' lang='grc' dir='ltr'>τῆς</span> <span class='ocrx_word' id='word_1_556' title='bbox 3524 1344 3645 1396; x_wconf 80' lang='grc' dir='ltr'>ἐπι-</span> 
     </span>
    </p>
   </div>
   <div class='ocr_carea' id='block_1_77' title="bbox 2055 1428 3646 1502">
    <p class='ocr_par' dir='ltr' id='par_1_77' title="bbox 2055 1428 3646 1502">
     <span class='ocr_line' id='line_1_77' title="bbox 2055 1428 3646 1502; baseline 0.001 -19"><span class='ocrx_word' id='word_1_557' title='bbox 2055 1431 2296 1485; x_wconf 89' lang='grc' dir='ltr'>πλάστου</span> <span class='ocrx_word' id='word_1_558' title='bbox 2321 1431 2704 1500; x_wconf 74' lang='grc' dir='ltr'>ἀδελφοζωῗας,</span> <span class='ocrx_word' id='word_1_559' title='bbox 2743 1431 2804 1483; x_wconf 84' lang='grc' dir='ltr'>τὸ</span> <span class='ocrx_word' id='word_1_560' title='bbox 2845 1430 2890 1483; x_wconf 85' lang='lat'><em>6&#39;</em></span> <span class='ocrx_word' id='word_1_561' title='bbox 2915 1429 3136 1502; x_wconf 80' lang='grc' dir='ltr'>ἀληθὲς,</span> <span class='ocrx_word' id='word_1_562' title='bbox 3170 1430 3312 1483; x_wconf 83' lang='grc' dir='ltr'>κατά</span> <span class='ocrx_word' id='word_1_563' title='bbox 3345 1428 3446 1499; x_wconf 83' lang='grc' dir='ltr'>τῆς</span> <span class='ocrx_word' id='word_1_564' title='bbox 3476 1429 3646 1500; x_wconf 81' lang='grc' dir='ltr'>ἀσχή-</span> 
     </span>
    </p>
   </div>
   <div class='ocr_carea' id='block_1_78' title="bbox 2059 1512 3642 1585">
    <p class='ocr_par' dir='ltr' id='par_1_78' title="bbox 2059 1512 3642 1585">
     <span class='ocr_line' id='line_1_78' title="bbox 2059 1512 3642 1585; baseline -0.004 -15"><span class='ocrx_word' id='word_1_565' title='bbox 2059 1533 2161 1585; x_wconf 91' lang='grc' dir='ltr'>μου</span> <span class='ocrx_word' id='word_1_566' title='bbox 2195 1515 2505 1580; x_wconf 79' lang='grc' dir='ltr'>κακοζωῖας</span> <span class='ocrx_word' id='word_1_567' title='bbox 2545 1513 2674 1584; x_wconf 75' lang='grc' dir='ltr'>περὶ</span> <span class='ocrx_word' id='word_1_568' title='bbox 2712 1513 2820 1566; x_wconf 90' lang='grc' dir='ltr'>τῶν</span> <span class='ocrx_word' id='word_1_569' title='bbox 2859 1513 3206 1584; x_wconf 84' lang='grc' dir='ltr'>καλουμένων</span> <span class='ocrx_word' id='word_1_570' title='bbox 3248 1512 3642 1577; x_wconf 85' lang='grc' dir='ltr'>συνεισάκτων,</span> 
     </span>
    </p>
   </div>
   <div class='ocr_carea' id='block_1_79' title="bbox 2057 1589 3642 1666">
    <p class='ocr_par' dir='ltr' id='par_1_79' title="bbox 2057 1589 3642 1666">
     <span class='ocr_line' id='line_1_79' title="bbox 2057 1589 3642 1666; baseline -0.004 -14"><span class='ocrx_word' id='word_1_571' title='bbox 2057 1598 2378 1660; x_wconf 77' lang='grc' dir='ltr'>ἀποδεικνὺς</span> <span class='ocrx_word' id='word_1_572' title='bbox 2440 1598 2498 1650; x_wconf 90' lang='grc' dir='ltr'>ἐν</span> <span class='ocrx_word' id='word_1_573' title='bbox 2541 1597 2750 1666; x_wconf 81' lang='grc' dir='ltr'>αἱρέσει</span> <span class='ocrx_word' id='word_1_574' title='bbox 2801 1596 2988 1650; x_wconf 85' lang='grc' dir='ltr'>κακῶν</span> <span class='ocrx_word' id='word_1_575' title='bbox 3047 1595 3299 1663; x_wconf 87' lang='grc' dir='ltr'>ἀμείνους</span> <span class='ocrx_word' id='word_1_576' title='bbox 3338 1589 3475 1647; x_wconf 84' lang='grc' dir='ltr'>εἶναι</span> <span class='ocrx_word' id='word_1_577' title='bbox 3517 1596 3642 1659; x_wconf 75' lang='grc' dir='ltr'>τοὺς</span> 
     </span>
    </p>
   </div>
   <div class='ocr_carea' id='block_1_80' title="bbox 2058 1677 3642 1751">
    <p class='ocr_par' dir='ltr' id='par_1_80' title="bbox 2058 1677 3642 1751">
     <span class='ocr_line' id='line_1_80' title="bbox 2058 1677 3642 1751; baseline -0.003 -19"><span class='ocrx_word' id='word_1_578' title='bbox 2058 1681 2480 1751; x_wconf 88' lang='grc' dir='ltr'>πορνοτρόφους.</span> <span class='ocrx_word' id='word_1_579' title='bbox 2524 1679 2750 1730; x_wconf 85' lang='grc' dir='ltr'>Ἐκεῖνοι</span> <span class='ocrx_word' id='word_1_580' title='bbox 2780 1678 2878 1747; x_wconf 83' lang='grc' dir='ltr'>μὲν</span> <span class='ocrx_word' id='word_1_581' title='bbox 2909 1677 3017 1748; x_wconf 85' lang='grc' dir='ltr'>γὰρ</span> <span class='ocrx_word' id='word_1_582' title='bbox 3048 1677 3237 1748; x_wconf 68' lang='grc' dir='ltr'>πόρρω</span> <span class='ocrx_word' id='word_1_583' title='bbox 3265 1677 3359 1730; x_wconf 92' lang='grc' dir='ltr'>τοῦ</span> <span class='ocrx_word' id='word_1_584' title='bbox 3405 1677 3642 1748; x_wconf 77' lang='grc' dir='ltr'>ἰατρείου</span> 
     </span>
    </p>
   </div>
   <div class='ocr_carea' id='block_1_81' title="bbox 2057 1758 3644 1830">
    <p class='ocr_par' dir='ltr' id='par_1_81' title="bbox 2057 1758 3644 1830">
     <span class='ocr_line' id='line_1_81' title="bbox 2057 1758 3644 1830; baseline -0.003 -15"><span class='ocrx_word' id='word_1_585' title='bbox 2057 1761 2356 1825; x_wconf 88' lang='grc' dir='ltr'>οἰκοῦντες,</span> <span class='ocrx_word' id='word_1_586' title='bbox 2387 1761 2508 1814; x_wconf 89' lang='grc' dir='ltr'>καθ’</span> <span class='ocrx_word' id='word_1_587' title='bbox 2536 1759 2762 1822; x_wconf 77' lang='grc' dir='ltr'>ἐαυτοῦς</span> <span class='ocrx_word' id='word_1_588' title='bbox 2790 1759 2971 1829; x_wconf 79' lang='grc' dir='ltr'>ἔχουσι</span> <span class='ocrx_word' id='word_1_589' title='bbox 3005 1761 3118 1822; x_wconf 89' lang='grc' dir='ltr'>τοῖς</span> <span class='ocrx_word' id='word_1_590' title='bbox 3158 1758 3500 1830; x_wconf 80' lang='grc' dir='ltr'>βουλομένοις</span> <span class='ocrx_word' id='word_1_591' title='bbox 3544 1761 3644 1829; x_wconf 73' lang='grc' dir='ltr'>τὴν</span> 
     </span>
    </p>
   </div>
   <div class='ocr_carea' id='block_1_82' title="bbox 2057 1837 3644 1914">
    <p class='ocr_par' dir='ltr' id='par_1_82' title="bbox 2057 1837 3644 1914">
     <span class='ocr_line' id='line_1_82' title="bbox 2057 1837 3644 1914; baseline -0.003 -14"><span class='ocrx_word' id='word_1_592' title='bbox 2057 1847 2231 1900; x_wconf 89' lang='grc' dir='ltr'>νόσον·</span> <span class='ocrx_word' id='word_1_593' title='bbox 2264 1837 2411 1899; x_wconf 74' lang='grc' dir='ltr'>οὗτοι</span> <span class='ocrx_word' id='word_1_594' title='bbox 2439 1845 2497 1898; x_wconf 84' lang='grc' dir='ltr'>δὲ</span> <span class='ocrx_word' id='word_1_595' title='bbox 2528 1843 2674 1897; x_wconf 77' lang='grc' dir='ltr'>ἔνδον</span> <span class='ocrx_word' id='word_1_596' title='bbox 2710 1841 2806 1896; x_wconf 89' lang='grc' dir='ltr'>τοῦ</span> <span class='ocrx_word' id='word_1_597' title='bbox 2844 1841 3203 1914; x_wconf 88' lang='grc' dir='ltr'>ἐργαστηρίου</span> <span class='ocrx_word' id='word_1_598' title='bbox 3235 1841 3510 1905; x_wconf 74' lang='grc' dir='ltr'>οἰκοῦντες</span> <span class='ocrx_word' id='word_1_599' title='bbox 3547 1843 3644 1911; x_wconf 76' lang='grc' dir='ltr'>τῆς</span> 
     </span>
    </p>
   </div>
   <div class='ocr_carea' id='block_1_83' title="bbox 2061 1925 3647 2000">
    <p class='ocr_par' dir='ltr' id='par_1_83' title="bbox 2061 1925 3647 2000">
     <span class='ocr_line' id='line_1_83' title="bbox 2061 1925 3647 2000; baseline -0.004 -17"><span class='ocrx_word' id='word_1_600' title='bbox 2061 1929 2357 2000; x_wconf 79' lang='grc' dir='ltr'>σωτηρίας,</span> <span class='ocrx_word' id='word_1_601' title='bbox 2393 1927 2488 1981; x_wconf 80' lang='grc' dir='ltr'>καὶ</span> <span class='ocrx_word' id='word_1_602' title='bbox 2518 1928 2644 1990; x_wconf 82' lang='grc' dir='ltr'>τοὺς</span> <span class='ocrx_word' id='word_1_603' title='bbox 2686 1926 3028 1994; x_wconf 78' lang='grc' dir='ltr'>ὑγιαίνοντας</span> <span class='ocrx_word' id='word_1_604' title='bbox 3057 1925 3415 1980; x_wconf 86' lang='grc' dir='ltr'>ἐκκαλοῦνται</span> <span class='ocrx_word' id='word_1_605' title='bbox 3457 1927 3536 1988; x_wconf 85' lang='grc' dir='ltr'>εἰς</span> <span class='ocrx_word' id='word_1_606' title='bbox 3562 1926 3647 1978; x_wconf 71' lang='lat'><em>16-</em></span> 
     </span>
    </p>
   </div>
   <div class='ocr_carea' id='block_1_84' title="bbox 2059 2007 3650 2079">
    <p class='ocr_par' dir='ltr' id='par_1_84' title="bbox 2059 2007 3650 2079">
     <span class='ocr_line' id='line_1_84' title="bbox 2059 2007 3650 2079; baseline -0.006 -12"><span class='ocrx_word' id='word_1_607' title='bbox 2059 2031 2171 2066; x_wconf 91' lang='grc' dir='ltr'>σον.</span> <span class='ocrx_word' id='word_1_608' title='bbox 2213 2011 2489 2066; x_wconf 83' lang='grc' dir='ltr'>Ἐντεῦθεν</span> <span class='ocrx_word' id='word_1_609' title='bbox 2523 2008 2761 2064; x_wconf 88' lang='grc' dir='ltr'>θλίϐεται</span> <span class='ocrx_word' id='word_1_610' title='bbox 2793 2008 2854 2061; x_wconf 90' lang='lat'>16</span> <span class='ocrx_word' id='word_1_611' title='bbox 2879 2007 3161 2077; x_wconf 82' lang='grc' dir='ltr'>ἀφιλόθεον</span> <span class='ocrx_word' id='word_1_612' title='bbox 3199 2009 3362 2079; x_wconf 84' lang='grc' dir='ltr'>μέρος</span> <span class='ocrx_word' id='word_1_613' title='bbox 3391 2007 3486 2061; x_wconf 89' lang='grc' dir='ltr'>τοῦ</span> <span class='ocrx_word' id='word_1_614' title='bbox 3517 2008 3650 2078; x_wconf 77' lang='grc' dir='ltr'>γλή-</span> 
     </span>
    </p>
   </div>
   <div class='ocr_carea' id='block_1_85' title="bbox 2059 2091 3648 2168">
    <p class='ocr_par' dir='ltr' id='par_1_85' title="bbox 2059 2091 3648 2168">
     <span class='ocr_line' id='line_1_85' title="bbox 2059 2091 3648 2168; baseline -0.004 -19"><span class='ocrx_word' id='word_1_615' title='bbox 2059 2114 2155 2168; x_wconf 92' lang='grc' dir='ltr'>ρου</span> <span class='ocrx_word' id='word_1_616' title='bbox 2191 2095 2457 2167; x_wconf 85' lang='grc' dir='ltr'>πυρέττον</span> <span class='ocrx_word' id='word_1_617' title='bbox 2484 2093 2546 2146; x_wconf 85' lang='grc' dir='ltr'>τὸ</span> <span class='ocrx_word' id='word_1_618' title='bbox 2565 2092 2756 2156; x_wconf 84' lang='grc' dir='ltr'>πάθος.</span> <span class='ocrx_word' id='word_1_619' title='bbox 2787 2091 2921 2145; x_wconf 79' lang='grc' dir='ltr'>Μετ’</span> <span class='ocrx_word' id='word_1_620' title='bbox 2961 2093 3166 2144; x_wconf 87' lang='grc' dir='ltr'>ἐκεῖνον</span> <span class='ocrx_word' id='word_1_621' title='bbox 3187 2091 3277 2143; x_wconf 84' lang='grc' dir='ltr'>τὸν</span> <span class='ocrx_word' id='word_1_622' title='bbox 3306 2091 3461 2160; x_wconf 88' lang='grc' dir='ltr'>λόγον</span> <span class='ocrx_word' id='word_1_623' title='bbox 3487 2091 3648 2161; x_wconf 81' lang='grc' dir='ltr'>ἀρχε-</span> 
     </span>
    </p>
   </div>
   <div class='ocr_carea' id='block_1_86' title="bbox 2056 2174 3645 2248">
    <p class='ocr_par' dir='ltr' id='par_1_86' title="bbox 2056 2174 3645 2248">
     <span class='ocr_line' id='line_1_86' title="bbox 2056 2174 3645 2248; baseline -0.006 -14"><span class='ocrx_word' id='word_1_624' title='bbox 2056 2198 2146 2234; x_wconf 87' lang='grc' dir='ltr'>ται</span> <span class='ocrx_word' id='word_1_625' title='bbox 2175 2179 2316 2234; x_wconf 89' lang='grc' dir='ltr'>κατά</span> <span class='ocrx_word' id='word_1_626' title='bbox 2340 2179 2440 2248; x_wconf 83' lang='grc' dir='ltr'>τῆς</span> <span class='ocrx_word' id='word_1_627' title='bbox 2467 2176 2700 2240; x_wconf 90' lang='grc' dir='ltr'>ἀδικίας,</span> <span class='ocrx_word' id='word_1_628' title='bbox 2732 2177 3128 2247; x_wconf 85' lang='grc' dir='ltr'>καταστρέφων</span> <span class='ocrx_word' id='word_1_629' title='bbox 3169 2175 3268 2246; x_wconf 79' lang='grc' dir='ltr'>τὴν</span> <span class='ocrx_word' id='word_1_630' title='bbox 3314 2174 3645 2247; x_wconf 83' lang='grc' dir='ltr'>μητρόπολιν</span> 
     </span>
    </p>
   </div>
   <div class='ocr_carea' id='block_1_87' title="bbox 2060 2257 3646 2331">
    <p class='ocr_par' dir='ltr' id='par_1_87' title="bbox 2060 2257 3646 2331">
     <span class='ocr_line' id='line_1_87' title="bbox 2060 2257 3646 2331; baseline -0.002 -17"><span class='ocrx_word' id='word_1_631' title='bbox 2060 2262 2170 2315; x_wconf 93' lang='grc' dir='ltr'>τῶν</span> <span class='ocrx_word' id='word_1_632' title='bbox 2205 2262 2390 2315; x_wconf 88' lang='grc' dir='ltr'>κακῶν</span> <span class='ocrx_word' id='word_1_633' title='bbox 2435 2261 2534 2331; x_wconf 80' lang='grc' dir='ltr'>τὴν</span> <span class='ocrx_word' id='word_1_634' title='bbox 2572 2257 2883 2324; x_wconf 80' lang='grc' dir='ltr'>πλεονεξίαν</span> <span class='ocrx_word' id='word_1_635' title='bbox 2926 2261 3006 2322; x_wconf 87' lang='grc' dir='ltr'>εἰς</span> <span class='ocrx_word' id='word_1_636' title='bbox 3049 2258 3339 2329; x_wconf 78' lang='grc' dir='ltr'>οίκοδομήν</span> <span class='ocrx_word' id='word_1_637' title='bbox 3372 2258 3646 2312; x_wconf 88' lang='grc' dir='ltr'>δικαιοσύ-</span> 
     </span>
    </p>
   </div>
   <div class='ocr_carea' id='block_1_88' title="bbox 2062 2342 3648 2415">
    <p class='ocr_par' dir='ltr' id='par_1_88' title="bbox 2062 2342 3648 2415">
     <span class='ocr_line' id='line_1_88' title="bbox 2062 2342 3648 2415; baseline -0.001 -19"><span class='ocrx_word' id='word_1_638' title='bbox 2062 2361 2182 2415; x_wconf 87' lang='grc' dir='ltr'>νης.</span> <span class='ocrx_word' id='word_1_639' title='bbox 2209 2345 2380 2397; x_wconf 87' lang='grc' dir='ltr'>Τοῦτο</span> <span class='ocrx_word' id='word_1_640' title='bbox 2415 2343 2524 2414; x_wconf 82' lang='grc' dir='ltr'>γὰρ</span> <span class='ocrx_word' id='word_1_641' title='bbox 2553 2344 2682 2396; x_wconf 82' lang='grc' dir='ltr'>ἴδιον</span> <span class='ocrx_word' id='word_1_642' title='bbox 2709 2342 2816 2396; x_wconf 90' lang='grc' dir='ltr'>τῶν</span> <span class='ocrx_word' id='word_1_643' title='bbox 2844 2342 3022 2412; x_wconf 84' lang='grc' dir='ltr'>σοφῶν</span> <span class='ocrx_word' id='word_1_644' title='bbox 3058 2343 3475 2413; x_wconf 86' lang='grc' dir='ltr'>ἀρχιτεκτόνων,</span> <span class='ocrx_word' id='word_1_645' title='bbox 3516 2343 3648 2413; x_wconf 82' lang='grc' dir='ltr'>πρό-</span> 
     </span>
    </p>
   </div>
   <div class='ocr_carea' id='block_1_89' title="bbox 2063 2421 3646 2502">
    <p class='ocr_par' dir='ltr' id='par_1_89' title="bbox 2063 2421 3646 2502">
     <span class='ocr_line' id='line_1_89' title="bbox 2063 2421 3646 2502; baseline -0.002 -21"><span class='ocrx_word' id='word_1_646' title='bbox 2063 2445 2220 2502; x_wconf 88' lang='grc' dir='ltr'>τερον</span> <span class='ocrx_word' id='word_1_647' title='bbox 2255 2425 2630 2498; x_wconf 72' lang='grc' dir='ltr'>καταστρέψαι</span> <span class='ocrx_word' id='word_1_648' title='bbox 2665 2426 2764 2496; x_wconf 87' lang='grc' dir='ltr'>τὴν</span> <span class='ocrx_word' id='word_1_649' title='bbox 2800 2425 3086 2496; x_wconf 77' lang='grc' dir='ltr'>οἰκοδομὴν</span> <span class='ocrx_word' id='word_1_650' title='bbox 3133 2424 3226 2477; x_wconf 86' lang='grc' dir='ltr'>τοῦ</span> <span class='ocrx_word' id='word_1_651' title='bbox 3262 2423 3510 2493; x_wconf 75' lang='grc' dir='ltr'>ψεύδους,</span> <span class='ocrx_word' id='word_1_652' title='bbox 3545 2421 3646 2478; x_wconf 78' lang='grc' dir='ltr'>εἷθ’</span> 
     </span>
    </p>
   </div>
   <div class='ocr_carea' id='block_1_90' title="bbox 2066 2507 3650 2583">
    <p class='ocr_par' dir='ltr' id='par_1_90' title="bbox 2066 2507 3650 2583">
     <span class='ocr_line' id='line_1_90' title="bbox 2066 2507 3650 2583; baseline -0.003 -19"><span class='ocrx_word' id='word_1_653' title='bbox 2066 2512 2292 2583; x_wconf 80' lang='grc' dir='ltr'>ὕστερον</span> <span class='ocrx_word' id='word_1_654' title='bbox 2323 2510 2497 2563; x_wconf 88' lang='grc' dir='ltr'>θεῖναι</span> <span class='ocrx_word' id='word_1_655' title='bbox 2524 2509 2616 2562; x_wconf 76' lang='grc' dir='ltr'>τὸν</span> <span class='ocrx_word' id='word_1_656' title='bbox 2649 2508 2899 2580; x_wconf 85' lang='grc' dir='ltr'>θεμέλιον</span> <span class='ocrx_word' id='word_1_657' title='bbox 2930 2509 3030 2578; x_wconf 83' lang='grc' dir='ltr'>τῆς</span> <span class='ocrx_word' id='word_1_658' title='bbox 3069 2507 3350 2578; x_wconf 80' lang='grc' dir='ltr'>ἀληθείας,</span> <span class='ocrx_word' id='word_1_659' title='bbox 3389 2507 3464 2570; x_wconf 90' lang='grc' dir='ltr'>ώς</span> <span class='ocrx_word' id='word_1_660' title='bbox 3492 2508 3650 2576; x_wconf 88' lang='grc' dir='ltr'>λέγε-</span> 
     </span>
    </p>
   </div>
   <div class='ocr_carea' id='block_1_91' title="bbox 2065 2591 3646 2668">
    <p class='ocr_par' dir='ltr' id='par_1_91' title="bbox 2065 2591 3646 2668">
     <span class='ocr_line' id='line_1_91' title="bbox 2065 2591 3646 2668; baseline -0.003 -18"><span class='ocrx_word' id='word_1_661' title='bbox 2065 2613 2155 2652; x_wconf 90' lang='grc' dir='ltr'>ται</span> <span class='ocrx_word' id='word_1_662' title='bbox 2182 2595 2335 2668; x_wconf 83' lang='grc' dir='ltr'>παρά</span> <span class='ocrx_word' id='word_1_663' title='bbox 2353 2594 2431 2666; x_wconf 81' lang='grc' dir='ltr'>τῷ</span> <span class='ocrx_word' id='word_1_664' title='bbox 2457 2595 2732 2668; x_wconf 68' lang='grc' dir='ltr'>προφήτῃ·</span> <span class='ocrx_word' id='word_1_665' title='bbox 2762 2591 3116 2660; x_wconf 70' lang='grc' dir='ltr'>Καιὶέστηκιὶ</span> <span class='ocrx_word' id='word_1_666' title='bbox 3143 2607 3216 2645; x_wconf 82' lang='grc' dir='ltr'>σε</span> <span class='ocrx_word' id='word_1_667' title='bbox 3242 2592 3338 2644; x_wconf 69' lang='grc' dir='ltr'>ἐπὶ</span> <span class='ocrx_word' id='word_1_668' title='bbox 3369 2592 3517 2660; x_wconf 72' lang='grc' dir='ltr'>ἔθνη</span> <span class='ocrx_word' id='word_1_669' title='bbox 3549 2595 3646 2646; x_wconf 77' lang='grc' dir='ltr'>καὶ</span> 
     </span>
    </p>
   </div>
   <div class='ocr_carea' id='block_1_92' title="bbox 2058 2675 3650 2746">
    <p class='ocr_par' dir='ltr' id='par_1_92' title="bbox 2058 2675 3650 2746">
     <span class='ocr_line' id='line_1_92' title="bbox 2058 2675 3650 2746; baseline -0.003 -11"><span class='ocrx_word' id='word_1_670' title='bbox 2058 2680 2402 2746; x_wconf 73' lang='grc' dir='ltr'>βασιλείας,</span> <span class='ocrx_word' id='word_1_671' title='bbox 2437 2675 2709 2746; x_wconf 76' lang='grc' dir='ltr'>ἐκριζοῦν</span> <span class='ocrx_word' id='word_1_672' title='bbox 2745 2676 2843 2730; x_wconf 79' lang='grc' dir='ltr'>καὶ</span> <span class='ocrx_word' id='word_1_673' title='bbox 2875 2676 3324 2744; x_wconf 66' lang='grc' dir='ltr'>καταφυτεύεηο,</span> <span class='ocrx_word' id='word_1_674' title='bbox 3352 2677 3447 2728; x_wconf 78' lang='grc' dir='ltr'>καὶ</span> <span class='ocrx_word' id='word_1_675' title='bbox 3475 2692 3650 2730; x_wconf 78' lang='grc' dir='ltr'>καταο</span> 
     </span>
    </p>
   </div>
   <div class='ocr_carea' id='block_1_93' title="bbox 2063 2757 3650 2831">
    <p class='ocr_par' dir='ltr' id='par_1_93' title="bbox 2063 2757 3650 2831">
     <span class='ocr_line' id='line_1_93' title="bbox 2063 2757 3650 2831; baseline -0.005 -12"><span class='ocrx_word' id='word_1_676' title='bbox 2063 2763 2358 2819; x_wconf 82' lang='grc' dir='ltr'>σκάπτειν</span> <span class='ocrx_word' id='word_1_677' title='bbox 2389 2761 2488 2815; x_wconf 81' lang='grc' dir='ltr'>καὶ</span> <span class='ocrx_word' id='word_1_678' title='bbox 2513 2759 2949 2830; x_wconf 80' lang='grc' dir='ltr'>ἀνοικοδομεῖν·</span> <span class='ocrx_word' id='word_1_679' title='bbox 2982 2759 3041 2812; x_wconf 85' lang='grc' dir='ltr'>τὸ</span> <span class='ocrx_word' id='word_1_680' title='bbox 3076 2759 3175 2830; x_wconf 83' lang='grc' dir='ltr'>μὲν</span> <span class='ocrx_word' id='word_1_681' title='bbox 3207 2759 3283 2822; x_wconf 86' lang='grc' dir='ltr'>ὼς</span> <span class='ocrx_word' id='word_1_682' title='bbox 3304 2757 3555 2831; x_wconf 85' lang='grc' dir='ltr'>γεωργῷ,</span> <span class='ocrx_word' id='word_1_683' title='bbox 3587 2757 3650 2811; x_wconf 82' lang='grc' dir='ltr'>τὸ</span> 
     </span>
    </p>
   </div>
   <div class='ocr_carea' id='block_1_94' title="bbox 2061 2842 3650 2916">
    <p class='ocr_par' dir='ltr' id='par_1_94' title="bbox 2061 2842 3650 2916">
     <span class='ocr_line' id='line_1_94' title="bbox 2061 2842 3650 2916; baseline -0.005 -14"><span class='ocrx_word' id='word_1_684' title='bbox 2061 2848 2119 2902; x_wconf 85' lang='grc' dir='ltr'>δὲ</span> <span class='ocrx_word' id='word_1_685' title='bbox 2148 2848 2223 2912; x_wconf 86' lang='grc' dir='ltr'>ὠς</span> <span class='ocrx_word' id='word_1_686' title='bbox 2245 2847 2531 2916; x_wconf 76' lang='grc' dir='ltr'>οἰκοδόμῳ.</span> <span class='ocrx_word' id='word_1_687' title='bbox 2571 2845 2664 2898; x_wconf 90' lang='grc' dir='ltr'>Ἐκ</span> <span class='ocrx_word' id='word_1_688' title='bbox 2694 2844 2882 2898; x_wconf 90' lang='grc' dir='ltr'>τούτου</span> <span class='ocrx_word' id='word_1_689' title='bbox 2909 2844 3239 2915; x_wconf 88' lang='grc' dir='ltr'>ταράσσεται</span> <span class='ocrx_word' id='word_1_690' title='bbox 3269 2843 3433 2897; x_wconf 88' lang='grc' dir='ltr'>πάλιν</span> <span class='ocrx_word' id='word_1_691' title='bbox 3459 2843 3517 2896; x_wconf 88' lang='lat'>16</span> <span class='ocrx_word' id='word_1_692' title='bbox 3550 2842 3650 2913; x_wconf 87' lang='grc' dir='ltr'>μέ-</span> 
     </span>
    </p>
   </div>
   <div class='ocr_carea' id='block_1_95' title="bbox 2066 2926 3651 3003">
    <p class='ocr_par' dir='ltr' id='par_1_95' title="bbox 2066 2926 3651 3003">
     <span class='ocr_line' id='line_1_95' title="bbox 2066 2926 3651 3003; baseline -0.003 -19"><span class='ocrx_word' id='word_1_693' title='bbox 2066 2948 2157 3003; x_wconf 90' lang='grc' dir='ltr'>ρος</span> <span class='ocrx_word' id='word_1_694' title='bbox 2206 2928 2314 2984; x_wconf 89' lang='grc' dir='ltr'>τῶν</span> <span class='ocrx_word' id='word_1_695' title='bbox 2366 2928 2858 2999; x_wconf 84' lang='grc' dir='ltr'>βαλαντιοσκόπων.</span> <span class='ocrx_word' id='word_1_696' title='bbox 2909 2927 3064 2981; x_wconf 84' lang='grc' dir='ltr'>Μετά</span> <span class='ocrx_word' id='word_1_697' title='bbox 3105 2927 3264 2980; x_wconf 89' lang='grc' dir='ltr'>τοῦτο</span> <span class='ocrx_word' id='word_1_698' title='bbox 3307 2926 3651 2998; x_wconf 80' lang='grc' dir='ltr'>ἐπιμελεῖται</span> 
     </span>
    </p>
   </div>
   <div class='ocr_carea' id='block_1_96' title="bbox 2063 3009 3653 3083">
    <p class='ocr_par' dir='ltr' id='par_1_96' title="bbox 2063 3009 3653 3083">
     <span class='ocr_line' id='line_1_96' title="bbox 2063 3009 3653 3083; baseline -0.002 -16"><span class='ocrx_word' id='word_1_699' title='bbox 2063 3012 2242 3067; x_wconf 80' lang='grc' dir='ltr'>αὐτῶν</span> <span class='ocrx_word' id='word_1_700' title='bbox 2268 3013 2368 3083; x_wconf 80' lang='grc' dir='ltr'>τῆς</span> <span class='ocrx_word' id='word_1_701' title='bbox 2396 3011 2630 3082; x_wconf 89' lang='grc' dir='ltr'>διαίτης,</span> <span class='ocrx_word' id='word_1_702' title='bbox 2663 3010 2998 3082; x_wconf 85' lang='grc' dir='ltr'>παρακαλῶν</span> <span class='ocrx_word' id='word_1_703' title='bbox 3030 3010 3318 3080; x_wconf 87' lang='grc' dir='ltr'>ἀρκεῖσθαι</span> <span class='ocrx_word' id='word_1_704' title='bbox 3345 3013 3457 3074; x_wconf 83' lang='grc' dir='ltr'>τοῖς</span> <span class='ocrx_word' id='word_1_705' title='bbox 3498 3009 3653 3075; x_wconf 86' lang='grc' dir='ltr'>ίδίοις</span> 
     </span>
    </p>
   </div>
   <div class='ocr_carea' id='block_1_97' title="bbox 2063 3092 3652 3166">
    <p class='ocr_par' dir='ltr' id='par_1_97' title="bbox 2063 3092 3652 3166">
     <span class='ocr_line' id='line_1_97' title="bbox 2063 3092 3652 3166; baseline -0.001 -17"><span class='ocrx_word' id='word_1_706' title='bbox 2063 3094 2335 3165; x_wconf 80' lang='grc' dir='ltr'>ὀψωνίοις,</span> <span class='ocrx_word' id='word_1_707' title='bbox 2363 3094 2459 3148; x_wconf 75' lang='grc' dir='ltr'>καὶ</span> <span class='ocrx_word' id='word_1_708' title='bbox 2494 3093 2567 3166; x_wconf 80' lang='grc' dir='ltr'>μὴ</span> <span class='ocrx_word' id='word_1_709' title='bbox 2594 3092 2811 3147; x_wconf 87' lang='grc' dir='ltr'>διώκειν</span> <span class='ocrx_word' id='word_1_710' title='bbox 2843 3093 2943 3157; x_wconf 87' lang='grc' dir='ltr'>τάς</span> <span class='ocrx_word' id='word_1_711' title='bbox 2974 3093 3198 3158; x_wconf 86' lang='grc' dir='ltr'>κνίσσας</span> <span class='ocrx_word' id='word_1_712' title='bbox 3231 3094 3330 3158; x_wconf 76' lang='grc' dir='ltr'>τὰς</span> <span class='ocrx_word' id='word_1_713' title='bbox 3355 3095 3464 3147; x_wconf 73' lang='grc' dir='ltr'>τῶν</span> <span class='ocrx_word' id='word_1_714' title='bbox 3490 3094 3652 3148; x_wconf 73' lang='grc' dir='ltr'>πλουο</span> 
     </span>
    </p>
   </div>
   <div class='ocr_carea' id='block_1_98' title="bbox 2067 3175 3653 3248">
    <p class='ocr_par' dir='ltr' id='par_1_98' title="bbox 2067 3175 3653 3248">
     <span class='ocr_line' id='line_1_98' title="bbox 2067 3175 3653 3248; baseline 0 -17"><span class='ocrx_word' id='word_1_715' title='bbox 2067 3179 2219 3241; x_wconf 90' lang='grc' dir='ltr'>σίων,</span> <span class='ocrx_word' id='word_1_716' title='bbox 2250 3178 2338 3230; x_wconf 82' lang='grc' dir='ltr'>ἵνα</span> <span class='ocrx_word' id='word_1_717' title='bbox 2367 3176 2442 3248; x_wconf 83' lang='grc' dir='ltr'>μὴ</span> <span class='ocrx_word' id='word_1_718' title='bbox 2472 3175 2677 3231; x_wconf 83' lang='grc' dir='ltr'>καπνὸν</span> <span class='ocrx_word' id='word_1_719' title='bbox 2710 3175 2926 3246; x_wconf 83' lang='grc' dir='ltr'>ἔχοντες</span> <span class='ocrx_word' id='word_1_720' title='bbox 2965 3175 3054 3229; x_wconf 83' lang='grc' dir='ltr'>τὸν</span> <span class='ocrx_word' id='word_1_721' title='bbox 3079 3175 3356 3248; x_wconf 68' lang='grc' dir='ltr'>δᾳδοῦχον,</span> <span class='ocrx_word' id='word_1_722' title='bbox 3391 3179 3456 3248; x_wconf 82' lang='grc' dir='ltr'>τῇ</span> <span class='ocrx_word' id='word_1_723' title='bbox 3492 3176 3653 3246; x_wconf 80' lang='grc' dir='ltr'>φλογὶ</span> 
     </span>
    </p>
   </div>
   <div class='ocr_carea' id='block_1_99' title="bbox 2063 3258 3650 3332">
    <p class='ocr_par' dir='ltr' id='par_1_99' title="bbox 2063 3258 3650 3332">
     <span class='ocr_line' id='line_1_99' title="bbox 2063 3258 3650 3332; baseline 0.001 -18"><span class='ocrx_word' id='word_1_724' title='bbox 2063 3261 2166 3331; x_wconf 84' lang='grc' dir='ltr'>τῆς</span> <span class='ocrx_word' id='word_1_725' title='bbox 2193 3260 2490 3323; x_wconf 82' lang='grc' dir='ltr'>ἀκολασίας</span> <span class='ocrx_word' id='word_1_726' title='bbox 2531 3258 2894 3330; x_wconf 85' lang='grc' dir='ltr'>παραδοθῶσι,</span> <span class='ocrx_word' id='word_1_727' title='bbox 2930 3259 3178 3312; x_wconf 82' lang='grc' dir='ltr'>κολάκων</span> <span class='ocrx_word' id='word_1_728' title='bbox 3207 3261 3298 3312; x_wconf 74' lang='grc' dir='ltr'>καὶ</span> <span class='ocrx_word' id='word_1_729' title='bbox 3332 3261 3650 3332; x_wconf 83' lang='grc' dir='ltr'>παρασίτων</span> 
     </span>
    </p>
   </div>
   <div class='ocr_carea' id='block_1_100' title="bbox 2069 3341 3650 3416">
    <p class='ocr_par' dir='ltr' id='par_1_100' title="bbox 2069 3341 3650 3416">
     <span class='ocr_line' id='line_1_100' title="bbox 2069 3341 3650 3416; baseline 0 -20"><span class='ocrx_word' id='word_1_730' title='bbox 2069 3343 2496 3416; x_wconf 85' lang='grc' dir='ltr'>μεταδιώξαντες</span> <span class='ocrx_word' id='word_1_731' title='bbox 2562 3342 2694 3412; x_wconf 89' lang='grc' dir='ltr'>βίον.</span> <span class='ocrx_word' id='word_1_732' title='bbox 2771 3341 3052 3395; x_wconf 88' lang='grc' dir='ltr'>Ἐντεῦθεν</span> <span class='ocrx_word' id='word_1_733' title='bbox 3137 3342 3523 3412; x_wconf 88' lang='grc' dir='ltr'>ἀνορύττονται</span> <span class='ocrx_word' id='word_1_734' title='bbox 3598 3346 3650 3396; x_wconf 86' lang='grc' dir='ltr'>οί</span> 
     </span>
    </p>
   </div>
   <div class='ocr_carea' id='block_1_101' title="bbox 2067 3424 3649 3498">
    <p class='ocr_par' dir='ltr' id='par_1_101' title="bbox 2067 3424 3649 3498">
     <span class='ocr_line' id='line_1_101' title="bbox 2067 3424 3649 3498; baseline -0.001 -17"><span class='ocrx_word' id='word_1_735' title='bbox 2067 3427 2283 3492; x_wconf 87' lang='grc' dir='ltr'>πλείους</span> <span class='ocrx_word' id='word_1_736' title='bbox 2317 3427 2426 3480; x_wconf 91' lang='grc' dir='ltr'>τῶν</span> <span class='ocrx_word' id='word_1_737' title='bbox 2458 3426 2908 3498; x_wconf 72' lang='grc' dir='ltr'>γαστριμάργων,</span> <span class='ocrx_word' id='word_1_738' title='bbox 2948 3424 3387 3496; x_wconf 84' lang='grc' dir='ltr'>συγκλωθόμενοι</span> <span class='ocrx_word' id='word_1_739' title='bbox 3415 3429 3527 3489; x_wconf 83' lang='grc' dir='ltr'>τοῖς</span> <span class='ocrx_word' id='word_1_740' title='bbox 3560 3444 3649 3480; x_wconf 84' lang='grc' dir='ltr'>σο-</span> 
     </span>
    </p>
   </div>
   <div class='ocr_carea' id='block_1_102' title="bbox 2065 3507 3656 3582">
    <p class='ocr_par' dir='ltr' id='par_1_102' title="bbox 2065 3507 3656 3582">
     <span class='ocr_line' id='line_1_102' title="bbox 2065 3507 3656 3582; baseline -0.001 -16"><span class='ocrx_word' id='word_1_741' title='bbox 2065 3514 2280 3581; x_wconf 88' lang='grc' dir='ltr'>φισταῖς</span> <span class='ocrx_word' id='word_1_742' title='bbox 2298 3510 2399 3581; x_wconf 85' lang='grc' dir='ltr'>τῆς</span> <span class='ocrx_word' id='word_1_743' title='bbox 2426 3509 2779 3582; x_wconf 83' lang='grc' dir='ltr'>κατηγορίας.</span> <span class='ocrx_word' id='word_1_744' title='bbox 2809 3508 2964 3562; x_wconf 78' lang='grc' dir='ltr'>Μετὰ</span> <span class='ocrx_word' id='word_1_745' title='bbox 2991 3507 3146 3562; x_wconf 88' lang='grc' dir='ltr'>τοῦτο</span> <span class='ocrx_word' id='word_1_746' title='bbox 3167 3507 3419 3581; x_wconf 85' lang='grc' dir='ltr'>διερευνᾷ</span> <span class='ocrx_word' id='word_1_747' title='bbox 3445 3509 3512 3563; x_wconf 88' lang='grc' dir='ltr'>τά</span> <span class='ocrx_word' id='word_1_748' title='bbox 3537 3509 3656 3580; x_wconf 73' lang='grc' dir='ltr'>βρέο</span> 
     </span>
    </p>
   </div>
   <div class='ocr_carea' id='block_1_103' title="bbox 2063 3591 3654 3664">
    <p class='ocr_par' dir='ltr' id='par_1_103' title="bbox 2063 3591 3654 3664">
     <span class='ocr_line' id='line_1_103' title="bbox 2063 3591 3654 3664; baseline 0 -17"><span class='ocrx_word' id='word_1_749' title='bbox 2063 3594 2159 3648; x_wconf 84' lang='grc' dir='ltr'>ϐια</span> <span class='ocrx_word' id='word_1_750' title='bbox 2187 3593 2282 3648; x_wconf 89' lang='grc' dir='ltr'>τοῦ</span> <span class='ocrx_word' id='word_1_751' title='bbox 2324 3593 2632 3663; x_wconf 71' lang='grc' dir='ltr'>οἰκονόμου,</span> <span class='ocrx_word' id='word_1_752' title='bbox 2659 3593 2754 3645; x_wconf 76' lang='grc' dir='ltr'>καὶ</span> <span class='ocrx_word' id='word_1_753' title='bbox 2785 3591 3030 3662; x_wconf 84' lang='grc' dir='ltr'>εὑρίσκει</span> <span class='ocrx_word' id='word_1_754' title='bbox 3056 3591 3321 3662; x_wconf 87' lang='grc' dir='ltr'>ἀνάλωμα</span> <span class='ocrx_word' id='word_1_755' title='bbox 3371 3594 3474 3647; x_wconf 83' lang='grc' dir='ltr'>οὐκ</span> <span class='ocrx_word' id='word_1_756' title='bbox 3505 3594 3654 3664; x_wconf 84' lang='grc' dir='ltr'>ὠφε-</span> 
     </span>
    </p>
   </div>
   <div class='ocr_carea' id='block_1_104' title="bbox 2061 3672 3653 3747">
    <p class='ocr_par' dir='ltr' id='par_1_104' title="bbox 2061 3672 3653 3747">
     <span class='ocr_line' id='line_1_104' title="bbox 2061 3672 3653 3747; baseline -0.001 -18"><span class='ocrx_word' id='word_1_757' title='bbox 2061 3676 2186 3730; x_wconf 90' lang='grc' dir='ltr'>λοῦν</span> <span class='ocrx_word' id='word_1_758' title='bbox 2215 3676 2314 3746; x_wconf 83' lang='grc' dir='ltr'>τὴν</span> <span class='ocrx_word' id='word_1_759' title='bbox 2352 3674 2698 3744; x_wconf 85' lang='grc' dir='ltr'>Ἐκκλησίαν·</span> <span class='ocrx_word' id='word_1_760' title='bbox 2726 3675 3059 3745; x_wconf 85' lang='grc' dir='ltr'>προστάσσει</span> <span class='ocrx_word' id='word_1_761' title='bbox 3089 3675 3293 3728; x_wconf 88' lang='grc' dir='ltr'>τούτων</span> <span class='ocrx_word' id='word_1_762' title='bbox 3324 3676 3515 3746; x_wconf 87' lang='grc' dir='ltr'>ἀργεῖν</span> <span class='ocrx_word' id='word_1_763' title='bbox 3551 3672 3653 3747; x_wconf 79' lang='grc' dir='ltr'>τὴν</span> 
     </span>
    </p>
   </div>
   <div class='ocr_carea' id='block_1_105' title="bbox 2060 3756 3650 3830">
    <p class='ocr_par' dir='ltr' id='par_1_105' title="bbox 2060 3756 3650 3830">
     <span class='ocr_line' id='line_1_105' title="bbox 2060 3756 3650 3830; baseline 0 -18"><span class='ocrx_word' id='word_1_764' title='bbox 2060 3760 2398 3830; x_wconf 86' lang='grc' dir='ltr'>ἐπικουρίαν.</span> <span class='ocrx_word' id='word_1_765' title='bbox 2441 3757 2700 3827; x_wconf 78' lang='grc' dir='ltr'>Ἔρχεται</span> <span class='ocrx_word' id='word_1_766' title='bbox 2740 3758 2821 3821; x_wconf 83' lang='grc' dir='ltr'>είς</span> <span class='ocrx_word' id='word_1_767' title='bbox 2861 3756 2922 3810; x_wconf 83' lang='lat'>16</span> <span class='ocrx_word' id='word_1_768' title='bbox 2967 3758 3132 3828; x_wconf 88' lang='grc' dir='ltr'>μέρος</span> <span class='ocrx_word' id='word_1_769' title='bbox 3163 3757 3257 3810; x_wconf 87' lang='grc' dir='ltr'>τοῦ</span> <span class='ocrx_word' id='word_1_770' title='bbox 3292 3757 3650 3828; x_wconf 84' lang='grc' dir='ltr'>ἀναλώματος</span> 
     </span>
    </p>
   </div>
   <div class='ocr_carea' id='block_1_106' title="bbox 2059 3840 3651 3912">
    <p class='ocr_par' dir='ltr' id='par_1_106' title="bbox 2059 3840 3651 3912">
     <span class='ocr_line' id='line_1_106' title="bbox 2059 3840 3651 3912; baseline 0.001 -17"><span class='ocrx_word' id='word_1_771' title='bbox 2059 3842 2153 3896; x_wconf 90' lang='grc' dir='ltr'>τοῦ</span> <span class='ocrx_word' id='word_1_772' title='bbox 2185 3843 2484 3895; x_wconf 86' lang='grc' dir='ltr'>ἐπισκόπου</span> <span class='ocrx_word' id='word_1_773' title='bbox 2514 3852 2536 3880; x_wconf 78' lang='grc' dir='ltr'><strong>ο</strong></span> <span class='ocrx_word' id='word_1_774' title='bbox 2559 3882 2574 3906; x_wconf 94' lang='grc'>,</span> <span class='ocrx_word' id='word_1_775' title='bbox 2605 3843 2700 3894; x_wconf 71' lang='grc' dir='ltr'>καὶ</span> <span class='ocrx_word' id='word_1_776' title='bbox 2743 3841 2989 3912; x_wconf 85' lang='grc' dir='ltr'>εὑρίσκει</span> <span class='ocrx_word' id='word_1_777' title='bbox 3019 3840 3298 3911; x_wconf 76' lang='grc' dir='ltr'>δαψίλειαν</span> <span class='ocrx_word' id='word_1_778' title='bbox 3331 3842 3392 3894; x_wconf 87' lang='grc' dir='ltr'>οὺ</span> <span class='ocrx_word' id='word_1_779' title='bbox 3432 3841 3528 3912; x_wconf 80' lang='grc' dir='ltr'>τὴν</span> <span class='ocrx_word' id='word_1_780' title='bbox 3556 3861 3651 3896; x_wconf 88' lang='grc' dir='ltr'>τυ-</span> 
     </span>
    </p>
   </div>
   <div class='ocr_carea' id='block_1_107' title="bbox 2059 3924 3652 3997">
    <p class='ocr_par' dir='ltr' id='par_1_107' title="bbox 2059 3924 3652 3997">
     <span class='ocr_line' id='line_1_107' title="bbox 2059 3924 3652 3997; baseline 0 -17"><span class='ocrx_word' id='word_1_781' title='bbox 2059 3926 2281 3997; x_wconf 88' lang='grc' dir='ltr'>χοῦσαν,</span> <span class='ocrx_word' id='word_1_782' title='bbox 2317 3926 2412 3980; x_wconf 74' lang='grc' dir='ltr'>καὶ</span> <span class='ocrx_word' id='word_1_783' title='bbox 2451 3924 2666 3980; x_wconf 90' lang='grc' dir='ltr'>κελεύει</span> <span class='ocrx_word' id='word_1_784' title='bbox 2725 3924 3112 3996; x_wconf 77' lang='grc' dir='ltr'>μετενεχθῆναι</span> <span class='ocrx_word' id='word_1_785' title='bbox 3156 3924 3255 3996; x_wconf 83' lang='grc' dir='ltr'>τὴν</span> <span class='ocrx_word' id='word_1_786' title='bbox 3304 3925 3652 3980; x_wconf 86' lang='grc' dir='ltr'>πολυτέλειαν</span> 
     </span>
    </p>
   </div>
   <div class='ocr_carea' id='block_1_108' title="bbox 2059 4008 3652 4081">
    <p class='ocr_par' dir='ltr' id='par_1_108' title="bbox 2059 4008 3652 4081">
     <span class='ocr_line' id='line_1_108' title="bbox 2059 4008 3652 4081; baseline 0 -18"><span class='ocrx_word' id='word_1_787' title='bbox 2059 4011 2266 4064; x_wconf 88' lang='grc' dir='ltr'>τούτων</span> <span class='ocrx_word' id='word_1_788' title='bbox 2328 4011 2408 4072; x_wconf 90' lang='grc' dir='ltr'>εἰς</span> <span class='ocrx_word' id='word_1_789' title='bbox 2463 4009 2523 4063; x_wconf 89' lang='lat'>16</span> <span class='ocrx_word' id='word_1_790' title='bbox 2581 4012 2948 4080; x_wconf 86' lang='grc' dir='ltr'>νοσοκομεῖον.</span> <span class='ocrx_word' id='word_1_791' title='bbox 3014 4008 3388 4080; x_wconf 89' lang='grc' dir='ltr'>Περισσούσης</span> <span class='ocrx_word' id='word_1_792' title='bbox 3447 4010 3504 4064; x_wconf 79' lang='grc' dir='ltr'>δὲ</span> <span class='ocrx_word' id='word_1_793' title='bbox 3553 4011 3652 4081; x_wconf 71' lang='grc' dir='ltr'>τῆς</span> 
     </span>
    </p>
   </div>
   <div class='ocr_carea' id='block_1_109' title="bbox 2061 4092 3652 4166">
    <p class='ocr_par' dir='ltr' id='par_1_109' title="bbox 2061 4092 3652 4166">
     <span class='ocr_line' id='line_1_109' title="bbox 2061 4092 3652 4166; baseline -0.001 -19"><span class='ocrx_word' id='word_1_794' title='bbox 2061 4095 2273 4166; x_wconf 87' lang='grc' dir='ltr'>χρείας,</span> <span class='ocrx_word' id='word_1_795' title='bbox 2325 4092 2500 4158; x_wconf 76' lang='grc' dir='ltr'>κτίζει</span> <span class='ocrx_word' id='word_1_796' title='bbox 2535 4093 2757 4148; x_wconf 87' lang='grc' dir='ltr'>πλείονα</span> <span class='ocrx_word' id='word_1_797' title='bbox 2804 4095 3148 4163; x_wconf 87' lang='grc' dir='ltr'>νοσοκομεῖα,</span> <span class='ocrx_word' id='word_1_798' title='bbox 3193 4093 3652 4166; x_wconf 79' lang='grc' dir='ltr'>προκαταστήσας</span> 
     </span>
    </p>
   </div>
   <div class='ocr_carea' id='block_1_110' title="bbox 2059 4175 3650 4252">
    <p class='ocr_par' dir='ltr' id='par_1_110' title="bbox 2059 4175 3650 4252">
     <span class='ocr_line' id='line_1_110' title="bbox 2059 4175 3650 4252; baseline -0.003 -19"><span class='ocrx_word' id='word_1_799' title='bbox 2059 4178 2158 4233; x_wconf 88' lang='grc' dir='ltr'>δύο</span> <span class='ocrx_word' id='word_1_800' title='bbox 2183 4177 2291 4232; x_wconf 90' lang='grc' dir='ltr'>τῶν</span> <span class='ocrx_word' id='word_1_801' title='bbox 2315 4177 2557 4231; x_wconf 81' lang='grc' dir='ltr'>εὐλαϐῶν</span> <span class='ocrx_word' id='word_1_802' title='bbox 2585 4175 2996 4252; x_wconf 84' lang='grc' dir='ltr'>πρεσϐυτέρων,</span> <span class='ocrx_word' id='word_1_803' title='bbox 3040 4175 3118 4228; x_wconf 78' lang='grc' dir='ltr'>ἔτι</span> <span class='ocrx_word' id='word_1_804' title='bbox 3156 4176 3261 4247; x_wconf 77' lang='grc' dir='ltr'>μὴν</span> <span class='ocrx_word' id='word_1_805' title='bbox 3286 4177 3379 4229; x_wconf 77' lang='grc' dir='ltr'>καὶ</span> <span class='ocrx_word' id='word_1_806' title='bbox 3414 4177 3650 4248; x_wconf 76' lang='grc' dir='ltr'>ἰατροὺς,</span> 
     </span>
    </p>
   </div>
   <div class='ocr_carea' id='block_1_111' title="bbox 2066 4258 3653 4334">
    <p class='ocr_par' dir='ltr' id='par_1_111' title="bbox 2066 4258 3653 4334">
     <span class='ocr_line' id='line_1_111' title="bbox 2066 4258 3653 4334; baseline -0.003 -17"><span class='ocrx_word' id='word_1_807' title='bbox 2066 4263 2161 4317; x_wconf 78' lang='grc' dir='ltr'>καὶ</span> <span class='ocrx_word' id='word_1_808' title='bbox 2213 4261 2528 4334; x_wconf 90' lang='grc' dir='ltr'>μαγείρους,</span> <span class='ocrx_word' id='word_1_809' title='bbox 2557 4262 2652 4315; x_wconf 74' lang='grc' dir='ltr'>καὶ</span> <span class='ocrx_word' id='word_1_810' title='bbox 2686 4259 2956 4332; x_wconf 77' lang='grc' dir='ltr'>χρηστοὺς</span> <span class='ocrx_word' id='word_1_811' title='bbox 2995 4258 3104 4312; x_wconf 85' lang='grc' dir='ltr'>τῶν</span> <span class='ocrx_word' id='word_1_812' title='bbox 3141 4261 3370 4330; x_wconf 87' lang='grc' dir='ltr'>ἀγάμων</span> <span class='ocrx_word' id='word_1_813' title='bbox 3417 4260 3653 4332; x_wconf 88' lang='grc' dir='ltr'>ἐργάτας</span> 
     </span>
    </p>
   </div>
   <div class='ocr_carea' id='block_1_112' title="bbox 2063 4342 3654 4416">
    <p class='ocr_par' dir='ltr' id='par_1_112' title="bbox 2063 4342 3654 4416">
     <span class='ocr_line' id='line_1_112' title="bbox 2063 4342 3654 4416; baseline 0 -18"><span class='ocrx_word' id='word_1_814' title='bbox 2063 4346 2273 4410; x_wconf 87' lang='grc' dir='ltr'>τούτοις</span> <span class='ocrx_word' id='word_1_815' title='bbox 2333 4347 2410 4408; x_wconf 66' lang='grc' dir='ltr'>είς</span> <span class='ocrx_word' id='word_1_816' title='bbox 2459 4345 2779 4416; x_wconf 88' lang='grc' dir='ltr'>ὑπηρεσίαν·</span> <span class='ocrx_word' id='word_1_817' title='bbox 2825 4342 2963 4396; x_wconf 85' lang='grc' dir='ltr'>ὥστε</span> <span class='ocrx_word' id='word_1_818' title='bbox 3013 4345 3139 4408; x_wconf 81' lang='grc' dir='ltr'>τοὺς</span> <span class='ocrx_word' id='word_1_819' title='bbox 3189 4343 3654 4415; x_wconf 72' lang='grc' dir='ltr'>ἐπιχωριάζον-τας</span> 
     </span>
    </p>
   </div>
   <div class='ocr_carea' id='block_1_113' title="bbox 2065 4426 3653 4496">
    <p class='ocr_par' dir='ltr' id='par_1_113' title="bbox 2065 4426 3653 4496">
     <span class='ocr_line' id='line_1_113' title="bbox 2065 4426 3653 4496; baseline -0.002 -14"><span class='ocrx_word' id='word_1_820' title='bbox 2065 4428 2251 4493; x_wconf 85' lang='grc' dir='ltr'>ξένους</span> <span class='ocrx_word' id='word_1_821' title='bbox 2297 4430 2392 4482; x_wconf 74' lang='grc' dir='ltr'>καὶ</span> <span class='ocrx_word' id='word_1_822' title='bbox 2441 4428 2546 4481; x_wconf 84' lang='grc' dir='ltr'>ὑπὸ</span> <span class='ocrx_word' id='word_1_823' title='bbox 2571 4427 2728 4480; x_wconf 83' lang='grc' dir='ltr'>νόσου</span> <span class='ocrx_word' id='word_1_824' title='bbox 2767 4426 3093 4496; x_wconf 81' lang='grc' dir='ltr'>ληφθέντας,</span> <span class='ocrx_word' id='word_1_825' title='bbox 3123 4427 3415 4496; x_wconf 89' lang='grc' dir='ltr'>τυγχάνειν</span> <span class='ocrx_word' id='word_1_826' title='bbox 3456 4427 3653 4496; x_wconf 88' lang='grc' dir='ltr'>ἐπιμε-</span> 
     </span>
    </p>
   </div>
   <div class='ocr_carea' id='block_1_114' title="bbox 2061 4509 3653 4580">
    <p class='ocr_par' dir='ltr' id='par_1_114' title="bbox 2061 4509 3653 4580">
     <span class='ocr_line' id='line_1_114' title="bbox 2061 4509 3653 4580; baseline -0.003 -15"><span class='ocrx_word' id='word_1_827' title='bbox 2061 4512 2229 4575; x_wconf 88' lang='grc' dir='ltr'>λείας,</span> <span class='ocrx_word' id='word_1_828' title='bbox 2260 4513 2355 4565; x_wconf 75' lang='grc' dir='ltr'>καὶ</span> <span class='ocrx_word' id='word_1_829' title='bbox 2384 4511 2452 4566; x_wconf 85' lang='grc' dir='ltr'>δι’</span> <span class='ocrx_word' id='word_1_830' title='bbox 2489 4510 2623 4564; x_wconf 82' lang='grc' dir='ltr'>αὑτὸ</span> <span class='ocrx_word' id='word_1_831' title='bbox 2659 4510 2720 4563; x_wconf 85' lang='lat'>16</span> <span class='ocrx_word' id='word_1_832' title='bbox 2747 4509 2930 4572; x_wconf 77' lang='grc' dir='ltr'>καλὸν,</span> <span class='ocrx_word' id='word_1_833' title='bbox 2966 4511 3060 4563; x_wconf 77' lang='grc' dir='ltr'>καὶ</span> <span class='ocrx_word' id='word_1_834' title='bbox 3089 4509 3177 4563; x_wconf 69' lang='grc' dir='ltr'>διὰ</span> <span class='ocrx_word' id='word_1_835' title='bbox 3210 4511 3308 4579; x_wconf 84' lang='grc' dir='ltr'>τὴν</span> <span class='ocrx_word' id='word_1_836' title='bbox 3343 4509 3436 4562; x_wconf 90' lang='grc' dir='ltr'>τοῦ</span> <span class='ocrx_word' id='word_1_837' title='bbox 3468 4509 3653 4580; x_wconf 84' lang='grc' dir='ltr'>Σωτῆ-</span> 
     </span>
    </p>
   </div>
   <div class='ocr_carea' id='block_1_115' title="bbox 2065 4590 3653 4666">
    <p class='ocr_par' dir='ltr' id='par_1_115' title="bbox 2065 4590 3653 4666">
     <span class='ocr_line' id='line_1_115' title="bbox 2065 4590 3653 4666; baseline -0.001 -19"><span class='ocrx_word' id='word_1_838' title='bbox 2065 4612 2158 4666; x_wconf 89' lang='grc' dir='ltr'>ρος</span> <span class='ocrx_word' id='word_1_839' title='bbox 2194 4594 2373 4660; x_wconf 78' lang='grc' dir='ltr'>δόξαν.</span> <span class='ocrx_word' id='word_1_840' title='bbox 2414 4593 2568 4647; x_wconf 82' lang='grc' dir='ltr'>Μετά</span> <span class='ocrx_word' id='word_1_841' title='bbox 2596 4592 2756 4647; x_wconf 91' lang='grc' dir='ltr'>τοῦτο</span> <span class='ocrx_word' id='word_1_842' title='bbox 2794 4592 3183 4664; x_wconf 84' lang='grc' dir='ltr'>προσκαλεῖται</span> <span class='ocrx_word' id='word_1_843' title='bbox 3221 4591 3283 4644; x_wconf 88' lang='lat'>16</span> <span class='ocrx_word' id='word_1_844' title='bbox 3313 4591 3421 4644; x_wconf 91' lang='grc' dir='ltr'>τῶν</span> <span class='ocrx_word' id='word_1_845' title='bbox 3464 4590 3653 4664; x_wconf 87' lang='grc' dir='ltr'>χηρῶν</span> 
     </span>
    </p>
   </div>
   <div class='ocr_carea' id='block_1_116' title="bbox 2061 4674 3652 4749">
    <p class='ocr_par' dir='ltr' id='par_1_116' title="bbox 2061 4674 3652 4749">
     <span class='ocr_line' id='line_1_116' title="bbox 2061 4674 3652 4749; baseline -0.003 -17"><span class='ocrx_word' id='word_1_846' title='bbox 2061 4679 2271 4749; x_wconf 88' lang='grc' dir='ltr'>τάγμα,</span> <span class='ocrx_word' id='word_1_847' title='bbox 2305 4675 2717 4749; x_wconf 86' lang='grc' dir='ltr'>ἐμπερινοστῶν</span> <span class='ocrx_word' id='word_1_848' title='bbox 2752 4678 2810 4730; x_wconf 91' lang='grc' dir='ltr'>ἐν</span> <span class='ocrx_word' id='word_1_849' title='bbox 2834 4676 3026 4740; x_wconf 83' lang='grc' dir='ltr'>αὑταῖς</span> <span class='ocrx_word' id='word_1_850' title='bbox 3053 4676 3153 4740; x_wconf 82' lang='grc' dir='ltr'>τὰς</span> <span class='ocrx_word' id='word_1_851' title='bbox 3183 4677 3284 4729; x_wconf 76' lang='grc' dir='ltr'>οὐκ</span> <span class='ocrx_word' id='word_1_852' title='bbox 3309 4674 3486 4747; x_wconf 89' lang='grc' dir='ltr'>ὀρθῶς</span> <span class='ocrx_word' id='word_1_853' title='bbox 3517 4677 3652 4728; x_wconf 81' lang='grc' dir='ltr'>ἀνα-</span> 
     </span>
    </p>
   </div>
   <div class='ocr_carea' id='block_1_117' title="bbox 2065 4757 3653 4834">
    <p class='ocr_par' dir='ltr' id='par_1_117' title="bbox 2065 4757 3653 4834">
     <span class='ocr_line' id='line_1_117' title="bbox 2065 4757 3653 4834; baseline -0.003 -19"><span class='ocrx_word' id='word_1_854' title='bbox 2065 4760 2459 4834; x_wconf 88' lang='grc' dir='ltr'>στρεφομένας,</span> <span class='ocrx_word' id='word_1_855' title='bbox 2488 4760 2583 4814; x_wconf 71' lang='grc' dir='ltr'>καὶ</span> <span class='ocrx_word' id='word_1_856' title='bbox 2610 4758 2785 4831; x_wconf 87' lang='grc' dir='ltr'>εὑρὼν</span> <span class='ocrx_word' id='word_1_857' title='bbox 2810 4759 3174 4831; x_wconf 88' lang='grc' dir='ltr'>φιλοσάρκους</span> <span class='ocrx_word' id='word_1_858' title='bbox 3203 4757 3379 4823; x_wconf 78' lang='grc' dir='ltr'>τινὰς,</span> <span class='ocrx_word' id='word_1_859' title='bbox 3418 4757 3653 4830; x_wconf 76' lang='grc' dir='ltr'>παρῄνει</span> 
     </span>
    </p>
   </div>
   <div class='ocr_carea' id='block_1_118' title="bbox 2068 4841 3651 4917">
    <p class='ocr_par' dir='ltr' id='par_1_118' title="bbox 2068 4841 3651 4917">
     <span class='ocr_line' id='line_1_118' title="bbox 2068 4841 3651 4917; baseline -0.003 -17"><span class='ocrx_word' id='word_1_860' title='bbox 2068 4845 2100 4917; x_wconf 80' lang='grc' dir='ltr'>ἢ</span> <span class='ocrx_word' id='word_1_861' title='bbox 2151 4845 2406 4915; x_wconf 90' lang='grc' dir='ltr'>νηστείαν</span> <span class='ocrx_word' id='word_1_862' title='bbox 2459 4843 2769 4907; x_wconf 89' lang='grc' dir='ltr'>ἀναλαϐεῖν,</span> <span class='ocrx_word' id='word_1_863' title='bbox 2817 4843 3164 4912; x_wconf 89' lang='grc' dir='ltr'>ἀπεχομένας</span> <span class='ocrx_word' id='word_1_864' title='bbox 3211 4841 3509 4911; x_wconf 88' lang='grc' dir='ltr'>βαλανείων</span> <span class='ocrx_word' id='word_1_865' title='bbox 3555 4842 3651 4896; x_wconf 75' lang='grc' dir='ltr'>καὶ</span> 
     </span>
    </p>
   </div>
   <div class='ocr_carea' id='block_1_119' title="bbox 2068 4924 3650 5002">
    <p class='ocr_par' dir='ltr' id='par_1_119' title="bbox 2068 4924 3650 5002">
     <span class='ocr_line' id='line_1_119' title="bbox 2068 4924 3650 5002; baseline -0.003 -19"><span class='ocrx_word' id='word_1_866' title='bbox 2068 4929 2375 5002; x_wconf 89' lang='grc' dir='ltr'>περιέργων</span> <span class='ocrx_word' id='word_1_867' title='bbox 2421 4927 2668 4997; x_wconf 79' lang='grc' dir='ltr'>ἱματίων,</span> <span class='ocrx_word' id='word_1_868' title='bbox 2718 4928 2750 4996; x_wconf 83' lang='grc' dir='ltr'>ἢ</span> <span class='ocrx_word' id='word_1_869' title='bbox 2796 4926 2989 4980; x_wconf 84' lang='grc' dir='ltr'>θᾶττον</span> <span class='ocrx_word' id='word_1_870' title='bbox 3019 4928 3216 4996; x_wconf 88' lang='grc' dir='ltr'>χωρεῖν</span> <span class='ocrx_word' id='word_1_871' title='bbox 3267 4926 3360 4978; x_wconf 75' lang='grc' dir='ltr'>ἐπὶ</span> <span class='ocrx_word' id='word_1_872' title='bbox 3399 4924 3650 4997; x_wconf 85' lang='grc' dir='ltr'>δεύτερον</span> 
     </span>
    </p>
   </div>
   <div class='ocr_carea' id='block_1_120' title="bbox 2066 5007 3650 5084">
    <p class='ocr_par' dir='ltr' id='par_1_120' title="bbox 2066 5007 3650 5084">
     <span class='ocr_line' id='line_1_120' title="bbox 2066 5007 3650 5084; baseline -0.003 -16"><span class='ocrx_word' id='word_1_873' title='bbox 2066 5014 2264 5084; x_wconf 90' lang='grc' dir='ltr'>γάμον,</span> <span class='ocrx_word' id='word_1_874' title='bbox 2297 5014 2382 5066; x_wconf 84' lang='grc' dir='ltr'>ἵνα</span> <span class='ocrx_word' id='word_1_875' title='bbox 2405 5013 2478 5083; x_wconf 81' lang='grc' dir='ltr'>μὴ</span> <span class='ocrx_word' id='word_1_876' title='bbox 2513 5009 2802 5082; x_wconf 73' lang='grc' dir='ltr'>ὑϐρίζηται</span> <span class='ocrx_word' id='word_1_877' title='bbox 2825 5013 2852 5062; x_wconf 87' lang='lat'>6</span> <span class='ocrx_word' id='word_1_878' title='bbox 2872 5010 3034 5081; x_wconf 89' lang='grc' dir='ltr'>νόμος</span> <span class='ocrx_word' id='word_1_879' title='bbox 3065 5011 3093 5062; x_wconf 92' lang='lat'>6</span> <span class='ocrx_word' id='word_1_880' title='bbox 3122 5007 3214 5062; x_wconf 91' lang='grc' dir='ltr'>τοῦ</span> <span class='ocrx_word' id='word_1_881' title='bbox 3245 5007 3473 5081; x_wconf 82' lang='grc' dir='ltr'>Κυρίου.</span> <span class='ocrx_word' id='word_1_882' title='bbox 3496 5010 3650 5064; x_wconf 80' lang='grc' dir='ltr'>Μετά</span> 
     </span>
    </p>
   </div>
   <div class='ocr_carea' id='block_1_121' title="bbox 2065 5093 3650 5164">
    <p class='ocr_par' dir='ltr' id='par_1_121' title="bbox 2065 5093 3650 5164">
     <span class='ocr_line' id='line_1_121' title="bbox 2065 5093 3650 5164; baseline -0.002 -15"><span class='ocrx_word' id='word_1_883' title='bbox 2065 5095 2223 5149; x_wconf 90' lang='grc' dir='ltr'>τοῦτο</span> <span class='ocrx_word' id='word_1_884' title='bbox 2265 5093 2566 5164; x_wconf 80' lang='grc' dir='ltr'>παρεκάλει</span> <span class='ocrx_word' id='word_1_885' title='bbox 2614 5095 2740 5158; x_wconf 76' lang='grc' dir='ltr'>τοὺς</span> <span class='ocrx_word' id='word_1_886' title='bbox 2776 5093 2982 5164; x_wconf 81' lang='grc' dir='ltr'>δήμους</span> <span class='ocrx_word' id='word_1_887' title='bbox 3041 5095 3477 5164; x_wconf 87' lang='grc' dir='ltr'>προσκαρτερεῖν</span> <span class='ocrx_word' id='word_1_888' title='bbox 3529 5094 3650 5156; x_wconf 86' lang='grc' dir='ltr'>ταῖς</span> 
     </span>
    </p>
   </div>
   <div class='ocr_carea' id='block_1_122' title="bbox 2069 5175 3650 5248">
    <p class='ocr_par' dir='ltr' id='par_1_122' title="bbox 2069 5175 3650 5248">
     <span class='ocr_line' id='line_1_122' title="bbox 2069 5175 3650 5248; baseline -0.003 -15"><span class='ocrx_word' id='word_1_889' title='bbox 2069 5182 2406 5248; x_wconf 90' lang='grc' dir='ltr'>νυκτεριναῖς</span> <span class='ocrx_word' id='word_1_890' title='bbox 2443 5177 2760 5242; x_wconf 87' lang='grc' dir='ltr'>λιτανείαις,</span> <span class='ocrx_word' id='word_1_891' title='bbox 2789 5177 2889 5241; x_wconf 84' lang='grc' dir='ltr'>τάς</span> <span class='ocrx_word' id='word_1_892' title='bbox 2927 5177 2985 5230; x_wconf 82' lang='grc' dir='ltr'>δέ</span> <span class='ocrx_word' id='word_1_893' title='bbox 3025 5175 3233 5230; x_wconf 87' lang='grc' dir='ltr'>τούτων</span> <span class='ocrx_word' id='word_1_894' title='bbox 3267 5181 3531 5246; x_wconf 87' lang='grc' dir='ltr'>γυναῖκας</span> <span class='ocrx_word' id='word_1_895' title='bbox 3567 5176 3650 5228; x_wconf 78' lang='grc' dir='ltr'>οτ-</span> 
     </span>
    </p>
   </div>
   <div class='ocr_carea' id='block_1_123' title="bbox 2067 5259 3648 5334">
    <p class='ocr_par' dir='ltr' id='par_1_123' title="bbox 2067 5259 3648 5334">
     <span class='ocr_line' id='line_1_123' title="bbox 2067 5259 3648 5334; baseline -0.002 -18"><span class='ocrx_word' id='word_1_896' title='bbox 2067 5280 2152 5316; x_wconf 90' lang='grc' dir='ltr'>κοι</span> <span class='ocrx_word' id='word_1_897' title='bbox 2180 5263 2378 5333; x_wconf 86' lang='grc' dir='ltr'>μένειν.</span> <span class='ocrx_word' id='word_1_898' title='bbox 2407 5263 2465 5314; x_wconf 91' lang='grc' dir='ltr'>ἐν</span> <span class='ocrx_word' id='word_1_899' title='bbox 2494 5262 2680 5334; x_wconf 80' lang='grc' dir='ltr'>ἡμέρᾳ</span> <span class='ocrx_word' id='word_1_900' title='bbox 2703 5261 3146 5334; x_wconf 89' lang='grc' dir='ltr'>προσευχομένας</span> <span class='ocrx_word' id='word_1_901' title='bbox 3180 5259 3532 5333; x_wconf 85' lang='grc' dir='ltr'>παρακαλῶν,</span> <span class='ocrx_word' id='word_1_902' title='bbox 3558 5259 3648 5313; x_wconf 80' lang='grc' dir='ltr'>διὰ</span> 
     </span>
    </p>
   </div>
   <div class='ocr_carea' id='block_1_124' title="bbox 2066 5343 3647 5418">
    <p class='ocr_par' dir='ltr' id='par_1_124' title="bbox 2066 5343 3647 5418">
     <span class='ocr_line' id='line_1_124' title="bbox 2066 5343 3647 5418; baseline -0.003 -18"><span class='ocrx_word' id='word_1_903' title='bbox 2066 5346 2126 5400; x_wconf 87' lang='lat'>16</span> <span class='ocrx_word' id='word_1_904' title='bbox 2176 5347 2250 5417; x_wconf 81' lang='grc' dir='ltr'>μὴ</span> <span class='ocrx_word' id='word_1_905' title='bbox 2298 5345 2584 5416; x_wconf 74' lang='grc' dir='ltr'>σχολάζειν</span> <span class='ocrx_word' id='word_1_906' title='bbox 2637 5348 2697 5400; x_wconf 88' lang='grc' dir='ltr'>ἐν</span> <span class='ocrx_word' id='word_1_907' title='bbox 2723 5347 2907 5418; x_wconf 74' lang='grc' dir='ltr'>ήμέρᾳ</span> <span class='ocrx_word' id='word_1_908' title='bbox 2947 5346 3075 5408; x_wconf 85' lang='grc' dir='ltr'>τοὺς</span> <span class='ocrx_word' id='word_1_909' title='bbox 3114 5344 3331 5415; x_wconf 83' lang='grc' dir='ltr'>ἄνδρας.</span> <span class='ocrx_word' id='word_1_910' title='bbox 3373 5343 3555 5397; x_wconf 88' lang='grc' dir='ltr'>Ταῦτα</span> <span class='ocrx_word' id='word_1_911' title='bbox 3587 5343 3647 5396; x_wconf 80' lang='grc' dir='ltr'>δὲ</span> 
     </span>
    </p>
   </div>
   <div class='ocr_carea' id='block_1_125' title="bbox 2066 5427 3649 5501">
    <p class='ocr_par' dir='ltr' id='par_1_125' title="bbox 2066 5427 3649 5501">
     <span class='ocr_line' id='line_1_125' title="bbox 2066 5427 3649 5501; baseline -0.003 -17"><span class='ocrx_word' id='word_1_912' title='bbox 2066 5431 2245 5484; x_wconf 86' lang='grc' dir='ltr'>πάντα</span> <span class='ocrx_word' id='word_1_913' title='bbox 2277 5429 2466 5485; x_wconf 82' lang='grc' dir='ltr'>ἐλύπει</span> <span class='ocrx_word' id='word_1_914' title='bbox 2490 5433 2618 5496; x_wconf 83' lang='grc' dir='ltr'>τοὺς</span> <span class='ocrx_word' id='word_1_915' title='bbox 2645 5430 3040 5501; x_wconf 87' lang='grc' dir='ltr'>ἀμελεστέρους</span> <span class='ocrx_word' id='word_1_916' title='bbox 3071 5428 3167 5482; x_wconf 88' lang='grc' dir='ltr'>τοῦ</span> <span class='ocrx_word' id='word_1_917' title='bbox 3198 5429 3424 5498; x_wconf 81' lang='grc' dir='ltr'>κλήρου,</span> <span class='ocrx_word' id='word_1_918' title='bbox 3445 5427 3649 5480; x_wconf 86' lang='grc' dir='ltr'>παννύ-</span> 
     </span>
    </p>
   </div>
   <div class='ocr_carea' id='block_1_126' title="bbox 2066 5510 3650 5586">
    <p class='ocr_par' dir='ltr' id='par_1_126' title="bbox 2066 5510 3650 5586">
     <span class='ocr_line' id='line_1_126' title="bbox 2066 5510 3650 5586; baseline -0.003 -17"><span class='ocrx_word' id='word_1_919' title='bbox 2066 5531 2182 5586; x_wconf 90' lang='grc' dir='ltr'>χιον</span> <span class='ocrx_word' id='word_1_920' title='bbox 2223 5514 2507 5570; x_wconf 89' lang='grc' dir='ltr'>καθεύδειν</span> <span class='ocrx_word' id='word_1_921' title='bbox 2559 5513 3014 5584; x_wconf 87' lang='grc' dir='ltr'>συνειθισμένους.</span> <span class='ocrx_word' id='word_1_922' title='bbox 3043 5513 3194 5566; x_wconf 85' lang='grc' dir='ltr'>Μετά</span> <span class='ocrx_word' id='word_1_923' title='bbox 3239 5510 3398 5564; x_wconf 89' lang='grc' dir='ltr'>τοῦτο</span> <span class='ocrx_word' id='word_1_924' title='bbox 3444 5513 3650 5582; x_wconf 81' lang='grc' dir='ltr'>ἥπτετο</span> 
     </span>
    </p>
   </div>
   <div class='ocr_carea' id='block_1_127' title="bbox 2065 5594 3647 5668">
    <p class='ocr_par' dir='ltr' id='par_1_127' title="bbox 2065 5594 3647 5668">
     <span class='ocr_line' id='line_1_127' title="bbox 2065 5594 3647 5668; baseline -0.006 -15"><span class='ocrx_word' id='word_1_925' title='bbox 2065 5598 2160 5653; x_wconf 84' lang='grc' dir='ltr'>τοῦ</span> <span class='ocrx_word' id='word_1_926' title='bbox 2191 5598 2510 5668; x_wconf 67' lang='grc' dir='ltr'>ἐλεγκτικώ</span> <span class='ocrx_word' id='word_1_927' title='bbox 2544 5597 2732 5667; x_wconf 78' lang='grc' dir='ltr'>ξίφους</span> <span class='ocrx_word' id='word_1_928' title='bbox 2779 5595 2922 5649; x_wconf 87' lang='grc' dir='ltr'>κατά</span> <span class='ocrx_word' id='word_1_929' title='bbox 2964 5595 3069 5648; x_wconf 84' lang='grc' dir='ltr'>τῶν</span> <span class='ocrx_word' id='word_1_930' title='bbox 3099 5594 3391 5654; x_wconf 79' lang='grc' dir='ltr'>πλουσίων,</span> <span class='ocrx_word' id='word_1_931' title='bbox 3436 5595 3647 5663; x_wconf 86' lang='grc' dir='ltr'>τέμνων</span> 
     </span>
    </p>
   </div>
   <div class='ocr_carea' id='block_1_128' title="bbox 2066 5677 3647 5755">
    <p class='ocr_par' dir='ltr' id='par_1_128' title="bbox 2066 5677 3647 5755">
     <span class='ocr_line' id='line_1_128' title="bbox 2066 5677 3647 5755; baseline -0.004 -19"><span class='ocrx_word' id='word_1_932' title='bbox 2066 5683 2134 5737; x_wconf 89' lang='grc' dir='ltr'>τά</span> <span class='ocrx_word' id='word_1_933' title='bbox 2171 5683 2274 5755; x_wconf 82' lang='grc' dir='ltr'>τῆς</span> <span class='ocrx_word' id='word_1_934' title='bbox 2301 5683 2478 5755; x_wconf 79' lang='grc' dir='ltr'>ψυχῆς</span> <span class='ocrx_word' id='word_1_935' title='bbox 2504 5682 2886 5751; x_wconf 81' lang='grc' dir='ltr'>ἀποστήματα,</span> <span class='ocrx_word' id='word_1_936' title='bbox 2927 5677 3156 5747; x_wconf 88' lang='grc' dir='ltr'>ἀτυφίαν</span> <span class='ocrx_word' id='word_1_937' title='bbox 3201 5678 3400 5742; x_wconf 82' lang='grc' dir='ltr'>αὑτοὺς</span> <span class='ocrx_word' id='word_1_938' title='bbox 3441 5677 3647 5731; x_wconf 76' lang='grc' dir='ltr'>ἐκδιδά-</span> 
     </span>
    </p>
   </div>
   <div class='ocr_carea' id='block_1_129' title="bbox 2070 5760 3646 5838">
    <p class='ocr_par' dir='ltr' id='par_1_129' title="bbox 2070 5760 3646 5838">
     <span class='ocr_line' id='line_1_129' title="bbox 2070 5760 3646 5838; baseline -0.005 -17"><span class='ocrx_word' id='word_1_939' title='bbox 2070 5783 2237 5831; x_wconf 88' lang='grc' dir='ltr'>σκων,</span> <span class='ocrx_word' id='word_1_940' title='bbox 2280 5762 2798 5838; x_wconf 81' lang='grc' dir='ltr'>μετριοφρονοῦντας</span> <span class='ocrx_word' id='word_1_941' title='bbox 2837 5761 2974 5833; x_wconf 66' lang='grc' dir='ltr'>πρὸς</span> <span class='ocrx_word' id='word_1_942' title='bbox 3017 5762 3144 5826; x_wconf 75' lang='grc' dir='ltr'>τοὺς</span> <span class='ocrx_word' id='word_1_943' title='bbox 3181 5761 3400 5824; x_wconf 72' lang='grc' dir='ltr'>λοιποὺς</span> <span class='ocrx_word' id='word_1_944' title='bbox 3437 5760 3646 5830; x_wconf 74' lang='grc' dir='ltr'>ἀνθρώ-</span> 
     </span>
    </p>
   </div>
   <div class='ocr_carea' id='block_1_130' title="bbox 2070 5843 3646 5918">
    <p class='ocr_par' dir='ltr' id='par_1_130' title="bbox 2070 5843 3646 5918">
     <span class='ocr_line' id='line_1_130' title="bbox 2070 5843 3646 5918; baseline -0.006 -14"><span class='ocrx_word' id='word_1_945' title='bbox 2070 5867 2225 5914; x_wconf 87' lang='grc' dir='ltr'>πους,</span> <span class='ocrx_word' id='word_1_946' title='bbox 2260 5845 2600 5916; x_wconf 86' lang='grc' dir='ltr'>ἀποστολικῷ</span> <span class='ocrx_word' id='word_1_947' title='bbox 2629 5844 2947 5916; x_wconf 87' lang='grc' dir='ltr'>πειθόμενος</span> <span class='ocrx_word' id='word_1_948' title='bbox 2983 5844 3148 5918; x_wconf 84' lang='grc' dir='ltr'>λόγῳ,</span> <span class='ocrx_word' id='word_1_949' title='bbox 3185 5845 3262 5916; x_wconf 79' lang='grc' dir='ltr'>τῷ</span> <span class='ocrx_word' id='word_1_950' title='bbox 3305 5843 3440 5916; x_wconf 68' lang='grc' dir='ltr'>πρὸς</span> <span class='ocrx_word' id='word_1_951' title='bbox 3475 5844 3646 5912; x_wconf 65' lang='grc' dir='ltr'>Τιμεῖε-</span> 
     </span>
    </p>
   </div>
   <div class='ocr_carea' id='block_1_131' title="bbox 2071 5926 3647 6004">
    <p class='ocr_par' dir='ltr' id='par_1_131' title="bbox 2071 5926 3647 6004">
     <span class='ocr_line' id='line_1_131' title="bbox 2071 5926 3647 6004; baseline -0.002 -16"><span class='ocrx_word' id='word_1_952' title='bbox 2071 5934 2192 5988; x_wconf 83' lang='grc' dir='ltr'>θεον</span> <span class='ocrx_word' id='word_1_953' title='bbox 2243 5931 2544 6004; x_wconf 79' lang='grc' dir='ltr'>φερομένῳ·</span> <span class='ocrx_word' id='word_1_954' title='bbox 2584 5930 2714 5997; x_wconf 83' lang='grc' dir='ltr'>Τοῖς</span> <span class='ocrx_word' id='word_1_955' title='bbox 2762 5931 3081 5999; x_wconf 73' lang='grc' dir='ltr'>πλουσίοις</span> <span class='ocrx_word' id='word_1_956' title='bbox 3114 5933 3182 5986; x_wconf 73' lang='grc' dir='ltr'>ἐν</span> <span class='ocrx_word' id='word_1_957' title='bbox 3223 5929 3302 5996; x_wconf 81' lang='grc' dir='ltr'>τῷ</span> <span class='ocrx_word' id='word_1_958' title='bbox 3335 5929 3453 5984; x_wconf 76' lang='grc' dir='ltr'>νῦν</span> <span class='ocrx_word' id='word_1_959' title='bbox 3479 5926 3647 5986; x_wconf 65' lang='grc' dir='ltr'>τιξῶἀς</span> 
     </span>
    </p>
   </div>
   <div class='ocr_carea' id='block_1_132' title="bbox 2139 6039 2803 6105">
    <p class='ocr_par' dir='ltr' id='par_1_132' title="bbox 2139 6039 2803 6105">
     <span class='ocr_line' id='line_1_132' title="bbox 2139 6039 2803 6105; baseline -0.006 -11"><span class='ocrx_word' id='word_1_960' title='bbox 2139 6046 2162 6074; x_wconf 81' lang='grc'><strong>⁶</strong></span> <span class='ocrx_word' id='word_1_961' title='bbox 2190 6043 2368 6105; x_wconf 82' lang='lat' dir='ltr'>Georg.</span> <span class='ocrx_word' id='word_1_962' title='bbox 2390 6039 2476 6089; x_wconf 76' lang='grc' dir='ltr'>τοῦ</span> <span class='ocrx_word' id='word_1_963' title='bbox 2499 6039 2803 6091; x_wconf 62' lang='grc' dir='ltr'>ἐπιθυ-’τίον</span> 
     </span>
    </p>
   </div>
   <div class='ocr_carea' id='block_1_133' title="bbox 3228 6130 3268 6191">
    <p class='ocr_par' dir='ltr' id='par_1_133' title="bbox 3228 6130 3268 6191">
     <span class='ocr_line' id='line_1_133' title="bbox 3228 6130 3268 6191; baseline 0 0"><span class='ocrx_word' id='word_1_964' title='bbox 3228 6130 3268 6191; x_wconf 80' lang='grc'>5</span> 
     </span>
    </p>
   </div>
  </div>
