4494 6694
840 574 897 628 2|
2115 581 2430 637 I‘ALLADII
2475 582 2828 639 DIALOGUS
4033 590 4101 643 2‘!

836 688 1214 761 παράγγελλε
1254 692 1336 760 μὴ
1394 691 1860 760 ὑψηλοφρονεῖν,
1901 694 2056 760 μηδὲ
2095 697 2412 762 ἠλπικέναι

833 776 934 828 ἐπὶ
962 777 1231 829 πλούτου
1258 775 1600 841 ἀδηλότητι.
1620 775 1835 827 Τούτων
1851 771 1943 828 οῦν
1966 777 2141 841 οὕτως
2160 782 2408 848 ἐχόντων,

838 860 933 913 καὶ
981 860 1082 929 τῆς
1125 859 1449 929 Ἐκκλησίας
1491 859 1757 930 ὁσημέραι
1804 859 1902 911 ἐπὶ
1941 860 2002 913 τὸ
2034 866 2278 932 κρεῖττον
2316 862 2413 914 άν-

836 944 1055 1012 θούσης.
1098 942 1278 1012 πάσης
1315 943 1417 1014 τῆς
1458 943 1662 1005 πόλεως
1690 944 1768 1006 εἰς
1801 944 2085 1000 εὐσέϐειαν
2130 964 2410 1018 μεταχρω·

838 1024 1076 1094 σθείσης,
1107 1025 1429 1097 σωφροσύνῃ
1457 1025 1549 1077 καὶ
1575 1024 1863 1097 ψαλμῳδίᾳ
1887 1028 1996 1080 τῶν
2025 1028 2213 1099 ψυχῶν
2242 1045 2413 1096 γεγα-

835 1109 1111 1179 νωμένων,
1176 1112 1276 1162 οὐκ
1326 1110 1552 1179 ἧνεγκεν
1614 1110 1644 1160 6
1708 1110 2000 1178 μισόκαλος
2069 1113 2275 1182 δαίμων
2320 1114 2412 1165 τὸν

834 1191 1075 1261 ἓρασμὸν
1099 1191 1206 1243 τῶν
1231 1192 1319 1243 ὑπ’
1350 1190 1516 1243 αὐτοῦ
1542 1193 1951 1263 κρατουμένων,
1987 1194 2079 1259 οὓς
2108 1196 2412 1263 ἀπέστησεν

836 1276 863 1323 ό
884 1275 1039 1342 λόγος
1066 1273 1159 1326 τοῦ
1191 1274 1397 1342 Κυρίου
1421 1274 1509 1329 διὰ
1536 1275 1637 1343 τῆς
1666 1277 1910 1329 Ἰωάννου
1946 1278 2305 1341 διδασκαλίας·
2336 1278 2411 1343 ὡς

836 1358 959 1419 τοὺς
1000 1358 1323 1424 ίππομανεῖς
1370 1360 1463 1410 καὶ
1503 1356 1935 1425 θεατροσκόπους
1971 1371 2031 1423 ει,
2066 1360 2410 1429 καταλιμπέιο

836 1457 1022 1503 νοντας
1045 1439 1143 1502 τὰς
1163 1440 1331 1503 αὐλάς
1367 1441 1463 1493 τοῦ
1493 1440 1756 1501 διαϐόλου,
1785 1441 2057 1509 δρομαίως
2083 1446 2275 1513 χωρεῖν
2320 1446 2411 1497 ἐπὶ

832 1522 929 1590 τὴν
974 1521 1213 1593 μάνδραν
1254 1522 1343 1575 τοῦ
1388 1523 1659 1592 Σωτῆρος,
1696 1522 1858 1594 ἔρωτι
1900 1522 2000 1593 τῆς
2030 1524 2287 1594 σύριγγος
2314 1526 2409 1579 τοῦ

833 1604 1229 1676 φιλοπροϐάτου
1255 1606 1528 1674 ποιμένος.

904 1690 1059 1743 ΚΕΦ.
1094 1692 1183 1756 ς’.
1211 1721 1281 1729 -
1320 1690 1411 1743 Ἐκ
1446 1691 1639 1743 τούτου
1677 1691 2193 1762 προκαταλαμϐάνει
2217 1692 2410 1762 φθόνος

829 1772 928 1835 τὰς
954 1772 1192 1836 διανοίας
1233 1774 1340 1825 τῶν
1382 1774 1669 1844 μισθωτῶν
1703 1776 2002 1844 ποιμένων.
2040 1776 2411 1847 ἐλεγχομένων

830 1857 895 1909 ἐκ
921 1855 1015 1909 τοῦ
1046 1856 1414 1928 παραλλήλου.
1444 1857 1534 1928 Μὴ
1564 1858 1881 1928 δυνηθέντες
1912 1859 1968 1912 δὲ
1998 1860 2160 1913 αὑτοῦ
2185 1879 2407 1932 περιγε-

830 1938 1038 2001 νέσθαι,
1066 1940 1155 1994 διὰ
1181 1942 1241 1994 τὸ
1273 1942 1347 2011 μὴ
1383 1942 1811 1995 ἐπικαλέσασθαι
1843 1944 1934 1996 τὸν
1972 1946 2279 2016 καταλυτὴν
2311 1947 2406 2000 τοῦ

834 2022 1029 2091 φθόνου
1060 2023 1307 2093 Σωτῆρα,
1339 2023 1597 2077 πλέκουσι
1631 2024 1881 2087 διαϐολὰς
1909 2028 2050 2079 κατά
2087 2027 2181 2080 τοῦ
2225 2030 2405 2081 Ἰωάν-

832 2123 945 2170 νου,
974 2108 1435 2177 μεταποιήσαντες
1464 2108 1627 2161 αὐτοῦ
1662 2126 1810 2171 τινας
1846 2110 2063 2176 ὁμιλίας
2096 2110 2177 2171 εἰς
2214 2110 2407 2175 ῦθλους

832 2190 973 2245 κατά
994 2193 1089 2263 τῆς
1118 2191 1452 2261 βασιλίσσης,
1478 2194 1570 2245 καὶ
1596 2193 1798 2262 ἐτέρων
1832 2192 1939 2244 τῶν
1964 2194 2021 2245 ἐν
2047 2196 2112 2263 τῇ
2152 2194 2287 2265 αύλῇ
2310 2196 2403 2249 τοῦ

829 2273 1108 2340 βασιλέως.
1146 2273 1349 2343 Συνέϐη
1402 2275 1459 2326 δὲ
1506 2275 1624 2327 κατ’
1659 2275 1834 2326 ἐκεῖνο
1873 2273 2065 2345 καιροῦ
2110 2278 2407 2333 ἐπιστάντα

840 2358 1108 2421 ’Ᾱκάκιον,
1165 2357 1254 2411 τὸν
1306 2358 1603 2410 ἐπίσκοπον
1656 2357 1901 2429 Βεροίας,
1952 2360 2273 2430 ἀστοχῆσαι,
2327 2363 2403 2426 ὡς

824 2442 1026 2509 ἔλεγεν,
1065 2440 1406 2517 καταγωγίου
1440 2439 1625 2494 καλοῦ·
1657 2441 1751 2493 καὶ
1780 2442 2040 2512 λυπηθεὶς
2080 2444 2173 2496 ἐπὶ
2206 2446 2401 2517 τούτῳ,

826 2524 959 2595 ὀργῇ
999 2516 1336 2591 ύπετυφοῦτο
1377 2523 1452 2587 ὡς
1486 2524 1921 2596 καταφρονηθεὶς
1957 2525 2062 2578 ὑπὸ
2094 2525 2188 2578 τοῦ
2223 2516 2406 2582 Ἰωάν-

828 2625 941 2661 νου.
995 2608 1409 2677 Ἀκατασχέτοις
1445 2607 1501 2660 δὲ
1548 2607 1828 2677 λογισμοῖς
1866 2608 2139 2678 ἡττηθεὶς,
2181 2612 2404 2681 ἐκφέρει

828 2690 982 2759 λόγον
1036 2691 1227 2759 ἄλογον
1283 2693 1345 2744 ἐκ
1400 2690 1494 2743 τοῦ
1544 2691 1981 2762 περισσεύματος
2026 2693 2125 2761 τῆς
2175 2694 2406 2763 καρδίας

826 2774 973 2837 ἀξιον
993 2774 1091 2843 τῆς
1104 2772 1268 2826 αὑτοῦ
1297 2772 1535 2836 διανοίας
1548 2773 1597 2834 δ,
1619 2773 1707 2825 ἐπί
1732 2791 1892 2825 τινων
1916 2774 2190 2844 κληρικῶν
2226 2777 2407 2830 Ἰωάν-

824 2873 917 2909 νου
962 2856 1149 2909 εἰπών·
1202 2856 1342 2923 Ἐγὼ
1381 2856 1533 2926 αὐτῷ
1581 2855 1767 2925 ἀρτύω
1816 2856 2020 2928 χύτραν
2042 2868 2091 2913 ο.
2142 2857 2406 2929 Ἐξαυτῆς

826 2938 1190 3007 συγκλωσθεὶς
1222 2938 1536 3009 Σευηριανῷ
1566 2939 1658 2991 καὶ
1690 2939 1966 3009 Ἀντιόχῳ,
2008 2940 2098 2993 καὶ¹
2144 2941 2398 3013 Ἰσαακίῳ

823 3021 1096 3095 ὶυρίσκῳ,
1128 3022 1546 3092 περιτρίμματι,
1574 3022 1829 3092 ἀφηγητῇ
1866 3021 2400 3093 ψευδομυναζόντων,

825 3125 883 3158 εν
908 3107 1250 3174 κακολογίαις
1299 3104 1679 3175 κατατριϐέντι
1727 3106 1959 3159 πάντοτε
2000 3106 2143 3158 κατά
2180 3107 2404 3161 ἐπισκό-

832 3208 965 3252 πων,
1034 3190 1362 3242 σκέπτονται
1419 3187 1820 3258 θωρακίζεσθαι
1889 3188 2047 3257 δῆθεν
2114 3189 2211 3257 μὲν
2266 3192 2405 3244 κατά

838 3273 1101 3332 Ἰωάννου,
1132 3272 1194 3324 τὸ
1227 3271 1272 3324 δ’
1302 3271 1521 3341 ἀληθὲς,
1545 3271 1686 3324 κατά
1703 3273 1801 3342 τῆς
1828 3272 1983 3340 δόξης
2013 3272 2107 3325 τοῦ
2134 3274 2403 3345 Σωτῆρος.

836 3354 1279 3417 Ἀποστείλαντες
1345 3354 1401 3406 δὲ
1467 3353 1682 3423 πρῶτον
1747 3355 1828 3415 εἰς
1896 3356 1995 3425 τὴν
2066 3356 2404 3425 Ἀντιοχέων,

825 3430 1046 3508 ζητοῦσι
1078 3437 1326 3507 νεότητος
1352 3436 1516 3490 αὐτοῦ
1554 3437 1954 3509 πλημμελείας.
1998 3438 2084 3501 Ὠς
2113 3437 2170 3491 δὲ
2212 3438 2407 3502 ἐξέλι-

826 3538 942 3573 ,τον
994 3520 1424 3587 ἐξερευνῶντες
1474 3520 1915 3587 ἐξερευνήσας,
1973 3522 2067 3574 καὶ
2110 3522 2208 3591 οὐχ
2250 3518 2407 3594 εὖρον

822 3604 998 3665 οὐδὲν,
1026 3604 1443 3657 ἀποστέλλουσιν
1470 3605 1550 3665 εἰς
1578 3602 1677 3675 τὴν
1715 3604 2120 3675 Ἀλεξάνδρειαν
2144 3604 2280 3676 πρὸς
2308 3606 2405 3677 τὴν

824 3687 1103 3758 εὐχέρειαν
1139 3687 1420 3756 Θεοφίλου,
1462 3686 1798 3756 καλουμένου
1835 3687 2166 3756 Ἀμφαλλάξ,
2194 3687 2264 3741 τά
2291 3705 2403 3741 τοι·

824 3769 959 3823 αῦτα
995 3769 1175 3839 σοφῶς
1224 3766 1749 3841 ἀρχιτεκτονοῦντοςο
1782 3770 1860 3832 ὃς,
1889 3769 2118 3840 ἐξαυτῆς
2162 3770 2403 3824 ἀναπτύ-

822 3855 919 3918 ξας
955 3854 1022 3905 τὰ
1065 3856 1162 3923 τῆς
1202 3853 1441 3916 διανοίας
1479 3852 1641 3906 αὐτοῦ
1678 3852 1859 3923 βιϐλία
1906 3852 2043 3922 μετά
2069 3853 2271 3924 πολλῆς
2299 3854 2400 3923 τῆς

822 3936 1119 4007 λῃστρικῆς
1166 3935 1418 4005 ἡσυχίας,
1468 3934 1674 4003 ὴοεύνα
1730 3934 1907 4005 ζητῶν
1948 3936 2148 4006 τρόπον
2187 3940 2401 4007 προφάο

822 4037 958 4083 σεως
994 4019 1095 4071 κᾶν
1120 4020 1219 4089 τῆς
1247 4019 1536 4089 τυχούσης.
1590 4016 1650 4073 Ὀ
1680 4019 1863 4071 AIAK.
1908 4020 2181 4089 Ἐπίσχες,
2222 4015 2268 4073 ὦ
2297 4021 2403 4073 Πά-

820 4120 938 4172 τερ,
974 4101 1079 4154 τῶν
1106 4101 1282 4169 λόγων
1312 4102 1410 4172 τὴν
1438 4100 1636 4171 ῥύμην,
1661 4100 1791 4170 πρὶν
1822 4101 2169 4171 ἐπιλήσομαι,
2204 4103 2289 4155 ἵνα
2321 4121 2402 4157 σοι

823 4186 961 4238 εἴπω
992 4188 1089 4255 τήν
1112 4186 1218 4238 ἀπὸ
1261 4184 1665 4255 Ἀλεξανδρείας
1686 4184 1951 4238 διαϐᾶσαν
1974 4184 2111 4255 πρὸς
2136 4188 2283 4256 ἡμᾶς
2309 4190 2403 4241 καὶ

821 4268 1212 4341 θρυλληθείσαν
1243 4269 1442 4323 αἰτίαν.
1475 4270 1609 4321 Φασὶ
1661 4267 1791 4340 γάρ,
1840 4268 1924 4321 ὅτι
1977 4270 2403 4341 καθαιρεθέντας

818 4352 1113 4423 κληρικοῦς
1136 4345 1240 4406 ὕπὸ
1271 4352 1529 4422 Θεοφίλου
1559 4351 1774 4416 ἐδέξατο
1810 4352 2063 4422 Ἰωάννης
2101 4356 2180 4417 εἰς
2208 4372 2400 4408 κοινω-

819 4439 960 4499 νίαν,
1003 4438 1251 4509 λυπήσας
1292 4436 1382 4489 τὸν
1419 4436 1697 4503 Θεόφιλον,
1732 4436 1869 4507 ὅπερ
1920 4437 2019 4489 οὐκ
2053 4437 2178 4490 ἐδειο
2223 4439 2299 4502 ὡς
2337 4442 2401 4494 ἐκ

818 4522 1008 4575 τούτου
1036 4521 1373 4590 διενεχθέντα
1410 4520 1572 4574 αὐτὸν
1614 4524 1864 4592 χωρῆσαι
1903 4522 2045 4575 κατά
2080 4522 2175 4576 τοῦ
2220 4524 2401 4578 Ἰωάν-

821 4624 909 4658 νου
975 4604 1035 4659 Ὀ
1074 4606 1319 4660 ἙΠΙΣΚ.
1372 4605 1560 4677 Δῶμεν
1592 4605 1767 4676 ἀληθῆ
1806 4601 1942 4659 εἶναι
1988 4608 2076 4660 τὸν
2111 4610 2399 4679 εἰρημένον

821 4690 1064 4757 θρύλλον·
1097 4690 1190 4741 καὶ
1214 4689 1511 4741 ἐπισκόπου
1538 4690 1671 4750 ἐστὶ,
1697 4690 1863 4742 κακὸν
1897 4692 2076 4743 ἰᾶσθαι
2099 4691 2285 4760 κακῶς
2308 4693 2401 4745 καὶ

824 4772 922 4823 ποῦ
950 4772 1011 4823 τὸ
1038 4769 1393 4837 εύαγγελικδν
1418 4772 1593 4823 ἐκεῖνο
1614 4772 1675 4823 τὸ
1703 4771 1880 4836 λέγον·
1913 4772 2011 4837 Μὴ
2048 4773 2339 4826 ἐπιδυέτω
2367 4777 2401 4827 ό

820 4856 991 4921 ἣλιος
1014 4855 1110 4908 ἐπὶ
1140 4853 1219 4919 τῷ
1244 4853 1627 4923 παροργισμῷ
1650 4853 1855 4922 ὐμῶν;
1884 4854 1985 4907 ποῦ
2015 4855 2070 4907 δὲ
2091 4856 2150 4907 τὸ
2177 4856 2402 4908 ἀποστο-

817 4939 984 5001 λικὸν,
1012 4939 1159 4992 Νίκα
1189 4938 1252 4990 τὸ
1278 4938 1466 4991 κακὸν
1490 4939 1559 4991 ἐν
1581 4936 1660 5003 τῷ
1689 4936 1920 5007 άγαθᾷη
1950 4936 2053 4989 ποῦ
2090 4936 2145 4989 δὲ
2173 4936 2235 4989 τὸ
2266 4954 2399 5009 προσ

819 5019 1067 5090 φητικδν,
1100 5022 1166 5073 Εἰ
1204 5019 1596 5075 ἁνταπέδωκα
1634 5020 1759 5086 τοῖς
1796 5020 2273 5074 ἁνταποδιδοῦσί
2298 5038 2401 5089 μοι

818 5102 1003 5165 amni;
1032 5098 1166 5154 Εἶτα
1192 5098 1285 5156 οῦν
1312 5098 1378 5173 ἦν
1407 5104 1833 5175 φιλονεικότερον
1859 5104 2036 5156 εἰπεῖν
2068 5102 2401 5171 ἐγκαλοῦντα

816 5186 909 5236 ἐπὶ
945 5184 1190 5237 εύλαϐῶν
1226 5186 1562 5237 ἐπισκόπων·
1608 5187 1827 5255 Ἀδελφέ
1873 5187 2115 5255 Ἰωάννη,
2153 5186 2400 5257 παρῆλθέ

817 5286 876 5321 σε
906 5270 1244 5337 πεποιηκότα
1267 5269 1329 5321 τὸ
1352 5268 1385 5338 ἦ
1420 5269 1513 5327 τός
1539 5269 1630 5321 καὶ
1654 5270 1744 5322 τὸν
1782 5271 2032 5340 Ἰωάννην
2059 5271 2400 5341 ἀπολογησά-

820 5371 999 5420 μενον,
1032 5354 1357 5423 ἠγνοηκέναι
1386 5352 1447 5403 τὸ
1468 5354 1732 5422 πρᾶγμα;
1766 5354 1825 5404 ὐ
1857 5355 2035 5407 ΔΙΔΚ.
2078 5355 2299 5425 ’Δληθές
2325 5355 2400 5407 εῖ-

821 5453 1015 5506 ρηκας,
1072 5436 1126 5489 εἴ
1174 5435 1238 5503 γέ
1280 5452 1364 5497 τις
1414 5430 1482 5504 ἦν
1523 5435 1579 5485 ἐν
1624 5433 1771 5503 αὐτῷ
1824 5436 2158 5499 καλοθέλεια,
2190 5440 2282 5491 καὶ
2323 5437 2397 5507 μὴ

820 5520 1323 5590 κατεσχηματίζετο
1369 5518 1469 5586 τὴν
1498 5516 1606 5568 τῶν
1640 5517 1916 5586 κληρικῶν
1949 5521 2145 5582 αἰτίαν,
2192 5520 2291 5591 τὴν
2321 5524 2397 5574 0i-

818 5604 971 5657 κείαν
993 5605 1161 5676 ὀργὴν
1192 5604 1503 5674 ἐκπληρῶν.
1561 5602 1619 5655 Ὀ
1669 5601 1918 5655 ἘΠΙΣΚ.
1969 5602 2053 5673 Νὴ
2093 5604 2182 5655 τὸν
2232 5604 2396 5673 φόϐον

814 5688 995 5740 τοίνυν
1033 5687 1123 5740 τὸν
1172 5688 1262 5740 τοῦ
1299 5685 1457 5749 Θεοῦ,
1493 5686 1551 5749 ὂς
1594 5685 1844 5749 δεσπόζει
1878 5685 1987 5737 τῶν
2029 5687 2267 5757 ἀπείρων
2303 5690 2396 5756 φό-

815 5771 944 5834 ϐων,
993 5771 1093 5822 οὐκ
1130 5770 1239 5840 ἐρῶ
1294 5788 1375 5822 σοι
1423 5769 1614 5833 ἄλλως,
1658 5768 1771 5823 ἀλλ’
1805 5769 1881 5833 ὡς
1928 5769 2041 5839 ἔχει
2084 5770 2297 5838 φύσεως
2335 5772 2397 5824 τὸ

876 5886 904 5946 Ρ
929 5882 1337 5946 Θεατροσκὸπους.
1368 5882 1558 5945 Legere
1580 5883 1744 5930 malim
1766 5883 2125 5945 θεατροκὰπους.

877 5944 905 6016 ξ
930 5944 1109 6016 Georg.
1134 5944 1390 6016 παροινίας.

880 6007 903 6035 ³
935 6003 1123 6069 ῘΑρτῦω
1166 6003 1355 6069 χύτραν.
1383 6003 1465 6054 Sic
1491 6003 1679 6055 Gallice
1712 6003 1955 6055 dicimus:
1979 6010 2041 6057 Je
2079 6005 2150 6056 lui
2182 6005 2393 6067 prépare

813 6079 875 6117 un
896 6064 1074 6131 ριιιιίιο
1094 6064 1176 6118 md
1186 6064 1348 6130 i'afon.

2520 699 2753 767 πρᾶγμα
2790 700 2919 769 περὶ
2942 696 3151 750 τούτων
3187 689 3262 749 ῶν
3289 693 3515 767 εἴρηκας
3554 695 3849 765 κληρικῶν.
3895 701 4096 755 Ἰσίδω-

2524 780 2615 849 ρός
2637 797 2741 844 τις,
2775 780 3147 851 πρεσϐύτερος
3178 780 3258 833 ἔτι
3288 779 3387 850 τῆς
3422 778 3516 831 τοῦ
3555 778 3823 848 μαΐαρίου
3870 782 4097 838 Ἀθανα-

2522 863 2638 916 σίου
2658 863 2752 917 τοῦ
2785 864 3023 933 μεγάλου
3046 865 3398 935 χειροτονίας,
3424 861 3775 931 ὀγδοηκοστὸν
3805 862 3921 925 ἔτος
3949 866 4097 933 άγων

2520 946 2619 1016 τὴν
2651 946 2868 1017 ἡλικίαν
2903 947 2984 1013 (ὃν
3022 946 3169 999 ἴσασι
3212 946 3498 1015 Ῥωμαίων
3539 947 3586 997 οἱ
3628 944 3867 997 πλεῖστοι
3901 947 4099 1017 ἐγκλη-

2523 1029 2817 1081 σιαστικῶν
2868 1031 3053 1083 ἓνεκεν
3099 1028 3417 1082 εἰσϐαλόντι
3466 1032 3543 1092 εἰς
3592 1029 3783 1097 αὐτὴν,
3823 1026 4097 1096 ξενοδόχον

2534 1110 2939 1180 ’Δλεξανδρείας
2972 1112 3120 1164 ὄντα·
3152 1107 3309 1165 οἶσθα
3349 1111 3406 1164 δὲ
3444 1113 3537 1165 καὶ
3580 1111 3741 1174 αὐτὸς
3776 1110 3866 1163 τὸν
3907 1109 4096 1179 ἄνδρα,

2522 1192 2685 1260 ήνίκα
2732 1195 2829 1245 σὺν
2876 1194 3115 1262 Ἀκακίῳ
3146 1194 3314 1247 ἐλθὼν
3342 1194 3441 1264 τὴν
3468 1195 3765 1251 Φλαυῖανοῦ
3809 1194 3944 1266 πρὸς
3975 1192 4100 1245 Θεό-

2522 1274 2673 1342 φιλον
2707 1273 2991 1327 κοινωνίαν
3025 1275 3303 1343 ἐκόμισεν,
3336 1279 3539 1332 εἴκοσιν
3584 1280 3759 1333 ἐτεσιν
3789 1281 4099 1347 ἀπεσχοινι-

2522 1356 2727 1426 σμένην
2756 1355 3028 1425 Εὑαγρίου
3062 1355 3245 1407 ἕνεκεν
3284 1358 3379 1409 τοῦ
3421 1363 3712 1431 μακαρίου,
3744 1362 3838 1415 τοῦ
3872 1363 4099 1427 πολλοὺς

2520 1438 2738 1506 ἀγῶνας
2797 1438 3209 1507 ἀγωνισαμένου
3263 1439 3321 1489 ἐν
3369 1442 3837 1511 ἐκκλησιαπικοῖς
3871 1446 4095 1516 πόνοις)·

2518 1522 2693 1592 τούτῳ
2742 1522 2820 1592 τῷ
2861 1520 3116 1591 Ἰσιδώρῳ
3144 1521 3280 1589 γυνή
3315 1537 3398 1583 τις
3446 1527 3587 1594 χήρα
3626 1528 3733 1579 τῶν
3761 1530 4100 1597 μεγιστάνων

2518 1606 2703 1659 δίδωσι
2741 1606 2945 1676 χιλίους
2972 1604 3282 1675 χρυσίνους,
3315 1605 3607 1675 δρκώσασα
3631 1610 3789 1662 αὐτὸν
3826 1614 3965 1666 κατά
3998 1616 4099 1683 τῆς

2519 1690 2615 1743 τοῦ
2644 1690 2899 1761 Σωτῆρος
2919 1688 3223 1759 τραπέζης,
3260 1688 3703 1758 συναγοράσαντα
3733 1692 3911 1761 ἆμφια
3948 1697 4101 1749 ὲνδῦ-

2522 1791 2612 1827 σαι
2640 1778 2737 1837 τὰς
2771 1773 3117 1842 πτωχοτέρας
3153 1773 3261 1825 τῶν
3302 1772 3712 1844 Ἀλεξανδρέων,
3743 1776 3818 1844 μὴ
3852 1781 4100 1845 μεταδόν-

2517 1876 2587 1911 τα
2622 1858 2875 1925 γνώσεως
2924 1855 3003 1924 τῷ
3046 1854 3310 1925 Θεοφίλῳ,
3358 1855 3443 1909 ἵνα
3472 1855 3546 1927 μὴ
3586 1856 3765 1911 λαϐὼν
3797 1860 3953 1922 αὐτὰ,
3985 1868 4098 1930 τοῖς

2518 1942 2687 2004 λίθοις
2710 1937 3125 2010 προσαναλώσῃ·
3155 1938 3441 2009 λιθομανία
3461 1941 3568 2009 γάρ
3594 1960 3677 2006 τις
3699 1942 3859 1995 αὑτὸν
3880 1946 4100 2016 Φαραώ-

2517 2041 2627 2086 νιος
2668 2023 2778 2093 ἔχει
2827 2023 2907 2084 εἰς
2960 2022 3387 2091 οἰκοδομήματα,
3442 2020 3516 2078 ὦν
3548 2025 3795 2095 οὐδαμῶς
3841 2030 4030 2098 χρῄζει
4058 2032 4094 2100 ἡ

2530 2105 2843 2174 Ἐκκλησία.
2886 2105 2995 2155 Καὶ
3018 2107 3087 2156 τὰ
3125 2104 3225 2173 μὲν
3250 2105 3473 2159 τοιαῦτα
3514 2109 3571 2160 ἐν
3609 2108 3844 2177 δευτέρῳ
3873 2111 4092 2163 κείσθω·

2515 2188 2577 2241 τὸ
2609 2188 2666 2242 δὲ
2693 2190 3018 2255 κατεπεῖγον
3049 2191 3177 2257 περὶ
3201 2187 3296 2240 τοῦ
3326 2188 3596 2260 Ἰσιδώρου
3632 2190 3879 2243 ἀκουσονο
3915 2192 4099 2245 λαϐὼν

2514 2271 2799 2342 τοιγαροῦν
2839 2272 2867 2323 6
2904 2271 3171 2341 Ἰσίδωρος
3201 2271 3271 2324 τὰ
3293 2271 3625 2343 νομίσματα,
3652 2272 3932 2327 ἀναλίσκει
3974 2280 4099 2340 ταῖς

2518 2355 2842 2425 πενομέναις
2866 2355 2961 2408 καὶ
2987 2358 3108 2417 ταῖς
3135 2356 3352 2425 χήραις.
3390 2358 3569 2423 Ἔγνω
3604 2357 3764 2410 ποθὲν
3790 2360 3818 2411 6
3838 2359 4098 2427 Θεόφιλος

2519 2439 2690 2507 (οὐδὲν
2725 2438 2834 2509 γάρ
2875 2439 3022 2509 αὐτῷ
3058 2439 3314 2492 ἐλάνθανε
3344 2440 3452 2493 τῶν
3482 2440 3755 2509 πανταχοῦ
3784 2445 4097 2514 πραττομέ-

2518 2540 2624 2575 νων
2654 2522 2687 2593 ἢ
2725 2522 3091 2592 λαλουμένων,
3124 2522 3299 2590 ἔχοντι
3331 2525 3701 2596 ἐργοσκόπους
3727 2525 3820 2577 καὶ
3847 2526 4099 2593 λογοσκό-

2518 2623 2671 2670 πους,
2727 2606 2813 2658 ἵνα
2867 2607 2941 2676 μὴ
2992 2605 3165 2668 ἄλλως
3217 2607 3397 2674 εἴπω),
3439 2609 3533 2661 καὶ
3581 2608 3968 2679 προσκαλεῖται
4004 2613 4097 2664 τόν

2530 2690 2815 2757 Ἰσίδωρον,
2849 2689 3229 2758 μετριοπαθῶς
3260 2690 3679 2760 πυνθανόμενος,
3722 2692 3770 2743 εἰ
3811 2691 3964 2745 ταῦθ’
3996 2694 4093 2746 οῦ.-

2514 2788 2622 2834 τως
2679 2770 2811 2840 ἔχει.
2872 2770 2984 2822 Οὐκ
3038 2772 3418 2841 ἀρνησάμενος
3475 2772 3793 2844 ὡμολόγησε
3846 2776 3944 2843 τὴν
3996 2775 4095 2830 τοῦ

2514 2853 2836 2922 πράγματος
2863 2851 3157 2905 διακονίαν.
3197 2854 3255 2904 Ὀ
3279 2854 3337 2906 δέ
3374 2854 3631 2918 ἀκούσας,
3657 2856 3752 2926 τὴν
3786 2858 3986 2928 σκηνὴν
4013 2860 4097 2911 ἐν.

2514 2935 2789 2999 αλλάσσει,
2818 2934 2913 2988 καὶ
2932 2937 2960 2987 6
2988 2936 3093 3005 πρὸ
3114 2937 3287 3006 ῥοπῆς
3316 2937 3563 3007 ἐπιεικὴς
3592 2938 3685 2989 καὶ
3716 2941 4095 3011 χρηστοφανης

2516 3019 2574 3069 ὲν
2624 3020 2690 3088 τῇ
2740 3018 3027 3087 ἐρωτήσει,
3067 3020 3205 3087 μετά
3250 3018 3345 3088 τὴν
3374 3020 3545 3089 ῥοπὴν
3581 3020 3792 3090 οἶδησεν
3821 3022 3956 3086 ὅλος,
3991 3025 4092 3087 τάς

2520 3100 2734 3171 μορφάς
2780 3100 3140 3164 ἐναλλάττων,
3196 3100 3294 3170 τῆς
3349 3102 3691 3172 ἀποκρίσεως
3745 3105 4093 3177 εἰσελθούσης

2516 3183 2610 3235 τοῦ
2672 3183 2963 3254 Ἰσιδώρου.
3025 3185 3135 3237 Καὶ
3192 3184 3388 3255 μικρὸν
3456 3186 3805 3255 ἐφησυχάσας
3875 3190 4087 3259 χρόνον,

2515 3266 2765 3336 καθάπερ
2792 3266 3164 3337 λαθροδάκτης
3191 3267 3357 3327 κύων,
3397 3268 3535 3337 μετὰ
3562 3268 3654 3321 δύο
3679 3269 3853 3339 μῆνας
3882 3272 4091 3343 προφέ-

2519 3366 2600 3419 ρει
2621 3349 2861 3420 χαρτίον,
2901 3352 3275 3421 συγκροτήσας
3306 3350 3367 3403 τὸ
3397 3352 3674 3423 ίερατείον,
3706 3354 3968 3424 παρόντος
3991 3358 4089 3411 τοῦ

2527 3430 2797 3501 Ἰσιδὼρου
2838 3431 3034 3499 λέγων,
3074 3433 3155 3485 δτι
3183 3432 3352 3485 Τοῦτο
3380 3434 3646 3504 ἐδεξάμην
3672 3435 3778 3506 πρὸ
3809 3437 4091 3493 δεκαοκτὼ

2514 3513 2671 3578 ἐτῶν,
2716 3513 2976 3585 Ἰσίδωρε,
3006 3515 3148 3568 κατὰ
3201 3515 3317 3580 σοῦ,
3365 3518 3459 3569 καὶ
3500 3516 3686 3589 ἐπειδὴ
3733 3522 4091 3590 περιάσχολος

2512 3596 2797 3667 ἐγενόμην,
2831 3596 2970 3667 λήθῃ
2993 3598 3281 3666 παρέδωκα
3308 3599 3367 3651 τὸ
3388 3600 3637 3670 πράγμαο
3670 3600 3764 3654 νῦν
3785 3601 3839 3654 δέ
3870 3603 4091 3671 ἐτέρους

2511 3677 2784 3749 ἐπιζητῶν
2816 3680 3040 3750 γάρτας,
3064 3680 3275 3751 εὕρηκα
3297 3681 3455 3735 τοῦτο
3480 3683 3539 3735 τὸ
3569 3686 3697 3755 περὶ
3728 3684 3819 3737 σοῦ
3842 3686 4085 3756 χαρτίον·

2509 3761 2845 3831 ἀπολόγησαι
2882 3762 3017 3833 πρὸς
3043 3765 3195 3816 αὑτό.
3226 3765 3472 3835 Περιεῖχε
3502 3766 3559 3818 δὲ
3598 3768 3626 3819 6
3652 3768 3855 3838 χάρτης
3889 3768 4089 3839 ἐγκλη-

2512 3862 2587 3915 μα
2633 3845 2693 3898 τὸ
2724 3845 2992 3915 Σοδόμων.
3037 3847 3181 3916 Πρὸς
3225 3847 3400 3901 ταῦτα
3436 3851 3463 3902 6
3496 3849 3762 3920 Ἰσίδωρος
3790 3851 4089 3919 ἀπολογού-

2511 3920 2865 3997 μενος”λέγει
2928 3928 3007 3999 τῷ
3055 3929 3315 3999 Θεοφίλιιν
3374 3932 3827 4004 Συγχωρήσωμεν
3886 3934 4088 4004 ἀληθὲς

2510 4007 2667 4074 εἶναι,
2694 4013 2775 4065 δτι
2817 4012 2911 4065 καὶ
2949 4012 3114 4079 ἐδέξω
3137 4014 3225 4066 τὸν
3248 4014 3453 4086 χάρτην
3495 4016 3588 4069 καὶ
3626 4018 3952 4087 παρέπεσενο
3985 4019 4088 4070 οὐκ

2508 4087 2578 4161 ἦν
2614 4095 2643 4145 6
2673 4092 2795 4157 δοὺς
2824 4094 2915 4146 τὸν
2939 4094 3197 4159 λίϐελλον,
3222 4098 3308 4149 ἴνα
3338 4099 3401 4149 ἐκ
3433 4097 3683 4169 δευτέρου
3717 4099 3903 4152 τοῦτον
3928 4101 4089 4152 ἀπαι-

2509 4173 2678 4245 τηθῇ;
2709 4175 2852 4245 Πρὸς
2873 4175 3046 4229 ταῦτα
3068 4178 3097 4229 6
3118 4178 3391 4246 Θεόφιλοςο
3434 4179 3571 4231 Ἀλλ’
3599 4180 3660 4231 06
3687 4181 3864 4250 παρῆν
3884 4183 3912 4232 6
3932 4183 4084 4244 παῖς,

2511 4257 2781 4327 πλεύστης
2809 4258 3088 4328 ὑπάρχων.
3122 4262 3231 4314 Καὶ
3258 4262 3287 4313 6
3319 4261 3603 4331 ‘lat6wpo;'
3631 4262 3705 4313 Οὐ
3732 4263 3911 4333 παρῆν
3941 4280 4086 4333 παρ-

2510 4338 2670 4398 αυτά,
2712 4341 2787 4403 ὡς
2814 4340 3011 4408 λέγεις,
3048 4344 3223 4395 πάπαο
3259 4344 3395 4412 μετά
3431 4342 3524 4394 τὸν
3559 4340 3723 4395 πλοῦν
3763 4344 3823 4395 06
3859 4344 4081 4413 παρῆν;

2509 4421 2587 4491 τῷ
2613 4422 2850 4493 δευτέρῳ
2878 4422 2986 4476 ἐτει
3024 4426 3083 4476 06
3114 4426 3320 4495 παρῆν,
3356 4424 3477 4477 ούδέ
3502 4423 3580 4495 τῷ
3610 4426 3777 4496 τρίτῳ
3802 4442 3815 4489 ;
3850 4428 3942 4479 καὶ
3987 4426 4085 4481 νῦν

2508 4507 2558 4557 εί
2619 4506 2870 4574 πάρεστι,
2924 4505 3175 4558 κέλευσον
3231 4508 3419 4575 στῆναι
3464 4508 3555 4559 τὸν
3595 4507 3897 4578 ἄνθρωπον.
3937 4508 4086 4578 Πρὸς

2506 4587 2679 4640 ταῦτα
2722 4590 2751 4640 ὁ
2799 4588 3055 4657 Θεόφιλος
3098 4590 3188 4641 ὑπ’
3222 4589 3391 4659 αὐτῆς
3435 4593 3532 4659 τῆς
3576 4590 3829 4661 ἀληθείας
3873 4590 4085 4661 μέλλων

2508 4672 2983 4742 εὐκαταφρόνητος
3031 4671 3295 4739 γίνεσθαι,
3350 4673 3704 4728 ἀναϐάλλεται
3750 4676 3827 4737 εἰς
3870 4674 4085 4744 ἡμέραν

2510 4756 2721 4824 ἐτέραν.
2764 4756 2871 4807 Καὶ
2914 4754 3220 4825 λιπαρήσας
3264 4755 3385 4808 τινὰ
3435 4758 3713 4811 νεανίσκον
3756 4758 4083 4826 ὑποσχέσεσι

2510 4836 2730 4900 πολλαῖς
2746 4832 2793 4902 ἀ,
2823 4837 3039 4907 ἤλειψεν
3077 4840 3155 4901 εἰς
3195 4840 3528 4910 κατηγορίαν
3574 4839 3714 4893 κατά
3748 4839 3841 4891 τοῦ
3879 4837 4084 4891 Ἰσιδώο

2514 4936 2627 4989 ρου,
2663 4920 2785 4983 δοὺς
2821 4921 2987 4991 αύτῷ,
3019 4921 3094 4985 ῶς
3143 4939 3296 4991 φασι,
3341 4923 3728 4975 πεντεκαίδεκα
3774 4920 4077 4991 χρυσίνους,

2508 5002 2567 5067 ὃς
2594 5002 2826 5072 ἐξαυτῆς
2858 5004 3167 5058 ἀνατίθεται
3194 5009 3260 5075 τῇ
3300 5006 3485 5075 μητρί.
3519 5006 3581 5057 Ἠ
3608 5005 3663 5057 δὲ
3695 5003 3850 5056 τοῦτο
3881 5003 3978 5073 μὲν
4015 5006 4077 5057 οὐ

2508 5086 2831 5152 κατεδέξατο
2874 5088 2979 5141 ὑπὸ
3032 5089 3126 5141 τοῦ
3171 5088 3425 5150 ἀκλινοῦς
3477 5086 3774 5157 ὀφθαλμοῦ,
3819 5087 3975 5139 τοῦτο
4017 5087 4078 5142 δέ

2509 5171 2612 5223 ὑπὸ
2644 5171 2737 5225 τοῦ
2761 5172 2910 5235 δέους
2932 5172 3039 5225 τῶν
3069 5172 3249 5241 νόμων
3280 5171 3670 5239 ἀνατραπεῖσα,
3703 5170 4073 5244 ἐνθυμουμένη

2510 5256 2717 5324 μήποτε
2761 5256 2789 5307 6
2817 5256 3087 5325 Ἰσίδωρος
3128 5252 3555 5321 συκοφαντηθείς
3594 5252 3953 5322 ὲκκαλέσηται
3982 5258 4077 5311 ἐπὶ

2506 5338 2596 5389 τὸν
2622 5339 2860 5409 ἄρχοντα
2896 5338 3003 5388 τῶν
3040 5336 3244 5405 δήμων,
3277 5333 3527 5397 ἐλθοῦσα,
3553 5334 3802 5403 ὁμολογεί
3818 5336 3915 5407 τὴν
3941 5338 4076 5411 δρα-

2508 5420 2845 5490 ματουργίαν
2873 5417 2951 5486 τῷ
2993 5416 3264 5488 Ἰσιδώρῳ,
3298 5415 3519 5481 δείξασα
3552 5416 3698 5487 αὐτῷ
3724 5419 3849 5483 τοὺς
3882 5425 4076 5492 χρυσί-

2506 5520 2649 5566 νους,
2681 5502 2775 5564 οὓς
2800 5500 2953 5567 ἐλεγε
2993 5498 3144 5571 παρὰ
3170 5500 3271 5568 τῆς
3300 5499 3534 5567 ἀδελφῆς
3571 5499 3824 5568 Θεοφίλου
3856 5505 4078 5575 εἰληφέ-

2505 5604 2614 5646 ναι,
2646 5583 2833 5653 μισθὸν
2887 5582 3029 5636 κατά
3080 5581 3174 5635 τοῦ
3230 5581 3425 5635 ἀθώου.
3479 5583 3586 5635 Καὶ
3637 5584 3772 5657 αῦτη
3838 5588 3935 5658 μὲν
3987 5590 4077 5643 διὰ

2506 5667 2695 5727 πολλὰ,
2755 5664 3044 5736 ἐξαιρέτως
3101 5665 3157 5718 δέ
3204 5664 3292 5717 διὰ
3341 5664 3498 5717 τοῦτο
3538 5665 3634 5737 τὴν
3682 5670 3836 5737 ἀξίαν
3876 5674 4076 5727 τίσασα

2508 5749 2697 5820 ποινὴν
2722 5748 2966 5818 τελευτᾷ,
2998 5749 3121 5812 τοὺς
3155 5749 3391 5819 μαστοὺς
3419 5756 3897 5829 χειρουργουμένη.
3929 5756 4076 5826 Πρὸς

2504 5833 2675 5884 ταῦτα
2717 5834 2745 5883 6
2790 5830 3053 5900 Ἰσίδωρος
3088 5830 3278 5899 ἔμενεν
3316 5830 3472 5893 οἶκοι,
3512 5834 3603 5887 τὸν
3628 5835 3757 5891 Θεὸν
3793 5839 4071 5893 ἱκετεύων.

2516 5916 2574 5967 'U
2614 5914 2670 5971 δὲ
2705 5914 3004 5976 νεανίσκος,
3042 5914 3103 5965 τὸ
3137 5914 3232 5983 μέν
3258 5914 3381 5979 τοὺς
3402 5915 3595 5989 νόμους
3630 5922 3980 5994 φοϐούμενος,
4011 5918 4075 5972 τὸ

2564 6046 2590 6086 ἀ
2616 6049 2791 6113 Georg.
2819 6051 3079 6108 πολυύλοις.
