4466 6728
357 630 422 683 2!
1378 620 1463 674 DE
1502 614 1659 673 VITA
1700 616 1755 672 S.
1795 615 2069 675 JOANNIS
2103 614 2595 673 CHRYSOSTOMI.

362 746 432 796 ita
461 756 513 796 se
550 741 836 810 haberent,
869 740 1103 797 Ecclesia
1145 737 1194 788 in
1226 733 1339 787 dics
1368 731 1733 786 eflIorcsccnte
1754 731 1805 784 in
1826 745 1936 784 me-

362 832 466 886 lius
487 873 503 897 ,
530 842 584 888 et
612 844 719 888 tota
747 834 962 888 civitate
992 829 1042 880 in
1078 825 1332 893 pietatem
1378 822 1747 875 transformata
1771 862 1787 888 ,
1818 822 1933 875 ani-

362 922 654 993 mabusqne
682 923 928 977 castitate
954 924 1009 969 et
1037 911 1332 983 pSalmodia
1378 909 1784 978 exsultantibus,
1829 927 1933 965 non

364 1014 484 1069 tulit
514 1016 771 1069 bonorum
801 1022 926 1063 osor
946 1005 1152 1057 diemon
1181 1002 1356 1071 fugam
1383 1016 1564 1055 eorum
1591 1002 1676 1071 qui
1706 1002 1772 1057 ab
1820 1002 1936 1070 ipso

364 1108 679 1163 ιεηεικιιιιυιο
697 1144 713 1166 ,
734 1114 868 1169 quos
892 1095 1099 1150 Domini
1126 1109 1303 1149 sermo
1326 1110 1417 1163 per
1439 1094 1656 1148 Joannis
1682 1094 1934 1164 prtedica-

363 1200 562 1252 tionem
591 1195 659 1247 ab
686 1208 751 1245 eo
780 1197 1089 1240 amoverat:
1120 1186 1190 1239 ita
1217 1195 1275 1239 ut
1298 1184 1384 1253 qui
1424 1186 1547 1240 circi
1584 1201 1766 1241 amore
1794 1185 1936 1239 insa-

361 1288 577 1341 niebant
621 1290 676 1334 et
723 1277 1060 1332 theatralium
1086 1275 1540 1345 spectaculorum,
1582 1276 1780 1330 relictis
1819 1274 1934 1328 dia-

362 1380 467 1435 boli
493 1373 647 1428 atriis
664 1411 679 1433 ,
705 1370 906 1424 cursim
931 1368 999 1422 ad
1023 1369 1202 1424 caulas
1244 1369 1541 1425 Servatoris
1582 1371 1931 1433 accederent,

358 1466 500 1535 capti
526 1476 709 1516 amore
738 1461 927 1515 tistuhe
956 1461 1179 1528 pastoris
1208 1462 1384 1515 ovium
1414 1460 1663 1513 amantis.

428 1555 558 1610 Cn.
587 1568 730 1606 \‘|.—
758 1551 835 1605 Ex
864 1553 965 1607 hoc
1006 1554 1456 1608 mercenariorum
1480 1560 1751 1619 pastorum
1784 1562 1935 1601 men-

360 1658 444 1701 tes
472 1645 606 1698 livor
634 1653 857 1713 occupat
880 1684 895 1707 ,
926 1644 1015 1713 qui
1043 1659 1107 1699 ex
1137 1642 1532 1711 comparatione
1556 1638 1931 1707 arguebantur.

356 1738 458 1804 Qui
487 1752 605 1791 cum
627 1752 747 1791 eum
776 1752 1027 1806 superare
1055 1751 1160 1790 non
1193 1735 1517 1795 valuissent,
1549 1744 1615 1783 eo
1652 1727 1792 1797 quod
1829 1741 1932 1780 non

355 1827 676 1883 advocarent
704 1826 918 1883 invidia:
938 1827 1325 1882 destructor-em
1372 1819 1693 1875 Dominum:
1725 1816 1928 1870 calum-

356 1918 475 1973 nias
502 1925 718 1972 nectunt
740 1916 992 1970 adversus
1007 1915 1266 1970 Joannem
1288 1954 1306 1980 ,
1334 1911 1594 1980 aliquibus
1619 1906 1733 1976 ejus
1763 1904 1934 1959 homi-

357 2008 444 2062 Iiis
479 2007 701 2063 detortis
741 2007 793 2061 in
827 2010 978 2076 jocos
1002 2006 1259 2060 adversus
1282 2004 1572 2070 Augustam
1615 2008 1667 2051 et
1706 1996 1837 2049 alios
1866 2011 1931 2049 ex

354 2100 478 2154 aula
505 2098 865 2168 Imperatoris.
887 2096 1119 2167 Contigit
1141 2106 1316 2149 autem
1341 2102 1398 2145 ut
1422 2090 1474 2144 id
1507 2088 1758 2157 temporis
1795 2088 1932 2141 Aea-

354 2193 471 2247 cius
491 2232 505 2259 ,
533 2192 813 2261 episcopus
842 2191 1065 2255 Bertete,
1097 2186 1187 2257 qui
1224 2184 1512 2239 advenerat
1548 2177 1930 2234 Constantino-

353 2287 541 2356 polim,
559 2284 963 2354 haudquaquam
984 2282 1180 2335 bonum
1208 2274 1495 2344 hospitium
1515 2272 1927 2335 nancisceretur,

354 2389 415 2432 ut
457 2378 666 2433 dicebat
695 2418 709 2440 ,
742 2385 796 2428 et
842 2374 912 2427 ob
957 2372 1057 2426 hoc
1096 2381 1361 2428 maerens,
1394 2365 1468 2418 ira
1512 2362 1927 2423 intumescebat,

352 2468 506 2538 quasi
544 2466 816 2535 neglectus
853 2478 883 2516 a
913 2463 1136 2517 Joanne.
1163 2456 1580 2528 Cogitationibus
1622 2464 1797 2507 autem
1829 2452 1931 2505 itu—

353 2557 646 2613 moderatis
694 2554 902 2615 victus,
954 2551 1239 2606 absurdum
1306 2560 1605 2601 sermonem
1655 2559 1719 2597 ex
1772 2542 1934 2595 abun-

352 2649 537 2704 dantia
566 2646 742 2701 cordis
769 2644 925 2700 effert
952 2643 1165 2713 dignum
1206 2656 1299 2694 sua
1343 2648 1521 2693 mente
1544 2678 1558 2703 ,
1584 2634 1933 2706 pra-sentibus

352 2738 670 2811 quibusdam
695 2737 917 2793 Joannis
964 2733 1173 2790 clericis
1193 2773 1208 2798 ,
1248 2731 1468 2785 dicens:
1499 2729 1611 2799 Ego
1636 2726 1733 2797 ipsi
1769 2726 1929 2780 ollam

351 2833 568 2888 condio.
610 2830 815 2885 Exinde
842 2829 1002 2898 igitur
1027 2825 1338 2894 conjunctus
1368 2831 1450 2876 est
1475 2820 1793 2883 Severiano,
1818 2818 1929 2871 An-

352 2922 570 2987 tiocho,
616 2921 815 2975 lsaacio
848 2917 1064 2989 Syrisco
1087 2957 1102 2981 ,
1150 2912 1565 2969 circumforaneo
1587 2951 1602 2974 ,
1644 2908 1929 2979 praeposito

358 3012 501 3065 ‘alsis
530 3009 822 3073 monachis,
847 3010 968 3061 trito
998 3008 1049 3059 in
1075 3002 1341 3075 perpetuis
1368 3001 1623 3056 adversus
1651 3001 1929 3068 episcopos

348 3100 635 3155 «aluminis
666 3117 680 3153 :
713 3098 1012 3153 deliberant
1038 3094 1232 3148 armari
1262 3093 1461 3146 scilicet
1491 3091 1744 3146 adversus
1769 3087 1929 3142 Joan-

352 3206 481 3245 nem
506 3207 521 3255 ;
548 3204 730 3245 revera
758 3200 933 3241 autem
964 3194 1146 3239 contra
1172 3182 1395 3253 gloriam
1424 3179 1740 3235 Servatoris.
1762 3175 1932 3231 Cate-

354 3295 516 3343 rum,
562 3295 681 3332 cunt
730 3277 1001 3330 misissent
1053 3273 1282 3344 primum
1332 3268 1705 3334 Antiochiam,
1762 3265 1933 3319 adule-

351 3369 575 3424 scentia:
604 3370 720 3436 ejus
756 3366 947 3420 delicta
992 3362 1323 3433 perquirunt.
1347 3358 1447 3414 Ubi
1476 3372 1601 3413 vero
1648 3357 1933 3425 defecerunt

352 3468 634 3513 scrutantes
678 3457 1006 3511 scrutatione:
1034 3452 1201 3525 (Psal.
1234 3452 1323 3507 63.
1351 3450 1429 3521 7),
1455 3458 1509 3505 et
1548 3449 1677 3504 nihil
1717 3450 1933 3502 invene-

355 3558 518 3611 runt,
548 3548 765 3601 mittunt
791 3544 1164 3600 Alexandriam
1214 3541 1281 3596 ad
1311 3540 1590 3610 Theophili
1625 3538 1884 3593 vafritiem
1914 3579 1929 3604 ,

352 3639 446 3707 qui
475 3638 747 3692 dicebatur
768 3635 1071 3699 Cothurnus,
1092 3632 1304 3687 solertis
1336 3632 1456 3686 talia
1478 3630 1651 3684 moliri
1683 3649 1695 3683 :
1723 3630 1811 3700 qui
1834 3637 1933 3682 sta-

355 3732 451 3783 tim
478 3730 737 3798 replicans
758 3728 953 3782 mentis
980 3742 1089 3780 sua:
1111 3726 1373 3779 volumina
1399 3738 1519 3778 cum
1542 3723 1649 3777 otio
1677 3729 1731 3775 et
1754 3722 1931 3790 quiete

352 3820 688 3885 latrocinali,
718 3818 953 3889 cujusvis
998 3817 1157 3871 etiam
1209 3823 1497 3884 prmtextus
1536 3812 1766 3881 speciem
1805 3811 1927 3864 dili-

352 3919 546 3982 genter
586 3908 1033 3978 perscrutabatur.
1066 3906 1214 3961 Duc.
1246 3903 1417 3968 Siste,
1451 3904 1643 3967 Pater,
1667 3900 1929 3955 sermonis

357 4003 435 4055 tui
459 4014 671 4055 cursum
695 4040 711 4064 ,
739 4006 1023 4067 antequam
1048 3996 1355 4059 obliviscar,
1388 4002 1447 4047 ut
1474 3993 1565 4046 tibi
1594 3992 1767 4046 dicam
1806 4006 1932 4044 cau-

355 4108 474 4147 sam
500 4134 514 4154 ,
542 4107 660 4161 quae
686 4090 750 4145 ad
779 4105 876 4144 nos
904 4102 1069 4157 usque
1096 4085 1416 4140 Alexandria
1462 4085 1704 4154 pervenit
1728 4092 1780 4137 et
1808 4098 1930 4152 per-

354 4181 584 4236 crebuit.
612 4179 873 4235 Joannem
926 4179 1067 4233 enim
1116 4176 1263 4231 aiunt
1303 4175 1526 4230 clericos
1570 4190 1602 4229 a
1635 4173 1934 4243 Theophilo

355 4270 630 4340 depositus
684 4268 965 4323 admisisse
1015 4267 1080 4320 ad
1147 4266 1607 4328 communionem;
1651 4273 1809 4333 atque
1859 4265 1929 4319 ita

354 4360 711 4429 Theophilum
738 4358 1025 4413 offendisse
1057 4376 1068 4409 :
1100 4356 1241 4425 quod
1284 4356 1502 4409 minime
1542 4354 1736 4408 factum
1776 4369 1932 4422 opor-

358 4452 461 4505 tuit
488 4468 502 4503 :
534 4450 668 4504 adeo
702 4457 760 4502 ut
779 4465 844 4503 ex
868 4465 933 4502 eo
963 4447 1201 4502 infensus
1228 4446 1439 4511 Joanni,
1480 4460 1783 4516 oppugnare
1809 4460 1932 4499 eum

358 4556 643 4612 aggressus
668 4542 756 4596 sit.
790 4540 961 4593 lirtsc.
990 4538 1185 4592 Demus
1214 4538 1352 4592 hunc
1380 4551 1665 4600 rumorem,
1695 4533 1784 4603 qui
1811 4550 1930 4602 per-

359 4630 596 4694 crebuit,
626 4643 744 4682 esse
775 4643 960 4681 verum
993 4646 1005 4680 :
1044 4642 1112 4681 an
1139 4627 1373 4695 episcopi
1402 4634 1516 4690 est,
1549 4624 1743 4677 malum
1791 4623 1932 4676 malo

360 4722 665 4778 curare?et
696 4718 783 4772 uhi
810 4726 892 4773 est
930 4717 1059 4771 illud
1099 4717 1366 4785 Evangelii
1394 4716 1533 4785 quod
1558 4719 1667 4779 ait,
1696 4712 1793 4768 Sol
1833 4730 1933 4767 non

360 4812 556 4867 occidat
580 4826 731 4880 super
756 4808 1069 4862 iracundiam
1083 4817 1293 4861 vestram
1313 4804 1528 4874 (Epltes.
1550 4804 1698 4875 4.26)
1721 4806 1744 4857 ζ’
1766 4805 1853 4858 ubi
1872 4806 1935 4859 il-

363 4904 453 4958 lud
475 4900 723 4972 apostoli,
762 4897 910 4952 Vince
927 4898 979 4950 in
996 4898 1122 4949 bono
1146 4895 1335 4948 malum
1361 4896 1534 4965 (Rom.
1568 4895 1653 4947 I2.
1674 4894 1767 4965 21)
1790 4894 1814 4947 ?
1843 4896 1933 4949 ubi

362 4994 491 5050 illud
516 4994 809 5065 prophetae,
831 4989 890 5045 Si
908 4988 1103 5042 reddidi
1122 4988 1499 5040 retribucntibus
1515 4987 1636 5039 mihi
1656 4987 1793 5040 mala
1811 4987 1932 5058 (Pa.

364 5086 419 5138 7.
447 5085 546 5154 5)?
576 5082 774 5137 Deinde
802 5096 927 5136 num
957 5079 1233 5149 Operosius
1263 5085 1377 5132 erat
1414 5091 1593 5131 coram
1629 5080 1936 5134 reverendis

366 5174 630 5245 episcopis
656 5188 777 5227 eum
816 5184 1069 5225 accusare
1107 5179 1158 5223 et
1193 5167 1372 5222 dicere
1401 5184 1415 5223 :
1447 5166 1631 5222 Frater
1656 5168 1894 5224 Joannes
1919 5213 1933 5237 ,

367 5265 469 5322 hoc
495 5274 586 5319 aut
614 5263 742 5319 illud
771 5278 839 5316 an
872 5259 1178 5331 imprudens
1205 5258 1372 5313 fecisti
1399 5259 1423 5312 ?
1450 5269 1504 5314 et
1544 5259 1804 5315 Joannem
1838 5263 1936 5318 de-

368 5352 622 5410 fensionis
661 5354 779 5407 loco
804 5352 1000 5417 dicere,
1022 5366 1132 5404 rem
1158 5351 1425 5419 ignorasse
1445 5350 1544 5404 se?
1570 5352 1719 5406 Duc.
1746 5352 1935 5407 Verum

369 5443 522 5509 dicis,
546 5444 589 5498 si
618 5444 667 5497 in
698 5458 763 5497 eo
790 5440 976 5496 fuisset
997 5440 1239 5494 voluntas
1268 5440 1427 5505 bona,
1450 5455 1548 5495 nec
1572 5445 1939 5509 prmtexuisset

370 5531 686 5586 clericorum
744 5546 994 5596 causam,
1052 5540 1107 5583 ut
1164 5531 1428 5600 propriam
1478 5530 1607 5584 iram
1675 5532 1935 5600 expleret.

376 5620 549 5673 Ense.
578 5622 680 5676 Per
709 5623 952 5677 timorem
986 5621 1076 5675 Dei
1104 5622 1190 5691 qui
1221 5622 1437 5675 infinitis
1463 5621 1738 5676 timoribus
1764 5622 1938 5680 domi-

375 5719 549 5773 natur,
584 5725 685 5763 non
736 5714 889 5766 aliter
919 5713 1009 5766 tibi
1040 5712 1249 5777 dicam,
1278 5728 1436 5782 quam
1477 5718 1533 5765 ut
1574 5726 1632 5766 se
1663 5711 1820 5767 habet
1865 5716 1942 5769 rei

376 5812 561 5857 natura
587 5801 654 5856 de
682 5803 748 5856 iis
775 5804 1010 5868 clericis,
1041 5819 1174 5876 quos
1214 5804 1539 5859 memorasti.
1564 5804 1796 5861 Isidorus
1821 5807 1941 5875 qui-

376 5895 495 5949 dam
526 5891 799 5961 presbyter
827 5909 890 5946 ex
934 5895 1074 5949 beati
1103 5896 1276 5965 magni
1304 5894 1574 5950 Athanasii
1607 5895 1941 5952 ordinatione

378 5992 651 6059 supererat
675 6024 690 6051 ,
722 5987 1102 6052 octogesimum
1129 5990 1300 6043 :etatis
1335 6004 1527 6044 annum
1556 6002 1717 6059 agens
1736 6029 1749 6055 ,
1778 6003 1937 6060 quem

3556 620 3624 673 2’2

2046 741 2238 784 norunt
2261 729 2621 784 Romanorum
2662 728 2897 800 plerique
2921 729 3399 785 ecclesiasticarum
3447 747 3619 786 rerum

2042 837 2201 876 causa
2258 820 2484 874 Romam
2527 820 2773 885 venisse,
2804 835 2924 875 cum
2974 822 3309 875 Alexandria:
3354 821 3620 889 hospitum

2041 921 2321 982 susceptor
2363 920 2524 965 esset.
2558 911 2634 965 Tu
2684 926 2812 967 vero
2863 919 2917 964 et
2969 911 3080 980 ipse
3130 914 3271 967 nosti
3326 911 3620 973 hominem,

2041 1004 2255 1073 quando
2301 1017 2422 1056 cum
2463 1003 2655 1058 Acacio
2698 1005 2957 1070 veniens,
2992 1003 3225 1059 Flaviani
3271 1022 3391 1061 cum
3434 1004 3612 1059 'I‘heo-

2041 1096 2186 1164 philo
2214 1094 2644 1149 communionem
2672 1096 2887 1159 attulit,
2918 1095 3098 1164 viginti
3130 1110 3296 1149 annos
3338 1098 3619 1166 abruptam

2038 1187 2179 1241 beati
2206 1184 2419 1254 Evagrii
2443 1199 2602 1239 causa
2624 1202 2636 1237 :
2660 1188 2748 1255 qui
2781 1186 3002 1254 plurima
3029 1188 3319 1240 certamina
3346 1188 3395 1240 in
3426 1190 3618 1242 obeun-

2038 1277 2121 1331 dis
2161 1275 2539 1331 ecclesiasticis
2582 1275 2852 1329 laboribns
2882 1276 3116 1345 pertulit.
3160 1275 3291 1330 Huic
3330 1276 3486 1347 igitur
3521 1278 3618 1330 Isiv

2038 1370 2172 1425 doro
2202 1368 2395 1424 mulier
2428 1367 2673 1437 qumdam
2715 1368 2871 1422 vidua
2902 1383 2933 1423 e
2973 1369 3307 1438 magnatibus
3343 1369 3434 1423 dat
3473 1370 3619 1423 mille

2037 1476 2261 1523 aureos,
2289 1459 2569 1530 adegitque
2611 1459 2958 1529 jurejurando
2988 1476 3083 1530 per
3108 1460 3409 1516 Servatoris
3458 1476 3615 1515 men-

2036 1567 2171 1616 s:nn,
2191 1553 2386 1620 emptis
2414 1552 2649 1607 vestibus
2668 1553 3007 1621 pauperiores
3032 1554 3365 1607 Alexandria:
3388 1554 3615 1609 feminas

2038 1654 2400 1697 conlecturum
2454 1644 2588 1697 clam
2637 1644 2963 1711 Tlieophilo,
2995 1660 3061 1697 ne
3112 1645 3155 1697 is
3209 1660 3455 1699 nummos
3496 1647 3613 1700 illos

2037 1743 2271 1800 caperet,
2293 1743 2448 1801 atque
2466 1733 2837 1799 comparandis
2866 1732 3129 1799 lapidibus
3160 1734 3469 1788 insumeret.
3502 1735 3609 1789 La-

2039 1821 2220 1890 pidum
2264 1822 2408 1874 enim
2456 1823 2601 1874 furor
2627 1821 2839 1890 quidam
2874 1822 3202 1875 Pharaonius
3231 1823 3404 1891 ipsum
3439 1826 3611 1891 possi-

2036 1911 2164 1974 det,
2196 1910 2260 1965 ad
2290 1910 2508 1965 aedificia
2537 1911 2728 1980 quibus
2750 1912 2881 1965 nihil
2910 1912 3105 1981 indiget
3130 1913 3386 1967 Ecclesia.
3411 1915 3473 1968 Et
3496 1915 3612 1970 hmc

2035 2003 2248 2072 quidem
2276 2003 2584 2057 mittamus:
2614 2003 2754 2072 quod
2780 2010 2955 2056 autem
2984 2002 3051 2057 de
3083 2003 3286 2058 Isidoro
3316 2013 3486 2073 urget,
3522 2020 3613 2058 au-

2033 2095 2106 2150 di.
2135 2096 2268 2150 Cum
2296 2096 2451 2166 igitur
2477 2094 2710 2150 Isidorus
2738 2110 2832 2149 eos
2874 2110 3119 2149 nummos
3149 2096 3441 2164 accepisset
3467 2137 3481 2160 ,
3515 2097 3613 2149 int-

2034 2187 2218 2257 pendit
2246 2187 2583 2257 pattperculis
2611 2196 2665 2240 et
2696 2185 2868 2239 viduis
2900 2184 3232 2239 mulieribus.
3262 2186 3520 2241 Alicunde
3559 2187 3612 2241 id

2034 2278 2185 2332 novit
2231 2278 2594 2346 Theophilus:
2624 2276 2757 2330 nihil
2795 2276 2937 2330 enim
2972 2277 3143 2345 ipsum
3190 2276 3387 2331 latebat
3425 2294 3607 2331 eorum

2036 2385 2155 2439 qnze
2180 2370 2371 2439 ubique
2402 2370 2593 2424 fierent
2620 2379 2674 2422 et
2699 2368 3027 2431 dicerentur,
3058 2378 3239 2436 utpote
3265 2370 3352 2437 qui
3385 2368 3608 2423 haberet

2034 2468 2089 2514 et
2116 2460 2370 2512 factorum
2401 2468 2454 2513 et
2482 2458 2743 2512 dictorum
2785 2456 3149 2527 exploratores
3171 2499 3186 2523 ,
3213 2474 3279 2512 ne
3326 2461 3479 2511 aliter
3512 2474 3609 2514 eos

2034 2549 2314 2618 appellem.
2346 2547 2601 2601 Isidorum
2650 2555 2876 2613 evocat,
2915 2545 3189 2600 moderate
3241 2548 3605 2616 interrogans,

2034 2658 2101 2697 an
2126 2657 2187 2698 ea
2215 2642 2286 2698 ita
2313 2656 2371 2696 se
2412 2641 2686 2697 haberent.
2716 2640 2831 2694 Non
2872 2640 3083 2709 negavit
3123 2640 3353 2695 Isidorus
3382 2681 3396 2705 ,
3422 2641 3607 2709 reique

2034 2735 2197 2789 totius
2221 2734 2739 2788 administrationem
2781 2732 2956 2786 fassus
2978 2742 3077 2787 est.
3109 2732 3223 2799 Quo
3270 2733 3358 2786 ille
3390 2732 3569 2787 audito
3591 2772 3608 2798 ,

2032 2839 2246 2879 scenam
2278 2831 2446 2877 mutat
2474 2841 2485 2872 :
2517 2830 2571 2876 et
2599 2823 2686 2892 qui
2726 2822 2883 2891 paulo
2919 2832 3042 2876 ante
3096 2824 3147 2875 in
3195 2823 3609 2892 interrogatione

2032 2916 2337 2970 moderatus
2363 2930 2423 2970 ac
2453 2915 2588 2970 lenis
2618 2925 2957 2984 apparuerat,
2990 2925 3261 2969 momento
3283 2926 3398 2985 post
3426 2915 3609 2969 audito

2033 3005 2220 3060 Isidori
2276 3021 2566 3075 responso,
2610 3015 2749 3059 totus
2798 3007 3083 3070 intumuit,
3129 3016 3326 3059 mutata
3378 3005 3605 3059 subinde

2034 3094 2187 3149 facie.
2219 3095 2288 3149 Et
2312 3110 2432 3148 cum
2466 3097 2733 3165 paululum
2762 3095 3073 3163 quievisset,
3102 3105 3157 3148 ut
3183 3096 3330 3149 canis
3355 3096 3443 3160 qui
3470 3094 3607 3147 clam

2034 3185 2283 3249 mordet,
2318 3192 2435 3253 post
2462 3198 2670 3237 menses
2715 3182 2851 3237 duos
2898 3194 3188 3237 convocato
3212 3185 3378 3246 clero,
3409 3183 3613 3252 profert

2035 3274 2331 3329 chartulam
2378 3283 2637 3343 praesente
2690 3272 2937 3338 Isodoro,
2982 3274 3206 3328 dicens:
3244 3273 3387 3327 Ilanc
3428 3274 3608 3342 accepi

2035 3375 2159 3419 ante
2190 3364 2372 3420 decem
2396 3374 2449 3418 et
2478 3374 2598 3417 octo
2622 3380 2789 3418 annos
2810 3407 2823 3428 ,
2854 3364 3051 3418 Isidore
3070 3404 3085 3430 ,
3131 3363 3385 3417 adversus
3431 3373 3520 3425 te;
3553 3371 3609 3416 et

2034 3455 2283 3525 quoniam
2313 3453 2461 3507 valde
2488 3465 2773 3523 occupatus
2794 3470 2960 3517 eram,
2992 3468 3104 3507 rem
3132 3452 3346 3506 silentio
3370 3452 3560 3506 tradidi
3591 3470 3605 3505 :

2034 3557 2176 3598 nunc
2202 3558 2328 3597 vero
2365 3542 2495 3596 alias
2519 3544 2731 3597 chartas
2776 3558 3022 3613 quaerens
3045 3583 3060 3607 ,
3094 3543 3233 3596 hanc
3261 3542 3326 3595 de
3366 3555 3417 3595 te
3450 3542 3608 3597 char—

2038 3634 2201 3688 tulam
2229 3634 2405 3687 inveni
2435 3671 2449 3684 .
2482 3643 2667 3687 contra
2699 3633 2836 3687 hanc
2863 3634 3075 3688 institue
3099 3632 3482 3686 defensiouetn.
3516 3631 3609 3685 Illa

2034 3735 2209 3778 autem
2252 3724 2489 3778 chartula
2533 3725 3258 3778 continebataccusationem
3288 3721 3598 3776 Sodomitiei

2035 3814 2303 3869 criminis.
2356 3814 2436 3867 Ad
2492 3815 2607 3868 haec
2664 3814 2913 3868 Isodorus
2960 3813 3255 3881 Theophilo
3305 3811 3609 3881 respondit,

2033 3904 2325 3959 defendens
2363 3920 2419 3959 se
2452 3922 2465 3957 :
2496 3904 2861 3959 Coneedamus
2892 3904 2992 3958 hoc
3018 3918 3201 3958 verum
3232 3918 3371 3969 esse,
3401 3913 3454 3957 et
3498 3918 3526 3955 a
3555 3913 3608 3957 te

2037 4006 2308 4064 acceptam
2338 4010 2456 4049 esse
2485 3996 2779 4049 chartulam
2806 4037 2820 4062 ,
2868 4004 2921 4049 et
2966 3994 3059 4048 tibi
3104 3993 3365 4049 excidisse
3395 4013 3408 4048 :
3433 4009 3609 4048 nonne

2036 4086 2222 4143 aderat
2247 4088 2335 4157 qui
2357 4087 2591 4141 libellum
2617 4087 2793 4153 dedit,
2824 4097 2881 4141 ut
2909 4086 3084 4142 denuo
3106 4086 3196 4141 ille
3220 4102 3251 4141 a
3281 4097 3333 4141 te
3359 4100 3612 4155 reposce-

2038 4179 2229 4233 retur?
2257 4178 2335 4233 Ad
2378 4179 2492 4233 haec
2530 4178 2857 4249 TheOphilus
2889 4198 2902 4233 :
2933 4178 3039 4233 Sed
3085 4195 3189 4233 non
3221 4178 3407 4233 aderat
3451 4192 3611 4247 puer,

2042 4268 2319 4337 navigabat
2340 4269 2484 4322 enim
2512 4270 2563 4322 in
2588 4270 2740 4321 mari.
2759 4269 2822 4322 Et
2844 4268 3073 4323 Isidorus
3093 4286 3106 4321 :
3125 4268 3239 4322 Non
3262 4268 3443 4321 aderat
3464 4276 3611 4334 tunc,

2040 4368 2099 4413 ut
2118 4358 2271 4423 dicis,
2304 4373 2436 4428 papa
2468 4377 2481 4413 :
2519 4369 2636 4428 post
2659 4360 3043 4429 navigationem
3073 4375 3249 4413 nonne
3274 4357 3481 4411 adfuit?
3507 4374 3613 4410 non

2037 4448 2311 4501 secundo?
2339 4464 2441 4502 non
2472 4450 2627 4503 tertio
2652 4450 2827 4503 anno?
2847 4459 2901 4505 et
2930 4465 3068 4503 nunc
3094 4450 3135 4503 si
3166 4449 3342 4511 adest,
3364 4450 3489 4515 jube
3518 4447 3614 4501 ho-

2037 4538 2233 4592 minem
2277 4538 2465 4592 sistere
2498 4554 2576 4593 se.
2628 4539 2709 4593 Ad
2753 4539 2867 4592 hazc
2915 4539 3271 4607 TbeOphiIus,
3300 4554 3457 4607 quem
3498 4538 3612 4605 ipsa

2038 4628 2229 4681 veritas
2260 4629 2708 4697 contemptibilem
2741 4630 3008 4688 redditura
3039 4639 3185 4696 erat,
3231 4645 3343 4682 rem
3376 4632 3425 4682 in
3451 4630 3611 4683 alium

2036 4718 2177 4771 diem
2214 4717 2388 4786 rejicit
2418 4734 2432 4771 :
2462 4727 2516 4772 et
2537 4720 2785 4788 juvenem
2827 4718 3108 4788 quemdam
3150 4718 3617 4789 pollicitationibus

2037 4809 2217 4863 multis
2244 4808 2554 4864 demulcens
2572 4851 2588 4876 ,
2618 4809 2685 4865 ad
2712 4811 3097 4865 accusationem
3135 4819 3317 4864 contra
3341 4810 3615 4864 Isodorum

2041 4900 2325 4968 instruxit,
2349 4902 2487 4957 datis
2506 4903 2603 4971 ipsi
2623 4942 2637 4964 ,
2669 4913 2725 4955 ut
2752 4904 2930 4966 aiunt,
2959 4902 3261 4971 quindecim
3291 4903 3500 4955 aureis:
3524 4902 3617 4970 qui

2041 4994 2218 5046 statim
2254 5008 2348 5048 eos
2374 4994 2528 5047 matri
2571 4992 2742 5047 aﬂ‘ert.
2783 4993 2870 5047 Illa
2913 5001 3087 5046 autem
3119 4994 3307 5061 partim
3354 5002 3498 5046 metu
3534 4993 3617 5047 in-

2041 5084 2373 5138 conniventis
2408 5084 2545 5137 oculi
2572 5098 2665 5137 eos
2706 5100 2808 5136 non
2852 5084 3090 5152 accepit,
3122 5084 3313 5153 partim
3343 5084 3517 5153 legum
3550 5086 3617 5137 ti-

2044 5190 2193 5229 more
2221 5175 2482 5244 perculsa,
2506 5175 2744 5243 cogitans
2766 5191 2831 5230 ne
2859 5176 3071 5245 quando
3092 5175 3325 5231 Isidorus
3355 5177 3617 5232 calunmia

2043 5267 2334 5335 appetitus,
2376 5266 2440 5320 ad
2470 5265 2747 5334 prassidem
2780 5269 3065 5337 provincia:
3096 5278 3431 5338 provocaret.
3456 5269 3621 5323 Isido-

2047 5372 2163 5411 rutn
2186 5357 2469 5421 convenit,
2504 5365 2661 5426 atque
2707 5358 2805 5427 ipsi
2847 5368 3007 5413 totam
3053 5360 3361 5428 tragoediam
3403 5360 3616 5422 fatetur,

2044 5447 2093 5503 ei
2122 5446 2406 5501 ostendens
2427 5462 2618 5502 aureos
2638 5490 2651 5510 ,
2680 5464 2814 5515 quos
2842 5465 2871 5503 a
2900 5465 3084 5503 sorore
3106 5449 3378 5519 Theophili
3408 5465 3617 5504 merce-

2044 5537 2127 5591 dis
2153 5536 2269 5592 loco
2297 5538 2564 5604 accepisse
2584 5553 2641 5592 se
2660 5540 2868 5594 dicebat
2906 5540 3157 5595 adversus
3180 5540 3435 5593 Isidorum
3464 5543 3619 5594 inno-

2046 5640 2274 5683 centem.
2306 5629 2369 5681 Et
2400 5629 2485 5684 illa
2506 5630 2717 5697 quidem
2748 5646 2867 5685 cum
2894 5630 2962 5684 ob
2996 5631 3176 5695 multa,
3209 5640 3317 5684 tum
3348 5633 3617 5702 praecipue

2046 5720 2116 5774 ob
2154 5734 2268 5773 eam
2302 5733 2550 5783 causam,
2584 5722 2783 5775 meritis
2827 5721 2995 5788 pretiis
3046 5722 3328 5788 persolutis
3373 5725 3613 5785 moritur,

2048 5809 2292 5878 chirurgo
2319 5810 2580 5864 mamillas
2608 5811 2723 5880 ejus
2751 5820 2987 5864 curante.
3017 5809 3220 5867 Interea
3255 5813 3484 5867 Isidorus
3511 5813 3614 5867 do-

2048 5903 2120 5957 mi
2146 5900 2422 5964 manebat,
2456 5902 2619 5955 Deum
2660 5918 2837 5957 orans.
2866 5902 3006 5958 Puer
3039 5913 3215 5959 autem
3246 5906 3433 5976 partim
3472 5907 3617 5972 leges

2051 5992 2244 6046 veritus
2269 6032 2281 6059 ,
2313 5992 2502 6063 partim
2542 5994 2864 6064 asperiorem
2894 5993 3243 6065 Theophilum
3272 5996 3575 6064 conjectans
3599 6038 3615 6062 ,
