4466 6692
757 594 830 648 ss
2036 570 2348 629 multo"
2391 567 2730 627 DIALOGUS
3976 569 4045 622 9,

763 704 804 756 si
857 714 1020 769 scepo
1074 695 1375 759 excideret,
1408 693 1472 746 ad
1511 691 1794 747 ecclesiam
1822 731 1834 754 ,
1863 689 1990 743 utile
2043 701 2346 758 propugna-

767 796 979 857 culum,
1027 789 1284 859 confugit,
1320 788 1472 842 altari
1511 787 1809 840 adhaerens.
1863 784 1935 837 Ita
1981 782 2310 851 TilL‘OpiliiUS
2337 823 2350 846 ,

773 889 963 941 silente
1009 882 1246 950 justitia,
1307 879 1560 934 lsidormn
1621 876 1858 930 Ecclesia
1905 876 2178 936 eliminat,
2235 887 2354 924 cum

776 973 1097 1030 exsecranda
1148 971 1509 1041 divulgassct,
1560 967 1869 1035 injustitiam
1922 969 2177 1036 gravitate
2216 977 2358 1030 pra:-

777 1079 982 1122 texens.
1019 1064 1218 1119 Deinde
1249 1065 1439 1116 timens
1468 1059 1698 1112 Isidorus
1723 1101 1735 1123 ,
1778 1075 1844 1113 ne
1886 1058 2096 1112 tandem
2122 1051 2356 1125 graviori

781 1175 856 1214 ira
886 1160 1165 1228 instigatus
1199 1154 1522 1224 Theophilus
1549 1195 1562 1216 ,
1592 1154 1748 1206 saluti
1792 1167 1901 1206 sua:
1948 1150 2164 1206 insidias
2194 1145 2363 1200 medi—

781 1263 980 1306 taretur
1008 1252 1162 1319 (nam
1191 1247 1253 1300 ad
1283 1247 1396 1299 haec
1426 1261 1593 1315 usque
1619 1246 1778 1299 etiam
1819 1243 2062 1314 progredi
2108 1240 2277 1304 solet,
2307 1247 2365 1291 ut

781 1344 972 1411 aiunt),
1002 1354 1157 1393 cursu
1205 1340 1335 1408 petit
1382 1347 1617 1392 montem
1651 1337 1833 1390 Nitria:
1882 1337 1945 1389 ad
1983 1332 2362 1389 monachorum

784 1435 1022 1486 ordinem
1052 1473 1066 1497 ,
1100 1430 1190 1485 ubi
1231 1439 1591 1485 commoratus
1636 1429 1803 1480 fuerat
1847 1426 2272 1480 adolescenszet
2314 1423 2366 1476 in

782 1525 911 1578 cella
940 1539 1037 1577 sua
1065 1522 1257 1577 sedens
1283 1564 1296 1583 ,
1328 1521 1639 1588 precabatur
1659 1558 1672 1580 ,
1705 1516 2150 1580 patientissimum
2196 1514 2367 1567 Deum

785 1617 1150 1686 interpellans.
1182 1615 1352 1682 Super
1383 1613 1462 1665 his
1495 1611 1756 1664 indecorte
1784 1617 1834 1663 et
1881 1610 2095 1661 incerta:
2132 1606 2371 1660 victoria:

788 1709 889 1763 sibi
943 1707 1187 1760 conscius
1230 1703 1599 1773 Theophilus,
1658 1701 1821 1755 mittit
1884 1701 2065 1753 literas
2122 1699 2188 1752 ad
2241 1699 2372 1751 vici-

787 1817 885 1856 nos
946 1801 1257 1869 episcopos,
1310 1806 1364 1850 et
1415 1795 1567 1864 jubet
1629 1791 1889 1864 quosdam
1942 1806 1972 1846 e
2026 1789 2290 1859 primariis
2344 1805 2374 1843 a

790 1899 969 1944 monte
1007 1898 1061 1943 et
1101 1889 1170 1942 ab
1200 1887 1438 1941 interiori
1479 1900 1662 1940 eremo
1692 1882 1913 1953 expelli,
1947 1897 2145 1951 eosque
2191 1880 2378 1949 [)I'JBCi-

800 1997 935 2051 puos
980 1980 1300 2041 monachos.
1330 1977 1545 2031 minime
1584 1974 1764 2028 addita
1791 1973 2085 2037 causa.Qui
2131 1971 2377 2024 monachi

795 2088 915 2125 cum
965 2071 1266 2125 senioribus
1321 2066 1696 2122 Alexandriam
1753 2081 1873 2119 cum
1934 2062 2373 2127 descendisseut,

796 2165 1021 2218 orabant
1058 2161 1411 2232 Theophilum
1437 2201 1452 2224 ,
1499 2173 1711 2212 causam
1751 2165 1808 2210 ut
1843 2155 2079 2218 diceret,
2112 2154 2182 2209 ob
2220 2171 2378 2223 quam

796 2257 1134 2310 condemnati
1180 2255 1440 2322 ejectique
1481 2260 1681 2306 essent.
1724 2249 1815 2304 llle
1862 2257 2041 2302 autem
2091 2248 2382 2316 sanguino-

795 2350 957 2405 lentis
1003 2347 1171 2402 oculis
1219 2347 1508 2400 draconum
1561 2344 1734 2397 instar
1784 2340 2108 2404 intendens,
2165 2349 2380 2394 torvum

798 2440 1007 2506 taurino
1034 2452 1181 2492 more
1203 2434 1503 2492 intuebatur
1527 2478 1540 2500 ,
1567 2434 1726 2488 modo
1751 2433 1965 2504 quidem
1993 2431 2204 2497 lividus,
2225 2429 2384 2484 modo

802 2531 1027 2600 pallidus
1050 2573 1064 2597 ,
1093 2529 1251 2585 modo
1279 2538 1452 2583 autem
1479 2542 1661 2582 amare
1687 2526 1991 2590 subridens,
2015 2525 2081 2579 ab
2104 2521 2382 2577 immodica

802 2625 876 2675 ira
925 2622 1208 2690 abreptus,
1258 2621 1577 2685 Ammonio,
1608 2619 1724 2672 viro
1765 2616 2051 2687 grandmvo
2075 2657 2089 2681 ,
2127 2613 2384 2682 omopho—

801 2717 939 2767 rium
971 2713 1215 2766 manibus
1243 2713 1354 2781 ipse
1381 2714 1493 2765 suis
1523 2711 1690 2781 injicit
1721 2711 1770 2763 in
1802 2709 1996 2764 collum
2023 2750 2037 2773 ,
2068 2722 2190 2762 cum
2234 2706 2386 2760 malis

802 2806 919 2872 ejus
945 2803 1124 2872 plagas
1149 2801 1459 2867 inflexisset,
1487 2811 1542 2856 et
1571 2800 1759 2870 pugnis
1789 2813 1944 2853 nares
1969 2798 2083 2866 ejus
2111 2805 2386 2850 cruentas-

806 2905 887 2950 sct
911 2937 924 2961 ,
957 2895 1253 2949 inclamans
1283 2894 1364 2947 his
1386 2893 1606 2947 vocibus
1631 2909 1643 2945 :
1674 2891 1966 2956 Hirretice,
1996 2887 2386 2942 anathematiza

802 2986 1085 3056 Origcuem
1115 3003 1128 3038 :
1158 2999 1279 3039 cum
1325 2984 1455 3038 nihil
1497 2993 1640 3038 esset
1679 2982 2009 3053 propositum
2047 2981 2114 3037 de
2160 2979 2389 3051 Origene

807 3086 999 3143 pi-zetcr
1021 3076 1425 3145 postulationem
1450 3074 1635 3129 lsidori
1657 3089 1838 3129 causa.
1859 3073 2005 3128 Talis
2025 3073 2166 3128 enim
2188 3073 2265 3127 ira
2286 3081 2387 3134 est,

809 3169 966 3222 veluti
998 3181 1190 3232 canes,
1219 3181 1358 3220 eteca
1397 3175 1450 3221 et
1479 3166 1618 3221 dicta
1658 3175 1712 3221 et
1758 3166 1894 3219 facta
1924 3165 2083 3235 parit.
2117 3162 2278 3234 Igitur
2317 3164 2392 3217 sic

811 3262 1068 3329 sanguine
1096 3259 1368 3329 adspersi,
1401 3269 1457 3314 et
1491 3261 1606 3314 sine
1649 3274 1912 3329 responso
1951 3259 2150 3313 reversi
2196 3259 2263 3314 ad
2298 3272 2389 3311 sua

809 3351 1126 3404 monasteria
1181 3351 1508 3420 prepositum
1561 3351 1682 3406 vitae
1739 3351 2036 3404 institutmu
2104 3364 2393 3419 perseque-

809 3442 1018 3505 bantur,
1040 3440 1434 3509 Scripturarum
1454 3442 1672 3497 scientia
1709 3440 1977 3511 ingenium
2001 3449 2274 3504 acuentes,
2300 3455 2393 3508 per

811 3545 946 3599 quas
988 3531 1130 3584 salus
1175 3533 1500 3601 acquiritur,
1531 3533 1670 3586 illius
1721 3532 1981 3586 insaniam
2036 3546 2102 3586 eo
2146 3540 2393 3585 curantes

813 3625 1018 3687 minus,
1049 3624 1188 3694 quod
1219 3625 1414 3679 nullius
1436 3625 1559 3678 mali
1591 3625 1689 3678 sibi
1718 3626 1920 3679 conscii
1949 3634 2153 3680 essent.

878 3713 1006 3770 Car.
1037 3729 1130 3767 vn.
1158 3743 1232 3754 —
1260 3714 1350 3769 His
1374 3730 1478 3768 non
1506 3714 1855 3784 adquiescens
1885 3714 2230 3784 TheOphilus,
2266 3716 2392 3768 mit-

813 3807 872 3860 tit
897 3806 961 3860 ad
993 3806 1194 3860 vicinos
1222 3808 1500 3878 episcopos
1519 3849 1534 3871 ,
1563 3817 1616 3862 et
1644 3807 1900 3863 adversus
1928 3808 2222 3863 monachos
2251 3810 2393 3878 cogit

809 3898 1086 3953 concilium
1109 3937 1124 3960 ,
1156 3913 1324 3968 neque
1360 3897 1427 3952 ad
1465 3897 1828 3954 defensionem
1859 3900 2060 3954 vocatis
2087 3900 2215 3970 ipsis
2239 3942 2254 3962 ,
2293 3915 2392 3955 nec

810 3990 942 4045 facta
973 3990 1077 4044 illis
1097 3990 1304 4045 dicendi
1331 3999 1610 4060 poteState,
1636 4001 1743 4046 tres
1764 3992 1906 4047 viros
1937 4007 1968 4048 e
1995 3993 2276 4063 prmcipuis
2295 4009 2390 4048 ex-

811 4082 1169 4133 coutinunicat
1191 4121 1206 4145 ,
1233 4081 1431 4135 veritus
1457 4081 1614 4136 simul
1643 4092 1827 4137 contra
1853 4083 2248 4138 multitudinem
2280 4099 2394 4153 pce-

816 4186 934 4224 nam
962 4170 1270 4236 decernere,
1297 4181 1597 4241 praetexens
1622 4171 1925 4242 dogmatum
1953 4174 2390 4242 perversitatem;

814 4272 868 4317 et
890 4275 1022 4331 quos
1042 4277 1182 4332 saepe
1203 4265 1318 4332 plus
1339 4279 1493 4332 quam
1514 4263 1794 4333 episcOpos
1822 4264 2175 4320 honoraverat
2197 4274 2254 4319 ut
2283 4281 2394 4318 ma-

814 4355 1024 4423 gistros,
1058 4364 1270 4424 prepter
1299 4356 1479 4418 vitam,
1502 4355 1799 4410 doctrinam
1829 4364 1883 4411 et
1907 4366 2140 4422 (etatem,
2168 4372 2260 4410 eos
2287 4372 2392 4410 non

816 4446 1000 4516 puduit
1028 4447 1293 4516 appellare
1335 4448 1745 4518 praisugiatorcs
1769 4491 1784 4517 ,
1814 4465 1878 4505 eo
1905 4450 2046 4521 quod
2074 4467 2198 4521 erga
2230 4451 2394 4506 Isido-

815 4552 930 4590 rum
961 4539 1160 4607 Optime
1190 4537 1361 4593 afl'ecti
1402 4548 1597 4597 essent.
1632 4540 1702 4595 Et
1740 4550 1857 4610 post
1893 4543 2395 4597 excommunicatio-

815 4642 934 4683 nem
964 4644 1028 4683 ex
1057 4629 1172 4698 ipso
1200 4640 1381 4685 monte
1413 4630 1622 4686 instruit
1648 4631 1999 4687 homunculos
2023 4635 2274 4703 quinque,
2305 4633 2395 4702 qui

818 4736 1102 4790 numquam
1135 4722 1185 4774 in
1215 4733 1356 4777 cmtu
1379 4724 1649 4778 seniorum
1675 4725 1840 4779 eremi
1871 4734 2146 4788 steterant,
2173 4735 2226 4779 et
2253 4724 2394 4778 indi-

814 4813 900 4878 gni
923 4821 1094 4876 erant,
1123 4815 1262 4883 piget
1285 4815 1480 4879 dicere,
1498 4817 1588 4886 qui
1613 4818 1693 4872 vel
1722 4818 1923 4871 ostiarii
1945 4827 2153 4872 essent:
2179 4827 2233 4872 et
2255 4818 2397 4874 hunc

815 4903 1025 4972 quidem
1053 4903 1260 4957 ordinat
1281 4906 1605 4975 episcOpum,
1629 4908 1804 4963 viculo
1834 4909 2150 4978 prmficiens,
2174 4925 2294 4963 cum
2316 4911 2394 4964 ci-

818 4996 1030 5048 vitatem
1055 5012 1157 5050 non
1183 4996 1400 5051 haberet
1423 4999 1638 5067 (etenim
1666 5001 1782 5055 sine
1805 5001 1913 5056 ullo
1939 5000 2142 5072 pudore
2162 5003 2278 5057 illas
2300 5019 2396 5059 uo-

813 5087 1002 5140 vitates
1033 5087 1296 5152 audebat,
1331 5104 1389 5143 se
1424 5091 1644 5145 alterum
1687 5093 1920 5164 Moyscm
1948 5096 2169 5165 vocans)
2193 5137 2206 5158 ,
2246 5096 2390 5151 illum

813 5195 940 5234 vero
967 5180 1356 5250 presbyterum,
1380 5190 1432 5235 ct
1460 5191 1564 5235 tres
1588 5183 1719 5238 alios
1745 5186 1998 5241 diaconos
2027 5186 2272 5255 ordinat,
2299 5191 2390 5259 qui

813 5287 917 5325 non
957 5279 1109 5324 erant
1145 5271 1380 5342 Aigyptii
1409 5315 1422 5337 ,
1468 5274 1559 5326 sed
1586 5289 1615 5327 c
1644 5275 1866 5330 diversis
1907 5278 2055 5332 locis.
2093 5279 2218 5332 Erat
2247 5283 2389 5335 enim

810 5377 946 5415 unus
973 5377 1158 5416 eorum
1188 5361 1346 5434 Libys
1368 5405 1381 5425 ,
1411 5365 1543 5418 alius
1571 5367 1958 5421 Alexandrinus
1977 5411 1992 5436 ,
2021 5372 2155 5423 alius
2187 5371 2387 5426 Phara-

813 5455 982 5518 nitcs,
1026 5454 1163 5508 alius
1205 5470 1334 5510 vero
1379 5456 1700 5512 Paraleotes.
1735 5459 1902 5525 Quam
1934 5463 2002 5514 ob
2029 5479 2242 5517 causam
2272 5468 2387 5533 ejus

810 5556 946 5595 vano
967 5544 1133 5599 labori
1153 5555 1560 5609 consenserunt,
1584 5562 1701 5600 cum
1730 5548 1931 5602 nullum
1963 5553 2233 5618 praemium
2251 5569 2281 5608 e
2299 5571 2388 5623 pa-

813 5631 910 5684 tria
940 5636 1255 5702 Sperandum
1289 5637 1562 5692 haberent.
1598 5637 1703 5691 Eos
1733 5638 1909 5708 itaque
1935 5641 2210 5708 subornat,
2244 5655 2300 5699 ut
2327 5647 2390 5701 li-

812 5724 984 5780 bellos
1014 5726 1200 5782 darent
1227 5731 1478 5785 adversus
1508 5741 1614 5784 tres
1646 5730 1767 5786 illos
1804 5748 1958 5788 senes
1992 5753 2002 5785 :
2037 5745 2088 5788 et
2117 5735 2264 5793 falsa:
2293 5755 2386 5794 ac-

812 5818 1102 5872 cusationis
1131 5821 1287 5874 verba
1315 5823 1423 5890 ipse
1447 5824 1736 5888 contexuit,
1766 5826 1849 5879 cui
1882 5843 2041 5881 unum
2070 5829 2118 5884 id
2148 5830 2231 5885 isti
2260 5847 2388 5887 con-

811 5909 1044 5962 tulerunt
1066 5951 1080 5975 ,
1115 5919 1172 5963 ut
1217 5914 1628 5971 subscrilicrcnt.
1675 5917 1870 5972 Deinde
1895 5961 1910 5984 ,
1951 5924 2184 5987 acceptis
2211 5925 2278 5976 ab
2307 5925 2386 5977 eis

808 5998 993 6052 libellis
1023 6017 1200 6056 Coram
1231 6003 1482 6073 Ecclesia,
1517 6009 1806 6078 ingreditur
1835 6011 1901 6065 ad
1927 6013 2269 6083 Augustalem
2293 6057 2307 6081 ,
2332 6023 2388 6068 et

2461 697 2645 740 contra
2677 687 2804 741 istos
2824 686 3115 754 supplicem
3149 687 3380 742 libellum
3404 685 3542 754 apud
3569 701 3690 740 cum
3716 689 3926 743 nomine
3950 705 4047 741 suo

2462 777 2680 846 deponit
2720 780 2830 847 ipse
2853 818 2866 841 ,
2891 775 3152 848 Egyptize
3183 781 3474 835 dioeceseos
3503 777 3757 847 pontifex,
3785 779 4050 846 adjunctis

2465 869 2612 926 falsa:
2637 871 2987 925 accusationis
3022 871 3213 926 libellis
3238 917 3252 938 ,
3295 876 3531 942 petitque
3559 879 3613 925 ut
3642 870 3857 924 militari
3889 889 4050 926 manu

2465 965 2800 1034 expcllantur
2831 963 2864 1015 ii
2894 963 3136 1016 homines
3165 980 3233 1018 ex
3263 967 3506 1019 universa
3538 963 3788 1034 Egypto.
3818 963 4054 1032 Accepto

2469 1057 2626 1126 igitur
2653 1058 2704 1110 in
2734 1057 2963 1126 speciem
2999 1057 3164 1110 milite
3190 1073 3292 1111 una
3320 1073 3441 1111 cum
3472 1057 3739 1120 mandato,
3769 1054 4058 1108 scelerato-

2469 1164 2586 1202 rum
2609 1147 2994 1202 multitudinem
3017 1159 3326 1217 congregat,
3347 1151 3435 1216 qui
3459 1150 3596 1203 circa
3629 1155 3916 1218 potestates
3938 1162 4056 1198 ver-

2471 1250 2658 1295 santur
2682 1241 2747 1295 ad
2774 1241 2946 1295 omnia
2981 1242 3182 1308 parati;
3213 1252 3266 1295 et
3295 1251 3515 1312 repente
3544 1243 3864 1298 moviasteria
3897 1249 4056 1294 noctu

2474 1332 2694 1398 invadit,
2728 1349 2848 1388 cum
2875 1333 3018 1400 prius
3048 1345 3264 1400 pueros,
3293 1335 3380 1401 qui
3413 1349 3594 1387 secum
3621 1343 3793 1400 erant,
3823 1333 3945 1387 vino
3974 1335 4058 1385 in-

2473 1423 2811 1492 gurgitasset.
2855 1424 2920 1477 Et
2949 1423 3174 1492 primum
3203 1423 3417 1491 quidem
3447 1425 3654 1478 illorum
3688 1425 3900 1480 fratrem
3933 1425 4060 1477 Dio-

2476 1530 2710 1579 scorum,
2745 1525 2983 1570 sanctum
3011 1515 3339 1584 episcopum,
3373 1516 3460 1583 qui
3491 1526 3606 1569 erat
3627 1531 3691 1570 ex
3721 1518 3809 1570 illo
3840 1527 4018 1570 monte
4043 1557 4058 1578 ,

2476 1605 2623 1672 jubet
2647 1605 2837 1659 throno
2859 1607 2999 1674 ejici,
3029 1616 3249 1660 tractum
3270 1619 3297 1656 a
3320 1606 3488 1658 servis
3506 1605 3864 1675 Aithiopibus,
3895 1609 4064 1677 iisque

2479 1696 2702 1749 fortasse
2744 1697 2977 1750 nundtuu
3017 1697 3330 1767 baptizatis;
3365 1695 3462 1749 sibi
3503 1696 3779 1750 vindicans
3816 1702 3929 1766 ejus
3973 1717 4062 1768 pa-

2482 1789 2721 1855 rmciam,
2753 1804 2908 1857 quam
2939 1804 2965 1840 a
2996 1788 3191 1843 Christi
3220 1789 3444 1842 adventu
3479 1788 3706 1841 habebat
3732 1791 3914 1841 civitas
3943 1792 4066 1844 Dio-

2483 1882 2640 1936 scori.
2673 1880 2799 1934 lude
2830 1880 3094 1949 praedatur
3122 1890 3354 1936 montem
3377 1922 3390 1944 ,
3434 1880 3818 1934 monachorum
3862 1885 4067 1938 recolas

2479 1971 2778 2041 junioribus
2822 1971 3050 2040 pratdam
3090 1973 3362 2026 addiccns.
3410 1971 3665 2040 Expilatis
3706 1972 3944 2037 cellulis,
3988 1975 4069 2027 in-

2485 2063 2644 2130 quirit
2676 2071 2781 2115 tres
2814 2062 2929 2114 illos
2958 2077 3092 2130 quos
3124 2063 3174 2116 in
3207 2071 3422 2130 puteum
3451 2062 3794 2125 demiseranl,
3827 2064 4069 2131 imposita

2485 2155 2561 2207 ori
2607 2153 2749 2221 putei
2799 2163 2976 2207 storea
3011 2172 3022 2205 :
3065 2169 3184 2208 cum
3231 2165 3410 2208 autem
3456 2170 3550 2210 eos
3591 2169 3696 2209 non
3739 2156 4069 2224 invenisset,

2485 2259 2667 2297 eorum
2697 2245 2917 2298 cellulas
2943 2245 3229 2299 sarmentis
3261 2245 3496 2300 incendit
3517 2287 3531 2310 ,
3558 2247 3848 2300 combustis
3877 2263 3977 2300 una
4008 2250 4074 2301 li-

2485 2334 2596 2387 bris
2620 2334 2866 2388 omnibus
2883 2337 3080 2390 veteris
3105 2351 3165 2390 ac
3189 2338 3309 2389 novi
3326 2335 3676 2400 Tcstameuti,
3694 2337 3913 2406 aliisque
3935 2339 4075 2406 opti-

2486 2428 2588 2483 mis
2616 2428 2886 2484 codicibus
2907 2471 2920 2492 ,
2953 2437 3008 2483 et
3035 2445 3198 2499 puero
3221 2445 3326 2483 uno
3351 2473 3364 2495 ,
3399 2432 3535 2484 sicut
3572 2431 3768 2485 oculati
3802 2439 3965 2486 testes
3989 2432 4074 2486 di-

2487 2536 2634 2586 xere,
2666 2530 2718 2577 et
2741 2537 2889 2577 sacra
2920 2521 3273 2577 Eucharistia.
3305 2523 3435 2578 Cum
3463 2533 3640 2579 autem
3673 2525 3931 2594 impotens
3960 2527 4078 2594 ejus

2489 2613 2562 2666 ira
2588 2613 2854 2682 paululum
2877 2613 3252 2680 deferbuisset,
3277 2616 3645 2670 Alexandriam
3673 2618 3882 2685 repetit,
3902 2617 4081 2670 locum

2490 2704 2610 2775 fuge
2637 2705 2770 2759 dans
2798 2707 2994 2761 sanctis
3025 2707 3130 2760 illis
3153 2707 3312 2762 viris:
3336 2708 3425 2777 qui
3455 2710 3680 2777 sumptis
3709 2711 3887 2762 statim
3907 2711 4076 2763 melo-

2491 2797 2559 2850 tis
2603 2797 2716 2852 suis
2747 2799 2798 2850 in
2839 2797 3178 2852 Palmstinam
3229 2800 3488 2868 profecti,
3535 2799 3729 2854 [Eliam
3771 2802 4076 2856 adventant.

2489 2886 2621 2942 Cum
2654 2889 2720 2943 iis
2749 2890 2950 2960 egressi
2981 2898 3124 2954 sunt,
3169 2900 3363 2959 praater
3391 2891 3731 2960 presbyteros
3756 2902 3808 2945 et
3829 2893 4082 2948 diaconos

2491 2982 2632 3036 illius
2659 2983 2854 3036 montis
2878 3023 2892 3046 ,
2926 2984 3148 3037 trecenti
3178 2984 3499 3052 Optimorum
3531 2985 3914 3038 monachorum
3948 3004 3959 3038 :
3989 2987 4079 3039 alii

2493 3087 2621 3127 vero
2652 3088 2745 3141 per
2773 3073 2979 3128 diversa
3010 3075 3124 3128 loca
3151 3074 3376 3142 diSpersi
3407 3085 3550 3129 sunt.
3583 3075 3862 3130 Seecssum
3895 3091 4079 3131 eorum

2495 3179 2602 3217 non
2631 3164 2809 3219 ferens
2833 3166 3031 3234 obliqui
3060 3181 3247 3220 cursus
3275 3167 3514 3231 coluber,
3548 3183 3734 3221 rursus
3761 3179 3944 3222 contra
3986 3185 4082 3224 eos

2496 3255 2847 3325 Theophilum
2879 3259 3100 3311 suscitat
3129 3277 3142 3311 :
3171 3259 3258 3328 qui
3287 3258 3360 3312 ira
3388 3273 3677 3314 succensus
3702 3261 3879 3314 literas
3901 3271 4084 3316 exarat

2495 3346 2562 3401 ad
2604 3348 2883 3417 episcopos
2927 3349 3266 3404 Palmstinm:
3305 3365 3407 3404 non
3449 3353 3765 3421 oportebat,
3798 3353 4078 3423 inquiens,

2497 3456 2591 3496 vos
2619 3451 2814 3513 praeter
2844 3444 3168 3498 voluntatem
3211 3459 3384 3498 meam
3412 3444 3463 3497 in
3495 3445 3734 3499 civitates
3761 3455 3961 3499 vestras
3984 3445 4087 3500 hos

2497 3535 2769 3603 recipere;
2800 3533 2892 3588 sed
2921 3535 3170 3604 quoniam
3204 3535 3371 3604 ignari
3404 3535 3454 3588 id
3483 3534 3682 3589 fecistis
3708 3577 3723 3599 ,
3753 3536 3902 3589 vobis
3931 3536 4082 3603 igno-

2497 3640 2610 3679 sco.
2641 3624 2696 3679 In
2727 3634 2998 3692 posterum
3031 3626 3188 3694 igitur
3212 3635 3417 3690 cavete,
3448 3641 3512 3680 ne
3549 3627 3670 3680 illos
3700 3636 3791 3680 aut
3821 3629 3870 3679 iu
3904 3629 4083 3682 eccle-—

2495 3717 2764 3770 siasticum
2793 3725 2885 3770 aut
2912 3717 2962 3770 in
2991 3717 3249 3786 privatum
3279 3718 3507 3787 aliquem
3540 3719 3714 3772 locum
3740 3720 4032 3774 admittatis
4068 3738 4081 3773 :

2494 3808 2653 3863 deum
2678 3822 2797 3864 esse
2824 3823 2882 3863 se
2909 3825 3013 3862 non
3042 3808 3225 3864 dicens
3253 3818 3457 3864 tantum
3479 3851 3494 3871 ,
3531 3810 3623 3864 sed
3654 3811 3811 3863 etiam
3842 3827 3949 3880 [περ
3979 3812 4082 3864 im-

2496 3901 2705 3957 modica
2745 3902 3047 3971 arrogantia
3088 3903 3403 3973 imaginans.
3444 3902 3521 3958 llli
3562 3904 3727 3958 nmlta
3765 3907 4083 3959 necessitate

2495 3994 2620 4058 acti,
2652 4008 2772 4046 cum
2807 3993 2857 4046 in
2885 3994 2986 4046 alia
3017 4008 3080 4048 ex
3112 3994 3231 4047 aliis
3256 3995 3368 4048 loca
3415 3996 3743 4064 migrarent,
3779 3996 3988 4049 tandem
4028 4001 4083 4049 in

2495 4083 2814 4138 Comitatum
2859 4086 3117 4150 veniunt,
3161 4085 3246 4138 ubi
3275 4085 3454 4140 divina
3495 4101 3654 4139 manu
3685 4086 3748 4139 ad
3779 4101 3960 4139 curam
3991 4102 4083 4154 po-

2499 4175 2721 4229 tentium
2752 4176 3010 4247 agendam
3035 4176 3268 4230 Joannes
3306 4176 3597 4229 collocatus
3623 4186 3735 4230 erat
3764 4177 4082 4245 episcopus;

2499 4279 2656 4339 atque
2693 4269 2760 4324 ad
2789 4271 2904 4339 ejus
2941 4285 3111 4341 genua
3154 4269 3418 4338 provoluti
3447 4309 3460 4327 ,
3491 4268 3713 4321 orabant
3753 4280 4085 4322 succurreret

2498 4356 2776 4414 animabus
2795 4359 3113 4414 calumniam
3145 4358 3312 4425 pass-is
3333 4397 3346 4420 ,
3372 4365 3426 4410 et
3454 4356 3744 4410 devastatis
3769 4357 3834 4409 ab
3865 4358 3926 4410 iis
3947 4401 3960 4421 ,
3991 4360 4083 4428 qui

2500 4449 2552 4504 id
2582 4451 2754 4518 potius
2773 4465 2930 4519 quam
2957 4446 3272 4502 benefacere
3298 4446 3718 4500 consuevisseat.
3748 4445 3901 4501 Stetit
3923 4448 4084 4502 Joan-

2500 4554 2596 4595 nes
2627 4557 2640 4592 :
2670 4549 2827 4608 atque
2855 4548 2909 4591 ut
2935 4539 3064 4591 vidit
3085 4537 3460 4606 quinquaginta
3489 4537 3776 4591 electorum
3809 4537 4082 4591 hominum

2499 4631 2770 4694 canitiem,
2803 4630 2969 4682 sacris
2996 4627 3265 4682 laboribus
3294 4627 3511 4682 tinctam
3542 4638 3595 4682 et
3623 4638 3886 4695 ornatam,
3922 4631 4084 4684 veluti

2499 4722 2719 4792 Joseph,
2755 4721 2968 4774 fraterni
2997 4721 3194 4774 amoris
3225 4720 3334 4774 acri
3359 4720 3541 4774 dolore
3571 4721 3892 4785 stimulatus,
3925 4723 3974 4773 in
4008 4722 4086 4774 la-

2500 4828 2710 4885 crymas
2739 4811 2936 4866 effusus
2964 4820 3065 4876 est,
3097 4822 3448 4880 percunctans
3474 4828 3538 4866 ex
3565 4813 3662 4877 eis,
3689 4813 3929 4881 quisnam
3956 4828 4084 4880 aper

2499 4908 2566 4962 de
2603 4908 2732 4962 silva
2767 4917 2858 4960 aut
2899 4906 3182 4976 singuaris
3215 4905 3357 4960 ferus
3388 4907 3507 4958 huic
3548 4904 3960 4960 fmcundissimre
3989 4907 4082 4960 viti

2498 5001 2790 5055 invidisset.
2824 4997 2900 5053 Illi
2932 5009 3110 5052 autem
3143 5015 3155 5050 :
3188 4995 3327 5051 Sede
3349 5037 3364 5061 ,
3389 4990 3564 5057 Pater,
3595 5003 3648 5046 et
3689 4993 3841 5047 nobis
3868 4996 4082 5052 medere

2499 5109 2603 5148 non
2633 5093 2972 5149 mediocriter
2997 5089 3290 5143 vulneratis
3316 5103 3347 5140 a
3377 5085 3654 5153 Theophili
3688 5101 3836 5155 papa:
3868 5086 4043 5142 furore
4064 5134 4079 5155 ,

2499 5188 2539 5240 si
2571 5197 2741 5240 tamen
2774 5185 2984 5255 poteris
3004 5182 3283 5234 vulnerum
3317 5187 3619 5230 nostrorum
3651 5186 3885 5232 tumores
3912 5179 3976 5232 ad
4006 5181 4082 5232 ci-

2496 5280 2745 5332 catricem
2774 5275 3083 5344 perducere.
3107 5270 3240 5324 Nam
3259 5268 3302 5322 si
3322 5277 3374 5320 et
3398 5267 3509 5335 ipse
3533 5282 3630 5320 nos
3647 5267 3885 5336 negligis,
3906 5267 4081 5324 Theo-

2497 5371 2622 5440 phili
2641 5385 2734 5424 seu
2754 5367 3045 5421 reverentia
3067 5379 3160 5416 seu
3181 5362 3369 5414 timore
3391 5359 3600 5420 ductus,
3619 5368 3675 5412 ut
3703 5359 3789 5412 alii
3818 5361 4073 5432 episc0pi,

2496 5464 2625 5520 nihil
2647 5463 2756 5531 jam
2786 5457 2973 5525 reliqui
3014 5455 3168 5507 nobis
3195 5455 3253 5506 fit
3295 5466 3322 5502 a
3350 5450 3498 5504 vobis
3521 5492 3536 5515 ,
3571 5451 3670 5505 nisi
3713 5461 3766 5504 ut
3793 5451 4080 5521 [mpm-aio.

2495 5571 2609 5610 rem
2639 5552 2894 5606 adeamus
2919 5587 2932 5608 ,
2965 5553 3020 5599 et
3060 5559 3218 5613 prava
3261 5542 3402 5596 illius
3442 5541 3576 5595 facta
3625 5543 3674 5594 in
3703 5548 4077 5602 contumeliam

2498 5644 2750 5702 Ecclesiae
2775 5652 3124 5708 exponamus.
3151 5636 3204 5690 Si
3234 5650 3360 5705 ergo
3385 5634 3758 5690 ecclesiasticae
3783 5638 3873 5693 tibi
3897 5641 4079 5695 existi-

2494 5734 2744 5790 mationis
2771 5745 2899 5786 cura
2932 5738 3046 5796 est,
3081 5728 3233 5782 nobis
3257 5741 3450 5790 annue,
3484 5726 3687 5798 ipsique
3715 5733 3992 5799 persuade,
4021 5740 4076 5784 ut

2497 5827 2651 5879 nobis
2681 5833 2924 5878 nostrum
2957 5822 3008 5874 in
3040 5819 3272 5891 ngypto
3301 5819 3626 5874 domicilium
3668 5825 3957 5887 concedat,
3985 5821 4072 5890 qui

2495 5917 2626 5973 nihil
2654 5915 3008 5985 peccavimus,
3035 5926 3207 5980 neque
3233 5922 3413 5966 contra
3445 5914 3611 5983 legem
3639 5915 3953 5977 Servatoris,
3983 5928 4075 5963 ne-

2494 6024 2596 6080 que
2624 6009 2676 6063 in
2706 6021 2828 6064 cum
2855 6005 3050 6076 ipsum.
3079 6002 3160 6056 Ad
3188 6001 3300 6060 hnc
3328 6003 3558 6063 Joannes
3590 6022 3812 6078 sperans
3839 6003 3987 6059 facile
4013 6013 4072 6052 se
