4494 6684
393 562 466 615 :3
1382 563 1468 615 DE
1507 560 1673 615 VITA
1714 560 1773 614 S.
1824 558 2112 617 JOANNIS
2148 558 2667 617 CHRYSOSTOML
3592 558 3663 619 911

394 679 451 733 δὲ
478 675 571 731 τὸν
606 678 861 751 Θεόφιλον
884 684 1183 748 δεινότερον
1213 677 1411 731 ἐννοῶν
1432 681 1498 749 τῇ
1526 677 1775 748 ἀστοχία,
1798 678 1888 731 ἐπί
1912 680 1972 733 τὸ

397 763 671 829 λυσιτελὲς
702 766 1037 835 καταφεύγει
1067 764 1269 829 τεῖχος,
1299 760 1399 831 τὴν
1442 760 1758 831 ἐκκλησίαν,
1801 778 1971 833 προσ-

398 846 587 917 φυγὼν
617 849 695 920 τῷ
727 845 1115 915 θυσιαστηρίῳ.
1146 844 1331 905 Οὕτως
1370 846 1397 897 ό
1426 843 1682 913 Θεόφιλος
1716 849 1871 916 κωφῇ
1908 848 1973 916 τῇ

397 932 521 1004 δίκη
572 934 939 1002 ἀποκηρύττει
999 928 1091 980 τὸν
1145 927 1411 998 Ἰσίδωρον
1461 928 1562 999 τῆς
1625 930 1973 1001 Ἐκκλησίας,

397 1020 674 1088 ἀνήκεστα
718 1012 1076 1083 ἐπιφημίσας,
1137 1014 1614 1083 σχηματισάμενος
1671 1013 1976 1083 σεμνοπρέ-

401 1118 561 1153 πειαν
588 1102 653 1169 τῇ
680 1095 878 1165 ἀδικίᾳ.
902 1096 1045 1166 Πρὸς
1073 1094 1282 1159 τούτοις
1302 1094 1482 1161 δείσας
1507 1098 1535 1149 6
1576 1096 1842 1167 Ἰσίδωρος
1869 1104 1974 1165 μη-

399 1199 530 1234 ποτε
588 1177 950 1247 χαλεπωτέρῳ
1001 1176 1080 1247 τῷ
1131 1176 1287 1249 θυμῷ
1335 1180 1573 1245 πιεσθεὶς
1619 1182 1647 1233 6
1697 1178 1971 1247 Θεόφιλος,

400 1261 667 1330 σκέψηται
695 1258 813 1311 κατ’
840 1258 1006 1311 αὑτοῦ
1052 1260 1271 1334 ἐνέδραν
1315 1263 1411 1334 τῆς
1461 1262 1733 1333 σωτηρίας
1760 1261 1973 1331 (φθάνει

343 1338 353 1411 ,‘
398 1345 529 1412 γὰρ,
557 1340 632 1403 ῶς
658 1357 809 1409 φασι,
842 1342 937 1394 καὶ
981 1342 1143 1415 μέχρι
1180 1344 1429 1415 τούτων),
1458 1344 1715 1414 δρομαῖος
1744 1356 1770 1384 ι
1810 1346 1978 1415 χωρεῖ

401 1427 492 1477 ἐπὶ
524 1424 582 1476 τὸ
608 1423 731 1493 ὅρος
771 1424 833 1477 τὸ
858 1424 957 1494 τῆς
987 1427 1214 1500 Νιτρίας
1246 1428 1381 1499 πρὸς
1410 1428 1472 1479 τὸ
1500 1426 1691 1494 τάγμα
1737 1426 1846 1478 τῶν
1882 1442 1978 1493 μου

400 1507 601 1576 ναχῶν,
634 1507 760 1560 ἔνθα
805 1509 904 1571 τὰς
935 1508 1036 1581 τῆς
1077 1512 1321 1581 νεότητος
1360 1510 1583 1579 ἐσχήκει
1616 1507 1644 1546 δ
1673 1506 1974 1577 διατριὸάς’

401 1590 495 1643 καὶ
544 1589 769 1655 καθίσας
818 1593 875 1644 ἐν
918 1593 997 1664 τῷ
1043 1594 1241 1663 κελλίῳ
1290 1592 1479 1654 αὑτοῦ,
1524 1589 1863 1662 προσηύχετο
1904 1590 1981 1659 τῷ

403 1673 743 1746 μακροθύμῳ
777 1675 893 1747 Θεῷ
927 1677 1291 1746 ἐντυγχάνων.
1337 1675 1461 1727 Ἐπὶ
1492 1674 1701 1736 τούτοις
1724 1672 1783 1726 τὸ
1812 1673 1983 1743 ἀπρε-

400 1757 501 1820 πὲς
532 1758 623 1811 καὶ
650 1759 840 1829 ἄδηλον
871 1760 1122 1822 συνειδὼς
1143 1758 1320 1829 ἐαυτῷ
1342 1758 1440 1829 τῆς
1464 1760 1621 1829 νίκης
1648 1760 1677 1811 ό
1702 1756 1979 1826 Θεόφιλος,

401 1841 613 1909 πέμπει
646 1841 950 1911 γράμματα
986 1842 1120 1913 πρὸς
1154 1844 1280 1904 τοὺς
1321 1842 1587 1911 σύνεγγυς
1623 1841 1978 1907 ἐπισκόπους,

402 1925 498 1978 καὶ
529 1924 735 1977 κελεύει
767 1926 918 1987 τινὰς
942 1925 1051 1979 τῶν
1078 1925 1307 1998 πρώτων
1338 1927 1559 1997 ῥιφῆναι
1592 1925 1685 1978 τού
1708 1926 1865 1997 δρους
1888 1927 1982 1979 καὶ

402 2008 501 2079 τῆς
543 2007 819 2078 ἐνδοτέρας
853 2009 1081 2079 ἐρήμου,
1109 2011 1235 2073 τοὺς
1277 2010 1370 2062 ἐπὶ
1416 2010 1659 2078 κεφαλῆς
1690 2011 1976 2079 μοναχοὺς,

403 2090 503 2142 ούκ
541 2090 837 2158 ἐπαγαγὼν
877 2092 974 2162 τὴν
1002 2092 1198 2147 αἰτίαν.
1234 2094 1442 2156 Οίτινες
1485 2094 1709 2163 μοναχοί
1740 2094 1837 2145 σὺν
1869 2096 1980 2155 τοῖς

404 2174 793 2245 πρεσϐυτέροις
848 2175 1197 2239 κατελθόντες
1256 2179 1336 2239 εἰς
1395 2177 1495 2248 τὴν
1548 2176 1977 2247 Ἀλεξάνδρειαν,

406 2258 745 2326 παρεκάλουν
796 2258 885 2312 τὸν
919 2258 1174 2327 Θεόφιλον
1214 2260 1389 2311 εἰπεῖν
1427 2250 1525 2330 τὴν
1559 2259 1758 2325 αίτίαν,
1805 2260 1872 2312 δι“
1914 2261 1981 2327 ἦν

406 2340 871 2407 κατεδικάσθησαν
904 2342 1145 2413 ῥιφῆναι.
1198 2342 1255 2395 Ὀ
1291 2342 1348 2394 δὲ
1391 2342 1650 2412 ὑφαίμοις
1683 2340 1983 2411 ὀφθαλμοῖς

404 2423 769 2495 δρακοντώδες
803 2424 1136 2488 ἐνατενίσας,
1163 2424 1428 2495 ταυρηδὸν
1461 2424 1818 2483 ὑπεϐλέπετο.
1852 2422 1981 2474 ποτέ

410 2507 510 2579 μὲν
540 2505 803 2569 πελιδνὸς,
824 2507 951 2559 ποτέ
979 2506 1034 2560 δὲ
1055 2507 1251 2578 ώχρδς,
1281 2507 1411 2559 ποτὲ
1434 2507 1489 2560 δέ
1533 2508 1626 2559 καὶ
1662 2503 1981 2577 σαρκάζων,

407 2590 499 2642 ὑπ’
524 2589 759 2660 ἀκράτου
791 2590 957 2659 όργῆς
984 2592 1296 2662 φερόμενος·
1328 2591 1521 2643 ὲνειλεῖ
1546 2589 1623 2659 τῷ
1664 2587 1980 2659 Ἀμμωνίῳ,

406 2674 559 2743 ἀνδρὶ
612 2671 891 2743 ήλικιώτη,
938 2674 997 2726 τὸ
1036 2674 1347 2744 ώμοφόριον
1395 2674 1453 2725 ἐν
1494 2670 1572 2741 τῷ
1614 2670 1873 2741 τραχήλῳ
1905 2671 1986 2722 οἰ-

407 2756 580 2821 κείαις
618 2761 790 2832 χερσὶ,
818 2760 913 2813 καὶ
946 2758 1157 2828 πληγάς
1182 2760 1303 2819 ταῖς
1326 2755 1571 2822 σιαγόσιν
1606 2752 1771 2805 αὑτοῦ
1814 2754 1987 2823 ἐμφο-

410 2843 477 2911 pf.
490 2858 601 2906 σας,
640 2842 1098 2913 συνεσπασμένοις
1121 2839 1403 2900 δακτύλοις
1429 2838 1663 2906 αίμάξας
1690 2835 1788 2898 τάς
1812 2838 1983 2907 ῥῖνας,

408 2924 689 2995 ἐπινᾷοφῶν
725 2930 791 2997 τῇ
827 2928 998 2996 φωνῇ’
1036 2923 1307 2995 Αἰρετικὲ,
1338 2919 1737 2988 ἀναθεμάτισον
1778 2920 1983 2990 Ὦριγέ-

408 3021 525 3074 νην⁵
555 3009 776 3079 μηδενὸς
804 3008 1186 3078 προκειμένου,
1213 3005 1350 3074 πλὴν
1377 3006 1473 3074 τῆς
1498 3001 1775 3067 ἀξιώσεως
1802 3003 1987 3055 ἕνεκεν

421 3090 711 3163 Ἰσιδώρου.
739 3093 989 3145 Τοιοῦτον
1013 3091 1119 3161 γὰρ
1142 3091 1189 3141 οἰ
1216 3089 1399 3158 θυμοὶ,
1437 3088 1688 3159 καθάπερ
1717 3089 1764 3139 οἱ
1806 3086 1983 3151 κύνες,

408 3176 586 3245 τυφλά
634 3178 871 3231 τίκτουσι
921 3175 1015 3229 καὶ
1057 3174 1126 3227 τά
1174 3176 1478 3245 πράγματα
1518 3174 1611 3225 καὶ
1650 3172 1717 3225 τὰ
1745 3173 1982 3243 ῥήματα.

410 3260 598 3323 (ῖῦτως
637 3257 731 3314 οὖν
777 3258 1174 3330 αίματόφυρτοι
1214 3259 1308 3310 καὶ
1337 3256 1693 3327 ἀναπόκριτοι
1720 3257 1986 3325 ὑποστρέ-

408 3347 607 3412 ψαντες
649 3347 727 3406 εἰς
754 3343 853 3407 τὰς
883 3344 1049 3413 μονὰς
1089 3341 1289 3403 αὑτῶν,
1331 3339 1539 3410 εἴχοντο
1570 3341 1667 3410 τῆς
1694 3339 1986 3411 προκειμέ-

410 3444 507 3494 νης
533 3427 837 3498 ἀσκήσεως,
868 3428 933 3495 τῇ
968 3425 1202 3496 μαθήσει
1221 3434 1243 3462 π
1268 3425 1365 3494 τὴν
1393 3422 1552 3494 φύσιν
1580 3423 1888 3487 όξύναντες,
1914 3421 1980 3473 δι’

412 3505 487 3562 ὧν
509 3512 542 3579 ἡ
569 3511 809 3583 σωτηρία
833 3510 1209 3581 προσγίνεται,
1245 3508 1463 3561 ἔλαττον
1485 3506 1867 3579 φροντίσαντες
1891 3505 1989 3574 τῆς

412 3595 599 3647 τούτου
653 3596 849 3665 μανίας
912 3594 988 3667 τῷ
1041 3593 1207 3665 μηδὲν
1255 3594 1477 3654 ἑαυτοὺς
1532 3589 1827 3643 συνειδέναι
1886 3606 1989 3641 κα-

414 3677 527 3730 κόν.

486 3760 644 3813 ΚΕΦ.
687 3761 758 3812 Ζ’.
798 3791 866 3801 —
897 3760 1041 3829 Πρὸς
1064 3758 1275 3822 τούτοις
1295 3758 1394 3811 οὑκ
1423 3757 1709 3828 ἠρεμήσας
1735 3758 1764 3808 6
1797 3755 1991 3824 Θεόφι-

415 3845 523 3906 λος,
566 3842 885 3896 ἀποστέλλει
916 3843 1052 3913 πρὸς
1081 3844 1207 3906 τοὺς
1236 3845 1299 3894 ἐκ
1338 3841 1593 3909 γειτόνων
1638 3839 1993 3905 ἐπισκόπους,

416 3929 510 3981 καὶ
554 3929 843 3997 συγκροτεῖ
887 3926 1028 3979 κατά
1078 3926 1184 3979 τῶν
1233 3924 1480 3995 μοναχῶν
1528 3924 1829 3994 συνέδριον·
1871 3922 1994 3976 οὔτε

416 4010 476 4062 δέ
516 4010 751 4072 καλέσας
799 4009 997 4073 αὑτοὺς
1047 4010 1127 4071 είς
1188 4008 1510 4076 ἀπολογίαν,
1553 4007 1678 4060 οὔτε
1736 4006 1999 4077 μεταδοὺς

417 4095 598 4163 λόγου,
646 4091 1011 4163 ἀποκηρύττει
1052 4094 1199 4163 τρεῖς
1240 4091 1440 4162 ἀνδρας
1480 4092 1607 4152 τοὺς
1653 4091 1739 4142 ἐπ’
1781 4090 1996 4160 ἐξοχῆς,

419 4177 677 4249 φοϐηθεὶς
718 4175 925 4245 ἀθρόως
976 4174 1119 4229 κατὰ
1153 4173 1247 4227 τοῦ
1282 4172 1522 4245 πλήθους
1557 4173 1862 4242 ἐξενεγκεῖν
1899 4173 1998 4243 τὴν

419 4259 710 4331 τιμωρίαν,
747 4258 1226 4327 σχηματισάμενος
1251 4257 1537 4327 δογμάτων
1565 4254 1995 4327 παραφθοράνά·

420 4346 516 4397 καὶ
549 4342 640 4406 οὒς
684 4342 945 4405 πολλάκις
982 4342 1124 4413 ὑπὲρ
1159 4342 1473 4395 ἐπισκόπων
1516 4341 1775 4410 ἐτίμησεν
1813 4338 1889 4403 ὡς
1922 4340 2000 4392 δι-

420 4427 742 4487 δασκάλους,
810 4425 898 4478 διὰ
950 4426 1042 4479 τὸν
1074 4426 1209 4497 βίον,
1260 4425 1349 4479 διὰ
1402 4424 1494 4478 τὸν
1540 4423 1719 4491 λόγον,
1770 4422 1858 4474 διὰ
1911 4424 2000 4475 τὸν

421 4512 630 4585 χρόνον,
674 4508 895 4573 τούτους
938 4511 1037 4563 οὑκ
1080 4509 1279 4580 ᾐδέσθη
1326 4509 1531 4579 γόητας
1581 4506 1862 4577 ὀνομάζων
1914 4506 2002 4559 διά

420 4595 521 4663 τὴν
569 4593 705 4663 πρὸς
765 4593 1032 4661 Ἰσίδωρον
1091 4592 1299 4661 σχέσιν.
1354 4593 1465 4645 Καὶ
1507 4590 1643 4662 μετὰ
1690 4590 1749 4642 τὸ
1792 4592 1999 4659 ἀποκηο

426 4678 605 4747 ρῦξαι,
663 4676 722 4742 ἐξ
768 4674 931 4730 αὑτοῦ
986 4676 1081 4728 τοῦ
1145 4676 1306 4746 ὅρους
1366 4675 1577 4744 ἀλείφει
1645 4675 2003 4748 ἀνθρωπάρια

424 4762 610 4825 πέντε,
649 4758 684 4813 ἃ
727 4759 992 4831 μηδέποτε
1033 4762 1090 4811 ἐν
1124 4757 1367 4827 συλλόγῳ
1395 4759 1503 4811 τῶν
1537 4760 1635 4830 τῆς
1678 4761 1887 4830 ἐρήμου
1911 4774 2004 4826 γε-

428 4846 631 4914 ρόντων
655 4845 910 4915 ἔστησαν,
938 4840 1081 4895 ὀκνῶ
1100 4839 1302 4907 λέγειν,
1329 4838 1523 4905 ἀνάξια
1553 4842 1648 4894 καὶ
1666 4842 1971 4912 θυρωρείου
1989 4857 2002 4870 ·

426 4932 521 4983 καί
554 4929 645 4981 τὸν
679 4928 778 4999 μὲν
809 4926 1107 4999 χειροτονεῖ
1134 4924 1453 4986 ἐπίσκοπον,
1487 4923 1866 4989 ἐγκατατάξας
1896 4941 2007 4977 κω-

430 5011 662 5081 μυδρίῳ,
705 5010 860 5063 πόλιν
904 5009 1005 5063 οὑκ
1049 5008 1188 5077 ἔχων
1234 5005 1434 5076 (ἀδεῶς
1475 5004 1583 5076 γὰρ
1627 5006 1721 5058 καὶ
1755 5007 1855 5068 τάς
1888 5024 2010 5059 και-

427 5095 687 5164 νοτομίας
742 5094 1047 5165 εἰργάζετο,
1099 5092 1255 5145 ἄλλον
1304 5088 1495 5141 ἐαυτὸν
1554 5088 1759 5142 Μωσέα
1811 5090 2011 5159 ὀνομά-

430 5176 562 5245 ζων)
583 5194 597 5207 ·
636 5178 726 5229 τὸν
768 5177 825 5229 δὲ
863 5176 1259 5247 πρεσϐύτερον’
1292 5173 1416 5234 τοὺς
1449 5171 1504 5223 δὲ
1528 5173 1676 5241 τρεῖς
1706 5170 2008 5238 διακόνους,

429 5259 531 5311 οὑκ
576 5260 735 5323 ὄντας
782 5259 890 5312 τῶν
927 5257 1259 5326 Αἰγυπτίων,
1304 5254 1439 5308 ἀλλά
1484 5253 1757 5327 διαφόρων
1806 5256 2009 5311 τόπων.

446 5344 505 5394 '0
538 5344 636 5412 μέν
663 5346 771 5415 γὰρ
798 5340 866 5415 ἦν
891 5342 1077 5407 Λίϐυς,
1106 5344 1135 5394 6
1162 5340 1218 5392 δὲ
1260 5338 1661 5408 ’Δλεξανδρεὺς,
1689 5340 1716 5392 6
1744 5338 1801 5391 δὲ
1832 5340 2013 5411 Φαρα-

434 5425 603 5496 νίτης,
658 5430 687 5479 ὁ
735 5428 791 5482 δὲ
838 5426 1221 5497 Παραλεώτης.
1276 5424 1367 5477 Διὸ
1415 5425 1508 5477 καὶ
1562 5424 1877 5493 ὑπήκουσαν
1913 5426 2012 5478 αὑ-

432 5508 526 5562 τοῦ
579 5514 645 5580 τῇ
703 5512 1085 5583 ματαιοπονίᾳ,
1146 5511 1208 5563 τὸ
1263 5508 1580 5563 ἀνέλπιστον
1636 5508 1850 5579 ἔχοντες
1906 5509 2013 5563 τῶν

433 5593 534 5662 τῆς
589 5594 845 5660 πατρίδος
914 5594 1203 5667 ἐνεχύρων.
1264 5592 1375 5648 Καὶ
1460 5592 1864 5663 παρασκευάζει
1916 5594 2016 5645 αὖ»

438 5680 565 5742 τοὺς
609 5675 791 5729 δοῦναι
840 5679 1115 5741 λιϐἑλλους
1176 5678 1316 5735 κατὰ
1377 5677 1485 5731 τῶν
1544 5677 1708 5748 τριῶν
1768 5678 2015 5741 ἐκείνων,

438 5759 599 5823 αὑτὸς
635 5758 842 5828 ὑφάνας
885 5764 1011 5825 τους
1048 5763 1239 5833 λόγους
1288 5766 1385 5833 τῆς
1432 5762 1813 5831 συκοφαντίας.
1864 5760 2019 5815 τοῦτο

502 5940 526 5968 ⁸·
552 5937 730 5999 Georg.
756 5936 1005 5999 δρομπίως.

504 6012 531 6039 η
557 6000 735 6061 Georg.
761 5998 963 6056 ἠσκήθη.
1002 5998 1162 6047 Malim
1186 6004 1402 6058 ὴσνίμει.

502 6064 527 6123 9
554 6063 701 6113 Addit
727 6062 905 6123 Georg.
930 6064 1023 6109 τῶν
1050 6063 1261 6123 1’ρ7;ιῖιἰ.

499 6121 531 6167 ο
552 6126 663 6176 Cod.
688 6121 979 6188 παραφᾶράν.

2084 680 2243 750 μόνον
2272 678 2823 746 συνεισενεγκάντων,
2849 677 2910 730 τὸ
2940 674 3277 745 ὑπογράψαι.
3302 672 3458 727 Μετὰ
3482 672 3661 743 τούτο,

2080 763 2259 817 λαϐὼν
2274 764 2401 825 τοὺς
2416 761 2688 827 λιϐέλλους
2710 765 2839 834 παρ’
2870 760 3050 817 αὑτῶν
3078 760 3170 812 ἐπὶ
3191 761 3290 830 τῆς
3312 758 3661 829 Ἐκκλησίας,

2078 847 2388 919 εἰσέρχεται
2436 844 2574 915 πρὸς
2625 847 2716 900 τὸν
2741 843 3162 914 Ᾱὺγουστάλιον,
3213 844 3306 896 καί
3343 842 3661 896 ἀποτίθεται

2078 933 2198 985 κατ’
2230 928 2415 984 αὐτῶν
2467 929 2718 998 ἐντυχίαν
2753 932 2815 983 ἐκ
2850 926 3148 999 προσώπου
3178 926 3379 979 οἰκείου
3408 927 3438 978 6
3471 927 3663 998 ἀρχιε-

2081 1014 2209 1086 ρεὺς
2256 1015 2357 1084 τῆς
2395 1012 2777 1081 Αἰγυπτιακῆς
2823 1011 3162 1081 διοικήσεως,
3197 1009 3513 1078 συμπλέξας
3566 1011 3662 1063 καὶ

2078 1098 2206 1161 τοὺς
2238 1098 2337 1168 τῆς
2368 1095 2735 1164 συκοφαντίας
2763 1092 3055 1155 λιϐέλλους,
3090 1095 3185 1146 καί¹
3214 1092 3357 1157 ἀξιοῖ
3393 1108 3659 1162 στρατιω-

2078 1183 2205 1251 τικῇ
2246 1178 2470 1251 βοηθείᾳ
2506 1177 2730 1249 ῥιφῆναι
2759 1177 2884 1240 τοὺς
2913 1175 3111 1247 ἄνδρας
3146 1176 3254 1229 ἀπὸ
3284 1176 3467 1245 πάσης
3496 1177 3634 1241 Αίγυ

2080 1280 2233 1316 πτου.
2272 1260 2469 1316 Λαϐὼν
2512 1261 2568 1314 δὲ
2607 1269 2848 1333 σχήματι
2883 1257 2974 1311 τὸν
3011 1259 3370 1328 στρατιώτην,
3422 1256 3538 1327 ἅμα
3588 1255 3665 1325 τῷ

2082 1346 2488 1418 προστάγματι,
2526 1343 2862 1415 συναθροίζει
2891 1341 3095 1414 πλῆθος
3134 1341 3472 1412 πλημμελῶν
3510 1340 3668 1392 56x6-

2079 1429 2184 1482 λων
2216 1432 2343 1501 περί
2371 1429 2468 1493 τὰς
2490 1428 2666 1493 ἀξίας,
2695 1428 2788 1481 καὶ
2814 1427 3107 1497 ἐπισκιρτᾷ
3133 1428 3247 1489 τοῖς
3278 1423 3664 1496 μοναστηρίοις

2081 1511 2253 1581 ἀθρόα
2276 1514 2433 1564 νυκτὶ
2453 1523 2497 1572 ο,
2516 1510 2913 1579 οἰνοφλυγήσας
2935 1510 3061 1571 τοὺς
3085 1510 3279 1572 παῖδας
3305 1511 3430 1573 τοὺς
3452 1512 3547 1563 σὺν
3568 1508 3667 1561 αὑ-

2080 1594 2188 1663 τῷ·
2221 1593 2317 1646 καὶ
2361 1593 2578 1663 πρῶτον
2613 1594 2711 1661 μὲν
2741 1593 2832 1645 τὸν
2860 1593 3065 1644 τούτων
3094 1593 3318 1661 ἀδελφὸν
3350 1594 3662 1662 Διόσκορον,

2083 1676 2237 1744 ἂγιον
2268 1674 2565 1729 ἐπίσκοπον
2598 1675 2728 1727 ὅντα
2758 1674 2851 1728 τοῦ
2899 1674 3079 1745 ὅρους.
3109 1674 3321 1727 κελεύει
3348 1674 3441 1727 τοῦ
3474 1675 3666 1745 θρόνου

2086 1758 2333 1830 ῥιφῆναι,
2378 1757 2608 1829 συρέντα
2643 1758 2712 1812 δι’
2750 1758 2978 1811 οἰκετῶν
3013 1757 3308 1821 Αἰθιόπων,
3356 1757 3452 1809 καὶ
3489 1756 3669 1810 αὑτῶν

2082 1842 2226 1914 τάχα
2254 1840 2439 1912 ἀκμὴν
2466 1842 2806 1910 ἀφωτίστων·
2832 1840 3012 1895 λαϐὼν
3033 1840 3199 1894 αὑτοῦ
3225 1842 3325 1912 τὴν
3353 1842 3665 1912 παροικίαν,

2082 1927 2149 1998 ἣν
2175 1928 2284 1980 ἀπὸ
2307 1926 2409 1996 τῆς
2437 1925 2740 1995 παρουσίας
2766 1925 3002 1993 Χριστοῦ
3026 1921 3170 1995 εἶχεν
3197 1928 3230 1994 ἡ
3256 1924 3349 1978 τοῦ
3373 1927 3666 1995 Διοσκόρου

2083 2012 2258 2074 πόλις.
2294 2009 2451 2065 Μετά
2477 2007 2637 2062 τοῦτο
2661 2008 3050 2078 λαφυραγωγεῖ
3080 2009 3143 2060 τὸ
3165 2009 3312 2078 δρος.
3344 2009 3534 2077 μισθὸν
3554 2013 3667 2071 τοῖς

2086 2096 2370 2165 νεωτέροις
2396 2092 2464 2147 τά
2506 2092 2680 2163 μικρά
2708 2093 3013 2163 πράγματα
3046 2091 3153 2143 τῶν
3188 2092 3437 2161 μοναχῶν
3468 2092 3669 2155 διδούς.

2086 2178 2396 2241 Σκυλεύσας
2432 2178 2489 2229 δὲ
2521 2175 2620 2239 τὰς
2653 2175 2867 2239 κέλλας,
2909 2174 3160 2246 ἐπιζητεῖ
3184 2176 3312 2239 τοὺς
3344 2178 3494 2247 τρεῖς
3529 2177 3672 2230 ἐκεί-

2086 2280 2231 2326 νους,
2262 2261 2359 2324 οὓς
2401 2259 2798 2330 κεχαλάκεισαν
2838 2262 2896 2312 ἐν
2922 2260 3140 2329 φρέατι,
3170 2257 3366 2328 ψίαθον
3388 2258 3669 2325 ἐπιθέντες

2085 2344 2163 2413 τῷ
2195 2344 2432 2413 στομίῳ·
2468 2344 2543 2413 μὴ
2578 2341 2754 2410 εὑρὼν
2781 2342 2837 2393 δὲ
2869 2343 3085 2406 αὑτοὺς,
3118 2342 3460 2413 ἐμπίπρησιν
3489 2343 3669 2397 αὑτῶν

2088 2425 2386 2495 φρυγάνοις
2407 2425 2507 2488 τὰς
2533 2424 2751 2489 κέλ).ας,
2786 2424 3096 2488 συγκαύσας
3123 2424 3220 2486 τὰς
3252 2424 3465 2493 βίϐλους
3492 2426 3670 2488 πάσας

2089 2510 2426 2573 ἐνδιαθέτους
2467 2508 2558 2561 καὶ
2603 2508 2917 2571 σπουδαίας,
2965 2509 3057 2560 καί
3087 2506 3298 2560 παιδίον
3325 2507 3403 2571 ἐν,
3431 2507 3507 2571 ὼς
3536 2507 3672 2576 ἐφα-

2091 2610 2188 2646 σαν
2214 2595 2264 2645 οἰ
2306 2592 2633 2663 ἑωρακότες,
2677 2591 2874 2644 καίτά
2922 2590 3166 2661 σύμϐολα
3195 2590 3305 2643 τῶν
3340 2592 3672 2662 μυστηρίων.

2089 2676 2275 2740 Οὕτως
2294 2672 2388 2730 οὖν
2412 2676 2671 2746 λωφήσας
2698 2675 2801 2745 τῆς
2821 2674 3020 2743 ἀλόγου
3049 2674 3241 2745 ὀργῆς,
3266 2674 3675 2746 καταλαμϐάνει

2090 2760 2252 2815 πάλιν
2292 2760 2391 2831 τὴν
2440 2758 2870 2830 Ἀλεξάνδρειαν,
2916 2758 3041 2821 δοὺς
3093 2757 3277 2828 χώραν
3333 2760 3511 2827 φυγῆς
3559 2760 3673 2822 τοῖς

2091 2845 2265 2913 άγίοις
2302 2842 2563 2905 ἐκείνοις’
2597 2842 2794 2905 οἵτινες
2823 2840 3056 2911 ἐξαυτῆς
3080 2840 3337 2903 λαϐόντες
3370 2842 3552 2893 αὑτῶν
3575 2840 3676 2904 τάς

2092 2928 2370 2998 μηλωτάς,
2416 2925 2731 2996 ἐξέρχονται
2778 2926 2858 2986 εἰς
2903 2924 2999 2993 τὴν
3054 2923 3441 2994 Παλαιστίνην,
3487 2923 3676 2976 Αἰλίαν

2090 3009 2509 3071 καταλαϐόντες.
2544 3004 2639 3070 Οἷς
2673 3006 2996 3076 συνεξῆλθον
3028 3006 3127 3058 σὺν
3161 3005 3556 3078 πρεσϐυτέροις
3586 3006 3682 3061 καὶ

2089 3096 2358 3157 διακόνοις
2396 3092 2491 3146 τοῦ
2542 3092 2705 3162 ὅρους
2739 3090 3041 3162 τριακόσιοι
3086 3088 3195 3143 τῶν
3239 3090 3489 3160 μοναχῶν
3520 3106 3682 3143 σπου-

2086 3180 2274 3244 δαίων,
2320 3179 2371 3230 οἰ
2414 3176 2461 3230 δ’
2506 3176 2685 3247 ἐτεροι
2720 3174 2999 3245 διαφόροις
3042 3172 3418 3243 διεσπάρησαν
3471 3174 3677 3238 τόποις.

2088 3263 2308 3316 Τούτων
2334 3259 2409 3332 μὴ
2435 3258 2619 3330 φέρων
2649 3256 2748 3328 τὴν
2779 3258 3123 3327 ἰδιοπραγίαν
3145 3259 3173 3310 ό
3203 3257 3416 3319 σκολιὸς
3441 3258 3533 3311 τὸν
3559 3259 3682 3330 δρό⁴

2094 3365 2192 3417 μον
2213 3346 2360 3414 δφις,
2380 3343 2624 3397 ἀνασείει
2645 3341 2812 3395 πάλιν
2832 3343 2952 3394 κατ’
2979 3340 3160 3394 αὑτῶν
3186 3340 3277 3393 τὸν
3303 3340 3561 3409 Θεόφιλον
3583 3360 3595 3372 ·
3620 3342 3680 3407 ὃς

2092 3426 2456 3497 ἀναϐρασθείς
2502 3425 2606 3478 ὑπὸ
2650 3425 2749 3494 τῆς
2798 3424 3003 3496 όργῆς,
3046 3425 3312 3495 χαράσσει
3376 3424 3683 3496 γράμματα

2092 3510 2230 3581 πρὸς
2258 3511 2386 3572 τοὺς
2414 3510 2513 3581 τῆς
2543 3508 2910 3579 Παλαιστίνης
2942 3507 3302 3571 ἐπισκόπους,
3340 3507 3533 3574 λέγων·
3568 3508 3682 3561 υύκ

2093 3594 2199 3647 ἔδει
2227 3594 2325 3665 μὲν
2353 3594 2498 3663 ὑμᾶς
2516 3593 2666 3663 παρὰ
2682 3592 2909 3662 γνώμην
2936 3609 3038 3661 μου
3066 3594 3122 3645 ἐν
3148 3594 3267 3655 ταῖς
3300 3591 3522 3644 πόλεσιν
3551 3593 3684 3645 ὑπο-

2092 3678 2348 3744 δέξασθαι
2376 3678 2629 3741 τούτους’
2664 3676 2850 3747 ἐπειδὴ
2897 3676 2953 3728 δὲ
2986 3677 3314 3747 ἡγνοήσατε,
3351 3675 3684 3745 συγγνώμην

2096 3763 2225 3831 ὑμῖν
2257 3761 2426 3832 νέμω.
2463 3759 2569 3813 Τοῦ
2611 3759 2800 3812 λοιποῦ
2832 3759 3011 3811 τοίνυν
3052 3759 3397 3829 φροντίσατε,
3438 3759 3573 3829 μήτε
3605 3758 3685 3821 είς

2098 3846 2571 3917 ἐκκλησιαστικὸν,
2625 3846 2762 3914 μήτε
2811 3846 2890 3907 είς
2919 3842 3189 3896 ἰδιωτικὸν
3232 3843 3455 3905 τούτους
3494 3841 3683 3895 ὑποδέ-

2101 3928 2295 3996 ξασθαι
2338 3929 2530 3982 τόποψ
2566 3928 2626 3981 οὑ
2662 3928 2824 3999 μόνον
2868 3926 3063 3995 λέγων,
3102 3926 3237 3979 ἀλλὰ
3284 3924 3689 3995 φανταζόμενος

2100 4009 2238 4066 εἶναι
2272 4012 2412 4075 θεὸς,
2456 4014 2523 4082 τῇ
2554 4010 2827 4081 ὑπερϐολῇ
2857 4009 2958 4078 τῆς
2991 4010 3240 4079 οἰήσεως.
3282 4009 3345 4063 Ol
3372 4008 3430 4061 δέ
3454 4008 3560 4062 ὑπὸ
3586 4009 3687 4079 τῆς

2105 4096 2305 4166 πολλῆς
2342 4096 2587 4166 ἀνάγκης
2628 4094 2915 4165 φερόμενοι
2954 4092 3042 4145 διὰ
3082 4092 3143 4144 τὸ
3180 4092 3378 4155 τόπους
3412 4094 3477 4146 ἐκ
3508 4093 3691 4147 τόπων

2103 4181 2371 4253 ἀμείϐειν,
2403 4178 2885 4250 καταλαμϐάνουσι
2928 4177 2991 4230 τὸ
3031 4176 3427 4247 στρατόπεδον,
3451 4175 3579 4230 ἔνθα
3616 4179 3696 4229 ἐν·

2102 4266 2383 4338 εθρόνιστο
2409 4268 2437 4319 ὁ
2470 4265 2766 4327 ἐπίσκοπος
2792 4263 3045 4331 Ἰωάννης
3078 4261 3184 4314 ὑπὸ
3203 4260 3304 4331 τῆς
3332 4260 3485 4325 θείας
3512 4260 3695 4331 χειρὸς

2102 4352 2181 4413 είς
2208 4350 2527 4420 ἐπιμέλειαν
2547 4349 2657 4402 τῶν
2686 4349 3146 4403 δυναστευόντων·
3167 4349 3260 4400 καὶ
3289 4346 3694 4418 προσπεσόντες

2102 4431 2268 4485 αὑτοῦ
2300 4434 2413 4495 τοῖς
2451 4431 2695 4500 γόνασιν,
2739 4430 2947 4484 ἐδέοντο
2985 4430 3247 4499 βοηθῆσαι
3289 4430 3490 4499 ψυχαῖς
3528 4444 3694 4481 συκο-

2104 4516 2503 4587 φαντουμέναις
2529 4515 2621 4568 καὶ
2642 4514 3103 4587 λεηλατουμέναις
3124 4513 3229 4565 ὑπὸ
3253 4512 3357 4567 τῶν
3385 4512 3544 4567 τοῦτο
3566 4513 3698 4584 μάλα

2103 4599 2193 4652 λον
2223 4599 2256 4671 ἢ
2286 4595 2347 4652 εὖ
2395 4601 2570 4652 ποιεῖν
2617 4598 2963 4670 εἰθισμένων.
3004 4598 3175 4667 Ἐστη
3218 4599 3246 4650 6
3288 4597 3563 4667 Ἰωάννης,
3604 4597 3701 4651 καὶ

2106 4681 2213 4738 εἶδε
2240 4685 2582 4755 πεντήκοντα
2609 4684 2853 4754 λογάδων
2881 4683 3090 4753 ἀνδρῶν
3113 4682 3304 4735 πολιὰν
3326 4682 3507 4745 πόνοις
3534 4680 3699 4752 ίεροῖς

2111 4768 2374 4840 βαφεῖσαν
2406 4769 2792 4840 ἠμφιεσμένην
2814 4766 2858 4833 ί,
2894 4767 2987 4819 καὶ
3014 4766 3333 4837 δριμυχθείς
3350 4762 3701 4833 φιλαδελφίας

2112 4854 2296 4919 πάθει,
2333 4854 2476 4907 κατὰ
2518 4855 2609 4907 τὸν
2650 4852 2870 4923 Ἰωσὴφ,
2919 4851 3150 4922 δάκρυσι
3204 4848 3522 4917 συνεσχέθη,
3566 4863 3701 4898 πυν-

2112 4937 2405 5007 θανόμενος
2446 4936 2577 5007 παρ’
2620 4935 2822 4999 αὑτῶν,
2867 4936 3017 4996 ποῖος
3059 4928 3122 4994 ὗς
3170 4933 3235 4984 ἐκ
3260 4928 3467 5001 δρυμοῦ
3519 4929 3553 4999 ἢ
3604 4946 3701 4999 μο-

2112 5022 2223 5084 νιδς
2266 5021 2455 5091 ἄγριος
2492 5022 2556 5089 τῇ
2596 5018 2933 5089 πολυκάρπῳ
2981 5017 3155 5089 ταύτῃ
3198 5015 3435 5087 ἀμπέλῳ
3464 5014 3702 5082 ἐϐάσκη-

2113 5123 2219 5160 νεν.
2263 5106 2326 5158 υί
2369 5104 2425 5158 δέ
2459 5119 2649 5173 φασιν·
2686 5102 2933 5161 Καθίσας
2952 5104 2998 5168 ⁸,
3030 5102 3233 5169 Πάτερ,
3273 5098 3515 5170 μότωσον
3559 5098 3705 5167 ήμᾶς

2113 5192 2211 5260 οὐχ
2236 5190 2310 5252 ὡς
2333 5187 2490 5257 ἔτυχε
2510 5186 2820 5257 τρωθέντας
2841 5189 2904 5256 τῇ
2926 5184 3187 5254 Θεοφίλου
3205 5182 3297 5236 τοῦ
3328 5182 3486 5235 πάπα
3507 5180 3701 5250 μανία,

2115 5277 2164 5327 εἰ
2191 5274 2299 5344 ἄρα
2320 5270 2606 5340 δυνηθείης
2625 5268 2961 5322 συνουλῶσαι
2984 5269 3017 5338 ή
3026 5267 3140 5337 μῶν
3158 5269 3224 5318 τὰ
3240 5264 3350 5317 τῶν
3371 5264 3705 5336 τραυμάτων

2116 5356 2414 5426 οἰδήματασ
2461 5352 2557 5406 ἐὰν
2595 5351 2705 5423 γάρ
2747 5353 2843 5406 καὶ
2880 5351 3041 5412 αὑτὸς
3076 5350 3225 5420 ἡμᾶς
3274 5345 3638 5418 παραλογίσῃ.
3669 5345 3703 5413 ἦ

2116 5438 2383 5501 αἰδεσθεὶς
2405 5436 2440 5508 ἢ
2469 5436 2729 5507 φοϐηθεὶς
2748 5436 2840 5489 τὸν
2869 5434 3128 5503 Θεόφιλον
3170 5431 3309 5485 κατά
3332 5430 3457 5491 τοὺς
3487 5428 3709 5491 λοιποὺς

2119 5522 2479 5584 ἐπισκόπους·
2536 5520 2692 5573 οὑδέν
2745 5520 2932 5572 λοιπὸν
2984 5518 3113 5588 παρ’
3164 5514 3323 5586 ἡμῶν
3373 5512 3706 5582 ὑστερεῖται,

2120 5609 2196 5679 τῷ
2230 5606 2437 5678 βασιλεῖ
2474 5604 2894 5676 προσελθόντας,
2932 5599 3241 5665 ἀναδιδάξαι
3284 5598 3383 5661 τὰς
3412 5596 3575 5650 αὑτοῦ
3612 5614 3708 5647 κα-

2122 5690 2427 5763 κοπραγίας
2457 5690 2550 5742 ἐπὶ
2574 5688 2728 5758 ὑϐρει
2754 5688 2852 5755 τῆς
2889 5684 3232 5752 Ἐκκλησίας.
3262 5683 3325 5735 Εἰ
3353 5682 3533 5733 τοίνυν
3556 5694 3714 5750 φρον-

2122 5779 2291 5842 τίζεις
2316 5774 2412 5843 τῆς
2436 5770 2894 5842 ἐκκλησιαστικῆς
2916 5766 3259 5838 ὑπολήψεως,
3289 5766 3579 5825 ἐπινεύσας
3601 5763 3714 5814 πεῖ-

2127 5880 2217 5916 σον
2246 5858 2407 5913 αὑτὸν
2436 5856 2789 5926 συγχωρῆσαι
2822 5856 2951 5925 ἡμῖν
2978 5853 3075 5923 τὴν
3098 5855 3312 5922 οἴκησιν
3340 5848 3437 5919 τὴν
3466 5849 3522 5901 ἐν
3549 5844 3720 5917 Αίγύ-

2190 5999 2209 6019 ⁸
2229 5999 2409 6057 Georg.
2440 5994 2619 6057 ἁθρόους
2645 5996 2690 6041 ἐν
2710 5989 2859 6039 νυκτί.

2197 6057 2214 6096 ί
2244 6052 2422 6118 Θεοῖς.
2447 6052 2685 6111 στόλήνπ.
2712 6059 2743 6103 ί.
2768 6054 2965 6117 βαφέῖσα
3022 6052 3377 6113 ἐξηρτυμένους,

2196 6123 2219 6161 ⁸
2249 6122 2424 6183 Georg.
2456 6119 2705 6179 βοηθήσας,
