4494 6680
784 605 858 658 απ

785 746 933 801 σίτῳ,
963 720 1131 799 μηδὲν
1152 720 1485 783 ἐπταικότας
1510 718 1647 790 μήτε
1672 718 1749 778 εἰς
1770 718 1861 769 τὸν
1886 715 2049 786 νόμον
2071 712 2165 767 τοῦ
2192 711 2378 780 Σωτῆ-

792 795 908 888 ρος,
944 795 1079 882 μήτε
1106 811 1186 870 είς
1222 805 1382 859 αὑτὸν
1417 805 1642 856 ἐκεῖνον.
1692 800 1815 852 Ἐπὶ
1850 799 2061 861 τούτοις
2094 795 2319 866 νομίσας
2351 796 2379 845 ὁ

804 879 1058 966 Ἰωάννης
1087 895 1210 964 εὑχε
1221 892 1328 963 ρῶς
1358 887 1710 960 μεταϐάλλειν
1734 886 1832 955 τὴν
1847 884 2108 954 Θεοφίλου
2128 879 2263 953 πρὸς
2287 879 2385 931 αὑ-

789 984 916 1044 τοὺς
939 976 1329 1051 μνησικακίαν,
1348 974 1522 1044 ἡδέως
1539 971 1758 1040 ἥρπασε
1774 968 1836 1021 16
1856 971 2089 1040 πρᾶγμα
2108 984 2121 995 ·
2142 979 2385 1034 παρακαο

792 1048 952 1127 λέσας
980 1048 1041 1116 δέ
1063 1062 1188 1123 τοὺς
1210 1058 1410 1125 ἄνδρας
1434 1052 1664 1123 φιλοθέῳ
1696 1055 1821 1123 σιγῇ
1853 1052 1989 1125 πρὸς
2023 1050 2230 1110 πάντας
2253 1048 2386 1115 ἠσυ-

794 1150 961 1220 χάσαι
985 1146 1083 1217 τὴν
1117 1143 1293 1196 αἰτίαν
1324 1140 1422 1209 τῆς
1462 1136 1787 1207 παρουσίας,
1819 1136 2015 1206 μέχρις
2047 1127 2106 1186 οῦ
2135 1127 2388 1183 ἀποστείο

794 1214 873 1286 λω
899 1214 1152 1303 πρὸς-τὸν
1185 1224 1414 1292 ἀδελφὸν
1432 1222 1695 1291 Θεόφιλον
1718 1237 1728 1247 ·
1762 1222 1856 1274 καὶ
1878 1220 2001 1283 δούς
2024 1218 2207 1277 αὑτοῖς
2235 1214 2292 1266 ἐν
2320 1217 2387 1283 τῇ

809 1297 1140 1382 Ἀναστασίᾳ
1159 1309 1326 1362 καλου
1337 1307 1475 1379 μένῃ
1495 1304 1761 1373 ἐκκλησίᾳ
1783 1304 1952 1373 μονὰς
1977 1301 2112 1373 πρὸς
2136 1298 2230 1366 τὴν
2258 1297 2391 1349 ἀνά-

796 1414 1020 1460 παυσιν,
1047 1394 1213 1455 αὑτὸς
1236 1392 1334 1464 μὲν
1362 1390 1461 1443 οὑκ
1484 1386 1775 1456 ἐπεκούρει
1801 1386 1868 1438 τὰ
1892 1384 2027 1454 πρὸς
2046 1384 2144 1453 τὴν
2172 1378 2387 1451 χρείαν,

795 1485 1054 1551 γυναῖκες
1095 1480 1153 1533 δέ
1192 1474 1430 1545 φιλόθεοι
1483 1473 1759 1543 ἐπήρκουν
1800 1469 1985 1531 αὐτοῖς
2024 1467 2123 1537 τὴν
2162 1465 2389 1526 δίαιταν,

798 1572 893 1624 καὶ
925 1566 1104 1622 αὑτῶν
1136 1558 1598 1629 συνεισφερόντων
1628 1557 1693 1608 ἐκ
1727 1553 1926 1625 μέρους
1957 1553 2023 1622 τῇ
2052 1550 2158 1603 τῶν
2192 1548 2393 1619 χειρῶν

797 1650 1054 1723 ἐργασίᾳ.
1098 1645 1306 1714 Συνέϐη
1342 1639 1437 1696 οῦν
1491 1641 1611 1695 κατ’
1643 1639 1819 1691 ἐκεῖνο
1854 1634 2048 1705 καιροῦ
2098 1633 2399 1703 κληρικοὺς

800 1734 940 1791 εἰναι
986 1730 1083 1786 τοῦ
1128 1727 1390 1797 Θεοφίλου
1432 1729 1490 1779 ἐν
1519 1727 1585 1794 τῇ
1626 1716 2226 1780 Κωνσταντινουπόλει,
2260 1731 2401 1785 προ-

802 1818 1182 1892 ἀγοράζοντας
1204 1813 1312 1867 τῶν
1339 1806 1833 1892 χειροτονουμένων
1850 1802 2127 1874 ἀρχόντων
2145 1800 2243 1863 τάς
2267 1816 2403 1870 προ-

805 1883 1032 1973 αγωγὰς
1045 1904 1104 1955 ἐν
1122 1901 1188 1970 τῇ
1203 1895 1551 1963 Αίγυπτιακῇ
1581 1890 1868 1973 διοικήσει,
1898 1888 1997 1951 τὰς
2014 1888 2093 1949 εἰς
2118 1885 2278 1938 αὑτὸν
2310 1883 2401 1935 εὑ-

804 1991 955 2051 νοίας
980 1979 1438 2055 περιποιούμενος
1459 1974 1545 2029 ἐπ’
1570 1972 1781 2043 ὀλέθρῳ
1806 1971 1915 2024 τῶν
1946 1968 2092 2037 αὑτῷ
2113 1980 2138 2007 ι
2170 1965 2400 2018 λυπούν-

802 2090 933 2126 των.
968 2064 1499 2139 Προσκαλεσάμενος
1532 2052 1625 2110 οὖν
1656 2057 1852 2117 αὑτοὺς
1877 2056 1905 2106 6
1948 2052 2197 2118 Ἰωάννης
2231 2050 2398 2100 ἐπυν-

804 2129 1097 2215 θάνετο,ἐί
1134 2129 1458 2203 ἐπίστανται
1487 2142 1614 2203 τοὺς
1651 2139 1921 2209 παρόντας
1953 2132 2219 2204 ἀσκητάς.
2257 2131 2319 2183 Οί
2346 2129 2403 2182 δέ

807 2213 1120 2307 φιλαλήθως
1143 2228 1537 2301 ἐμαρτύρησαν
1562 2222 1812 2293 ἀνδράσι,
1833 2218 2085 2307 λέγοντες
2107 2215 2185 2285 τῷ
2223 2213 2405 2307 Ἰωάν-

808 2295 896 2392 νῃ,
912 2295 1118 2373 ὄπ’Καί
1141 2295 1298 2384 ῖσμεν
1312 2295 1533 2374 αὑτοὺς,
1553 2307 1647 2392 καὶ
1662 2304 1907 2376 μεγάλην
1922 2301 2238 2370 ὑπέστησαν
2259 2295 2402 2367 βίαν·

806 2384 903 2458 κάὶ
939 2404 989 2455 εἰ
1021 2397 1223 2471 βούλει,
1249 2395 1512 2457 δέσποτα,
1541 2391 1640 2460 τῆς
1671 2389 1770 2460 μὲν
1801 2384 2179 2456 πνευματικῆς
2210 2398 2406 2435 κοινω⁶

809 2489 931 2551 νίας
961 2466 1145 2547 αὑτοῖς
1175 2483 1252 2554 μὴ
1276 2478 1544 2552 μεταδῷς,
1577 2477 1666 2528 ἵνα
1699 2473 1776 2545 μὴ
1797 2473 2047 2543 λυπήσῃς
2076 2469 2167 2521 τὸν
2195 2466 2406 2527 πάπαν,

811 2550 1211 2641 φιλοφρόνησαι
1245 2550 1305 2618 δέ
1339 2568 1397 2619 ἐν
1430 2565 1542 2626 τοῖς
1571 2561 1780 2624 ἄλλοις·
1817 2557 2021 2628 πρέπει
2062 2554 2171 2624 γάρ
2202 2569 2304 2615 σοι,
2332 2550 2411 2613 ὼς

813 2634 1121 2724 ἐπισέὶόπῳξ
1150 2649 1340 2713 Οὑτως
1368 2650 1398 2701 6
1436 2646 1689 2715 Ἰωάννης
1711 2642 1815 2695 οὑκ
1842 2638 2061 2704 ἐδέξατο
2086 2638 2182 2707 μέν
2209 2634 2410 2695 αὑτοὺς

812 2742 894 2802 εἰς
925 2715 1233 2798 κοινωνίαν,
1264 2730 1466 2803 γράφει
1498 2729 1555 2781 δὲ
1581 2726 1829 2797 λιπαρῶν
1858 2722 1937 2791 τῷ
1964 2718 2228 2789 Θεοφίλῳ·
2264 2715 2306 2769 Τ
2313 2715 2411 2768 αύ-

811 2798 914 2892 τηνν
965 2835 1057 2890 μοι
1106 2798 1397 2886 παράσχου
1443 2811 1605 2882 χάριν
1651 2809 1728 2892 ὼς
1766 2806 1954 2892 τέκνῳ
2002 2803 2079 2873 σῷ
2128 2802 2225 2855 καὶ
2256 2798 2409 2853 ἀδελ-

816 2884 923 2975 φῶ,
966 2884 1483 2972 ⁷ἐναγκαλισάμενος
1516 2895 1642 2958 τοὺς
1689 2891 1911 2964 ἄνδρας.
1956 2888 2103 2959 Πρὸς
2144 2886 2355 2947 τούτοις
2384 2884 2413 2937 6

815 2969 1213 3056 Θεόφιλοςτὴν
1273 2982 1371 3053 μὲν
1418 2979 1578 3051 χάριν
1626 2978 1687 3030 οὑ
1739 2974 1984 3046 παρέσχε
2021 2970 2120 3056 τῷ,
2165 2969 2411 3039 Ἰωάννῃ,

818 3050 1144 3128 ἀποστέλλει
1171 3050 1285 3122 ’δέ’
1308 3050 1461 3127 τινας
1498 3050 2019 3132 θπερισεσυρμένους
2078 3055 2156 3118 εἰς
2190 3050 2417 3122 λογικάς

819 3156 1080 3227 ἁμίλλας,
1113 3150 1245 3223 περὶ
1287 3143 1364 3203 ὧν
1405 3146 1751 3227 προείπομεν
1773 3140 2061 3227 ἀνωτέρω,
2112 3138 2206 3227 καὶ
2241 3152 2419 3207 παρα-

820 3218 1080 3301 σκευάζει
1111 3218 1325 3306 δεήσεις
1353 3218 1555 3292 αὑτοὺς
1576 3224 1854 3280 ἐπιδοῦναι
1886 3223 1952 3287 ἃς
1986 3219 2231 3292 συνήθως
2258 3218 2418 3281 αὑτὸς

819 3304 1200 3394 ὑπηγόρευσε,
1228 3314 1591 3390 περιεχούσας
1621 3311 1719 3383 μέν
1746 3307 1942 3379 ψεῦδος
1966 3304 2415 3377 ὡμολογημένον,

818 3388 1199 3477 ί,μφιεσμένον
1243 3388 1434 3470 δέίτὴν
1466 3394 1771 3477 πολυσχεδῇ
1822 3390 2186 3477 συκοφαντίαν
2218 3388 2317 3459 τὴν
2363 3389 2421 3439 ἐν

967 3471 1247 3561 ἀοράτοις,
1273 3482 1441 3555 μηδὲν
1463 3481 1601 3551 έχων
1626 3476 1805 3561 αὑτῶν
1829 3473 2141 3527 διαϐάλλειν
2160 3472 2253 3525 τὸν
2279 3471 2421 3541 βίον*

822 3576 921 3628 καὶ
956 3555 1373 3644 παρασκευάζει
1404 3564 1604 3626 αὑτοὺς
1631 3559 1802 3644 ἐνῌτῷ
1828 3558 2078 3627 παλατίῳ
2101 3557 2177 3620 ὡς
2224 3555 2427 3624 γόητας

820 3638 1407 3711 δακτυλοδεικτεῖσθαι.
1456 3648 1545 3709 Ὠς
1570 3646 1630 3699 δὲ
1670 3639 1811 3697 εἶδον
1854 3644 1904 3695 οἰ
1952 3640 2214 3710 ἀσκηταὶ,
2252 3638 2424 3692 ὅτιοὺ

824 3742 989 3811 μόνον
1005 3737 1169 3792 αὑτὸν
1185 3736 1246 3789 οὑ
1262 3731 1624 3805 διορθοῦνται,
1641 3726 1779 3782 άλλά
1795 3725 1890 3780 καὶ
1914 3724 1995 3787 είς
2006 3723 2176 3795 ὀργὴν
2203 3721 2425 3774 πλείονα

822 3806 1092 3886 κινοῦσιν,
1128 3818 1365 3886 ἀξιώτας
1396 3814 1548 3886 αὑτῷ
1588 3811 1959 3883 προσάγοντες
1995 3807 2247 3871 πολλοὺς,
2288 3806 2427 3876 μετά

821 3908 921 3963 τοῦ
949 3904 1374 3977 ἀναθεματίζειν
1397 3902 1580 3954 πᾶσαν
1611 3892 1983 3967 ψευδοδοξίαν,
2015 3891 2314 3945 ἐπιδιδόασι
2346 3888 2425 3941 λι.

826 3993 1052 4054 ὕέλλους
1088 3972 1471 4046 ἐντευκτικοὺς
1508 3981 1587 4051 τῷ
1627 3979 1877 4048 Ἰωάννῃ,
1910 3974 2330 4040 ἀναδιδάξαντες
2362 3972 2430 4025 τὰ

826 4078 932 4146 τῆς
960 4072 1279 4146 τυραννίδος
1310 4069 1449 4138 είδη,
1486 4066 1643 4138 μετὰ.
1672 4063 1769 4117 καὶ
1809 4059 2123 4146 κεφαλαίων
2168 4055 2359 4109 τινῶν·
2394 4056 2429 4108 ἀ

830 4139 1161 4230 αἰσχύνομαι
1189 4156 1285 4209 ἐπὶ
1310 4151 1420 4206 τῶν
1447 4145 1806 4230 νηπιωτέρων
1831 4143 1984 4230 τέωςΔ
1998 4141 2200 4209 λέγειν,
2234 4140 2324 4192 ἴνα
2354 4139 2429 4210 μὴ

831 4245 930 4297 καὶ
952 4243 1187 4304 πίστεως
1209 4238 1409 4298 αὑτοὺς
1433 4232 1716 4289 άπελάσω,
1749 4228 1878 4291 ἴσως
1901 4225 1998 4278 καὶ
2026 4225 2180 4294 παρά
2208 4225 2316 4285 τοῖς
2346 4239 2434 4273 τε-

832 4325 1128 4394 λειοτέροις
1156 4340 1217 4374 ου
1250 4318 1655 4386 πιστευόμενος.
1696 4311 1867 4365 Πάλιν
1902 4309 1995 4362 καὶ
2023 4307 2089 4360 δι’
2117 4304 2312 4359 ἐαυτοῦ
2342 4305 2433 4357 καὶ

831 4410 902 4463 δι’
934 4408 1141 4478 ἐτέρων
1180 4402 1503 4457 ἐπισκόπων
1536 4400 1564 4450 6
1608 4396 1860 4464 Ἰωάννης
1894 4389 2208 4463 παρακαλεῖ
2237 4389 2435 4451 αὑτοὺς

830 4489 1152 4546 παύσασθαι
1182 4487 1283 4557 τῆς
1307 4484 1430 4538 κατ’
1457 4480 1622 4536 αὑτοῦ
1646 4476 1984 4547 κατηγορίας
2012 4474 2100 4527 διὰ
2126 4472 2226 4544 τὴν
2251 4472 2314 4523 ἐκ
2337 4470 2435 4539 τῆς

832 4577 989 4646 δίκης
1052 4555 1449 4632 κακοπάθειαν,
1507 4563 1728 4635 γράψας
1769 4560 1848 4626 τῷ
1892 4557 2157 4627 Θεοφίλῳ,
2210 4556 2293 4609 ὅτι
2341 4555 2437 4616 Εἰς

835 4659 1092 4711 τοσοῦτον
1104 4654 1384 4723 ἠλάθησαν
1401 4644 1797 4719 λύπης,ὼςκα“ι
1828 4642 2120 4711 ἐγγράφως
2145 4656 2240 4691 σου
2267 4653 2437 4706 κατη-

836 4743 1026 4812 γορεῖν
1043 4756 1055 4769 ο
1082 4720 1355 4790 10:116016
1403 4730 1597 4785 δοκοῦν
1625 4745 1708 4779 σοι
1740 4722 2076 4793 ἀντίγραφον
2094 4738 2108 4752 ο
2134 4721 2196 4773 οὑ
2221 4720 2328 4787 γὰρ
2348 4720 2441 4771 ἀν-

837 4824 1057 4895 έχονταί
1090 4838 1192 4891 μου
1220 4817 1521 4886 ἀποστῆναι
1547 4812 1640 4866 τοῦ
1668 4807 2055 4880 στρατοπέδου.
2082 4804 2203 4856 Ἑπί
2232 4802 2442 4863 τούτοις

837 4906 1207 4979 διαπυρωθεὶς
1238 4903 1357 4964 ὅλος
1396 4901 1425 4953 6
1451 4896 1734 4965 Θεόφιλος,
1764 4892 1942 4963 εἴργει
1973 4890 2070 4943 καὶ
2092 4887 2182 4939 τὸν
2210 4882 2441 4951 ἀδελφὸν

838 4995 950 5045 τῶν
995 4987 1243 5060 μοναχῶν
1281 4987 1381 5056 τῆς
1409 4980 1605 5037 ἐαυτοῦ
1654 4974 1984 5046 Ἐκκλησίας
2017 4973 2311 5041 Διόσκορον
2350 4966 2442 5019 τὸν

845 5078 1169 5133 ἐπίσκοπον,
1208 5067 1557 5138 γεγηρακότα
1586 5067 1641 5117 ἐν
1671 5064 1739 5132 τῇ
1786 5058 2084 5127 Ἐκκλησία
2106 5073 2117 5085 ·
2154 5052 2233 5123 τῷ
2257 5052 2303 5105 δ’
2332 5052 2442 5103 ἐπι-

846 5160 1038 5228 σκόπῳ
1079 5154 1302 5224 Ἰωάννη
1330 5150 1563 5221 γράφει·
1599 5141 1765 5214 Οἶμαι
1800 5143 1896 5212 μέν
1926 5159 1985 5193 σε
2024 5140 2099 5211 μὴ
2134 5138 2347 5206 ἀγνοεῖν
2381 5136 2442 5188 τὸ

842 5246 1123 5310 διάταγμα
1152 5238 1260 5291 τῶν
1300 5241 1357 5289 εν
1390 5231 1598 5301 Νικαίᾳ
1626 5228 1889 5287 κανόνων,
1924 5226 2057 5277 ὅπου
2093 5222 2442 5285 θεσπίζουσιν

846 5329 1150 5381 ἐπίσκοπον
1178 5319 1472 5391 ὑπερόριον
1505 5314 1581 5386 μὴ
1608 5311 1815 5382 κρίνειν
1835 5308 2018 5376 δίκην·
2053 5308 2100 5358 εἰ
2122 5305 2178 5358 δὲ.
2204 5306 2442 5371 ἀγνοεῖς,

851 5411 1036 5481 μαθὼν
1069 5408 1314 5474 άπόσχου
1343 5387 1451 5456 τῶν
1482 5397 1604 5453 κατ’
1647 5392 1782 5465 ἐμοῦ
1814 5391 2091 5443 Αιϐἐλλων.
2120 5387 2183 5439 Εἰ
2215 5388 2323 5457 γὰρ
2350 5387 2444 5439 καὶ

848 5495 953 5547 δέοι
984 5512 1048 5564 με
1079 5490 1359 5563 κριθῆναι,
1392 5486 1543 5556 παρὰ
1571 5482 1680 5534 τῶν
1718 5474 2058 5544 Αἰγυπτίων,
2089 5472 2182 5523 καὶ
2208 5472 2267 5522 οὑ
2292 5472 2445 5539 παρὰ

852 5578 971 5641 σοῦ,
1001 5553 1314 5647 ἀφεστῶτος
1345 5553 1882 5638 ἑϐδομηκονταπέντε
1910 5555 2137 5628 ήμερῶν
2164 5553 2302 5606 ὁδόν.

926 5662 1078 5715 ΚΕιῐι.
1117 5662 1197 5712 II'.
1240 5688 1311 5697 —-
1342 5652 1542 5709 Λαϐὼν
1588 5648 1687 5716 τὴν
1742 5641 2031 5710 ἐπιστολὴν
2082 5641 2110 5690 ό
2170 5639 2443 5709 Ἰωάννης,

850 5749 947 5802 καὶ
988 5745 1278 5812 ἀναγνοὺς,
1311 5741 1516 5807 ταύτην
1552 5734 1651 5804 μὲν
1692 5729 1815 5799 ἔσχε
1854 5725 1982 5797 παρ’
2018 5722 2217 5793 ἑαυτῷ,
2248 5725 2360 5785 τοῖς
2389 5722 2445 5775 δὲ

852 5806 1124 5900 ἀσκηταῖς
1174 5806 1501 5895 ἀμφοτέρων
1554 5816 1665 5870 τῶν
1706 5812 1891 5900 μερῶν
1932 5808 2179 5900 διελέχθη
2209 5807 2277 5861 τά
2310 5806 2447 5876 πρὸς

854 5918 1093 5985 εἰρήνην.
1166 5891 1497 5961 ’Λκούσαντα
1540 5903 1596 5956 δὲ
1661 5898 1945 5969 ἀμφότερα
1990 5893 2059 5947 τὰ
2108 5891 2249 5963 μέρη
2284 5892 2447 5960 ἐτρα-

920 6069 944 6092 ⁸
975 6063 1074 6110 VM
1121 6060 1305 6121 longe-ris
1352 6068 1823 6117 περιπιιιιι-λμενουςη..
1850 6050 2011 6102 αὐτον,
2047 6047 2172 6095 male
2197 6044 2443 6095 habebunt

857 6141 1032 6177 suasu.»
1068 6133 1119 6173 el
1143 6128 1473 6185 grammatica.

2068 591 2383 647 PALLADII
2428 590 2537 642 υῐΑ
2548 589 2773 646 ιοϐιῑδ

4000 590 4075 641 95

2487 711 2680 784 χύνθη,
2729 710 2791 763 τὸ
2844 710 2942 781 μὲν
2986 710 3061 775 ὡς
3108 709 3599 786 τετυραννημένον,
3657 708 3720 764 16
3754 711 3815 766 δέ
3860 713 3936 777 ὡς
3976 710 4079 768 οὑκ

2487 797 2610 866 ἕχον
2658 796 2785 849 ἄνευ
2821 792 3083 862 Θεοφίλου
3131 797 3232 867 τὴν
3264 797 3364 866 τῆς
3413 796 3636 865 εἰρήνης
3678 792 3952 859 ἐξουσίαν,
3988 796 4081 850 διά

2485 880 2547 933 τὸ
2594 880 2686 932 καὶ
2728 877 2866 930 κατά
2906 877 3156 930 κέλευσιν
3199 878 3364 932 αὑτοῦ
3415 876 3797 932 ἐπιδεδωκέναι
3848 878 3946 940 τὰς
3976 880 4081 947 τῆς

2493 962 2855 1032 συκοφαντίας
2903 960 3140 1030 δεήσεις.
3175 961 3363 1025 Οὕτως
3393 964 3423 1015 6
3466 962 3717 1032 Ἰωάννης
3746 960 3870 1023 δοὺς
3898 960 4082 1025 αὑτοῖς

2490 1049 2801 1119 ἀπόκρισιν,
2881 1043 3121 1096 ἀπέλυσε
3181 1044 3277 1115 τῆς
3338 1044 3533 1098 ἐαυτοῦ
3610 1043 3869 1105 διανοίας.
3937 1044 4084 1113 Πρὸς

2489 1129 2700 1190 τούτοις
2745 1127 3199 1195 ἀναχωρήσαντες
3248 1129 3296 1179 οί
3352 1127 3574 1198 μοναχοὶ
3607 1126 3702 1181 τοῦ
3736 1128 3935 1199 μέρους
3968 1126 4085 1195 ἠδι-

2491 1213 2754 1284 κημένου,
2798 1210 3154 1262 συντάσσουσι
3213 1210 3568 1281 πολυστίχους
3599 1211 3830 1284 δεήσεις,
3875 1211 4083 1282 ἐγγρά-

2490 1300 2693 1366 ψαντες
2723 1291 2864 1348 κατά
2889 1293 2988 1363 μὲν
3013 1291 3121 1344 τῶν
3159 1293 3409 1361 μοναχῶν
3436 1295 3513 1358 ὼς
3540 1296 3917 1365 συκοφαντῶν,
3941 1294 4085 1348 κατά

2493 1381 2550 1432 δέ
2604 1379 2864 1448 Θεοφίλου
2935 1375 3004 1430 τά
3072 1374 3358 1442 Θεοφίλου,
3421 1377 3507 1429 ἴνα
3566 1378 3640 1449 μὴ
3703 1380 3878 1444 ἄλλως
3923 1381 4084 1443 εῖπω,

2494 1463 2734 1516 τοσαῦτα
2788 1462 2887 1514 ὅσα
2922 1459 3151 1521 ἕκαστος
3201 1452 3373 1508 οῖδενο
3417 1461 3511 1511 καὶ
3546 1462 3943 1532 ἐνευξάμενοιδ
3974 1464 4088 1527 τοῖς

2498 1546 2853 1615 Αὑγούστοις,
2885 1540 3281 1614 προσέρχονται
3316 1541 3374 1591 ἐν
3388 1538 3466 1608 τῷ
3495 1546 3781 1613 μαρτυρίῳ
3802 1545 3896 1597 τοῦ
3930 1545 4087 1613 ἁγίου

2512 1630 2760 1683 Ἰωάννου
2814 1629 2879 1696 τῇ
2932 1623 3217 1695 βασιλίσσῃ
3258 1620 3560 1691 δεηθέντες,
3606 1625 3715 1676 τῶν
3751 1628 3851 1693 μὲν
3898 1626 4091 1680 ἀντιδί-

2502 1730 2613 1765 κων
2651 1708 2901 1780 μοναχῶν
2930 1706 3027 1775 τὴν
3061 1705 3244 1775 δέησιν
3275 1704 3423 1776 παρά
3449 1707 3563 1767 τοῖς
3596 1705 3859 1776 ἐπάρχοις
3879 1726 4093 1779 γυμνα-

2506 1795 2722 1865 σθῆναι,
2756 1793 2847 1845 τὸν
2875 1790 2930 1842 δὲ
2959 1788 3221 1857 Θεόφιλον
3251 1787 3608 1859 παραστάντα
3638 1789 3734 1842 καὶ
3764 1790 3965 1845 ἄκοντα
3998 1794 4095 1846 ἐπὶ

2516 1877 2764 1929 Ἰωάννου
2808 1871 3087 1943 κριθῆναι.
3151 1871 3429 1942 Ἐπράχθη
3470 1873 3503 1941 ή
3531 1871 3736 1942 δέησις,
3769 1871 3969 1942 ἔχουσα
3993 1874 4095 1946 τὴν

2504 1961 2779 2029 ἀπόφασιν
2804 1956 2993 2027 τήνδεο
3023 1955 3162 2009 ὥστε
3192 1956 3281 2008 τὸν
3317 1956 3415 2026 μὲν
3443 1955 3701 2025 Θεόφιλον
3735 1960 4095 2028 παραστάντα

2503 2042 2593 2095 διά
2614 2041 2709 2095 τοῦ
2743 2041 3047 2112 μαγίστρου
3076 2039 3170 2092 καὶ
3201 2037 3395 2091 ἐκόντα
3425 2039 3521 2091 καὶ
3547 2039 3772 2104 ἄκοντα,
3802 2040 3986 2095 δοῦναι
4014 2041 4096 2095 δί-

2506 2143 2610 2196 κην
2632 2126 2724 2178 ἐπὶ
2765 2124 3015 2179 Ἰωάννου
3036 2140 3050 2153 ο
3081 2121 3205 2182 τοὺς
3234 2120 3289 2171 δὲ
3313 2121 3572 2190 Θεοφίλου
3608 2125 3877 2193 μοναχοὺς
3899 2125 4100 2194 συστῆο

2507 2229 2597 2265 ναι
2627 2211 2841 2272 ἑαυτοῖς
2862 2208 2955 2261 ἐπὶ
2975 2210 3089 2268 τοῖς
3118 2204 3458 2275 ἐγκλήμασιν
3473 2200 3552 2269 οἷς
3580 2206 3969 2278 κατηγόρησαν
3989 2208 4101 2259 τῶν

2509 2293 2682 2362 ἁγίων
2716 2292 3008 2361 γερόντων,
3048 2291 3081 2361 ἢ
3116 2290 3184 2344 τά
3210 2289 3317 2343 τῶν
3354 2289 3708 2358 συκοφαντῶν
3743 2288 4096 2358 ὑφίστασθαι.

2511 2377 2699 2441 Οῦτως
2721 2372 2815 2430 οῦν
2836 2376 2915 2437 εἰς
2945 2373 3045 2442 μὲν
3065 2374 3165 2445 τὴν
3204 2370 3613 2443 Ἀλεξάνδρειαν
3633 2372 3913 2442 ἀπεστάλη
3951 2372 4104 2426 Ἐλά-

2512 2480 2655 2532 φιος,
2687 2464 2715 2515 6
2741 2460 2835 2514 νῦν
2877 2458 2984 2511 ἀπὸ
3022 2458 3361 2528 πριγκίπων,
3391 2457 3673 2525 διαγαγεῖν
3701 2456 3794 2509 τὸν
3818 2456 4101 2525 Θεόφιλον,

2510 2546 2610 2618 τὴν
2622 2546 2680 2598 δὲ
2694 2544 2885 2614 λοιπὴν
2904 2539 3180 2610 ἀπόφασιν
3201 2542 3251 2593 οἰ
3272 2539 3502 2610 ἔπαρχοι
3524 2539 3869 2606 ἐξεϐίϐασαν.
3882 2540 4104 2610 Γυμνα-

2514 2630 2748 2701 ζομένης
2774 2627 2831 2681 δὲ
2862 2627 2962 2696 τῆς
2986 2624 3144 2696 δίκης
3174 2626 3270 2677 καὶ
3299 2626 3378 2688 εἰς
3408 2625 3613 2695 ἄπορον
3642 2623 4061 2695 καταληγούσης
4086 2669 4102 2691 ,

2512 2716 2560 2767 οί
2590 2713 2690 2784 μὲν
2730 2711 2883 2780 νόμοι
2914 2709 3195 2762 ἐπέκειντο
3226 2705 3643 2771 ἀποστίλϐοντες
3665 2707 3729 2760 16
3759 2707 3911 2776 ξίφος
3930 2724 3944 2737 ·
3970 2709 4021 2761 οἰ
4044 2708 4106 2761 δὲ

2513 2796 2687 2851 ἄθλιοι
2716 2797 2914 2848 ἐκεῖνοι
2945 2791 3274 2862 φοϐηθέντες
3303 2791 3402 2862 τὴν
3428 2789 3675 2855 ἔκϐασιν,
3720 2791 4106 2861 ὑπερτίθενται

2515 2882 2597 2944 είς
2625 2877 2904 2947 Θεόφιλον,
2950 2877 3023 2939 ὠς
3053 2875 3219 2928 αὑτοῦ
3247 2875 3446 2937 αὑτοὺς
3485 2874 3848 2939 ὑποϐαλόντος
3878 2877 3973 2929 καὶ
4004 2877 4108 2943 τὰς

2513 2966 2729 3036 δεήσεις
2747 2961 3245 3033 ὑπαγορεύσαντός.
3271 2959 3458 3023 Οῦτως
3479 2962 3512 3031 ἡ
3533 2959 3686 3025 τάξις
3707 2960 3887 3030 βάλλει
3910 2962 4111 3026 αὐτοὺς

2516 3054 2596 3115 εἰς
2628 3049 3025 3121 δεσμωτήριον,
3061 3046 3224 3117 μέχρι
3252 3048 3350 3116 τῆς
3378 3044 3640 3114 Θεοφίλου
3666 3046 3989 3116 παρουσίας,
4032 3047 4111 3119 μὴ

2517 3132 2867 3205 ἀνασχομένη
2918 3131 3012 3184 ἐπὶ
3045 3128 3271 3200 τοιαύτῃ
3303 3128 3558 3182 ὑποθέσει
3585 3127 3840 3192 δέξασθαι
3884 3130 4110 3200 ἐγγύας.

2517 3220 2628 3272 Καὶ
2654 3215 2861 3269 τούτων
2889 3215 2937 3267 οἱ
2970 3213 3068 3283 μὲν
3098 3211 3421 3266 τελευτῶσιν
3446 3213 3503 3263 ἐν
3529 3215 3595 3283 τῇ
3621 3214 3809 3282 είρκτῇ
3840 3231 4113 3286 χρονοτρι.

2520 3304 2787 3373 ϐήσαντες
2825 3298 2915 3351 διὰ
2942 3298 3042 3369 τὴν
3087 3296 3347 3365 Θεοφίλου
3393 3294 3722 3366 βραδυτῆτα,
3770 3298 3818 3348 οί
3866 3299 3922 3350 δὲ
3974 3300 4117 3368 μετά

2519 3387 2620 3457 τὴν
2655 3380 2915 3452 Θεοφίλου
2948 3380 3249 3450 παρουσίαν
3286 3380 3532 3451 χρήμασι
3571 3379 3633 3432 16
3678 3380 3911 3450 πρᾶγμα
3960 3382 4115 3445 ἐξευ..

2527 3466 2878 3539 μαρίσαντος,
2913 3465 2970 3517 ἐν
3002 3461 3289 3533 τελευταίᾳ
3320 3462 3569 3526 ἐξετάσει
3603 3460 3702 3533 τὴν
3741 3462 4119 3536 Προκόννησον

2523 3554 2693 3605 οἰκεῖν
2718 3548 2868 3621 παρά
2887 3547 2996 3601 τῶν
3024 3548 3203 3618 νόμων
3226 3546 3627 3616 κατεκρίθησαν
3649 3547 3724 3610 ὼς
3757 3549 4115 3618 συκοφάνται.

2526 3633 2716 3697 Οὕτως
2741 3634 2769 3685 6
2801 3630 3061 3701 Θεόφιλος
3101 3629 3409 3699 παραστὰς,
3442 3628 3695 3701 καθάπερ
3722 3630 3993 3701 κάνθαρος
4021 3649 4122 3685 πει

2525 3718 2875 3790 φορτωμένος
2909 3714 3012 3786 τῆς
3045 3714 3253 3785 κόπρου
3290 3713 3399 3765 τῶν
3420 3713 3478 3779 ἐξ
3500 3713 3779 3782 Αἰγύπτου
3816 3715 4122 3770 καλλίστων

2524 3804 2620 3856 καὶ
2644 3801 2813 3872 αὑτῆς
2845 3801 2944 3869 τῆς
2980 3797 3191 3861 Ἰνδίας,
3213 3797 3351 3868 ὑπὲρ
3373 3796 3640 3860 δυσώδους
3664 3796 3858 3866 φθόνου
3892 3798 4122 3851 εὑωδίαν

2526 3886 2753 3955 ἐκχέων,
2780 3882 2953 3953 εἰσῄει
2992 3882 3070 3944 είς
3112 3879 3687 3933 Κωνσταντινυύπολιν
3719 3880 3854 3952 ἕκτῃ
3877 3881 4016 3951 ὥρα.
4050 3884 4119 3952 τῇ

2530 3970 2756 4039 πέμπτῃ
2785 3966 2876 4019 τοῦ
2908 3965 3209 4028 Σαϐϐάτου,
3245 3966 3351 4017 ὑπὸ
3405 3964 3500 4018 τοῦ
3550 3965 3808 4019 ναυτικοῦ
3850 3982 4124 4033 κατακρο-

2530 4054 2788 4124 τούμενος
2818 4054 3059 4123 στίφους,
3106 4052 3205 4120 τὴν
3258 4050 3453 4119 ἄτιμον
3494 4049 3902 4118 ἀποφερόμενος
3940 4047 4121 4109 δόξαν,

2534 4141 2661 4209 περὶ
2684 4132 2751 4209 ἧς
2778 4140 3040 4209 προεῖπεν
3074 4137 3101 4188 6
3140 4134 3481 4196 Ἀπ’δστολος,
3514 4125 3629 4185 Ὠν
3665 4133 3703 4198 ἠ
3745 4130 3894 4193 δόξα
3937 4132 4007 4184 ἐι·
4044 4130 4121 4198 τῇ

2530 4223 2793 4291 αἰσχύνῃ
2823 4217 3043 4281 αὐτῶν,
3097 4214 3428 4284 ἐπενεγκὼν*
3488 4216 3554 4266 Ol
3602 4214 3675 4265 τὰ
3717 4213 3947 4281 ἐπίγεια
3975 4229 4123 4282 ερρυ-

2531 4306 2803 4370 ἰλοοῡντεςο
2852 4304 2945 4356 καὶ
2974 4301 3241 4367 ξενίζεται
3290 4299 3348 4351 ἐν
3394 4294 3749 4365 σκηνώμασιν
3768 4297 3829 4347 οὑ
3862 4296 4121 4363 δικαίων,

2532 4393 2722 4463 φυγὼν
2751 4391 2847 4461 τὴν
2905 4387 3240 4457 ἐκκλησίαν,
3294 4382 3685 4452 ἐπιλαθόμενος
3728 4382 3791 4436 τὸ
3841 4383 4125 4437 Δαυῖδικδν

2533 4485 2728 4535 έκεῖνο.
2778 4475 3181 4542 Ἐξελεξάμην
3220 4469 3751 4538 παραῤῥιπτεῖσθαι
3784 4470 3854 4522 ἐν
3880 4471 3960 4535 τῷ
3979 4473 4125 4539 οἴκῳ

2535 4570 2641 4624 τοῦ
2666 4566 2813 4621 Θεοῦ
2843 4582 2962 4633 μου
2992 4561 3232 4631 μᾶλλον
3258 4558 3293 4626 ἢ
3322 4558 3508 4611 οἰκεῖν
3527 4575 3605 4628 με
3634 4558 3705 4611 ἐν
3730 4559 4127 4629 σκηνώμασιν

2536 4652 2934 4725 ἁμαρτωλῶν·
2993 4649 3311 4719 εἰργόμενος
3366 4646 3467 4716 τῆς
3526 4646 3822 4716 ἐκκλησίας
3876 4647 3982 4698 ὑπῆ
4028 4648 4125 4699 τοῦ

2542 4746 2674 4798 ἰδίου
2705 4740 3031 4801 συνειδότος,
3056 4738 3354 4808 Διατρίψας
3381 4736 3437 4789 δέ
3472 4738 3620 4808 τρεῖς
3667 4735 3963 4805 ἑϐδομάδας
3992 4736 4127 4805 ἡμε-

2545 4832 2674 4904 ρῶν,
2709 4829 2833 4883 οῦτε
2862 4827 2942 4899 τῷ
2979 4826 3265 4895 ἐπισκὸπῳ
3304 4824 3529 4896 Ἰωάννῃ
3574 4822 3829 4890 συνέτυχε
3868 4821 4009 4875 κατὰ
4064 4823 4127 4874 τὸ

2540 4922 2660 4984 ἔθος
2691 4919 2800 4973 τῶν
2852 4914 3190 4978 ἐπισκόπων,
3239 4912 3361 4966 οὔτε
3414 4911 3742 4980 ἐπλησίασεν
3768 4910 3903 4971 ὅλως
3934 4912 3999 4980 τῇ
4032 4912 4125 4963 ἐκ·

2540 5009 2763 5080 κλησία,
2822 5005 2936 5059 ἀλλ’
2966 5004 3160 5075 ἔμενεν
3222 4999 3626 5069 ἀγωνιζόμενος
3669 4997 3881 5067 νύκτωρ
3939 5016 3998 5050 τε
4035 4998 4128 5052 καὶ

2545 5099 2661 5169 μεθ’
2693 5096 2909 5168 ἡμέραν
2939 5094 2998 5148 τὸ
3025 5092 3144 5146 νέον
3185 5090 3341 5160 ἔχθος
3389 5087 3467 5157 τῷ
3514 5085 3729 5155 παλαιῷ
3766 5087 4125 5156 ἐπισυνάψας,

2541 5190 2688 5249 ὅπως
2712 5186 2803 5238 τὸν
2834 5185 3131 5235 ἐπίσκοπον
3172 5177 3429 5244 Ἰωάννην
3478 5172 3677 5245 ἐξώσῃ,
3730 5174 3789 5225 οὑ
3842 5174 3999 5244 μόνον
4026 5176 4125 5247 τῆς

2554 5275 2753 5343 Ἐκκλη
2763 5273 2903 5334 σίας,
2935 5270 3070 5323 ἀλλὰ
3093 5268 3187 5319 καί
3224 5261 3387 5318 αὑτοῦ
3440 5258 3535 5313 τοῦ
3592 5260 3691 5330 ζῇν
3726 5270 3749 5297 ⁸
3772 5274 3785 5288 ⁸
3839 5260 3998 5315 τοῦτο
4029 5263 4128 5335 μὲν

2542 5362 2759 5433 ἀφειδίᾳ
2787 5359 3012 5431 χρυσίου
3041 5356 3167 5415 τοὺς
3195 5349 3595 5418 δεισιδαίμονας
3642 5347 3751 5400 τῶν
3786 5350 4129 5419 κρατούντων

2544 5452 2851 5519 ὠνούμενος
2887 5445 3026 5500 κατά
3076 5442 3177 5509 τῆς
3232 5437 3508 5508 ἀληθείας,
3558 5436 3715 5489 τοῦτο
3760 5436 3817 5490 δὲ
3852 5438 4131 5494 πολυτελεῖ

2544 5538 2788 5611 τραπέζῃ
2820 5536 2945 5594 τοὺς
2986 5526 3437 5599 γαστριμάργους
3470 5522 3840 5592 δουλούμενος,
3869 5527 4028 5582 τοῦτο
4071 5529 4131 5581 δὲ

2546 5634 2639 5684 καὶ
2668 5628 2927 5695 κολακείᾳ.
2966 5624 3058 5674 καὶ
3092 5618 3382 5686 ὑποσχέσει
3431 5615 3529 5684 τῆς
3561 5615 3803 5685 μείζονος
3822 5619 3976 5684 ἀξίας
4007 5619 4132 5680 τοὺς

2549 5719 2908 5788 συμφένακςις
2960 5710 3069 5761 τῶν
3122 5703 3398 5775 κληρικῶν
3455 5704 3809 5776 ἐπαγόμενος.
3861 5708 4133 5775 Συνδησας

2546 5811 2758 5867 πάντας
2792 5800 3019 5859 τούτους
3044 5797 3168 5851 ἄνευ
3201 5794 3434 5864 σχοινίου
3468 5795 3584 5857 ταῖς
3633 5794 3848 5866 ήδοναῖς
3883 5794 4132 5858 καθάπερ

2614 5976 2639 6011 b
2667 5972 2825 6030 1ιίμοιὶ
2849 5976 3012 6018 aulem
3040 5969 3292 6030 scriptura,
3339 5967 3668 6027 ξειτευξαμενηι,
3695 5978 3791 6016 non
3835 5960 4136 6010 mediocrem

2553 6029 2842 6090 barbarum"
2866 6034 3197 6091 suspicinuem
3224 6029 3385 6077 lmlwl,

2628 6104 2646 6128 ι’
2673 6098 2821 6149 Addit
2841 6095 3013 6156 ﬂung
3047 6093 3305 6147 απαὶὶαξη.
