4466 6772
462 614 531 667 2ῒί
1387 607 1476 658 DE
1519 602 1677 658 VITA
1716 603 1772 658 S.
1812 602 2086 659 ιῑΟΑΝΝΙΞ
2124 601 2226 658 CIII

1942 602 2086 659 NNIS
2124 600 2613 658 cumsosrout.
3639 614 3706 667 3,,

460 721 738 793 Theophui
766 724 1016 780 adversus
1042 737 1132 774 eos
1160 717 1337 770 odium
1366 715 1777 781 demutaturum,
1808 715 2029 771 libenter

460 815 727 884 negotium
756 814 971 882 arripit,
1004 808 1295 861 admonens
1321 819 1414 858 eos
1440 813 1497 858 ut
1533 804 1669 874 apud
1696 821 1881 860 omnes
1906 804 2031 857 reti-

459 907 606 977 gioso
646 907 855 963 silentio
882 902 1141 955 adventus
1177 898 1259 951 sui
1297 911 1510 951 causam
1559 905 1825 967 tegerent,
1858 894 2031 948 donec

458 1000 593 1069 ipse,
626 998 813 1067 inquit,
844 993 1039 1045 misero
1063 989 1127 1042 ad
1162 987 1379 1043 fratrem
1409 988 1781 1059 Thc0philum.
1812 986 1881 1039 Et
1902 984 2029 1037 dato

457 1090 535 1145 cis
559 1091 610 1144 in
637 1085 858 1143 ecclesia
880 1083 1017 1136 dicta
1044 1080 1319 1135 Anastasia
1348 1080 1573 1150 hospitio
1597 1082 1661 1135 ad
1688 1080 2030 1149 requiescen-

452 1180 602 1243 dum,
629 1178 740 1245 ipse
763 1173 973 1242 quidem
1000 1187 1104 1225 non
1131 1172 1494 1241 suppeditabat
1517 1188 1635 1242 qua:
1655 1170 1721 1225 ad
1745 1182 1898 1223 usum
1923 1166 2027 1221 illis

451 1264 753 1322 necessaria
779 1270 964 1326 erant;
992 1261 1085 1316 sed
1113 1261 1373 1333 religiosa:
1401 1263 1649 1317 mulieres
1675 1260 1871 1313 victum
1900 1255 2027 1325 ipsis

453 1352 945 1418 subministrabant,
976 1361 1031 1408 et
1054 1352 1153 1423 ipsi
1179 1368 1387 1423 quoque
1415 1350 1654 1406 nonnihil
1680 1345 2027 1402 conferebant

451 1460 517 1498 ex
545 1458 704 1513 opere
740 1458 1009 1497 manuum.
1048 1445 1348 1515 Contigerat
1385 1450 1563 1495 autem
1593 1437 1693 1491 sub
1726 1436 1779 1490 id
1818 1444 2024 1505 tempus

451 1546 506 1587 ut
535 1534 713 1588 clerici
739 1535 949 1605 quidam
968 1535 1243 1605 TheOphili
1271 1528 1726 1596 Constantinopoli
1751 1527 2035 1595 adessent,

452 1626 853 1695 magistratuum
900 1627 988 1698 qui
1039 1625 1282 1697 regendte
1334 1621 1567 1689 Egyplo
1613 1618 2024 1689 designabantur

452 1718 810 1785 promotiones
834 1724 1243 1788 przemereantes
1266 1752 1281 1777 ,
1314 1719 1367 1764 et
1395 1709 1822 1764 benevolentiam
1847 1708 2021 1764 Theo-

454 1808 595 1876 philo
614 1810 953 1865 conciliantes
976 1809 1029 1862 in
1053 1804 1337 1874 perniciem
1363 1816 1547 1856 eorum
1572 1800 1660 1871 qui
1692 1800 1765 1853 illi
1801 1800 2019 1855 minime

452 1898 743 1967 placebant.
766 1899 875 1953 llos
900 1898 1057 1967 igitur
1074 1894 1140 1948 ad
1161 1908 1219 1947 se
1237 1892 1432 1947 accitos
1454 1892 1685 1947 Joannes
1712 1899 2021 1960 percuncta-

449 1993 626 2055 batur,
647 2004 712 2043 an
740 1997 1028 2058 praesentes
1052 1982 1340 2038 monachos
1364 1983 1658 2039 novissent.
1690 1982 1767 2036 Illi
1793 1981 2019 2037 candide

448 2077 514 2133 de
543 2078 672 2148 ipsis
692 2078 1050 2134 testimonium
1074 2073 1407 2144 perhibuere,
1430 2074 1663 2130 dicentes
1686 2073 1876 2129 Joanni
1908 2091 1920 2129 :
1949 2072 2017 2127 Et

446 2168 689 2223 novimus
713 2182 837 2232 eos,
872 2175 927 2221 ct
964 2165 1071 2218 vim
1120 2178 1357 2232 magnam
1403 2166 1636 2234 perpessi
1679 2174 1801 2218 sunt
1834 2182 1846 2217 :
1878 2179 1940 2218 ac
1968 2163 2015 2218 si

446 2256 647 2325 placet,
675 2256 888 2310 domine
907 2295 922 2319 ,
952 2252 1242 2322 spiritalem
1263 2252 1339 2306 eis
1362 2253 1788 2307 communionem
1820 2255 2015 2322 imper-

447 2347 547 2401 tire
574 2346 720 2410 noli,
752 2361 819 2398 ne
843 2343 1079 2398 offendas
1107 2342 1451 2411 Theophilum
1481 2361 1493 2396 :
1526 2345 1578 2398 in
1620 2344 1827 2398 eazteris
1866 2343 2016 2397 beni-

444 2453 604 2506 gnum
652 2447 702 2489 te
747 2434 969 2503 praebe;
1017 2434 1119 2487 hoc
1158 2434 1297 2489 enim
1339 2442 1391 2488 te
1420 2443 1475 2487 ut
1501 2435 1808 2503 episcopum
1836 2432 2012 2486 decet.

443 2531 530 2583 Sic
554 2528 786 2582 Jomncs
815 2540 908 2582 eos
933 2526 1143 2596 quidem
1169 2526 1235 2580 ad
1259 2527 1684 2581 communionem
1715 2538 1818 2577 non
1846 2522 2016 2576 admi-

442 2622 513 2676 sit
544 2639 558 2673 :
590 2619 887 2688 Theopliilo
915 2629 1089 2673 autem
1111 2619 1331 2683 scribit,
1360 2633 1517 2673 orans
1548 2633 1561 2670 :
1593 2616 1649 2671 In
1680 2615 1780 2669 hoc
1805 2612 1935 2668 mihi
1959 2622 2017 2668 ut

445 2712 551 2765 tilio
577 2720 630 2766 et
659 2711 805 2765 fratri
837 2709 1131 2780 gratificare
1149 2751 1162 2775 ,
1195 2710 1354 2764 hosce
1382 2710 1524 2764 viros
1548 2707 1903 2776 amplectitor.
1934 2705 2013 2761 Ad

441 2802 557 2855 lucc
597 2801 961 2871 Theophilus,
1005 2802 1225 2871 gratiam
1268 2800 1481 2871 quidem
1528 2800 1739 2867 negavit
1779 2797 2010 2864 Joanni;

442 2893 601 2947 mittit
628 2902 803 2946 autem
833 2891 1087 2961 quosdam
1113 2891 1177 2945 ad
1207 2890 1562 2946 contentiosas
1598 2888 1880 2943 verborum
1918 2902 2015 2956 pu-

440 2997 572 3051 gnas
602 2982 934 3043 exercitatos,
966 2980 1032 3035 de
1060 2980 1251 3049 quibus
1279 2978 1523 3048 superius
1548 2977 1798 3042 diximus,
1826 2987 1879 3031 et
1898 2991 2013 3031 mo—

442 3080 551 3133 net,
580 3069 705 3124 dent
731 3069 807 3123 illi
833 3069 1041 3123 libellos
1063 3083 1300 3137 precum,
1328 3082 1463 3137 quos
1492 3082 1637 3121 more
1664 3082 1761 3121 suo
1791 3067 1904 3136 ipse
1930 3066 2013 3120 di-

440 3169 677 3214 ctaverat
707 3178 720 3213 :
749 3159 836 3228 qui
878 3158 1220 3214 continebant
1254 3166 1493 3228 apertum
1537 3156 1749 3225 quidem
1794 3156 2012 3211 menda-

439 3250 616 3315 cium,
668 3249 917 3303 amictum
962 3262 1090 3303 vero
1128 3247 1275 3301 varia
1324 3255 1380 3301 et
1426 3247 1701 3316 multiplici
1749 3247 2007 3300 calumnia

438 3356 624 3394 eorum
653 3355 771 3409 quae
795 3349 919 3397 sunt
946 3339 1223 3394 invisibilia
1241 3380 1256 3405 ,
1285 3353 1406 3394 cum
1446 3339 1579 3393 nihil
1626 3338 1843 3392 haberet
1868 3337 2010 3393 unde

439 3445 622 3485 eorum
663 3431 823 3483 vitam
872 3429 1326 3494 calumniaretur;
1367 3427 1593 3498 facitque
1634 3438 1695 3483 ut
1732 3427 1784 3481 in
1815 3427 2010 3497 palatio

438 3521 585 3590 quasi
616 3520 1023 3589 prmstigiatores
1042 3519 1205 3589 digito
1223 3528 1664 3574 monstrarentur.
1688 3518 1925 3573 Monachi
1949 3528 2010 3573 ut

438 3614 682 3667 viderunt
709 3627 767 3666 se
794 3628 897 3666 non
926 3613 1101 3666 solum
1128 3611 1480 3682 Theophilum
1509 3626 1612 3664 non
1642 3610 1883 3679 placare,
1912 3609 2008 3665 sed

437 3703 490 3756 in
512 3703 765 3771 majorem
788 3702 918 3756 iram
942 3702 1235 3771 impellere,
1256 3701 1380 3755 dum
1408 3701 1601 3754 multos
1626 3701 2009 3757 intercessores

439 3794 506 3847 ad
546 3794 692 3848 illum
736 3794 990 3859 mittunt,
1033 3794 1249 3862 insuper
1290 3801 1502 3862 paratos
1534 3806 1592 3846 se
1618 3807 1737 3847 esse
1770 3791 2009 3853 dicentes

437 3884 621 3939 falsam
652 3899 865 3940 omnem
902 3883 1197 3939 doctrinam
1222 3882 1668 3938 anathematizare
1698 3900 1711 3936 :
1743 3884 2009 3953 supplices

437 3975 643 4030 libellos
667 3974 858 4030 Joanni
884 3975 1148 4039 offerunt,
1177 3974 1386 4029 diversa
1406 3974 1684 4045 The0phili
1716 3977 2010 4047 tyrannidis

436 4081 629 4134 genera
670 4065 984 4119 denotantes
1007 4106 1021 4130 ,
1068 4064 1332 4133 adjunctis
1372 4064 1686 4135 quibusdam
1716 4066 1965 4135 capitulis
1988 4109 2003 4133 ,

436 4170 553 4225 qu;e
584 4153 743 4223 pudet
764 4168 942 4207 coram
970 4154 1383 4223 simplicioribus
1406 4153 1606 4221 dicere,
1637 4170 1704 4209 ne
1728 4169 1822 4209 eos
1840 4170 1867 4208 a
1895 4171 2012 4210 cre-

435 4244 610 4299 dendo
634 4244 950 4312 deterream,
983 4243 1209 4299 fortasse
1233 4245 1391 4299 etiam
1416 4244 1554 4314 apud
1581 4246 1922 4314 perfectiores
1946 4244 2010 4298 ll-

435 4334 557 4390 dem
580 4349 685 4389 non
707 4336 1036 4392 inventurus.
1054 4335 1259 4389 Rursus
1279 4344 1333 4389 et
1350 4351 1441 4403 per
1459 4336 1691 4404 seipsum
1708 4343 1761 4389 et
1782 4349 1876 4403 per
1890 4334 2007 4389 illos

435 4425 713 4493 episcopos
759 4425 1002 4479 hortatur
1027 4439 1120 4479 eos
1157 4424 1423 4490 Joannes,
1457 4433 1515 4478 ut
1552 4423 1797 4477 desinant
1834 4424 2007 4493 ipsum

435 4527 687 4568 accusare
730 4514 798 4567 ob
842 4514 1133 4568 molestiam
1179 4528 1296 4582 qua:
1343 4528 1405 4567 ex
1454 4512 1755 4581 hujusmodi
1794 4512 2008 4582 judiciis

436 4604 581 4657 nasci
622 4605 757 4657 solet
785 4622 796 4656 :
829 4612 884 4658 et
926 4605 1111 4659 scribit
1138 4604 1433 4674 Theophilo
1463 4622 1477 4657 :
1509 4604 1585 4658 Eo
1623 4603 2008 4673 desperationis

440 4693 678 4747 homines
702 4693 961 4761 ejusmodi
989 4693 1253 4749 devenere
1276 4735 1291 4760 ,
1334 4703 1391 4749 ut
1426 4694 1622 4764 scripto
1654 4704 1710 4750 te
1735 4707 2005 4752 accusent.

437 4786 695 4839 Caeterum
725 4785 864 4853 quod
896 4784 986 4837 tibi
1026 4785 1233 4837 videtur
1271 4786 1503 4840 rescribe
1534 4803 1547 4839 :
1580 4800 1686 4840 non
1733 4789 1873 4842 enim
1920 4804 2007 4844 me

436 4878 652 4931 audiunt
676 4918 689 4942 ,
726 4884 784 4929 ut
811 4889 841 4929 a
867 4875 1130 4929 Comitatu
1167 4875 1460 4930 discedant.
1487 4876 1567 4932 Ob
1589 4878 1851 4948 ejusmodi
1877 4883 2010 4936 scri-

438 4979 523 5041 pta
556 4977 696 5022 totus
723 4966 798 5021 ira
830 4967 1076 5022 incensus
1098 4967 1444 5035 Theophilus,
1471 4970 1539 5024 ab
1564 4969 1802 5025 Ecclesia
1831 4974 2011 5028 exclu-

438 5059 516 5113 dit
542 5058 757 5112 fratrem
787 5058 1167 5112 monachorum
1203 5059 1515 5114 Dioscorum
1550 5062 1892 5132 episcopum,
1918 5066 2009 5135 qui

438 5149 492 5203 in
518 5147 746 5202 Ecclesia
774 5156 1022 5201 senuerat
1049 5166 1062 5201 :
1091 5158 1144 5202 et
1170 5147 1237 5202 ad
1263 5147 1518 5205 Joannem
1547 5152 1853 5222 episcopum
1879 5157 2012 5210 scri-

437 5240 553 5295 bit:
586 5239 827 5294 Arbitror
860 5238 1106 5308 equidem
1137 5255 1240 5294 uon
1270 5242 1513 5312 ignorare
1549 5251 1600 5299 te
1625 5260 1888 5303 canonum
1920 5247 2011 5302 Ni-

437 5345 704 5385 camorum
733 5328 1028 5394 decretum,
1050 5345 1154 5399 quo
1183 5333 1437 5399 sancitur,
1464 5350 1529 5389 ne
1554 5337 1834 5406 cpiscopus
1862 5337 2005 5392 litem

436 5427 586 5473 extra
616 5419 747 5475 fines
773 5432 900 5473 suos
919 5418 1156 5488 judicet:
1186 5422 1229 5473 si
1261 5431 1436 5476 autem
1469 5424 1679 5494 ignoras
1700 5468 1715 5492 ,
1747 5427 1894 5482 disce
1913 5470 1928 5494 ,
1956 5436 2010 5482 et

436 5522 465 5560 a
509 5509 697 5564 libellis
728 5508 981 5564 adversus
1022 5524 1106 5563 me
1142 5508 1366 5564 abstine.
1404 5511 1535 5565 Nam
1578 5514 1621 5567 si
1666 5515 1881 5583 iudicari
1923 5532 2009 5572 me

437 5605 747 5665 oporteret,
789 5600 856 5654 ab
894 5598 1156 5670 {Egyptiis
1196 5597 1458 5669 episeopis
1496 5602 1813 5668 judicandus
1850 5622 2007 5675 sum,

439 5698 543 5736 non
571 5700 601 5738 a
629 5696 679 5741 te
706 5689 794 5758 qui
820 5689 1150 5763 septuaginta
1170 5688 1401 5759 quinque
1425 5688 1628 5744 dierum
1662 5695 1848 5751 itinere
1888 5698 2010 5752 hinc

438 5774 582 5828 abes.

509 5864 634 5919 Car.
679 5882 788 5921 vui.
817 5900 886 5909 —
910 5873 1137 5943 Accepta
1169 5874 1405 5945 lectaque
1435 5888 1497 5928 ea
1524 5874 1742 5944 cpistola
1775 5876 2007 5934 Joannes

438 5972 555 6011 eam
581 5955 788 6027 quidem
810 5974 972 6027 penes
993 5978 1050 6018 se
1098 5966 1344 6032 servavit,
1378 5965 1648 6020 monachis
1677 5975 1850 6022 autem
1879 5984 2004 6038 par-

2142 714 2207 767 tis
2237 715 2511 782 utriusque
2540 731 2599 768 ea
2640 716 2772 771 dixit
2798 732 2916 786 qu.e
2955 718 3020 772 ad
3070 734 3249 788 pacem
3295 735 3466 777 erant.
3507 728 3706 792 Quibus

2137 804 2347 866 auditis,
2383 816 2691 872 exasperata
2728 817 2811 863 est
2836 816 3058 877 utraque
3098 826 3239 879 pars,
3299 812 3385 866 illa
3412 816 3619 882 quidem
3645 826 3703 870 ut

2138 892 2414 963 tyrannide
2440 908 2713 962 oppressa,
2760 897 2927 952 altera
2968 914 3093 952 vero
3133 902 3271 969 quod
3301 902 3501 971 absque
3526 904 3705 958 Theo-

2137 986 2281 1053 philo
2308 984 2611 1039 facultatem
2644 1002 2746 1041 non
2780 989 2999 1043 haberet
3054 992 3292 1045 ineundae
3343 996 3505 1063 pacis,
3546 976 3704 1063 cujus

2128 1075 2281 1144 jussu
2309 1074 2529 1129 dederat
2568 1077 2775 1132 libellos
2802 1080 3081 1133 calumniis
3126 1082 3328 1150 plenos.
3364 1086 3450 1139 Sic
3471 1086 3705 1140 Joannes

2133 1165 2256 1221 dato
2273 1168 2351 1221 eis
2374 1180 2653 1235 reSponso,
2672 1183 2765 1223 eos
2791 1170 2857 1223 ab
2875 1184 2968 1224 sua
2986 1187 3111 1226 cura
3137 1181 3191 1226 et
3209 1176 3522 1243 cogitatione
3543 1178 3703 1231 dimi—

2130 1260 2219 1313 sit.
2247 1259 2374 1313 Post
2391 1258 2504 1312 hmc
2531 1259 2796 1324 monachi,
2820 1265 2907 1330 qui
2934 1263 3123 1331 injuria
3151 1264 3323 1319 allecti
3352 1266 3578 1332 fuerant,
3607 1284 3695 1322 re-

2129 1350 2399 1415 cedentes,
2448 1350 2655 1405 libellos
2683 1352 2910 1422 grandes
2937 1362 2988 1408 et
3020 1354 3275 1410 verbosos
3327 1369 3654 1426 componunt
3682 1376 3695 1411 :

2127 1440 2418 1503 monachos
2442 1442 2657 1511 quidem
2708 1452 2974 1513 tamquam
3001 1444 3411 1501 calumniatores
3438 1461 3697 1501 accusan-

2126 1538 2231 1595 tes,
2261 1530 2517 1586 adversus
2542 1532 2892 1602 Theophilum
2918 1549 3067 1600 vero,
3100 1550 3165 1589 ne
3188 1535 3311 1604 quid
3331 1536 3471 1589 aliud
3499 1536 3690 1601 dicam,

2126 1634 2187 1674 ea
2214 1620 2563 1676 inscribentes
2591 1638 2708 1689 qua:
2737 1632 2889 1677 erant
2907 1623 3207 1693 Theophili,
3229 1635 3282 1680 et
3306 1634 3434 1695 quot
3451 1634 3505 1680 et
3524 1643 3692 1695 quau-

2128 1719 2177 1762 ta
2198 1711 2423 1778 quisque
2455 1720 2692 1763 noverat.
2726 1712 2962 1780 Cumque
3012 1713 3219 1766 libellos
3243 1716 3558 1771 obtulissent
3580 1718 3693 1770 Au-

2125 1799 2313 1867 gustis,
2337 1797 2733 1867 lmperatricem
2759 1800 2955 1855 adeunt
2982 1802 3033 1855 iu
3054 1801 3303 1873 Martyrio
3340 1805 3506 1858 sancti
3530 1805 3691 1859 Joan-

2126 1892 2230 1955 nis,
2260 1900 2537 1959 orantque,
2560 1901 2616 1946 ut
2637 1892 3061 1948 adversariorum
3078 1896 3288 1963 quidem
3314 1896 3691 1949 monachorum

2130 1980 2343 2036 libellus
2394 1981 2536 2050 apud
2593 1982 2871 2050 prrefectos
2943 1987 3368 2049 examinaretur,
3422 1983 3694 2054 Theophi—

2126 2071 2208 2125 lus
2234 2085 2364 2126 vero
2393 2071 2477 2125 vel
2518 2070 2713 2124 invitus
2756 2072 2985 2136 adesset,
3025 2081 3079 2126 et
3121 2088 3300 2126 coram
3326 2074 3529 2128 Joanne
3547 2073 3692 2142 judi-

2119 2169 2353 2216 caretur.
2380 2160 2628 2217 Admissa
2650 2170 2734 2217 est
2757 2162 3059 2231 postulatio,
3087 2179 3205 2231 qua:
3253 2164 3353 2219 hoc
3382 2180 3692 2234 responsum

2121 2250 2272 2305 tulit:
2297 2250 2366 2306 Ut
2396 2251 2720 2320 Theotihilus
2753 2252 2938 2307 volens
2967 2253 3154 2307 nolens
3182 2254 3447 2308 cxhibitus
3473 2268 3567 2323 per
3590 2255 3698 2309 Ma-

2117 2342 2365 2409 gistrum,
2393 2356 2573 2395 coram
2593 2342 2797 2397 Joanne
2816 2358 3031 2398 causam
3054 2344 3255 2400 diceret
3279 2363 3292 2409 ;
3328 2347 3572 2400 monachi
3592 2362 3689 2401 au-

2122 2438 2228 2483 tem
2259 2444 2327 2483 ex
2364 2431 2603 2501 partibus
2633 2431 2918 2501 Theophili
2942 2442 2999 2486 ut
3032 2434 3131 2487 sibi
3173 2444 3477 2489 constarent
3502 2438 3552 2489 iu
3584 2436 3684 2501 Itis,

2120 2532 2346 2587 quorum
2370 2527 2583 2574 sanctos
2607 2534 2763 2575 senes
2811 2532 3208 2589 accusaverant,
3239 2525 3691 2579 autcalunmiato-

2119 2622 2237 2661 rum
2267 2622 2451 2676 pmnas
2476 2608 2734 2664 subirent.
2765 2610 2853 2665 Sic
2898 2611 3052 2681 igitur
3083 2613 3456 2667 Alexandriam
3501 2614 3693 2669 missus

2119 2707 2197 2752 est
2229 2698 2506 2768 Elaphius,
2554 2701 2643 2770 qui
2669 2716 2808 2757 nunc
2849 2717 2915 2756 ex
2942 2702 3269 2772 principibus
3292 2714 3393 2767 est,
3426 2713 3483 2758 nt
3512 2703 3689 2759 Theo-

2118 2789 2321 2858 philum
2363 2791 2653 2847 adduceret
2681 2810 2694 2845 :
2723 2793 2925 2862 reliqua
2965 2794 3203 2863 responsi
3236 2794 3523 2864 impcrialis
3550 2810 3689 2863 pne-

2118 2879 2239 2934 fecti
2261 2882 2536 2950 exsequuti
2568 2890 2712 2936 sunt.
2735 2882 2866 2937 Cum
2906 2884 3174 2937 accusatio
3214 2884 3609 2938 exanimaretur
3635 2894 3691 2938 et

2116 2972 2168 3026 in
2187 2973 2443 3027 incertum
2461 2973 2745 3038 desineret,
2773 2974 2916 3044 leges
2934 2975 3145 3044 quidem
3173 2977 3437 3031 instabant
3455 2976 3687 3046 gladium

2116 3062 2464 3129 renudantes;
2490 3064 2669 3117 miseri
2698 3076 2873 3120 autem
2896 3065 2973 3120 illi
2999 3077 3248 3121 eventum
3263 3067 3440 3132 veriti,
3471 3066 3683 3121 dilatio-

2114 3168 2237 3208 nem
2263 3162 2450 3222 petnnt
2472 3169 2637 3223 usque
2653 3156 2721 3209 ad
2746 3155 3027 3226 TheOphili
3053 3156 3357 3221 adventum,
3377 3158 3572 3227 quippe
3601 3158 3691 3226 qui

2114 3245 2260 3314 ipsos
2304 3246 2652 3300 subornasset
2706 3255 2761 3301 et
2793 3248 3205 3318 supplicationes
3253 3248 3575 3302 dictavisset.
3614 3247 3689 3303 Ita

2113 3333 2368 3387 officiales
2392 3349 2487 3388 eos
2509 3335 2851 3390 incarcerem
2878 3336 3166 3404 conjiciunt
3196 3351 3363 3405 usque
3391 3335 3456 3391 ad
3480 3337 3683 3391 adven—

2116 3433 2227 3478 tum
2255 3424 2559 3494 Theophili,
2580 3426 2820 3492 nolentes
2845 3427 2899 3479 in
2928 3427 3017 3479 tali
3043 3441 3200 3481 causa
3218 3426 3386 3481 vades
3414 3428 3680 3495 accipere.

2119 3512 2189 3567 Et
2216 3512 2402 3566 horum
2431 3513 2642 3582 quidem
2663 3514 2962 3567 moriuntur
2998 3514 3232 3568 nonnulli
3262 3515 3315 3568 in
3346 3514 3575 3569 vinculis
3591 3513 3685 3568 diu

2114 3603 2374 3659 demorati
2396 3604 2465 3658 ob
2488 3594 2756 3658 adventus
2788 3603 3063 3673 Theophili
3084 3603 3380 3659 tarditatem
3413 3622 3426 3658 :
3454 3605 3544 3657 alii
3560 3618 3687 3658 vero

2115 3701 2237 3763 post
2261 3693 2546 3747 adventum
2579 3692 2874 3763 Theophili,
2906 3694 2995 3762 qui
3040 3708 3151 3747 rem
3206 3694 3425 3761 pecunia
3474 3692 3680 3748 facilem

2113 3783 2438 3849 reddiderat,
2467 3784 2520 3837 in
2544 3794 2806 3853 postrema
2837 3785 3265 3854 interrogatione,
3298 3794 3567 3854 tamquam
3590 3799 3684 3840 ca-

2115 3877 2478 3940 lumniatores,
2508 3877 2902 3932 Proeonnesum
2924 3892 2956 3931 a
2980 3877 3250 3946 judicibus
3292 3878 3509 3948 relegati
3540 3887 3681 3933 sunt.

2113 3966 2201 4022 Sic
2223 3966 2509 4023 adveniens
2537 3966 2863 4036 Theophilus
2889 3967 3053 4022 veluti
3078 3968 3376 4025 scarabzeus
3398 3969 3523 4022 timo
3546 3984 3684 4023 onu-

2112 4067 2227 4115 stus
2264 4058 2741 4129 pulcherrimarum
2780 4076 2961 4116 rerum
2976 4077 3095 4131 qua:
3126 4062 3177 4115 in
3220 4059 3452 4130 Egypto
3494 4068 3691 4115 suntet

2113 4149 2164 4202 in
2196 4149 2308 4218 ipsa
2336 4148 2480 4203 India
2505 4150 2876 4205 suavissimum
2907 4151 3125 4206 odorem
3173 4166 3268 4222 pro
3289 4150 3469 4207 ftetida
3496 4149 3692 4205 invidia

2112 4255 2393 4311 spargens,
2422 4251 2572 4297 sexta
2602 4242 2754 4310 hora,
2781 4244 2965 4314 quinta
2992 4243 3197 4299 sabbati
3236 4243 3686 4312 ConstantinOpo-

2112 4331 2206 4386 lim
2231 4332 2397 4400 venit,
2426 4336 2602 4389 nautis
2643 4335 3243 4407 circumplaudentibus,
3270 4334 3517 4389 infamem
3549 4332 3691 4389 refe-

2112 4438 2237 4478 rens
2284 4424 2526 4493 gloriam,
2556 4424 2624 4480 de
2675 4442 2775 4495 qua
2833 4427 3001 4480 multo
3045 4436 3169 4480 ante
3197 4426 3336 4480 dixit
3371 4424 3688 4493 apostolus:

2118 4513 2347 4581 Quorum
2393 4515 2557 4585 gloria
2594 4516 2646 4568 in
2689 4517 2986 4585 confusione
3024 4518 3249 4586 ipsorum
3274 4530 3294 4567 :
3331 4515 3554 4579 addens,
3588 4514 3687 4580 Qui

2114 4614 2311 4658 terrena
2360 4604 2859 4678 sapiunt(Philipp.
2911 4608 2965 4662 3.
3007 4606 3157 4676 l9):
3208 4614 3262 4661 et
3308 4606 3682 4675 hOSpitaturin

2114 4696 2354 4750 tentoriis
2374 4696 2714 4766 injustorum,
2739 4698 2945 4768 fugiens
2984 4699 3265 4754 ecclesiam
3295 4700 3531 4754 :oblitus
3579 4700 3685 4754 Da-

2112 4785 2272 4841 vidici
2317 4787 2502 4843 illius:
2552 4788 2697 4861 Elegi
2717 4790 2941 4860 abjectus
2978 4807 3085 4845 esse
3136 4792 3190 4845 in
3231 4790 3381 4844 domo
3437 4791 3529 4845 Dei
3571 4795 3687 4856 mei,

2113 4877 2275 4947 magis
2299 4894 2452 4947 quam
2474 4880 2698 4933 habitare
2721 4882 2773 4932 in
2799 4880 3132 4935 tabernaculis
3157 4892 3469 4949 peccatorum
3496 4882 3515 4951 (
3543 4881 3682 4935 Paul.

2115 4967 2203 5023 85.
2222 4970 2281 5023 lt
2305 4967 2326 5040 )
2350 4987 2363 5035 ;
2394 4971 2488 5025 sed
2500 4970 2566 5024 ab
2585 4970 2809 5024 ecclesia
2831 4985 2952 5023 emn
2982 4972 3196 5024 arcebat
3224 4985 3316 5025 sua
3334 4972 3681 5025 conscientia.

2116 5056 2485 5113 Commoratus
2514 5059 2669 5127 igitur
2688 5066 2797 5114 tres
2823 5062 3167 5129 septimauas,
3191 5075 3364 5130 neque
3385 5075 3503 5115 cum
3530 5061 3691 5117 Joan-

2116 5166 2185 5206 ne
2204 5152 2449 5219 episcopo
2474 5164 2792 5218 congressus
2818 5159 2921 5217 est,
2946 5161 3003 5206 ut
3021 5153 3196 5206 solent
3215 5153 3471 5222 episcopi,
3513 5168 3686 5222 neque

2116 5242 2331 5296 omnino
2358 5239 2584 5295 accessit
2606 5239 2672 5294 ad
2692 5243 2972 5297 ecclesiam
3006 5261 3019 5298 ε
3049 5259 3231 5298 verum
3279 5244 3491 5299 assidue
3522 5246 3686 5298 inter-

2115 5330 2204 5384 diu
2240 5337 2294 5383 et
2318 5339 2475 5384 noctu
2505 5332 2861 5387 contendebat
2891 5348 3084 5387 novum
3111 5334 3288 5387 odium
3324 5334 3488 5388 veteri
3522 5348 3682 5387 accu-

2116 5420 2343 5486 mulans,
2376 5419 2711 5477 utJoannem
2738 5423 3045 5493 episcopum
3088 5439 3191 5478 non
3239 5426 3410 5478 solum
3448 5422 3685 5479 Ecclesia

2114 5512 2423 5581 expelleret,
2446 5513 2538 5567 sed
2571 5515 2681 5583 ipsa
2722 5516 2829 5569 vita
2882 5517 3133 5585 privaret,
3181 5516 3371 5585 partim
3406 5514 3684 5585 largitione

2115 5601 2227 5655 auri
2254 5613 2436 5656 contra
2463 5604 2739 5659 veritatem
2770 5606 3164 5674 superstitiosos
3185 5619 3215 5658 e
3245 5606 3547 5673 potentibus
3569 5608 3689 5663 red-

2116 5695 2306 5758 imens,
2346 5694 2537 5763 partim
2593 5696 2901 5751 lautioribus
2956 5696 3128 5765 epulis
3172 5697 3311 5765 gulzn
3351 5697 3557 5753 deditos
3585 5699 3687 5754 sibi

2116 5788 2444 5857 mancipans,
2473 5790 2660 5859 partim
2692 5790 2954 5844 blanditiis
2979 5798 3034 5843 et
3061 5804 3157 5859 spe
3181 5791 3396 5861 majoris
3420 5791 3689 5860 dignitatis

2118 5879 2197 5932 sui
2224 5878 2426 5935 similes
2457 5880 2773 5950 impostores
2792 5896 2821 5934 e
2850 5880 3060 5935 clericis
3090 5882 3140 5936 in
3164 5897 3286 5937 suas
3305 5890 3485 5953 partes
3509 5881 3675 5935 abdu-

2117 5984 2258 6025 cens.
2294 5971 2426 6028 Istos
2448 5986 2566 6027 cum
2602 5974 2715 6028 sine
2753 5972 2983 6028 funiculo
3012 5973 3365 6044 voluptatibus
3380 5973 3684 6043 .coltigasset
