4466 6702
757 597 826 647 27
2045 600 2124 654 PA
2134 601 2361 656 LLADll
2399 600 2647 660 DlALOG
2656 603 2740 659 US
3956 612 4026 666 23

756 720 963 774 omnes,
990 705 1152 760 veluti
1179 706 1425 762 seductor
1441 707 1652 777 quidam
1674 708 1901 774 daemon,
1926 711 2328 781 animorumque

753 798 1009 867 judicium
1035 799 1361 864 fascinasset,
1380 800 1446 853 ad
1475 800 1664 854 fabula:
1687 800 2333 858 ministeriumdaemonia-

758 903 876 941 cam
924 902 1200 956 personam
1245 891 1454 957 quaesiit
1483 908 1495 942 :
1529 906 1683 960 quam
1711 891 1926 958 quidem
1958 895 2114 948 etiam
2144 905 2223 948 est
2249 909 2333 947 as-

760 987 1032 1044 sequntus.
1064 976 1194 1031 Nam
1250 993 1372 1033 cum
1413 981 1620 1036 diaconi
1647 982 1750 1035 duo
1793 998 1824 1036 a
1853 983 2056 1039 Joanne
2087 986 2338 1054 episcopo

761 1066 915 1134 ejecti
935 1077 1112 1121 essent
1155 1083 1218 1122 ex
1252 1069 1489 1126 Ecclesia
1525 1072 1592 1125 ob
1617 1073 1854 1126 enormia
1887 1078 2109 1140 scelera,
2152 1076 2338 1128 horum

768 1155 852 1208 ille
883 1155 1094 1212 levitate
1141 1159 1358 1229 abusus,
1404 1164 1686 1230 persuadet
1731 1173 1785 1217 ut
1835 1165 2039 1220 libellos
2092 1167 2342 1219 adversus

767 1243 1021 1300 Joannem
1048 1248 1194 1314 dent,
1222 1252 1483 1320 pollicitus
1540 1268 1634 1306 eos
1661 1255 1709 1307 in
1753 1256 1927 1310 locum
1960 1257 2237 1311 ministerii
2263 1257 2344 1310 sui

765 1351 825 1390 se
849 1339 1257 1410 restituturum(
1294 1351 1406 1395 erat
1453 1355 1630 1397 autem
1683 1362 1868 1401 eorum
1918 1350 2142 1415 crimen,
2187 1346 2346 1417 hujus

768 1429 983 1496 quidem
1021 1431 1355 1494 adulterium,
1390 1433 1529 1488 illius
1571 1452 1697 1489 vero
1751 1438 2130 1508 homicidium)
2165 1458 2178 1492 :
2207 1439 2347 1508 quod

770 1526 822 1570 et
846 1519 1104 1585 praestitit.
1142 1518 1271 1573 Nam
1312 1532 1432 1590 post
1457 1524 1699 1577 exsilium
1757 1525 1978 1580 Joannis
2005 1542 2097 1581 eos
2127 1528 2179 1581 in
2229 1529 2345 1583 loca

768 1619 865 1660 sua
891 1609 1142 1675 reposuit,
1172 1623 1292 1662 cum
1323 1612 1526 1666 scilicet
1557 1613 1764 1668 libellos
1788 1615 2075 1682 dedissent,
2108 1633 2241 1686 quos
2262 1619 2351 1673 ille

771 1697 883 1764 ipse
906 1695 1215 1763 dictaverat,
1243 1699 1374 1753 nihil
1393 1701 1603 1770 quidem
1627 1703 1736 1756 veri
1772 1706 2126 1773 continentes,
2156 1718 2350 1776 praeter

772 1786 873 1841 hoc
899 1804 1079 1854 unum,
1111 1791 1254 1860 quod
1280 1792 1597 1848 admonebat
1648 1805 1704 1849 ut
1739 1811 1925 1852 omnes
1966 1809 2085 1867 post
2110 1814 2351 1855 commu-

771 1879 984 1932 nionem
1009 1895 1201 1950 aquam
1227 1892 1320 1937 aut
1342 1885 1611 1953 pastillum
1634 1885 1996 1956 degustarent,
2022 1905 2088 1944 ne
2118 1905 2239 1944 cum
2269 1905 2356 1943 sa-

773 1967 879 2026 liva
907 1975 1198 2042 autpituita
1219 1975 1416 2045 aliquid
1440 1992 1470 2030 e
1515 1978 1759 2047 symbolo
1809 1983 2130 2036 sacramenti
2162 1991 2355 2050 praeter

777 2063 1100 2118 voluntatem
1121 2076 1439 2134 esspuerent
1472 2084 1484 2119 :
1515 2069 1655 2136 quod
1699 2070 1898 2138 primus
1952 2071 2064 2139 ipse
2108 2070 2354 2138 faciebat,

776 2163 830 2208 et
855 2170 949 2210 eos
977 2157 1282 2226 quivcllent
1307 2160 1371 2213 ad
1404 2161 1712 2230 religionem
1752 2179 1813 2217 ac
1839 2165 2189 2218 reverentiam
2231 2181 2358 2220 eru-

778 2245 978 2300 diebat.
1024 2249 1270 2318 Acceptis
1309 2250 1519 2315 libellis,
1552 2253 1658 2305 coit
1698 2253 1747 2305 in
1794 2253 1995 2306 mdibus
2040 2254 2360 2325 Eugraphia:

779 2353 900 2392 cum
929 2339 1240 2405 Severi-mo,
1273 2341 1554 2408 Antiocho,
1588 2345 1801 2406 Aeaeio,
1830 2355 1883 2398 et
1926 2346 2146 2417 reliquis
2170 2348 2360 2403 Joanni

781 2429 1002 2484 infensis
1029 2440 1245 2498 propter
1274 2432 1540 2487 mochIas
1566 2434 1682 2502 ejus
1705 2435 2117 2493 admonitiones.
2149 2439 2366 2496 Solebat

781 2518 1123 2575 enimbcatus
1149 2522 1236 2576 ille
1259 2524 1505 2594 exemplo
1542 2525 1690 2580 Pauli
1719 2536 1772 2581 et
1797 2527 2007 2596 publice
2026 2539 2080 2584 et
2120 2530 2364 2600 privatim

785 2608 821 2666 h
845 2620 1065 2665 inestum
1080 2611 1397 2668 ctdecorum
1417 2614 1664 2680 edocere,
1688 2619 1979 2686 prmsertim
1999 2620 2130 2674 tales
2155 2621 2366 2677 assidue

789 2700 1102 2771 increpans:
1129 2704 1265 2770 Quid
1292 2715 1449 2760 aetate
1471 2707 1580 2775 jam
1608 2723 1761 2772 anus,
1795 2711 1956 2763 etiam
1984 2725 2178 2780 corpus
2211 2726 2367 2780 repu-

788 2789 1009 2846 bescere
1037 2796 1242 2864 cogitis,
1267 2796 1543 2852 cincinnos
1571 2799 1729 2852 veluti
1756 2802 2107 2856 meretricula:
2122 2811 2366 2872 gerentes

787 2878 843 2932 in
870 2880 1056 2942 fronâ€˜te.
1085 2886 1402 2940 contumelia
1432 2886 1724 2944 afficientes
1759 2891 1917 2944 etiam
1945 2891 2196 2946 honestas
2244 2892 2367 2948 reli-

788 2974 1358 3044 quas,etdecipientes
1381 2992 1475 3032 eos
1509 2980 1598 3049 qui
1630 2981 1902 3036 vobiscum
1951 2983 2259 3054 loquuntur,
2285 2985 2367 3037 id-

793 3081 894 3135 que
917 3067 1129 3121 Vidine?
1165 3069 1481 3141 Cougregati
1529 3081 1704 3127 autem
1750 3075 2060 3143 qumrebant
2103 3076 2371 3144 quomodo

786 3159 1046 3227 judicium
1063 3161 1384 3217 ordirentur.
1406 3162 1552 3219 Unus
1568 3179 1697 3220 vero
1713 3167 1859 3221 exiis
1878 3167 2219 3237 quiaderant,
2249 3182 2375 3236 sug-

792 3250 1000 3315 gessit:
1033 3251 1223 3306 darent
1268 3253 1478 3309 libellos
1515 3254 1846 3325 Imperatori,
1878 3268 1932 3313 et
1977 3258 2235 3314 Joannem
2287 3259 2370 3314 vel

792 3340 1013 3396 invitum
1038 3342 1104 3396 ad
1158 3359 1464 3400 consessum
1496 3347 1788 3403 traherent.
1819 3349 1874 3404 ld
1930 3350 2087 3420 igitur
2114 3351 2193 3417 fit,
2238 3352 2375 3407 sicut

793 3430 919 3483 olim
937 3431 1075 3502 apud
1095 3431 1327 3498 Judaaos,
1351 3449 1484 3491 auro
1499 3437 1676 3490 omnia
1694 3453 1858 3508 prona
1881 3447 1936 3493 et
1959 3439 2129 3494 facilia
2147 3441 2373 3496 redden-

794 3530 868 3575 te.
898 3522 1120 3577 Eramus
1144 3524 1490 3594 quadraginta
1518 3527 1753 3596 episcopi
1779 3542 1899 3581 cum
1938 3527 2142 3586 Joanne
2168 3531 2374 3599 episco-

797 3628 887 3682 po,
917 3614 1166 3669 sedentes
1214 3617 1265 3670 in
1313 3617 1541 3671 triclinio
1597 3619 1892 3688 cpiscopii;
1935 3629 2211 3689 stupentes
2241 3637 2374 3691 quo-

799 3704 957 3759 modo
979 3719 1120 3780 rcus,
1150 3715 1204 3758 ct
1225 3716 1440 3776 propter
1463 3707 1624 3777 impia
1675 3709 1896 3762 crimina
1927 3710 2071 3765 solus
2100 3711 2167 3765 ad
2192 3711 2375 3766 Comi-

799 3805 964 3850 tatum
992 3797 1171 3851 venire
1194 3797 1395 3867 jussus,
1437 3813 1558 3853 cum
1605 3806 1684 3854 tot
1708 3799 1974 3871 episcopis
2024 3799 2328 3858 advenisset
2360 3821 2373 3855 :

799 3903 904 3956 quo
927 3898 1078 3958 pacto
1107 3890 1402 3957 principum
1431 3901 1485 3946 et
1526 3893 1928 3962 magiStratuum
1961 3897 2254 3949 sententias
2279 3910 2373 3949 su-

798 3977 909 4030 bito
937 3988 1334 4045 commutasset,
1379 3981 1644 4051 plerisque
1686 3982 1754 4036 de
1794 3984 1941 4038 clero
1996 3984 2049 4038 in
2073 3985 2223 4054 pejus
2253 4000 2376 4054 per-

798 4070 985 4121 versis.
1013 4067 1276 4123 Cteterum
1298 4071 1680 4127 admirantibus
1696 4075 1870 4138 nobis,
1902 4076 1996 4130 Dei
2011 4077 2200 4144 spiritu
2223 4076 2378 4130 affla-

799 4165 887 4212 tus
912 4158 1141 4213 Joannes
1157 4161 1404 4214 omnibus
1426 4161 1560 4216 dixit
1591 4179 1604 4214 :
1632 4163 1813 4227 Orate,
1834 4162 2114 4229 fratres,et
2138 4165 2194 4234 si,
2222 4180 2372 4219 ama-

801 4249 872 4302 tis
895 4248 1182 4310 Christum,
1215 4265 1371 4304 nemo
1397 4251 1503 4305 mei
1543 4264 1702 4305 causa
1728 4251 2022 4307 Ecclesiam
2049 4269 2200 4308 suam
2219 4253 2379 4309 dese-

802 4345 888 4395 rat
917 4357 934 4394 :
963 4338 1069 4407 Ego
1092 4340 1220 4391 enim
1241 4342 1354 4408 jam
1380 4339 1591 4407 delibor,
1611 4353 1658 4394 et
1683 4352 1873 4411 tempus
1907 4345 2225 4398 resolutionis
2261 4361 2384 4399 mea:

806 4429 1079 4499 i.1stat(2.
1110 4428 1242 4481 Tim.
1297 4432 1348 4484 4.
1396 4433 1429 4485 Ï‹
1462 4432 1667 4500 ),juxta
1709 4433 1927 4488 Paulum
1952 4435 2106 4503 cujus
2149 4450 2211 4490 ea
2258 4447 2382 4490 sunt

805 4517 967 4570 verba
1001 4529 1089 4571 :et
1114 4519 1307 4572 multas
1338 4535 1621 4589 perpessus
1659 4522 1994 4588 afflictiones,
2043 4525 2201 4578 vitam
2230 4535 2286 4578 ut
2308 4526 2383 4580 vi-

803 4609 906 4662 deo
936 4610 1213 4663 relicturus
1256 4626 1394 4665 sum.
1445 4612 1577 4667 Novi
1604 4615 1745 4669 enim
1798 4625 1998 4670 satana:
2046 4617 2286 4686 insidias,
2315 4635 2380 4673 eo

807 4702 946 4768 quod
978 4718 1079 4754 non
1109 4703 1335 4770 amplius
1371 4705 1632 4758 sustineat
1685 4708 1888 4773 pondus
1930 4723 2171 4762 meorum
2187 4708 2378 4764 adver-

806 4805 901 4845 sus
931 4791 1098 4858 ipsum
1125 4807 1450 4846 sermonum.
1497 4793 1572 4846 lta
1618 4795 2034 4849 misericordiam
2081 4811 2380 4865 consequa-

807 4881 960 4934 mini.
1019 4880 1073 4933 ln
1126 4882 1454 4936 orationibus
1496 4883 1688 4938 vestris
1733 4900 1997 4938 memores
2040 4893 2212 4938 estote
2257 4887 2381 4938 mei.

807 4973 1110 5028 Incredibili
1151 4975 1311 5044 igitur
1349 4991 1582 5031 moerere
1619 4977 1872 5045 correpti,
1933 4976 2025 5030 alii
2066 4975 2276 5046 quidem
2307 4977 2386 5029 la-

809 5067 1204 5135 crymabantur,
1259 5067 1347 5120 alii
1413 5083 1540 5123 vero
1592 5068 2063 5139 egrediebanture
2107 5081 2381 5130 consessu,

807 5157 994 5210 oculos
1023 5165 1076 5210 ct
1097 5171 1303 5211 sacrum
1333 5169 1487 5227 caput
1536 5171 1694 5229 atque
1737 5160 2015 5214 facundum
2067 5175 2129 5214 ac
2170 5161 2381 5216 beatum

807 5248 925 5317 ejus
949 5261 1009 5301 os
1038 5246 1499 5311 dcosculabantur,
1532 5250 1584 5302 in
1620 5251 1880 5320 lacrymas
1921 5251 2069 5306 effusi
2100 5263 2152 5306 et
2178 5253 2379 5321 singul-

811 5355 913 5397 tus.
961 5343 1090 5397 Cum
1107 5360 1229 5398 vero
1254 5359 1346 5398 eos
1388 5344 1722 5399 obsecrasset
1759 5345 2010 5408 Joannes,
2054 5357 2106 5398 ut
2133 5347 2198 5400 ad
2253 5361 2382 5400 con-

806 5448 1013 5488 sessum
1063 5433 1318 5497 redirent,
1360 5437 1461 5489 huc
1514 5435 1641 5489 illuc
1677 5435 1996 5497 volitantes,
2054 5436 2216 5489 veluti
2259 5449 2386 5505 apes

814 5530 949 5577 circa
998 5525 1224 5579 alvearia
1278 5527 1690 5596 obstrepentes:
1733 5525 1970 5589 Sedete,
2031 5525 2123 5589 ait,
2177 5525 2385 5589 fratres,

810 5633 857 5671 ei
893 5618 1020 5669 flere
1047 5618 1273 5672 desinite
1352 5634 1416 5674 eo
1459 5620 1686 5688 amplius
1733 5633 1818 5670 me
1858 5616 2191 5670 emollientes
2222 5633 2233 5666 :
2259 5615 2389 5669 Mihi

804 5713 939 5760 enim
966 5710 1124 5764 vivere
1151 5712 1379 5769 Christus
1403 5724 1472 5767 est
1495 5756 1508 5777 ,
1539 5723 1585 5766 et
1611 5713 1738 5765 mori
1770 5711 1964 5764 lucrum
2002 5709 2019 5779 (
2049 5707 2292 5778 Philipp.
2328 5710 2375 5762 l.

809 5801 870 5853 2t
895 5799 935 5874 ).
969 5800 1099 5856 Nam
1127 5808 1493 5873 percrebuerat
1517 5806 1661 5858 illum
1691 5803 1862 5858 securi
1892 5816 2201 5872 percussum
2236 5801 2296 5854 iri
2319 5801 2386 5854 ob

812 5891 1024 5946 nimiam
1049 5895 1292 5962 loquendi
1321 5894 1637 5953 libertatem.
1661 5895 1727 5948 Et
1753 5899 1795 5948 si
1825 5892 2162 5954 meministis,
2188 5907 2388 5946 memo-

814 5985 920 6036 rias
953 5995 1147 6041 vestras
1198 5986 1447 6057 replicate
1488 5984 1630 6055 quod
1671 6000 1882 6058 semper
1921 5983 2071 6040 vobis
2113 5982 2340 6039 dixerim
2373 5999 2384 6035 :

2449 712 2548 768 Via
2574 725 2655 769 est
2685 716 2786 769 vita
2815 729 3082 783 praesens,
3115 718 3267 787 cujus
3306 717 3423 772 lmta
3464 727 3623 787 atque
3653 718 3875 774 molesta
3907 737 4027 790 per-

2452 813 2726 860 transeunt
2745 824 2755 858 :
2781 816 2832 860 et
2850 816 3112 860 mercatus
3128 820 3208 862 est
3227 824 3459 879 praesens
3479 808 3726 862 saxulum
3751 825 3764 862 :
3783 811 4028 874 emimus,

2451 897 2804 958 vendidimus,
2831 905 2883 949 et
2911 895 3255 954 discedimus.
3282 899 3416 954 Num
3445 900 3692 954 meliores
3721 914 3907 953 sumus
3933 917 4028 968 pa-

2455 987 2720 1054 triarchis,
2750 987 3041 1057 prophetis,
3071 991 3347 1056 apostolis,
3381 999 3435 1046 at
3457 991 3611 1046 nobis
3640 989 3740 1044 hoc
3769 989 3891 1042 vita:
3921 990 4022 1043 im-

2455 1079 2679 1132 mortale
2705 1076 3048 1147 permaneat?
3075 1078 3224 1134 'lâ€˜unc
3249 1081 3460 1149 quidam
3489 1097 3553 1136 ex
3583 1081 3646 1135 iis
3671 1080 3758 1150 qui
3789 1077 4031 1141 aderant.

2455 1168 2659 1234 ejnlans
2696 1168 2861 1221 dixit:
2889 1165 2994 1220 Sed
3040 1167 3394 1224 lamentamur
3434 1171 3714 1226 orbitatem
3757 1177 3991 1223 nostram
4016 1211 4032 1234 ,

2459 1257 2713 1312 Ecclesia:
2742 1256 3049 1310 viduitatem
3073 1296 3089 1322 ,
3137 1272 3405 1313 sacrarum
3449 1261 3624 1330 legum
3664 1261 3991 1315 eversionem
4017 1298 4034 1326 ,

2457 1351 2798 1404 ambitionem
2824 1364 3006 1403 eorum
3035 1349 3123 1418 qui
3153 1365 3256 1402 non
3289 1351 3475 1404 timent
3506 1353 3785 1406 Dominum
3807 1393 3822 1417 ,
3851 1360 3903 1405 ct
3937 1350 4034 1404 Ec-

2458 1442 2636 1496 clesia:
2676 1439 3031 1512 gubernacula
3086 1439 3378 1502 invadunt,
3420 1443 3562 1495 omni
3609 1459 3709 1513 ope
3756 1443 4037 1497 destitutos

2461 1548 2756 1602 pauperes,
2788 1543 2844 1588 et
2869 1531 3125 1587 doctrinaâ€œ:
3166 1529 3458 1598 penuriam.
3499 1531 3631 1584 Cum
3670 1540 3844 1586 autem
3874 1531 4039 1600 digito

2460 1623 2636 1678 indice
2662 1625 2889 1694 palmam
2920 1623 3149 1677 sinistrae
3178 1635 3363 1674 manus
3393 1621 3741 1689 percussisset
3771 1623 4036 1689 (consue-

2461 1725 2614 1770 verat
2641 1717 2783 1771 enim
2811 1716 3008 1770 Christi
3039 1729 3221 1768 amans
3247 1711 3497 1775 Joannes,
3521 1726 3641 1764 cum
3672 1721 3814 1765 esset
3840 1714 4041 1781 cogita-

2463 1806 2677 1862 bundus
2707 1806 2759 1860 id
2788 1807 3016 1874 facere),
3041 1819 3099 1858 se
3125 1802 3411 1873 alloquenti
3440 1802 3512 1854 ait
3538 1819 3550 1854 :
3580 1799 3820 1865 Sufficit,
3853 1803 4039 1868 frater,

2465 1913 2532 1953 ne
2559 1899 2710 1967 plura
2742 1898 2978 1966 loquere,
3008 1895 3100 1949 sed
3128 1895 3267 1963 quod
3291 1894 3396 1948 dixi
3426 1935 3445 1960 ,
3463 1893 3727 1947 Ecclesias
3753 1901 3954 1946 vestras
3976 1910 4044 1949 ne

2465 1988 2736 2044 dimittite.
2760 1989 2938 2057 Neque
2962 1985 3100 2041 enim
3129 2000 3158 2038 a
3185 2001 3270 2039 me
3295 1986 3488 2054 incepit
3513 1984 3903 2054 prredicationis
3924 2000 4042 2037 mll-

2467 2096 2588 2147 nus,
2618 2096 2790 2148 neque
2817 2079 2868 2132 in
2898 2092 2984 2130 me
3011 2075 3183 2130 desiit.
3208 2073 3395 2128 Nonne
3424 2084 3664 2129 mortuus
3691 2083 3774 2128 est
3800 2074 4044 2144 Moyses?

2468 2183 2522 2226 et
2547 2188 2650 2226 non
2681 2172 2920 2224 inventus
2951 2177 3033 2221 est
3055 2165 3245 2220 Jesus?
3265 2165 3452 2219 Nonne
3472 2164 3699 2218 decessit
3723 2164 3971 2219 Samuel?
3992 2174 4046 2219 et

2470 2277 2574 2316 non
2606 2268 2792 2313 unctus
2819 2266 2898 2312 est
2918 2255 3114 2311 David?
3137 2255 3310 2310 Vitam
3334 2253 3546 2324 reliquit
3566 2252 3844 2319 Jeremias,
3869 2268 4048 2309 nonne

2469 2351 2668 2407 exstitit
2697 2348 2942 2403 Baruch?
2968 2349 3286 2418 Assumptus
3311 2355 3392 2402 est
3412 2346 3575 2410 Elias,
3605 2359 3783 2399 nonne
3809 2344 4046 2414 prophe-

2475 2443 2600 2498 tavit
2624 2441 2844 2495 Elismus
2865 2442 2888 2492 ?
2911 2439 3073 2494 Paulo
3099 2446 3428 2508 amputatum
3455 2447 3538 2492 est
3560 2445 3740 2505 caput,
3767 2451 3941 2490 nonne
3964 2450 4048 2489 re-

2473 2533 2625 2601 liquit
2645 2531 3008 2595 Timotheum,
3037 2530 3237 2593 Titum,
3263 2526 3455 2597 Apollo
3476 2535 3529 2581 et
3552 2528 3685 2580 alios
3706 2525 4049 2580 innumeros?

2472 2622 2599 2678 Post
2633 2623 2747 2676 inec
2774 2623 2954 2684 verba,
2981 2620 3248 2690 Eulysius,
3276 2619 3557 2688 episcopus
3586 2617 3835 2686 Apamea:
3875 2615 3927 2668 in
3958 2615 4046 2668 Bi-

2475 2712 2687 2782 thynia.
2721 2713 2832 2766 ait:
2857 2711 3086 2766 Necesse
3129 2719 3210 2763 est
3251 2722 3348 2762 nos
3381 2707 3645 2762 Ecclesias
3679 2713 3888 2760 nostras
3913 2705 4050 2759 obti-

2473 2813 2662 2858 nentes
2710 2804 2826 2872 cogi
2873 2811 2927 2857 et
2974 2800 3374 2856 communicare
3411 2806 3464 2852 et
3509 2796 3862 2852 subscribere.
3907 2796 4047 2850 Dixit

2475 2903 2686 2950 sanctus
2717 2892 2948 2947 Joannes
2973 2908 2986 2946 :
3012 2889 3415 2946 Communicate
3440 2887 3675 2958 quidem,
3701 2901 3768 2941 ne
3795 2885 4049 2940 scindatis

2477 2986 2790 3052 Ecclesiam,
2821 2984 2914 3039 sed
2944 2983 3106 3038 nolite
3136 2981 3468 3037 subscribere
3493 2999 3505 3034 :
3535 2978 3726 3033 nullius
3754 2978 3896 3033 enim
3923 2976 4049 3030 faei-

2478 3076 2624 3130 noris
2651 3074 2779 3130 mihi
2810 3073 3053 3129 conscius
3082 3087 3198 3126 sum
3218 3112 3234 3137 ,
3278 3078 3493 3140 propter
3523 3066 3664 3138 quod
3701 3066 3893 3135 deponi
3937 3081 4053 3119 me-

2479 3165 2699 3220 ruerim.
2739 3163 2864 3218 Hmc
2903 3178 3024 3217 cum
3068 3162 3140 3216 ita
3183 3174 3303 3215 sese
3333 3157 3622 3222 haberent,
3653 3156 3950 3210 nuntiatum
3976 3163 4058 3208 est

2481 3256 2692 3311 adstare
2717 3254 2806 3325 qui
2853 3270 2883 3308 a
2911 3251 3208 3321 Theophila
3251 3249 3400 3304 missi
3442 3256 3641 3303 essent.
3670 3245 3826 3302 Jubet
3852 3260 3945 3299 eos
3971 3245 4056 3298 in-

2480 3349 2672 3413 troire,
2723 3346 2994 3416 ingressos
3037 3344 3361 3410 interrogat,
3406 3338 3557 3408 cujus
3605 3335 3798 3406 gradus
3838 3343 4053 3389 essent:

2480 3438 2693 3504 dicunt,
2721 3435 2991 3506 Episc0pi.
3024 3433 3116 3487 Ille
3144 3439 3261 3488 orat
3294 3429 3549 3493 sedeant,
3597 3435 3651 3481 et
3691 3425 3869 3479 dicant
3908 3424 4058 3492 cujus

2480 3542 2639 3584 causa
2660 3525 2854 3581 adsint.
2879 3524 2958 3578 llli
2981 3531 3156 3577 autem
3178 3520 3391 3575 dicunt:
3415 3517 3521 3572 Has
3542 3514 3873 3570 solummodo
3900 3515 4058 3568 sche-

2481 3619 2635 3674 dulas
2656 3616 2906 3686 legendas
2933 3614 3222 3669 habemus:
3243 3611 3424 3680 jubete
3443 3610 3599 3680 igitur
3619 3608 3736 3662 illas
3761 3607 3880 3677 legi.
3903 3606 4062 3662 Jubet

2482 3709 2717 3763 Joannes
2744 3706 2866 3775 legi.
2898 3704 3032 3758 Tum
3076 3702 3161 3756 isti
3205 3701 3468 3769 imperant
3494 3695 3774 3766 Theophili
3812 3710 3976 3764 puero
4005 3705 4063 3749 ut

2483 3800 2680 3855 dictata
2708 3799 2796 3852 illa
2824 3797 3028 3866 legeret
3054 3811 3069 3849 :
3098 3802 3153 3848 ct
3181 3793 3327 3861 legit.
3351 3790 3550 3845 Textus
3579 3798 3757 3843 autem
3783 3798 3899 3843 erat
3921 3788 4064 3858 ejus-

2485 3891 2627 3946 modi
2658 3909 2670 3944 :
2701 3890 2891 3944 Sancta
2919 3888 3158 3957 Synodus
3183 3885 3250 3936 ad
3279 3883 3529 3949 Quercum
3552 3891 3850 3952 congregata
3879 3880 4064 3949 (locus

2486 3992 2570 4037 cst
2593 3983 2670 4036 sic
2695 3981 2868 4034 dictus
2891 3987 3037 4032 trans
3067 3992 3233 4041 mare,
3259 3973 3432 4029 Rufini
3463 3972 3845 4037 suburbanum,
3877 3975 3927 4024 in
3956 3985 4063 4040 quo

2488 4083 2641 4127 erant
2669 4069 3015 4140 congregati)
3054 4066 3245 4122 Joanni
3281 4065 3636 4137 (omittebant
3663 4062 3714 4117 id
3756 4061 3895 4131 quod
3928 4069 4060 4124 erat,

2488 4163 2765 4232 Episcopo.
2806 4161 2952 4216 Solet
2993 4160 3136 4216 enim
3178 4158 3346 4213 ferme
3386 4157 3687 4212 obcmeatus
3725 4155 3930 4206 animus
3958 4166 4061 4204 non

2491 4260 2634 4308 recte
2660 4267 2900 4316 cernere,
2928 4251 3019 4305 sed
3048 4265 3109 4304 ea
3135 4248 3235 4304 sibi
3261 4247 3535 4318 imaginari
3561 4259 3679 4314 qua:
3706 4243 3925 4295 affectus
3963 4239 4062 4308 ipsi

2489 4344 2776 4415 suggerit).
2803 4341 3018 4396 Libellos
3055 4341 3336 4408 accepimus
3363 4336 3600 4388 adversus
3631 4341 3707 4394 te,
3739 4330 3937 4397 inï¬nita
3967 4328 4066 4380 cri-

2488 4437 2625 4489 mina
2653 4437 2978 4489 continentes.
3009 4432 3194 4485 Adesto
3219 4429 3394 4499 igitur,
3426 4435 3585 4476 tecum
3612 4421 3866 4472 adducens
3907 4419 4067 4473 Sara-

2489 4531 2688 4600 pionem
2714 4539 2759 4584 et
2789 4529 3012 4598 Tigrium
3035 4523 3345 4593 presbyteros
3364 4535 3380 4570 :
3399 4517 3459 4569 iis
3483 4515 3613 4568 enim
3635 4530 3763 4584 opus
3784 4521 3876 4568 est.
3902 4512 4068 4565 Erant

2488 4628 2665 4673 autem
2692 4618 2780 4686 qui
2806 4617 2871 4669 ad
2901 4630 3021 4669 eum
3053 4615 3330 4672 venerant,
3359 4606 3640 4658 Dioscorus
3662 4612 3715 4657 et
3739 4602 3952 4664 Paulus,
3977 4604 4066 4670 qui

2490 4722 2660 4774 nuper
2682 4706 2734 4759 in
2756 4702 2923 4769 Libya
2950 4698 3178 4754 ordinati
3209 4697 3435 4760 fuerant,
3458 4694 3699 4762 juvenes.
3725 4692 3899 4747 Lectis
3921 4693 4069 4745 char-

2493 4796 2617 4848 tulis
2637 4834 2652 4859 ,
2690 4793 2779 4861 qui
2822 4806 2940 4844 cum
2971 4790 3127 4842 beato
3156 4787 3360 4842 Joanne
3387 4793 3539 4840 erant
3565 4783 3832 4853 episcopi,
3855 4789 4070 4835 contra-

2496 4885 2712 4947 dicunt,
2741 4880 3113 4934 denuntiantes
3137 4876 3436 4946 Theophilo
3467 4891 3563 4945 per
3606 4884 3714 4929 tres
3756 4872 4032 4940 episcopos
4053 4913 4066 4933 ,

2498 4973 2844 5042 Lupicinum,
2876 4969 3201 5025 Demetrium
3230 4978 3283 5023 et
3312 4967 3586 5037 Eulysium
3607 5005 3620 5028 ,
3658 4973 3710 5018 et
3739 4962 4071 5031 presbyteros

2496 5065 2650 5128 duos,
2680 5062 3002 5118 Germanum
3035 5070 3194 5130 atque
3222 5059 3505 5121 Severum,
3540 5068 3729 5109 omnes
3754 5052 3963 5122 quidem
3994 5052 4071 5104 vi-

2497 5171 2583 5210 ros
2612 5162 2823 5209 sanctos
2850 5161 2902 5208 et
2930 5152 3032 5206 fide
3057 5152 3245 5220 dignos
3270 5167 3283 5202 :
3307 5148 3422 5202 Noli
3457 5161 3540 5198 res
3577 5143 3828 5197 Ecclesia:
3849 5141 4070 5196 subver-

2497 5259 2606 5300 tere
2633 5286 2646 5309 ,
2695 5259 2794 5298 nec
2838 5242 3127 5298 Ecclesiam
3159 5237 3340 5291 scinde
3379 5242 3593 5304 propter
3635 5247 3791 5300 quam
3834 5230 3972 5285 Deus
4021 5235 4072 5286 in

2495 5351 2712 5391 carnem
2745 5333 3040 5389 descendit.
3079 5330 3135 5384 Si
3174 5339 3350 5381 autem
3393 5323 3686 5378 inordinate
3713 5322 3952 5376 Nicmnos
3983 5337 4072 5377 ca-

2499 5444 2666 5484 nones
2692 5427 2957 5482 subvertis
2984 5431 3341 5478 trecentorum
3365 5417 3549 5471 decem
3576 5427 3628 5470 et
3653 5426 3772 5471 octo
3799 5418 4074 5486 episcopo-

2496 5536 2615 5577 rum
2637 5563 2651 5588 ,
2698 5529 2750 5575 et
2790 5527 2940 5573 extra
2983 5514 3180 5567 limites
3209 5511 3354 5564 litem
3396 5508 3643 5577 judicas:
3674 5517 3725 5559 tu
3759 5508 3980 5562 transito
4009 5509 4074 5562 ad

2498 5626 2597 5667 nos
2621 5612 2675 5664 in
2700 5609 2885 5664 urbem
2911 5602 3124 5672 optimis
3153 5600 3357 5670 legibus
3388 5597 3654 5651 fundatam
3680 5637 3694 5660 ,
3725 5613 3830 5650 non
3870 5611 4065 5666 prove-

2498 5716 2627 5756 cans
2657 5710 2807 5752 more
2835 5693 2983 5748 Caini
3014 5692 3230 5746 Ahelem
3266 5691 3316 5743 in
3347 5702 3611 5756 campum,
3644 5695 3698 5739 ut
3722 5701 3819 5741 nos
3845 5696 3898 5743 te
3928 5688 4074 5758 prius

2499 5792 2797 5847 audiamus.
2822 5785 3088 5840 Habemus
3109 5783 3249 5837 enim
3276 5781 3530 5834 adversus
3555 5787 3608 5833 te
3637 5778 3840 5834 libellos
3861 5787 4076 5848 septua-

2502 5887 2648 5955 ginta
2700 5880 2966 5950 capitum,
3022 5875 3300 5931 manifesta
3351 5872 3551 5940 piacula
3606 5873 3977 5928 continentes:
4021 5875 4075 5918 et

2504 5978 2684 6049 plures
2710 5988 2894 6030 sumus
2922 5985 3076 6040 quam
3107 5977 3191 6021 tua
3222 5963 3467 6035 Synodus
3488 6005 3501 6031 ,
3531 5963 3620 6021 Dei
3649 5965 3815 6034 gratia
3852 5967 4073 6027 congre-
