4494 6744
353 631 424 686 27
1351 648 1441 703 ur;
1477 648 1642 704 Vl'l‘A
1684 649 1741 703 s.
1785 648 2071 709 JOANNIS
2109 652 2620 710 cunvsosmm.
3563 658 3636 716 23
3677 632 3686 643 ’

349 745 655 815 λαοπλάνος
679 766 764 817 τις
811 753 1042 828 δαίμων,
1078 756 1140 808 τὸ
1187 760 1432 827 κριτικόν
1476 760 1585 815 τῶν
1628 761 1816 832 ψυχῶν
1844 782 1941 817 κα-

345 840 739 924 ταγοητεύσας,
769 846 951 916 ἐζήτει
992 844 1283 916 πρόσωπον
1319 849 1671 921 δαιμονιῶδες
1725 854 1805 916 εἰς
1841 854 1938 924 τήν

345 922 441 977 τοῦ
460 919 732 998 δράματος
764 928 1091 999 ὑπηρεσίαν,
1144 929 1173 982 ὃ
1217 930 1279 1001 δὴ
1315 945 1339 972 ι
1391 919 1483 987 καὶ
1514 935 1798 1005 ἐπέτυχεν.
1835 919 1940 990 Δύο

344 1008 454 1079 γάρ
484 1008 746 1065 διακόνων
772 1011 1146 1083 ἐκϐληθέντων
1190 1014 1289 1083 τῆς
1331 1016 1662 1089 Ἑκκλησίας
1706 1017 1811 1070 ὑπὸ
1843 1019 1936 1072 τοῦ

342 1090 643 1148 ἐπισκόπου
690 1095 938 1148 Ἰωάννου
968 1095 1061 1148 ἐπὶ
1094 1095 1530 1169 πλημμελήμασι
1562 1100 1934 1172 παρανόμοις,

341 1175 693 1247 ἀπεχρήσατο
725 1182 790 1251 τῇ
839 1180 1159 1251 κουφότητι,
1218 1181 1311 1233 καὶ
1352 1182 1529 1238 πείθει
1578 1185 1777 1248 αὐτοὺς
1814 1188 1933 1238 ἐπι-

338 1258 525 1313 δοῦναι
578 1259 852 1326 λιϐέλλους
883 1262 1026 1317 κατά
1083 1262 1178 1316 τοῦ
1232 1264 1501 1333 Ἰωάννου,
1564 1267 1937 1338 ὑποσχόμενος

339 1343 525 1421 αὐτοῖς
551 1342 1000 1415 ἀποκαταστῆσαι
1028 1348 1110 1410 είς
1132 1346 1224 1399 τὸν
1243 1349 1344 1418 τῆς
1373 1346 1713 1421 λειτουργίας
1747 1351 1931 1407 τόπον.

337 1417 449 1475 Ἦν
478 1423 535 1476 δέ
564 1424 744 1479 αὐτῶν
778 1428 847 1480 τά
895 1431 1240 1501 πταίσματα,
1274 1417 1370 1483 τοῦ
1409 1432 1506 1501 μὲν
1538 1417 1719 1503 φόνος,
1750 1433 1845 1486 τοῦ
1875 1433 1933 1487 δέ

342 1506 581 1576 μοιχεία·
612 1507 641 1562 0
671 1508 735 1580 δὴ
766 1511 859 1564 καὶ
889 1514 1178 1585 πεποίηκε.
1223 1513 1382 1567 Μετὰ
1422 1514 1530 1588 γάρ
1580 1518 1679 1588 τὴν
1714 1516 1934 1587 ἐξορίαν

352 1589 599 1644 Ἰωάννου
628 1593 1077 1667 ἀποκατέστησεν
1102 1598 1304 1660 αὐτοὺς
1336 1598 1417 1662 είς
1448 1601 1571 1664 τοὺς
1597 1602 1797 1664 τόπους
1831 1601 1933 1655 αύ-

335 1671 467 1738 τῶν,
489 1673 690 1747 δηλαδὴ
710 1678 835 1742 τοὺς
866 1678 1142 1741 λιϐέλλους
1176 1679 1476 1746 ἐπιδόντας,
1505 1683 1600 1747 οὓς
1629 1684 1934 1755 ὑπηγόρευ-

338 1772 431 1810 σεν
454 1759 614 1824 αὐτὸς
644 1762 874 1826 ἐκεῖνος,
907 1764 1131 1833 ἔχοντας
1167 1763 1267 1832 μὲν
1305 1763 1505 1837 ἀληθὲς
1556 1768 1730 1833 οὐδὲν,
1785 1768 1927 1839 πλὴν

333 1838 545 1908 τούτου,
581 1844 663 1898 ὅτι
692 1846 929 1917 παρῄνει
989 1846 1125 1897 πᾶσι
1169 1846 1309 1916 μετά
1339 1848 1438 1920 την
1472 1851 1759 1906 κοινωνίαν
1789 1838 1926 1904 ἀπο-

334 1924 590 1991 γεύεσθαι
617 1927 810 1990 ὕδατος
845 1928 879 1998 ἢ
938 1928 1225 1995 παστίλου,
1270 1930 1355 1985 ἵνα
1414 1933 1492 2003 μὴ
1552 1932 1826 1998 ἀκουσίως
1850 1932 1928 2006 τῷ

336 2008 498 2082 σιέλῳ
524 2013 557 2083 ἤ
583 2012 661 2083 τῷ
680 2012 953 2083 φλέγματι
980 2014 1391 2072 συνεκπτύσωσί
1417 2035 1472 2071 τι
1511 2017 1607 2071 τοῦ
1632 2018 1924 2090 συμϐόλου·

331 2093 493 2159 αὐτὸς
545 2096 764 2168 πρῶτος
814 2096 985 2150 ποιῶν
1036 2097 1098 2150 τὸ
1161 2101 1414 2171 πρᾶγμα,
1443 2100 1732 2155 εὐλάϐειαν
1777 2102 1923 2155 ἐκδι-

330 2176 542 2233 δάσκων
574 2182 702 2246 τοὺς
742 2180 1123 2253 βουλομένους.
1150 2184 1308 2239 Μετὰ
1336 2186 1395 2239 δέ
1423 2185 1485 2238 τὸ
1504 2185 1763 2250 δέξασθαι
1792 2187 1924 2252 τοὺς

330 2258 640 2329 λιϐέλλους,
692 2265 1055 2336 συστρέφεται
1120 2266 1272 2338 παρὰ
1331 2271 1401 2339 τῇ
1441 2268 1749 2340 Εύγραφίᾳ,
1806 2268 1924 2339 ἅμα

326 2345 660 2419 Σευηριανῷ,
692 2350 788 2403 καὶ
828 2350 1107 2421 Ἀντιόχῳ,
1144 2351 1241 2404 καὶ
1281 2350 1542 2422 ’Δκακίῳ,
1580 2352 1678 2405 καὶ
1712 2352 1922 2415 λοιποῖς

327 2427 511 2498 έχουσι
552 2433 919 2502 μνησικακίαν
948 2433 1091 2487 κατά
1121 2431 1218 2486 τοῦ
1248 2434 1496 2488 Ἰωάννου
1518 2435 1613 2487 ἐπὶ¹
1639 2436 1759 2497 ταῖς
1781 2450 1926 2504 παρ-

326 2512 571 2564 αινέσεσι
628 2516 750 2576 ταῖς
813 2516 1091 2586 κοσμίαις.
1144 2514 1342 2569 Εἰώθει
1394 2516 1503 2587 γάρ
1549 2518 1579 2569 0
1620 2516 1922 2587 μακάριος,

325 2596 471 2649 κατά
498 2596 588 2651 τὸν
616 2597 849 2664 Παῦλον,
872 2599 1109 2671 δημοσίᾳ
1141 2617 1200 2653 τε
1237 2602 1331 2654 καὶ
1362 2601 1483 2654 κατ’
1516 2602 1698 2665 οἴκους
1724 2617 1922 2672 σεμνο-

325 2681 601 2752 πρέπειαν
627 2683 985 2748 ἐκδιδάσκειν.
1036 2686 1275 2756 μάλιστα
1315 2685 1560 2756 συνεχῶς
1587 2688 1709 2750 ταῖς
1736 2684 1923 2739 τοιαύ-

321 2779 445 2827 ταις
479 2766 862 2838 ἐπισκήπτων,
904 2769 988 2822 ὅτι
1021 2768 1247 2841 Γραῖδες
1281 2763 1439 2823 οὖσαι
1466 2768 1555 2823 διά
1586 2769 1678 2823 τὸν
1707 2768 1918 2839 χρόνον,

320 2846 375 2900 τί
422 2847 631 2919 άνηϐᾷν
677 2848 1083 2921 παραϐιάζεσθε
1138 2850 1201 2905 τὺ
1237 2851 1417 2923 σῶμα,
1463 2850 1795 2924 βοστρύχους
1824 2852 1919 2905 ἐπὶ

323 2929 577 2999 μετώπου
637 2932 899 3004 φέρουσαι
950 2932 1207 3004 καθάπερ
1255 2934 1546 3005 ἐταιρίδες,
1593 2933 1916 3005 ὑϐρίζουσαι

318 3013 537 3079 καὶτὰς
564 3015 755 3080 λοιπάς
783 3017 1099 3089 ἐλευθέρας,
1129 3019 1224 3072 ἐπὶ
1260 3020 1451 3091 ἀπάτῃ
1476 3017 1585 3073 τῶν
1618 3033 1916 3089 συντυγχα-

318 3098 537 3163 νόντων,
562 3100 842 3154 καὶτοῦτο
893 3102 1095 3174 χῆραι;
1138 3102 1504 3173 Συναχθέντες
1550 3102 1630 3167 δέ,
1686 3100 1917 3174 ἐζήτουν

315 3181 520 3253 τρόπον
550 3183 668 3247 πῶς
703 3184 959 3255 ἄρξονται
989 3188 1091 3256 τῆς
1109 3185 1285 3258 δίκης.
1320 3181 1415 3251 Εἷς
1443 3186 1501 3240 δέ
1528 3203 1615 3250 τις
1643 3185 1753 3240 τῶν
1781 3203 1920 3257 παρ-

316 3265 488 3320 όντων
538 3266 789 3331 ύπέθετο,
852 3266 1044 3332 δόντας
1101 3267 1320 3339 δεήσεις
1387 3267 1467 3339 τῷ
1520 3268 1770 3338 βασιλεῖ,
1822 3269 1919 3323 καὶ

316 3350 522 3406 ἄκοντα
564 3351 729 3405 αὑτὸν
778 3350 1007 3405 ἑλκύσαι
1056 3353 1138 3415 εἰς
1166 3351 1228 3404 τὸ
1287 3350 1585 3424 συνέδριον.
1620 3351 1793 3405 Τοῦτο
1823 3348 1919 3406 οὖν

316 3433 526 3502 γίνεται
549 3433 799 3504 καθάπερ
822 3434 917 3487 ἐπὶ
942 3432 1052 3487 τῶν
1082 3433 1375 3499 Ἰουδαίων,
1393 3434 1620 3506 χρυσίου
1641 3434 1710 3489 τά
1739 3434 1920 3489 πάντα

316 3516 503 3580 αὺτοῖς
529 3515 963 3588 ἐξομαλίζοντος.
999 3512 1187 3586 *Ημεν
1214 3515 1271 3568 δέ
1311 3517 1475 3586 ἡμεῖς
1504 3517 1919 3588 τεσσαράκοντα

315 3601 608 3654 ἐπίσκοποι
646 3599 1002 3670 καθεζόμενοι
1034 3600 1133 3652 σὺν
1160 3599 1240 3669 τῷ
1269 3599 1559 3671 ἐπισκόπῳ
1596 3600 1823 3672 Ἰωάννῃ
1857 3603 1918 3655 ἐν

316 3684 396 3755 τῷ
444 3685 707 3756 τρικλίνῳ
762 3684 858 3738 τοῦ
911 3683 1287 3748 ἐπισκοπείου,
1349 3682 1696 3755 ἐξιστάμενοι
1742 3684 1917 3748 πῶςό

314 3768 604 3837 ἀγώγιμος
633 3768 729 3823 καὶ
769 3769 929 3839 μόνος
990 3768 1303 3832 κελευσθεὶς
1345 3767 1695 3839 παραστῆναι
1727 3769 1809 3831 εἰς
1854 3769 1916 3823 τὸ

314 3851 684 3919 στρατόπεδον
706 3850 795 3904 ἐπ’
829 3852 1171 3923 ἐγκλήμασιν
1198 3852 1454 3914 ἀνοσίοις,
1481 3849 1618 3921 μετά
1642 3848 1915 3904 τοσούτων

314 3933 655 4002 παρεγένετο
686 3933 1029 3988 ἐπισκόπων·
1060 3934 1179 3998 πῶς
1217 3952 1279 3988 τε
1333 3933 1531 4005 ἀθρόον
1577 3931 1913 4004 μετεκέρασε

311 4014 413 4077 τάς
440 4013 553 4067 τῶν
577 4014 928 4085 κρατούντων
957 4015 1209 4087 γνώμας,
1234 4017 1329 4071 ἐπὶ
1369 4017 1431 4070 τὸ
1460 4018 1643 4087 χεῖρον
1665 4013 1917 4085 διαστρέ-

312 4099 424 4167 ψας
471 4098 598 4162 τοὺς
656 4096 909 4161 πλείονας
960 4098 1058 4151 τοῦ
1117 4099 1347 4171 κλήρου.
1400 4097 1813 4171 Διαπορούντων
1858 4098 1916 4152 δέ

313 4180 497 4251 ήμῶν,
524 4179 884 4247 ἐμπνευσθεὶς
910 4180 941 4232 0
984 4181 1241 4251 Ἰωάννης
1292 4182 1371 4252 τῷ
1424 4182 1731 4254 Πνεύματι,
1767 4180 1917 4250 λέγει

312 4268 427 4329 τοῖς
457 4266 644 4318 πᾶσιν·
672 4262 937 4330 Εῠξασθε,
956 4264 1195 4333 ἀδελφοὶ,
1224 4267 1322 4319 καὶ
1353 4267 1403 4319 εἰ
1430 4266 1636 4336 φιλεῖτε
1659 4266 1753 4319 τὸν
1783 4266 1918 4336 Χρι-

316 4347 465 4408 στὸν,
502 4346 635 4421 ἐμοῦ
689 4347 874 4401 ἐνεκεν
912 4347 986 4417 μή
1032 4363 1115 4410 τις
1144 4346 1420 4417 ἀπολείπῃ
1464 4349 1565 4418 τὴν
1594 4346 1789 4401 ἑαυτοῦ
1820 4349 1915 4400 ἐκ-

313 4432 572 4503 κλησίαν·
615 4430 757 4502 Ἐγὼ
796 4431 906 4501 τιὰρ
935 4429 1051 4499 ἤδη
1096 4430 1468 4501 σπένδομαι,
1500 4430 1603 4485 καὶ
1642 4434 1677 4486 ό
1706 4430 1916 4498 καιρὸς

312 4515 427 4583 τῆς
452 4516 815 4583 ἀναλύσεώς
833 4533 955 4587 μου
989 4514 1306 4585 ἐφέστηκε,
1355 4514 1499 4569 κατά
1540 4515 1631 4569 τὸν
1663 4515 1909 4581 εἰπόντα,

312 4600 409 4654 καὶ
443 4598 646 4662 πολλὰς
681 4599 890 4671 θλίψεις
936 4599 1197 4664 ὑποστὰς,
1237 4598 1518 4669 ἀπολείψω
1574 4599 1637 4651 τὸ
1682 4599 1805 4670 ζῇν,
1836 4599 1913 4664 ὡς

311 4683 445 4755 ὁρῶ.
477 4677 611 4737 Οἵδα
631 4683 743 4754 γάρ
794 4683 894 4754 τὴν
948 4685 1256 4757 σκευωρίαν
1300 4683 1396 4738 τοῦ
1432 4684 1668 4750 Σατανᾶ,
1701 4686 1784 4738 ὅτι
1811 4687 1909 4739 οὖν

313 4768 398 4822 ἔτι
431 4767 587 4838 φέρει
638 4782 740 4837 μου
772 4766 873 4836 τὴν
922 4769 1222 4838 ἐπάχθειαν
1273 4768 1383 4824 τῶν
1422 4768 1594 4838 λόγων
1653 4769 1763 4823 τῶν
1790 4776 1923 4824 κατ’

312 4849 483 4906 αὑτοῦ
539 4848 861 4919 γινομένων.
921 4850 1034 4902 Καὶ
1110 4850 1286 4915 οὕτως
1343 4852 1635 4923 ἐλεηθῆτε·
1689 4853 1747 4905 ἐν
1793 4855 1913 4916 ταῖς

313 4935 648 5008 προσευχαῖς
674 4930 828 5002 ὑμῶν
860 4932 1231 5000 μνημονεύετέ
1275 4951 1402 5003 μου.
1462 4934 1825 5006 Συσχεθέντες
1855 4936 1913 4989 δέ

313 5020 511 5090 ἀφάτῳ
534 5016 761 5089 ἀθυμία,
797 5016 846 5067 οἱ
886 5014 986 5086 μὲν
1026 5015 1396 5087 ἐδακρύομεν,
1445 5021 1623 5091 ἕτεροι
1661 5021 1718 5075 δὲ
1750 5022 1912 5093 ἐξήρ-

313 5121 473 5175 χοντο
504 5102 597 5156 τοῦ
632 5099 932 5170 συνεδρίου,
961 5099 1087 5161 τοὺς
1122 5098 1436 5170 ὀφθαλμοὺς
1489 5103 1586 5155 καὶ
1625 5104 1726 5173 τὴν
1759 5105 1911 5175 ἰεράν

313 5186 560 5259 κεφαλὴν
597 5187 695 5239 σὺν
750 5183 826 5253 τῷ
874 5182 1115 5252 εὐστόχῳ
1155 5182 1184 5222 b
1218 5184 1312 5237 καὶ
1371 5184 1627 5255 μακαρίῳ
1678 5187 1909 5257 στόματι

311 5271 625 5339 ἠσπάζοντο
684 5265 1071 5339 δεδακρυμένοι
1114 5267 1207 5319 καὶ
1268 5268 1595 5339 κεκομμένῳ
1631 5269 1708 5339 τῷ
1749 5271 1911 5325 πνεύ-

318 5371 474 5423 ματι.
506 5352 902 5424 Παρακαλέσας
933 5349 989 5402 δέ
1036 5349 1355 5404 ἐπανελθεῖν
1407 5353 1486 5414 εἰς
1537 5352 1599 5405 10
1635 5353 1909 5426 συνέδριον

315 5429 419 5488 ὧδε
483 5437 709 5490 κάκεῖσε
780 5432 1267 5506 περιπετομένους,
1336 5434 1589 5500 καθάπερ
1650 5437 1907 5507 μελίσσας

314 5520 744 5591 περιϐομϐὡσας
780 5530 802 5559 ο
847 5517 1075 5589 κυψέλῃ,
1119 5515 1290 5585 λέγει·
1327 5518 1627 5586 Καθίσατε,
1667 5522 1903 5593 ἀδελφοὶ,

315 5598 412 5649 καὶ
439 5602 514 5671 μὴ
538 5603 774 5664 κλαίετε,
811 5603 903 5656 ἐπὶ
926 5602 1085 5654 πλέον
1114 5617 1180 5670 με
1211 5599 1564 5671 θρύπτοντες.
1605 5604 1769 5675 Ἐμοὶ
1799 5608 1907 5677 γὰρ

310 5680 383 5764 τὸ
412 5680 518 5747 ζῆν
544 5688 801 5755 Χριστὸς
824 5688 923 5742 καὶ
966 5687 1034 5741 τὸ
1063 5685 1389 5741 ἀποθανεῖν
1419 5687 1649 5756 κέρδος.
1689 5692 1909 5764 Ἐθρυλ-

310 5763 457 5847 λεῖτο
489 5767 598 5836 γάρ
667 5772 1100 5844 καρατομεῖσθαι
1156 5770 1244 5825 διὰ
1294 5772 1393 5841 τὴν
1447 5774 1755 5847 ὑπερϐολὴν
1789 5763 1908 5847 τῆς

315 5845 648 5918 παρρησίας.
687 5855 797 5907 Καὶ
852 5860 899 5909 εἰ
947 5855 1330 5929 μνημονεύετε,
1361 5845 1719 5923 ἀναπτύξατε
1756 5845 1907 5933 ὑμῶν

378 5968 405 5999 ⁸
428 5969 563 6018 Fort.
600 5972 655 6020 οὗ
680 5974 755 6029 δή.

375 6030 768 6108 ξ’,ιββξῐᾼάρκέτῳ
790 6035 995 6108 (ἓςόιζςη
1013 6044 1220 6108 εὐτρόχῳ
1243 6044 1320 6093 νει
1348 6045 1564 6103 εὐστομῳ
1590 6051 1793 6102 ωημςιί
1822 6048 1903 6098 Bl—

313 6092 480 6169 εεξίιεξ
496 6092 515 6150 ;“
531 6094 619 6143 sed
644 6092 1027 6169 hiec'pglatibric
1052 6092 1462 6169 uécﬂéunjieclura
1483 6092 1606 6168 {vﬁus
1628 6092 1718 6156 es};

380 6160 405 6189 ⁸
431 6155 527 6208 Pro
547 6156 921 6220 περιϐομϐούστιε

2046 766 2148 831 τάς
2181 769 2422 838 μνήμας,
2449 767 2531 820 ὅτι
2573 766 2803 820 πάντοτε
2835 765 3020 835 ἔλεγον
3057 766 3208 838 ύμῖν·
3251 769 3398 835 Ὀδός
3434 772 3581 827 ἐστιν
3605 776 3636 829 0

2040 848 2230 923 παρὼν
2250 848 2382 918 βίος,
2400 849 2585 902 καὶτὰ
2610 847 2824 920 χρηστά
2851 850 3015 903 αὑτοῦ
3038 853 3133 904 καὶ⁵
3153 851 3222 906 τά
3243 851 3463 925 λυπηρά
3491 873 3634 927 παρ-

2037 932 2304 986 οδεύεται·
2352 934 2447 987 καὶ
2505 936 2815 1005 πανήγυρις
2854 934 2925 986 τά
2962 936 3224 1007 παρόντα·
3255 938 3632 1009 ήγοράσαμεν,

2036 1016 2428 1088 ἐπωλήσαμεν,
2464 1016 2830 1088 καταλύομεν.
2877 1019 2970 1091 Μὴ
3005 1020 3260 1088 ἀμείνους
3303 1023 3472 1094 ἐσμὲν
3523 1024 3633 1078 τῶν

2034 1098 2422 1171 πατριαρχῶν,
2482 1098 2589 1152 τῶν
2633 1100 2953 1171 προφητῶν,
2985 1101 3095 1155 τῶν
3154 1104 3491 1170 ἀποστόλων,
3543 1106 3631 1161 ἱνα

2036 1185 2304 1238 ἀθάνατον
2324 1185 2456 1253 ἡμῖν
2488 1185 2802 1258 παραμείνῃ
2834 1185 2992 1239 τοῦτο
3024 1185 3087 1239 τὸ
3108 1184 3245 1258 ζῇνς
3274 1188 3631 1255 Ἐπολολύξας

2032 1269 2089 1322 δέ
2129 1286 2211 1332 τις
2239 1268 2349 1320 τῶν
2389 1267 2669 1338 παρόντων
2724 1264 2896 1322 εἶπεν·
2960 1269 3122 1324 Ἀλλά
3174 1270 3482 1344 θρηνοῦμεν
3531 1274 3630 1345 τὴν

2033 1353 2189 1423 ἡμῶν
2215 1350 2503 1422 ὀρφανίαν,
2558 1356 2658 1421 την
2710 1352 2811 1421 τῆς
2867 1354 3196 1426 Ἐκκλησίας
3243 1357 3632 1429 χηρείαν,τὴν

2030 1435 2141 1489 τῶν
2170 1433 2391 1506 θεσμῶν
2421 1433 2706 1505 σύγχυσιν,
2740 1436 2841 1506 τὴν
2867 1436 3156 1508 φιλαρχίαν
3189 1439 3298 1492 τῶν
3324 1438 3400 1512 μὴ
3434 1440 3630 1509 φοϐου-

2034 1518 2214 1588 μένων
2262 1518 2354 1572 τὸν
2406 1517 2628 1590 Κύριον,
2669 1519 2763 1573 καὶ
2813 1522 2937 1584 ταῖς
2997 1522 3355 1592 προστασίαις
3422 1526 3627 1597 ἐπιπη-

2030 1601 2246 1657 δώντων
2274 1602 2325 1668 ἀ,
2359 1604 2470 1657 τῶν
2520 1604 2752 1675 πτωχῶν
2789 1605 2850 1657 τὸ
2903 1606 3365 1676 ἀπροστάτευτον,
3396 1607 3497 1676 τῆς
3549 1608 3629 1662 διο

2029 1685 2324 1752 δασκαλίας
2366 1687 2464 1758 τὴν
2504 1688 2762 1759 ἐρημίαν.
2804 1688 3173 1760 Ἐπικρούσας
3202 1688 3261 1742 δέ
3313 1689 3391 1759 τῷ
3423 1690 3628 1763 λιχανῷ

2028 1768 2273 1840 δακτύλῳ
2292 1770 2383 1823 τὸν
2404 1770 2606 1841 ταρσὸν
2631 1771 2731 1839 τῆς
2759 1771 3057 1843 ἀριστερᾶς
3081 1770 3265 1843 χειρὸς
3290 1770 3493 1843 (εἰώθει
3518 1775 3630 1846 γάρ

2028 1853 2058 1905 0
2088 1853 2434 1923 φιλόχριστος
2498 1855 2556 1906 ἐν
2604 1854 2727 1917 ταῖς
2789 1853 2932 1906 κατά
2975 1853 3101 1907 νοῦν
3155 1855 3437 1926 φροντίσιν
3493 1858 3629 1911 αὐτὸ

2029 1936 2249 2006 ποιεῖν),
2278 1934 2357 2005 τῷ
2393 1932 2671 2006 ὁμιλοῦντι
2716 1932 2868 2004 αὺτῷ
2924 1929 3094 1989 εἶπεν·
3142 1937 3360 2008 Ἀρκεῖ,
3405 1938 3623 2009 ἀδελφὴ

2029 2018 2105 2090 μὴ
2132 2016 2305 2072 πολλά
2335 2018 2483 2087 λέγε,
2508 2016 2624 2071 ἀλλ’
2656 2017 2686 2071 0
2730 2013 2906 2081 εἷπον,
2967 2017 3067 2083 τὰς
3106 2018 3436 2091 Ἐκκλησίας
3472 2020 3626 2091 ὑμῶν

2029 2100 2108 2172 μὴ
2142 2100 2342 2170 ἀφῆτε.
2379 2098 2521 2153 υῦτε
2568 2098 2675 2170 γάρ
2726 2099 2823 2154 ἀπ’
2858 2099 2995 2172 ἐμοῦ
3038 2099 3246 2173 ἤρξατο
3273 2101 3335 2154 τὸ
3374 2101 3628 2157 διδασκά-

2021 2183 2155 2250 λιον,
2184 2183 2309 2237 οὔτε
2336 2184 2416 2247 εἰς
2446 2182 2548 2254 ἐμὲ
2570 2182 2915 2253 ἐτελεύτησε.
2946 2182 3040 2255 Μὴ
3064 2184 3166 2237 οὐκ
3191 2183 3434 2238 ἀπέθανε
3464 2185 3627 2239 Μωῢ-

2023 2267 2165 2338 σῆς;
2218 2266 2318 2336 οὐχ
2377 2265 2609 2337 εὓρηται
2679 2265 2930 2337 Ἰησοῦςς
2983 2266 3099 2319 Οὐκ
3152 2266 3471 2338 ἐτελεύτησε
3523 2267 3629 2321 Σα-

2024 2350 2234 2421 μουήλ;
2268 2351 2331 2403 οὐ
2382 2351 2671 2421 κέχρισται
2718 2352 2748 2404 0
2800 2350 3009 2417 A0010;
3062 2350 3323 2405 Ἀπέλιπε
3370 2350 3464 2405 τὸν
3510 2350 3626 2422 βίον

2032 2434 2327 2504 Ἱερεμίας,
2353 2435 2454 2487 οὑκ
2486 2430 2554 2504 ῆν
2607 2435 2635 2487 0
2664 2434 2922 2505 Βαρούχ;
2972 2434 3276 2507 ’Δνελήφθη
3325 2436 3530 2497 Ἠλίας,
3558 2436 3620 2490 οὗ

2023 2519 2432 2589 προεφήτευσεν
2500 2518 2843 2582 Ἐλισσαῖος;
2889 2517 3319 2591 Ἐκαρατομήθη
3374 2520 3619 2583 Παῦλος,

2021 2600 2123 2654 οὐκ
2151 2599 2385 2654 ἀπέλιπε
2445 2600 2734 2670 Τιμόθεον,
2783 2600 2965 2665 Τίτον,
3014 2602 3259 2655 ’Δπολλὼ
3298 2604 3394 2658 καὶ
3430 2603 3622 2667 ἄλλους

2025 2682 2254 2754 μυρίους
2280 2700 2295 2749 ;
2324 2683 2482 2737 Μετὰ
2503 2682 2729 2747 τούτους
2764 2686 2889 2749 τοὺς
2922 2684 3117 2753 λόγους
3162 2685 3310 2755 λέγει
3360 2684 3623 2749 Εὑλύσιος

2017 2768 2048 2820 0
2086 2766 2390 2839 Ἀπαμείας
2439 2767 2539 2837 τῆς
2596 2766 2875 2831 Βιθυνίας·
2935 2767 3279 2837 Ἐπάναγκες
3327 2770 3476 2841 ἡμᾶς
3504 2771 3621 2824 ἐστι

2016 2852 2349 2923 κατέχοντας
2372 2849 2474 2915 τάς
2507 2849 2840 2922 Ἐκκλησίας
2871 2852 3289 2923 ἀναγκασθῆναι
3314 2851 3411 2906 καὶ
3435 2869 3622 2907 κοινω-

2014 2937 2177 3009 νῆσαι
2204 2936 2301 2991 καὶ
2355 2934 2700 3007 ὑπογράψαι.
2740 2936 2888 3007 Ἔφη
2916 2937 2945 2989 0
2972 2937 3128 3005 ᾶγιος
3167 2937 3441 3008 Ἰωάννης·
3490 2937 3620 2990 Κοι-

2014 3020 2295 3091 νωνήσατε
2335 3019 2456 3090 μὲν,
2490 3018 2577 3072 ἵνα
2613 3019 2689 3091 μὴ
2740 3018 2964 3090 σχίσητε
3009 3017 3108 3090 τὴν
3150 3017 3501 3089 Ἐκκλησίαν,
3537 3018 3615 3090 μή

2015 3101 2372 3174 ὑπογράψητε
2400 3101 2479 3155 δέ·
2544 3101 2698 3156 οὐδὲν
2756 3101 2869 3172 γάρ
2903 3100 3131 3172 ἐμαυτῷ
3185 3100 3405 3154 σύνοιδα
3457 3100 3607 3164 ἀξιον

2016 3182 2396 3257 καθαιρέσεως
2420 3185 2701 3255 ἐννοήσας.
2720 3184 2942 3238 Τούτων
2971 3182 3143 3244 οὕτως
3168 3182 3403 3255 ἐχόντων
3420 3182 3622 3255 ἐδηλώ-

2018 3267 2191 3338 θησαν
2219 3268 2269 3321 οἱ
2298 3266 2697 3331 ἀποσταλέντες
2719 3267 2824 3321 ὑπὸ
2852 3266 3137 3336 Θεοφίλου·
3179 3264 3392 3319 κελεύει
3421 3265 3619 3327 αὐτοὺς

2017 3348 2300 3403 εἰσελθεῖν·
2338 3348 2682 3413 εἰσελθόντας
2718 3349 2903 3420 ήρετο,
2936 3349 3093 3402 ποίου
3125 3344 3236 3401 εἷεν
3267 3346 3502 3418 βαθμοῦ·
3529 3345 3620 3399 λέ·-

2014 3450 2231 3501 γουσιν·
2289 3431 2633 3486 Ἐπίσκοποι.
2687 3429 3006 3502 Παρακαλεῖ
3052 3428 3390 3492 καθίσαντας
3438 3429 3615 3481 εἰπεῖν

2017 3517 2103 3586 ἐφ’
2153 3509 2199 3583 ᾧ
2245 3514 2520 3587 πάρεισιν.
2578 3514 2644 3567 Οἰ
2671 3513 2729 3566 δέ
2776 3513 3034 3582 λέγουσι·
3082 3509 3614 3582 Παραναγνωστικὸν

2016 3598 2212 3670 ἔχομεν
2245 3598 2426 3671 μόνον·
2458 3599 2722 3668 ποιήσατε
2755 3594 2849 3651 οὖν
2875 3597 3008 3652 αὐτὸ
3034 3594 3471 3666 ἀναγνωσθῆναι.
3499 3594 3613 3646 Κε-

2014 3680 2163 3735 λεύει
2213 3683 2243 3736 0
2282 3680 2538 3751 Ἰωάννης
2588 3679 3029 3751 ἀναγνωσθῆναι.
3092 3675 3613 3751 Προστάσσουσιτῷ

2014 3763 2289 3835 παιδαρίῳ
2326 3762 2421 3816 τοῦ
2455 3762 2716 3831 Θεοφίλου
2770 3761 3081 3834 ἀναγνῶναι
3130 3762 3232 3831 τὴν
3266 3759 3612 3831 ὑπηγορίαν,

2012 3846 2108 3899 καὶ
2135 3845 2367 3913 ἀνέγνω.
2394 3840 2504 3897 Ἦν
2529 3844 2586 3898 δέ
2635 3845 2698 3898 τὸ
2754 3843 2891 3914 ῦφος
2930 3844 3126 3898 ’τοῦτο’
3169 3844 3235 3899 Ἠ
3259 3842 3525 3909 σύνοδος
3570 3842 3611 3912 ἡ

2011 3929 2151 3997 ἁγία
2182 3928 2222 3996 ἠ
2254 3926 2355 3980 ἐπὶ
2389 3926 2547 3995 Δρῦν
2577 3926 2959 3996 συναχθεῖσα
2988 3926 3175 3997 (τόπος
3199 3924 3257 3979 δέ
3293 3928 3441 3979 ἐστιν
3467 3924 3612 3979 οὕτω

2012 4008 2344 4081 καλούμενος
2369 4009 2543 4080 πέραν
2575 4007 2877 4079 θαλάσσης,
2918 4007 3202 4077 Ῥουφίνου
3256 4008 3607 4079 προάστειον,

2013 4093 2070 4147 ἐν
2101 4086 2148 4160 ᾧ
2178 4088 2319 4164 ἦσαν
2361 4091 2833 4164 συνηθροισμένοι)
2875 4089 3114 4160 Ἰωάννῃ
3150 4090 3608 4162 (παραλείψαντες

2012 4176 2043 4231 0
2077 4172 2166 4249 ἦν,
2204 4176 2286 4243 τῷ
2316 4174 2644 4239 ἐπισκόπῳ·
2680 4175 2827 4245 φιλεῖ
2857 4176 2967 4247 γάρ
2996 4192 3114 4238 πως
3159 4177 3194 4246 ή
3242 4174 3607 4245 ἐσκοτισμένη

2013 4261 2161 4333 ψυχή
2182 4262 2280 4314 οὐκ
2307 4258 2616 4323 ἀκολούθως
2650 4258 2893 4331 βλέπειν,
2929 4258 3065 4313 ἀλλὰ
3094 4258 3463 4329 φαντάζεσθαι
3488 4257 3525 4312 ἃ
3547 4257 3611 4312 τδ

2016 4345 2189 4410 πάθος
2248 4344 2625 4416 ύπαγορεύει)·
2683 4345 3020 4410 Λιϐἐλλους
3078 4342 3407 4410 ἐδεξάμεθα
3456 4342 3609 4396 κατὰ

2012 4427 2152 4495 σοῦ,
2187 4428 2579 4496 περιέχοντας
2616 4428 2805 4497 μυρία
2859 4426 3035 4482 κακά.
3071 4426 3456 4493 Ἀπαντησον
3484 4426 3608 4479 τοί-

2010 4528 2147 4573 νυν,
2175 4512 2547 4580 ἐπαγιζιιενος
2571 4512 2929 4579 Σαραπίωνα
2981 4510 3082 4565 καὶ
3122 4512 3354 4579 Τίγριον
3379 4521 3403 4549 ι
3462 4509 3607 4577 τοὺς

2009 4593 2471 4661 πρεσϐυτέρους·
2506 4592 2637 4646 ἐστι
2673 4593 2785 4660 γὰρ
2812 4592 3015 4646 αὐτῶν
3038 4594 3230 4661 χρεία.
3261 4588 3441 4647 Ἶῐσαν
3469 4592 3524 4645 δέ
3553 4594 3602 4646 οί

2008 4675 2256 4737 ἐλθόντες
2294 4675 2431 4745 πρὸς
2450 4673 2615 4728 αὐτὸν
2642 4675 2933 4745 Διόσκορος
2958 4676 3054 4727 καὶ
3083 4673 3298 4737 Παῦλος
3323 4676 3381 4726 ἐν
3422 4672 3601 4745 Λιϐύῃ

2008 4758 2244 4827 ὑπόγυον
2298 4759 2672 4822 καταστάντες
2694 4758 2823 4813 νέοι.
2867 4758 3022 4812 Μετὰ
3060 4758 3121 4812 10
3172 4755 3600 4828 ἀναγνωσθῆναι

2009 4842 2107 4913 τὴν
2129 4841 2334 4907 δέλτον,
2362 4841 2734 4911 ἀντιλέγουσιν
2765 4843 2814 4895 οί
2846 4843 2941 4895 σὺν
2962 4840 3039 4911 τῷ
3062 4841 3349 4911 ἐπισκόπῳ
3378 4840 3602 4913 Ἰωάννῃ

2011 4926 2322 4993 ἐπίσκοποι,
2356 4925 2694 4998 δηλώσαντες
2731 4926 2808 4997 τῷ
2834 4926 3079 4997 Θεοφίλῳ
3116 4924 3208 4979 διὰ
3250 4923 3422 5009 τριῶν
3481 4926 3603 5009 ἐπι-
3714 5005 3719 5009 '

2013 5010 2253 5075 σκόπων,
2289 5010 2658 5065 Λουππικίνου
2690 5011 2785 5062 καὶ
2812 5010 3131 5083 Δημητρίου
3170 5011 3265 5066 καὶ
3311 5008 3598 5069 Εὑλυσίου,

2012 5097 2106 5151 καὶ
2140 5094 2524 5167 πρεσϐυτέρων
2580 5092 2676 5147 δύο
2705 5093 2993 5164 Γερμανοῦ
3034 5098 3132 5150 καὶ
3189 5095 3454 5168 Σευήρου,
3492 5085 3599 5149 τῶν

2013 5180 2228 5233 πάντων
2250 5178 2421 5245 ἀγίων
2470 5177 2681 5249 ἀνδρῶν
2738 5178 2834 5232 καὶ
2864 5178 3181 5249 ἀξιολόγων·
3215 5178 3307 5251 Μὴ
3363 5178 3596 5233 κατάλυε

2010 5262 2077 5315 τά
2110 5262 2424 5331 πράγματα·
2468 5261 2570 5331 τῆς
2606 5262 2955 5334 Ἐκκλησίας,
3023 5263 3117 5316 καὶ
3174 5263 3250 5334 μὴ
3306 5261 3456 5332 σχίζε
3499 5259 3596 5330 τὴν

2022 5345 2368 5417 Ἐκκλησίαν.
2400 5344 2467 5399 δι’
2497 5346 2564 5417 ἣν
2588 5347 2617 5399 0
2638 5347 2770 5411 Θεὸς
2809 5349 2887 5412 εἰς
2918 5347 3098 5419 σάρκα
3130 5344 3418 5417 κατῆλθεν·
3455 5346 3501 5397 εί
3538 5344 3597 5396 δὲ

2009 5428 2288 5482 άστεκτῶν
2324 5427 2342 5466 ί
2381 5430 2675 5495 καταλύεις
2706 5432 2833 5495 τοὺς
2876 5432 2934 5486 ἐν
2976 5430 3183 5502 Νικαίᾳ
3232 5428 3461 5491 κανόνας
3486 5426 3595 5479 τῶν

2005 5520 2108 5584 τιη¹
2140 5516 2479 5580 ἐπισκόπων,
2530 5517 2626 5569 καὶ
2685 5516 2975 5588 ὑπερόριον
3017 5516 3257 5580 δικάζεις
3311 5512 3489 5582 δίκην,
3530 5512 3595 5565 σὺ

2007 5594 2248 5666 πέρασον
2275 5597 2410 5668 πρὸς
2445 5598 2594 5668 ἡμᾶς
2624 5599 2703 5661 εἰς
2748 5597 2846 5668 τὴν
2878 5595 3282 5667 εὐνομουμένην
3306 5593 3489 5656 πόλιν,
3520 5594 3593 5663 μὴ

2008 5673 2455 5743 προκαλούμενος
2484 5673 2575 5725 τὸν
2609 5672 2773 5726 ’Ἅϐελ
2806 5672 2948 5725 κατά
2989 5673 3078 5724 τὸν
3128 5671 3269 5724 Κάῖν
3300 5673 3381 5735 εἰς
3408 5670 3468 5723 τὸ
3501 5686 3595 5721 πε-

2006 5752 2139 5817 δίον,
2172 5754 2261 5807 ἴνα
2296 5771 2387 5806 σου
2420 5755 2579 5823 ἡμεῖς
2612 5753 2818 5825 πρῶτοι
2844 5752 3185 5821 ἀκούσωμεν.
3219 5752 3460 5823 Ἐχομεν
3484 5748 3591 5819 γὰρ

2009 5835 2149 5887 κατά
2184 5832 2277 5885 σοῦ
2328 5833 2699 5902 ἐϐδομήκοντα
2748 5832 3061 5901 κεφαλαίων
3109 5830 3418 5893 λιϐέλλους,
3458 5845 3592 5898 προ-

2008 5919 2199 5989 δήλους
2237 5918 2661 5988 άθεμιτουργίας
2712 5917 2955 5987 ἔχοντας,
3016 5917 3115 5970 καὶ
3166 5916 3383 5978 πλείους
3422 5911 3592 5984 ἐσμὲν

2073 6044 2095 6081 ἀ
2133 6043 2297 6103 Georg
2338 6042 2655 6090 ἐπιδιδόντων.

2070 6108 2085 6126 ⁸
2122 6105 2236 6154 Cod.
2264 6106 2440 6164 Τίγριν.

2078 6166 2095 6206 ί
2125 6166 2409 6230 Logendum
2433 6166 2599 6230 procul
2623 6165 2772 6216 dubio
2801 6167 3018 6215 αιακτῶν
3038 6178 3145 6215 cum
3167 6165 3351 6230 Georg.
