4494 6678
856 546 930 603 ἳθ
2136 541 2357 596 PALLA
2369 542 2455 594 [)Il
2494 537 2600 591 l)l.-\
2613 537 2626 590 I
2639 538 2743 591 .06
2755 537 2842 591 IIS
4072 536 4145 594 7r)

861 662 963 734 τῆς
993 660 1093 732 σῆς
1132 661 1374 724 συνόδου,
1405 660 1539 713 Θεοῦ
1567 659 1749 732 χάριτι
1793 656 2173 727 συναχθέντες,
2210 662 2309 714 οῦκ
2359 658 2450 711 ἐπὶ

861 746 930 814 τῇ
968 743 1263 797 καταλύσει
1317 744 1415 812 τῆς
1457 742 1804 813 Ἐκκλησίας,
1848 740 1961 793 ἀλλ’
1994 742 2052 793 ἐν
2111 744 2320 814 εἰρήνῃ.
2376 741 2445 793 Συ

867 828 969 897 μὲν
992 827 1099 897 γὰρ
1121 822 1172 879 εἷ
1192 826 1514 896 τριακοστὸς
1535 826 1692 888 ἕκτος
1721 824 1780 887 ἐξ
1811 822 2079 893 ἐπαρχίας
2113 828 2261 895 μιᾶς·
2294 825 2449 893 ἡμεῖς

864 909 925 962 δέ
952 911 1115 979 ἐσμεν
1159 907 1572 978 τεσσαράκοντα
1622 909 1685 959 ἐκ
1736 904 2010 976 διαφόρων
2053 906 2357 977 ἐπαρχιῶν,
2394 907 2451 957 ἐν

865 986 948 1054 οἷς
972 992 1137 1061 ἐσμεν
1180 990 1277 1043 καὶ
1341 992 1481 1045 ἐπτά
1541 988 1954 1058 μητροπολῖται,
2006 989 2103 1041 καὶ
2163 987 2451 1042 ἀκόλουθόν

865 1076 983 1128 ἐστι
1006 1074 1100 1127 τὸν
1133 1074 1396 1128 ἐλάσσονα
1428 1073 1579 1144 παρὰ
1598 1070 1706 1123 τῶν
1748 1071 2009 1125 πλειόνων
2041 1072 2137 1125 καὶ
2166 1069 2451 1141 διαφερόν-

864 1176 975 1211 των
1004 1159 1146 1212 κατά
1170 1159 1297 1220 τοὺς
1333 1156 1564 1216 κανόνας
1609 1154 1889 1226 κριθῆναι.
1924 1156 2163 1226 Ἔχομεν
2200 1154 2307 1224 γάρ
2357 1170 2450 1205 σου

868 1242 964 1295 καὶ
995 1242 1092 1311 τήν
1152 1238 1460 1309 ἐπιστολὴν,
1515 1239 1581 1292 δι’
1622 1234 1689 1311 ῆς
1752 1242 2070 1311 παρεγγυᾷς
2113 1239 2191 1309 τῷ
2247 1236 2452 1291 συλλει-

866 1322 1083 1394 τουργῷ
1109 1321 1266 1391 ήμῶν
1309 1321 1538 1394 Ἰωάννῃ
1582 1322 1642 1374 τὸ
1677 1321 1751 1391 μὴ
1776 1321 1887 1374 δεῖν
1934 1323 2233 1393 ὑπερορίας
2282 1320 2452 1373 εἰσδέ-

868 1405 1056 1475 χεσθαι
1094 1404 1271 1468 δίκας.
1312 1404 1477 1457 Ὅθεν
1537 1402 1857 1471 πειθόμενος
1907 1405 2019 1465 τοῖς
2069 1405 2452 1474 ἐκκλησιαστι-

867 1489 985 1547 κοῖς
1041 1486 1251 1557 νόμοις,
1309 1484 1613 1555 παρακάλει
1676 1499 1769 1535 σου
1822 1484 1947 1546 τοὺς
2002 1486 2359 1555 κατηγόρους,
2415 1487 2448 1557 ἢ

868 1569 1142 1623 παύεσθαι
1202 1570 1301 1639 τῆς
1351 1567 1493 1621 κατά
1541 1567 1634 1620 σοῦ
1673 1569 2032 1639 κατηγορίας,
2088 1569 2121 1641 ἦ
2178 1570 2276 1640 τῆς
2314 1571 2452 1641 πρὸς

867 1654 1032 1705 αὑτὸν
1064 1652 1348 1723 προσόδου.
1385 1652 1531 1723 Πρὸς
1556 1650 1733 1705 ταῦτα
1782 1653 2028 1724 κινηθεὶς
2086 1656 2114 1708 ὁ
2160 1655 2414 1726 Ἰωάννης
2436 1698 2449 1721 ,

866 1738 981 1795 τοῖς
1013 1734 1111 1803 μὲν
1154 1734 1479 1797 ἐπισκόποις
1539 1734 1707 1787 αὑτοῦ
1768 1734 1978 1803 ἐλεγεν·
2014 1737 2205 1807 Ὑμεῖς
2238 1738 2266 1790 ὃ
2309 1738 2455 1791 δοκεῖ

868 1816 994 1886 ὑμῖν
1038 1816 1341 1887 δηλώσατε,
1380 1817 1481 1887 ἐμὲ
1513 1816 1569 1869 δὲ
1603 1816 1897 1871 ἀκόλουθόν
1947 1820 2061 1871 ἐστι
2107 1820 2243 1889 πρὸς
2272 1820 2339 1873 τά
2364 1821 2455 1891 δη-

865 1897 1109 1951 λωθέντα
1167 1917 1254 1969 μοι
1292 1902 1679 1971 ἀπισημᾶναι.
1738 1902 1863 1965 Τοῖς
1921 1902 1978 1955 δὲ
2032 1905 2159 1973 περὶ
2194 1904 2453 1971 Θεόφιλον

866 1983 1257 2037 ἀνταπέστειλε
1292 1985 1485 2037 ταῦτα·
1518 1984 1679 2053 Ἐγὼ,
1710 1988 1756 2037 εἰ
1794 1987 1892 2055 μὲν
1928 1986 2040 2055 ἔχει
2063 2004 2145 2048 τις
2174 1987 2293 2039 κατ’
2316 1987 2450 2056 ἐμοῦ

866 2064 1067 2131 λέγειν,
1103 2066 1265 2136 μέχρι
1294 2068 1395 2136 τῆς
1424 2066 1583 2137 δεῦρο
1616 2068 1958 2119 οὐδεπώποτε
1988 2068 2181 2134 ἔγνων·
2208 2070 2254 2119 εί
2280 2068 2337 2120 δέ
2367 2085 2451 2130 τις

866 2147 1096 2201 κατεῖπέ
1152 2166 1276 2217 μου,
1320 2150 1413 2201 καὶ
1446 2148 1701 2217 βούλεσθέ
1756 2165 1824 2217 με
1859 2149 2291 2218 παραγενέσθαι,
2324 2150 2452 2213 τοὺς

864 2229 1163 2298 προδήλους
1200 2248 1300 2300 μου
1334 2230 1581 2299 ἐχθροὺς,
1613 2231 1807 2293 οἵτινες
1841 2232 1903 2282 ἐκ
1929 2231 2027 2299 τῆς
2058 2231 2315 2300 ἀμελείας
2356 2232 2451 2285 αὑ-

862 2308 970 2363 τῶν
991 2310 1352 2382 ἐκακώθησαν
1383 2312 1519 2381 πρὸς
1552 2313 1677 2381 ἐμὲ,
1712 2312 1938 2382 βάλλετε
1974 2312 2198 2377 τούτους
2222 2314 2325 2377 ἔξω
2358 2314 2452 2367 τοῦ

866 2394 1131 2465 ὑμετέρου
1162 2395 1441 2463 συλλόγου·
1474 2396 1569 2448 καὶ
1596 2394 1721 2448 οὔτε
1763 2396 1929 2449 τόπου
1960 2397 2293 2468 ἀμφισϐητῶ
2321 2399 2454 2451 ὅπου

874 2492 942 2546 με
967 2476 1077 2530 δέοι
1112 2477 1391 2547 κριθῆναι,
1423 2481 1472 2530 εἰ
1502 2478 1599 2531 καὶ
1644 2479 1712 2531 τά
1765 2479 1998 2549 μάλιστα
2034 2480 2141 2532 ἔδει
2169 2482 2226 2534 ἐν
2253 2484 2319 2551 τῇ
2362 2482 2459 2534 πό-

863 2556 966 2611 λει.
1004 2559 1125 2611 Εἰσὶ
1147 2559 1203 2611 δὲ
1231 2558 1325 2622 οὓς
1367 2560 1767 2630 παραιτοῦμαι,
1826 2561 2104 2630 Θεόφιλος,
2151 2563 2210 2614 ὃν
2248 2563 2457 2633 ἐλέγχω

868 2641 1128 2709 εἰρηκότα
1181 2643 1273 2694 καὶ
1328 2643 1387 2696 ἐν
1446 2642 1821 2714 Ἀλεξανδρεία
1876 2647 1970 2698 καὶ
2026 2648 2083 2699 ἐν
2137 2646 2335 2717 Λυκίᾳ,
2373 2649 2455 2700 ὅτι

882 2722 1217 2793 ’Δπέρχομαι
1258 2726 1338 2788 εἰς
1387 2725 1479 2777 τὸν
1537 2728 1850 2795 κομιτάτον,
1893 2728 2146 2798 Ἰωάννην
2182 2730 2451 2783 καθελεῖν.

869 2804 1024 2857 Ἐστι
1060 2805 1118 2859 δέ
1138 2805 1359 2875 ἀληθὲς,
1389 2808 1448 2872 ἐξ
1472 2800 1548 2860 ὧν
1574 2808 2018 2877 παραγενόμενος
2044 2809 2168 2862 οὑτε
2192 2812 2452 2882 συνέτυχέ

870 2903 981 2956 μοι,
1006 2886 1130 2941 οὒτε
1156 2888 1481 2960 ἐκοινώνησέ
1513 2906 1625 2960 μοι.
1645 2893 1740 2953 '6‘;
1764 2887 1856 2944 οὖν
1886 2892 1991 2963 πρὸ
2016 2893 2116 2962 τῆς
2136 2894 2455 2964 ἀκροάσεως

865 2970 935 3023 τά
964 2970 1175 3041 ἐχθρῶν
1204 2971 1512 3032 ἐπετέλεσε,
1542 2973 1595 3025 τί
1622 2972 1687 3025 ἂν
1713 2975 1920 3046 ποιήσῃ
1957 2976 2095 3045 μετά
2126 2976 2226 3045 τὴν
2259 2976 2453 3047 δίκην;

879 3049 1114 3123 ὀμοίως
1164 3054 1220 3106 δέ
1261 3055 1357 3107 καὶ
1424 3053 1679 3107 Ἀκάκιον
1730 3056 1994 3126 διελέγχω
2052 3059 2136 3127 ἐφ’
2185 3050 2230 3125 ᾧ
2281 3054 2454 3112 εἶπεν·

880 3133 1022 3203 Ἐγὼ
1046 3136 1196 3204 αὑτῷ
1230 3136 1417 3205 ἀρτύω
1444 3136 1669 3208 χύτραν.
1702 3138 1838 3209 Περί
1891 3139 1947 3190 δὲ
1992 3140 2325 3210 Σευηριανοῦ
2367 3143 2460 3194 καὶ

883 3217 1181 3287 Ἀντιόχου,
1208 3216 1304 3282 οὓς
1334 3218 1520 3288 τάχιον
1571 3219 1955 3290 μετελεύσεται
1981 3223 2013 3291 ή
2060 3220 2181 3274 θεία
2230 3222 2374 3292 δίκη,
2406 3223 2460 3275 τί

862 3300 944 3352 δεῖ
968 3301 1062 3355 καὶ
1086 3300 1288 3369 λέγειν,
1319 3295 1396 3357 ὧν
1424 3302 1525 3366 τὰς
1553 3303 1970 3376 νεωτεροποιίας
1998 3305 2093 3358 καὶ
2122 3306 2191 3358 τὰ
2217 3308 2459 3376 κοσμικά

865 3383 1052 3455 ᾄδουσι
1118 3385 1366 3456 θέατρα;
1424 3384 1634 3439 Οὑκοῦν
1692 3387 2141 3457 παρακέκλησθε,
2208 3391 2258 3441 εἰ
2318 3390 2462 3443 κατὰ

866 3468 1129 3540 ἀλήθειαν
1165 3468 1420 3539 βούλεσθέ
1453 3487 1520 3540 με
1542 3469 1737 3534 ἐλθεῖν,
1770 3470 1993 3534 τούτους
2016 3473 2143 3535 τοὺς
2163 3472 2459 3544 τέσσαρας·

868 3552 917 3603 εἰ
956 3551 1055 3620 μὲν
1076 3551 1151 3614 ὡς
1178 3551 1460 3615 δικαστάς,
1481 3551 1774 3606 ἐκϐάλλετε
1797 3552 2021 3616 τούτους
2046 3554 2136 3605 τοῦ
2162 3556 2461 3626 συνεδρίου·

868 3634 917 3685 εἰ
939 3632 994 3685 δὲ
1015 3634 1091 3697 ὡς
1122 3634 1481 3705 κατηγόρους,
1510 3636 1742 3707 στήσατε
1767 3636 1848 3698 εἰς
1873 3635 1971 3705 τήν
1996 3636 2197 3704 κρίσιν,
2229 3638 2315 3689 ἵνα
2349 3639 2462 3705 γνῶ

867 3717 1017 3780 ὅπως
1056 3717 1355 3789 κονίζωμαι
1377 3760 1392 3783 ,
1430 3719 1658 3790 πότερον
1688 3720 1763 3782 ὡς
1798 3719 1935 3791 πρὸς
1967 3719 2293 3786 ἀντιδίκους,
2327 3721 2460 3791 ἢὼς

866 3799 1149 3865 δικαστάς·
1187 3803 1282 3855 καὶ
1328 3802 1551 3865 πάντως
1573 3802 1867 3873 ἐλεύσομαι
1894 3804 1955 3856 οὑ
1996 3803 2160 3873 μόνον
2191 3804 2330 3874 πρὸς
2358 3806 2458 3876 τὴν

869 3883 1147 3957 ὑμετέραν
1204 3886 1447 3955 ἀγάπην,
1495 3886 1628 3938 ἀλλά
1676 3888 1771 3939 καὶ⁵
1828 3888 1964 3957 πρὸς
2005 3889 2184 3940 πᾶσαν
2236 3888 2335 3957 τῆς
2384 3890 2461 3940 οί-

872 3966 1146 4037 λουμένης
1212 3967 1449 4022 σύνοδον.
1507 3969 1670 4021 ’Ὥστε
1723 3964 1816 4021 οὖν
1856 3969 2056 4037 γνῶτε,
2115 3969 2210 4022 ἐὰν
2265 3969 2459 4040 μυριά-

872 4065 963 4112 κις
994 4049 1353 4121 ἀποστείλητε
1387 4051 1525 4121 πρός
1581 4068 1680 4121 με,
1738 4051 1893 4103 οὐδὲν
1939 4052 2101 4105 πλέον
2162 4053 2460 4105 ἀκούσεσθε

870 4132 1001 4203 παρ’
1057 4133 1213 4204 ἐμοῦ.
1284 4134 1503 4187 Τούτων
1577 4134 1936 4200 ἐξελθόντων,
2009 4136 2256 4206 νοτάριος
2314 4138 2466 4208 παρὰ

871 4216 1039 4278 πόδας
1089 4218 1326 4288 γράμμα
1367 4218 1508 4287 ἔχων
1574 4218 1885 4287 βασιλικὸν,
1924 4220 1981 4271 ἐν
2032 4212 2076 4287 ᾧ
2135 4220 2466 4293 προεδεήθη-

873 4314 973 4350 σαν
1027 4299 1230 4352 ἄκοντα
1292 4300 1458 4353 αὑτὸν
1510 4300 1825 4371 ἀπαντῆσαι
1873 4302 1954 4365 είς
1991 4302 2092 4372 τήν
2120 4302 2298 4372 δίκην,
2335 4321 2467 4356 κατο

869 4381 1099 4451 ήπειγεν
1151 4382 1317 4435 αὑτὸν
1375 4384 1457 4445 είς
1518 4382 1618 4455 τήν
1677 4384 1878 4452 κρίσιν.
1945 4384 2100 4438 Μετὰ
2173 4386 2271 4455 τὴν
2331 4385 2467 4439 ἀπό-

868 4480 1053 4536 κρισιν
1109 4464 1207 4537 τήν
1258 4467 1394 4537 πρὸς
1444 4467 1535 4521 τὸν
1603 4469 1889 4539 νοτάριον,
1959 4468 2313 4539 ἐμηνύθησαν
2345 4460 2468 4523 ’δύο

870 4547 1234 4622 πρεσϐύτεροι
1280 4549 1373 4603 τοῦ
1410 4550 1682 4615 Ἰωάννου,
1728 4551 1985 4620 Εὑγένιός
2029 4568 2134 4615 τις,
2183 4552 2242 4615 ὂς
2274 4552 2465 4621 μισθὸν

869 4631 970 4700 τῆς
1006 4632 1146 4685 κατά
1166 4633 1260 4686 τοῦ
1292 4634 1595 4687 ἐπισκόπου
1629 4635 1878 4688 Ἰωάννου
1904 4636 2176 4707 συσκευῆς
2204 4638 2305 4707 τὴν
2334 4654 2467 4708 προ-

870 4712 1057 4784 εδρίαν
1104 4714 1292 4767 ἐλαϐεν
1332 4716 1697 4787 Ἡρακλείας,
1732 4718 1825 4770 κα)⁸
1874 4720 1902 4769 6
1935 4720 2247 4790 ήσυχαστὴς
2288 4720 2465 4774 Ἰσαά-

870 4812 1010 4860 κιος,
1040 4796 1126 4850 ἴνα
1166 4797 1240 4869 μὴ
1273 4797 1448 4862 ἄλλως
1480 4800 1639 4863 εἴπω,
1674 4799 1957 4867 λέγοντες·
2011 4800 2277 4869 Ἐδήλωσέ
2319 4820 2399 4855 σοι
2431 4805 2464 4875 ή

872 4879 1119 4945 σύνοδος·
1170 4883 1411 4953 πέρασον
1462 4883 1597 4955 πρὸς
1650 4885 1821 4955 ἡμᾶς,
1878 4883 2359 4955 ἀπολογησόμενος
2400 4887 2469 4939 τά

869 4964 1218 5037 ἐγκλήματα.
1252 4968 1397 5037 Πρὸς
1446 4968 1623 5022 ταῦτα
1657 4969 1687 5021 6
1724 4969 1983 5039 Ἰωάννης
2025 4968 2365 5039 ἀντεδήλωσε
2403 4970 2468 5022 δι’

872 5049 1189 5102 ἐπισκόπων
1218 5051 1442 5122 ἐτέρων·
1478 5054 1617 5125 Ποία
1661 5052 1957 5125 ἀκολουθίᾳ
1980 5052 2256 5117 δικάζετε,
2288 5054 2336 5106 οἰ
2367 5055 2471 5125 μή-

870 5148 931 5185 τε
971 5133 1099 5195 τοὺς
1140 5133 1367 5204 ἐχθρούς
1410 5154 1511 5207 μου
1562 5136 1887 5203 ἐξώσαντες,
1919 5139 2016 5193 καὶ
2044 5138 2131 5191 διά
2166 5138 2275 5191 τῶν
2322 5138 2470 5209 ἐμῶν

871 5214 1151 5287 κληρικῶν
1193 5234 1260 5288 με
1312 5218 1820 5290 μεταστελλόμενοι;
1856 5222 1922 5277 Οἱ
1961 5222 2017 5275 δὲ
2050 5222 2307 5287 λαϐόντες
2346 5222 2471 5285 τοὺς

873 5299 1239 5365 ἐπισκόπους,
1286 5302 1378 5354 τὸν
1419 5303 1520 5373 μὲν
1575 5304 1807 5375 ἔδειραν,
1860 5305 1951 5359 τὸν
1984 5307 2041 5361 δὲ
2090 5310 2470 5380 περιέσχισαν,

873 5381 951 5452 τῷ
996 5383 1052 5435 δέ
1084 5385 1282 5457 σίδηρα
1316 5386 1393 5457 τῷ
1433 5387 1691 5459 τραχήλῳ
1744 5390 2098 5460 περιέθηκαν,
2129 5393 2167 5447 ἃ
2198 5389 2338 5465 ἦσαν
2381 5394 2472 5446 εὑ-

873 5466 1230 5535 τρεπίσαντες
1256 5468 1335 5539 τῷ
1372 5471 1534 5541 ἀγίῳ,
1569 5471 1636 5523 ἵν’
1675 5470 1849 5535 οὑτως
1881 5472 2100 5544 βληθεὶς
2147 5480 2231 5541 εἰς
2261 5478 2467 5539 πλοῖον,

875 5548 958 5611 εἰς
984 5548 1177 5619 ἄδηλον
1205 5554 1484 5625 ἀποσταλῇ
1534 5556 1698 5607 τόπον
1720 5573 1734 5584 ·
1768 5554 1861 5607 τοῦ
1915 5557 2167 5628 δαίμονος
2218 5562 2474 5633 καθάπερ

876 5630 1100 5696 λέοντας
1140 5636 1517 5705 ἀγριώσαντος
1555 5640 1770 5703 αὑτούς.
1806 5642 1916 5693 Καὶ
1946 5646 1973 5694 ὀ
2006 5644 2103 5712 μὲν
2136 5647 2277 5711 ὅσιος
2315 5630 2472 5709 εἰδὼς

875 5718 975 5786 τὴν
1000 5717 1194 5798 ἀναιδῆ
1246 5721 1424 5773 αὑτῶν
1469 5723 1719 5795 γνώμην,
1772 5724 1965 5777 ἐαυτὸν
2015 5727 2361 5798 ἐπέσχεν.οἰ
2412 5730 2470 5782 δὲ

877 5797 1150 5863 γεννάδες,
1198 5800 1501 5868 πράξαντες
1533 5805 1928 5875 ὑπομνημάτια
1970 5797 2211 5878 ἀράχνης
2248 5810 2471 5863 ἀσθενέ-

882 5890 1043 5945 στερα
1077 5878 1213 5960 πρός
1242 5879 1562 5946 ἀφοσίωσιν,
1605 5884 1999 5953 ἀποφαίνονται
2049 5888 2188 5940 κατά
2231 5890 2323 5942 τοῦ
2363 5907 2467 5960 μα-

879 5955 1092 6025 καρίου,
1132 5952 1191 6009 οῦ
1236 5958 1357 6011 οῦτε
1390 5960 1449 6012 τὸ
1484 5952 1771 6029 πρόσωπον
1801 5960 1961 6018 εἶδον.
2010 5966 2131 6018 66:;
2163 5952 2466 6038 φρονῇς-αὑ

877 6038 971 6092 τοῦ
1029 6042 1284 6111 ἧκ’ρυταν,
1332 6048 1388 6097 ἐν
1438 6045 1619 6117 ἡμέρα
1674 6052 1763 6118 μιᾷ
1814 6050 1910 6119 τὴν
1960 6054 2013 6101 ἰν
2066 6053 2235 6120 πώλῳ
2299 6054 2433 6120 (ζόη

2562 658 2929 727 ἐμφαινομένην
2959 656 3159 710 κακίαν
3203 649 3751 725 συμπεραιώσαντες·
3795 651 4151 723 ἀνεπίηετον

2557 739 2665 810 γὰρ
2688 740 2750 791 τὸ
2788 739 3141 809 δαιμονιῶδες
3170 739 3418 808 ὅρμημα,
3466 738 3565 790 οὒκ
3615 733 3880 803 ἀναμένον
3931 736 4145 805 σκέψιν·

2555 822 2661 873 Καὶ
2708 822 3024 889 πέμψαντες
3078 822 3157 889 τῷ
3212 822 3421 890 βασιλεῖ
3472 818 3769 890 ἀναφοράν,
3804 815 4141 886 προέταξαν·

2566 903 2786 973 Ἐπειδὴ
2822 905 3227 975 κατηγορηθεὶς
3264 905 3517 973 Ἰωάννης
3549 905 3640 956 ἐπὶ
3671 902 3857 961 κακοῖς
3880 914 4009 962 τισι,
4047 904 4143 953 καὶ

2555 986 2807 1049 συνειδὼς
2870 986 3081 1053 ἐαυτῷ,
3130 989 3231 1041 οὑκ
3286 987 3551 1057 ἠθέλησεν
3604 985 3942 1053 ἀπαντῆσαι,
3988 984 4140 1037 τόνδε

2557 1071 2795 1124 τοιοῦτον
2854 1068 3211 1137 καθαιροῦσιν
3257 1072 3304 1122 οἱ
3344 1071 3533 1139 νόμοι·
3566 1071 3593 1121 ὃ
3644 1069 3708 1139 δὴ
3769 1068 3862 1121 καὶ
3908 1066 4136 1137 ὑπέστη.

2554 1154 2879 1223 Περιέχουσι
2901 1150 2959 1204 δέ
2984 1152 3033 1203 οἱ
3075 1149 3307 1203 λιϐέλλοι
3333 1154 3426 1204 καὶ
3454 1151 3828 1214 καθοσιώσεως
3868 1150 4139 1221 ἔγκλημα.

2553 1236 2812 1288 Κελεύσει
2864 1231 2957 1286 οῦν
3004 1234 3039 1301 ἡ
3085 1232 3238 1300 ὑμῶν
3290 1234 3541 1285 εὐσέϐεια
3596 1237 3692 1287 καὶ
3736 1236 3934 1288 ἄκοντα
3978 1232 4143 1287 αὑτὸν

2554 1319 2890 1389 ἐξωσθῆναι.
2944 1316 3039 1369 καὶ
3094 1314 3251 1377 δίκας
3306 1314 3489 1367 δοῦναι
3523 1318 3615 1369 ἐπὶ
3665 1320 3731 1387 τῇ
3787 1318 4138 1381 καθοσιώσει,

2554 1402 2743 1473 ἐπειδὴ
2771 1404 2901 1473 ἡμῖν
2927 1401 3026 1453 οὑκ
3060 1397 3236 1464 ἔξεστι
3271 1397 3445 1450 ταῦτα
3480 1398 3681 1469 ζητεῖν.
3712 1398 3782 1453 Ὦ
3816 1402 4139 1471 τρισάθλιοι,

2552 1486 2588 1539 δι
2638 1488 2884 1556 φρονεῖτε
2924 1483 3020 1536 καὶ
3047 1484 3268 1534 ποιεῖτε·
3302 1479 3623 1550 αἰσχύνεσθε
3655 1482 3827 1534 ταῦτα
3858 1488 4051 1547 ποιεῖν,
4078 1486 4140 1538 οὑ

2552 1568 2706 1632 Θεὸν,
2738 1566 2875 1620 ἀλλά
2904 1566 2999 1620 ἀνθ
3012 1564 3224 1636 ρώπους
3256 1564 3565 1632 αἰδούμενοι
3591 1563 3625 1633 ἢ
3662 1564 4006 1633 φοϐούμενοι.
4029 1562 4144 1619 Ἦν

2552 1652 2608 1705 δὲ
2646 1654 2675 1722 ή
2710 1650 3037 1711 καθοσίωσις
3072 1650 3105 1717 ή
3153 1650 3233 1710 εἰς
3260 1648 3359 1716 τὴν
3408 1646 3725 1716 βασίλισσαν
3762 1646 4031 1719 λοιδορία,
4064 1650 4144 1714 ὡς

2556 1736 2750 1787 ἐκεῖνοι
2778 1736 3103 1804 ἀνήνεγκαν,
3142 1730 3225 1782 ὅτι
3270 1726 3426 1783 εἶπεν
3456 1730 3624 1801 αὐτὴν
3662 1729 3917 1793 Ἰεζάϐελ.
3950 1734 4060 1784 Καὶ
4089 1736 4142 1786 οἱ

2558 1818 2658 1887 μὲν
2689 1816 3000 1886 θαυμάσιοι,
3045 1813 3135 1865 τὸν
3159 1810 3247 1863 διὰ
3288 1812 3476 1880 ξίφους
3518 1814 3745 1867 θάνατον
3774 1813 3939 1867 αὑτοῦ
3969 1815 4145 1884 ποθή-

2556 1916 2746 1960 σαντες
2793 1899 2940 1957 ἰδεῖν,
2971 1895 3142 1958 οὕτως
3183 1895 3521 1964 ἀνήνεγκαν·
3555 1900 3583 1949 6
3613 1897 3669 1950 δὲ
3714 1897 3847 1960 Θεὸς
3889 1898 3983 1950 καὶ
4014 1898 4142 1950 τούο

2552 1998 2660 2033 των
2694 1980 3005 2049 ἐφανέρωσε
3051 1978 3151 2048 τὴν
3200 1979 3603 2047 ἐνδομυχοῦσαν
3642 1982 3859 2043 κακίαν,
3903 1982 4144 2034 καὶτῶν

2552 2063 2827 2133 ἀρχόντων
2856 2061 3169 2129 ἐμαλάκυνε
3200 2060 3298 2130 τὴν
3333 2061 3596 2130 καρδίαν·
3630 2064 3883 2132 καθάπερ
3911 2067 4005 2117 ἐπὶ
4043 2066 4143 2117 τοῦ

2552 2144 2747 2216 Δανιὴλ
2776 2144 2972 2214 συνέϐη
2998 2146 3055 2195 ἐν
3082 2142 3385 2197 Βαϐυλῶνι.
3423 2144 3570 2196 Ἑκεί
3593 2143 3702 2213 γάρ
3721 2145 3771 2195 οι
3807 2146 3903 2212 μὲν
3927 2145 4145 2209 λέοντες

2554 2226 2939 2298 ἡμερώθησαν,
2968 2228 3288 2296 φεισάμενοι
3318 2225 3412 2278 τοῦ
3451 2225 3668 2296 Δανιὴλ,
3697 2227 3746 2278 οἰ
3777 2225 3833 2277 δὲ
3864 2226 4145 2297 ἄνθρωποι

2556 2309 2926 2381 ἠγριώθησαν,
2971 2310 3364 2380 ἀφειδήσαντες
3390 2309 3484 2361 τοῦ
3528 2310 3833 2380 προφήτου,
3861 2310 3954 2363 καὶ
3985 2309 4145 2362 ἐδυσ-

2555 2392 2777 2465 ώπησεν
2810 2396 2838 2445 6
2870 2393 3002 2456 Θεὸς
3036 2395 3164 2456 τοὺς
3208 2393 3360 2465 παρά
3393 2392 3553 2461 φύσιν
3596 2392 3987 2463 ἀγριωθέντας,
4029 2393 4142 2446 τῶν

2556 2477 2709 2548 παρά
2740 2477 2901 2545 φύσιν
2929 2480 3037 2547 ήμε
3048 2478 3346 2548 ρωθέντων.

2628 2562 3131 2624 ΚΕΦ.Θ⁹.-Οῦτως
3163 2560 3372 2631 ἐξώσθη
3411 2563 3439 2614 6
3486 2560 3736 2631 Ἰωάννης
3768 2560 3869 2630 τῆς
3911 2560 4144 2630 Ἐκκληο

2558 2645 2711 2706 σίας,
2759 2644 2999 2713 κόμητος
3037 2643 3435 2701 ἀποσταλέντος
3471 2644 3567 2695 σὺν
3600 2646 3963 2714 στρατιωτικῇ
4011 2643 4145 2713 βοη-

2554 2726 2700 2796 θείᾳ,
2757 2726 3010 2796 καθάπερ
3060 2726 3152 2777 ἐπὶ
3206 2724 3548 2795 βαρϐαρικῆς
3602 2725 3978 2795 παρατάξεως.
4015 2726 4143 2777 Ἐκ⁹

2555 2808 2774 2878 ϐληθεὶς
2812 2809 2869 2861 δὲ
2926 2808 3117 2877 φθάνει
3166 2808 3245 2868 εἰς
3284 2806 3352 2860 τὰ
3393 2808 3535 2860 κατά
3574 2807 3871 2877 Πραίνετον
3902 2809 4002 2871 τῆς
4045 2809 4143 2860 Βι-

2554 2890 2741 2954 θυνίας
2809 2892 3049 2963 ἀγρίδια.
3105 2892 3297 2960 Μέσης
3360 2891 3417 2943 δὲ
3477 2890 3866 2959 διαγενομένης
3927 2891 4148 2960 ἡμέρας

2558 2978 2706 3045 μιᾶς,
2747 2976 2948 3045 συνέϐη
2981 2974 3209 3047 θραῦσίν
3236 2991 3355 3027 τινα
3410 2973 3661 3042 γενέσθαι
3694 2974 3750 3025 ἐν
3788 2973 3868 3044 τῷ
3901 2974 4143 3027 κοιτῶνι.

2555 3057 2886 3127 Φοϐηθέντες
2930 3060 2994 3110 ἐκ
3040 3056 3253 3121 τούτου,
3292 3057 3362 3109 δι’
3404 3057 3608 3109 οἰκείου
3652 3057 3901 3125 νοταρίου
3939 3058 4151 3109 ἀνακα-

2557 3140 2779 3194 λοῦνται
2816 3140 2910 3192 τὸν
2963 3140 3221 3210 Ἰωάννην
3276 3138 3414 3209 μετά
3471 3140 3687 3209 ἡμέρας
3733 3138 3953 3207 ὀλίγας,
4006 3139 4149 3191 ἀποο

2557 3223 2738 3286 δόντες
2768 3222 2847 3292 τῷ
2879 3223 3066 3291 οἰκείῳ
3100 3221 3294 3291 θρόνῳ.
3321 3220 3507 3285 Οὑτως
3536 3224 3564 3274 6
3601 3221 3858 3290 Θεόφιλος
3899 3222 3994 3274 σὺν
4032 3222 4152 3283 τοῖς

2558 3305 2878 3373 Αἰγυπτίοις
2900 3307 3047 3376 φυγῇ
3075 3304 3173 3375 τήν
3198 3303 3473 3373 σωτηρίαν
3497 3303 3806 3374 πορίζεται·
3831 3304 4012 3374 ἐζήτει
4039 3302 4153 3372 γάρ

2561 3392 2596 3459 ή
2627 3388 2781 3452 πόλις
2831 3388 2998 3442 αὑτὸν
3028 3386 3400 3443 θαλασσῶσαι.
3431 3386 3586 3440 Μετά
3636 3386 3729 3439 δύο
3765 3387 3937 3457 μῆνας
3986 3387 4156 3439 πάλιν

2563 3472 3081 3530 ὑπαναπνεύσαντες
3106 3469 3209 3539 τῆς
3254 3468 3490 3539 πληγῆς,
3525 3468 3886 3537 φρυάττονται
3929 3470 3993 3521 ἐκ
4030 3469 4156 3523 δευ-

2561 3555 2723 3625 τέρου
2748 3553 2890 3606 κατά
2918 3552 3013 3605 τοῦ
3043 3552 3323 3605 Ἰωάννου·
3352 3552 3448 3603 καὶ
3473 3550 3829 3621 εὐπρόσωπον
3854 3550 4026 3621 ἀρχὴν
4051 3552 4155 3622 οὑχ

2562 3637 2929 3707 εὑρίσκοντες,
2964 3634 3239 3704 πέμπουσι
3274 3633 3411 3704 πρὸς
3438 3634 3531 3686 τὸν
3561 3632 3819 3703 σοφιστὴν
3844 3633 3951 3686 τῶν
3986 3634 4157 3687 τοιού-

2559 3736 2668 3772 των
2718 3720 2799 3781 είς
2835 3717 3245 3788 Ἀλεξάνδρειαν
3279 3715 3646 3786 δηλώσανεες·
3671 3715 3741 3767 Ἣ
3775 3716 3939 3769 πάλιν
3977 3717 4156 3768 ἀπάν-

2558 3818 2719 3873 τησον
2760 3802 3159 3871 στρατηγήσων
3192 3799 3335 3853 κατὰ
3372 3798 3467 3851 τοῦ
3502 3798 3770 3859 Ἰωάννου,
3805 3798 3863 3867 ἢ,
3901 3800 3949 3851 εί
3995 3797 4169 3851 τοῦτο.

2558 3884 2801 3946 δέδοικας
2833 3883 2920 3937 διά
2959 3884 3088 3947 τοὺς
3138 3883 3321 3945 λαοὺς,
3362 3881 3565 3952 τρόπον
3611 3882 3745 3951 ἡμῖν
3773 3880 3978 3934 ὑπόθου
4006 3880 4157 3943 τινὰ,

2559 3967 2626 4019 δι’
2660 3962 2717 4020 οὑ
2755 3966 2854 4037 τὴν
2895 3968 3071 4039 ἀρχὴν
3106 3968 3443 4037 ποιήσωμεν.
3481 3965 3625 4035 Πρὸς
3655 3964 3868 4029 τούτοις
3900 3965 3930 4016 6
3962 3963 4162 4033 Θεόφι-

2561 4049 2673 4113 λος,
2702 4050 2863 4113 αὑτδς
2896 4052 2995 4120 μὲν
3018 4049 3119 4102 οὑκ
3148 4050 3485 4119 ἀπήντησεν,
3512 4045 3669 4109 εἰδὼς
3692 4048 3841 4109 ὅπως
3878 4046 4157 4115 διέφυγεν,

2563 4132 2847 4185 ἀπέστειλε
2872 4132 2930 4186 δὲ
2958 4136 3109 4203 τρεῖς
3141 4132 3409 4195 ἐλεεινοὺς
3439 4129 3799 4192 ἐπισκόπους,
3824 4128 4037 4181 Παῦλον
4062 4130 4162 4181 καὶ

2566 4215 2807 4284 Ποιμένα
2848 4216 2941 4268 καὶ
2979 4217 3167 4285 ἕτερον
3201 4212 3689 4285 νεοχειροτόνητον,
3733 4210 4162 4274 συναποστείλας

2568 4298 2751 4362 αὑτοῖς
2780 4299 2874 4352 καὶ
2887 4299 3121 4361 κανόνας
3150 4297 3302 4362 τινὰς
3330 4296 3425 4359 οὓς
3444 4297 3835 4366 πεποιήκεισαν
3860 4295 3908 4347 οί
3944 4296 4162 4365 Ἀρειαα

2568 4382 2649 4434 νοί
2685 4382 2826 4436 κατά
2865 4382 2961 4435 τοῦ
2995 4381 3267 4453 μακαρίου
3314 4379 3655 4442 Ἀθανασίου,
3684 4378 3770 4430 ἵνα
3797 4378 4022 4439 αὑτοῖςι
4046 4380 4162 4441 τοῖς

2568 4464 2761 4517 κανόσι
2810 4467 3171 4535 χρησάμενοι,
3206 4463 3360 4525 δίκας
3410 4461 3645 4527 πλέξωσι
3692 4459 3771 4530 τῷ
3807 4460 4047 4530 Ἰωάννῃ,
4083 4461 4162 4523 ὡς

2572 4556 2711 4627 μετὰ
2733 4556 3053 4628 καθαίρεσιν
3078 4553 3255 4624 ἐαυτῷ
3274 4552 3661 4608 ἐπεισελθόντι.
3692 4552 4021 4623 Ὀρμητικδς
4049 4550 4163 4617 γάρ

2570 4642 2720 4692 ἐστιν
2748 4642 2812 4692 ἐκ
2841 4640 3078 4709 φύσεως,
3098 4638 3193 4692 καὶ
3216 4637 3511 4709 προπετὴς,
3544 4636 3637 4690 καὶ
3661 4635 3891 4707 θρασὺς,
3916 4636 4011 4689 καὶ
4042 4634 4161 4687 δια-

2570 4723 2849 4794 φερόντως
2895 4723 3223 4792 φιλόνεικος·
3268 4722 3423 4775 οὐδὲν
3460 4721 3569 4789 γάρ
3617 4722 3734 4772 ἐστι
3771 4718 3867 4772 τοῦ
3900 4718 4165 4788 φανέντος

2569 4805 2719 4877 αὑτῷ
2767 4806 2874 4859 ὑπὸ
2905 4806 3003 4876 τῆς
3053 4805 3261 4874 ὅψεως,
3291 4804 3319 4857 δ
3346 4806 3373 4845 b
3404 4806 3526 4875 οὑχὶ
3574 4802 3770 4857 θᾶττον
3812 4800 3905 4855 τοῦ
3950 4801 4166 4862 δέοντος

2570 4890 2963 4960 ἀκατασχέτως
3013 4890 3197 4960 ὁρμᾷ,
3251 4890 3337 4941 ἐπ’
3379 4887 3529 4952 αὑτῷ
3584 4888 3723 4957 μήτε
3779 4885 3958 4954 κρίσιν
4024 4884 4164 4952 μήτε

2572 4974 2763 5045 σκέψιν
2796 4974 3103 5045 ἀναμένων.
3141 4971 3435 5041 Ἀλογίστῳ
3463 4971 3519 5023 δέ
3551 4971 3692 5042 φορᾷ
3718 4967 3907 5038 χρώμε
3920 4983 4000 5028 θος
4030 4966 4166 5018 ἀτά-

2571 5075 2715 5122 κτως
2750 5057 2956 5127 βαδίξει
2986 5058 3080 5109 ἐπί
3121 5056 3222 5125 τὴν
3272 5053 3463 5107 τούτου
3500 5052 3917 5121 συγκατάθεσιν,
3957 5049 4051 5102 καὶ
4095 5052 4163 5119 τῇ

2572 5142 2909 5213 ψηφισθείσῃ
2925 5138 3201 5208 ἀποφάσει
3223 5133 3455 5207 βεϐαίως
3477 5136 3910 5207 ἐπερειδόμενος,
3931 5131 4164 5196 εὐτόνως

2575 5225 2996 5295 ἀντιφιλονεικεῖ
3023 5222 3187 5273 παντὶ
3210 5220 3288 5291 τῷ
3317 5220 3628 5291 βουλομένῳ
3648 5214 4163 5285 ἀνταποφήνασθαι,

2578 5309 2896 5371 σπουδάζων
2926 5306 3014 5359 ἀεὶ
3053 5305 3152 5376 τὴν
3202 5304 3398 5358 ἐαυτοῦ
3429 5304 3611 5375 κρίσιν
3647 5320 3709 5355 τε
3753 5302 3848 5355 καὶ
3873 5299 4055 5368 ψῆφον
4084 5316 4167 5353 νι-

2576 5393 2761 5446 κῶσάν
2776 5408 2834 5443 τε
2852 5390 2947 5443 καί⁸
2964 5388 3265 5460 κρατοῦσαν
3294 5388 3636 5458 ἀποφαίνειν.
3670 5388 3735 5439 Ὃ
3762 5384 3827 5453 δὴ
3857 5382 3951 5435 καὶ
3982 5382 4168 5435 ποιοῦ-

2578 5494 2661 5529 σιν
2706 5475 3062 5544 ἐπιστάμενοι
3120 5473 3285 5527 αὑτοῦ
3333 5473 3394 5525 τὸ
3453 5468 3605 5542 ἦθος.
3648 5464 4165 5533 Μετακαλεσάμενοι

2574 5562 2683 5633 γάρ
2707 5562 2806 5630 τῆς
2826 5560 3047 5631 Συρίας,
3085 5560 3178 5612 καὶ
3212 5555 3629 5616 Καππαδοκίας,
3660 5552 3755 5604 καὶ
3782 5549 3881 5619 τῆς
3901 5550 4165 5620 Ποντικῆς

2576 5647 2897 5716 διοικήσεως
2932 5646 3025 5697 καὶ
3067 5644 3305 5713 Φρυγίας
3363 5640 3520 5699 ὅλους
3550 5649 3570 5674 υ
3623 5634 4018 5716 μητροπολίτας
4067 5636 4166 5716 καί

2578 5714 2933 5790 ἐπισκόπους,
2982 5723 3429 5795 συναθροίζουσιν
3471 5719 3551 5779 εἰς
3590 5714 3688 5785 τὴν
3723 5714 4165 5769 Κωνσταντινού-

2578 5806 2753 5863 πολιν.
2785 5808 2849 5859 Οἱ
2880 5806 2934 5859 δὲ
2982 5804 3441 5873 παραγενόμενοι,
3476 5795 3617 5851 κατά
3643 5796 3740 5868 τὴν
3778 5795 3884 5851 τῶν
3925 5797 4169 5855 κανόνων

2644 5936 2661 5961 ⁷
2696 5934 2897 5982 Ιῖνρῑὶιις
2924 5934 3165 5990 ιυιεριιιὶιιι
3208 5943 3403 5972 “ﬂorum.

2640 5996 2666 6032 δ
2694 5998 2825 6051 1.(’;(·
2854 5996 2962 6045 ﬁrm}?
2994 6014 3035 6040 ο.

2648 6068 2651 6077 '
2691 6066 2795 6103 (nn
2814 6072 2890 6117 ἱόν
2917 6062 3041 6109 έιΙῪζλ.
