4466 6726
320 619 392 677 ‘29
1285 613 1374 667 DE
1409 609 1566 664 VITA
1610 606 1669 661 S.
1708 604 1983 662 ιοΑΝΝιιι
2022 602 2084 658 CI

1837 604 1983 661 NNh‘.
2022 602 2508 661 CHRYSOSTOMI.
3533 612 3601 666 πθ

320 739 432 807 gati
481 754 586 792 non
630 737 696 791 ad
727 733 1064 791 eversionem
1097 727 1356 782 Ecclesia:
1377 768 1390 788 ,
1433 725 1524 779 sed
1559 725 1611 777 in
1654 737 1800 791 pace.
1834 721 1912 774 Tu

322 829 474 883 enim
498 829 800 883 tricesimus
852 830 1041 876 sextus
1071 833 1130 873 es
1169 833 1234 872 ex
1273 818 1426 871 unica
1467 813 1768 885 provincia;
1818 826 1913 865 nos

319 939 452 977 vero
482 936 668 977 sumus
693 915 1049 987 quadraginta
1090 928 1120 967 e
1151 912 1376 965 diversis
1417 907 1705 980 provinciis
1730 948 1742 969 ,
1778 906 1915 959 inter

318 1031 458 1086 quos
487 1025 676 1069 sumus
699 1008 860 1062 etiam
890 1014 1095 1075 septem
1122 1003 1467 1073 MetrOpolita:
1495 1020 1506 1055 :
1532 1010 1587 1057 et
1625 1009 1912 1055 consenta-

320 1124 485 1164 neum
527 1113 610 1159 est
649 1111 708 1156 ut
751 1101 929 1155 minor
965 1113 1221 1153 numerus
1251 1113 1280 1151 a
1308 1097 1494 1167 majori
1526 1103 1688 1163 atque
1722 1092 1911 1161 potiori

320 1195 620 1253 secundum
645 1207 880 1248 canones
905 1189 1193 1259 judicetur.
1245 1189 1513 1244 Habemus
1543 1186 1686 1239 enim
1715 1193 1767 1238 et
1797 1184 1913 1251 epi-

320 1287 521 1341 stolam
548 1294 712 1345 tuam.
745 1298 842 1353 per
871 1297 1028 1352 quam
1060 1295 1246 1336 mones
1271 1280 1649 1350 coepiscopum
1675 1283 1911 1328 nostrum

322 1379 590 1435 Joannem
632 1376 1022 1432 accusationem
1053 1386 1198 1430 extra
1240 1375 1437 1428 limites
1465 1385 1569 1424 non
1597 1368 1794 1422 debere
1819 1368 1912 1422 ad-

325 1471 561 1525 mittere.
595 1468 747 1524 Unde
790 1468 995 1538 legibus
1033 1463 1411 1522 ecclesiasticis
1442 1473 1634 1530 parens
1655 1500 1668 1523 ,
1697 1473 1916 1512 accusa-

325 1573 473 1617 tores
503 1572 624 1617 tuos
652 1577 743 1616 ora
767 1605 782 1627 ,
816 1571 872 1616 ut
897 1561 964 1615 ab
993 1556 1297 1614 accusando
1325 1565 1376 1609 te
1403 1553 1695 1616 desistant,
1727 1558 1818 1604 aut
1847 1551 1913 1604 ab

325 1671 545 1711 accessu
586 1666 637 1712 et
682 1655 922 1726 perfugio
947 1653 1013 1707 ad
1049 1652 1331 1706 Joannem.
1376 1645 1455 1700 Ad
1492 1644 1605 1699 JI'J‘C
1641 1652 1913 1713 permotus

323 1747 590 1815 Joannes,
636 1747 902 1818 episc0pis
949 1743 1162 1813 quidem
1211 1753 1424 1794 suarum
1468 1736 1694 1806 partium
1741 1734 1911 1788 dixit:

326 1840 470 1906 Vos,
516 1840 658 1911 quod
704 1838 857 1891 vobis
887 1836 1116 1898 videtur,
1168 1832 1505 1901 signiﬁcate:
1533 1837 1784 1882 czeterum
1832 1839 1918 1879 me

327 1941 538 2002 oportet
564 1931 713 1985 adea
739 1944 859 1999 qua:
884 1925 1013 1981 mihi
1042 1925 1214 1980 delata
1243 1931 1369 1978 sunt
1395 1921 1712 1976 rescribere.
1740 1917 1917 1972 Theo-

328 2027 455 2096 phili
479 2034 655 2080 autem
679 2023 909 2094 partium
933 2019 1200 2090 episcopis
1227 2017 1341 2071 haec
1366 2013 1642 2083 rescripsit
1672 2029 1686 2066 :
1718 2012 1827 2080 Ego
1848 2025 1913 2063 an

326 2118 447 2187 quis
473 2124 657 2170 contra
685 2129 772 2168 me
803 2109 1090 2172 dicendum
1133 2106 1332 2178 aliquid
1381 2105 1575 2159 habeat
1599 2145 1614 2169 ,
1659 2101 1915 2155 hactenus

328 2209 552 2261 omnino
582 2205 795 2260 nescius
821 2219 938 2267 sum
967 2221 978 2256 :
1005 2202 1048 2256 si
1079 2200 1200 2270 quis
1223 2213 1351 2254 vero
1376 2197 1631 2250 adversus
1653 2209 1739 2248 me
1762 2192 1914 2246 dixe-

329 2302 420 2366 rit,
444 2311 497 2354 et
526 2299 717 2353 adesse
745 2311 831 2350 me
862 2295 1044 2358 vultis,
1089 2291 1400 2346 manifestos
1441 2288 1684 2342 inimicos
1731 2299 1911 2347 meos,

329 2392 421 2462 qui
451 2407 516 2451 ex
544 2405 639 2449 sua
670 2387 992 2457 negligentia
1019 2398 1141 2452 erga
1167 2397 1252 2436 me
1275 2381 1413 2434 male
1440 2378 1654 2432 animati
1682 2384 1824 2440 sunt,
1850 2390 1918 2428 ex

328 2494 597 2539 conventu
624 2489 806 2535 vestro
844 2478 1042 2548 ejicite.
1073 2475 1256 2544 Neque
1286 2473 1352 2527 de
1380 2473 1499 2526 loco
1531 2468 1796 2524 contendo
1816 2509 1831 2532 ,
1863 2467 1916 2520 in

329 2572 716 2643 quojudicium
744 2570 925 2624 subire
956 2583 1042 2621 me
1071 2573 1314 2635 oportet,
1347 2563 1449 2618 etsi
1497 2560 1549 2616 id
1593 2559 1822 2614 maxime
1866 2558 1918 2612 in

330 2665 545 2720 civitate
577 2661 691 2717 ﬁeri
714 2659 969 2730 oportuit.
993 2657 1130 2713 Sunt
1157 2664 1333 2710 autem
1356 2666 1491 2724 quos
1511 2651 1717 2721 rejieio,
1744 2649 1921 2703 Theo-

328 2755 506 2825 philus
531 2797 546 2821 ,
579 2768 740 2824 quem
785 2751 1001 2806 revinco
1043 2748 1244 2803 dixisse
1284 2754 1340 2801 et
1380 2742 1717 2798 Alexandria:
1760 2749 1815 2795 et
1865 2740 1914 2793 in

327 2847 486 2919 Lycia
513 2863 526 2900 :
553 2846 608 2900 lu
638 2842 945 2898 comitatum
987 2837 1313 2909 proﬁciscor,
1360 2843 1417 2888 ut
1457 2834 1715 2888 Joannem
1753 2830 1918 2899 depo-

326 2955 473 2994 nam.
497 2937 548 2991 ld
572 2945 752 2991 autem
777 2947 958 2988 verum
984 2941 1064 2986 est
1091 2945 1161 2985 ex
1185 2944 1250 2983 eo
1267 2927 1405 2998 quod
1436 2935 1713 2997 postquam
1734 2937 1917 2978 acces-

325 3030 414 3094 sit,
448 3043 620 3097 neque
649 3041 734 3080 me
762 3024 1066 3092 alloquutus
1096 3029 1208 3084 est,
1242 3033 1414 3088 neque
1441 3030 1649 3070 mecum
1675 3029 1916 3069 commu-

324 3119 540 3175 nicavit.
562 3117 664 3183 Qui
687 3116 843 3185 igitur
863 3121 986 3166 ante
1009 3108 1335 3165 auditionem
1358 3106 1621 3160 hostiliter
1646 3119 1704 3158 se
1724 3102 1912 3174 gessit,

325 3212 450 3282 quid
483 3218 604 3280 post
639 3207 896 3278 judicium
942 3203 1175 3258 facturus
1217 3201 1335 3256 est?
1379 3198 1638 3254 Similiter
1674 3204 1730 3252 et
1773 3196 1916 3250 Aca-

326 3306 464 3359 cium
491 3316 746 3371 coargno,
776 3300 866 3369 qui
892 3297 1089 3352 dixerit
1119 3313 1131 3349 :
1165 3295 1279 3364 Ego
1301 3293 1375 3346 illi
1405 3292 1565 3346 ollam
1600 3289 1812 3346 condio.
1840 3288 1915 3344 De

325 3395 616 3449 Severiano
643 3399 696 3444 et
725 3389 988 3445 Antiocho
1009 3385 1134 3457 quid
1159 3386 1346 3439 attinet
1375 3382 1575 3447 dicere,
1608 3396 1742 3451 quos
1759 3379 1916 3433 citius

327 3486 556 3554 excipiet
597 3483 772 3536 divina
801 3480 1001 3549 justitia
1023 3520 1037 3542 ,
1065 3491 1292 3548 quorum
1337 3475 1652 3528 temerarios
1697 3480 1916 3526 conatus

327 3577 485 3629 etiam
513 3573 792 3628 szecularia
818 3571 1020 3624 theatra
1043 3566 1273 3623 canunt?
1292 3566 1451 3635 Igitur
1465 3565 1509 3618 si
1528 3578 1711 3618 revera
1732 3561 1920 3615 adesse

328 3684 414 3721 me
441 3667 635 3732 vultis,
661 3678 843 3733 qumso
873 3677 966 3716 eos
996 3669 1223 3730 quatuor
1242 3700 1256 3724 ,
1286 3657 1330 3712 si
1358 3655 1572 3726 quidem
1601 3662 1658 3707 ut
1678 3653 1882 3722 judices
1901 3691 1916 3717 ,

327 3777 389 3815 ex
417 3774 673 3814 consessu
696 3757 868 3825 ejicite
893 3772 906 3819 ;
934 3754 1014 3808 sin
1043 3761 1098 3805 ut
1120 3759 1475 3810 accusatores,
1501 3746 1702 3816 judicio
1724 3744 1914 3808 sistite,

327 3858 385 3903 ut
413 3850 576 3902 sciam
606 3845 875 3915 quomodo
902 3857 986 3896 me
1009 3840 1074 3894 ad
1105 3849 1374 3894 certamen
1406 3837 1664 3890 iustruam
1688 3875 1703 3900 ,
1744 3847 1812 3886 an
1859 3840 1918 3885 ut

327 3950 511 3996 contra
542 3939 880 3992 adversarios
900 3977 914 4000 ,
944 3949 1011 3987 an
1039 3941 1097 3986 ut
1125 3941 1308 3986 contra
1345 3928 1553 4000 judices
1578 3944 1592 3981 :
1621 3935 1674 3981 et
1698 3926 1916 3979 omnino

329 4034 534 4087 veniam
579 4045 687 4085 non
736 4029 906 4082 solum
949 4025 1015 4078 ad
1060 4031 1293 4077 vestram
1322 4021 1622 4086 caritatem,
1647 4018 1740 4073 sed
1769 4026 1823 4071 et
1851 4017 1916 4071 ad

330 4125 571 4195 quamvis
610 4120 758 4174 orbis
798 4128 1059 4172 terrarum
1099 4113 1384 4186 synodum.
1424 4111 1625 4165 Scitote
1656 4123 1783 4180 ergo
1808 4150 1824 4174 ,
1871 4109 1915 4160 si

331 4217 509 4271 decies
539 4213 731 4267 millies
769 4210 832 4263 ad
862 4224 945 4264 me
975 4207 1224 4261 miseritis
1246 4247 1261 4271 ,
1309 4204 1440 4258 nihil
1478 4203 1709 4273 amplius
1740 4217 1805 4255 ex
1835 4215 1921 4255 me

334 4323 426 4362 vos
464 4305 762 4360 audituros.
812 4301 917 4355 Illis
960 4297 1222 4369 egressis,
1265 4295 1410 4348 venit
1452 4297 1631 4348 statim
1674 4293 1921 4346 Notarius

333 4399 535 4453 habens
566 4396 882 4463 rescriptum
912 4388 1274 4458 Imperatoris,
1305 4385 1390 4440 cui
1419 4385 1616 4438 inserta
1640 4392 1759 4437 erat
1787 4398 1918 4451 sup-

333 4491 548 4561 plicatio
569 4488 942 4558 episcoporum
966 4482 1256 4554 petentium
1279 4488 1335 4532 ut
1358 4477 1592 4532 Joannes
1625 4473 1824 4528 invitus
1850 4472 1917 4526 ad

332 4579 586 4650 judicium
635 4578 937 4640 sisteretur,
983 4587 1212 4642 eumque
1263 4568 1328 4622 ad
1373 4566 1628 4636 judicium
1676 4562 1915 4632 urgebat.

336 4670 458 4724 l‘ost
487 4666 685 4720 factum
722 4665 931 4721 notario
961 4675 1297 4732 responsum,
1331 4656 1643 4727 prodierunt
1670 4653 1776 4706 duo
1803 4666 1921 4721 pre-

337 4761 532 4834 sbyteri
585 4757 842 4817 Joannis,
895 4754 1166 4823 Eugenius
1214 4749 1469 4822 quidam,
1516 4747 1604 4818 qui
1650 4743 1923 4799 Heraclea:

338 4860 699 4928 cppcopatum
739 4843 1154 4912 conspirationis
1183 4841 1488 4896 mercedem
1519 4843 1837 4907 acceperat,
1871 4842 1927 4889 et

342 4951 573 5006 lsaaeius
601 4939 891 4998 monachus
913 4978 927 5002 ,
962 4951 1029 4990 ne
1055 4936 1182 5003 quid
1219 4933 1364 4986 aliud
1403 4931 1577 4986 dicam
1599 4971 1613 4996 ,
1646 4930 1884 4983 dicentes
1909 4946 1922 4980 :

343 5043 567 5112 Scripsit
598 5036 692 5092 tibi
715 5030 960 5104 Synodus
993 5047 1004 5081 :
1034 5026 1225 5080 Transi
1257 5025 1321 5077 ad
1349 5038 1467 5087 nos,
1501 5033 1559 5076 ut
1586 5022 1796 5089 objecta
1820 5020 1926 5073 cri-

342 5136 483 5190 mina
507 5132 700 5186 diluas.
723 5123 802 5181 Ad
827 5121 942 5175 hmo
967 5118 1204 5173 Joannes
1233 5131 1328 5184 per
1366 5114 1500 5167 alios
1530 5113 1809 5181 episcopos
1838 5127 1927 5166 re-

345 5227 605 5282 nuntiavit
621 5242 631 5275 :
648 5220 884 5288 Quonam
904 5211 1113 5265 tandem
1133 5210 1320 5264 ordine
1346 5207 1614 5278 judicatis,
1643 5206 1731 5274 qui
1757 5219 1928 5273 neque

346 5319 588 5374 inimicos
633 5324 782 5368 meos
819 5305 1116 5377 ejeccritis,
1160 5314 1215 5357 et
1261 5318 1346 5357 me
1394 5317 1488 5371 per
1517 5300 1740 5354 clericos
1779 5312 1929 5352 meos

347 5404 667 5463 accersatis?
697 5402 775 5456 Illi
807 5408 981 5453 autem
1012 5394 1242 5462 arreptis
1279 5392 1545 5461 episc0pis
1566 5432 1580 5455 ,
1610 5389 1773 5442 alium
1804 5403 1927 5442 ver-

349 5501 566 5554 beribus
612 5496 936 5556 affecerunt,
986 5487 1206 5540 alterius
1248 5495 1427 5539 vestes
1482 5488 1926 5551 concerpserunt,

348 5591 498 5643 alteri
520 5593 720 5643 ferreas
733 5594 946 5641 catenas
964 5578 1103 5634 collo
1123 5578 1322 5631 circmn
1331 5589 1572 5645 posuere,
1597 5589 1728 5646 quas
1749 5579 1932 5626 sancto

350 5679 537 5732 Joatini
567 5687 920 5750 paraverant,
958 5683 1016 5727 ut
1050 5672 1124 5725 sic
1154 5669 1429 5737 conjectus
1466 5669 1517 5722 in
1551 5667 1846 5721 naviculam
1879 5679 1930 5716 tn

353 5774 586 5832 ignotum
638 5772 812 5824 locum
859 5764 1259 5826 atuaudaretW",
1308 5759 1553 5813 dmmﬁne
1607 5761 1725 5814 illos
1777 5757 1933 5812 veluti

357 5861 540 5912 leones
561 5859 836 5914 eﬁ'eraule.
868 5859 935 5912 Et
965 5859 1146 5911 beatus
1169 5851 1380 5922 quidem
1403 5848 1616 5916 cognito
1644 5847 1934 5919 impudenti

355 5965 536 6003 eorum
579 5951 805 6002 consilio
850 5951 1084 6017 seipsum
1125 5942 1379 6000 cohibuit.
1421 5939 1498 5994 Illi
1529 5954 1656 5994 vero
1694 5937 1936 6008 generosi

356 6044 577 6099 scilicet,
609 6038 865 6092 confectis
894 6040 1025 6093 dit-is
1053 6053 1209 6093 causa
1241 6033 1389 6100 actis,
1425 6047 1630 6086 aranea:
1656 6031 1757 6084 tela
1783 6030 1930 6083 inﬁr—

2024 717 2303 783 mioribus,
2335 721 2627 777 decernunt
2648 722 2904 778 adversus
2925 724 3205 794 Joannem,
3227 728 3374 797 cujus
3401 733 3599 787 vultum

2019 827 2087 865 ne
2116 811 2358 867 viderant
2387 815 2620 882 quidem,
2653 830 2823 884 neque
2850 831 3031 870 vocem
3058 817 3403 884 audiverant,
3444 823 3600 892 longo

2021 913 2264 973 tempore
2309 916 2606 961 contextam
2664 908 2919 961 malitiam
2963 925 3067 964 uno
3116 911 3202 965 die
3257 912 3600 968 terminantes

2025 996 2371 1066 (daemoniaca
2400 999 2540 1052 enim
2589 999 2807 1054 audacia
2840 1000 3078 1054 cohiberi
3118 1019 3219 1056 non
3264 1012 3470 1072 potest,
3504 1019 3600 1058 nec

2025 1088 2599 1158 consiliumadmittit).
2624 1090 2865 1146 Etmissa
2895 1091 2961 1145 ad
2986 1092 3358 1162 Imperatorem
3388 1096 3599 1150 relatio-

2017 1194 2104 1243 ne,
2136 1178 2212 1232 sic
2239 1180 2346 1232 orsi
2373 1189 2498 1233 sunt
2525 1197 2538 1234 :
2563 1181 2819 1246 Quoniam
2841 1183 3188 1252 quorumdam
3210 1187 3485 1240 criminum
3512 1204 3599 1242 ac-

2022 1278 2240 1322 cusatus
2267 1268 2500 1323 Joannes
2530 1279 2583 1324 et
2607 1271 2707 1324 sibi
2737 1275 2998 1338 conscius,
3023 1275 3190 1329 noluit
3218 1276 3427 1343 adesse,
3460 1279 3598 1348 leges

2020 1358 2178 1412 talem
2225 1359 2495 1427 deponunt
2524 1377 2534 1412 :
2567 1360 2708 1429 quod
2753 1371 2806 1415 et
2849 1363 2959 1430 ipse
2985 1365 3162 1419 subiit.
3193 1365 3380 1422 Libelli
3424 1379 3598 1422 autem

2017 1450 2178 1502 etiam
2211 1449 2350 1503 Ιωεω
2375 1451 2666 1519 majestatis
2696 1453 2897 1506 crimen
2924 1455 3214 1508 continent.
3242 1457 3457 1512 Jubebit
3500 1460 3599 1528 igi-

2019 1549 2104 1594 tur
2125 1540 2297 1595 Pietas
2327 1550 2500 1596 vestra
2522 1557 2641 1596 eum
2668 1545 2752 1598 vel
2776 1544 2997 1598 invitum
3015 1545 3157 1614 ejici,
3180 1556 3232 1600 et
3255 1563 3436 1617 pinnas
3459 1550 3599 1604 IiPSil}

2019 1631 2316 1698 majestatis
2344 1631 2506 1695 dare;
2535 1633 2961 1702 quandoquidem
2988 1636 3040 1688 in
3070 1635 3184 1689 haec
3211 1636 3476 1705 inquirere
3507 1654 3598 1692 nos

2019 1720 2101 1775 bis
2127 1735 2231 1773 non
2264 1721 2406 1774 licet.
2429 1722 2473 1774 0
2497 1730 2576 1775 ter
2603 1723 2814 1775 miseri!
2840 1738 2958 1792 qurc
2982 1724 3227 1794 cogitatis
3253 1735 3307 1779 et
3334 1725 3600 1794 facitis,ea

2021 1826 2117 1863 vos
2144 1811 2304 1879 pudet
2328 1813 2568 1881 exsequi,
2601 1828 2707 1865 non
2734 1813 2918 1876 Deum,
2949 1815 3042 1868 sed
3071 1816 3310 1871 homines
3334 1819 3485 1872 veriti
3511 1829 3598 1874 aut

2024 1903 2484 1972 pertimescentes.
2517 1904 2644 1957 Erat
2683 1904 2881 1958 crimen
2923 1905 3064 1958 laesa:
3101 1907 3386 1975 majestatis
3425 1910 3590 1963 convi-

2020 1995 2159 2048 cium
2190 1995 2242 2048 in
2276 1995 2586 2063 Augustam,
2612 2003 2670 2048 ut
2699 1994 2797 2064 ipsi
2825 1995 3156 2058 retulerunt,
3187 1995 3328 2065 quod
3353 2012 3467 2050 eam
3506 2013 3601 2052 vo‘

2019 2097 2194 2142 casset
2221 2087 2455 2142 Iezabel.
2493 2087 2558 2140 Et
2588 2086 2663 2140 illi
2690 2088 2899 2156 quidem
2941 2088 3211 2142 mirabiles
3253 2088 3386 2152 viri,
3432 2089 3601 2158 ipsum

2019 2180 2192 2250 gladio
2235 2189 2535 2234 truncatum
2579 2180 2855 2250 cupientes
2893 2178 3107 2244 videre,
3156 2180 3231 2233 sic
3273 2180 3602 2234 retulerunt:

2019 2289 2204 2327 verum
2230 2273 2369 2327 Deus
2404 2273 2769 2327 absconditam
2810 2285 2994 2326 eorum
3037 2271 3290 2325 malitiam
3322 2269 3601 2338 patefecit,

2021 2372 2073 2417 et
2103 2364 2397 2432 principum
2423 2379 2519 2417 cor
2541 2363 2796 2417 emollivit
2820 2380 2832 2415 :
2864 2370 2920 2416 ut
2949 2362 3149 2415 Danieli
3179 2361 3447 2432 Babylone
3467 2376 3601 2415 con-

2026 2455 2158 2525 tigit.
2193 2455 2302 2510 Illic
2327 2457 2468 2510 enim
2495 2456 2677 2509 leones
2697 2455 2912 2508 cicurati
2942 2462 3087 2518 sunt,
3114 2465 3390 2523 parcentes
3414 2454 3603 2509 Danie-

2026 2545 2091 2609 Ii;
2123 2544 2366 2600 homines
2396 2553 2572 2598 autem
2596 2543 2798 2598 eﬂ‘erati
2820 2584 2833 2607 ,
2858 2557 2966 2597 non
2989 2551 3266 2612 parcentes
3296 2542 3571 2611 propheta:
3587 2558 3608 2592 ι

2024 2644 2077 2689 et
2103 2636 2306 2706 pudore
2333 2635 2506 2691 aﬁ'ecit
2540 2635 2678 2688 Deus
2709 2634 2952 2688 homines
2982 2643 3172 2702 prteter
3199 2642 3441 2687 naturam
3480 2632 3614 2688 οπε-

2023 2739 2190 2791 ratos,
2221 2742 2316 2796 per
2343 2725 2590 2780 animalia
2619 2735 2813 2793 prmter
2837 2733 3077 2778 naturam
3105 2724 3356 2778 cicurata.

2090 2819 2219 2872 Car.
2256 2834 2328 2872 Ix.
2361 2848 2433 2857 —
2473 2815 2561 2869 Sic
2596 2815 2664 2869 ab
2694 2815 2933 2868 Ecclesia
2962 2813 3215 2882 expulsus
3241 2821 3325 2869 est
3348 2813 3599 2882 Joannes,

2020 2911 2188 2964 misso
2217 2910 2283 2964 ad
2312 2909 2362 2963 id
2389 2906 2601 2964 Comite
2630 2921 2751 2960 cum
2800 2907 3014 2959 militari
3049 2921 3210 2959 manu
3237 2948 3251 2971 ,
3301 2921 3407 2960 non
3445 2921 3600 2961 secus

2018 3017 2082 3056 ac
2121 3002 2188 3056 ad
2233 3003 2474 3070 prazlium
2505 2998 2759 3052 adversus
2805 2997 3082 3052 barbaros.
3127 2999 3340 3066 Ejectus
3372 2998 3518 3053 venit
3543 2999 3598 3052 in

2022 3092 2277 3162 praediola
2302 3094 2367 3147 ad
2396 3093 2699 3148 Praenetum
2722 3089 3004 3159 Bithyniae.
3052 3088 3168 3144 Una
3198 3103 3325 3142 vero
3361 3088 3479 3147 dies
3517 3089 3599 3142 in-

2017 3185 2354 3242 tercesserat,
2381 3192 2503 3230 cum
2536 3179 2744 3246 plagam
2773 3175 3059 3246 quamdam
3089 3178 3140 3230 iu
3172 3177 3318 3246 regio
3347 3178 3594 3232 cubiculo

2013 3267 2128 3324 ﬁeri
2157 3269 2398 3338 contigit.
2441 3269 2520 3323 Eo
2565 3268 2829 3336 perterriti
2875 3283 3071 3335 paucos
3114 3278 3231 3336 post
3273 3269 3387 3324 dies
3424 3269 3590 3325 Joan-

2011 3372 2134 3412 nem
2164 3366 2417 3414 revocant
2444 3373 2538 3426 per
2562 3355 2913 3412 domesticum
2933 3358 3220 3424 notarium,
3248 3375 3476 3428 eumque
3491 3376 3591 3415 suo

2013 3447 2206 3511 throno
2256 3448 2618 3503 reddiderunt.
2673 3447 2748 3501 Ita
2779 3448 3107 3517 TheOphilus
3153 3466 3274 3504 cum
3325 3451 3589 3523 Egyptiis

2024 3551 2136 3605 suis
2158 3548 2276 3619 fuga
2302 3547 2524 3603 salutem
2550 3552 2742 3617 quaarit
2762 3568 2774 3603 :
2795 3552 2941 3605 cives
2962 3551 3102 3604 enim
3121 3567 3242 3606 eum
3268 3556 3592 3622 quaerebam,

2026 3651 2083 3695 ut
2129 3643 2181 3694 in
2229 3653 2377 3694 mare
2417 3638 2814 3711 demergerent.
2869 3641 2997 3696 Post
3037 3642 3170 3696 duos
3197 3659 3409 3700 menses
3431 3661 3601 3699 cuma

2025 3733 2175 3802 plaga
2204 3732 2463 3786 tantillum
2495 3737 2882 3802 respirasscnt,
2931 3736 3108 3789 denuo
3146 3737 3403 3792 adversus
3440 3738 3602 3793 Joan-

2023 3839 2144 3878 nem
2177 3823 2410 3878 fremunt
2435 3843 2446 3876 :
2473 3839 2572 3879 nec
2594 3826 2848 3880 habentes
2862 3827 2998 3881 unde
3019 3829 3257 3896 speciose
3275 3830 3600 3899 ordirentur,

2022 3915 2237 3969 mittunt
2260 3915 2638 3970 Alexandriam
2651 3916 2717 3970 ad
2741 3918 2922 3971 talium
2944 3919 3201 3973 artiﬁcem
3225 3920 3599 3989 TheOphilum,

2024 4011 2320 4064 scribentes
2353 4027 2365 4062 :
2395 4011 2502 4062 Aut
2546 4025 2732 4063 rursus
2774 4024 2995 4065 accurre
3037 4012 3292 4065 adversus
3337 4012 3599 4068 Joannem

2024 4100 2132 4154 dux
2159 4101 2398 4165 futurus;
2441 4109 2567 4166 aut,
2609 4100 2653 4154 si
2682 4100 2890 4169 plebem
2932 4101 3278 4166 reformidas,
3311 4104 3463 4157 nobis
3491 4119 3604 4156 mo-

2026 4191 2152 4246 dum
2191 4190 2472 4260 quemdam
2519 4205 2769 4260 suggere,
2815 4191 2953 4245 unde
2986 4205 3258 4245 sumamus
3302 4193 3598 4249 exordium.

2026 4282 2108 4336 Ad
2142 4281 2259 4335 hare
2284 4280 2611 4349 Theophilus
2651 4281 2761 4348 ipse
2788 4280 2999 4350 quidem
3029 4296 3130 4334 non
3165 4281 3339 4346 venit,
3389 4298 3596 4336 memor

2027 4371 2298 4442 quomodo
2319 4372 2622 4442 eﬁ‘ngissct;
2656 4372 2798 4424 misit
2818 4381 2992 4425 autem
3015 4371 3345 4426 miserabiles
3365 4382 3470 4426 tres
3484 4373 3601 4441 epi-

2025 4477 2246 4530 scopos,
2281 4461 2534 4524 Paulum,
2561 4460 2889 4524 Puemenem,
2919 4472 2972 4514 et
2990 4461 3151 4514 alium
3179 4476 3366 4516 recens
3390 4462 3600 4515 ordina-

2027 4561 2156 4606 tum.
2187 4551 2318 4604 Cum
2342 4550 2404 4602 iis
2433 4549 2574 4600 misit
2598 4559 2652 4601 et
2677 4548 2934 4616 quosdam
2965 4563 3220 4614 canones,
3248 4565 3380 4618 quos
3406 4551 3596 4606 adver—

2025 4656 2117 4697 sus
2173 4641 2384 4695 beatum
2438 4637 2788 4693 Athanasium
2841 4638 3021 4691 Ariani
3077 4637 3437 4693 conﬂaverant
3482 4658 3497 4694 :
3544 4651 3599 4694 ut

2027 4733 2288 4804 ejusmodi
2321 4730 2615 4786 canouibus
2641 4737 2850 4782 utentes
2875 4767 2890 4793 ,
2935 4727 3124 4782 Joauni
3153 4729 3276 4783 lites
3309 4741 3598 4791 necterent,

2030 4826 2172 4898 (ιυυά
2203 4833 2319 4894 post
2345 4822 2724 4892 depositionem
2753 4835 2847 4888 per
2870 4835 2928 4872 se
2949 4819 3216 4873 rediisset.
3249 4821 3433 4875 Audax
3461 4824 3598 4876 enim

2033 4928 2219 4972 natura
2246 4926 2324 4970 est
2352 4912 2673 4981 Theophilus
2697 4951 2710 4975 ,
2745 4923 2982 4978 praeceps
3008 4951 3021 4973 ,
3054 4913 3372 4966 temerarius
3398 4953 3410 4974 ,
3440 4921 3491 4966 et
3513 4913 3603 4964 ad-

2034 5009 2248 5063 modum
2297 5002 2659 5060 coutentiosus
2692 5017 2704 5052 :
2735 5015 2857 5053 nam
2904 5000 3033 5053 nihil
3063 5010 3145 5054 est
3190 5002 3327 5070 quod
3366 5002 3460 5069 ipsi
3506 5003 3602 5056 sub

2033 5101 2339 5169 adspeetum
2369 5094 2612 5160 venerit,
2654 5091 2796 5162 quod
2836 5091 2994 5145 citius
3027 5107 3182 5160 quam
3213 5107 3306 5159 pur
3329 5101 3409 5145 est
3438 5092 3604 5161 impa-

2035 5195 2226 5249 tienter
2253 5205 2359 5244 non
2386 5195 2602 5258 appetat
2627 5227 2641 5252 ,
2670 5185 2723 5239 in
2750 5185 2928 5254 seipso
2955 5199 3125 5252 neque
3149 5184 3400 5251 judicium
3433 5200 3603 5251 neque

2033 5281 2362 5340 deliberandi
2411 5294 2616 5334 moram
2670 5279 2961 5332 sustinens.
3019 5275 3367 5328 Irrationabili
3424 5286 3603 5330 autem

2036 5377 2235 5444 impetu
2273 5375 2527 5442 abreptus
2548 5412 2562 5436 ,
2606 5369 2906 5424 inordinate
2935 5367 3000 5420 ad
3030 5367 3144 5435 ejus
3174 5365 3607 5434 approbationem

2037 5469 2234 5534 fertur,
2263 5475 2318 5520 et
2351 5465 2580 5520 decreta:
2606 5459 2886 5516 sententia:
2915 5458 3136 5512 ﬁrmiter
3166 5457 3420 5510 insistens
3445 5498 3459 5521 ,
3491 5471 3612 5525 per-

2039 5561 2286 5616 tinaciter
2313 5567 2366 5612 et
2396 5555 2728 5610 contentiose
2754 5551 2964 5607 obsistit
2995 5548 3199 5603 cunctis
3228 5548 3318 5617 qui
3347 5549 3612 5601 voluerint

2037 5651 2407 5708 contradicere
2436 5667 2449 5700 :
2483 5646 2812 5702 contendens
2854 5654 3066 5707 semper
3095 5647 3146 5692 ut
3173 5637 3429 5707 judicium
3458 5653 3611 5690 suum

2039 5755 2198 5815 atque
2226 5742 2485 5797 sententia
2508 5741 2683 5792 vincat
2713 5745 2765 5789 et
2800 5732 3055 5786 obtineat.
3103 5729 3255 5794 Quod
3286 5737 3427 5781 certe
3453 5727 3612 5779 etiam

2042 5837 2282 5890 fecerunt
2307 5833 2394 5903 qui
2420 5829 2683 5898 ingenium
2707 5825 2821 5894 ejus
2851 5829 3063 5876 norant.
3090 5816 3223 5874 Nam
3254 5828 3560 5870 convocatis
3585 5831 3616 5870 e

2043 5929 2103 5997 S}
2120 5931 2192 5980 ria
2215 5967 2228 5989 ,
2252 5919 2586 5992 Cappadocia
2608 5959 2621 5982 ,
2656 5915 2825 5969 Ponto
2856 5923 2910 5968 et
2961 5910 3185 5981 Phrygia
3215 5905 3484 5960 universis
3514 5921 3620 5959 me.

2053 6014 2386 6084 uojmluanis
2435 6021 2488 6066 et
2532 6006 2800 6081 episcopis
2827 6048 2840 6068 ,
2891 5997 3351 6067 Constantinopoli
3379 6011 3472 6051 eos
3496 6011 3620 6049 cou-
