4466 6702
837 593 896 647 si
2101 567 2417 628 PALLADII
2458 566 2791 624 DIALOGL’S
4016 579 4080 633 δε

831 710 1065 775 gregant.
1100 702 1179 756 Illi
1205 716 1325 758 cum
1361 700 1665 763 venissent,
1700 696 1847 766 juxta
1874 706 2138 748 canonum
2160 691 2400 746 ordinem

831 796 1295 850 communicarunt
1338 808 1459 847 cum
1497 791 1701 845 Joanne
1724 828 1740 855 ,
1788 802 1855 842 ne
1882 784 2069 839 eadem
2114 800 2231 854 quae
2260 781 2405 852 prius

830 887 1243 941 committerent.
1296 884 1449 950 Quod
1494 884 1585 938 ubi
1631 880 1898 936 rescivere
1925 878 2193 947 principes
2219 918 2235 943 ,
2267 884 2405 942 :rgre

835 978 1067 1032 tulerunt
1082 990 1270 1029 eorum
1297 991 1418 1029 cum
1438 974 1638 1029 Joanne
1658 968 2107 1025 communionem.
2139 967 2207 1020 Et
2233 965 2407 1019 Theo-

826 1066 997 1122 dorus
1042 1065 1293 1135 quidem,
1345 1064 1645 1135 Tyanorum
1690 1060 1975 1129 episcopus
2001 1099 2017 1123 ,
2058 1058 2141 1110 vir
2167 1053 2445 1115 ornatus,“

834 1157 1101 1213 Intellecta
1146 1155 1541 1225 conspiratione
1586 1167 1653 1206 ex
1707 1152 1791 1205 his
1828 1165 1947 1220 qua:
1978 1149 2044 1203 ad
2088 1149 2204 1217 ejus
2251 1156 2406 1198 aures

834 1258 1124 1314 venerant,
1168 1263 1234 1301 ne
1260 1244 1545 1315 'I‘heOphili
1574 1243 1930 1299 temeritatem
1955 1247 2267 1309 sequeretur
2285 1276 2298 1298 ,
2327 1233 2407 1285 iu-

832 1339 1075 1393 salutatis
1120 1337 1320 1391 relictis
1366 1336 1616 1391 omnibus
1658 1332 1948 1388 Ecclesiam
1977 1344 2127 1384 suam
2170 1324 2401 1395 repetiit,

834 1428 1046 1498 longum
1076 1427 1195 1481 vale
1219 1426 1406 1481 dicens
1431 1424 1713 1481 Comitatui
1734 1464 1749 1487 ,
1792 1434 2050 1487 suamque
2079 1416 2404 1487 provinciam

833 1517 1043 1585 pietatis
1064 1530 1219 1571 muro
1248 1516 1603 1586 pcrmuniens,
1630 1511 1695 1565 ad
1728 1510 1883 1563 ﬁnem
1903 1522 2072 1577 usque
2091 1508 2146 1561 in
2166 1520 2407 1560 commu-

834 1607 995 1662 nione
1036 1605 1268 1661 ﬁdelium
1300 1605 1658 1658 Romanorum
1709 1612 2085 1668 perseverans;
2123 1595 2191 1650 de
2213 1594 2409 1665 quibus

836 1697 1031 1750 Paulus
1071 1704 1296 1749 testatur
1322 1711 1335 1746 :
1366 1691 1523 1745 Fides
1550 1701 1716 1745 vestra
1749 1690 1803 1742 in
1840 1688 2070 1742 universo
2095 1686 2283 1740 mundo
2310 1700 2407 1737 au-

832 1786 1093 1838 nuntiatur
1115 1783 1290 1852 (Rom.
1318 1783 1376 1837 I.
1407 1782 1487 1851 8).
1543 1780 1854 1836 Pharetrius
1882 1788 2057 1834 autem
2077 1819 2094 1845 ,
2131 1777 2413 1847 episcopus

833 1874 1096 1927 Caesarem
1131 1886 1251 1941 quae
1276 1879 1361 1927 est
1385 1871 1451 1925 ad
1481 1872 1726 1941 Argzeum
1748 1910 1762 1933 ,
1800 1883 1959 1938 supra
1990 1867 2205 1923 modum
2229 1865 2414 1920 formi-

833 1963 1001 2028 dans,
1046 1970 1105 2017 ut
1149 1962 1323 2016 larvas
1372 1961 1611 2030 pueruli,
1657 1975 1753 2014 sua
1796 1959 2010 2014 civitate
2055 1973 2124 2011 ne
2166 1968 2412 2025 egressus

834 2053 1051 2122 quidem
1068 2094 1083 2119 ,
1128 2067 1224 2122 per
1253 2053 1434 2106 literas
1457 2066 1577 2106 cum
1598 2049 1915 2103 adversariis
1943 2047 2160 2101 Joannis
2185 2058 2410 2097 consen-

834 2145 939 2210 tit,
992 2147 1235 2211 quamvis
1284 2157 1391 2196 non
1437 2148 1655 2195 vocatus
1702 2140 1754 2191 in
1801 2137 2032 2191 medium
2060 2174 2075 2199 ,
2122 2134 2302 2202 inepte
2354 2133 2407 2185 in

832 2233 1141 2301 episcopatu
1170 2246 1294 2286 sese
1320 2243 1508 2299 gerens
1531 2268 1547 2292 ,
1589 2228 1869 2281 meliorum
1908 2224 2136 2279 inscitia.
2170 2222 2409 2291 Denique

833 2325 1086 2379 Leontius
1105 2363 1121 2388 ,
1149 2326 1375 2393 Ancyra:
1403 2321 1624 2377 Galatiae
1649 2322 1931 2389 episcOpus
1952 2360 1967 2383 ,
1989 2317 2306 2387 conjunctus
2330 2322 2413 2369 est

834 2429 956 2468 cum
982 2413 1264 2468 Ammonio
1280 2453 1295 2477 ,
1326 2414 1581 2481 episcopo
1608 2410 1885 2465 Laodicea:
1910 2408 2115 2463 adusta:
2140 2447 2156 2472 ,
2187 2414 2243 2461 et
2268 2420 2416 2460 com-

835 2505 1044 2559 bustam
1073 2502 1307 2559 reddidit
1336 2502 1650 2557 Ecclesiam.
1680 2500 1744 2554 lli
1769 2515 1876 2553 non
1901 2498 2075 2552 solum
2107 2497 2232 2551 victi
2272 2495 2416 2563 priu-

850 2597 1028 2665 cipum
1058 2595 1246 2661 minis,
1278 2593 1372 2649 sed
1397 2607 1429 2648 e
1469 2590 1739 2647 contrario
1769 2589 2123 2658 Imperialium
2152 2586 2415 2641 donorum

836 2703 934 2756 spe
968 2686 1218 2756 decepti,
1253 2686 1308 2740 in
1340 2684 1577 2739 secunda
1604 2681 1823 2754 Synodo
1862 2680 2157 2749 improbam
2197 2688 2413 2732 senten-

838 2777 963 2831 tiam
992 2776 1185 2830 Acacio
1208 2784 1263 2829 et
1286 2773 1546 2828 Antiocho
1570 2768 1894 2841 suggerunt,
1926 2781 1983 2823 ut
2007 2768 2205 2821 valeret
2235 2766 2411 2820 Theo-

836 2868 966 2939 phili
1006 2883 1111 2922 non
1155 2866 1443 2935 juridicurn
1483 2864 1762 2933 judicium,
1790 2872 1845 2917 et
1876 2861 2023 2915 nullo
2061 2858 2221 2914 modo
2267 2859 2416 2913 locus

836 2960 1052 3014 daretur
1105 2955 1299 3011 Joanni
1345 2953 1705 3019 defensionis,
1752 2952 2069 3023 allegatione
2094 2964 2357 3005 canonum
2384 2964 2413 3002 a

838 3048 1136 3118 Theophilo
1163 3048 1469 3112 missorum,
1486 3059 1621 3115 quos
1639 3049 2050 3113 composuerant
2072 3040 2417 3109 quadraginta

840 3142 910 3197 de
937 3141 1050 3196 Arii
1096 3138 1503 3204 communione,
1554 3136 1645 3206 qui
1690 3136 1767 3190 sic
1811 3134 2044 3189 habent:
2072 3131 2127 3187 Si
2156 3132 2276 3202 quis
2301 3131 2419 3200 epi-

840 3246 1035 3301 scopus
1061 3240 1153 3285 aut
1179 3230 1459 3299 presbyter
1481 3228 1602 3297 jure
1626 3235 1716 3280 aut
1753 3226 1943 3294 injuria
1968 3223 2241 3293 depositus
2261 3263 2278 3287 ,
2324 3238 2419 3292 per

840 3340 900 3379 se
921 3322 1101 3378 redeat
1124 3320 1191 3375 ad
1220 3320 1513 3376 Ecclesiarn
1534 3326 1737 3388 aliqua
1756 3316 1973 3388 Synodo
1996 3356 2010 3379 ,
2040 3315 2160 3369 talis
2190 3330 2295 3367 non
2318 3313 2419 3367 ba-

840 3414 965 3469 beat
990 3412 1219 3483 amplius
1256 3413 1431 3467 locum
1455 3409 1779 3465 defensionis
1798 3449 1813 3473 ,
1844 3408 1939 3463 sed
1968 3406 2212 3461 absolute
2237 3405 2421 3475 expel-

844 3505 1003 3559 latur.
1048 3504 1117 3558 Et
1160 3503 1247 3557 hic
1270 3500 1483 3572 quidem
1510 3515 1680 3556 canon
1709 3509 1768 3553 ut
1796 3500 1988 3567 impius
2013 3498 2080 3551 ab
2106 3496 2282 3566 impiis
2310 3495 2424 3550 edi-

843 3603 950 3660 tus,
981 3594 1033 3647 in
1059 3592 1361 3650 Sardicensi
1390 3591 1624 3646 Concilio
1651 3605 1681 3643 a
1706 3589 1979 3655 Romanis,
2008 3588 2172 3653 Italis,
2205 3587 2422 3657 Illyriis,

844 3683 1217 3739 Macedonibus
1261 3691 1419 3753 atque
1444 3680 1643 3737 Gratcis
1685 3680 1969 3748 abrogatus
1995 3688 2112 3743 est,
2148 3686 2204 3731 ut
2232 3678 2422 3732 melius

846 3789 934 3834 me
966 3774 1079 3843 ipse
1120 3775 1294 3837 nosti,
1336 3789 1369 3826 ο
1393 3772 1565 3842 magni
1593 3771 1821 3825 nominis
1843 3770 2123 3825 Theodore
2150 3810 2166 3835 ,
2207 3767 2421 3839 quando

847 3864 1089 3921 Liberius
1138 3872 1230 3917 aut
1268 3862 1439 3917 Julius
1462 3902 1477 3927 ,
1508 3858 1810 3916 Constantis
1838 3860 2151 3929 principatu,
2182 3859 2420 3914 Athana-

847 3956 981 4009 sium
1000 3954 1050 4007 in
1071 3952 1495 4007 communionem
1522 3950 1754 4014 admisit,
1769 3960 1819 4005 et
1840 3950 2141 4005 Marcellum
2158 3950 2419 4014 Galatam,

848 4051 1065 4113 propter
1087 4058 1219 4111 quos
1245 4052 1301 4096 et
1341 4041 1427 4095 hic
1463 4056 1634 4095 canon
1678 4042 1844 4093 factus
1871 4038 2060 4094 fuerat.
2113 4040 2426 4093 Ammonius

852 4146 1029 4190 tamen
1054 4141 1108 4187 et
1130 4132 1402 4193 Leontius,
1443 4145 1539 4199 par
1560 4129 1889 4194 admirabile,
1912 4130 2178 4198 conjuncti
2209 4128 2424 4195 Acacio,

851 4223 1117 4281 Antiocho
1139 4263 1155 4290 ,
1194 4223 1392 4293 Cyrino
1418 4220 1837 4276 Chalcedonensi
1874 4235 1938 4274 ac
1960 4220 2247 4273 Severiano
2276 4259 2291 4284 ,
2342 4220 2423 4272 in-

850 4316 1019 4388 gressi
1043 4324 1168 4368 sunt
1195 4313 1261 4366 ad
1283 4312 1683 4381 Imperatorem,
1710 4310 1959 4363 monituri
1983 4309 2283 4364 evocandos
2309 4324 2428 4363 esse

851 4422 919 4463 ex
976 4416 1128 4475 parte
1174 4404 1392 4458 Joannis
1442 4403 1629 4457 decem
1681 4404 1989 4471 episcopos,
2038 4403 2210 4471 (erant
2251 4410 2425 4455 autem

852 4499 1031 4568 plures
1054 4495 1463 4567 quadraginta),
1512 4494 1579 4549 ad
1604 4493 1985 4549 conciliandam
2013 4494 2302 4548 canonibus
2332 4508 2426 4547 au—

852 4590 1184 4652 ctoritatem;
1231 4587 1349 4639 aliis
1393 4585 1605 4654 quidem
1634 4584 2075 4638 contendentibus
2101 4582 2426 4637 orthodoxe-

855 4694 973 4734 rum
1010 4692 1102 4732 eos
1137 4691 1292 4741 esse,
1335 4677 1453 4728 aliis
1495 4685 1670 4728 autem
1701 4675 2013 4729 Arianorum
2046 4688 2165 4727 esse
2203 4674 2428 4727 demon-

854 4768 1163 4825 strantibus.
1194 4765 1420 4835 Ingressi
1447 4774 1622 4819 autem
1648 4764 1905 4833 Elpidius,
1932 4764 2212 4832 episcOpus
2238 4764 2431 4817 Laodi-

855 4876 967 4916 cea:
1006 4860 1194 4931 Syria},
1234 4872 1395 4913 senex
1426 4865 1481 4911 et
1526 4865 1703 4911 mente
1728 4865 1781 4909 et
1805 4856 1998 4910 canitie
2023 4897 2037 4921 ,
2081 4864 2238 4925 atque
2268 4855 2435 4908 Tran-

856 4952 1083 5022 quillus,
1126 4950 1419 5005 suadebant
1445 4949 1755 5019 Imperatori
1798 4964 1903 5003 non
1948 4960 2197 5017 oportere
2240 4947 2434 5003 indicta

859 5058 1017 5099 causa
1064 5042 1185 5111 ejici
1232 5041 1510 5095 Joannem.
1558 5041 1740 5111 Neque
1781 5042 1924 5095 enim
1971 5042 2118 5110 prius
2160 5038 2437 5109 depositus

861 5135 1051 5197 fuerat,
1084 5132 1177 5187 sed
1213 5132 1412 5201 ejectus
1445 5147 1475 5185 a
1510 5132 1713 5188 Comite
1734 5175 1749 5199 ,
1786 5148 1954 5202 neque
1980 5148 2073 5203 per
2100 5148 2159 5187 se
2181 5131 2433 5191 redierat.

861 5227 954 5281 sed
979 5228 1129 5294 jussu
1156 5235 1257 5279 tum
1285 5225 1495 5295 pietatis
1517 5267 1532 5290 ,
1571 5229 1735 5279 misso
1768 5226 1833 5277 ad
1865 5225 1916 5279 id
1944 5226 2149 5280 notario
2179 5244 2190 5279 :
2220 5236 2274 5279 et
2300 5239 2435 5295 quos

862 5333 1000 5371 nunc
1025 5316 1300 5387 proferunt
1323 5332 1574 5381 canones,
1598 5316 1969 5371 hiBl'ClICOI‘lIIII
1986 5331 2078 5369 eos
2106 5332 2223 5371 esse
2252 5327 2435 5370 osten-

863 5407 1056 5462 dimus.
1109 5407 1242 5462 Cum
1298 5416 1475 5461 autem
1527 5406 1748 5461 Joannis
1798 5405 2088 5461 adversarii
2140 5407 2435 5461 inordinate

863 5500 1108 5553 altercari
1138 5500 1479 5568 persisterent
1500 5539 1514 5563 ,
1564 5498 1652 5551 alii
1683 5498 1897 5568 quidem
1927 5498 2244 5552 contentiori
2280 5513 2430 5561 voce,

863 5591 953 5644 alii
1015 5592 1337 5645 tumultuoso
1393 5590 1622 5661 pectoris
1671 5600 1816 5644 motu
1871 5590 2205 5659 impudenter
2255 5592 2434 5660 agitati

862 5697 1041 5736 coram
1074 5682 1394 5750 Imperatore
1424 5700 1437 5735 :
1460 5696 1721 5735 canonum
1743 5681 2127 5735 scientissimus
2154 5694 2308 5748 atque
2336 5681 2433 5733 ob—

866 5773 1292 5828 servantissimus
1318 5772 1554 5840 Elpidius
1580 5815 1594 5840 ,
1627 5773 1831 5828 modica
1872 5775 2004 5828 facta
2034 5773 2244 5842 quiete,
2280 5774 2434 5827 veluti

866 5866 1117 5933 malacia,
1166 5867 1358 5922 leniter
1409 5864 1714 5935 Imperatori
1765 5867 1897 5923 dixit
1944 5885 1957 5920 :
1997 5868 2321 5936 Imperator,
2369 5886 2433 5923 ne

863 5955 1062 6012 diutius
1090 5957 1548 6015 mansuetudinem
1574 5967 1713 6015 tuam
1749 5976 1999 6017 vexemus
2023 6002 2037 6029 ,
2071 5959 2163 6017 sed
2193 5976 2351 6017 unum
2383 5962 2434 6016 id

2513 685 2604 740 ﬁat
2632 704 2645 749 ;
2671 688 3003 743 subscribam
3027 690 3219 744 fratres
3240 697 3407 749 nostri
3435 696 3657 751 Aeacius
3686 704 3738 751 et
3765 697 4078 765 Antiochus,

2509 776 2749 846 ejusdem
2779 794 2897 833 esse
2940 793 2999 832 se
3038 778 3159 832 ﬁdei
3184 794 3246 833 ac
3275 798 3371 838 eos
3396 789 3487 855 qui
3514 802 3743 843 canones
3779 787 4077 850 ediderunt.

2509 882 2646 938 quos
2692 880 2941 939 tanquam
2985 870 3053 924 ab
3088 870 3401 927 orthodoxis
3445 879 3616 933 editos
3659 890 3995 949 proponunt:
4028 893 4081 935 et

2510 958 2684 1012 soluta
2711 962 3070 1015 controversia
3100 970 3199 1015 est.
3242 958 3537 1029 Imperator
3563 971 3925 1027 animadversa
3956 986 4083 1038 pro-

2512 1047 2787 1114 positionis
2825 1050 3201 1118 simplicitate,
3255 1051 3536 1108 subridens
3587 1058 3723 1113 dixit
3774 1061 4035 1117 Antiocho

2512 1133 2649 1189 Nihil
2680 1138 2782 1191 isto
2811 1139 2939 1193 mibi
2986 1140 3194 1195 videtur
3227 1143 3424 1197 utilius.
3474 1143 3603 1204 Erat
3644 1159 3817 1206 autem
3847 1155 4082 1211 omnium

2510 1240 2629 1293 qua:
2657 1236 2774 1279 acta
2823 1237 2945 1280 sunt
2995 1228 3178 1282 insons
3219 1231 3548 1299 Imperator,
3595 1235 3715 1292 aliis
3759 1245 4087 1299 mutantibus

2511 1329 2628 1382 quae
2670 1313 2807 1369 bene
2845 1317 3134 1372 constituta
3184 1328 3357 1373 erant.
3430 1320 3699 1391 Vertigine
3750 1328 3908 1396 igitur
3955 1335 4079 1396 acti.

2509 1413 2667 1475 atque
2698 1406 2750 1460 in
2782 1421 2840 1462 se
2868 1410 3111 1464 conversi
3132 1410 3219 1478 qui
3248 1426 3368 1464 cum
3394 1410 3684 1469 Severiano
3709 1429 3879 1484 erant,
3921 1424 4087 1477 instar

2511 1511 2663 1565 aqua:
2688 1499 2968 1561 instabilis.
2997 1501 3065 1555 ob
3092 1502 3142 1555 id
3163 1502 3302 1571 quod
3329 1502 3497 1557 fuerat
3525 1504 3813 1572 prudenter
3835 1510 3903 1563 ab
3934 1512 4083 1581 Elpi-

2522 1586 2614 1641 dio
2643 1588 2881 1654 dictum,
2934 1601 2987 1645 et
3032 1592 3369 1659 Imperatoris
3417 1592 3615 1663 judicio
3659 1599 4082 1665 comprobatum,

2514 1679 2849 1735 obticuerunt
2890 1681 3025 1737 facie
3070 1683 3357 1739 livesccnte
3394 1702 3407 1738 :
3454 1687 3711 1755 angustiis
3759 1697 3933 1742 tamen
3984 1692 4086 1745 loci

2515 1776 2826 1841 constricti,
2874 1776 3033 1829 etiam
3084 1776 3326 1830 nolentes
3376 1780 3687 1847 promittunt
3727 1781 4081 1837 subscribere.

2515 1864 2602 1919 Sic
2626 1866 2824 1934 egressi
2850 1906 2865 1931 ,
2897 1864 3213 1934 promissum
3244 1867 3458 1933 quidem
3485 1885 3588 1924 non
3617 1871 3877 1941 implent,
3906 1883 4088 1943 utpote

2515 1956 2924 2010 involuntarium
2951 1997 2964 2018 ,
2995 1965 3291 2011 metuentes
3315 1973 3383 2011 ne
3412 1960 3781 2026 vincerentur;
3813 1964 4087 2020 machina-

2512 2048 2703 2101 bantur
2742 2057 2917 2099 autem
2943 2061 3048 2114 quo
3079 2055 3234 2115 pacto
3269 2049 3627 2115 expelleretur
3646 2050 3899 2105 Joannes.
3953 2056 4086 2109 Dum

2514 2136 2627 2190 haec
2664 2135 2742 2191 sic
2766 2143 2925 2205 atque
2951 2135 3054 2190 alia
3083 2137 3237 2192 aliter
3259 2147 3537 2208 geruntur,
3568 2156 3756 2195 novem
3784 2153 3875 2195 aut
3899 2143 4086 2199 decem

2513 2244 2725 2286 menses
2771 2232 3180 2302 prasterierunt,
3225 2248 3346 2288 cum
3391 2234 3625 2289 Joannes
3666 2237 3948 2305 episcopus
3990 2238 4088 2292 ad-

2510 2324 2708 2394 junctis
2725 2325 3067 2396 quadraginta
3083 2327 3289 2383 duobus
3303 2329 3565 2397 episcopis
3582 2340 3871 2384 conventus
3887 2342 4087 2401 ageret,

2516 2424 2572 2470 et
2596 2416 2821 2485 populus
2846 2431 3035 2487 magna
3066 2433 3186 2472 cum
3225 2418 3388 2473 animi
3414 2418 3685 2473 alacritate
3710 2419 3827 2488 ejus
3851 2419 4088 2474 doctrina

2520 2507 2800 2561 frueretur.
2834 2506 2984 2563 Solet
3012 2508 3153 2562 enim
3183 2522 3331 2562 vauze
3354 2508 3538 2577 gloriae
3561 2525 3750 2577 expers
3774 2510 3999 2574 animus,
4035 2510 4086 2564 in

2517 2596 2891 2651 afﬂictionibus
2926 2597 3297 2667 jucundiorem
3324 2608 3379 2653 et
3416 2602 3763 2667 potentiorem
3790 2615 4090 2653 sermonem

2518 2686 2808 2741 efﬁmdere.
2854 2686 3059 2742 Interea
3086 2686 3319 2742 efﬂoruit
3346 2688 3677 2743 Dominicum
3698 2689 3975 2758 jejunium,
4008 2691 4092 2743 in-

2516 2785 2628 2830 star
2671 2777 2811 2830 veris
2841 2784 2961 2844 post
3001 2791 3197 2830 annum
3245 2775 3553 2831 adveniens.
3604 2777 3878 2845 Ingressus
3935 2778 4093 2847 igitur

2517 2867 2763 2936 privatim
2803 2881 2925 2921 cum
2969 2868 3080 2921 suis
3106 2867 3401 2923 Antiochus
3424 2909 3439 2935 ,
3468 2869 3545 2922 sic
3573 2868 3640 2922 de
3672 2868 3877 2923 Joanne
3914 2868 4090 2937 Impe-

2517 2959 2680 3014 ratori
2706 2958 2914 3014 locutus
2942 2967 3063 3025 est,
3112 2968 3361 3029 tanquam
3407 2960 3451 3014 is
3488 2961 3599 3029 jam
3625 2960 3791 3015 victus
3818 2969 3993 3024 esset,
4036 2969 4094 3011 ut

2521 3051 2830 3106 imminente
2869 3050 3072 3106 Pascha
3110 3051 3324 3121 juberet
3362 3052 3503 3120 ejici.
3557 3052 3846 3120 Imperator
3880 3067 3999 3106 cum
4025 3053 4096 3106 ab

2524 3141 2628 3195 illis
2654 3149 2931 3210 urgeretur
2954 3180 2969 3206 ,
3011 3140 3076 3195 iis
3112 3151 3294 3209 utpote
3319 3140 3586 3209 episcopis
3611 3140 3769 3195 ﬁdem
3795 3141 4097 3195 necessario

2523 3229 2783 3284 adhibuit.
2811 3228 2911 3297 Qui
2941 3229 3082 3284 enim
3107 3244 3233 3284 vere
3264 3230 3545 3299 presbyter
3568 3238 3659 3283 aut
3684 3230 3967 3299 episcOpus
3989 3239 4091 3295 est,

2524 3318 2859 3373 mendacium
2906 3333 3012 3374 non
3057 3319 3224 3373 novit.
3291 3318 3365 3373 Ea
3408 3319 3552 3374 enim
3604 3319 3813 3373 nomina
3869 3318 4099 3373 cmlestis

2524 3411 2755 3481 regionis
2780 3418 2924 3475 sunt,
2953 3424 3073 3464 cum
3101 3410 3172 3464 sit
3192 3410 3301 3464 Deo
3326 3409 3455 3463 nihil
3482 3410 3766 3479 antiquius,
3798 3411 3925 3463 nihil
3951 3410 4092 3478 quod

2527 3502 2830 3572 vigilantius
2870 3502 3116 3573 inspiciat
3146 3520 3159 3555 :
3194 3518 3315 3555 nam
3362 3502 3503 3555 Deus
3528 3502 3581 3555 in
3607 3502 3782 3555 omnia
3811 3502 4021 3570 inspicit
4047 3510 4101 3555 et

2526 3593 2939 3661 contemplatur.
2992 3593 3156 3661 Igitur
3209 3593 3490 3662 episcopus
3540 3601 3632 3645 aut
3680 3591 3989 3661 presbyter,
4044 3601 4103 3643 ut

2527 3682 2801 3735 nominum
2824 3722 2839 3748 ,
2871 3683 2948 3736 sic
2975 3692 3029 3735 et
3054 3696 3232 3735 rerum
3266 3683 3533 3749 particeps
3559 3696 3678 3735 esse
3703 3681 3877 3734 debet.
3907 3680 4098 3734 Joauni

2524 3786 2650 3841 ergo
2682 3771 2957 3826 denuntiat
2987 3771 3282 3840 Imperator
3306 3779 3361 3825 ut
3400 3771 3637 3825 Ecclesia
3658 3771 3977 3840 egrediatur.
4009 3770 4101 3825 Ille

2524 3864 2833 3919 renuntiat:
2878 3862 2990 3934 Ego
3026 3879 3058 3918 a
3096 3863 3205 3918 Deo
3251 3862 3535 3918 Servatore
3576 3864 3753 3933 accepi
3804 3862 4094 3917 Ecclesium

2527 3956 2699 4020 hanc,
2749 3964 2810 4009 ut
2849 3969 3033 4008 curam
3068 3969 3250 4023 geram
3278 3955 3465 4009 salutis
3495 3956 3714 4025 populi,
3757 3972 3854 4009 nec
3885 3971 4099 4025 possunt

2528 4061 2645 4101 eam
2673 4045 2995 4114 relinquere.
3040 4044 3096 4099 Si
3130 4054 3307 4098 autem
3339 4045 3389 4099 id
3420 4046 3497 4099 vis
3528 4046 3629 4113 (ad
3671 4054 3724 4099 te
3747 4045 3886 4099 enim
3916 4046 4101 4099 civitas

2531 4134 2830 4205 pertinet),
2879 4134 2930 4186 vi
2956 4149 3042 4188 me
3062 4134 3242 4199 ejicito
3265 4172 3281 4198 ,
3330 4142 3386 4187 ut
3420 4133 3615 4187 deserti
3642 4133 3845 4187 ordinis
3879 4148 4103 4187 excusa-

2532 4229 2731 4278 tionem
2785 4222 3009 4277 habeam
3066 4232 3208 4276 tuam
3258 4224 3652 4278 auctoritatem.
3711 4222 3783 4275 Ita
3836 4239 3955 4276 cum
4008 4239 4103 4277 ve-

2532 4314 2780 4368 recundia
2828 4313 3055 4382 quadam
3104 4312 3375 4366 mittentes
3400 4327 3464 4365 ex
3510 4311 3739 4382 palatio,
3779 4328 3899 4366 eum
3936 4326 4104 4380 expu-

2531 4408 2741 4473 lerunt,
2800 4405 3050 4475 jubentes
3107 4404 3319 4458 interim
3382 4412 3439 4457 ut
3499 4404 3551 4457 iu
3603 4404 3763 4457 domo
3819 4403 4103 4473 episcOpali

2532 4506 2790 4562 maneret,
2817 4496 3009 4549 diviure
3042 4496 3134 4548 irae
3160 4503 3407 4548 eventum
3437 4493 3664 4562 aliquem
3693 4502 4063 4563 exspectantes
4087 4513 4101 4549 :

2533 4598 2607 4655 ut,
2640 4590 2683 4643 si
2712 4589 2839 4658 quid
2864 4589 2995 4658 ipsis
3022 4587 3172 4642 triste
3201 4586 3487 4651 accideret,
3511 4588 3664 4641 citius
3687 4587 3830 4640 illum
3854 4585 4106 4640 Ecclesia:

2535 4679 2848 4745 redderent,
2876 4688 2929 4734 et
2960 4679 3126 4733 Deum
3160 4677 3425 4745 placarent
3460 4693 3475 4727 :
3501 4678 3580 4730 sin
3608 4677 3810 4741 minus,
3842 4687 3898 4730 ut
3924 4689 4109 4729 rursus

2536 4771 2755 4827 insidias
2775 4779 3062 4835 struereut,
3094 4770 3254 4825 veluti
3281 4768 3486 4824 Pharao
3514 4768 3699 4840 Moysi.
3732 4766 3935 4821 Interea
3963 4766 4108 4819 venit

2540 4863 2715 4931 magni
2762 4862 2967 4917 sabbati
3004 4862 3153 4927 dies,
3182 4876 3289 4931 quo
3331 4860 3585 4916 Servatur
3610 4858 3893 4914 cruciﬁxus
3921 4870 4111 4923 exspo-

2541 4954 2686 5008 Iiavit
2713 4951 2973 5007 infernum
3008 4971 3020 5006 :
3049 4966 3369 5020 rursumque
3392 4950 3467 5004 illi
3494 4949 3824 5011 denuntiant,
3852 4956 3908 4999 ut
3932 4945 4110 5000 eccle-

2542 5046 2619 5098 sia
2645 5044 3004 5113 egrederetur.
3036 5042 3300 5097 Rescribit
3316 5041 3403 5094 ille
3420 5055 3536 5109 quae
3562 5050 3919 5094 consentanea
3936 5045 4109 5092 erant.

2543 5135 2805 5190 Caeterum
2825 5136 3028 5189 veritus
3059 5131 3350 5199 Imperator
3369 5130 3472 5184 diei
3499 5130 3899 5183 sanctimoniam
3926 5137 3979 5182 et
4000 5140 4114 5179 mo-

2545 5236 2656 5280 tum
2686 5223 2935 5286 civitatis,
2964 5222 3188 5276 accersit
3218 5221 3464 5274 Acacium
3508 5230 3561 5274 et
3601 5219 3936 5279 Antiochum,
3983 5217 4113 5285 ipsis

2543 5316 2727 5371 dicens
2758 5331 2771 5367 :
2799 5311 2934 5380 Quid
2974 5311 3111 5364 facto
3154 5320 3234 5363 est
3275 5310 3447 5379 opus?
3500 5310 3674 5364 videte
3712 5326 3780 5363 ne
3818 5324 3923 5362 non
3970 5316 4115 5360 recte

2543 5404 2937 5463 consulueritis.
2955 5402 3103 5457 Tunc
3129 5402 3371 5470 generosi
3402 5402 3475 5455 illi
3502 5411 3556 5455 et
3580 5416 3737 5469 supra
3764 5398 3975 5452 modum
4002 5410 4113 5447 ma-

2541 5499 2780 5573 gnanimi
2807 5497 3059 5553 dixerunt
3096 5495 3402 5565 Imperatori
3435 5513 3447 5546 :
3483 5494 3805 5562 Imperator,
3858 5489 3907 5541 in
3958 5496 4113 5555 caput

2543 5602 2787 5651 nostrum
2829 5590 2896 5644 sit
2946 5588 3161 5643 Joannis
3190 5586 3470 5657 depositio.
3502 5585 3752 5639 Ultimum
3778 5577 4065 5633 subsidium
4094 5620 4108 5643 ,

2541 5687 2632 5757 qui
2659 5699 2778 5738 cum
2808 5681 3009 5737 Joanne
3036 5688 3185 5733 erant
3214 5675 3451 5746 episcopi
3476 5670 3838 5741 quadraginta,
3869 5670 4001 5722 sacri
4023 5669 4106 5738 je-

2541 5776 2676 5847 juuii
2698 5774 2881 5828 diebus
2906 5784 3129 5825 numero
3159 5782 3329 5837 pares.
3368 5762 3613 5815 adierunt
3642 5760 3931 5827 Augustum
3956 5768 4112 5829 atque

2546 5872 2837 5938 Augustam
2887 5868 2935 5919 in
2994 5863 3283 5932 inartyriis,
3332 5866 3543 5911 orantes
3590 5870 3709 5909 cum
3758 5854 4003 5925 lacrymis
4056 5865 4113 5905 nt

2548 5958 2743 6014 Christi
2769 5956 3022 6012 Ecclesir
3060 5959 3357 6022 parcerent,
3402 5949 3628 6004 maxime
3670 5957 3879 6019 propter
3910 5946 4110 6002 Pascha
