4494 6702
327 623 386 673 ‘SI
1330 616 1413 669 DF.
1455 616 1619 670 ΠΤᾹ
1662 616 1719 671 S.
1762 617 2053 676 JOANNIS
2090 618 2602 676 CIIRYSUSTOMI.
3522 628 3596 683 3‘3

312 737 628 791 ἀκολουθίαν
655 737 1021 805 ἐκοινώνησαν
1057 732 1134 800 τῷ
1170 734 1408 805 Ἰωάννη,
1442 735 1527 787 ἵνα
1561 733 1636 804 μὴ
1662 735 1731 787 τά
1760 737 1898 790 αὑτά

310 826 425 887 τοῖς
458 822 695 893 πρώτοις
738 822 1101 891 ἐργάσωνται.
1146 816 1367 879 Γνόντες
1395 818 1452 870 δὲ
1484 819 1534 870 οἱ
1570 819 1898 888 κρατοῦντες

310 908 703 979 ἠγανάκτησαν
737 905 830 955 ἐπὶ
862 903 929 970 τῇ
972 900 1227 970 κοινωνία
1255 902 1433 953 αὑτῶν
1454 919 1467 931 ·
1506 902 1600 954 καὶ
1626 900 1897 973 Θεόδωρος

316 995 414 1062 μὲν
439 994 467 1044 6
492 990 716 1043 Τυάνων
748 985 1066 1046 ἐπίσκοπος,
1090 984 1227 1055 ἀνὴρ
1253 984 1309 1035 εὑ
1322 986 1417 1055 τχὴ
1428 1003 1565 1054 μων,
1594 986 1773 1046 συνεὶς
1801 985 1897 1055 τὴν

313 1075 616 1145 σκευωρίαν
648 1071 706 1136 ἐξ
742 1062 816 1121 ὧν
862 1064 1026 1139 ἦλθεν
1074 1070 1153 1131 είς
1201 1069 1267 1121 τά
1301 1062 1415 1121 ὦτα
1452 1066 1643 1127 αὑτοῦ,
1690 1067 1778 1119 ἴνα
1822 1068 1897 1139 μὴ

311 1154 717 1226 ἐξακολουθήσῃ
762 1154 827 1221 τῇ
871 1151 1171 1223 προπετείᾳ
1211 1151 1493 1220 Θεοφίλου,
1543 1150 1898 1215 ἀσυντάκτως

312 1238 631 1297 καταλιπὼν
660 1236 785 1299 τοῦς
817 1237 1044 1299 πάντας,
1083 1235 1378 1288 κατέλαϐεν
1413 1232 1609 1287 ἐαυτοῦ
1639 1233 1736 1304 τὴν
1780 1235 1900 1286 Ἐκ-

312 1324 566 1393 κλησίαν,
606 1320 821 1391 μακράν
850 1319 1057 1390 χαίρειν
1092 1318 1260 1372 εἰπὼν
1284 1318 1359 1389 τῷ
1391 1318 1691 1387 κομιτάτῳ,
1720 1317 1892 1386 ἀσφα-

312 1408 607 1476 λισάμενος
652 1401 844 1455 ἐαυτοῦ
878 1405 975 1473 τὴν
1008 1403 1277 1475 ἐπαρχίαν
1307 1402 1384 1470 τῷ
1413 1403 1584 1470 τείχει
1615 1400 1713 1468 τῆς
1747 1401 1899 1451 3:333-

312 1490 488 1552 ϐείας,
532 1487 695 1559 μέχρι
745 1486 930 1547 τέλους
969 1486 1232 1557 ἐμμείνας
1280 1488 1345 1553 τῇ
1380 1484 1489 1535 τῶν
1530 1481 1731 1535 πιστῶν
1773 1482 1901 1535 Ῥω-

320 1575 498 1642 μαίων
527 1569 799 1641 κοινωνίᾳ,
829 1566 911 1633 οίς
953 1571 1219 1640 μαρτυρεῖ
1254 1570 1283 1619 ὁ
1329 1566 1541 1626 Παῦλος
1584 1564 1758 1632 λέγων
1781 1582 1793 1594 ·
1835 1567 1904 1620 ἰι

315 1659 523 1721 πίστις
558 1652 727 1723 ὑμῶν
764 1655 833 1708 ἐν
867 1654 988 1720 ὅλῳ
1034 1651 1111 1715 τῷ
1156 1650 1363 1717 κόσμῳ
1415 1646 1897 1717 καταγγέλλεται.

314 1740 611 1811 ΙΙιαρέτριος
637 1738 715 1799 δὲ,
755 1739 785 1790 6
819 1733 1159 1804 Καισαρείας
1198 1733 1295 1802 τῆς
1332 1732 1472 1803 πρὸς
1516 1730 1595 1801 τῷ
1642 1732 1899 1803 Ἀργαίῳ,

318 1824 592 1895 ὑπερϐολῇ
641 1821 944 1882 δειλιάσας,
992 1817 1241 1887 καθάπερ
1278 1817 1326 1868 οἱ
1376 1814 1573 1885 κομιδῇ
1619 1815 1803 1877 παῖδες
1835 1818 1904 1870 τὰ

322 1908 713 1981 μορμολύκεια,
759 1903 882 1973 μηδ’
918 1900 1149 1965 ἐξελθὼν
1195 1897 1391 1954 ἐαυτοῦ
1424 1900 1523 1968 τὴν
1560 1899 1736 1957 πόλιν,
1776 1917 1903 1952 συν-

318 1994 527 2045 τίθεται
561 1991 671 2052 τοῖς
704 1986 973 2048 ἐναντίοις
998 1984 1085 2039 διά
1128 1985 1499 2057 γραμμάτων,
1530 1984 1732 2054 καίπερ
1768 1986 1903 2056 μηδέ

320 2076 545 2146 κληθεὶς
589 2076 669 2137 είς
713 2074 774 2127 τὸ
809 2071 993 2143 μέσον,
1029 2068 1411 2140 ἀπειροκάλως
1452 2069 1589 2138 έχων
1645 2071 1772 2140 περὶ
1802 2070 1903 2139 τὴν

322 2160 615 2233 προεδρίαν
664 2157 855 2229 ἀγνοίᾳ
902 2158 1009 2210 τῶν
1066 2154 1411 2225 κρειττόνων.
1460 2153 1707 2217 Λεόντιος
1752 2153 1832 2217 δὲ,
1878 2156 1907 2206 6

333 2246 605 2317 ’Δγκύρας
636 2243 733 2313 τῆς
755 2241 1041 2303 Γαλατίας,
1071 2236 1442 2308 συγκλωσθεὶς
1482 2237 1777 2307 Ἀμμωνίῳ
1828 2236 1907 2307 τῷ

321 2328 645 2388 Λαοδικείας
690 2327 787 2396 τῆς
832 2324 1197 2393 κεκαυμένης,
1248 2321 1592 2391 κεκαυμένην
1644 2321 1908 2388 ἐποίησαν

322 2414 424 2482 τὴν
458 2409 804 2480 Ἐκκλησίαν.
830 2408 905 2459 Οὑ
940 2407 1099 2476 μόνον
1134 2404 1461 2475 ἡττηθέντες
1490 2406 1609 2466 ταῖς
1638 2403 1746 2456 τῶν
1777 2420 1912 2474 κρα-

320 2496 558 2549 τούντων
611 2492 891 2554 ἀπειλαῖς,
940 2488 1079 2543 ἀλλά
1123 2486 1437 2542 τούναντίον
1490 2486 1665 2539 ἐλπίδι
1723 2485 1913 2557 δώρων

326 2577 622 2647 βασιλικῶν
670 2572 1041 2645 ἀπατηθέντες
1077 2575 1134 2625 ἐν
1167 2574 1235 2642 τῇ
1268 2571 1501 2641 δευτέρα
1544 2569 1769 2640 συνόδῳ,
1805 2571 1915 2622 εἰσ-

325 2663 550 2731 φέρουσι
582 2659 808 2730 γνώμην
861 2654 1142 2727 μοχθηρὰν
1184 2657 1299 2717 τοῖς
1342 2654 1474 2725 περὶ
1520 2653 1776 2706 Ἀκάκιον
1822 2652 1916 2704 καὶ

339 2746 635 2814 ’Δντίοχον,
681 2742 956 2814 κρατῆσαι
988 2741 1088 2810 τὴν
1127 2737 1389 2807 Θεοφίλου
1438 2736 1662 2808 ἄκριτον
1710 2736 1911 2809 κρίσιν,

324 2834 422 2885 καὶ
460 2829 580 2899 μηδ’
606 2829 742 2891 ὅλως
780 2826 961 2880 δοῦναι
1006 2825 1169 2877 τόπον
1209 2820 1507 2891 ἀπολογίας
1549 2821 1628 2892 τῷ
1671 2821 1909 2891 Ἰωάννῃ,

324 2914 662 2984 δικαιολογία
713 2915 781 2982 τῇ
844 2910 953 2963 τῶν
1006 2908 1246 2962 κανόνων
1314 2904 1423 2960 τῶν
1488 2906 1596 2958 ὑπὸ
1650 2904 1912 2974 Θεοφίλου

325 2997 759 3057 ἀποσταλέντων,
800 2993 895 3055 οὓς
925 2992 1221 3045 ἐθέσπισαν
1267 2990 1318 3043 οί
1348 2989 1762 3060 τεσσαράκοντα
1802 2986 1915 3041 τῶν

340 3081 551 3153 Ἀρείου
583 3077 937 3139 κοινωνικῶν,
972 3075 1306 3146 γράψαντες·
1339 3073 1407 3127 Εἰ
1444 3090 1529 3136 τις
1557 3073 1853 3135 ἐπίσκοπος
1879 3072 1913 3142 ἦ

328 3162 719 3235 πρεσϐύτερος,
753 3159 951 3220 ἀδίκως
994 3159 1029 3227 ἢ
1059 3156 1283 3219 δικαίως
1320 3155 1691 3224 καθαιρεθεὶς,
1738 3154 1919 3224 ἐαυτῷ

329 3245 633 3300 ἐπεισέλθοι
684 3244 807 3313 δίχα
863 3240 1082 3294 συνόδου
1140 3241 1220 3302 εἰς
1265 3240 1365 3307 τὴν
1423 3236 1777 3308 Ἐκκλησίαν,
1827 3238 1919 3289 τὸν

329 3329 567 3384 τοιοῦτον
597 3327 793 3397 μηκέτι
829 3324 970 3394 ἔχειν
1008 3322 1190 3393 χώραν
1221 3320 1541 3388 ἀπολογίας,
1572 3320 1713 3374 ἀλλά
1738 3319 1922 3374 τέλεον

332 3411 671 3478 ἐξωθεῖσθαι.
703 3410 812 3463 Καὶ
853 3400 1006 3470 οὗτος
1044 3408 1141 3477 μὲν
1182 3407 1211 3458 6
1248 3402 1428 3458 κανὼν
1450 3444 1465 3468 ,
1498 3403 1573 3467 ὡς
1606 3404 1923 3474 παράνομος

333 3497 440 3551 ὑπὸ
474 3494 811 3565 παρανόμων
865 3491 1064 3555 τεθεὶς,
1108 3486 1522 3559 ἐξωστρακίσθη
1580 3488 1638 3540 ἐν
1684 3487 1921 3558 Σαρδικῇ

333 3582 440 3636 ὑπὸ
476 3579 761 3650 Ῥωμαίων
810 3577 904 3629 καὶ
953 3575 1172 3629 Ἰταλῶν
1214 3575 1306 3627 καὶ
1347 3572 1615 3643 Ἰλλυρίων
1664 3572 1759 3625 καὶ
1808 3570 1924 3624 Μα-

333 3664 568 3717 κεδόνων
621 3664 715 3714 καὶ
758 3658 1104 3721 Ἑλλαδικῶν,
1145 3657 1219 3720 ὡς
1271 3654 1470 3725 μᾶλλον
1528 3654 1691 3718 αὑτὸς
1746 3650 1922 3719 οἶσθα,

336 3748 696 3819 μεγαλώνυμε
745 3745 1011 3814 Θεόδωρε,
1042 3743 1281 3813 ὁπηνίκα
1323 3739 1575 3811 Λιϐέριος
1622 3740 1655 3809 ἢ
1710 3740 1925 3803 Ἰούλιος

334 3834 431 3886 ἐπὶ
480 3833 838 3893 Κώνσταντος
893 3827 1159 3899 βασιλέως
1210 3824 1428 3889 ἐδέξατο
1477 3823 1569 3876 τὸν
1608 3823 1923 3877 Ἀθανάσιον

335 3922 418 3981 είς
458 3914 763 3976 κοινωνίαν,
804 3914 900 3967 καὶ
939 3911 1258 3983 Μάρκελλον
1300 3910 1394 3962 τὸν
1434 3908 1702 3979 Γαλάτην,
1738 3909 1805 3961 δι’
1829 3907 1922 3973 οὓς

334 4004 432 4055 καὶ
462 4003 491 4055 6
523 3998 704 4054 κανὼν
744 4000 947 4059 ἐκεῖνος
974 3994 1155 4064 ἐτέθη.
1192 3994 1257 4046 Ἡ
1287 3993 1471 4063 μέντοι
1499 3991 1629 4055 δυὰς
1656 3992 1766 4045 τῶν
1794 3991 1924 4046 θαυ-

341 4085 553 4155 μασίων
591 4082 699 4135 τῶν
740 4079 867 4150 περὶ
906 4076 1213 4148 ’Δμμώνιον
1244 4077 1338 4129 καὶ
1366 4076 1637 4138 Λεόντιον,
1671 4074 1923 4145 συμπλα-

341 4164 807 4233 κέντεςἈκακίῳ,
838 4163 931 4215 καὶ
946 4158 1222 4229 Ἀντιόχῳ,
1254 4158 1347 4213 καὶ
1376 4159 1599 4230 Κυρίνῳ
1622 4158 1701 4229 τῷ
1715 4158 1927 4227 Χαλκη.

339 4253 514 4314 δόνος,
566 4249 661 4302 καὶ
708 4241 1041 4316 Σευηριανῷ,
1072 4237 1318 4309 εἰσῆλθον
1381 4237 1515 4309 πρὸς
1563 4238 1654 4290 τὸν
1704 4239 1927 4306 βασιλέα

343 4334 755 4398 ἀναδιδάξοντες
796 4326 1150 4396 είσκληθῆναι
1187 4321 1281 4374 τοῦ
1315 4322 1516 4391 μέρους
1543 4320 1637 4374 τοῦ
1678 4322 1925 4375 Ἰωάννου

340 4421 477 4473 δέκα
531 4416 863 4476 ἐπισκόπους
903 4406 1075 4481 (ἦσαν
1120 4407 1175 4459 δὲ
1225 4405 1443 4467 πλείους
1494 4405 1604 4457 τῶν
1651 4405 1926 4475 τεσσαρά-

342 4502 551 4572 κοντα),
583 4500 677 4552 ἐπὶ
720 4496 975 4549 συστάσει
1012 4492 1119 4545 τῶν
1148 4489 1409 4552 κανόνων,
1440 4488 1548 4540 τῶν
1581 4487 1679 4558 μὲν
1718 4487 1927 4556 διισχυ-

345 4569 646 4656 ριζομένων
678 4580 973 4654 ὀρθοδόξων
1006 4578 1203 4640 αὑτοὺς
1242 4569 1400 4638 εῖναι,
1434 4572 1543 4626 τῶν
1592 4572 1650 4625 δὲ
1702 4572 1924 4656 ἀποδει-

343 4655 617 4722 κνυόντων
662 4666 859 4726 αὑτοὺς
908 4658 1203 4733 Ἀρειανῶν
1249 4659 1535 4729 ὑπάρχειν.
1582 4655 1926 4717 Είσελθόντες

343 4755 399 4807 δὲ
428 4754 476 4807 οί
506 4752 635 4822 περὶ
662 4750 755 4802 τὸν
784 4748 1019 4819 γέροντα
1046 4746 1191 4816 ψυχῇ
1225 4762 1283 4797 τε
1319 4744 1413 4797 καλ⁵
1447 4742 1607 4813 πολιᾷ
1640 4740 1924 4804 Ἐλπίδιον,

344 4839 435 4892 τὸν
468 4833 785 4895 Λαοδικείας
817 4833 915 4899 τῆς
942 4831 1164 4909 Συρίας,
1192 4832 1287 4883 καὶ
1320 4827 1682 4899 Τραγκύλιον,
1712 4826 1929 4879 ἔπειθον

346 4922 439 4975 τὸν
476 4918 702 4992 βασιλέα
744 4916 817 4985 μὴ
845 4915 957 4966 δεῖν
986 4912 1200 4978 ἀλόγως
1232 4912 1591 4965 ἐκϐάλλεσθαι
1624 4912 1714 4964 τὸν
1753 4911 1932 4966 Ἰωάν-

345 5024 471 5078 νην.
508 5003 646 5059 Οὑτε
676 4999 783 5070 γὰρ
810 4998 871 5050 τὸ
910 4994 1172 5078 πρότερον
1214 4994 1543 5078 καθῄρηται,
1580 4994 1693 5078 ἀλλ’
1718 4993 1930 5078 ἐξώσθη

348 5076 455 5143 ὑπὸ
482 5087 576 5141 τοῦ
613 5086 877 5155 κόμητος·
908 5077 1029 5132 οὑτε
1070 5076 1175 5147 μὴν
1205 5076 1385 5146 ἐαυτῷ
1415 5077 1763 5146 ἐπεισῆλθεν,
1794 5076 1930 5130 ἀλλὰ

350 5172 731 5243 προστάγματι
762 5166 863 5236 τῆς
900 5163 996 5233 σῆς
1040 5159 1342 5222 εὑσεϐείας,
1383 5159 1632 5228 νοταρίου
1682 5160 1929 5212 ἀποστα-

344 5240 566 5319 Αέντος·
601 5254 697 5307 καὶ
729 5250 825 5304 νῦν
856 5248 914 5301 δέ
949 5244 1043 5309 οὓς
1078 5242 1410 5315 προφέρουσι
1448 5240 1699 5307 κανόνας,
1729 5243 1932 5312 αίρετι-

352 5340 461 5393 ιιῶν
488 5339 687 5397 αὑτοὺς
709 5334 996 5400 δείκνυμεν
1021 5329 1197 5388 ὄντας.
1228 5326 1312 5389 Ὠς
1336 5324 1380 5395 δ’
1404 5324 1696 5393 ἐπέμειναν
1720 5326 1932 5379 ἄτακτα

346 5419 788 5493 ζυγομαχοῦντες
825 5420 873 5470 οί
907 5414 1043 5468 κατά
1079 5411 1347 5475 Ἰωάννου,
1379 5410 1428 5461 οἱ
1462 5409 1557 5479 μὲν
1584 5410 1932 5481 γεγωνοτέρᾳ

347 5492 524 5575 φωνῇ,
551 5506 602 5558 οἱ
637 5504 695 5556 δέ
744 5499 1098 5571 σεσοϐημένοι
1134 5495 1372 5567 στέρνων
1418 5494 1627 5564 κινήσει
1676 5492 1928 5545 ἀνασειό-

351 5603 503 5653 μενοι
542 5587 751 5656 ἰταμῶς
790 5586 884 5639 ἐπὶ
917 5583 1011 5637 τοῦ
1055 5580 1317 5651 βασιλέως
1340 5596 1353 5610 ·
1398 5578 1587 5649 πράως
1613 5578 1642 5629 6
1673 5575 1929 5647 ἐνθεσμό-

348 5681 510 5727 cato:
562 5670 864 5732 Ἐλπίδιος,
909 5667 1107 5738 μικρᾶς
1163 5661 1616 5732 παραγενομένης
1652 5660 1926 5731 γαλήνης,

348 5749 521 5819 ἔφησε
544 5752 624 5820 τῷ
659 5752 900 5820 βασιλεῖ·
933 5746 1184 5807 Βασιλεῦ,
1221 5747 1295 5817 μὴ
1330 5746 1643 5815 σκύλλωμεν
1674 5746 1767 5797 ἐπὶ
1795 5744 1927 5797 πολὺ

348 5831 447 5904 τὴν
492 5836 592 5899 σὴν
636 5835 973 5905 ἡμερότητα,
1003 5831 1141 5886 ἀλλά
1183 5830 1341 5884 τοῦτο
1387 5831 1652 5899 γενέσθω·
1686 5831 1927 5898 ὑπογρα-

350 5916 609 5985 ψάτωσαν
635 5917 684 5966 οἱ
712 5918 839 5987 περὶ
866 5918 958 5969 τδν
991 5915 1215 5984 ἀδελφὸν
1250 5915 1502 5967 Ἀκάκιον
1534 5916 1626 5968 καὶ
1661 5914 1929 5984 Ἀντίοχον

356 5998 443 6062 σῦς
513 5996 906 6066 προϐάλλονται
954 6001 1029 6064 ὡς
1077 5998 1370 6069 ὀρθοδόξων
1413 5998 1663 6061 κανόνας,
1707 5998 1789 6050 ὃτι
1820 5999 1930 6068 Τῆς

353 6079 587 6143 πίστεώς
617 6080 783 6150 ἐσμεν
819 6082 928 6134 τῶν
965 6082 1277 6137 ἐκθεαένων
1311 6082 1532 6147 αὑτούς,
1581 6083 1673 6135 καὶ
1716 6081 1926 6137 λέλυται

2007 742 2137 810 ἡμῖν
2180 740 2211 809 ἡ
2243 740 2560 810 ἀμφιϐολία.
2595 738 2858 812 Προσχὼν
2896 738 2953 793 δὲ
2992 741 3020 793 6
3054 738 3301 809 βασιλεὺς
3331 743 3409 813 τῷ
3437 743 3598 816 ἀπλῷ

2002 824 2095 874 τοῦ
2138 824 2539 892 προόλήματος,
2577 822 2974 893 ὑπομειδιάσας
3024 818 3145 875 εἷπε
3188 823 3267 894 τῷ
3300 825 3594 895 Ἀντιόχῳ·

2003 907 2172 958 (μύδὲν
2206 906 2406 957 τούτων
2439 906 2899 975 λυσιτελέστερον.
2927 902 3033 959 Ἦν
3055 906 3099 959 δ’
3128 906 3220 959 ἐπὶ
3252 904 3467 960 πάντων
3489 909 3598 962 τῶν

2004 989 2385 1059 γεγενημένων
2410 990 2645 1051 ἀναίτιος
2665 992 2693 1043 ὁ
2720 988 2994 1059 βασιλεὺς,
3030 989 3203 1043 ἀλλων
3238 991 3602 1060 μεταποιούνέ

2000 1092 2110 1128 των
2187 1073 2255 1125 τά
2318 1075 2499 1137 καλῶς
2547 1073 2926 1144 τετυπωμένα.
3006 1072 3426 1141 Ἰλιγγιάσαντες
3470 1072 3595 1140 οὖν,

2002 1161 2096 1212 καὶ
2146 1158 2227 1220 εἰς
2258 1157 2522 1229 ἀλλήλους
2572 1158 2909 1227 ἐλιττόμενοι
2956 1157 3005 1207 οἱ
3061 1157 3191 1225 περὶ
3243 1159 3595 1229 Σευηριανὸν,

2002 1241 2262 1310 καθάπερ
2286 1242 2515 1295 ἄτακτον
2542 1240 2706 1311 ὕδωρ,
2736 1240 2828 1294 ἐπί
2858 1258 2915 1293 τε
2950 1238 3029 1310 τῷ
3059 1238 3337 1309 φρονίμως
3382 1242 3597 1312 ῥηθέντι

2002 1326 2098 1379 καὶ
2132 1325 2226 1377 ἐπὶ
2257 1327 2321 1393 τῇ
2354 1325 2447 1378 τοῦ
2478 1324 2745 1395 βασιλέως
2786 1323 2986 1394 κρίσει,
3016 1322 3426 1392 κατεσχέθησαν
3459 1324 3600 1392 ἀφα-

2005 1411 2121 1481 σία,
2155 1409 2249 1460 ἐπὶ
2281 1408 2340 1460 τὸ
2396 1408 2773 1478 πελιδνότερον
2811 1405 3209 1476 μεταϐαλόντες
3262 1404 3445 1458 αὑτῶν
3499 1407 3602 1475 τὴν

2010 1494 2229 1567 μορφήν
2251 1509 2264 1521 ·
2303 1494 2452 1562 ὅμως
2487 1492 2593 1545 ὑπὸ
2622 1493 2718 1562 τῆς
2762 1492 3008 1561 ἀνάγκης
3036 1488 3131 1542 τοῦ
3162 1489 3329 1542 τόπου
3367 1490 3599 1559 σφιγγό-

2008 1594 2181 1648 μενοι,
2224 1576 2611 1645 ὑπισχνοῦνται
2645 1575 2739 1628 καὶ
2762 1575 2988 1637 ἄκοντες
3029 1572 3366 1643 ὑπογράψαι.
3396 1567 3603 1634 Ὀῦτως

2005 1658 2346 1726 ἐξελθόντες,
2398 1660 2494 1729 τὴν
2549 1660 2648 1731 μέν
2703 1660 2996 1729 ὑπόσχεσιν
3052 1657 3113 1710 οὑ
3170 1656 3471 1726 πληροῦσιν
3526 1656 3603 1720 ὡς

2005 1742 2309 1811 ἀϐούλητον
2339 1737 2523 1803 οὖσαν,
2552 1743 2853 1805 δεδοικότες
2886 1741 2985 1813 τὴν
3018 1736 3209 1812 ἧτταν,
3246 1738 3606 1810 ἐμηχανῶντο

2005 1828 2064 1881 δὲ
2099 1827 2239 1897 ποίῳ
2274 1825 2463 1895 τρόπῳ
2510 1826 2719 1895 ἐξωσθῇ
2768 1828 2798 1878 6
2839 1825 3113 1893 Ἰωάννης.
3163 1822 3383 1875 Τούτων
3429 1822 3605 1884 οὑτως

2008 1911 2183 1965 ἄλλων
2216 1928 2273 1962 τε
2304 1910 2478 1972 ἄλλως
2504 1906 3008 1979 διαπραττομένων,
3040 1908 3402 1978 παρίππασαν
3434 1905 3606 1974 μῆνες

2007 1996 2167 2048 ἐννέα
2200 1994 2235 2065 ἦ
2282 1993 2436 2055 δέκα,
2481 1992 2575 2044 τοῦ
2610 1991 2912 2044 ἐπισκόπου
2948 1990 3195 2043 Ἰωάννου
3233 1989 3605 2057 συναγομένου

2012 2080 2109 2131 σῦν
2148 2080 2263 2140 τοῖς
2307 2076 2720 2147 τεσσαράκοντα
2765 2072 3086 2134 ἐπισκόποις
3116 2071 3211 2125 καὶ
3250 2072 3365 2135 δύο,
3400 2070 3509 2122 τῶν
3548 2071 3607 2122 δέ

2009 2161 2153 2215 λαῶν
2184 2162 2572 2215 ἀπολαυόντων
2615 2158 2755 2229 μετά
2802 2156 3003 2225 πολλῆς
3046 2155 3146 2225 τῆς
3196 2155 3461 2224 εὐθυμίας
3506 2156 3608 2223 τῆς

2010 2247 2173 2299 αὑτοῦ
2202 2244 2572 2307 διδασκαλίας.
2600 2242 2752 2295 Φιλεῖ
2783 2240 2893 2311 γάρ
2932 2257 3049 2304 πως
3080 2243 3107 2292 6
3141 2238 3457 2304 ἀκενόδοξος
3483 2238 3611 2300 νοῦς

2012 2331 2069 2383 ἐν
2101 2333 2221 2393 ταῖς
2266 2329 2620 2396 περιστάσεσι
2654 2327 3014 2397 χαριέστερον
3045 2326 3139 2376 καὶ
3179 2320 3551 2393 δυνατώτερον
3578 2334 3608 2363 ι

2014 2414 2305 2485 ἀποῤῥέειν
2338 2413 2516 2479 λόγον.
2552 2411 2640 2463 Ἐν
2659 2412 2869 2472 τούτοις
2896 2408 3203 2479 ἐπήνθησεν
3235 2408 3268 2476 ἡ
3298 2407 3609 2477 Δεσποτικὴ

2015 2496 2261 2565 νηστεία,
2306 2493 2560 2563 καθάπερ
2595 2493 2716 2563 ἔαρ,
2750 2492 2815 2544 δι’
2857 2491 3104 2544 ἐνιαυτοῦ
3160 2490 3609 2560 παραγενομένη.

2017 2578 2364 2640 Εἰσελθόντες
2393 2577 2450 2630 δὲ
2497 2576 2658 2629 πάλιν
2692 2576 2812 2628 κατ’
2854 2574 2992 2628 ίδίαν
3034 2575 3085 2625 οἱ
3140 2575 3269 2644 περὶ
3311 2574 3611 2643 Ἀντίοχον,

2018 2662 2333 2727 ἀνεδίδαξαν
2364 2662 2456 2715 τὸν
2488 2659 2711 2731 βασιλέα
2745 2660 2822 2723 ὡς
2854 2657 3159 2730 ἡττηθέντα
3194 2658 3287 2709 τὸν
3332 2658 3611 2725 Ἰωάννην,

2018 2749 2106 2801 ἴνα
2139 2746 2419 2818 προστάξῃ
2464 2744 2624 2799 αὑτὸν
2670 2742 2993 2813 ἐξωσθῆναι,
3035 2742 3130 2795 τοῦ
3162 2741 3355 2813 Πάσχα
3402 2742 3613 2793 ἐπικει-

2020 2833 2212 2903 μένου·
2249 2834 2277 2884 ὀ
2305 2831 2360 2883 δὲ
2416 2829 2674 2899 βασιλεὺς
2728 2828 2786 2892 ἐξ
2838 2828 3088 2898 ἀνάγκης
3137 2824 3464 2896 ὀχλούμενος
3516 2823 3611 2877 ὑπ’

2015 2915 2218 2975 αὑτῶν,
2269 2915 2345 2977 ὡς
2377 2913 2700 2976 ἐπισκόποις
2751 2911 3093 2963 ἐπίστευσεν.
3134 2910 3192 2962 ὐ
3226 2908 3335 2980 γὰρ
3390 2906 3612 2978 ἀληθῶς

2018 3004 2387 3077 πρεσϐύτερος
2434 3002 2469 3072 ἢ
2501 3001 2799 3064 ἐπίσκοπος
2830 2998 3024 3070 ψεῦδος
3075 2997 3178 3051 οῦκ
3213 2993 3351 3050 οἶδε·
3387 2996 3457 3049 τά
3500 2995 3614 3065 γὰρ

2017 3092 2260 3163 ὀνόματα
2292 3089 2464 3144 ταῦτα
2491 3090 2590 3160 τῆς
2620 3089 2732 3143 ἄνω
2759 3087 2966 3157 λήξεως
3008 3086 3266 3158 ὑπάρχει,
3300 3085 3423 3138 ἐπεὶ
3459 3083 3614 3136 οὑδέν

2021 3180 2394 3252 πρεσϐύτερον
2439 3178 2599 3241 Θεοῦ,
2639 3179 2761 3232 οὑδέ
2806 3176 3283 3248 ἐπισκοπώτερον·
3329 3175 3466 3235 Θεδς
3503 3175 3613 3246 γάρ

2021 3274 2051 3325 6
2080 3268 2397 3324 ἐπισκοπῶν
2432 3268 2467 3339 ἢ
2512 3267 2785 3338 θεὼμενός
2819 3270 2932 3320 ἐστι
2982 3268 3051 3321 τά
3102 3267 3300 3320 πάντα.
3344 3266 3401 3319 '0
3434 3266 3615 3318 τοίνυν

2024 3357 2379 3427 ἐπίσκοποςῆ
2429 3355 2817 3428 πρεσϐύτερος,
2853 3355 2928 3419 ὡς
2970 3354 3226 3416 κοινωνὸς
3260 3352 3369 3406 τῶν
3413 3353 3614 3423 ὀνομά⁴

2024 3465 2154 3510 των,
2183 3446 2326 3499 οὑτω
2379 3448 2474 3500 καὶ
2523 3445 2630 3499 τῶν
2664 3446 3006 3515 πραγμάτων
3039 3443 3244 3512 ὀφείλει
3290 3438 3453 3497 εἶναι.
3502 3442 3618 3495 Καὶ

2025 3537 2175 3607 δηλοί
2202 3535 2279 3606 τῷ
2313 3536 2560 3607 Ἰωάννῃ·
2599 3534 2819 3599 Ἔξελθε
2850 3535 2915 3586 ἐκ
2943 3533 3045 3602 τῆς
3086 3530 3431 3601 Ἐκκλησίας.
3468 3530 3526 3583 ὐ
3556 3530 3615 3583 δὲ

2028 3624 2297 3695 ἀντιδηλοῖ
2314 3640 2327 3654 ·
2358 3622 2499 3691 Ἐγὼ
2527 3622 2675 3694 παρὰ
2696 3621 2790 3674 τοῦ
2815 3621 3064 3691 Σωτῆρος
3087 3618 3219 3671 Θεοῦ
3247 3618 3621 3688 ὑποδέδεγμαιν

2027 3716 2124 3784 τὴν
2173 3712 2501 3781 Ἐκκλησίαν
2526 3710 2729 3779 ταύτην
2754 3710 2835 3773 είς
2873 3708 3188 3778 ἐπιμέλειαν
3218 3707 3317 3776 τῆς
3353 3705 3447 3759 τοῦ
3480 3706 3617 3759 λαοῦ

2028 3802 2321 3873 σωτηρίας,
2353 3802 2445 3855 καὶ
2483 3802 2544 3853 ού
2580 3799 2816 3869 δύναμαι
2855 3798 3024 3868 αὑτὴν
3070 3795 3430 3864 καταλείιζααι·
3465 3797 3514 3848 εί
3555 3795 3617 3848 δὲ

2023 3889 2182 3943 τοῦτο
2212 3889 2389 3958 βούλει
2422 3889 2478 3957 (ἡ
2508 3886 2618 3957 γὰρ
2645 3886 2798 3948 πόλις
2845 3902 2928 3937 σοι
2955 3884 3246 3956 διαφέρει),
3280 3885 3371 3957 βία
3416 3900 3485 3952 με
3527 3882 3621 3949 ἐξ-

2026 3980 2214 4039 έωσον,
2245 3980 2333 4032 ἶνα
2373 3977 2481 4048 ἔχω
2510 3976 2807 4044 ἀπολογίαν
2836 3974 2937 4044 τῆς
2985 3974 3331 4041 λειποταξίας
3360 3975 3459 4045 τὴν
3511 3975 3623 4045 σὴνι

2027 4068 2362 4124 αὑθεντείαν.
2389 4066 2578 4129 Οὕτως
2624 4065 2763 4136 μετὰ
2800 4064 2983 4127 αἰδοῦς
3027 4082 3171 4128 τινος
3198 4064 3627 4129 ἀποστείλαντες·

2030 4158 2094 4210 ἐκ
2126 4155 2219 4210 τοῦ
2261 4154 2548 4218 παλατίου,
2594 4153 2833 4218 ἐξέωσαν
2867 4151 3054 4213 αὑτὸν,
3092 4152 3449 4215 κελεύσαντες
3480 4152 3626 4214 τέως

2030 4246 2237 4314 διάγειν
2273 4246 2331 4296 ἐν
2361 4243 2439 4314 τῷ
2472 4242 2830 4311 ἐπισκοπείῳ,
2877 4240 2937 4293 τὸ
2983 4240 3330 4310 ἐνδεχόμενον
3375 4244 3474 4312 τῆς
3521 4242 3617 4293 τοῦ

2030 4333 2163 4387 Θεοῦ
2186 4332 2356 4404 ὀργῆς
2377 4329 2806 4401 προσδοκῶντες,
2833 4329 2941 4391 ἴνα,
2963 4327 3058 4381 ἐάν
3084 4328 3183 4397 μὲν
3207 4327 3387 4399 συμϐῇ
3410 4345 3463 4381 τι
3489 4330 3626 4400 περὶ·

2029 4423 2226 4485 αὑτοὺς
2260 4420 2523 4490 λυπηρὸν,
2557 4417 2749 4470 θᾶττον
2780 4416 2942 4471 αὑτὸν
2977 4415 3474 4483 είσαγαγόντεςεὶς
3518 4416 3617 4487 τὴν

2042 4508 2387 4577 Ἐκκλησίαν,
2440 4506 2834 4570 ἐξιλεώσωνται
2886 4506 2948 4557 τὸ
2979 4504 3166 4558 Θεῖον·
3212 4507 3259 4557 εί
3306 4505 3361 4558 δέ
3399 4505 3493 4575 μὴ,
3527 4505 3622 4557 ἴναη

2030 4598 2190 4650 πάλιν
2230 4593 2522 4648 ἐπιθῶνται
2553 4594 2629 4657 ὡς
2658 4593 2857 4663 Φαραὼ
2884 4592 2962 4663 τῷ
3007 4594 3248 4663 Μωῦσῇ.
3279 4594 3365 4645 Ἑν
3401 4593 3620 4658 τούτοις

2031 4688 2230 4757 ἐπέστη
2258 4688 2290 4757 ἡ
2319 4684 2413 4738 τοῦ
2448 4683 2683 4755 μεγάλου
2728 4681 3007 4735 Σαϐϐάτου
3054 4682 3255 4751 ἡμέρα,
3289 4684 3345 4734 ἐν
3441 4684 3469 4735 6
3502 4684 3622 4737 Σω..

2028 4778 2134 4847 τὴρ
2161 4773 2495 4846 σταυρωθεὶς
2522 4771 2815 4825 ἐσκύλευσε
2840 4770 2933 4822 τὸν
2961 4769 3114 4841 ᾇδην.
3136 4771 3245 4823 Καὶ
3275 4771 3437 4825 πάλιν
3468 4772 3622 4843 αὑτῷ

2032 4864 2280 4933 δηλοῦσιν
2299 4882 2311 4894 ·
2342 4861 2562 4928 Ἔξελθε
2590 4860 2689 4929 τῆς
2724 4858 3066 4930 Ἐκκλησίας.
3109 4859 3409 4931 Ἀντιδηλοῖ
3440 4860 3508 4914 τά
3541 4864 3620 4914 εί·-

2035 4954 2188 5010 κότα.
2246 4949 2653 5018 Εὑλαϐούμενος
2704 4946 2996 5019 τοιγαροῦν
3036 4948 3065 5000 ὁ
3103 4946 3356 5018 βασιλεὺς
3418 4948 3480 5001 τὸ
3527 4950 3615 5001 εύ-

2035 5041 2363 5095 καθοσίωτον
2395 5038 2491 5107 τῆς
2513 5037 2747 5107 ἡμέρας,
2780 5036 2873 5089 καὶ
2902 5036 2994 5088 τὸν
3032 5036 3133 5105 τῆς
3174 5036 3382 5100 πόλεως
3409 5037 3612 5104 κλόνον,

2040 5128 2455 5201 μεταστέλλεται
2484 5125 2608 5188 τοῦς
2635 5123 2767 5195 περὶ
2796 5124 3047 5178 Ἀκάκιον
3071 5124 3163 5176 καὶ
3193 5124 3484 5194 Ἀντίοχον,
3512 5126 3615 5194 φή..

2038 5236 2135 5281 σας
2165 5218 2378 5279 αὑτοῖς·
2412 5212 2477 5266 Τί
2522 5212 2632 5267 δέοι
2678 5212 2963 5282 γενέσθαι;
3005 5211 3230 5281 βλέπετε
3273 5212 3482 5282 μήποτε
3513 5214 3609 5264 οὑν

2035 5304 2208 5377 ὀρθῶς
2237 5300 2723 5373 βουλεύεσθε.Τότε
2741 5302 2789 5353 οἱ
2823 5300 3074 5369 γεννάδες
3099 5300 3193 5352 καὶ
3227 5298 3613 5368 περισσόῲυχω

2034 5392 2187 5447 εἷπον
2216 5390 2294 5462 τῷ
2331 5390 2569 5461 βασιλεῖ·
2616 5390 2870 5452 Βασιλεῦ,
2906 5390 2999 5442 ἐπὶ
3044 5389 3140 5459 τὴν
3176 5387 3413 5457 κεφαλὴν
3457 5386 3617 5457 ἡμῶν

2032 5486 2065 5553 ἡ
2105 5482 2350 5536 Ἰωάννου
2398 5480 2737 5551 καθαίρεσις.
2767 5478 3087 5531 Τελευταῖον
3134 5476 3404 5546 βοήθημα,
3442 5478 3490 5529 οἱ
3538 5476 3615 5540 "cz?

2047 5571 2267 5642 Ἰωάννῃ
2300 5570 2548 5634 συνόντες
2573 5568 2863 5621 ἐπίσκοποι
2894 5564 3168 5635 ίσάριθμοι
3205 5563 3305 5632 τῆς
3330 5564 3495 5632 ἁγίας
3522 5583 3589 5633 νη
3622 5564 3630 5628 ξ

2035 5662 2239 5723 στείας,
2258 5658 2564 5730 προσῆλθον
2582 5656 2662 5727 τῷ
2684 5655 2891 5726 βασιλεῖ
2912 5655 3005 5707 καὶ
3024 5656 3090 5722 τῇ
3116 5651 3407 5727 βασιλίσσῃ
3424 5654 3481 5707 ἐν
3502 5650 3629 5730 τοῖ’,ξ

2034 5750 2357 5820 μαρτυρίοις
2380 5747 2516 5818 μετά
2535 5746 2786 5816 δακρύων
2806 5740 3272 5813 παρακαλοῦντες,
3290 5742 3502 5811 φειδοῦς
3522 5726 3629 5793 τι...

2032 5844 2147 5912 χεῖν
2185 5840 2283 5910 τὴν
2326 5839 2419 5891 τοῦ
2467 5834 2702 5908 Χριστοῦ
2755 5831 3106 5903 Ἐκκλησίαν,
3160 5833 3394 5904 μάλιστα
3422 5831 3513 5886 διὰ
3552 5836 3616 5885 τὸ

2098 6017 2123 6045 ι
2144 6014 2276 6069 Haec.
2298 6014 2379 6060 καὶ
2400 6010 2957 6073 δ·υνατώτερον,ἀρε³1“8ηὶ
2974 6008 3027 6060 in
3049 6010 3240 6073 Greco;
3264 6007 3353 6055 sed
3376 6019 3406 6055 e
3429 6008 3540 6073 qod.
3564 6009 3617 6058 in

2037 6084 2225 6129 textum
2239 6076 2411 6126 retulit
2426 6068 2651 6136 Bigotus,‘
2676 6073 2847 6124 Latine
2860 6074 3007 6124 etiam
3027 6071 3211 6123 addens
3226 6068 3616 6135 etpolentiorem,
