4494 6688
842 576 916 629 π
2100 581 2419 639 PALLADII
2463 586 2617 642 om.

2346 584 2419 639 ΟΠ
2463 586 2809 649 DIALOGUS
4050 611 4121 666 55

846 694 1035 765 Πάσχα
1058 692 1151 745 καὶ
1175 694 1299 757 τοὺς
1332 694 1620 765 μέλλοντας
1646 698 2044 767 ἀναγεννᾶσθαι
2070 701 2172 771 ἤδη
2214 704 2420 773 μυστά-

842 775 1211 845 γωγηθέντας,
1233 777 1609 833 ἀπολαϐοῦσαν
1634 782 1725 833 τὸν
1749 780 1917 851 ἱερέα.
1944 784 2058 836 Οὐκ
2080 786 2427 856 ῆκούσθησαν

840 859 932 911 ἐπὶ
972 858 1167 930 τούτῳ·
1209 860 1284 923 ὡς
1316 862 1406 914 τὸν
1435 863 1588 930 ἅγιον
1635 863 1844 917 Παῦλον
1882 863 1971 918 τὸν
2010 868 2119 920 ἀπὸ
2152 870 2427 940 Κρατείας

840 943 1017 995 εἰπεῖν
1056 944 1251 1014 ἀδείλῳ
1278 948 1345 1015 τῇ
1379 948 1660 1018 παρρησίᾳ
1683 963 1697 977 ⁸
1733 948 1997 1014 Εὐδοξία,
2031 952 2299 1023 φοϐήθητι
2338 953 2427 1005 τὸν

839 1024 995 1088 Θεὸν,
1032 1027 1302 1097 ἐλεήσασά
1332 1045 1424 1081 σου
1456 1029 1523 1081 τά
1551 1030 1745 1081 τέκναο
1777 1032 1851 1101 μὴ
1888 1032 2076 1103 ὕϐριζε
2106 1037 2206 1106 τὴν
2238 1037 2427 1105 ἑορτὴν

839 1109 935 1163 τοῦ
962 1109 1200 1182 Χριστοῦ
1225 1114 1289 1182 τῇ
1322 1112 1426 1162 τῶν
1455 1110 1702 1180 αἱμάτων
1732 1114 1975 1184 ἐκχύσει.
2021 1117 2427 1191 ’Υποστρέψαν-

840 1210 932 1258 τες
960 1194 1015 1246 δὲ
1052 1194 1102 1245 οἱ
1149 1193 1555 1263 τεσσαράκοντα
1592 1195 1927 1263 ἐπίσκοποι,
1964 1201 2323 1272 ἠγρύπνησαν
2368 1204 2426 1257 ἐν

840 1280 955 1340 τοῖς
986 1276 1347 1344 καταγωγίοις
1376 1276 1576 1343 αὐτῶν,
1612 1280 1662 1332 οἱ
1691 1282 1790 1351 μὲν
1819 1284 1957 1353 μετά
1979 1284 2253 1355 δακρύων,
2288 1287 2337 1338 οἱ
2368 1286 2426 1339 δὲ

844 1360 981 1429 μετά
1020 1360 1214 1430 λύπης,
1250 1360 1429 1432 ἕτεροι
1470 1362 1526 1416 δὲ
1571 1364 1770 1434 ἀμάχῳ
1804 1370 1868 1435 τῇ
1918 1366 2126 1438 διανοίᾳ
2159 1369 2422 1439 κατεσχέ-

841 1444 1009 1513 θησαν
1068 1443 1259 1514 κάρῳ,
1299 1444 1376 1508 ὼς
1412 1445 1644 1499 ἕκαστον
1690 1447 1962 1519 ἐκυϐέρνα
2011 1450 2070 1502 τὸ
2120 1451 2313 1514 πάθος.
2360 1454 2422 1506 οἱ

840 1527 1025 1596 μέντοι
1068 1527 1431 1600 πρεσϐύτεροι
1492 1528 1735 1582 Ἰωάννου
1788 1531 1838 1582 οἱ
1892 1532 1980 1586 τὸν
2016 1531 2159 1586 θεῖον
2206 1533 2424 1604 ἔχοντες

836 1610 1023 1678 φόϐον,
1066 1613 1124 1664 ἐν
1174 1612 1253 1683 τῷ
1302 1612 1545 1683 δημοσίῳ
1604 1613 1815 1685 λουτρῷ
1868 1614 1947 1686 τῷ
2002 1618 2424 1691 ἐπικαλουμένῳ

833 1696 1339 1761 Κωνσταντιαναῖς,
1375 1697 1499 1758 τοὺς
1538 1695 1702 1761 λαοὺς
1738 1702 2139 1770 συναγαγόντες
2163 1746 2177 1768 ,
2216 1705 2426 1775 εἴχοντο

831 1777 932 1848 τῆς
963 1779 1291 1851 ἀγρυπνίας,
1317 1780 1366 1832 οἱ
1394 1781 1491 1851 μὲν
1514 1782 1582 1835 τὰ
1608 1783 1728 1837 θεῖα
1752 1784 1910 1853 λόγια
1934 1788 2426 1857 ἀναγινώσκοντες,

831 1862 882 1913 οἱ
913 1861 971 1914 δὲ
1007 1861 1356 1931 βαπτίζοντες
1387 1867 1517 1929 τοὺς
1546 1868 1957 1938 κατηχηθέντας
1983 1914 1995 1935 ,
2034 1872 2110 1936 ώς
2142 1875 2310 1939 εἰκὸς,
2338 1876 2427 1929 διά

832 1944 896 1998 τὸ
935 1946 1145 2017 Πάσχα.
1181 1946 1369 2002 Ταῦτα
1401 1950 1541 2003 αὐτά
1576 1954 2085 2025 προσαναφέρουσιν
2119 1957 2169 2008 οί
2213 1974 2426 2027 γνωμο-

835 2029 1025 2102 φθόροι
1056 2031 1150 2083 καὶ
1182 2034 1544 2103 φρεναπάται,
1574 2036 1622 2086 οἱ
1654 2038 1781 2106 περὶ
1820 2037 2089 2107 Ἀντίοχον
2127 2042 2220 2090 καὶ
2252 2041 2423 2109 Σευη-

836 2113 1021 2182 ριανὸν
1051 2112 1145 2166 καὶ
1161 2115 1437 2179 Ἀκάκιον,
1468 2120 1581 2179 τοῖς
1605 2119 1813 2169 ἑαυτῶν
1842 2120 2193 2188 προστάταις,
2218 2121 2424 2186 ἀξιοῦν.

830 2212 922 2259 τες
954 2198 1347 2268 ἐμποδισθῆναι
1377 2203 1502 2263 τοὺς
1522 2200 1684 2263 λαοὺς
1711 2201 1819 2252 ἀπὸ
1846 2202 1946 2271 τῆς
1972 2204 2091 2255 ἐκεῖ
2118 2203 2416 2271 συνάξεως.

843 2278 1123 2332 Ἀντεῖπεν
1174 2284 1202 2334 ό
1243 2283 1363 2334 τότε
1401 2283 1724 2353 μάγιστρος,
1754 2286 1968 2355 φήσας·
2018 2285 2135 2351 Νύξ
2164 2290 2282 2341 ἐστι
2326 2292 2421 2343 καὶ

827 2361 975 2433 ὄχλοι
1021 2364 1228 2417 πολλοί·
1283 2367 1357 2437 μή
1392 2384 1445 2419 τι
1475 2366 1735 2438 ἀτόπημα
1784 2370 2029 2441 γένηται.
2086 2372 2421 2443 Ἀνθυποφέ-

832 2464 1014 2517 ρουσιν
1066 2451 1115 2502 οἱ
1168 2450 1297 2522 περὶ
1363 2450 1651 2506 Ἀκάκιον·
1698 2453 1886 2518 Οὐδεὶς
1934 2455 2149 2526 ἔμεινεν
2198 2459 2256 2510 ἐν
2302 2464 2423 2523 ταῖς

830 2531 1182 2603 ἐκκλησίαις,
1214 2536 1311 2587 καὶ
1338 2535 1662 2606 δεδοίκαμεν
1724 2539 1935 2608 μήποτε
1966 2538 2223 2593 εἰσελθὼν
2261 2543 2288 2593 ὁ
2323 2543 2422 2613 βα-

831 2615 1012 2681 σιλεὺς
1042 2619 1100 2671 ἐν
1129 2621 1195 2689 τῇ
1228 2619 1515 2691 ἐκκλησίᾳ,
1544 2622 1639 2675 καὶ
1667 2621 1745 2692 μὴ
1767 2621 1942 2693 εὐρὼν
1977 2624 2201 2694 μηδένα,
2233 2628 2425 2698 αἴσθη-

828 2718 921 2754 ται
963 2702 1067 2772 τῆς
1112 2703 1206 2757 τοῦ
1238 2705 1369 2759 λαοῦ
1421 2706 1636 2769 εὐνοίας
1687 2706 1789 2776 τῆς
1826 2707 1964 2777 πρὸς
2016 2708 2289 2778 Ἰωάννην,
2329 2712 2422 2763 καὶ

829 2786 1089 2856 καταγνῷ
1124 2788 1281 2857 ήμῶν
1331 2789 1408 2851 ὡς
1435 2789 1742 2858 βασκάνων,
1779 2788 1965 2859 ἐπειδὴ
1997 2791 2231 2859 μάλιστα
2269 2793 2421 2846 εἴπο-

830 2885 932 2936 μεν
966 2868 1136 2939 αὐτῷ,
1170 2871 1252 2923 ὄτι
1279 2871 1454 2933 οὐδείς
1484 2872 1634 2924 ἐστιν
1659 2871 1797 2935 ὅλως
1818 2871 2032 2942 όήδέως
2065 2873 2216 2945 αὐτῷ
2248 2892 2418 2946 προσ-

827 2952 987 3023 έχων,
1037 2954 1114 3017 ώς
1159 2954 1431 3026 ἀνθρώπῳ
1480 2954 1753 3026 ἀσπόνδῳ.
1807 2955 1995 3019 Ούτως
2037 2958 2066 3009 ὁ
2116 2960 2418 3030 μάγιστρος

825 3037 1343 3109 διαμαρτυράμενος
1398 3040 1580 3104 ﬁmi;
1641 3039 1734 3093 ἐπὶ
1785 3043 1899 3101 τοῖς
1947 3042 2415 3114 ἀποϐησομένοις,

826 3120 1009 3174 δίδωσι
1037 3122 1268 3175 Λούκιόν
1299 3140 1441 3187 τινα,
1469 3122 1545 3186 ώς
1570 3123 1777 3191 ἔλεγον,
1813 3124 2074 3195 Ἕλληνα,
2101 3127 2421 3198 ἀφηγούμε-

827 3222 919 3258 νον
946 3206 1041 3259 τοῦ
1075 3206 1312 3276 ἀριθμοῦ
1337 3206 1447 3259 τῶν
1471 3208 1809 3278 ὁπλοφόρων,
1838 3209 2216 3280 ἐντειλάμενος
2247 3213 2419 3265 ἐπιει-

827 3287 941 3351 κῶς
973 3288 1279 3342 ἀπελθόντα
1312 3290 1539 3343 καλέσαι
1568 3290 1661 3343 τόν
1696 3291 1824 3346 λαὸν
1868 3294 1927 3345 ἐν
1975 3295 2043 3363 τῇ
2076 3292 2343 3367 ἐκκλησίᾳ
2369 3307 2417 3357 ³,

840 3376 1116 3430 Ἀπελθὼν
1149 3378 1239 3441 δέ,
1274 3379 1368 3431 καὶ
1417 3379 1492 3449 μὴ
1540 3377 1850 3443 ἀκουσθείς,
1899 3380 2235 3450 ὑποστρέφει
2285 3383 2421 3452 πρὸς

825 3460 953 3524 τοὺς
986 3461 1118 3532 περὶ
1155 3461 1429 3526 ’Δκάκιον,
1460 3462 1866 3533 διηγησάμενος
1899 3465 1991 3516 τόν
2017 3463 2169 3518 τόνον
2202 3466 2298 3518 καὶ
2322 3466 2421 3535 τὴν

827 3545 1141 3615 πυκνότητα
1185 3546 1280 3599 τοῦ
1334 3545 1484 3599 λαοῦ.
1527 3548 1684 3600 Μετὰ
1734 3546 1894 3599 τοῦτο
1948 3546 2197 3618 λιπαρῶς
2257 3550 2422 3602 αὐτὸν

828 3631 1204 3703 παρακαλοῦσι
1228 3634 1480 3703 χρυσέοις
1509 3636 1718 3705 ῥήμασι
1748 3633 2143 3697 δυσωποῦντες,
2170 3635 2266 3689 καὶ
2293 3636 2421 3689 ύπο-

827 3714 1009 3784 σχέσει
1048 3716 1293 3784 μείζονος
1322 3717 1605 3788 προκοπῆς
1627 3756 1642 3779 ,
1674 3717 1761 3769 ἵνα
1793 3717 2062 3788 ἐμποδίσῃ
2090 3721 2156 3789 τῇ
2194 3718 2320 3790 δόξῃ
2351 3723 2415 3792 τῇ

824 3798 918 3851 τοῦ
950 3800 1191 3871 Κυρίου,
1240 3800 1608 3870 ἐντειλάμενοι
1655 3801 1825 3871 αὐτῷ,
1880 3800 1912 3872 ἢ
1956 3800 2099 3871 λόγῳ
2150 3803 2417 3858 πείσαντα

825 3883 1053 3952 ἀγαγεῖν
1074 3885 1166 3936 ἐπὶ
1199 3884 1296 3955 τὴν
1320 3885 1636 3956 ἐκκλησίαν,
1672 3887 1705 3957 ἢ
1735 3887 1872 3957 ὀργῇ
1923 3886 2237 3957 ταράξαντα
2273 3889 2415 3941 παῦ-

828 3982 917 4020 σαι
961 3968 1060 4038 τὴν
1100 3968 1292 4039 ἐορτὴν
1322 3968 1416 4021 τοῦ
1465 3973 1814 4037 συναγαγεῖν.
1865 3973 1962 4033 Ὃς
1996 3970 2227 4043 ἐξαυτῆς
2277 3989 2415 4041 <1"ng-

830 4050 1159 4121 παραλαϐὼν
1185 4051 1481 4123 κληρικους
1515 4051 1608 4104 τοῦ
1647 4053 1846 4122 μέρους
1898 4053 2180 4117 Ἀκακίου,
2225 4056 2416 4127 ἐξῆλθε

827 4132 1057 4204 δευτέρᾳ
1079 4135 1294 4206 φυλακῇ
1324 4135 1425 4204 τῆς
1454 4136 1648 4197 νυκτὸς
1690 4136 1774 4203 ἐφ’
1893 4135 2196 4207 ἀπεστάλη.
2229 4139 2418 4209 Παρα-

824 4217 1060 4270 τείνουσι
1087 4218 1193 4289 γάρ
1225 4218 1316 4271 τὸν
1338 4220 1465 4272 λαὸν
1493 4222 1550 4271 ἐν
1576 4221 1688 4281 τοῖς
1721 4218 1945 4289 μέρεσιν
1974 4219 2131 4289 ήμῶν
2161 4220 2268 4285 ἐως
2293 4222 2417 4274 ἀλέ-

825 4316 1022 4371 κτορος
1048 4302 1288 4373 πρώτου,
1340 4303 1478 4372 ἔχων
1517 4302 1738 4372 Θρᾷκας
1770 4301 2019 4373 ξιφήρεις
2056 4306 2417 4375 νεοστρατεύ-

824 4403 951 4450 τους
988 4388 1128 4440 κατά
1161 4388 1252 4440 τὸν
1300 4386 1467 4441 Ἡσαῦ
1514 4387 1917 4459 τετρακοσίους,
1958 4388 2194 4451 ἀναιδεῖς
2225 4407 2418 4460 περισ-

825 4471 955 4535 σῶς,
984 4472 1331 4542 ἐπεπήδησεν
1360 4472 1624 4539 αἰφνίδιον
1660 4474 1803 4525 κατά
1841 4472 1941 4542 τὴν
1970 4471 2142 4525 νύκτα
2174 4474 2272 4526 σὺν
2302 4476 2416 4534 τοῖς

824 4556 1231 4610 ὐποδεικνύουσι
1262 4555 1543 4626 κληρικοῖς
1584 4555 1820 4619 καὶτοῖς
1866 4556 2254 4627 στρατιώταις,
2300 4558 2416 4610 ίτα-

826 4639 964 4707 μῶς,
1004 4640 1080 4704 ώς
1113 4641 1205 4693 ᾶτε
1235 4639 1418 4701 λύκος,
1450 4640 1655 4711 σιδήρῳ
1676 4638 1945 4692 στίλϐοντι
1974 4639 2257 4709 διασχίσας
2288 4642 2414 4704 τοὺς

822 4725 1033 4794 ὄχλους.
1068 4725 1335 4795 Χωρήσας
1361 4724 1404 4776 δ’
1443 4724 1588 4775 ἔνδον
1613 4722 1720 4774 τῶν
1753 4724 2041 4793 μακαρίων
2083 4724 2291 4777 ὑδάτων
2322 4726 2416 4776 ἐτί

824 4808 1057 4861 κωλύσει
1086 4807 1194 4861 τῶν
1224 4807 1546 4878 μυουμένων
1568 4806 1666 4876 τὴν
1697 4806 1995 4859 ἀνάστασιν
2017 4807 2109 4859 τοῦ
2141 4808 2412 4877 Σωτῆρος,

827 4894 918 4946 καὶ
938 4891 1017 4963 τῷ
1051 4893 1151 4963 μὲν
1184 4890 1419 4961 διακόνῳ
1471 4889 1717 4961 θρασέως
1758 4889 2118 4959 ἐντιναχθεὶς,
2158 4889 2228 4941 τά
2274 4891 2415 4960 σύμ-

824 4977 954 5029 ϐολα
986 4977 1168 5048 ἐκχέει
1194 4992 1207 5004 ·
1239 4977 1365 5037 τοὺς
1394 4975 1451 5027 δὲ
1481 4972 1890 5045 πρεσϐυτέρους
1915 4974 2014 5044 ἤδη
2044 4990 2146 5027 που
2179 4973 2274 5026 καὶ
2297 4973 2415 5043 ήλι-

823 5060 1026 5123 κιώτας
1060 5060 1314 5131 ῥοπάλοις
1348 5058 1489 5112 κατὰ
1514 5058 1738 5130 κρανίου
1775 5059 1996 5123 παίσας,
2025 5056 2220 5129 αἵμασι
2253 5058 2419 5128 κιρνᾷ

820 5143 921 5213 τήν
984 5142 1392 5214 κολυμϐήθραν.
1455 5144 1588 5196 Τότε
1646 5138 1715 5213 ἦν
1771 5142 1896 5196 ἰδεῖν
1951 5142 2048 5214 τὴν
2114 5141 2416 5211 ἀγγελικὴν

822 5226 1042 5297 ἐκείνην
1070 5224 1262 5287 νύκτα,
1293 5227 1351 5277 ἐν
1444 5227 1537 5279 καὶ
1565 5226 1817 5295 δαίμονες
1864 5225 2155 5278 πίπτουσιν
2184 5224 2418 5296 ἐπτηχό-

822 5328 948 5375 τες,
1001 5312 1082 5373 είς
1140 5308 1466 5379 λαϐύρινθον
1527 5308 1980 5378 μεταϐληθεῖσαν.
2035 5309 2244 5380 Γυμναὶ
2305 5308 2415 5381 γάρ

821 5397 1077 5461 γυναῖκες
1114 5395 1211 5447 σὺν
1250 5395 1363 5455 τοῖς
1412 5392 1635 5463 ἀνδράσι
1674 5392 1903 5462 δρασμῷ
1941 5394 2215 5462 ἐχρῶντο,
2262 5392 2415 5462 φόϐῳ

821 5477 917 5530 τοῦ
948 5478 1222 5546 σφαγῆναι
1254 5476 1287 5547 ἢ
1326 5475 1709 5545 ἀσχημονῆσαι
1735 5517 1749 5538 ,
1786 5474 1877 5527 τὸν
1906 5476 2192 5547 ἀσχήμονα
2229 5479 2413 5531 ἀσπα-

821 5562 1047 5634 ζόμεναι
1090 5562 1321 5633 δρόμον·
1360 5562 1550 5632 ἕτερος
1600 5559 1700 5629 τὴν
1735 5562 1896 5629 χεῖρα
1938 5560 2187 5629 πληγεὶς,
2220 5561 2411 5634 ὀδυρό-

824 5662 987 5716 μενος
1033 5646 1238 5716 ἀπῄειο
1282 5646 1439 5709 ἄλλος
1481 5643 1753 5715 παρθένον
1802 5642 1997 5713 ἔσυρεν
2045 5646 2410 5715 περισχίσας⁶

821 5730 1021 5792 πάντες
1046 5729 1104 5782 δὲ
1131 5729 1701 5799 λαφυραγωγήσαντες
1726 5726 1793 5779 τά
1826 5726 2083 5795 κειμήλια
2119 5728 2409 5799 ἐσφετερί-

821 5811 994 5876 Cavea.
1030 5812 1219 5876 Οὕτως
1252 5813 1301 5864 οἱ
1329 5812 1426 5881 μὲν
1457 5811 1859 5882 συλληφθέντες
1881 5811 1990 5863 τῶν
2019 5813 2412 5883 πρεσϐυτέρων

819 5898 918 5953 καὶ
971 5898 1234 5950 διακόνων
1275 5900 1355 5960 εἰς
1408 5896 1506 5967 τὴν
1554 5898 1779 5969 εἱρκτὴν
1832 5894 2211 5952 ἐνεϐάλλοντο’
2259 5900 2306 5950 οί
2351 5898 2410 5950 δὲ

880 6045 913 6080 δ
936 6046 1115 6112 Georg.
1143 6052 1207 6105 εἰς
1226 6052 1309 6107 τὴν
1336 6050 1608 6107 ἐκκλησίαν.

2532 708 2894 783 ἀξιωματικοί
2915 717 3005 771 τοῦ
3033 717 3163 771 λαοῦ
3192 718 3292 788 τῆς
3317 717 3727 789 μεγαλοπόλεως
3747 717 4121 787 ἐξεϐάλλοντο,

2528 796 2884 868 Διατάγματα
2906 802 2961 855 δὲ
2990 802 3369 873 ἀλλεπάλληλα
3393 802 3536 857 κατὰ
3562 803 3723 856 τόπον
3747 804 4115 872 πφετίθεντο,

2526 874 2815 948 διαφόρους
2864 886 3094 950 ἀπειλὰς
3130 887 3451 956 περιέχοντα
3488 888 3579 939 ἐπὶ
3612 886 3836 958 ἀρνήσει
3866 885 3964 952 τῆς
4002 905 4118 942 κοι-

2528 960 2722 1025 νωνίας
2762 964 3030 1020 Ἰωάννου.
3073 969 3220 1040 Πλὴν
3254 972 3404 1041 ὅμως
3451 972 3545 1025 καὶ
3575 972 3726 1024 ταῦτ’
3757 969 3984 1038 ἐγίνετο.
4020 978 4117 1025 καὶ

2528 1043 2743 1098 πλείονα
2781 1047 2982 1113 ἔξωθεν
3016 1053 3065 1103 οἱ
3099 1051 3383 1122 λεγόμενοι
3415 1056 3705 1109 ἐπίσκοποι
3736 1052 4115 1125 προσεφιλοτι-

2530 1126 2746 1194 μοῦντοο
2777 1132 2871 1183 καὶ
2906 1133 2939 1200 ή
2987 1132 3207 1198 σύναξις
3248 1135 3357 1188 τῶν
3397 1138 3878 1205 φιλοδιδασκάλων,
3916 1138 4117 1209 μᾶλλον

2525 1208 2582 1261 δέ
2609 1211 2892 1277 φιλοθέων,
2925 1214 2987 1265 οὐ
3021 1221 3372 1286 κατηργεῖτο,
3408 1220 3544 1275 ἀλλά
3576 1222 3717 1275 κατά
3745 1222 3806 1275 τὸ
3836 1208 4117 1294 εἰρημένον

2527 1295 2584 1346 ἐν
2605 1298 2669 1365 τῇ
2701 1295 2915 1367 Ἐξόδῳ,
2932 1298 3055 1351 ὅσον
3074 1300 3396 1353 ἀπέκτεινον
3415 1304 3633 1367 αὐτοὺς,
3654 1307 3891 1378 τοσούτῳ
3903 1308 4118 1370 πλείους

2527 1378 2785 1445 ἐγίνοντο.
2819 1380 2898 1451 Τῇ
2929 1381 3194 1453 ἐπαύριον
3231 1382 3364 1450 γοῦν
3392 1384 3626 1448 ἐξελθὼν
3652 1392 3681 1443 ὁ
3710 1390 3985 1459 βασιλεὺς,
4022 1392 4117 1445 τοῦ

2525 1463 2908 1534 γυμνασθῆναι
2958 1469 3016 1519 ἐν
3059 1466 3137 1538 τῷ
3183 1469 3577 1540 παρακειμένῳ
3632 1474 3832 1544 πεδίῳ,
3868 1473 3979 1529 εἶδε
4021 1478 4119 1547 τὴν

2528 1545 2769 1619 ἄσπορον
2797 1549 2901 1619 γῆν
2933 1551 3033 1621 τὴν
3081 1551 3210 1622 περὶ
3241 1551 3303 1603 τὸ
3340 1550 3598 1622 Πέμπτον
3636 1545 4119 1628 λευχειμονούσαν,

2528 1632 2624 1684 καὶ
2653 1634 2949 1702 ἐκπλαγεὶς
2990 1635 3083 1688 ἐπὶ
3108 1639 3175 1706 τῇ
3221 1636 3320 1706 θέᾳ
3350 1635 3443 1689 τοῦ
3473 1637 3670 1703 ἄνθους
3706 1642 3815 1694 τῶν
3859 1648 4123 1715 νεοφωτί-

2530 1731 2682 1800 στωνᾲ
2700 1716 2718 1786 (
2739 1713 2879 1787 ἦσαν
2900 1717 3009 1788 γάρ
3030 1720 3173 1788 ἀμφὶ
3198 1720 3326 1783 τοὺς
3352 1720 3744 1791 τρισχιλίους),
3773 1725 3936 1795 ἤρετο
3965 1713 4121 1800 παρὰ

2526 1797 2635 1851 τῶν
2663 1798 2997 1871 δορυφόρων·
3036 1800 3132 1862 Τίς
3166 1803 3199 1870 ἡ
3229 1800 3393 1870 λογάς
3426 1805 3533 1858 τῶν
3569 1808 3686 1859 ἐκεῖ
3716 1797 4116 1880 συνηθροισμέ-

2528 1899 2669 1945 νων;
2709 1883 3133 1953 Διαψευσάμενοι
3179 1884 3429 1953 λέγουσι,
3471 1890 3592 1942 Τῶν
3640 1892 3981 1963 ἑτεροδόξων,
4030 1897 4121 1951 ῖνα

2528 1967 2890 2036 παραγάγωσι
2948 1969 3040 2020 τον
3094 1968 3265 2038 θυμὸν
3313 1971 3407 2024 τοῦ
3470 1972 3760 2041 βασιλέως.
3810 1978 4034 2042 Γνόντες
4073 1981 4120 2033 δ’

2524 2047 2759 2117 ἐξαυτῆς
2801 2050 2850 2100 οἱ
2902 2049 2996 2102 τοῦ
3032 2052 3358 2122 πράγματος
3409 2059 3630 2124 μεσῖται
3684 2060 3777 2112 καὶ
3816 2063 4120 2131 προστάται

2521 2130 2616 2182 τοῦ
2648 2130 2865 2200 φθόνου,
2898 2134 3209 2204 πέμπουσιν
3240 2139 3317 2200 είς
3351 2138 3597 2192 τούπίσω
3634 2143 3763 2202 τούς
3801 2130 4117 2211 ἀφειδεστέ-

2527 2230 2651 2283 ρους
2676 2215 2786 2268 τῶν
2830 2217 3115 2286 ἑπομένων
3143 2221 3236 2273 ἐπὶ
3280 2223 3606 2294 σκορπισμῷ
3647 2224 3744 2293 μὲν
3769 2225 3877 2277 τῶν
3907 2226 4119 2295 ἀκροα-

2522 2298 2650 2361 τῶν,
2689 2299 2948 2372 συλλήψει
2995 2301 3053 2355 δὲ
3100 2303 3210 2356 τῶν
3242 2304 3599 2361 διδασκάλων.
3641 2309 3704 2359 υἱ
3754 2307 3799 2360 δ’
3832 2306 4116 2372 ἐλθόντες,

2528 2383 2819 2452 κατέχουσι
2851 2383 3012 2438 πάλιν
3040 2385 3254 2453 ὀλίγους
3287 2389 3385 2458 μὲν
3417 2388 3527 2442 τῶν
3561 2389 3863 2459 κληρικῶν,
3898 2390 4118 2457 πλείους

2525 2465 2581 2519 δὲ
2613 2467 2723 2519 τῶν
2745 2467 2971 2522 λαῖκῶν.
2998 2469 3101 2522 Καὶ
3124 2472 3152 2523 ὁ
3177 2471 3450 2543 Θεόδωρος
3473 2472 3574 2544 ἐφη
3591 2489 3606 2504 ο
3636 2469 3705 2525 Ὦ
3730 2476 4117 2546 μακαριώτατε

2527 2551 2731 2622 Πάτερ,
2784 2552 2879 2605 καὶ
2908 2553 3178 2607 τοσούτων
3219 2554 3389 2607 όντων
3419 2556 3617 2621 αὐτῶν,
3667 2557 3741 2620 ὡς
3788 2560 4120 2629 τρισχιλίους

2528 2633 2688 2702 μόνον
2731 2629 2869 2687 εἶναι
2907 2637 3032 2699 τούς
3062 2636 3484 2705 νεοφωτίστους,
3521 2639 3640 2703 πῶς
3672 2640 3852 2692 αὐτῶν
3884 2644 3931 2693 οί
3982 2641 4119 2713 βραο

2523 2719 2642 2785 χεῖς
2690 2718 3019 2788 ἐκυρίευσαν
3093 2720 3457 2789 στρατιῶται,
3509 2723 3600 2775 τὸν
3662 2724 3917 2791 σύλλογον
3999 2725 4119 2778 δια-

2520 2799 2815 2865 λύσαντες;
2890 2802 2949 2854 Ὀ
3045 2803 3292 2856 ἘΠΙΣΚ.
3370 2803 3540 2858 Τοῦτο
3613 2807 3713 2859 οὐκ
3801 2808 4118 2879 ὀλιγότητος

2519 2881 2736 2953 δεῖγμα,
2768 2883 2889 2936 οὐδέ
2919 2887 3223 2956 τεκμήριον
3267 2885 3496 2957 ἀζηλίας
3517 2931 3531 2952 ,
3564 2889 3700 2942 ἀλλά
3733 2889 4115 2961 πλεονέκτημα

2520 2966 2841 3033 εὐλαϐείας,
2889 2968 2984 3020 καὶ
3032 2967 3371 3022 διδασκάλων
3428 2971 3751 3041 ἐπιμελείας
3797 2974 4113 3040 ἀπόδειξις,

2523 3050 2885 3114 ἀδιαλείπτως
2916 3050 2978 3104 τὸ
3007 3052 3219 3122 ἄμαχον
3251 3052 3350 3122 τῆς
3381 3053 3609 3125 γνώμης
3643 3056 4111 3127 ἐπανορθούντων.

2535 3133 2593 3185 '0
2645 3133 2703 3186 δὲ
2746 3133 3022 3205 Θεόδωρος
3073 3132 3263 3189 εἶπεν·
3317 3136 3550 3208 Ἀριστα
3602 3140 3776 3210 ἔφης*
3827 3139 3951 3193 οὐτε
4004 3141 4115 3211 γάρ

2524 3215 2735 3287 ἔπρεπε
2760 3218 2889 3279 τοὺς
2925 3218 3189 3288 φρόνησιν
3222 3219 3665 3287 ἐκμανθάνοντας
3697 3223 3791 3276 καὶ
3811 3225 4115 3278 ἐπιείκειαν

2526 3299 2677 3370 παρά
2698 3300 2790 3353 τοῦ
2820 3301 2965 3372 ἱεροῦ
3001 3302 3269 3367 Ἰωάννου,
3296 3304 3546 3374 ἀφρόνως
3568 3307 3661 3358 καὶ
3690 3308 4115 3377 τεταραγμένως

2526 3382 2693 3436 αὐτοῦ
2724 3383 3142 3438 ἀντιποιεῖσθαι.

2597 3467 2753 3518 ΚΕΦ.
2788 3467 2843 3519 l'.
2878 3497 2947 3509 —
2990 3468 3049 3518 '0
3091 3466 3340 3520 ’EHIEK.
3395 3466 3740 3532 'HGOEI;'0'SV
3779 3474 3872 3526 ἐπὶ
3900 3474 4075 3543 τούτῳ
4097 3516 4112 3539 ,

2527 3549 2854 3621 παρακαλῶ,
2896 3550 2970 3620 μὴ
3010 3551 3286 3603 ἀνάκοπτε
3326 3553 3454 3615 τοὺς
3489 3552 3683 3622 λόγους
3720 3559 3845 3619 τοὺς
3882 3558 3987 3609 ὐπὸ
4017 3576 4115 3611 κα-

2526 3633 2637 3686 κῶν
2691 3635 3036 3704 πραγμάτων
3070 3634 3394 3704 τεχθέντας·
3444 3638 3612 3691 ἐοίκει
3647 3640 3756 3710 γάρ
3799 3641 4004 3694 τίκτειν
4036 3643 4115 3706 ὡς

2522 3716 2618 3769 ἐπὶ
2653 3716 2715 3769 τὸ
2747 3717 3001 3770 πλεῖστον
3029 3720 3155 3781 τοὺς
3185 3719 3374 3787 λόγους
3394 3721 3463 3775 τά
3496 3723 3820 3794 πράγματα.
3857 3727 3962 3778 Σὺν
3999 3730 4115 3790 τοῖς

2521 3801 2938 3871 κατασχεθεῖσιν
2976 3798 3070 3855 οῦν
3099 3802 3385 3873 κληρικοῖς
3415 3823 3472 3858 τε
3504 3806 3599 3858 καὶ¹
3633 3806 3843 3872 λαῖκοῖς
3884 3809 4105 3879 συνελήο

2520 3884 2737 3956 φθησαν
2767 3885 2864 3937 καὶ
2892 3887 3154 3953 γυναῖκες
3183 3886 3391 3957 ἀνδρῶν
3419 3889 3725 3959 ἐπισήμων.
3755 3893 3911 3945 Ἐστι
3938 3893 3993 3946 δὲ
4034 3891 4111 3947 ὧν

2522 3968 2617 4020 καὶ
2649 3966 2717 4019 τά
2748 3967 2991 4038 μαφόρια
3031 3969 3310 4039 ῆρπασαν.
3352 3971 3553 4041 ἐτέρων
3592 3971 3646 4024 δὲ
3678 3973 3748 4025 τὰ
3780 3975 3977 4028 ἐνώτια
4011 3979 4111 4030 σὺ]

2521 4050 2599 4120 τῷ
2627 4049 2769 4120 λοϐῷ
2798 4050 2891 4102 τοῦ
2930 4052 3068 4115 ὠτὸς
3096 4053 3540 4108 συναπέσπασαν’
3592 4057 3669 4120 ὼς
3719 4058 3931 4113 ίδοῦσάν
3962 4077 4110 4125 τινος

2537 4132 2855 4203 Ἐλευθέρου
2883 4137 3117 4201 γυναῖκα
3147 4135 3173 4173 δ
3203 4136 3692 4209 εὐδαιμονεστάτην
3724 4141 3927 4214 σφόδρα
3947 4183 3961 4205 ,
4006 4161 4109 4196 καο

2524 4215 2855 4284 ταλείφασαν
2893 4215 2954 4267 τὸ
2986 4217 3183 4286 ἑαυτῆς
3231 4219 3517 4289 μαφόριον,
3574 4226 4109 4296 μεταμφιασαμένην

2523 4299 2585 4353 τὸ
2614 4301 2800 4370 σχῆμα
2831 4300 2892 4352 τὸ
2927 4298 3034 4353 τῶν
3080 4300 3355 4365 δουλίδων,
3406 4303 3668 4375 δρομαίαν
3709 4308 3982 4362 εἰσϐαλεῖν
4026 4314 4109 4375 εἰς

2522 4383 2623 4454 τὴν
2672 4383 2825 4436 πόλιν
2865 4384 2959 4436 ἐπὶ
2996 4384 3243 4454 σωτηρίᾳ
3272 4384 3373 4454 τῆς
3413 4388 3784 4460 σωφροσύνης.
3820 4389 3928 4446 Ἦν
3972 4394 4106 4464 γάρ,

2521 4466 2598 4529 ὼς
2627 4466 2792 4529 εἰκὸς,
2825 4465 3026 4548 εὐανθῆ
3076 4467 3291 4537 μορφὴν
3324 4469 3418 4522 καὶ
3465 4472 3637 4544 εὐφυῆ
3682 4476 3878 4530 πλάσιν
3928 4480 4108 4548 ἡμφι-

2523 4550 2746 4620 εσμένη.
2768 4550 2955 4620 Τούτῳ
2979 4547 3073 4603 οὖν
3096 4551 3173 4621 τῷ
3190 4553 3377 4623 τρόπῳ
3400 4553 3765 4626 πληρωθεῖσαι
3788 4563 3845 4613 αἱ
3868 4547 4108 4631 φυλακαὶ

2521 4634 2630 4685 τῶν
2652 4633 2926 4704 διαφόρων
2951 4634 3250 4703 ἀρχόντων,
3276 4638 3656 4704 μετεποιοῦντο
3676 4645 3754 4706 είς
3779 4645 4103 4715 ἐκκλησίας

2523 4718 2618 4770 καὶ
2652 4716 2811 4787 ὕμνοι
2848 4717 2947 4786 μὲν
2989 4718 3083 4769 καὶ
3119 4719 3388 4790 ἀναφοραὶ
3424 4724 3736 4796 μυστηρίων
3766 4729 3824 4779 ἐν
3854 4732 3976 4791 ταῖς
4007 4746 4107 4796 φυ-

2523 4800 2719 4862 λακαῖς
2760 4799 3148 4862 ἐπετελοῦντο,
3203 4804 3465 4872 μάστιγες
3506 4806 3563 4859 δὲ
3605 4810 3698 4862 καὶ
3741 4810 4107 4879 στρεϐλώσεις

2526 4884 2621 4937 καὶ
2655 4885 2807 4955 ὅρκοι
2838 4885 3057 4954 φρικτὰ
3083 4887 3140 4937 ἐν
3164 4889 3281 4951 ταῖς
3314 4888 3632 4959 ἐκκλησίαις
3660 4893 3986 4962 ἡμιλλῶντο,
4014 4896 4108 4946 ἐπὶ

2524 4966 2957 5037 ἀναθεματισμῷ
3000 4969 3244 5022 Ἰωάννου
3281 4972 3373 5025 τοῦ
3412 4974 3572 5045 μέχρι
3609 4975 3838 5029 θανάτου
3885 4976 4108 5047 ἐχθρεύ-

2528 5069 2717 5115 σαντος
2746 5054 2810 5123 τῇ
2855 5051 3024 5124 κακίᾳ
3054 5054 3148 5106 τοῦ
3181 5054 3428 5109 διαϐόλου
3449 5073 3463 5087 ο
3507 5060 3606 5128 τῆς
3640 5059 4021 5129 Πεντηκοστῆς
4047 5061 4107 5113 δὲ

2530 5135 3047 5207 συμπληρωθείσης,
3081 5136 3222 5206 μετὰ
3259 5140 3417 5193 πέντε
3449 5142 3663 5213 ἡμέρας
3694 5142 4027 5206 εἰσελθόντες
4057 5148 4105 5197 ot

2528 5220 2656 5290 περὶ
2709 5220 2984 5282 ’Δκάκιον,
3017 5221 3111 5272 καὶ
3144 5221 3491 5292 Σευηριανὸν,
3527 5227 3623 5279 καὶ
3661 5226 3954 5296 Ἀντίοχον,
4008 5228 4107 5280 καὶ

2525 5304 2759 5374 Κυρῖνον
2792 5302 2931 5374 πρὸς
2958 5302 3049 5356 τὸν
3084 5304 3326 5373 βασιλέα,
3357 5306 3606 5377 λέγουσιν
3642 5310 3810 5381 αὐτῷ’
3849 5309 4102 5375 Βασιλεῦ,

2527 5390 2591 5441 σὺ
2621 5390 2754 5458 ἡμῖν
2792 5387 2945 5457 παρά
2976 5386 3111 5439 Θεοῦ
3146 5389 3245 5441 οὐκ
3289 5390 3770 5462 ἐξουσιαζόμενος,
3806 5393 3921 5446 ἀλλ’
3951 5393 4101 5460 ἐξου-

2527 5470 2728 5534 σιάζων
2759 5470 2869 5524 τῶν
2893 5470 3133 5535 πάντων,
3164 5471 3339 5537 ἔξεστί
3365 5492 3447 5528 σοι
3475 5476 3503 5528 ὃ
3534 5476 3709 5539 θέλεις
3732 5479 3977 5546 ποιῆσαι.
4012 5479 4104 5550 Μὴ

2525 5556 2676 5623 γίνου
2707 5553 3093 5626 πρεσϐυτέρων
3121 5558 3438 5629 πραότερος,
3480 5561 3576 5612 καὶ
3606 5560 3923 5613 ἐπισκόπων
3947 5561 4105 5614 όσιώ-

2523 5655 2714 5709 τερος·
2762 5638 2988 5707 εἴπομέν
3026 5656 3106 5692 σοι
3141 5643 3230 5694 ἐπὶ
3275 5644 3495 5696 πάντων
3517 5658 3530 5670 ·
3581 5641 3704 5693 Ἐπὶ
3735 5642 3835 5711 τὴν
3864 5645 4104 5715 κεφαλὴν

2524 5722 2739 5791 ἡμῶνή
2780 5721 3025 5775 Ἰωάννου
3059 5724 3395 5796 καθαίρεσις.
3438 5725 3530 5794 Μὴ
3568 5724 3746 5778 τοίνυν
3786 5726 3947 5801 φείσῃ
3985 5731 4103 5795 ἐνὸς

2523 5804 2831 5877 ἀνθρώπου,
2862 5807 3157 5878 ἀφειδήσας
3185 5810 3405 5862 πάντων
3431 5807 3585 5876 ήμῶν
3606 5824 3621 5837 ·
3664 5808 3971 5876 Ἰουδαϊκοῖς
3998 5816 4104 5883 ρη-

2526 5906 2686 5960 μασι,
2724 5890 2860 5960 τάχα
2903 5890 2959 5944 δέ
3008 5893 3102 5944 καὶ
3152 5892 3473 5962 πράγμασι,
3527 5893 3963 5961 παραπείσαντες
4013 5897 4103 5949 τὸν

2594 6045 2621 6083 δ
2645 6044 2821 6105 Georg.
2849 6042 3045 6093 ἰὸιηίσάν
3072 6059 3173 6088 τινα
3197 6042 3435 6104 ἐὶευθέραν
3456 6059 3556 6104 γυν.
