4466 6726
290 625 359 679 Ξέ
1287 614 1373 670 DE
1415 614 1572 671 VlTA
1614 612 1673 668 S.
1712 608 1994 667 JOANNIS
2034 610 2528 668 CIIRYSOSTOMI.
3499 625 3573 683 δι

285 752 345 796 ει
374 747 593 811 propter
620 754 715 797 eos
746 737 835 810 qui
880 729 1409 805 regenerandl'erant
1433 745 1555 785 cum
1588 728 1698 800 jam
1729 735 1872 782 catc-

283 833 485 888 ehizati
512 842 714 897 essent,
738 839 797 885 ut
819 824 1154 883 sacerdotem
1177 836 1330 878 suum
1364 838 1427 877 ea
1451 820 1737 890 reciperet.
1761 817 1875 872 Non

283 925 458 980 auditi
485 933 610 979 sunt
647 934 810 990 super
837 931 899 971 ea
942 929 1003 968 re
1035 931 1048 966 :
1079 914 1149 968 ita
1176 923 1235 968 ut
1277 925 1494 968 sanctus
1523 910 1717 967 Paulus
1766 909 1879 976 epio

286 1031 486 1086 scepus
511 1012 725 1071 Cratize,
754 1004 1107 1075 imperterrita
1131 1004 1318 1059 fiducia
1341 1004 1543 1058 diceret
1574 1020 1587 1055 :
1619 998 1881 1071 Eudoxio,

288 1108 461 1161 Deum
497 1105 645 1164 time,
699 1108 911 1152 tuorum
952 1105 1002 1151 te
1041 1096 1325 1150 liberorum
1365 1096 1615 1150 misereat
1653 1110 1666 1145 :
1710 1105 1879 1158 neque

284 1202 431 1254 viola
478 1202 717 1250 sanctam
764 1189 959 1244 Christi
983 1187 1371 1243 solemnitatem
1421 1184 1698 1255 sanguinis
1747 1180 1880 1234 ellu-

288 1293 469 1344 sione.
500 1283 718 1338 Reversi
751 1281 908 1351 igitur
936 1280 1276 1351 quadraginta
1308 1279 1582 1350 episcopi,
1618 1277 1671 1331 in
1700 1276 1878 1330 diter-

294 1379 459 1434 soi-iis
489 1375 602 1429 suis
630 1371 1031 1443 pervigilarunt,
1058 1372 1146 1426 alii
1182 1387 1300 1428 cum
1330 1371 1602 1441 lacrytnis,
1641 1367 1730 1422 alii
1760 1382 1879 1421 cum

292 1480 555 1528 interere,
581 1463 669 1517 alii
701 1463 928 1534 denique
955 1462 1297 1533 insuperabili
1327 1472 1548 1530 stupore
1575 1458 1771 1513 mentis
1791 1456 1882 1512 de-

294 1556 457 1617 tenti,
508 1563 664 1623 prout
710 1570 1143 1625 unumquemque
1185 1566 1314 1607 suus
1370 1551 1596 1605 allectus
1642 1549 1879 1619 regebat.

294 1645 520 1700 Joannis
543 1653 717 1700 tamen
742 1647 1036 1717 presbyteri
1065 1643 1158 1714 qui
1198 1644 1291 1696 Dei
1320 1643 1568 1696 timorem
1599 1640 1881 1705 habebant,

298 1737 356 1791 in
390 1738 598 1807 publico
627 1739 841 1793 lavacro
863 1736 1006 1808 quod
1033 1734 1445 1790 Constantianos
1471 1741 1665 1788 vocant
1689 1748 1885 1787 convo-

296 1830 437 1882 catis
466 1829 695 1899 pepulis,
721 1828 932 1897 vigilias
953 1824 1214 1896 agebant;
1245 1824 1332 1878 alii
1360 1823 1664 1893 Scripturas
1683 1822 1886 1877 divinas

296 1920 562 1990 legentes,
593 1921 682 1975 alii
732 1918 1151 1974 catechumenos
1178 1918 1529 1987 baptizantcs,
1563 1923 1623 1971 ut
1664 1930 1761 1985 par
1782 1924 1885 1980 est,

300 2022 528 2082 propter
550 2012 775 2067 Pascha.
802 2010 928 2064 llaec
958 2008 1144 2064 eadem
1173 2024 1351 2079 pravzn
1373 2008 1569 2063 mentis
1597 2018 1756 2078 atque
1785 2008 1886 2061 itu-

300 2111 551 2169 postores
565 2100 877 2163 Antiochus,
900 2099 1227 2154 Severianus
1246 2108 1299 2154 et
1312 2100 1536 2154 Aeacius
1557 2099 1622 2153 ad
1638 2108 1887 2169 patronos

301 2191 564 2259 referunt,
590 2202 841 2263 rogantes
858 2201 914 2246 ut
946 2190 1125 2260 populi
1153 2189 1221 2243 ab
1246 2191 1362 2260 ejus
1388 2191 1489 2245 loci
1506 2201 1772 2245 conventu
1802 2206 1887 2243 ar-

299 2296 572 2340 cerentur.
604 2286 802 2340 Renuit
832 2286 877 2339 is
903 2284 995 2354 qui
1023 2293 1150 2337 tunc
1192 2284 1445 2352 magister
1470 2290 1619 2349 erat,
1657 2283 1841 2336 dicens
1872 2300 1885 2336 :

301 2377 424 2432 Nox
450 2388 553 2440 est,
580 2388 739 2446 atque
765 2378 952 2447 ingens
976 2386 1058 2432 est
1085 2374 1367 2429 multitudo
1399 2393 1411 2428 :
1443 2390 1510 2430 ne
1535 2374 1661 2444 quid
1690 2386 1890 2429 temere

302 2468 417 2521 tiat.
440 2467 734 2536 Respondit
757 2468 983 2523 Aeacius
1010 2485 1022 2520 :
1051 2465 1221 2521 Nemo
1245 2466 1297 2519 in
1323 2464 1561 2520 ecclesiis
1592 2465 1807 2530 mansit,
1839 2473 1893 2518 ct

301 2557 560 2612 timemus
585 2574 650 2612 ne
677 2557 812 2613 forte
848 2558 1149 2628 Imperator
1175 2556 1460 2611 ecclesiam
1500 2556 1789 2624 ingressus,
1836 2564 1893 2609 et

300 2649 576 2703 nemiuem
607 2649 902 2713 inveniens,
925 2649 1125 2704 sentiat
1150 2647 1327 2717 populi
1352 2662 1480 2717 erga
1509 2646 1769 2702 Joannem
1802 2646 1894 2703 bc-

301 2740 663 2795 nevoleutiam
689 2782 705 2807 ,
735 2756 940 2811 nosque
965 2749 1023 2795 ut
1051 2740 1259 2796 invidos
1288 2739 1629 2805 condemnet,
1664 2754 1894 2809 preser-

302 2833 402 2885 tim
429 2848 549 2886 cunt
580 2833 676 2902 ipsi
701 2833 1011 2897 dixerimus,
1064 2832 1332 2887 neminem
1376 2832 1594 2886 omnino
1620 2845 1759 2891 esse.
1791 2830 1882 2900 qui

298 2924 533 2979 libenter
551 2924 739 2979 Joauui
758 2925 1028 2979 adhazrcat
1048 2934 1227 2994 utpote
1248 2923 1448 2979 homini
1468 2922 1651 2978 infido.
1678 2923 1749 2977 Ita
1772 2938 1887 2976 ma-

298 3017 470 3084 gister
487 3018 565 3072 eis
589 3028 914 3073 contestatus
939 3034 1056 3087 qua:
1083 3027 1338 3073 eventura
1378 3027 1550 3081 erant,
1585 3017 1745 3072 tradit
1785 3018 1889 3071 illis

300 3107 527 3161 Lucium
549 3107 829 3177 quemdam
851 3150 867 3173 ,
907 3109 1180 3179 getttilem,
1210 3118 1267 3163 ttt
1292 3108 1564 3163 dicebatur
1582 3149 1598 3174 ,
1627 3118 1888 3163 rectorem

301 3197 519 3251 numeri
545 3199 919 3263 scutariorum,
946 3199 1203 3253 mandans
1225 3209 1283 3253 ut
1302 3200 1578 3254 moderate
1605 3200 1888 3255 ecclesiam

300 3287 578 3356 ingressus
607 3287 861 3358 populum
890 3298 1230 3343 convocaret.
1262 3288 1539 3344 Profectus
1568 3290 1678 3357 ille,
1704 3302 1885 3345 etnon

298 3376 539 3442 auditus,
586 3378 746 3433 rediit
780 3377 849 3432 ad
877 3378 1131 3433 Acacium
1158 3419 1175 3444 ,
1203 3378 1383 3448 populi
1422 3379 1668 3434 ardorem
1700 3389 1755 3434 et
1783 3380 1889 3436 fre-

299 3470 579 3538 quentiam
612 3471 872 3526 indicans.
906 3470 1033 3526 Post
1060 3471 1174 3525 lucc
1204 3470 1351 3525 illum
1377 3472 1685 3541 suppliciter
1710 3482 1884 3539 orant,

298 3561 487 3614 aureis
506 3560 684 3616 verbis
720 3561 1105 3632 deprecantes,
1136 3561 1401 3632 adjunctis
1425 3563 1583 3616 etiam
1612 3564 1889 3632 promissis

300 3651 528 3720 majoris
552 3666 853 3720 processus,
878 3662 934 3706 ut
950 3651 1234 3722 impediret
1259 3653 1469 3707 Domini
1491 3654 1735 3724 gloriam,
1757 3669 1892 3724 prte-

300 3743 567 3810 ripicntes
605 3744 654 3797 ei
685 3752 740 3797 ut
768 3744 854 3799 vel
880 3746 1123 3799 oratione
1156 3759 1437 3814 persuasos
1463 3747 1686 3815 populos
1709 3747 1774 3801 ad
1795 3762 1887 3802 ec-

298 3834 523 3887 clesiam
566 3834 857 3891 adduceret
878 3879 891 3899 ,
921 3837 1003 3891 vel
1037 3838 1086 3890 vi
1121 3837 1362 3892 turbatos
1394 3838 1672 3907 impediret
1711 3854 1779 3894 ne
1806 3839 1885 3894 fe-

296 3933 445 3977 stum
462 3924 812 3980 celebrarent.
839 3926 935 3981 Hic
951 3943 1079 3995 ergo
1099 3929 1274 3983 subito
1294 3930 1579 3998 assumptis
1595 3944 1772 3985 secum
1790 3931 1890 3985 cle-

297 4016 429 4068 ricis
459 4030 524 4067 ex
548 4023 696 4083 parte
712 4017 887 4070 Acacii
910 4058 923 4079 ,
955 4033 1203 4086 egressus
1238 4030 1319 4073 est
1342 4021 1573 4075 secunda
1598 4022 1772 4092 vigilia
1795 4038 1888 4076 no-

297 4108 403 4161 ctis
426 4107 492 4162 ad
520 4108 570 4162 id
593 4118 808 4177 propter
848 4110 987 4180 quod
1017 4111 1213 4165 miSstts
1239 4124 1373 4166 erat.
1404 4114 1535 4168 Nam
1579 4115 1628 4168 in
1658 4131 1769 4180 eos,
1801 4116 1889 4185 qui

302 4198 557 4269 populum
592 4200 646 4252 itt
684 4200 923 4268 partibus
958 4204 1154 4255 nostris
1190 4217 1360 4273 usque
1393 4204 1459 4258 ad
1500 4204 1724 4273 primum
1764 4206 1891 4275 galli

299 4298 517 4342 cantum
546 4288 887 4355 detinebant,
927 4290 1218 4361 derepente
1257 4305 1415 4348 noctu
1446 4296 1701 4364 impetum
1742 4299 1886 4361 fecit,

303 4380 421 4449 ipse
442 4381 644 4435 tirones
666 4381 867 4437 habens
886 4426 899 4448 ,
923 4384 1190 4439 districtos
1205 4385 1407 4454 gladios
1428 4397 1699 4456 gestantes
1722 4389 1890 4445 instar

302 4470 447 4524 Esau
471 4470 923 4541 quadringentos,
965 4474 1177 4545 egregie
1209 4476 1564 4544 impudentes,
1597 4492 1717 4532 cum
1741 4479 1885 4533 indi-

303 4564 454 4618 cibus
479 4562 688 4617 clericis
712 4572 766 4618 et
791 4566 1071 4633 militibus,
1103 4569 1393 4623 insolenter
1414 4577 1467 4624 ut
1507 4570 1691 4640 lupus,
1722 4586 1885 4626 coru-

304 4666 489 4712 scante
518 4656 660 4711 ferro
692 4658 1082 4715 multitudinem
1112 4677 1481 4733 perrumpens.
1508 4663 1757 4717 Penetrat
1798 4678 1884 4717 us-

303 4763 412 4818 que
441 4748 505 4801 ad
536 4756 747 4802 sanctas
771 4763 955 4817 aquas,
975 4758 1032 4804 ut
1051 4753 1358 4820 prohiberet
1383 4770 1475 4810 eos
1491 4758 1578 4826 qui
1607 4756 1887 4811 initiabun-

306 4850 395 4892 tnr
415 4846 747 4893 sacramento
770 4838 1056 4894 Dominicaz
1078 4847 1486 4901 resurrectionis
1516 4866 1530 4902 :
1553 4856 1607 4903 ct
1634 4850 1685 4904 in
1705 4850 1888 4909 diaco-

308 4944 439 4983 num
466 4930 761 5000 procaciter
790 4929 981 4995 illisus,
1010 4932 1250 5000 syutbola
1282 4936 1470 4991 effudit
1495 4957 1507 4992 :
1541 4942 1890 5014 presbyteros

306 5037 439 5077 vero
480 5022 790 5093 grattdrevos
828 5022 1051 5077 fustibus
1093 5024 1144 5077 in
1188 5027 1363 5095 capite
1408 5028 1629 5099 feriens,
1675 5049 1887 5090 sacrum

306 5113 511 5169 fontem
559 5130 752 5170 cruore
799 5115 1113 5184 conspersit.
1155 5115 1305 5170 Tunc
1330 5117 1515 5174 videre
1544 5134 1660 5177 erat
1686 5128 1892 5196 angeli-

306 5219 427 5258 cam
458 5205 599 5258 illam
628 5213 857 5269 noctem,
900 5205 952 5258 itt
980 5220 1082 5274 qua
1111 5205 1269 5258 etiam
1313 5206 1587 5264 daemones
1632 5228 1891 5272 corruunt

310 5298 624 5364 perterriti,
666 5297 719 5351 in
752 5298 1107 5368 labyrinthum
1154 5313 1491 5353 conversam.
1540 5301 1705 5358 Nuda:
1744 5309 1887 5363 enim

313 5387 569 5443 mulieres
590 5403 711 5443 cum
738 5389 869 5444 viris
894 5400 1039 5444 metu
1066 5389 1250 5444 mortis
1271 5398 1359 5442 aut
1385 5391 1726 5461 turpitudinis
1750 5402 1889 5471 turpi

309 5474 451 5544 fuga:
494 5494 554 5534 se
597 5479 816 5544 dabant,
867 5481 1177 5536 indecorum
1230 5495 1441 5535 cursum
1496 5482 1888 5550 praeferentes:

307 5564 447 5618 alius
473 5583 632 5623 manu
654 5572 962 5627 vulneratus
983 5572 1163 5627 abibat
1189 5573 1401 5643 plorans
1424 5588 1436 5625 :
1470 5573 1606 5629 alius
1625 5576 1887 5646 virginem

311 5653 559 5711 trahebat
599 5662 889 5718 conscissis
931 5664 1201 5730 vestibus;
1238 5679 1423 5720 omnes
1459 5675 1637 5720 autem
1676 5668 1884 5738 deprae-

310 5743 503 5799 dantes
542 5762 694 5803 sacra
738 5768 885 5818 vasa,
929 5754 1031 5810 sibi
1072 5756 1367 5825 rapiebant.
1394 5756 1483 5811 Sic
1504 5757 1801 5829 presbyteri
1832 5772 1891 5817 et

312 5835 523 5891 diaconi
553 5838 642 5905 qui
668 5846 811 5911 capti
834 5854 991 5901 erant
1011 5886 1028 5913 ,
1058 5847 1111 5901 in
1136 5862 1407 5905 carcerem
1427 5849 1846 5908 detrudebantur
1872 5872 1887 5907 :

314 5928 405 5999 qni
433 5935 610 5986 autem
638 5928 690 5981 in
724 5936 919 6001 populo
958 5947 1112 5993 erant
1137 5943 1383 5995 honorati
1406 5984 1421 6006 ,
1450 5942 1579 5999 urbe
1604 5943 1743 6014 regia
1779 5946 1893 6012 pcl-

314 6021 577 6078 leuantur.
623 6018 823 6077 Deinde
865 6025 1038 6081 edicta
1079 6030 1182 6085 alia
1207 6045 1369 6101 super
1407 6034 1507 6088 alia
1538 6049 1634 6105 per
1660 6036 1889 6105 compita

1986 726 2436 796 proponebantur,
2490 727 2664 784 varias
2705 729 2876 784 minas
2912 731 3263 797 continentia,
3318 735 3417 791 nisi
3445 739 3570 809 quis

1983 833 2105 873 cum
2136 819 2343 876 Joanne
2368 822 2799 877 communionem
2829 822 3136 894 abnegaret.
3168 824 3299 879 Cum
3321 826 3432 883 haec
3458 846 3572 883 ma-

1984 911 2127 966 xime
2157 910 2385 979 tierent,
2414 922 2468 967 et
2493 913 2645 983 plura
2676 914 2741 968 iis
2769 914 2859 985 qtti
2900 914 3214 971 dicebantur
3251 918 3485 990 episcopi
3517 921 3570 975 in

1985 1003 2201 1072 publico
2226 1003 2543 1060 molirentur
2570 1023 2583 1059 :
2612 1016 2910 1061 conventus
2946 1015 3123 1063 tamen
3136 1025 3318 1065 eorum
3345 1012 3434 1082 qui
3466 1010 3568 1066 do-

1983 1106 2187 1151 ctorem
2212 1110 2365 1151 suum
2395 1106 2488 1152 aut
2518 1100 2691 1168 petius
2719 1100 2811 1171 qui
2840 1100 3007 1156 Deum
3040 1102 3308 1172 amabant,
3340 1122 3443 1161 non
3471 1106 3573 1161 mi-

1984 1189 2288 1253 nuebatur;
2317 1188 2411 1243 sed
2442 1199 2499 1244 ut
2522 1190 2576 1244 in
2608 1190 2793 1246 Exodo
2819 1194 3028 1264 legitur,
3059 1205 3258 1266 quanto
3280 1199 3447 1268 magis
3472 1215 3569 1254 oc-

1986 1276 2259 1337 cidebant,
2289 1286 2439 1333 tanto
2464 1279 2647 1349 plures
2676 1280 2894 1336 ﬁebant.
2924 1283 3018 1339 Die
3048 1287 3295 1356 sequenti
3324 1302 3571 1357 egressus

1986 1367 2289 1438 Imperator
2334 1379 2391 1423 ut
2432 1386 2552 1426 sese
2576 1382 2853 1427 exerceret
2898 1374 2951 1428 in
2994 1375 3167 1430 vicino
3197 1393 3410 1450 campo,
3443 1380 3576 1435 vidit

1987 1475 2173 1531 agrum
2216 1462 2357 1517 circa
2387 1462 2665 1534 Pcmptnm
2694 1480 2788 1518 seu
2815 1464 3069 1532 Quintum
3100 1482 3203 1521 non
3231 1472 3493 1525 consitum
3519 1482 3576 1526 et

1987 1550 2325 1616 candentem,
2372 1560 2429 1607 et
2474 1552 2804 1624 stupefactus
2860 1556 3117 1626 adspectu
3167 1558 3363 1614 coloris
3404 1577 3575 1631 nuper

1989 1640 2372 1710 baptizatorum
2408 1640 2583 1715 (erant
2603 1645 2748 1699 enim
2774 1646 2839 1700 ad
2865 1648 2966 1701 tria
2992 1648 3159 1704 ferme
3180 1650 3390 1722 millia),
3423 1652 3576 1708 satel‘

1992 1729 2111 1784 lites
2153 1739 2323 1800 rogat,
2368 1733 2583 1801 quinam
2612 1744 2756 1788 esset
2801 1736 2874 1789 illi
2898 1750 3341 1808 congregatorum
3378 1755 3573 1800 cetus.

1994 1819 2074 1872 Illi
2104 1828 2283 1873 autem
2314 1822 2543 1888 mentiti,
2572 1823 2759 1878 dicunt
2791 1825 3163 1884 haereticorum
3192 1847 3331 1897 esse,
3362 1844 3419 1888 ut
3443 1837 3577 1892 iram

1995 1910 2342 1981 Imperatoris
2362 1914 2676 1971 excitarent.
2722 1917 2801 1973 Be
2824 1924 3058 1990 cognita,
3090 1924 3270 1979 statim
3312 1925 3468 1994 hujus
3498 1930 3575 1984 rei

1995 2004 2291 2060 ministriet
2324 2005 2534 2061 invidia:
2563 2011 2802 2077 patroni,
2826 2014 3120 2070 atrociores
3148 2031 3179 2071 e
3206 2020 3525 2088 sequacibus
3550 2037 3579 2076 a

1993 2104 2146 2165 tergo
2158 2099 2519 2166 summittunt,
2536 2100 2883 2169 adauditores
2899 2104 3580 2175 dissipandos,etdoctorcs

1991 2188 2530 2257 comprehcndendos
2561 2209 2576 2247 :
2605 2192 2693 2262 qtti
2737 2194 2861 2248 illuc
2898 2196 3144 2264 profecti,
3176 2199 3353 2255 denuo
3382 2217 3583 2272 paucos

1992 2296 2023 2335 ε
2046 2281 2277 2349 clericis,
2312 2282 2493 2352 plures
2521 2300 2652 2339 vero
2678 2301 2710 2341 e
2732 2287 2881 2342 laicis
2902 2289 3224 2359 corripiunt.
3253 2293 3387 2349 Tum
3409 2296 3586 2351 Theo-

1993 2372 2155 2427 dorus
2182 2375 2257 2428 ait
2282 2393 2293 2428 :
2328 2375 2372 2431 0
2400 2377 2711 2434 beatissime
2737 2380 2906 2449 Pater,
2939 2397 3062 2436 cum
3091 2394 3196 2439 tam
3225 2388 3377 2442 tnttlti
3401 2400 3585 2445 essent

1996 2472 2054 2518 ut
2076 2465 2471 2537 neophytorum
2517 2485 2773 2525 numerus
2809 2473 2875 2527 ad
2900 2476 3000 2530 tria
3036 2478 3197 2532 millia
3224 2481 3539 2548 procederet
3568 2501 3582 2536 :

1995 2555 2335 2625 quomodoin
2360 2568 2677 2627 potestatem
2720 2577 3007 2630 paucorum
3037 2568 3263 2623 militum
3292 2570 3579 2638 devenere,

1997 2660 2184 2702 eorum
2199 2658 2339 2704 coetu
2352 2649 2610 2720 disjecto?
2625 2652 2799 2709 Ense.
2818 2654 2949 2711 illud
2968 2673 3140 2729 neque
3158 2662 3437 2729 paucitatis
3453 2663 3591 2719 indi-

2001 2739 2166 2805 cium,
2201 2755 2375 2811 neque
2412 2742 2510 2796 zeli
2540 2743 2739 2800 nullius
2764 2758 3160 2817 argumentum,
3187 2752 3283 2806 sed
3313 2753 3585 2825 religionis

1995 2832 2324 2899 praestantia,
2358 2844 2410 2887 et
2455 2848 2598 2889 curm
2626 2835 2908 2893 doctorum
2937 2839 3346 2909 demonstratio,
3373 2847 3463 2917 qui
3492 2862 3586 2903 as-

1992 2921 2143 2979 sidue
2171 2925 2422 2993 pacificas
2452 2937 2661 2984 mentes
2690 2930 3011 3002 dirigebant.
3046 2934 3360 2993 Theodorus
3403 2948 3582 2995 autem

1990 3015 2064 3067 ait
2094 3031 2107 3066 :
2135 3014 2347 3085 Optime
2371 3016 2505 3072 dicis
2552 3037 2566 3073 :
2609 3036 2782 3090 neque
2810 3025 2952 3077 enim
2996 3025 3221 3081 decebat
3261 3038 3321 3082 ut
3346 3030 3432 3099 qui
3461 3046 3588 3100 pru-

1992 3105 2228 3160 dentiam
2276 3117 2331 3163 et
2374 3112 2841 3168 mansuetudinem
2880 3132 2910 3168 a
2956 3115 3114 3171 beato
3156 3116 3362 3175 Joanne
3389 3122 3587 3177 edoce-

1994 3197 2207 3261 bantur,
2250 3199 2567 3268 insipienter
2609 3215 2772 3274 atque
2798 3207 3143 3264 tumultuarie
3193 3209 3364 3281 ipsum
3404 3211 3589 3268 defen-

1994 3289 2184 3345 derent
2207 3300 2262 3346 et
2290 3293 2640 3351 vindicarent.

2063 3383 2250 3439 CAPUT
2288 3402 2342 3439 κ.
2369 3416 2440 3429 -
2482 3387 2659 3445 Ειηεε.
2706 3390 2839 3446 Cum
2891 3392 3005 3448 lucc
3050 3395 3141 3449 tibi
3191 3397 3467 3465 placeant,
3518 3414 3588 3454 ne

1992 3491 2297 3533 sermonem
2341 3496 2525 3551 quaeso
2562 3482 2918 3555 iuterrumpe,
2972 3503 3129 3557 quem
3171 3490 3398 3558 pessima
3449 3490 3583 3547 facta

1991 3580 2320 3638 pepererunt
2348 3589 2361 3627 :
2391 3573 2728 3629 solenteuim
2758 3587 2814 3630 nt
2846 3578 3127 3647 plurimum
3153 3596 3183 3635 a
3209 3579 3360 3637 factis
3378 3599 3586 3640 sermo-

1994 3676 2090 3715 nes
2119 3662 2284 3733 gigni.
2319 3664 2456 3721 Cum
2483 3667 2694 3723 clericis
2731 3671 2888 3741 igitur
2916 3682 2971 3728 et
3000 3674 3147 3730 laicis
3176 3676 3402 3733 detentis
3437 3694 3586 3735 com—

1993 3753 2276 3822 prchcnsa:
2320 3768 2447 3812 sunt
2491 3761 2730 3815 virorum
2768 3764 3028 3819 nobilium
3070 3768 3343 3839 conjngcs.
3376 3771 3509 3827 Sunt
3533 3782 3588 3828 ct

1994 3845 2189 3912 quibus
2214 3848 2351 3917 rapti
2395 3849 2686 3917 mafortes,
2719 3853 2839 3908 aliis
2869 3854 3087 3911 inaures
3124 3874 3245 3913 cum
3298 3862 3399 3915 ima
3438 3874 3586 3931 parte

1990 3936 2197 3991 aurium
2233 3938 2392 3993 simul
2421 3939 2701 3997 detraxere
2729 3960 2741 3993 :
2773 3943 2909 3999 adeo
2947 3956 3005 4000 ut
3031 3963 3151 4003 cum
3180 3951 3385 4009 videret
3427 3954 3586 4010 Eleu-

1995 4026 2130 4083 theri
2156 4028 2434 4098 cujusdam
2463 4048 2598 4087 uxor
2636 4034 3038 4104 opulentissima
3060 4081 3072 4103 ,
3104 4041 3291 4096 relicto
3318 4044 3539 4101 maforte
3561 4089 3578 4110 ,

1994 4125 2048 4170 et
2075 4126 2224 4174 veste
2254 4120 2489 4175 ancillari
2512 4132 2784 4195 assumpta
2804 4168 2820 4193 ,
2846 4142 3003 4183 cursu
3031 4130 3303 4187 civitatem
3335 4136 3581 4205 petierit,

1996 4220 2053 4262 ut
2082 4209 2388 4279 pudicitiam
2421 4229 2572 4269 suam
2598 4229 2859 4273 servaret.
2895 4219 3022 4275 Erat
3051 4223 3192 4277 enim
3224 4226 3463 4293 profecto
3485 4229 3582 4285 de-

1993 4314 2118 4355 cora
2168 4303 2347 4372 specie
2384 4315 2570 4360 ornata
2610 4317 2667 4362 et
2706 4309 2936 4379 eleganti
2976 4311 3164 4368 fornta.
3194 4315 3346 4373 Hunc
3371 4334 3499 4390 ergo
3530 4321 3581 4376 itt

1992 4391 2207 4446 modum
2242 4394 2442 4464 impleti
2474 4398 2741 4453 variorum
2772 4404 3173 4473 magistratuum
3196 4422 3438 4466 carceres
3465 4428 3582 4467 mtt-

1992 4481 2240 4536 tabantur
2282 4485 2332 4538 in
2377 4486 2633 4541 ecclesias
2662 4506 2675 4541 :
2704 4499 2759 4543 et
2787 4491 2971 4562 hymni
3001 4497 3214 4564 quidem
3244 4509 3402 4569 atque
3427 4502 3580 4556 obla-

1992 4574 2164 4628 tiones
2213 4576 2586 4645 mystcriorunt
2652 4579 2704 4633 itt
2767 4586 3074 4640 carceribus
3127 4591 3574 4660 peragebantur;

1988 4663 2149 4732 ﬂagra
2181 4680 2311 4720 vero
2354 4676 2409 4721 et
2456 4669 2725 4725 cruciatus
2770 4682 2825 4727 et
2869 4674 3144 4732 horribilia
3186 4680 3488 4748 juramenta
3522 4687 3578 4743 in

1989 4754 2232 4810 ecclesiis
2270 4760 2514 4813 certatim
2543 4760 2951 4831 adhibebantur,
2982 4777 3038 4822 ut
3068 4771 3582 4834 anathematizareut

1990 4844 2250 4901 Joannem
2271 4890 2283 4911 ,
2327 4850 2415 4920 qui
2462 4850 2526 4905 ad
2562 4863 2785 4908 mortem
2814 4872 2980 4926 usque
3005 4874 3127 4915 cum
3153 4863 3351 4920 diaboli
3380 4870 3579 4927 malitia

1993 4936 2347 5009 depugnabat.
2394 4942 2587 5007 Quinto
2632 4960 2792 5013 porro
2840 4948 2929 5005 die
2972 4967 3002 5005 a
3049 4952 3196 5009 finita
3227 4957 3575 5029 Pentecoste,

1994 5033 2219 5086 Aeacius
2245 5075 2258 5095 ,
2295 5033 2647 5102 Severianus,
2698 5040 2994 5098 Autiocltus
3023 5056 3183 5115 atque
3221 5050 3449 5120 Cyrinus
3476 5053 3578 5108 lm-

1997 5134 2290 5191 [ιει’;ιιοι·ειιι
2318 5124 2550 5191 adeunt,
2579 5138 2668 5195 et,
2714 5129 2906 5199 Nobis,
2942 5134 3222 5206 inquiunt,
3252 5155 3281 5194 a
3312 5142 3419 5197 Deo
3446 5159 3579 5199 eou-

1995 5218 2209 5272 stitutus
2237 5235 2295 5273 es
2320 5260 2333 5280 ,
2365 5218 2683 5290 Imperator,
2717 5228 2920 5282 nemini
2963 5231 3262 5301 subjectus,
3307 5245 3360 5290 et
3394 5253 3581 5294 omnes

1999 5308 2089 5363 tibi
2114 5308 2352 5365 subditos
2379 5310 2627 5380 habens;
2659 5315 2775 5372 licet
2802 5318 2894 5374 tibi
2924 5322 3063 5391 quod
3093 5323 3241 5380 lubet
3270 5328 3463 5386 facere.
3491 5330 3571 5387 Ne

1997 5399 2070 5452 sis
2097 5399 2425 5472 presbyteris
2466 5405 2669 5471 mitior,
2714 5424 2814 5463 nec
2842 5413 3107 5483 episcopis
3133 5418 3363 5472 sanctior
3392 5437 3404 5474 :
3438 5421 3579 5476 dixi-

1998 5508 2118 5547 mus
2148 5494 2238 5548 tibi
2269 5508 2450 5549 coram
2478 5499 2727 5555 omnibus
2755 5519 2768 5555 :
2819 5503 2876 5557 lu
2906 5517 3060 5574 caput
3088 5516 3324 5563 nostrum
3356 5510 3582 5572 Joannis

1997 5581 2263 5654 depositio
2308 5595 2445 5641 esto.
2473 5588 2551 5645 Ne
2592 5590 2751 5661 igitur
2793 5592 2989 5649 homini
3020 5597 3107 5649 ttui
3135 5608 3190 5653 ut
3232 5615 3456 5671 parcas,
3488 5623 3585 5661 nos

1997 5689 2185 5729 omnes
2216 5676 2397 5746 perde.
2430 5679 2666 5736 Judaicis
2691 5684 2889 5750 verbis,
2922 5684 3150 5743 fortasse
3170 5701 3226 5745 et
3254 5693 3424 5760 factis,
3456 5698 3585 5749 sub—

1997 5766 2119 5819 dolc
2145 5782 2524 5836 persuaserunt
2547 5772 2597 5826 id
2629 5772 2956 5842 Imperatori.
2985 5777 3075 5833 Sic
3098 5779 3393 5852 Imperator
3418 5788 3583 5843 rnisso

1999 5858 2230 5915 Patricio
2253 5864 2480 5927 notario,
2502 5863 2616 5919 ha:c
2636 5865 2824 5920 Joattni
2852 5868 3132 5928 denuntiat
3156 5894 3167 5929 :
3199 5876 3443 5944 Aeacius,
3469 5883 3583 5937 An-

2000 5951 2242 6014 tiochus,
2293 5952 2633 6022 Severianus,
2682 5968 2737 6012 et
2774 5958 3032 6030 Cyrinus,
3079 5967 3576 6028 condemnationem

2003 6051 2144 6097 tuam
2172 6041 2225 6097 i't
2255 6052 2416 6115 caput
2450 6061 2604 6103 suum
2632 6049 2996 6117 coniecerunt.
3029 6057 3191 6121 Igitur
3225 6060 3315 6116 ubi
3347 6080 3435 6121 res
3468 6075 3586 6124 tuan
