4466 6696
868 546 940 603 g;
2118 536 2435 598 I’ALLADIJ
2474 535 2816 599 DI‘ALOGUS
4085 563 4153 618 τῦ

871 666 979 717 υθο
1004 664 1465 720 commendaveris
1484 706 1499 728 ,
1547 662 1803 735 egredere
1827 660 2087 717 Ecclesia.
2122 659 2199 715 lta
2224 659 2455 715 Joannes

867 755 1154 823 episcopus
1180 766 1299 826 post
1336 765 1577 825 apertam
1605 769 1665 811 ac
1694 754 1912 809 minime
1942 752 2310 807 adumbratam
2334 749 2457 816 jus-

866 845 1075 899 sionem
1110 861 1173 900 ex
1199 846 1473 917 episcopio
1502 845 1782 902 discedens
1828 859 1950 899 cum
1998 844 2285 914 episc0pis,
2326 839 2455 894 dicit

866 937 1112 991 omnibus
1145 954 1157 989 :
1190 936 1405 1004 Venite,
1435 953 1671 1000 oremus,
1719 945 1774 990 et
1813 936 2005 1005 angelo
2060 935 2313 990 Ecclesiae
2355 945 2450 984 va-

865 1024 1156 1083 ledicamus
1203 1045 1215 1081 :
1262 1029 1414 1084 fretus
1462 1028 1675 1099 quidem
1719 1026 1791 1082 ob
1849 1042 1936 1082 res
1988 1027 2165 1096 ipsas,
2220 1038 2452 1080 maerens

862 1128 1043 1173 autem
1084 1120 1154 1175 ob
1196 1122 1374 1190 populi
1423 1135 1736 1176 mmrorem.
1786 1120 2037 1177 Protinus
2089 1119 2347 1190 quispiam
2386 1131 2453 1170 ex

866 1210 1127 1278 religiosis
1164 1211 1475 1280 proceribus
1500 1211 1617 1267 haec
1643 1212 1835 1268 Joanni
1864 1212 2127 1283 significat
2155 1230 2167 1265 :
2199 1206 2450 1279 Quando—

863 1302 1076 1371 quidem
1106 1302 1323 1368 Lucius,
1357 1305 1439 1359 vir
1465 1305 1639 1361 audax
1668 1318 1722 1361 et
1745 1306 1879 1361 facie
1904 1306 2205 1375 impudens,
2238 1310 2451 1372 paratus

863 1401 945 1446 est
993 1393 1043 1448 in
1090 1394 1309 1463 publico
1357 1396 1570 1451 lavacro
1612 1411 1733 1450 cum
1779 1395 2035 1449 militibus
2066 1395 2209 1459 suis,
2242 1395 2285 1447 si
2316 1392 2453 1446 forte

856 1484 1198 1540 contradicas
1219 1496 1311 1540 aut
1340 1486 1573 1552 differas,
1605 1485 1687 1539 vel
1720 1484 1941 1539 invitum
1972 1491 2024 1537 te
2052 1483 2265 1537 trahere
2291 1490 2451 1551 atque

858 1575 1150 1645 expellere,
1182 1575 1331 1645 plebs
1353 1584 1529 1628 autem
1567 1574 1799 1629 civitatis
1826 1580 2224 1637 commovetur;
2258 1571 2449 1627 festina

861 1669 996 1723 clam
1020 1667 1232 1735 egredi,
1262 1682 1329 1721 ne
1360 1675 1412 1723 te
1443 1667 1738 1723 defendens
1766 1668 2018 1738 populus,
2044 1681 2167 1722 cum
2194 1664 2451 1719 militibus

858 1772 1087 1827 pugnam
1117 1758 1440 1813 committat.
1474 1759 1624 1814 Tunc
1653 1760 1888 1815 Joannes
1926 1776 2049 1815 cum
2076 1758 2326 1831 lacrymis
2354 1758 2453 1813 ali-

856 1865 991 1919 quos
1031 1865 1096 1905 ex
1144 1852 1415 1921 episcopis
1454 1855 1725 1908 osculatus
1757 1851 2013 1925 (reliquos
2038 1854 2182 1909 enim
2221 1852 2451 1908 osculari

854 1955 965 1996 non
1012 1942 1225 1999 sinebat
1269 1941 1469 2017 dolor),
1514 1944 1633 1999 vale
1679 1945 1813 1999 dixit
1839 1946 2049 2000 caeteris
2077 1945 2131 1999 in
2171 1944 2445 1998 sacrario:

852 2033 1084 2101 Manete,
1116 2037 1382 2106 inquiens,
1414 2036 1502 2091 bic
1527 2036 1738 2092 interim
1762 2077 1778 2103 ,
1806 2046 1864 2091 ut
1890 2035 2156 2106 profectus
2176 2035 2443 2090 modicum

850 2126 1147 2196 quiescam.
1170 2128 1444 2198 Ingressus
1466 2140 1643 2183 autem
1661 2128 2052 2197 baptisterium,
2076 2125 2441 2197 Olympiadem

855 2231 1033 2283 vocat,
1059 2236 1175 2289 qua:
1199 2220 1268 2272 ab
1289 2220 1531 2274 Ecclesia
1560 2235 1664 2273 non
1694 2218 2019 2281 discedebat,
2054 2218 2211 2273 simul
2231 2228 2286 2273 et
2305 2218 2444 2272 Pen-

852 2312 1049 2366 tadiam
1099 2318 1154 2365 et
1197 2311 1440 2367 Proclam
1492 2310 1843 2378 diaconissas,
1896 2319 1954 2365 et
1993 2309 2254 2365 Silvinam
2301 2308 2443 2364 beati

848 2403 1088 2459 Nebridii
1118 2418 1340 2458 uxorem
1358 2443 1374 2467 ,
1408 2418 1530 2474 qum
1555 2402 1864 2458 viduitatem
1899 2416 2052 2457 suam
2080 2401 2360 2456 honestate
2383 2415 2446 2455 ac

850 2495 1111 2551 modestia
1139 2495 1465 2559 decorabat;
1496 2504 1657 2565 atque
1680 2495 1759 2550 eis
1781 2495 1910 2549 dicit
1935 2513 1948 2549 :
1979 2493 2202 2557 Venite,
2236 2510 2268 2548 ο
2302 2492 2441 2559 filiae,

852 2585 1035 2640 audite
1061 2602 1167 2641 me.
1215 2585 1344 2654 Qua:
1382 2585 1450 2639 ad
1482 2601 1568 2640 me
1594 2586 1859 2649 attinent,
1890 2584 2046 2640 finem
2084 2594 2136 2638 ut
2168 2584 2324 2638 video
2354 2584 2448 2637 lia-

851 2675 1017 2731 ἰθείης
1046 2692 1261 2731 cursum
1303 2692 1480 2731 meum
1524 2678 1918 2741 consummavi,
1962 2684 2019 2732 et
2066 2676 2205 2731 forte
2241 2676 2441 2730 vultum

851 2783 1033 2823 meum
1076 2784 1183 2821 non
1227 2768 1460 2837 amplius
1504 2768 1773 2823 videbitis.
1820 2767 1932 2822 lloc
1958 2781 2121 2821 unum
2150 2775 2270 2831 est,
2299 2765 2441 2835 quod

849 2874 980 2930 rogo
1002 2901 1019 2923 ,
1053 2875 1123 2913 ne
1151 2875 1253 2928 qua
1284 2869 1521 2914 vestrum
1546 2875 1575 2911 a
1607 2860 1765 2916 solita
1790 2874 1917 2929 erga
1954 2857 2249 2913 Eeclesiam
2274 2858 2437 2913 bene-

850 2950 1084 3005 volentia
1120 2949 1415 3014 avellatur;
1461 2959 1513 3004 et
1539 2950 1862 3020 quicumque
1892 2948 2161 3004 reluctans
2187 2947 2349 3003 fuerit
2375 2947 2441 3001 ad

850 3041 1245 3096 ordinationem
1269 3040 1529 3096 deductus
1545 3082 1561 3103 ,
1587 3056 1655 3095 ex
1677 3054 1942 3095 consensu
1964 3039 2227 3101 omnium,
2256 3053 2361 3092 non
2391 3036 2445 3092 id

852 3134 1128 3199 ambiens,
1161 3134 1209 3187 ei
1240 3143 1509 3203 tamquam
1532 3132 1727 3187 Joanni
1762 3141 1924 3201 caput
1947 3139 2186 3185 vestrum
2214 3131 2443 3185 submit—

850 3227 946 3279 tite
982 3244 995 3279 :
1034 3240 1142 3279 non
1169 3233 1346 3293 potest
1385 3225 1529 3278 enim
1575 3223 1813 3278 Ecclesia
1841 3238 1961 3278 esse
2004 3223 2123 3278 sine
2167 3223 2442 3292 episcopo.

851 3316 927 3370 Ita
957 3315 1384 3371 misericordiam
1408 3314 1809 3384 consequatnini
1835 3353 1850 3373 .
1899 3324 1952 3367 et
1982 3328 2251 3369 memores
2272 3322 2446 3367 estote

850 3408 955 3463 mei
987 3408 1038 3461 iii
1066 3406 1395 3461 orationibus
1418 3406 1634 3459 vestris.
1680 3404 1788 3459 Illae
1816 3404 2065 3475 lacrymis
2107 3403 2337 3476 perfusa:
2377 3404 2445 3458 ad

846 3499 963 3567 ejus
1011 3498 1175 3567 pedes
1223 3497 1665 3551 advolvebantur.
1707 3495 1858 3550 Tunc
1903 3497 2129 3551 innuens
2157 3496 2370 3551 cuidam
2411 3510 2444 3552 e

848 3590 1168 3644 venerandis
1197 3589 1528 3661 presbyteris
1555 3589 1667 3642 ait:
1698 3587 1851 3643 Tolle
1872 3603 1963 3643 cas
1993 3589 2136 3653 hinc,
2172 3604 2239 3643 ne
2271 3603 2443 3660 papu-

849 3677 958 3736 lum
987 3680 1321 3749 perturbent.
1370 3678 1459 3734 Sic
1504 3679 1660 3749 igitur
1697 3679 1969 3747 paululum
2013 3688 2268 3745 retentae,
2314 3680 2442 3734 visa:

848 3781 975 3825 sunt
1013 3770 1377 3840 acquiescere.
1419 3769 1486 3824 Et
1519 3770 1597 3824 sic
1639 3769 1771 3823 abiit
1796 3770 1847 3824 in
1882 3780 2086 3839 partem
2118 3770 2436 3825 orientalem

850 3863 1165 3936 (nihileuim
1187 3862 1325 3932 apud
1344 3862 1491 3917 illum
1513 3871 1628 3917 erat
1646 3861 2020 3931 occidentale).
2041 3861 2098 3916 ln
2119 3861 2437 3917 occidentali

846 3965 1027 4012 autem
1073 3966 1223 4025 parte
1245 3996 1259 4019 ,
1290 3955 1377 4009 ubi
1404 3962 1488 4009 est
1524 3969 1771 4023 magnum
1800 3954 2055 4008 Ecclesia:
2082 3954 2402 4009 vestibulum
2420 3995 2436 4019 ,

844 4048 1142 4117 jumentum
1186 4048 1271 4102 cui
1297 4045 1505 4102 solebat
1533 4045 1770 4101 Joannes
1816 4045 2088 4107 insidere.
2126 4055 2273 4100 stare
2315 4053 2443 4100 ante

850 4146 1056 4208 portam
1075 4138 1233 4207 jussit
1252 4177 1267 4201 ,
1309 4147 1369 4191 ut
1395 4136 1649 4206 pepulum
1677 4150 1739 4189 ea
1766 4150 1832 4189 ex
1862 4145 2012 4204 parte
2037 4144 2440 4205 exspectantem

848 4230 947 4282 abs
975 4242 1033 4281 se
1056 4227 1372 4281 dimoveret.
1404 4225 1523 4281 Una
1566 4240 1687 4279 cum
1725 4239 1791 4279 eo
1818 4240 2067 4295 egressus
2111 4236 2193 4281 est
2222 4228 2442 4296 angelus

852 4323 1143 4388 Ecclesize,
1187 4321 1530 4378 solitudinem
1579 4321 1833 4377 Ecclesia:
1872 4336 1981 4379 non
2031 4321 2239 4387 ferens,
2281 4336 2438 4391 quam

849 4415 1179 4487 principatus
1205 4429 1432 4483 nequam
1474 4422 1528 4469 et
1559 4422 1846 4483 potestates
1883 4412 2157 4478 fecerant,
2202 4415 2437 4482 speciem

849 4506 1040 4562 theatri
1093 4506 1427 4576 iniquitatum
1486 4505 1823 4561 exhibentes.
1872 4504 2002 4560 Erat
2042 4505 2184 4561 enim
2217 4546 2232 4568 ,
2283 4515 2342 4558 ut
2385 4506 2436 4559 in

851 4597 1082 4664 theatro,
1113 4597 1299 4651 sibilus
1332 4597 1625 4667 impiorum
1665 4594 2064 4664 explodentium
2111 4606 2166 4650 et
2207 4597 2437 4651 irriden-

854 4693 1009 4757 tium,
1038 4690 1346 4748 Judamrum
1376 4705 1440 4745 ac
1468 4689 1746 4759 gentilium
1772 4688 2058 4742 immodice
2083 4688 2434 4744 deridentium

851 4800 916 4840 ac
942 4786 1385 4839 subsannantium
1420 4800 1433 4836 :
1483 4792 1539 4836 nt
1583 4790 1760 4836 autem
1805 4780 1857 4834 in
1903 4794 2118 4834 carcere
2140 4821 2155 4844 ,
2186 4780 2351 4850 plaga:
2385 4790 2439 4836 et

852 4880 905 4933 in
932 4879 1134 4933 viscera
1167 4877 1289 4932 illisi
1311 4876 1578 4931 cruciatus
1606 4891 1635 4928 a
1664 4874 1941 4940 militibus,
1969 4880 2025 4927 et
2043 4872 2277 4925 omnium
2301 4889 2441 4928 men-

852 4971 923 5026 tis
948 4970 1140 5024 virium
1170 4968 1443 5035 distentio,
1474 4982 1596 5023 cum
1624 4967 1695 5021 ob
1720 4966 1958 5019 ablatum
1983 4964 2260 5018 doctorem
2283 5004 2297 5029 ,
2329 4973 2438 5017 tum

850 5062 923 5115 ob
949 5061 1335 5130 blasphemiam
1380 5061 1432 5113 in
1464 5060 1651 5113 Deum.
1698 5057 1799 5114 Ubi
1826 5058 1970 5112 enim
2001 5066 2343 5126 peccatorum
2383 5054 2441 5110 fit

850 5151 1133 5215 remissio,
1176 5149 1247 5203 ibi
1274 5150 1543 5219 sanguinis
1572 5148 1730 5203 ﬁebat
1770 5146 1979 5203 effusio.
2012 5147 2144 5203 Post
2172 5145 2315 5200 illam
2344 5160 2435 5199 au-

853 5255 962 5299 tem
1004 5242 1414 5298 inenarrabilem
1460 5251 1618 5311 atque
1660 5241 2080 5309 inexplicabilem
2119 5239 2437 5314 ealiginem,

854 5339 1068 5393 ﬂamma
1097 5352 1127 5391 e
1155 5336 1328 5390 media
1360 5335 1486 5391 sede
1515 5337 1564 5390 in
1596 5351 1699 5406 qua
1720 5338 2173 5397 solebatJoanues
2201 5342 2398 5397 sedens
2420 5383 2438 5408 ,

854 5433 1016 5488 veluti
1042 5433 1217 5487 medio
1245 5432 1296 5486 in
1326 5447 1550 5502 corpore
1575 5447 1688 5498 cor,
1720 5433 1974 5488 membris
1999 5437 2206 5491 caeteris
2229 5436 2439 5491 Domini

854 5526 1061 5595 eloquia
1106 5526 1438 5594 interpretari
1465 5567 1479 5587 ,
1531 5526 1641 5579 visa
1672 5524 1817 5579 verbi
1862 5525 1953 5579 Dei
1986 5527 2326 5597 interpretem
2354 5543 2440 5583 re-

849 5618 1117 5689 quirebat.
1147 5633 1251 5686 quo
1278 5635 1379 5672 non
1406 5619 1620 5673 invento
1650 5616 1832 5671 sedem
1863 5618 2268 5689 depascebatur,
2301 5629 2356 5674 et
2385 5620 2439 5675 in

850 5713 1017 5767 altum
1056 5710 1404 5766 arborescens
1432 5726 1528 5781 per
1556 5719 1773 5766 catenas
1798 5711 1863 5765 ad
1904 5723 2077 5767 tecum
2115 5728 2283 5782 usque
2324 5727 2438 5766 ser-

850 5806 974 5874 psit,
1006 5815 1165 5877 atque
1186 5803 1384 5873 vipera:
1405 5804 1571 5859 instar
1602 5814 1789 5860 ventre
1816 5820 1978 5859 exeso
1997 5848 2013 5873 ,
2044 5807 2108 5859 ad
2140 5805 2434 5874 posteriora

851 5898 1057 5954 aedificii
1083 5896 1321 5953 ecclesia:
1352 5895 1636 5962 ferebatur,
1682 5898 1793 5953 Deo
1824 5898 2127 5954 mercedem
2167 5896 2436 5966 injustitize

853 5992 1010 6046 veluti
1050 5990 1322 6047 definitam
1368 5990 1435 6047 ad
1481 5990 1531 6045 id
1578 6006 1791 6061 pcenam
1822 5992 2077 6048 reddente
2102 6035 2117 6061 ,
2150 5992 2212 6046 ad
2245 6006 2431 6047 corre-

2564 658 2801 726 ptionem
2836 671 2891 717 et
2934 662 3353 722 admonitionem
3394 681 3578 723 eorum
3602 669 3690 738 qui
3731 670 3974 728 nesciunt
4022 682 4154 732 resi-

2560 750 2768 817 piscere
2797 755 2898 809 nisi
2921 754 3175 827 adspectu
3198 761 3461 815 malorttm
3483 760 3733 815 divinitus
3754 761 4151 822 immissorum:

2560 854 2666 895 non
2696 843 2871 899 solum
2900 859 3083 904 autem
3111 865 3230 906 eam
3258 852 3331 907 ob
3356 868 3597 921 causam,
3628 853 3720 910 sed
3761 861 3819 908 ut
3846 854 3972 908 ferae
4009 857 4153 915 illius

2556 932 2757 1004 Synodi
2788 951 3195 997 monumentum
3237 944 3585 1017 relinqueret.
3634 947 3741 1003 Nec
3770 946 3821 1002 id
3852 946 4044 1002 mirum
4083 950 4153 1005 de

2558 1026 2822 1092 ecclesia,
2867 1043 2989 1082 cum
3040 1032 3299 1090 Senatum
3346 1037 3437 1106 qui
3490 1037 3631 1107 apud
3672 1048 3885 1094 exteros
3928 1036 4148 1103 dicitur,

2558 1119 2738 1174 multis
2766 1119 3014 1190 passibus
3040 1123 3284 1181 dissitum
3315 1143 3381 1184 ex
3405 1129 3633 1186 adverso
3660 1133 3899 1189 ecclesia:
3942 1131 4008 1187 ad
4037 1147 4150 1187 me-

2558 1211 2948 1283 ridiem,ignis
2996 1214 3088 1269 ille
3138 1217 3474 1288 interjectam
3527 1225 3703 1295 populi
3754 1226 4148 1283 multitudinem

2557 1302 2731 1369 pontis
2754 1303 2921 1358 instar
2944 1306 3218 1374 sapienter
3240 1318 3673 1382 praetergressus,
3699 1320 4145 1386 pessumdederit,

2556 1408 2664 1447 non
2694 1393 2840 1463 prius
2860 1405 3063 1465 partem
3093 1398 3336 1454 ecclesia:
3360 1403 3613 1470 vicinam,
3647 1423 3714 1461 ne
3737 1408 3990 1466 damnum
4018 1412 4147 1467 illud

2556 1484 2812 1540 vicinitati
2838 1486 3305 1557 adscriberemus;
3330 1491 3423 1547 sed
3445 1504 3651 1562 partem
3680 1500 3877 1567 palatio
3906 1502 4147 1574 Impera-

2558 1585 2734 1632 torum
2762 1580 3110 1649 proximam,
3153 1592 3212 1638 ut
3250 1585 3328 1640 rei
3374 1586 3686 1644 miraculum
3731 1595 4006 1663 sapienter
4035 1598 4087 1652 id
4115 1615 4147 1654 a

2560 1667 2674 1724 Deo
2719 1669 2916 1725 factum
2956 1688 3076 1727 esse
3122 1675 3392 1741 probaret.
3439 1677 3632 1735 Videre
3670 1681 3814 1737 enim
3852 1695 3969 1740 erat
4006 1689 4148 1743 inter

2555 1760 2692 1816 duos
2719 1762 2901 1832 igneos
2931 1774 3141 1818 montes
3163 1806 3178 1829 ,
3211 1766 3410 1824 illaesos
3451 1770 3674 1841 populos
3702 1773 3769 1828 ad
3798 1790 3894 1831 sua
3931 1781 4144 1849 negotia

2554 1865 2937 1911 commeantes.
2972 1856 3027 1911 In
3064 1855 3205 1912 hunc
3240 1858 3400 1929 igitur
3438 1863 3655 1919 modum
3685 1866 3820 1937 ignis
3843 1869 4144 1927 circumvo-

2558 1943 2672 1998 lans
2700 1955 2755 2000 et
2785 1946 2989 2002 undans
3019 1958 3268 2018 tanquam
3311 1967 3459 2009 mare
3496 1956 3731 2012 violento
3771 1973 3953 2017 austro
3972 1964 4144 2032 jacta-

2553 2042 2684 2097 tum,
2716 2035 2877 2090 veluti
2904 2038 3056 2108 signo
3083 2039 3215 2094 dato
3250 2043 3599 2112 progrediens
3622 2088 3639 2112 ,
3678 2048 3879 2105 vicinas
3906 2054 4143 2108 circum-

2549 2140 2757 2195 quaque
2778 2127 2925 2183 :edes
2943 2129 3076 2185 citra
3095 2130 3381 2188 discrimen
3403 2136 3680 2205 corripuit,
3700 2148 3754 2193 et
3775 2141 3872 2194 soli
3899 2144 4143 2199 aedicula:

2551 2214 2603 2269 in
2632 2232 2733 2286 qua
2764 2232 3041 2275 sacrorum
3074 2237 3321 2279 vasorum
3350 2226 3585 2296 reposita
3612 2239 3727 2284 erat
3750 2233 3924 2301 copia,
3958 2250 4141 2305 peper-

2551 2308 2627 2362 cit
2656 2326 2669 2360 :
2714 2325 2904 2366 aurum
2934 2327 3039 2368 non
3086 2316 3346 2370 reveritus
3380 2330 3474 2372 aut
3510 2319 3769 2391 reliquam
3809 2325 4013 2394 argenti
4044 2341 4140 2381 su-

2553 2400 2875 2469 pellectilem
2896 2445 2911 2469 ,
2945 2405 3041 2460 sed
3068 2416 3127 2461 ut
3156 2422 3223 2463 ne
3243 2407 3417 2463 locum
3461 2412 3754 2467 mentiendi
3792 2414 4143 2473 calumniato-

2554 2494 2702 2549 ribus
2728 2494 2882 2551 daret
2909 2496 3163 2553 adversus
3187 2499 3390 2569 justum
3410 2542 3427 2566 ,
3458 2503 3610 2572 quasi
3641 2504 3755 2575 ipse
3785 2506 4140 2572 pulcherrima

2552 2586 2798 2655 quiedam
2823 2589 2924 2644 sibi
2946 2589 3290 2646 vindicasset.
3323 2592 3398 2647 Ita
3424 2595 3559 2662 ignis
3591 2596 3817 2665 agitatus
3847 2606 4139 2653 retrorsum

2551 2690 2612 2731 se
2639 2675 2970 2744 reﬂectebat,
2996 2682 3392 2751 perverstigans
3416 2683 3673 2739 invidiam
3701 2701 3885 2741 eorum
3909 2691 3998 2759 qui
4022 2690 4139 2745 bare

2551 2777 2926 2838 perpetrarant
2950 2769 3018 2824 ad
3045 2772 3419 2827 revincendam
3448 2773 3728 2845 Theophili
3757 2779 4047 2845 insaniam,
4081 2783 4137 2837 in

2549 2875 2616 2916 eo
2644 2860 2785 2931 quod
2819 2860 2892 2916 ob
2918 2877 3073 2917 sacra
3099 2878 3220 2917 vasa
3260 2862 3522 2920 Joannem
3551 2867 3775 2936 ejecisse
3815 2884 3875 2924 se
3911 2874 4139 2926 commi-

2552 2952 2797 3008 niseitur.
2844 2954 2922 3008 Ac
2965 2954 3164 3011 nullius
3209 2955 3424 3025 quidem
3465 2958 3641 3014 anima
3671 2961 3832 3029 periit
3863 2962 3913 3017 in
3952 2964 4040 3017 tali
4072 2980 4137 3020 ac

2558 3054 2705 3098 tanto
2722 3044 2969 3110 tumultu,
2996 3060 3100 3100 non
3119 3045 3373 3113 hominis,
3396 3064 3503 3103 non
3525 3050 3808 3106 animantis
3840 3070 3853 3105 :
3877 3062 4135 3109 cteterum

2555 3134 2742 3191 sordes
2771 3135 2841 3192 ibi
2870 3136 3098 3192 sceleste
3117 3140 3546 3195 conversantium
3573 3142 3707 3209 ignis
3735 3143 3927 3199 virtute
3946 3144 4136 3201 ablue-

2555 3225 2751 3281 bantur
2776 3227 2844 3282 ab
2873 3226 3001 3283 hora
3034 3237 3182 3283 sexta
3208 3229 3275 3283 ad
3301 3244 3495 3284 nonam
3517 3272 3534 3297 ,
3563 3232 3731 3287 tribus
3759 3233 3962 3289 diurnis
3989 3236 4136 3293 horis

2555 3317 2845 3373 multorum
2870 3334 3133 3374 annorum
3157 3335 3321 3389 opere
3346 3321 3545 3376 deleto.

2624 3409 2753 3464 CAP.
2797 3426 2963 3465 n.—
2993 3411 3142 3467 Duc.
3185 3412 3250 3467 Et
3277 3413 3388 3467 hinc
3413 3413 3539 3468 dum
3586 3415 3795 3484 ﬁerent,
3833 3413 4012 3484 Pater,
4043 3420 4136 3477 ubi

2556 3503 2768 3558 tandem
2822 3514 2938 3559 erat
2981 3504 3166 3560 beatus
3210 3505 3444 3561 Joannes
3488 3516 3579 3562 aut
3626 3510 3814 3579 reliqui
3860 3512 4134 3583 episcopi?

2554 3593 2731 3651 Ense.
2756 3594 3004 3666 Episcopi
3026 3597 3241 3666 quidem
3270 3598 3479 3668 reliqui,
3502 3599 3591 3653 alii
3618 3600 3807 3655 inclusi
3826 3602 4139 3658 detineban-

2553 3698 2656 3754 tur,
2686 3688 2777 3742 alii
2825 3688 3193 3755 trahebantur,
3237 3690 3329 3745 alii
3367 3700 3546 3747 autem
3586 3693 3929 3748 delituerunt.
3969 3695 4137 3750 Porro

2546 3778 2782 3835 Joannes
2830 3792 2935 3833 una
2982 3794 3106 3834 cum
3145 3779 3372 3851 Cyriaco
3400 3790 3457 3835 et
3488 3781 3700 3853 Eulysio
3724 3782 3930 3839 vinctus
3964 3784 4016 3838 in
4046 3785 4135 3839 Bi-

2548 3869 2732 3939 thynia
2775 3868 3111 3925 detinebatur
3151 3884 3182 3923 a
3227 3869 3460 3939 pra-fecti
3491 3872 3767 3937 militibus,
3814 3874 4132 3944 supplicium

2549 3961 2916 4015 minitantibus
2939 3961 3009 4015 ob
3038 3961 3340 4016 incendium
3366 3963 3627 4017 ecclesiae.
3661 3963 3851 4018 Postea
3880 3966 4135 4034 Cyriacus

2550 4060 2607 4107 et
2634 4051 2883 4121 Eulysius
2908 4067 3029 4107 eum
3054 4053 3272 4122 reliquis
3292 4054 3500 4109 clericis
3528 4055 3688 4109 vincti
3718 4055 3948 4120 adducti,
3974 4065 4135 4125 atque

2552 4142 2864 4196 innocentes
2889 4143 3232 4212 pronuntiati,
3277 4143 3485 4198 dimissi
3509 4154 3651 4198 sunt.
3692 4146 3917 4200 Sanctus
3954 4156 4132 4200 autem

2550 4236 2803 4299 Joannes,
2822 4236 2888 4290 ad
2916 4237 3172 4306 reliquam
3205 4235 3450 4290 fiduciam
3475 4253 3577 4306 qua
3605 4252 3816 4307 semper
3834 4248 3987 4292 antea
4006 4255 4134 4293 usus

2549 4329 2742 4393 fuerat,
2768 4328 2905 4383 hanc
2934 4343 3145 4397 quoque
3177 4328 3412 4381 ultimam
3430 4326 3644 4395 adjecit,
3669 4328 3907 4383 scribens
3925 4330 4003 4384 eis
4020 4330 4135 4383 lt:th

2549 4420 2745 4475 verba:
2777 4420 2890 4474 Etsi
2921 4422 2975 4475 in
3003 4418 3121 4473 aliis
3163 4433 3268 4472 uon
3311 4416 3533 4471 dedistis
3578 4417 3706 4471 mihi
3737 4418 3906 4473 locum
3948 4418 4135 4475 defen-

2548 4513 2736 4578 sionis,
2785 4512 2972 4567 saltem
3022 4510 3073 4563 in
3121 4508 3280 4563 rebus
3309 4509 3549 4564 ecclesia:
3590 4509 3795 4575 audiar,
3838 4525 3905 4564 an
3947 4522 4135 4566 auctir

2546 4604 2669 4670 sim,
2702 4613 2761 4658 ttt
2784 4604 2981 4663 dicitis,
3012 4600 3127 4671 ejus
3150 4599 3399 4655 incendii.
3430 4600 3503 4655 lta
3530 4616 3599 4656 ne
3625 4601 3676 4655 in
3704 4615 3772 4655 eo
3798 4602 4008 4671 quidem
4037 4618 4135 4655 au-

2547 4695 2712 4760 ditus,
2744 4703 2905 4749 noctu
2931 4692 3128 4761 diuque
3153 4708 3251 4762 per
3280 4691 3474 4746 milites
3499 4692 3709 4747 ducitur
3752 4692 3802 4746 in
3829 4691 4118 4746 desertissi-

2548 4804 2696 4844 mum
2726 4786 2997 4841 Armeniae
3022 4784 3348 4854 oppidulum,
3371 4783 3612 4839 Cucusus
3643 4782 3693 4838 id
3722 4791 3824 4847 est,
3849 4782 3916 4836 ab
3938 4782 4134 4837 lsauris

2547 4881 2823 4943 obessum,
2879 4886 2938 4933 ut
2990 4877 3365 4932 trucidaretur.
3421 4878 3675 4931 Arsaeius
3719 4883 3918 4939 autem,
3970 4871 4127 4928 frater

2551 4972 2693 5027 beati
2722 4970 2974 5033 Nectarii,
3007 4969 3323 5025 substitutus
3354 4975 3438 5023 est
3465 4968 3515 5022 in
3555 4967 3730 5021 locum
3750 4962 3991 5025 Joannis,
4021 4978 4123 5017 ma-

2548 5063 2637 5132 gni
2665 5077 2936 5117 sacrorum
2965 5059 3290 5128 interpretis,
3321 5058 3482 5114 homo
3506 5058 3652 5128 pisce
3676 5056 3842 5124 magis
3862 5063 4059 5115 mutus,
4081 5064 4133 5109 et

2550 5169 2680 5207 rana
2730 5155 2891 5209 rebus
2936 5153 3158 5223 agendis
3188 5152 3361 5207 minus
3392 5152 3634 5207 idoneus.
3662 5146 3962 5216 Aliquando
3991 5147 4132 5201 enim

2551 5255 2606 5299 et
2644 5246 2784 5299 actio
2830 5246 2943 5313 ipsa
2991 5244 3243 5313 loquitur,
3290 5257 3411 5298 cum
3456 5240 3703 5310 suiipsius
3742 5251 3901 5291 causa
3933 5236 4130 5289 bonum

2551 5352 2685 5405 opus
2714 5334 2907 5390 factum
2934 5334 3111 5390 fuerit.
3146 5334 3237 5389 Ille
3267 5350 3387 5389 cum
3413 5334 3480 5389 ad
3500 5328 3896 5401 quatuordecitn
3920 5341 4134 5382 menses

2550 5431 2713 5484 vitam
2742 5443 2890 5482 suam
2918 5428 3294 5498 protendisset,
3322 5434 3563 5479 mortuus
3588 5429 3691 5484 est,
3724 5418 3917 5471 violato
3954 5432 4051 5471 suo
4078 5420 4132 5473 in

2554 5521 2838 5592 Evangelia
2863 5521 3187 5591 juramento.
3218 5521 3425 5589 Quippe
3454 5514 3601 5570 fratri
3629 5528 3726 5567 suo
3760 5510 4003 5565 Nectario
4044 5512 4133 5581 ju-

2551 5625 2782 5683 raverat,
2800 5616 2996 5671 nullius
3014 5630 3259 5685 umquam
3279 5613 3615 5682 episcopatus
3636 5604 4019 5660 ordinationem
4037 5606 4133 5661 ad-

2549 5710 2834 5765 missurum
2857 5723 2936 5772 se,
2964 5706 3178 5778 quando
3204 5702 3479 5759 Nectarius
3504 5696 3847 5766 exprobravit
3872 5697 3970 5767 ipsi
3987 5696 4129 5767 quod

2548 5804 2807 5859 noluisset
2846 5800 3097 5855 Tarsensi
3140 5795 3395 5851 Ecclesia:
3439 5790 3659 5862 praefici,
3704 5791 3851 5861 quasi
3897 5802 4124 5845 mortem

2548 5898 2714 5967 ipsius
2742 5895 3125 5965 specularetur.
3160 5890 3284 5944 Fuit
3324 5900 3481 5941 causa
3515 5885 3726 5954 perjurii
3759 5884 3981 5954 primum
4008 5882 4128 5950 qui-

2546 5991 2668 6044 dem
2708 6002 2840 6042 vana
2881 5984 3067 6056 gloria,
3102 5990 3318 6053 propter
3356 5992 3512 6051 quam
3554 5977 3834 6045 ambiebat,
3866 5983 3921 6030 ut
3944 5976 4014 6027 ita
4040 5970 4123 6026 di-
