4494 6694
405 605 476 662 εὖ
1413 603 1498 656 DE
1537 599 1703 654 VITA
1743 598 1803 654 S.
1841 597 2126 655 JOANN’IS
2165 594 2682 653 CIIRYSOSTOMI.
3616 595 3688 649 ὖὸ

410 722 652 794 βασιλέα.
684 723 867 786 Οὕτως
895 721 1218 778 ἀποστείλας
1245 719 1271 768 ὁ
1305 715 1554 785 βασιλεὺς
1585 713 1876 782 Ππτρίκιον
1902 711 1994 764 τδν

410 809 674 881 ωτάριον,
707 809 860 879 δηλοῖ
894 805 972 873 τῷ
1017 803 1240 872 Ἰωάννῃ
1269 799 1396 853 τάδε
1418 817 1429 828 ·
1467 798 1532 851 Οἱ
1568 797 1696 867 περὶ
1741 797 1991 848 ’Δκάκιον

410 894 507 946 καὶ
545 879 820 960 Ἅντίοχον
862 887 956 940 καὶ
990 883 1323 954 Σευηριανὸν
1355 881 1448 935 καὶ
1496 882 1728 953 Κυρῖνον
1769 879 1829 932 τὸ
1857 880 1995 933 κατά

412 977 473 1029 σὲ
505 980 678 1049 κρῖμα
717 974 810 1025 ἐπί
848 968 945 1038 τὴν
972 965 1181 1020 ἐαυτῶν
1213 966 1413 1037 ἔθηκαν
1453 965 1721 1035 κεφαλήν⁹
1757 963 1827 1017 τὰ
1857 964 1996 1018 κατά

413 1061 608 1113 σαυτὸν
640 1053 730 1108 οὖν
771 1052 988 1114 ἀναθεὶς
1022 1051 1099 1122 τῷ
1135 1050 1273 1122 Θεῷ,
1301 1051 1482 1116 ἔξελθε
1513 1052 1608 1122 τῆς
1645 1049 1991 1118 Ἐκκλησίας.

410 1144 564 1196 Οὕτω
587 1135 859 1191 κατελθὼν
883 1137 912 1187 ό
949 1135 1245 1198 ἐπίσκοπος
1284 1135 1536 1207 Ἰωάννης
1561 1139 1626 1189 ἐκ
1645 1134 1742 1188 τοῦ
1769 1137 1993 1186 ἐπισκο-

409 1225 563 1277 πείου
610 1221 707 1272 σί»)
743 1222 858 1282 τοῖς
888 1219 1237 1285 ἐπισκόποις,
1270 1221 1406 1291 μετὰ
1446 1221 1546 1292 τὴν
1586 1217 1790 1291 τρανὴν
1831 1217 1995 1286 φάσιν

409 1306 504 1354 καὶ
538 1303 980 1364 ἀνεπισκίαστον,
1009 1302 1156 1371 λέγει
1192 1307 1323 1359 πᾶσι
1349 1322 1362 1336 ο
1385 1305 1569 1369 Δεῦτε,
1616 1300 1994 1374 προσευξάμε-

406 1402 486 1436 νοι
525 1383 910 1456 συνταξὼμεθα
937 1385 1016 1457 τῷ
1041 1387 1257 1460 ἀγγέλῳ
1285 1390 1384 1458 τῆς
1425 1386 1752 1457 Ἐκκληδίας
1770 1400 1783 1414 ⁸
1821 1400 1992 1454 γεγη-

406 1465 517 1530 θὼς
563 1470 661 1538 μὲν
693 1470 781 1522 ἐπὶ
822 1469 901 1540 τῷ
948 1471 1269 1542 πράγματι,
1308 1471 1646 1539 λυπούμενος
1691 1469 1747 1520 δὲ
1791 1470 1884 1520 ἐπὶ
1923 1470 1990 1538 τῇ

405 1550 501 1602 105
541 1551 670 1604 λαοῦ
715 1554 1001 1625 κακουχίᾳ.
1049 1556 1312 1625 Ἐξαυτῆς
1358 1553 1416 1606 δέ
1457 1569 1542 1614 τις
1577 1550 1834 1620 σημαίνει
1881 1551 1991 1602 τῶν

407 1633 670 1701 φιλοθέων
700 1635 975 1691 δυναστῶν
1016 1639 1093 1708 τῷ
1158 1639 1418 1709 Ἰωάννῃο
1466 1632 1685 1701 Ἐπειδὴ
1731 1630 1990 1695 Λούκιος,

409 1718 600 1788 ἰταμὸς
633 1719 770 1792 ἀνὴρ
796 1724 888 1775 καί
915 1723 1134 1793 ἀναιδὴς
1167 1723 1468 1791 προσώπῳ,
1506 1715 1724 1785 ἕτοιμός
1758 1715 1902 1765 ἐστιν
1936 1716 1992 1765 ἐν

406 1801 484 1871 τῷ
515 1802 756 1872 δημοσίῳ
778 1805 986 1876 λουτρῷ
1026 1807 1123 1858 σὺν
1151 1807 1264 1864 τοῖς
1294 1803 1387 1855 ὑπ’
1411 1799 1574 1852 αθτδν
1605 1794 1990 1866 στρατιώταις’

406 1885 576 1950 ὅπως,
609 1887 658 1938 εἰ
686 1889 1001 1960 ἀντείπηςῆ
1039 1885 1337 1955 ἀναϐάλλῃ,
1376 1883 1472 1934 καὶ
1503 1880 1706 1934 ἄκοντά
1739 1895 1798 1931 σε
1829 1877 1992 1949 σῦραι

407 1970 504 2022 καὶ
530 1969 781 2033 ἐξεῶσαγ
812 1969 1258 2042 περικλονοῦνται
1279 1968 1334 2018 δὲ
1361 1967 1409 2016 οί
1435 1964 1599 2033 δῆμοι
1634 1964 1732 2032 τῆς
1761 1963 1987 2027 πόλεως·

409 2054 709 2108 σπούδασον
738 2055 970 2120 ἐξελθεῖν
992 2052 1315 2122 λεληθότως,
1349 2049 1438 2101 ἵνα
1465 2051 1538 2118 μή
1564 2065 1655 2102 σου
1690 2048 1990 2101 ἀντιποιούο

409 2155 569 2208 μενος
589 2139 618 2190 ό
639 2138 786 2203 λαῗις,
818 2140 1051 2208 πόλεμον
1081 2134 1290 2204 συνάψῃ
1319 2133 1457 2204 μετά
1481 2132 1589 2185 τῶν
1615 2132 1985 2203 στρατιωτῶν.

405 2223 539 2276 Τότε
569 2225 597 2277 ό
637 2225 885 2294 Ἰωάννης
917 2219 1297 2289 καταφιλήσας
1339 2216 1492 2282 τινάς
1517 2217 1627 2271 τῶν
1671 2217 1989 2271 ἐπισκόπων

408 2306 548 2376 μετά
594 2306 842 2377 δακρύων
886 2306 1048 2373 (τοὺς
1091 2301 1200 2372 γάρ
1242 2300 1462 2362 λοιπούς
1506 2301 1626 2354 ούδέ
1670 2299 1989 2367 καταφιλεῖν

405 2390 702 2460 συνεχώρει
723 2391 784 2441 τι
812 2389 981 2450 πάθος
1001 2387 1049 2456 ),
1080 2384 1411 2448 συνετάξατο
1433 2384 1608 2452 λέγων
1638 2387 1752 2446 τοῖς
1781 2383 1990 2445 λοιποῖς

403 2474 552 2528 ἑνδον
591 2476 647 2525 ἐν
678 2472 756 2542 τῷ
788 2471 1056 2541 ἱερατείῳο
1107 2469 1345 2524 Μείνατε
1389 2469 1522 2532 τέως
1559 2465 1685 2530 ὦδε,
1715 2468 1803 2519 ἵνα
1830 2466 1993 2518 ἀπελ-

405 2558 513 2609 θὼν
547 2556 739 2628 μικρὸν
767 2554 962 2609 ἀνεθῶ.
1008 2553 1277 2607 Εἰσελθὼν
1308 2553 1364 2606 δέ
1387 2553 1444 2606 ἐν
1477 2553 1556 2622 τῷ
1585 2549 1990 2622 βαπτιστηρίῳ,

402 2640 560 2692 καλεῖ
607 2641 705 2709 τὴν
751 2637 1129 2709 Ὀλυμπιάδα,
1187 2636 1605 2691 ἀναπάλλακτον
1658 2629 1828 2687 οὖσαν
1891 2631 1991 2702 τῆς

415 2723 738 2794 Ἐκκλησίας
775 2723 870 2775 σὺν
897 2721 1163 2792 Πενταδία
1191 2721 1286 2775 καὶ
1310 2719 1527 2791 Πρόκλῃ
1551 2720 1673 2780 ταῖς
1697 2715 1987 2779 διακόνοις,

405 2808 498 2859 καὶ
519 2806 733 2876 Σιλδίνη
764 2809 830 2876 τῇ
875 2804 969 2858 τοῦ
1000 2805 1272 2876 μακαρίου
1310 2803 1596 2874 Νεεριδίου
1637 2800 1878 2869 γυναικὶ,
1911 2798 1992 2850 εύ-

407 2895 632 2965 σχὴμως
684 2892 971 2964 κοσμούσῃ
1011 2893 1110 2962 τὴν
1151 2891 1351 2962 ἑαυτῆς
1401 2889 1650 2960 χηρείαν,
1703 2888 1798 2940 καὶ
1843 2886 1992 2954 λέγει

403 2981 625 3041 αύταῖς”
661 2976 826 3030 Δεῦτε
879 2970 981 3030 ὦδε
1002 3015 1017 3039 ,
1050 2975 1350 3045 θυγατέρες
1375 3014 1390 3038 ,
1420 2971 1694 3026 ἀκούσατέ
1742 2985 1870 3042 μου’
1911 2969 1995 3022 Τά

403 3064 526 3117 κατ’
559 3063 654 3126 ἐμὲ
680 3062 832 3124 τέλος
879 3061 1026 3130 ἔχει,
1072 3060 1147 3122 ὼς
1170 3059 1282 3129 όρῶ
1302 3075 1316 3088 ·
1344 3059 1436 3110 τὸν
1467 3057 1666 3127 δρόμον
1699 3072 1801 3126 μου
1839 3054 1994 3107 τετέ·

399 3147 561 3208 λεκα,
611 3147 705 3199 καὶ
767 3145 897 3208 ἴσως
944 3146 1129 3196 οὐκέτι
1175 3140 1374 3211 ὄψεσθε
1423 3140 1484 3193 τὸ
1528 3139 1820 3210 πρόσωπόν
1864 3154 1989 3207 μου.

405 3229 576 3282 Τοῦτο
613 3229 670 3281 δέ
713 3231 862 3282 ἐστιν
899 3227 928 3279 ὃ
962 3225 1300 3297 παρακαλῶ·
1333 3226 1407 3296 μή
1441 3242 1525 3286 τις
1555 3224 1708 3294 ὑμῶν
1741 3224 1988 3292 ἀνακοπῇ

401 3314 501 3383 τῆς
537 3311 801 3383 συνήθους
837 3311 1050 3373 εύνοίας
1087 3309 1188 3379 τῆς
1219 3309 1347 3380 περὶ
1368 3307 1467 3378 τὴν
1506 3307 1860 3378 Ἐκκλησίανο
1897 3307 1993 3360 καὶ

401 3395 461 3457 ὃς
479 3396 542 3448 ἀν
564 3395 710 3448 ἄκων
725 3394 866 3465 ἀχθῇ
885 3395 977 3448 ἐπὶ
1001 3394 1101 3464 τὴν
1111 3393 1463 3464 χειροτονίαν,
1485 3392 1559 3461 μή
1577 3389 1991 3461 ἀμφιδατεύσας

403 3479 466 3531 τὸ
510 3480 738 3548 πρᾶγμα
765 3518 780 3542 ,
819 3477 960 3530 κατά
996 3479 1302 3530 συναίνεσιν
1348 3476 1456 3529 τῶν
1495 3476 1730 3538 πάντων,
1772 3473 1991 3526 κλίνατε

404 3565 554 3634 αύτῴ
580 3565 680 3635 τήν
709 3565 953 3635 κεφαλὴν
979 3565 1007 3616 ύ
1018 3564 1134 3634 μῶν
1160 3565 1236 3626 ῶς
1262 3563 1514 3634 Ἰωάννῃο
1552 3563 1610 3613 ού
1639 3561 1860 3613 δύναται
1883 3559 1994 3631 γάρ

404 3653 438 3720 η
481 3651 779 3718 Ἰικκλησία
807 3651 936 3704 ἄνευ
978 3649 1279 3702 ἐπισκόπου
1306 3644 1463 3700 εἷναι.
1499 3647 1608 3700 Καὶ
1635 3645 1808 3708 οὕτως
1839 3644 1994 3714 ἐλεη-

405 3733 531 3802 θητε
556 3751 568 3762 ο
615 3731 897 3803 μέμνησθέ
922 3749 1026 3802 μου
1055 3732 1114 3784 ἐν
1141 3733 1264 3793 ταῖς
1295 3733 1624 3801 προσευχαῖς
1656 3727 1832 3799 ὑμῶν.
1865 3729 1995 3796 Συγ-

403 3817 652 3886 χυθεῖσαι
681 3817 738 3870 δὲ
789 3818 1053 3886 δάκρυσιν
1095 3814 1468 3868 ἐκυλινδοῦντο
1506 3815 1635 3885 περ).
1670 3816 1794 3876 τοὺς
1827 3813 1995 3876 πόδας

404 3901 588 3954 αὐτοῦ.
633 3901 767 3953 Τότε
803 3900 1002 3962 νεύσας
1046 3901 1155 3952 τινὶ
1197 3899 1306 3951 τῶν
1353 3898 1566 3968 σεμνῶν
1603 3897 1992 3968 πρεσὸυτέρων

403 3983 594 4050 λέγει’
647 3983 794 4036 Λάϐε
827 3983 1033 4046 ταύτας
1062 3980 1332 4042 ἐντεῦθεν,
1383 3981 1472 4034 ἴνα
1518 3979 1594 4051 μὴ
1636 3982 1763 4042 τοὺς
1801 3980 1995 4050 ὄχλους

402 4065 728 4138 ταράξωσιν.
761 4066 948 4130 Οὕτως
979 4062 1073 4120 οὖν
1112 4065 1308 4136 μικρὸν
1335 4064 1776 4135 ἐμποδισθεῖσαι,
1807 4064 1995 4130 ἔδοξαν

404 4150 554 4221 αύτῷ
590 4153 912 4222 συγχωρεῖν.
943 4151 1054 4204 Καὶ
1085 4149 1258 4210 οὕτως
1289 4147 1513 4217 ἐξῆλθεν
1533 4149 1626 4200 ἐπὶ
1649 4148 1712 4200 τὸ
1741 4147 1905 4218 μέρος
1934 4147 1996 4198 τὸ

405 4235 724 4289 ἀνατολικὸν
749 4252 762 4264 ο
811 4235 965 4288 ούδέν
1012 4235 1122 4306 γάρ
1164 4233 1294 4304 παρ’
1344 4232 1495 4298 αὐτῷ
1532 4232 1777 4285 δυτικόν·
1936 4230 1992 4282 δὲ

404 4317 610 4389 δυτικῷ
653 4319 830 4390 μέρει,
857 4319 986 4372 ἔνθα
1014 4321 1042 4371 ό
1075 4319 1174 4387 τῆς
1202 4317 1500 4388 ἐκκλησίας
1541 4314 1743 4373 πυλὼν,
1773 4315 1836 4366 τὸ
1857 4316 1991 4365 ὕπο-

408 4401 616 4470 ζύγιον,
645 4405 701 4455 ἐν
815 4403 972 4456 εἴωθε
1017 4401 1377 4466 καθέζεσθαι,
1423 4403 1528 4472 πρὸ
1567 4399 1668 4464 τῆς
1698 4397 1872 4466 πύλης
1902 4414 1993 4450 κε-

408 4485 604 4548 λεύσας
631 4487 824 4556 στῆναι
849 4489 928 4550 εἰς
949 4485 1335 4557 περισπασμδν
1361 4483 1469 4536 τῶν
1495 4481 1639 4534 λαῶν
1659 4481 1866 4532 ἐκεῖθεν
1895 4480 1992 4532 αύο

407 4571 500 4622 τὸν
558 4569 1029 4638 προσδοκούντων,
1091 4568 1498 4634 συνεξελθόντος
1554 4565 1703 4635 αύτῷ
1751 4565 1845 4617 καὶ
1895 4564 1990 4617 τοῦ

407 4651 666 4720 ἀγγέλου,
707 4651 780 4721 μὴ
812 4653 1068 4722 φέροντος
1093 4653 1192 4720 τὴν
1224 4651 1459 4722 ἐρημίαν
1491 4650 1593 4719 τῆς
1639 4647 1990 4718 Ἑκκλησίας,

407 4736 477 4806 ἢν
507 4735 675 4806 ἀρχαὶ
704 4735 938 4804 πονηραὶ
965 4736 1058 4786 καὶ
1083 4733 1320 4797 ἐξουσίαι
1350 4734 1694 4803 εἰργάσαντο,
1741 4731 1992 4804 καθάπερ

409 4818 832 4891 θεατρονόμιον⁸
872 4816 1242 4880 ἀποδείξασαι.
1289 4817 1377 4879 Ὠς
1419 4818 1517 4886 μὲν
1550 4815 1656 4885 γάρ
1690 4817 1748 4868 ἐν
1777 4814 1993 4888 θεάτρῳ

409 4903 666 4973 κλωσμὸς
689 4897 777 4973 ἦν,
825 4900 1185 4970 ουριττόντων
1222 4897 1330 4951 τῶν
1362 4898 1576 4952 ἀσεϐῶν
1605 4898 1700 4950 καὶ⁸
1738 4915 1995 4969 καταμω-

410 4989 694 5058 κωμένων,
719 4985 932 5054 ἄμετρα
957 4981 1319 5053 διασυρόντων
1355 4982 1623 5036 Ἰουδαίων
1651 4999 1709 5034 τε
1743 4982 1840 5035 καὶ
1880 4984 1996 5038 Ἐλο

408 5071 585 5142 λήνων
605 5087 618 5100 °
650 5070 725 5132 ὡς
766 5069 822 5121 δὲ
851 5069 909 5118 ἐν
942 5068 1166 5137 εἱρκτῇ,
1209 5067 1416 5137 πληγαὶ
1459 5067 1556 5120 καὶ
1589 5066 1731 5120 κατά
1777 5067 1988 5138 σπλάγ-

409 5174 554 5226 χνων
583 5154 878 5225 φερόμεναι
907 5152 1132 5222 βάσανοι
1176 5152 1282 5205 ὑπὸ
1321 5152 1431 5204 τῶν
1463 5153 1840 5224 στρατιωτῶν·
1893 5172 1994 5207 κα-

408 5240 664 5302 τατάσεις
691 5239 746 5291 δὲ
783 5239 881 5306 τῆς
912 5235 1040 5304 ὅλης
1078 5236 1360 5304 δυνάμεως
1405 5235 1506 5304 τῆς
1536 5236 1750 5306 ψυχῆς,
1797 5237 1886 5291 διά
1933 5255 1991 5291 τε

410 5324 511 5396 τὴν
549 5321 642 5376 τοῦ
687 5320 1008 5376 διδασκάλου
1059 5319 1370 5388 ἀφαίρεσιν,
1419 5321 1515 5374 καὶ
1545 5321 1632 5374 διά
1671 5321 1769 5392 τὴν
1810 5323 1889 5384 εἰς
1931 5321 1993 5374 τὸ

411 5406 566 5460 Θεῖον
600 5404 944 5477 βλασφημίαν
964 5419 979 5430 ·
1023 5401 1150 5454 ἔνθα
1191 5403 1302 5473 γάρ
1330 5404 1747 5474 ἁμαρτημάτων
1776 5405 1990 5473 ἄφεσις,

411 5489 532 5541 ἐκεῖ
568 5491 814 5560 αἱμάτων
856 5488 1077 5558 ἔκχυσις
1107 5485 1336 5553 ἐγίνετο.
1384 5489 1538 5540 Μετά
1574 5489 1630 5541 δέ
1668 5489 1758 5542 τὸν
1785 5489 1992 5558 ἄφατον

414 5573 509 5623 καὶ
537 5573 968 5646 δυσερμήνευτον
1010 5574 1216 5625 ἐκεῖνον
1257 5569 1467 5637 σκότον,
1515 5572 1647 5641 φλὸξ
1684 5574 1793 5626 ἀπὸ
1827 5575 1992 5644 μέσου

411 5655 506 5707 τοῦ
538 5655 746 5726 θρόνου,
781 5662 838 5713 ἐν
861 5651 1102 5726 ᾧείώθει
1131 5658 1160 5710 ό
1196 5653 1446 5725 Ἰωάννης
1474 5656 1823 5721 καθέζεσθαι,
1857 5657 1992 5712 καθ-

412 5740 559 5810 άπερ
599 5743 657 5794 ἐν
690 5745 839 5814 μέσῳ
893 5743 1104 5813 σώματι
1133 5740 1360 5811 κειμένη
1403 5738 1619 5810 καρδία,
1647 5745 1759 5805 τοῖς
1790 5743 1994 5806 λοιποῖς

413 5823 730 5893 ἐξηγεῖσθαι
777 5827 961 5895 μέλεσι
1009 5826 1079 5880 τά
1133 5826 1227 5880 τοῦ
1278 5822 1482 5896 Κυρίου
1525 5822 1712 5892 λόγια,
1763 5830 1996 5893 φανεῖσα

414 5909 668 5978 ἐπεζήτει
696 5907 786 5960 τὸν
817 5909 1100 5980 ὑποφήτην
1131 5909 1227 5963 τοῦ
1275 5909 1465 5978 λόγουο
1500 5909 1558 5961 δν
1588 5908 1684 5977 οὐχ
1727 5907 1993 5978 εὑροῦσα,

414 5992 779 6053 κατεὸόσκετο
838 5992 937 6060 τὴν
995 5996 1322 6066 σκευωρίαν.
1374 5991 1742 6064 Δενδρωθεῖσα
1790 5992 1846 6046 δὲ
1917 5996 1996 6057 εἰς

477 6137 506 6166 ι
527 6117 733 6182 Conjicil
757 6115 963 6178 Bigolus
982 6116 1173 6178 θέατρον
1191 6120 1416 6178 ἀνομιῶν,
1441 6130 1539 6166 non
1563 6117 1709 6166 male.

738 6201 1013 6260 PATBOL.
1061 6199 1177 6258 Gn.
1231 6200 1279 6258 Χ
1295 6199 1476 6258 LVII.

2103 709 2237 780 ὕψος
2284 705 2440 778 είρψε
2469 708 2560 762 διά
2587 709 2695 762 τῶν
2725 708 2969 763 ἁλύσεων
2999 707 3091 760 ἐπὶ
3123 707 3222 778 τὴν
3260 707 3478 774 στέγην·
3521 708 3689 778 εχεως

2103 793 2156 846 δὲ
2187 793 2345 862 δίκην
2379 792 2477 862 τὴν
2522 794 2767 865 γαστέρα
2808 791 3081 862 φαγοῦσα,
3128 791 3220 843 ἐπὶ
3260 787 3426 841 νῶτον
3467 791 3690 859 ἐφέρετο

2095 878 2204 931 τῶν
2251 877 2518 946 δωμάτων
2566 879 2665 948 τῆς
2710 876 3047 948 ἐκκλησίας.
3079 874 3278 947 μισθὸν
3327 874 3430 943 τῆς
3477 874 3688 940 ἀδικίας

2096 962 2287 1032 ῶσπερ
2330 959 2428 1031 τὴν
2470 963 2562 1014 ἐπὶ
2605 963 2780 1035 ταύτῃ
2810 959 3126 1033 ὡρισμένην
3161 960 3318 1029 δίκην
3347 958 3692 1022 ἀποδιδόντος

2095 1046 2255 1110 Θεοῦ,
2285 1048 2362 1108 εἰς
2391 1048 2768 1118 σωφρονισμὸν
2794 1048 2890 1100 καὶ
2910 1045 3191 1100 νουθεσίαν
3221 1044 3326 1097 τῶν
3351 1045 3452 1097 ούκ
3473 1043 3690 1096 εἰδότων

2096 1149 2160 1200 γε
2183 1130 2554 1184 νουθετεῖσθαι
2575 1133 2609 1202 ἢ
2650 1130 2739 1183 διά
2762 1132 2860 1200 τῆς
2878 1130 3052 1198 ὄφεως
3076 1129 3185 1181 τῶν
3215 1129 3470 1182 τοιούτων
3501 1127 3693 1197 θεηλάο

2095 1232 2205 1267 των
2237 1213 2444 1268 κακῶνσ
2480 1213 2541 1266 ού
2576 1215 2736 1284 μόνον
2765 1213 2820 1265 δὲ
2841 1252 2856 1276 ,
2895 1213 3032 1264 ἀλλά
3062 1212 3156 1264 καὶ
3191 1216 3451 1282 μνημεῖον
3482 1212 3691 1267 ύπολεί·

2094 1297 2204 1365 ’.ἶνας
2230 1298 2330 1366 τῆς
2355 1297 2556 1367 ἀγρίας
2589 1296 2832 1349 συνόδου.
2863 1295 2974 1348 Καὶ
3003 1295 3063 1347 οὕ
3092 1294 3406 1363 θαυμαστὸν
3432 1297 3560 1365 περὶ
3589 1299 3690 1363 τῆς

2094 1383 2396 1453 ἐκκλησίας
2420 1422 2434 1445 ,
2467 1383 2602 1436 ὅπου
2649 1399 2712 1451 γε
2764 1382 2856 1435 καὶ
2887 1380 2986 1452 τὴν
3019 1379 3363 1450 καλουμένην
3399 1379 3549 1450 παρά
3578 1383 3690 1446 τοῖς

2094 1469 2198 1534 ἔξω
2226 1469 2548 1540 σύγκλητον,
2584 1469 2692 1522 ἀπὸ
2734 1466 2946 1520 πολλῶν
2974 1466 3234 1537 βημάτων
3261 1464 3520 1536 κειμένην
3543 1464 3691 1517 ἀντι-

2095 1556 2198 1624 κρὺ
2229 1555 2329 1622 τῆς
2363 1553 2657 1624 ἐκκλησίας
2679 1553 2744 1604 ἐκ
2767 1550 3136 1621 μεσημϐρίας,
3165 1549 3441 1620 φρονίμως
3469 1548 3529 1601 τὸ
3554 1547 3688 1619 πῦρ,

2094 1635 2347 1704 καθάπερ
2381 1637 2626 1705 γέφυραν
2657 1635 2748 1688 τὸν
2793 1635 3051 1702 ἀγοραῖον
3077 1633 3246 1701 δῆμον
3281 1633 3371 1684 τὸν
3404 1631 3492 1684 δια
3519 1633 3688 1702 μέσου

2095 1716 2457 1787 διαπερᾶσαν,
2507 1717 2835 1787 ἐλυμήνατο,
2870 1716 2931 1768 οὕ
2984 1715 3249 1786 πρότερον
3303 1715 3364 1766 τὸ
3418 1715 3580 1786 μέρος
3628 1715 3690 1768 τὸ

2096 1799 2398 1869 πλησιάζον
2449 1803 2515 1869 τῇ
2552 1801 2838 1870 ἐκκλησία,
2885 1800 2969 1853 ἵνα
3005 1799 3080 1870 μὴ
3108 1799 3168 1850 τὸ
3204 1798 3373 1861 πάθος
3417 1801 3482 1868 τῇ
3521 1799 3689 1866 ἐγγύ-

2092 1901 2214 1954 τητι
2247 1885 2666 1958 ἐπιγράψωμεν,
2699 1885 2836 1939 ἀλλά
2876 1885 2936 1938 τὸ
2973 1887 3140 1956 μέρος
3177 1885 3236 1936 τό
3267 1883 3360 1936 ἐπὶ
3387 1885 3484 1954 τὴν
3518 1883 3688 1954 αύλην

2089 1971 2198 2023 τῶν
2228 1971 2513 2041 βασιλέων,
2548 1971 2633 2024 ἵνα
2661 1971 2722 2024 τὸ
2751 1971 2933 2041 θαῦμα
2954 1969 3046 2023 τοῦ
3075 1969 3399 2040 πράγματος
3424 1969 3688 2038 θεήλατον

2090 2055 2421 2124 παραστήσῃ
2459 2055 2522 2106 τὸ
2572 2056 2837 2123 σόφισμα.
2876 2053 2984 2106 Ἦν
3017 2053 3126 2121 γάρ
3164 2053 3292 2105 ἰδεῖν
3345 2052 3547 2122 μεταξῦ
3593 2053 3689 2106 δύο

2089 2140 2262 2211 όρέων
2291 2139 2534 2209 πυρίνων
2557 2141 2682 2202 τοὺς
2710 2139 2917 2210 δήμους
2947 2137 3202 2199 ἀϐλαϐῶς
3231 2138 3322 2190 ἐπὶ
3351 2138 3448 2199 τὰς
3477 2136 3688 2200 οἰκείας

2091 2223 2278 2293 χρείας
2304 2222 2706 2292 διαπερῶντας.
2758 2221 2916 2275 Οὕτω
2943 2220 3000 2273 δὲ
3028 2219 3455 2292 περιπετόμενον
3487 2220 3548 2271 1-5
3577 2219 3688 2291 πῦρ

2090 2309 2184 2360 καὶ
2214 2310 2479 2378 κυμαῖνον
2513 2307 2767 2376 καθάπερ
2799 2305 3042 2360 θάλασσα
3091 2305 3253 2375 βιαίῳ
3288 2305 3426 2374 νότῳ
3476 2303 3689 2375 ῥιπιζο-

2095 2391 2252 2460 μένη,
2294 2391 2484 2460 ῶσπερ
2512 2392 2619 2444 ὑπὸ
2650 2389 2954 2460 συνθήματι
2991 2388 3228 2458 βαδίζον,
3257 2388 3492 2458 ἀφειδῶς
3521 2389 3688 2441 ἀπτόο

2095 2490 2255 2541 μενον
2284 2473 2390 2524 τῶν
2420 2474 2606 2538 κύκλῳ
2634 2473 2923 2542 δωμάτων,
2962 2473 3122 2540 μόνου
3157 2473 3438 2541 ἐφρόντιζε
3471 2471 3565 2524 τοῦ
3605 2475 3688 2526 ol-

2092 2558 2308 2618 κίσκου,
2349 2551 2473 2624 ὲνῷ
2496 2557 2608 2610 τῶν
2645 2557 2806 2624 ἱερῶν
2841 2556 3051 2609 σκευῶν
3085 2557 3344 2609 ἀπέκειτο
3362 2557 3424 2608 τὸ
3463 2556 3686 2623 πλῆθος,

2091 2642 2152 2694 οὕ
2187 2642 2276 2694 τὶν
2315 2641 2517 2712 χρυσὸν
2543 2640 2883 2711 αἰδούμενον,
2909 2641 2940 2711 ἧ
2977 2640 3074 2710 τὴν
3103 2640 3295 2710 λοιπὴν
3319 2640 3412 2692 τοῦ
3443 2640 3687 2711 ἀργύρου

2093 2723 2246 2795 ὕλην,
2277 2725 2393 2778 ἀλλ’
2439 2725 2525 2777 ἵνα
2562 2724 2637 2795 μὴ
2673 2727 2786 2787 τοῖς
2820 2725 3189 2792 συκοφάνταις
3223 2723 3408 2795 χώραν
3435 2723 3530 2776 τοῦ
3560 2724 3691 2794 ψεύ-

2090 2809 2214 2871 δους
2242 2811 2500 2881 παράσχῃ
2559 2807 2703 2862 κατὰ
2730 2807 2826 2861 τοῦ
2855 2807 3090 2871 δικαίου,
3133 2808 3209 2871 ὡς
3241 2807 3406 2860 αὐτοῦ
3438 2823 3690 2878 σφετερι-

2093 2893 2328 2964 σαμένου
2383 2911 2436 2946 τι
2470 2893 2578 2946 τῶν
2626 2892 2948 2946 καλλίστων.
2999 2891 3156 2945 Οὕτω
3211 2891 3269 2945 δὲ
3323 2879 3598 2945 διακινοῦν
3625 2892 3692 2946 τὸ

2091 2976 2204 3047 πῦρ
2230 2975 2573 3048 ἀνεχαίτιζεν
2617 2979 2697 3039 εἰς
2730 2975 2991 3039 τούπίσω,
3024 2975 3116 3028 τδν
3154 2975 3348 3045 φθόνον
3386 2975 3690 3046 ἐξιχνιάζον

2089 3062 2199 3115 τῶν
2230 3061 2404 3116 ταῦτα
2429 3061 2772 3132 πραξάντων,
2810 3061 2888 3124 εἰς
2915 3060 3133 3130 ἔλεγχον
3157 3063 3258 3130 τῆς
3286 3061 3546 3129 Θεοφίλου
3582 3078 3690 3132 μα-

2092 3147 2230 3212 νίας,
2267 3147 2328 3210 ὃς
2365 3164 2468 3199 που
2517 3143 2922 3208 κατασκευάζει
2976 3145 3065 3198 διὰ
3098 3143 3168 3196 τά
3216 3144 3476 3214 κειμήλια
3526 3145 3692 3198 αὐτὸν

2091 3231 2508 3302 ἐκϐεϐληκέναι.
2551 3233 2663 3284 Καὶ
2693 3229 2936 3300 ἀποϐολὴ
2974 3229 3073 3300 μὲν
3100 3228 3281 3299 ψυχῆς
3312 3230 3370 3281 ἐν
3411 3229 3693 3293 τοσούτοις

2091 3317 2271 3388 δχλοις
2297 3317 2405 3370 ὕπὸ
2439 3316 2608 3387 πυρὸς
2623 3314 2850 3384 οὐδεμία
2875 3313 3190 3383 γεγένηται,
3221 3313 3282 3366 ού
3309 3313 3554 3381 λογικοῦ,
3586 3315 3690 3366 ούκ

2093 3400 2314 3467 ἀλόγου’
2349 3400 2451 3454 όδέ
2479 3400 2649 3470 ῥύπος
2678 3398 2786 3451 τῶν
2810 3397 3022 3464 ἐναγῶς
3063 3399 3242 3450 ἐκεῖσε
3276 3397 3691 3468 ἀναστρεφομέ-

2093 3503 2199 3538 νων
2233 3487 2298 3555 τῇ
2334 3483 2429 3537 τοῦ
2475 3483 2645 3553 πυρὸς
2688 3481 3032 3536 ἀπεπλύνετο
3072 3480 3321 3550 δυνάμει,
3377 3481 3486 3534 ἀπὸ
3525 3481 3692 3550 ἕκτης

2093 3569 2242 3640 ὥρας
2275 3570 2468 3641 μέχρις
2525 3568 2776 3636 ἐννάτης,
2837 3569 2895 3618 ἐν
2949 3567 3126 3638 τρισὶν
3176 3564 3347 3637 ῶραις
3401 3568 3692 3636 ἡμεριναίς

2094 3653 2448 3722 πολυχρονίου
2480 3651 2646 3719 ἔργου
2682 3649 3096 3718 ἀφανισθέντος.

2166 3738 2324 3790 ΚΕΦ.
2358 3737 2461 3788 ιιιο.
2502 3765 2569 3778 --
2605 3735 2664 3786 ὐ
2709 3735 2890 3786 ΔῐΑεί.
2931 3728 3082 3793 Εἶτα,
3125 3731 3326 3803 Πάτερ,
3359 3732 3565 3785 τούτων
3596 3733 3690 3786 οὕο

2092 3838 2199 3884 τως
2232 3820 2564 3891 ἀνυομένων,
2610 3819 2711 3872 ποῦ
2739 3817 3010 3889 διέτριϐεν
3041 3818 3070 3869 ό
3099 3817 3370 3888 μακάριος
3407 3817 3686 3886 Ἰωάννης,

2094 3906 2128 3976 ἢ
2163 3907 2212 3957 οἰ
2239 3904 2416 3957 λοιποὶ
2448 3903 2555 3956 τῶν
2587 3901 2940 3968 ἐπισκόπωνς
2988 3901 3047 3953 '0
3080 3901 3334 3954 ‘EUIEK.
3370 3901 3433 3953 Οἰ
3472 3901 3571 3970 μὲν
3592 3900 3696 3953 λοι-

2098 3991 2192 4043 ποὶ
2220 3989 2331 4042 τῶν
2362 3988 2698 4052 ἐπισκόπων,
2737 3987 2788 4038 οἰ
2823 3985 2923 4056 μὲν
2964 3985 3358 4044 συνεκλείοντο,
3402 3985 3451 4036 οἰ
3496 3983 3553 4036 δὲ
3598 3984 3696 4037 καὶ

2097 4071 2378 4140 ἐσύροντο,
2416 4068 2564 4121 ἄλλοι
2599 4067 2659 4120 δέ
2707 4067 2804 4120 καὶ
2837 4065 3174 4138 ἐκρύὸησαν·
3223 4064 3478 4132 Ἰωάννης
3507 4063 3563 4116 δέ
3593 4064 3695 4116 σὺν

2098 4151 2366 4224 Κυριακῷ
2385 4152 2480 4204 καὶ
2496 4150 2748 4221 Εύλυσίῳ
2780 4149 2930 4222 παρά
2952 4147 3302 4216 στρατιωτῶν
3317 4145 3413 4200 τοῦ
3451 4145 3694 4216 ἐπάρχου

2094 4237 2305 4304 δέσμιοι
2339 4237 2421 4298 εἰς
2472 4234 2727 4288 Βιθυνίαν
2774 4233 3109 4304 κατείχοντο,
3167 4231 3392 4284 κόλασιν
3441 4230 3693 4283 ἀπειλού-

2098 4337 2272 4390 μενοι,
2298 4319 2392 4372 ἐπὶ
2424 4322 2492 4390 τῇ
2527 4321 2804 4389 ἐμπρήσει
2853 4318 2953 4387 τῆς
2991 4315 3311 4387 ἐκκλησίας.
3344 4315 3612 4382 ’Ὕστερον
3637 4313 3696 4367 δὲ

2093 4406 2122 4457 ό
2159 4405 2258 4475 μὲν
2297 4404 2578 4476 Κυριακὸς
2613 4403 2707 4456 καὶ
2756 4401 3016 4464 Εὕλύσιος
3050 4400 3263 4467 δέσμιοι
3293 4397 3553 4468 ἀχθέντες
3579 4398 3694 4466 ἅμα

2094 4489 2306 4552 λοιποῖς
2337 4490 2640 4560 κληρικοῖς,
2675 4487 2844 4540 ἀθῶοι
2880 4485 3288 4554 ἀποφανθέντες
3315 4483 3690 4554 ἀπελύθησανο

2094 4577 2123 4627 δ
2159 4575 2217 4628 δέ
2251 4575 2405 4642 ἆγιος
2451 4571 2704 4641 Ἰωάννης
2735 4570 2872 4640 πρὸς
2911 4571 3032 4632 ταῖς
3081 4567 3297 4629 λοιπαῖς
3359 4564 3695 4636 παρρησίαις

2096 4658 2190 4712 καὶ
2224 4657 2428 4728 ταύτην
2448 4653 2770 4709 τελευταίαν
2796 4654 2982 4715 αὐτοῖς
3031 4649 3374 4710 ἀπέστειλεν,
3411 4648 3600 4702 εἰπών·
3631 4649 3694 4702 Εἰ

2095 4743 2191 4795 καὶ
2222 4742 2421 4803 ἐντοῖς
2447 4738 2629 4802 ἄλλοις
2653 4739 2714 4790 ού
2737 4735 3010 4791 δεδώκατέ
3047 4752 3137 4806 μοι
3167 4734 3352 4805 χώραν
3374 4732 3694 4801 ἀπολογίας,

2097 4824 2199 4878 κᾶν
2237 4823 2368 4893 γοῦν
2391 4825 2471 4887 εἰς
2509 4822 2579 4876 τά
2601 4821 2743 4876 κατὰ
2769 4819 2868 4891 τὴν
2895 4818 3195 4886 ἐκκλησίαν
3230 4815 3506 4878 ἀκουσθῶ,
3548 4816 3604 4869 εῖ
3629 4832 3695 4883 ’γε

2095 4911 2290 4974 αἴτιος,
2327 4907 2403 4972 ῶς
2430 4924 2589 4977 φατε,
2615 4905 2815 4973 γέγονα
2843 4903 2942 4973 τῆς
2975 4901 3246 4963 καύσεως.
3278 4897 3438 4952 Οὕτω
3477 4898 3598 4969 μηδ’
3637 4900 3696 4950 ἐν

2093 4991 2270 5062 τούτῳ
2302 4990 2608 5052 ἀκουσθείς,
2643 4987 2925 5059 πέμπεται
2944 4985 3032 5038 διὰ
3065 4984 3418 5055 στρατιωτῶν
3452 4986 3533 5048 εἰς
3564 4984 3695 5055 ἐρη-

2099 5076 2338 5146 μοτάτην
2393 5073 2652 5143 πολίχνην
2713 5072 2809 5143 τῆς
2851 5070 3140 5142 Ἀρμενίας
3155 5073 3192 5132 ,⁸
3206 5068 3422 5138 νύκτωρ
3452 5067 3546 5120 καὶ
3574 5064 3692 5135 μεθ’

2095 5161 2308 5230 ἡμέραν
2344 5157 2812 5228 πολιορκουμένην
2849 5156 2954 5208 ὑπὸ
3004 5153 3114 5208 τῶν
3167 5153 3460 5222 Ἰσαύρων,
3500 5150 3594 5204 ἐπὶ
3632 5149 3696 5202 τὸ

2097 5244 2389 5311 σφαγῆναιο
2423 5241 2737 5304 Κουκουσδς
2781 5240 2838 5294 δέ
2871 5241 3020 5291 ἐστιν
3057 5237 3216 5306 αὕτη.
3263 5235 3556 5307 ’Λρσάκιος
3580 5233 3637 5286 δέ
3667 5235 3696 5286 ό

2094 5327 2320 5394 ἀδελφὸς
2345 5326 2438 5380 τοῦ
2485 5326 2758 5398 μακαρίου
2811 5321 3144 5390 Νεκταρίου,
3201 5321 3554 5389 ἀντεισήγετο
3610 5317 3692 5388 τῷ

2093 5413 2244 5480 τόπῳ
2294 5410 2389 5464 τοῦ
2437 5412 2712 5472 Ἰωάννου,
2767 5405 2964 5477 ἀνδρὸς
3019 5405 3363 5477 ἱεροφάντου,
3406 5401 3694 5471 ἄνθρωπος

2098 5495 2278 5566 ἰχθύος
2307 5497 2666 5568 ἀφωνότερος,
2690 5492 2784 5546 καὶ
2817 5490 3089 5562 βατράχου
3111 5489 3506 5558 ἀπραγότερος.
3537 5486 3696 5539 Ἔστι

2095 5580 2206 5650 γὰρ
2243 5581 2330 5633 ὅτε
2361 5582 2456 5634 καὶ
2479 5579 2676 5650 πρᾶξις
2706 5576 2882 5640 λαλεῖ,
2918 5575 3156 5646 μάλιστα
3189 5573 3318 5623 ὅταν
3355 5569 3422 5622 δι’
3450 5569 3585 5622 αὐτὸ
3607 5569 3696 5635 γέ-

2096 5682 2255 5735 νηται
2288 5665 2349 5719 10
2390 5664 2574 5718 καλόν.
2609 5661 2994 5732 Διακρατήσας
3019 5657 3075 5710 δέ
3107 5656 3168 5708 τὸ
3189 5656 3290 5727 ζῇν
3319 5652 3514 5708 ἐαυτοῦ
3537 5652 3697 5705 δεκαο

2096 5756 2373 5826 τέσσαρας
2411 5753 2604 5824 μῆνας,
2636 5750 2991 5820 ἀποθνήσκει,
3021 5745 3098 5808 εἰς
3121 5745 3189 5796 τά
3207 5743 3516 5811 Εύαγγέλια
3550 5757 3696 5810 παρ-

2097 5843 2368 5913 ορκήσας·
2403 5843 2535 5895 ὅπου
2588 5836 2773 5909 ῶμοσε
2829 5835 2907 5907 τῷ
2940 5833 3155 5904 ἀδελφῷ
3206 5830 3496 5902 Νεκταρίῳ
3528 5828 3694 5900 μηδέ-

2099 5948 2229 5984 ποτε
2291 5927 2678 5995 καταδέξεσθαι
2738 5925 3046 5995 ἐπισκοπῆς
3107 5920 3472 5994 χειροτονίαν,
3533 5919 3699 5990 ἡνίκα

2099 6021 2372 6074 ὠνείδισεν
2396 6020 2546 6090 αὐτῷ
2597 6019 2670 6090 μὴ
2710 6016 3022 6088 βουληθέντι
3066 6011 3321 6083 γενέσθαι
3375 6011 3430 6062 ἐν
3469 6008 3692 6079 Ταρσῷ.

2103 6114 2178 6176 ὡς
2210 6111 2298 6165 τὸν
2330 6109 2495 6166 αὐτοῦ
2524 6106 2981 6177 καιροσκοπούντι
3024 6104 3274 6157 θάνατον.
3313 6099 3603 6166 Γεγένηται
3647 6097 3693 6151 δ’

3285 6185 3323 6244 θ
