4494 6686
801 570 872 629 37
2033 573 2118 631 PA
2131 576 2257 631 LLA
2270 574 2355 630 Dll
2393 573 2741 635 DIALOGUS
4002 583 4073 638 58

801 695 951 766 σύτῷ
975 694 1074 768 τῆς
1108 698 1391 768 ἐπιορκίας
1421 697 1568 751 αἰτία
1610 698 1669 751 τὸ
1706 696 1803 767 μὲν
1826 697 1996 768 πρὶνδ
2022 700 2053 768 ἡ
2091 695 2382 760 κενοδοξία,

802 781 868 835 δι’
895 782 962 852 ἢν
994 781 1377 850 ἐμνηστεύετο,
1401 782 1477 847 ώς
1510 784 1576 836 ἀν
1605 782 1747 834 εἴποι
1773 798 1877 844 τις,
1911 780 2008 852 τὴν
2047 785 2275 849 γυναῖκα
2294 778 2387 832 τοῦ

803 864 1056 920 ἀδελφοῦ·
1092 865 1387 933 μετέπειτα
1419 866 1477 918 δὲ
1514 868 1545 937 ή
1581 866 1831 933 αἰσχύνη,
1900 864 2253 935 προφητικῶς
2280 862 2388 913 τῶν

806 948 1039 1017 ἐλέγχων
1073 947 1222 1017 αὐτῷ
1247 949 1399 1020 παρά
1434 949 1526 1002 τοῦ
1549 946 1778 1013 ἀδελφοῦ
1813 948 2179 1016 ἐπαχθέντων.
2210 946 2392 1014 Τούτῳ

801 1033 882 1101 τῷ
920 1034 1191 1104 ’Δρσακίῳ
1220 1033 1463 1094 ’Δττικὸς
1481 1031 1864 1098 ἀντεισάγεται
1893 1034 1957 1084 ἐκ
2007 1034 2114 1085 τῶν
2158 1031 2394 1101 πρεσίῖυ-

802 1116 998 1187 τέρων,
1041 1116 1220 1187 πάσης
1261 1117 1507 1187 μηχανῆς
1544 1115 1797 1185 τεχνίτης
1831 1116 1973 1170 κατά
1999 1116 2092 1169 τοῦ
2125 1117 2389 1169 Ἰωάννου·

802 1198 859 1261 ὃς
889 1199 1224 1268 θεασάμενος
1267 1198 1469 1268 μηδένα
1502 1198 1609 1250 τῶν
1636 1198 1972 1252 ἀνατολικῶν
2007 1198 2155 1269 αύτῷ
2179 1198 2395 1251 ἐπισκό-

806 1300 924 1337 πων
948 1281 1325 1344 κοινωνοῦντα,
1356 1280 1495 1352 μήτε
1522 1281 1629 1353 μὴν
1656 1282 1749 1333 τοῦ
1772 1283 1869 1351 τῆς
1900 1282 2106 1345 πόλεως
2135 1282 2285 1344 λαοῦ,
2309 1280 2396 1331 διὰ

803 1364 873 1417 τά
898 1362 1069 1427 οὕτως
1100 1364 1319 1433 ἀνόμως
1370 1364 1936 1435 παρακολουθήσαντα
1976 1368 2070 1417 καὶ
2117 1365 2392 1433 ἀθέσμως,

808 1447 1239 1516 παρασκευάζει,
1280 1445 1509 1517 ἄπειρος
1545 1447 1621 1500 ὢν
1653 1448 1761 1499 τῶν
1808 1447 1964 1499 θείων
1994 1447 2243 1516 Γραφῶν,
2274 1447 2397 1509 ταῖς

806 1531 1170 1600 ἀντιγραφαῖς
1199 1531 1711 1599 καταναγκάζεσθαι
1738 1531 1862 1591 τοὺς
1888 1530 1961 1599 μὴ
1984 1528 2392 1588 κοινωνοῦντας.

805 1610 933 1685 Εἶχε
958 1613 1070 1683 δὲή
1115 1613 1214 1683 μὲν
1243 1615 1385 1667 κατὰ
1422 1614 1531 1667 τῶν
1574 1614 1885 1665 ἐπισκόπων
1930 1613 2239 1684 ἀντιγραφὴ
2297 1613 2397 1683 τὴν

804 1696 1033 1766 ἀπειλὴν
1060 1695 1284 1767 ταύτην·
1312 1698 1387 1750 Εἴ
1412 1714 1501 1759 τις
1520 1697 1591 1748 οὐ
1612 1694 1887 1747 κοινωνεῖ
1915 1694 2032 1747 τῶν
2050 1696 2399 1748 ἐπισκόπων

807 1782 1073 1851 Θεοφίλῳ
1101 1780 1199 1833 καὶ
1229 1779 1539 1848 Πυρρυρίῳ
1577 1777 1675 1830 καὶ
1699 1777 1952 1843 Ἀττικῷ,
1988 1778 2098 1845 τῆς
2121 1778 2236 1847 μὲν
2264 1779 2399 1832 Ἔκ-

807 1865 1061 1932 ςιλησίτις
1104 1863 1464 1924 ἐκϐαλέσθω,
1492 1860 1599 1927 τῆς
1618 1860 1687 1914 δὲ
1713 1862 1868 1927 ιδίας
1887 1860 2005 1915 τῶν
2045 1862 2401 1931 πραγμάτων

806 1949 1025 2012 οὐσίας
1038 1947 1364 2014 ῥιπτέσθω.
1393 1944 1673 1997 Ἐντεῦθεν
1701 1946 1749 1997 οί
1777 1947 1873 2014 μὲν
1900 1945 2397 2016 καταϐαρυνόμενοι

805 2028 882 2098 τῷ
903 2029 1011 2082 τῶν
1035 2028 1376 2099 πραγμάτων
1411 2030 1636 2099 φορτίῳ,
1662 2029 1756 2082 καὶ
1783 2028 2004 2091 ἄκοντες
2032 2028 2394 2080 κοινωνοῦσιν·

803 2114 853 2164 οί
911 2112 969 2166 δὲ
1021 2112 1339 2182 πενέστεροι
1370 2114 1464 2164 καὶ
1520 2114 1600 2172 είς
1630 2112 1811 2163 πίστιν
1856 2110 1981 2180 ὑγιῆ
2023 2109 2399 2179 ἀσθενέστεροι

806 2197 1133 2267 ὑποσχέσεσι
1171 2195 1357 2266 δώρων
1386 2196 1551 2248 τινῶν
1578 2194 1935 2264 συνεσύροντο
1963 2196 2042 2257 είς
2083 2194 2390 2247 κοινωνίαν·

806 2282 850 2330 οξ
870 2280 928 2332 δέ
958 2279 1165 2346 γένους,
1202 2278 1294 2330 καὶ
1312 2277 1676 2348 πραγμάτων,
1710 2277 1800 2329 καὶ
1820 2276 2093 2347 πατρίδος,
2121 2277 2213 2329 καὶ
2232 2275 2391 2345 δόξης

807 2362 1078 2432 φθαρτῆς,
1115 2362 1210 2414 καὶ
1228 2360 1459 2429 θλίψεως
1496 2360 1813 2430 σωματικῆς
1845 2360 2205 2431 ὑπεριδόντες.
2251 2364 2396 2431 φυγῇ

804 2449 905 2515 τὴν
941 2446 1038 2516 τῆς
1070 2444 1248 2515 ψυχῆς
1272 2443 1549 2512 εὐγένειαν
1571 2444 1940 2513 διεφύλαττον,
1962 2446 2022 2497 τὸ
2046 2444 2402 2513 εύαγγελικὸν

814 2530 904 2581 διά
957 2529 1176 2598 μνήμης
1212 2527 1425 2597 ἔχοντες
1480 2526 1679 2594 λόγιον·
1726 2526 1868 2581 Ἐὰν
1902 2527 2202 2581 διώκωσιν
2248 2527 2406 2597 ὑμᾶς

798 2614 879 2663 ιῖι·
910 2610 985 2680 τῇ
1029 2611 1201 2663 πόλει
1246 2611 1455 2677 ταύτῃ,
1503 2611 1752 2679 φεύγετε
1777 2612 1863 2676 εὶς
1903 2609 2019 2677 τὴν
2048 2610 2268 2678 ἄλλην·
2309 2612 2404 2663 καὶ

808 2696 867 2745 τὸ
891 2694 991 2763 τῆς
1016 2693 1325 2763 Παροιμίας
1367 2694 1579 2755 ἑαυτοῖς
1610 2694 1971 2761 ἐπιλέγοντες·
2017 2695 2139 2745 Οὐκ
2171 2692 2403 2761 ὠφελή-

808 2792 1031 2831 σουσιν
1063 2775 1413 2843 ὑπάρχοντα
1458 2776 1528 2828 ἐι·
1557 2776 1745 2845 ἡμέρᾳ
1794 2776 2003 2841 θυμοῦ.
2036 2775 2303 2844 ’Έφθανον
2346 2777 2403 2827 δὲ

808 2862 853 2911 οἱ
882 2860 979 2930 μὲν
1010 2860 1068 2911 ἐν
1111 2862 1178 2928 τῇ
1233 2859 1439 2929 Ῥώμῃ,
1490 2859 1541 2911 οἱ
1573 2861 1628 2911 δὲ
1677 2861 1733 2911 ἐν
1758 2862 1871 2922 τοῖς
1910 2859 2114 2929 ὄρεσιν,
2145 2859 2321 2928 ἕτεροι
2347 2859 2403 2912 δὲ

812 2947 869 2995 ὲι
908 2946 1019 3005 τοῖς
1052 2942 1161 2995 τῶν
1195 2942 1453 3011 ἀσκητῶν
1485 2944 1920 3013 φροντιστηρίοις
1971 2942 2287 3007 διεσώζοντο
2341 2945 2405 2996 ἐκ

811 3028 909 3096 τῆς
956 3024 1256 3093 Ἰουδαϊκῆς
1306 3026 1594 3095 πονηρίας.
1656 3026 1720 3077 Ἦ
1762 3026 1819 3076 δὲ
1859 3026 2001 3079 κατά
2040 3025 2149 3078 τῶν
2200 3026 2406 3079 λαῖκῶν

811 3108 1119 3179 ἀντιγραφή
1142 3112 1405 3179 περιεῖχε·
1444 3108 1590 3173 Τοὺς
1612 3108 1730 3177 μὲν
1758 3109 1828 3161 ἐι·
1867 3108 2209 3177 ἀξιώμασιν
2240 3110 2406 3162 ἐκπί-

812 3190 1118 3258 πτεινςτοῖς
1146 3190 1299 3244 κατά
1332 3192 1438 3257 τὰς
1486 3192 1678 3259 ἀρχὰς
1709 3192 1908 3257 ἀξίας,
1946 3193 2088 3259 τοὺς
2125 3192 2193 3245 δὲ
2220 3208 2403 3261 etpa-

812 3274 1019 3339 τιώτας
1061 3272 1168 3339 τὰς
1209 3272 1395 3339 ζώνας
1434 3274 1792 3341 ἀπολλύειν,
1843 3277 1986 3342 τοὺς
2036 3277 2105 3329 δὲ
2151 3277 2405 3345 λοιποὺς

811 3358 1041 3426 δήμους
1065 3356 1164 3409 καὶ
1198 3357 1576 3426 χειροτέχνας
1608 3360 1841 3427 χρυσίῳ
1868 3359 2205 3413 πολυολκεῖ
2223 3375 2407 3429 προσ-

816 3440 1185 3510 τιμηοὼτας,
1225 3440 1675 3496 ἀποϐάλλεσθαι
1700 3443 1924 3511 ἐξορίᾳ.
1959 3443 2105 3513 Πλὴν
2138 3445 2288 3514 ὅμως
2314 3444 2409 3498 καὶ

812 3523 987 3577 ταῦτα
1034 3524 1357 3596 ἐπράττετο,
1390 3525 1483 3577 καὶ
1510 3526 1566 3577 αί
1594 3528 1896 3596 προσευχαὶ
1944 3525 2052 3578 τῶν
2104 3526 2410 3580 σπουδαίων

814 3610 871 3658 ἐν
900 3606 976 3676 τῷ
1006 3605 1258 3676 ὑπαίθρῳ
1289 3608 1642 3660 ἐπετελοῦντο
1681 3608 1821 3677 μετά
1858 3608 2059 3677 πολλῆς
2107 3611 2205 3679 τῆς
2244 3626 2411 3662 κακο-

817 3689 1070 3749 παθείας,
1105 3688 1258 3760 φιλία
1291 3694 1359 3760 τῇ
1411 3692 1547 3759 πρὸς
1578 3691 1669 3744 τὸν
1706 3692 1933 3761 Σωτῆρα
1986 3691 2077 3743 τὸν
2126 3691 2404 3761 εἰρηκότα·

830 3771 976 3838 Ἐγώ
1003 3775 1120 3842 εἰμι
1145 3775 1184 3841 ἠ
1232 3774 1369 3837 ὁδὸς
1401 3775 1498 3827 καὶ
1528 3776 1565 3841 ὴ
1609 3774 1877 3841 ἀλήθεια·
1911 3775 2003 3827 κα)⁸
2033 3775 2213 3837 πάλιν,
2264 3777 2408 3843 Cap.

815 3856 1000 3920 ιτεῒτε,
1036 3855 1154 3923 ἐγὼ
1180 3857 1471 3924 νενίκηκα
1499 3860 1605 3911 τὸν
1626 3861 1880 3927 κόσμον.
1914 3860 2022 3911 Καὶ
2044 3862 2071 3911 δ
2096 3860 2193 3928 μὲν
2226 3859 2405 3929 μακά-

818 3956 933 4007 ριος
980 3938 1235 4008 Ἰωάννης
1275 3940 1503 4008 οἰκήσας
1530 3940 1629 4010 τὴν
1660 3941 1971 3994 Κουκουσὸν
2002 3941 2119 4003 ἔτος
2150 3941 2228 4001 ἓν,
2253 3941 2407 3993 πλεί-

817 4038 977 4085 στους
1011 4020 1309 4091 διαθρέψας
1332 4022 1571 4092 πένητας
1603 4024 1702 4093 τῆς
1737 4024 2029 4093 ’Δρμενίας
2054 4025 2114 4077 οὑ
2154 4023 2409 4078 τοσοῦτον

819 4107 969 4177 σίτῳ,
1000 4105 1123 4157 ὅσον
1157 4104 1320 4175 λόγῳ·
1349 4104 1553 4173 ἔφθασε
1603 4104 1714 4175 γάρ
1745 4107 1865 4159 κατ’
1895 4108 2073 4159 ἐκεῖνο
2095 4105 2286 4175 καιροῦ
2315 4107 2411 4175 μέ-

816 4207 919 4257 γας
946 4188 1103 4259 λιμὸς
1131 4187 1229 4258 τὴν
1258 4186 1443 4257 χώραν
1473 4188 1715 4258 ἐκείνην.
1747 4188 2130 4258 Βασκήναντες
2166 4187 2223 4240 δὲ
2263 4188 2413 4258 αὑτῷ

815 4274 912 4327 καὶ
976 4272 1069 4325 ἐπὶ
1104 4270 1281 4341 τούτῳ
1327 4273 1376 4323 οί
1424 4271 1825 4339 ἀδελφοκτόνοι,
1886 4272 2288 4343 μεταφέρουσιν
2332 4274 2413 4334 είς

832 4354 1175 4428 ’Δραϐισσὸν,
1206 4354 1484 4424 διαφόροις
1505 4354 1897 4419 ὑποϐάλλοντες
1942 4356 2285 4424 κακουχίαις,
2325 4356 2412 4409 ἵνα

819 4440 881 4493 τὸ
908 4440 1008 4510 ζῇν
1038 4437 1301 4508 ἀπολίπῃ·
1348 4438 1510 4490 κάκεῖ
1553 4436 1714 4493 πάλιν
1753 4439 1815 4490 ού
1862 4439 2073 4509 μικρῶς
2101 4438 2413 4510 διαλάμψας

818 4524 939 4585 ταῖς
956 4522 1175 4592 ἀρεταῖς
1203 4521 1282 4591 (ού
1312 4519 1534 4575 δύναται
1574 4521 1684 4593 γάρ
1739 4521 1893 4586 πόλις
1935 4522 2205 4592 κρυϐῆναι
2226 4524 2413 4576 ἐπάνω

820 4605 979 4673 ὅρους
1002 4604 1248 4672 κειμένη,
1269 4604 1389 4656 οὑδέ
1418 4603 1609 4673 λύχνος
1638 4605 1879 4675 φαιδρῶς
1896 4605 2186 4674 καιόμενος
2217 4603 2413 4675 ξυλίνῳ

825 4686 1196 4757 σκεπασθῆναι
1238 4686 1445 4755 μοδίῳ)·
1478 4687 1729 4757 ἐξήγειρε
1752 4688 1861 4757 γάρ
1896 4687 2143 4757 καθάπερ
2165 4688 2223 4750 ἐξ
2245 4687 2411 4740 ὕπνου

822 4768 921 4841 τῆς
970 4769 1193 4837 ἀγνοίας
1236 4769 1373 4840 πρὸς
1421 4768 1521 4840 τὴν
1551 4769 1645 4822 τοῦ
1690 4769 1849 4837 λόγου
1901 4770 2095 4822 ἀκτῖνα
2127 4770 2191 4821 ἐκ
2233 4771 2413 4839 πάσης

828 4852 1136 4923 περιχώρου
1181 4852 1309 4915 τοὺς
1355 4854 1495 4919 ἀγαν
1556 4852 1976 4923 κεκαρωμένους
2037 4854 2104 4922 τῇ
2159 4852 2412 4922 ἀπιστίᾳ.

829 4936 1192 5006 Σφοδρότερον
1214 4935 1271 4986 δὲ
1292 4938 1355 5003 τῇ
1392 4936 1549 5003 φλογὶ
1576 4939 1676 5007 τῆς
1704 4935 2009 5005 βασκανίας
2039 4935 2413 5005 κατακαιόμε-

828 5020 969 5072 νοιοί
988 5018 1115 5087 περὶ
1129 5018 1477 5086 Σευηριανὸν,
1494 5019 1588 5070 καὶ
1604 5018 1932 5089 Πορφύριον,
1952 5020 2043 5071 καὶ
2068 5018 2246 5086 ἕτεροί
2273 5035 2419 5080 τινες

828 5103 925 5171 τῆς
949 5101 1145 5171 Συρίας
1172 5099 1479 5162 ἐπίσκοποι,
1500 5101 2008 5169 παρασκευάζουσιν
2038 5102 2202 5156 αὑτὸν
2232 5102 2419 5155 κάκεῖ-

829 5184 918 5236 θεν
944 5184 1355 5253 μετενεχθῆναι·
1400 5182 1570 5254 βαρὺς
1601 5182 1711 5253 γάρ
1742 5186 1923 5248 αὐτοῖς
1960 5183 2027 5256 ἦν
2054 5188 2114 5239 οὐ
2152 5187 2311 5257 μόνον
2359 5189 2418 5240 ἐν

829 5270 950 5329 ταῖς
1000 5268 1383 5336 νομιζομέναις
1418 5267 1761 5338 εὐημερίαις,
1796 5268 1932 5321 ἀλλὰ
1966 5269 2143 5337 πολλῷ
2172 5270 2330 5323 πλέον
2361 5273 2417 5323 ἐν

832 5356 948 5416 ταῖς
981 5351 1365 5421 δυσημερίαις.
1414 5350 1599 5419 ἀφυῶς
1630 5351 1994 5421 διακειμένοις
2041 5355 2170 5419 περὶ
2199 5353 2297 5424 τὴν
2328 5354 2420 5421 φύ-

836 5451 918 5486 σιν
944 5434 1051 5486 τῶν
1086 5435 1434 5503 πειρασμῶν,
1471 5433 1531 5485 οὑ
1590 5434 1958 5505 μεμνημένοις
1996 5433 2091 5487 τοῦ
2136 5434 2269 5503 πρὸς
2330 5436 2420 5488 τὸν

848 5518 1166 5571 Ἀπόστολον
1188 5517 1336 5571 θείου
1373 5517 1623 5587 χρησμοῦ
1654 5519 1710 5569 ὲν
1733 5522 1851 5581 ταῖς
1872 5518 2081 5587 θλίψεσι
2110 5518 2417 5583 γενόμενον,

834 5602 914 5664 τὸ,
959 5601 1153 5669 Ἀρκεῖ
1174 5618 1272 5655 σοι
1305 5603 1339 5667 ἡ
1364 5601 1538 5671 χάρις
1569 5616 1709 5669 μου·
1740 5602 1778 5667 ὴ
1812 5604 1918 5670 γὰρ
1946 5600 2201 5671 δύναμίς
2215 5618 2334 5667 μου
2356 5601 2423 5652 ἐν

835 5686 1117 5749 ἀσθενείᾳ
1147 5686 1493 5738 τελειοῦται.
1515 5683 1855 5752 Θεασάμενοι
1882 5685 1987 5754 γὰρ
2014 5685 2423 5754 μεταναστᾶσαν

835 5772 933 5841 τὴν
974 5768 1292 5837 Ἀντιοχέων
1335 5769 1428 5820 ἐπὶ
1451 5768 1547 5838 τὴν
1594 5766 1912 5837 Ἀρμενίων,
1956 5767 2209 5819 κάκεῖθεν
2264 5766 2423 5819 πάλιν

839 5858 930 5909 ἐπὶ
972 5857 1071 5925 τὴν
1115 5856 1433 5925 ’Δντιοχέων
1474 5857 1573 5926 τὴν
1628 5854 1876 5907 Ἰωάννου
1921 5855 2241 5927 εὐχάριστον
2280 5855 2426 5923 φιλο-

841 5941 1029 6009 σοφίαν
1084 5937 1630 6011 ᾁδομένην,ηὓχοντο
1686 5937 1781 5991 καὶ
1837 5937 1897 5989 τὸ
1937 5938 2034 6010 ζῇν
2090 5938 2422 6008 ἀπορρῆξαι,

903 6080 927 6111 ⁸
953 6078 1055 6139 εἷς,
1081 6090 1171 6142 pro
1194 6080 1249 6131 τὸ
1274 6080 1355 6143 μὲν
1380 6083 1587 6145 πρῶτον.

2493 696 2746 769 καθάπερ
2773 697 2876 751 ὑπὸ
2902 697 3181 768 μαστίγων
3205 698 3313 753 τῶν
3330 696 3684 769 διηγημάτων
3717 692 4074 770 βασανιζόμε-

2490 797 2568 832 νοι
2600 782 2860 848 (τοιοῦτον
2890 782 2999 854 γάρ
3021 784 3048 834 δ
3082 783 3373 853 μισόκαλος
3396 782 3628 851 φθόνος)·
3649 777 3723 841 ὼς
3748 780 3876 842 τοὺς
3902 783 4071 851 ὀρῶν-

2489 880 2586 926 τας
2617 865 2725 916 τῶν
2754 868 3033 937 ἑπομένων
3059 869 3239 930 αὑτοῖς
3263 866 3538 938 κληρικῶν
3568 861 3945 934 θαυμάζοντας
3984 866 4076 918 λέ-

2492 964 2628 1015 γειν·
2665 948 2831 1001 Ἴδετε
2878 954 3070 1021 νεκρὸν
3120 953 3367 1021 φοϐερὸν,
3415 954 3539 1013 τοὺς
3573 948 3778 1014 ζῶντας
3812 948 3905 999 καὶ
3939 962 4077 1016 κραρ

2491 1031 2717 1092 τοῦντας
2743 1031 3124 1097 διαπτοοῦντα,
3175 1036 3429 1105 καθάπερ
3460 1036 3587 1097 τοὺς
3619 1032 3813 1094 παῖδας
3852 1029 3919 1081 τά
3945 1046 4080 1101 μορ-

2495 1116 2776 1186 μολυκεῖα.
2826 1114 3025 1168 Βαϐαίί
3062 1121 3111 1169 οί
3162 1119 3260 1181 τὰς
3298 1119 3569 1188 κοσμικὰς
3612 1114 3925 1177 δυναστείας
3982 1128 4080 1167 και

2491 1200 2581 1251 τὸν
2615 1197 3068 1266 ἐκκλησιαστικὸν
3089 1202 3382 1270 ἐνημμένοι
3409 1201 3637 1254 πλοῦτον
3671 1202 3785 1271 μετ’
3808 1198 4075 1265 ἐξουσίας.

2496 1280 2633 1351 μετὰ
2662 1280 2757 1334 καὶ
2785 1282 2886 1350 τῆς
2910 1281 3018 1332 τῶν
3054 1284 3396 1351 πραγμάτων
3434 1286 3629 1355 ἀρχῆς,
3656 1285 3747 1338 τὸν
3782 1284 3951 1356 ἱερέα,
3988 1282 4085 1335 τὸν

2497 1364 2676 1434 μόνον,
2703 1364 2793 1417 τὸν
2823 1364 3036 1429 ἄπολιν,
3070 1365 3162 1416 τὸν
3196 1365 3400 1433 ἀσθενῆ
3438 1370 3501 1435 τῇ
3558 1369 3741 1436 σαρκὶ,
3770 1368 3859 1420 τὸν
3906 1366 4081 1439 ἐξόρι-

2497 1464 2619 1501 στον
2660 1447 2911 1511 δεδιότες,
2971 1447 3215 1517 ὠχριῶσι
3283 1448 3665 1515 σφαδάζοντες.
3736 1452 3949 1521 Μηκέτι
3987 1446 4081 1503 οὖν

2497 1534 2935 1604 καρτερήσαντες
2958 1536 3022 1602 τῇ
3050 1534 3220 1603 σκηνῇ
3250 1530 3516 1601 κρύπτειν
3537 1532 3627 1585 τὸν
3648 1534 3797 1600 ὅφιν,
3828 1532 4081 1587 ἀποστεί-

2496 1615 2685 1678 λαντες
2718 1617 2798 1675 είς
2826 1617 2884 1667 τὸ
2916 1616 3300 1685 στρατόπεδον,
3342 1614 3693 1684 ἐκπορίζουσι
3728 1616 3888 1668 πάλιν
3934 1617 4085 1668 ἀντι-

2498 1702 2714 1772 γραφὴν
2761 1700 3126 1769 σφοδροτέραν
3158 1699 3297 1769 μετὰ
3332 1698 3655 1769 προστίμοΨ
3692 1698 3843 1761 έντδς
3889 1699 4086 1767 στενῆς

2499 1783 2831 1855 προθεσμίας
2863 1780 3247 1850 μετενεχθῆναι
3278 1783 3439 1835 αὑτὸν
3466 1783 3547 1843 είς
3571 1781 3891 1843 Πιτυοῦντα,
3918 1782 4084 1834 τόπον

2501 1867 2811 1936 πανέρημον
2847 1864 2954 1915 τῶν
2990 1863 3232 1927 Τζάνων,
3277 1866 3627 1935 ἐπικείμενον
3679 1868 3744 1935 τῇ
3795 1864 3931 1936 ὄχθη
3985 1867 4084 1934 τῆς

2500 1950 2765 2017 Ποντικῆς
2809 1946 3102 2016 θαλάσσης.
3136 1948 3198 1998 (ὶί
3226 1947 3282 1999 δὲ
3321 1948 3597 2015 διάγοντες
3625 1949 3785 2000 αὐτὸν
3812 1947 4084 2018 στρατιῶ⁴

2495 2050 2585 2086 ται
2616 2032 2709 2084 τοῦ
2739 2032 2983 2101 ἐπάρχου
3005 2029 3114 2082 τῶν
3144 2030 3515 2099 πραιτωρίων,
3564 2030 3658 2083 ἐπὶ
3686 2030 3938 2082 τοσοῦτον
3964 2044 4085 2082 κατ-

2497 2118 2723 2186 ήπειγον
2751 2114 2842 2168 διὰ
2875 2116 2972 2185 τῆς
3025 2113 3167 2175 ὀδοῦ,
3209 2111 3460 2180 λέγοντες
3504 2111 3760 2173 τοιαύτας
3795 2111 3941 2180 ἔχειν
3983 2110 4086 2171 τὰς

2498 2200 2738 2263 ἐντολάς,
2774 2199 2871 2260 ώς,
2921 2200 2969 2251 εί
3004 2196 3264 2250 ἀποθάνοι
3307 2194 3446 2249 κατά
3482 2196 3581 2266 τὴν
3630 2194 3769 2258 ὁδὸν,
3823 2192 4087 2263 μειζόνων

2500 2285 2895 2355 ἀξιωθήσονται
2920 2282 3028 2333 τῶν
3064 2281 3303 2351 βαθμῶν.
3340 2280 3449 2332 Καὶ
3482 2283 3511 2333 ό
3557 2280 3654 2350 μέν
3689 2272 3770 2341 εἷς
3792 2278 3849 2344 ἐξ
3881 2278 4085 2340 αὑτῶν,

2502 2368 2721 2421 ἔλαττον
2759 2366 3052 2437 φροντίσας
3100 2365 3199 2433 τῆς
3234 2362 3513 2433 παρούσης
3560 2362 3871 2433 στρατείας,
3901 2361 4087 2429 φιλαν⁴

2502 2450 2748 2521 θρωπίαν
2778 2448 2897 2501 τινὰ
2943 2447 3123 2510 ποσῶς
3156 2446 3491 2499 διακλέπτων
3525 2444 3854 2497 ἐνεδείκνυτο
3889 2445 3937 2483 δ·
3971 2447 4001 2497 ό
4037 2444 4086 2496 δ’

2506 2535 2694 2606 ἕτερος
2723 2535 2816 2587 ἐπὶ
2844 2532 3095 2585 τοσοῦτον
3117 2527 3185 2602 ἦν
3214 2529 3426 2601 ἀπηνὴς
3459 2530 3554 2582 καὶ
3583 2528 3858 2591 δύσκολος,
3889 2528 3963 2590 ώς
3986 2528 4088 2592 τὰς

2505 2622 2581 2681 είς
2621 2618 2780 2671 αὑτὸν
2806 2616 3097 2686 γινομένας
3112 2613 3398 2676 κολακείας
3428 2612 3578 2683 παρά
3606 2614 3714 2664 τῶν
3746 2627 4090 2681 προστυγχα-

2506 2702 2704 2754 νόντων
2728 2701 2819 2751 ἐπὶ
2853 2698 3024 2767 φειδοῖ
3050 2696 3144 2749 τοῦ
3188 2696 3343 2763 ἀγίου
3376 2694 3563 2764 ὕϐρεις
3588 2693 3853 2763 νομίζειν,
3894 2694 4086 2745 τούτου

2506 2785 2665 2855 μόνον
2698 2782 2996 2851 φροντίζων
3027 2780 3117 2832 τὸν
3163 2778 3414 2848 Ἰωάννην
3438 2776 3858 2845 δυσθανατῆσαι.
3896 2774 4086 2828 Ὑετοῦ

2506 2868 2603 2937 μὲν
2647 2865 2756 2934 γάρ
2785 2862 2988 2932 λάϐρον
3030 2862 3202 2924 ὄντος,
3258 2859 3629 2929 ἀφροντίστως
3662 2858 3830 2928 ἐξῄει,
3874 2859 3949 2920 ώς
3999 2858 4091 2911 διά

2504 2948 2671 3002 νώτου
2702 2946 2795 3000 καὶ
2822 2946 3059 3016 στέρνων
3085 2942 3347 3014 φέρεσθαι
3370 2943 3467 3005 τάς
3494 2942 3602 2994 τῶν
3624 2942 3830 2994 ὑδάτων
3843 2940 4085 3002 λιϐάδας.

2506 3031 2738 3102 Σφοδρὸν
2767 3029 2822 3081 δὲ
2876 3027 3038 3080 πάλιν
3067 3026 3255 3096 καῦμα
3282 3026 3433 3095 ηλίου
3489 3026 3610 3077 ἀντί
3643 3028 3851 3095 τρυφῆς
3881 3027 4087 3093 ἡγεῖτο,

2506 3114 2660 3175 εἰδὼς
2690 3115 2748 3164 ἐν
2783 3110 2959 3180 τούτῳ
2978 3111 3268 3178 δυσφορεῖν
3300 3109 3360 3158 τὸ
3388 3106 3728 3159 Ἐλισσαῑκὸν
3753 3108 3972 3176 κρανίον
3990 3105 4088 3159 τοῦ

2508 3198 2799 3268 μακαρίου.
2832 3195 2924 3257 Εἰς
2948 3193 3100 3245 πόλιν
3126 3192 3182 3243 δὲ
3208 3192 3241 3260 ἦ
3262 3190 3477 3259 κώμην,
3510 3189 3640 3243 ἔνθα
3662 3190 3886 3260 λουτροῦ
3910 3208 4091 3261 παρα-

2510 3280 2676 3352 μυθία
2701 3275 2791 3348 ἦν,
2830 3277 2951 3329 οὑδὲ
2985 3274 3219 3344 στιγμὴν
3245 3278 3272 3327 ό
3292 3273 3551 3343 δύστηνος
3570 3272 3866 3342 συνεχώρει
3890 3277 4085 3326 ποιεῖν.

2508 3364 2617 3415 Καὶ⁸
2656 3363 2714 3413 ἐν
2762 3359 2972 3421 τούτοις
3011 3359 3176 3409 πᾶσιν
3208 3356 3300 3407 ἐπὶ
3324 3357 3586 3424 τρίμηνον
3615 3355 3714 3425 τὴν
3742 3355 4091 3425 ἀργαλεωτά-

2506 3462 2606 3515 την
2632 3445 2846 3511 ἐκείνην
2886 3441 3117 3512 βαδίζων
3147 3440 3286 3503 ὁδὸν,
3331 3438 3523 3508 ἔμενεν
3548 3440 3577 3490 ὁ
3605 3438 3760 3504 ἀγιος
3786 3440 3861 3501 ώς
3913 3440 4092 3509 ἀστὴρ

2509 3528 2853 3589 διαστίλϐων,
2907 3526 3045 3595 ἔχων
3093 3525 3153 3576 τὸ
3200 3524 3471 3593 σωμάτιον
3509 3523 3760 3594 καθάπερ
3806 3524 3971 3595 μῆλον
4002 3525 4091 3578 ἐπ’

2509 3613 2696 3682 ἄκρων
2728 3609 2938 3662 κλάδων
2993 3606 3544 3676 ήλιοφοινισσόμενον.
3587 3605 3996 3676 Πλησιάσαντες
4030 3606 4092 3659 δὲ

2506 3699 2571 3765 τῇ
2606 3694 2829 3763 Κομάνῃ
2854 3690 3105 3761 καθάπερ
3150 3690 3394 3758 γέφυραν
3434 3688 3604 3758 αὑτὴν
3633 3687 3929 3758 παρῆλθον,
3986 3687 4095 3754 ἐξω

2507 3778 2597 3829 τοῦ
2628 3776 2839 3845 τείχους
2870 3776 2925 3826 ἐν
2974 3773 3051 3841 τῷ
3083 3772 3365 3843 μαρτυρίῳ
3395 3772 3676 3841 μείναντες
3708 3772 3816 3825 ἀπὸ
3864 3772 4020 3825 πέντε
4055 3771 4091 3840 ἢ

2509 3859 2569 3923 ἐξ
2597 3858 2856 3928 σημείων.
2898 3856 3033 3909 Κατ’
3070 3856 3240 3925 αὐτὴν
3272 3855 3329 3906 δὲ.
3356 3856 3454 3925 τὴν
3476 3854 3645 3907 νύκτα
3674 3855 3918 3925 παρέστη
3943 3854 4095 3924 αύτῷ

2509 3945 2537 3996 ό
2559 3942 2652 3995 τοῦ
2684 3942 2848 3994 τόπου
2871 3941 3080 3991 ἐκείνου
3118 3940 3345 4009 μάρτυς,
3384 3938 3703 4001 Βασιλίσκος
3728 3938 3897 4007 ὄνομα
3921 3937 4092 4007 αὐτῷ,

2511 4027 2569 4090 ὃς
2596 4026 2885 4095 μαρτυρεῖ,
2918 4023 3215 4085 ἐπίσκοπος
3242 4022 3316 4074 ὢν
3362 4021 3653 4091 Κομανῶν,
3680 4023 3737 4073 ἐν
3760 4020 4097 4090 Νικομηδείᾳ

2511 4109 2604 4161 ἐπὶ
2638 4104 3005 4175 Μαξιμιανοῦ,
3039 4106 3155 4174 ἅμα
3185 4105 3468 4174 Λουκιανῷ
3500 4103 3579 4173 τῷ
3616 4106 3673 4156 ἐν
3706 4103 3927 4171 Βιθυνία
3956 4119 4093 4171 πρε-

2514 4192 2759 4262 σϐυτέρῳ
2805 4191 2917 4243 δντι
2968 4189 3319 4258 Ἀντιοχείας,
3378 4188 3560 4256 φήσας
3591 4202 3605 4215 ·
3636 4186 3861 4253 Θάρσει,
3894 4185 4094 4253 ἀδελφὲ

2525 4275 2742 4343 Ἰωάννη
2767 4290 2778 4302 ·
2807 4272 2995 4343 αὔριον
3022 4272 3131 4341 γάρ
3173 4271 3291 4340 ἅμα
3326 4268 3583 4338 ἐσόμεθα.
3613 4268 3749 4320 Φασὶ
3782 4267 3861 4330 δὲ,
3902 4285 4091 4337 προει-

2516 4358 2669 4429 ρήκει
2704 4357 2797 4409 καὶ
2830 4356 3200 4425 παραμένοντι
3235 4351 3614 4421 πρεσϐυτέρῳ·
3654 4350 3973 4419 Ἑτοίμασον
4000 4351 4092 4403 τὸν

2512 4440 2673 4493 τόπον
2706 4438 2783 4509 τῷ
2840 4435 3052 4505 ἀδελφῷ
3086 4435 3309 4503 Ἰωάννῃ
3341 4449 3354 4462 ·
3385 4432 3603 4502 ἔρχεται
3635 4432 3763 4503 γάρ.
3808 4434 3985 4501 Ἕχων
4034 4433 4091 4485 δὲ

2514 4522 2719 4585 πιστῶς
2770 4523 2861 4573 τὸν
2921 4518 3171 4591 χρησμὸν
3203 4519 3231 4569 ό
3300 4517 3573 4584 Ἰωάννης,
3613 4517 3705 4569 ἐπὶ
3760 4518 3859 4585 τὴν
3902 4515 4093 4588 αὔριον

2516 4605 2816 4677 παρεκάλει
2850 4603 3045 4663 αὐτοὺς
3070 4602 3175 4662 ἐως
3205 4599 3461 4669 πέμπτης
3490 4600 3639 4670 ὧρας
3676 4601 3792 4653 ἐκεῖ
3822 4602 4099 4671 παραμεῖ-

2516 4709 2622 4742 ναι.
2654 4690 2717 4742 Οί
2750 4689 2804 4739 δὲ
2835 4687 2908 4755 μὴ
2938 4683 3270 4745 πεισθέντες,
3297 4682 3610 4751 ἐξήλαυνον·
3654 4682 3897 4747 ἐλθόντες
3928 4683 3983 4735 δὲ
4019 4682 4095 4746 ώς

2520 4771 2769 4831 σταδίους
2818 4770 3134 4838 τριάκοντα,
3189 4766 3350 4818 πάλιν
3406 4767 3835 4838 ὑποστρέφουσιν
3880 4768 3957 4828 εἰς
4003 4766 4095 4817 τὸν

2517 4855 2681 4905 τόπον
2707 4851 2799 4904 τοῦ
2833 4852 3155 4922 μαρτυρίου.
3183 4852 3274 4919 ἀφ’
3314 4843 3375 4903 οὗ
3417 4852 3655 4921 ἀπῆραν.
3688 4850 3897 4917 ἔχοντος
3928 4846 4097 4901 αὑτοῦ

2519 4935 2705 4999 ὀξέως.
2734 4934 2918 4996 Οῦτως
2969 4931 3062 4987 οῦν
3098 4933 3288 4993 ἐλθὼν.
3339 4934 3592 5004 ἐπιζητεῖ
3615 4934 3679 4984 τά
3713 4930 3836 4993 ἀξια
3856 4928 3949 4981 τοῦ
3980 4927 4094 4997 βίου

2519 5018 2746 5089 λαμπρά
2786 5018 2994 5088 ἱμάτια,
3047 5019 3137 5070 καὶ
3174 5018 3580 5087 ἀποδυσάμενος
3618 5014 3687 5066 τὰ
3718 5012 3975 5081 πρότεραι
4007 5012 4094 5062 ἐν·

2520 5100 2750 5155 εδύσατο
2778 5103 2986 5169 νήφων,
3017 5100 3246 5164 ἀλλάξας
3274 5101 3377 5163 ἓως
3408 5096 3786 5165 ὑποδημάτων·
3824 5095 3891 5146 τά
3937 5094 4097 5146 λοιπά

2522 5186 2580 5239 δὲ
2630 5187 2865 5254 διένειμε
2910 5188 3024 5247 τοῖς
3050 5184 3335 5255 παροῦσιν.
3375 5184 3485 5236 Καὶ
3511 5180 3843 5247 κοινωνήσας
3870 5177 3975 5229 τῶν
4004 5180 4094 5229 Δε-

2526 5269 2799 5322 σποτικῶν
2836 5267 3137 5336 συμϐόλων,
3167 5271 3310 5320 ποιεῖ
3344 5266 3441 5333 τὴν
3492 5260 3805 5315 τελευταίαν
3847 5261 3938 5311 ἐπὶ
3990 5260 4097 5314 τῶν

2522 5356 2804 5425 παρόντων
2842 5353 3164 5424 προσευχὴν,
3187 5354 3355 5405 εἰπὼν
3382 5350 3442 5401 τὸ
3470 5346 3530 5410 ἐξ
3562 5345 3717 5406 ἔθους
3745 5345 3913 5414 ῥῆμα·
3944 5346 4097 5410 Δόξα

2523 5438 2601 5501 τῷ
2626 5436 2749 5501 Θεῷ
2781 5434 3020 5487 πάντων
3073 5438 3303 5490 ἕνεκεν·
3365 5427 3900 5499 ἐπισφραγισάμενός
3946 5447 4003 5483 τε
4038 5432 4098 5482 τὸ

2526 5520 2747 5589 ὓστερον
2782 5519 2946 5587 ἀμὴν,
2991 5518 3150 5589 ἐξῆρε
3180 5519 3305 5577 τοὺς
3347 5513 3532 5575 πόδας,
3567 5512 3693 5573 τοὺς
3733 5510 3948 5581 ώραίως
3970 5512 4098 5583 δρα-

2528 5603 2725 5672 μόντας
2771 5604 2861 5653 ἐπὶ
2915 5601 3158 5672 σωτηρίᾳ
3197 5600 3303 5649 τῶν
3328 5595 3425 5665 τὴν
3470 5594 3756 5664 μετάνοιαν
3796 5595 4094 5668 ἐλαμένων,

2526 5685 2620 5737 καὶ
2654 5684 2856 5756 ἐλέγχῳ
2881 5685 2988 5737 τῶν
3016 5685 3113 5752 τὴν
3162 5678 3431 5749 ἁμαρτίαν
3463 5676 3730 5742 πλουσίως
3752 5683 4100 5753 γεωργησὼιο

2526 5784 2650 5821 των.
2702 5768 2763 5823 Εἰ
2808 5768 2863 5821 δὲ
2907 5768 3057 5820 οὐδὲν
3087 5763 3303 5831 ὤνησαν
3338 5762 3386 5814 οί
3440 5760 3649 5831 ἔλεγχοι
3685 5763 3805 5826 τοὺς
3839 5765 4097 5832 φαύλους.

2526 5850 2680 5905 τοῦτο
2709 5853 2808 5904 οὑκ
2842 5849 3027 5902 ἀτονία
3054 5845 3145 5898 τοῦ
3185 5847 3725 5915 παρρησιασαμένου,
3758 5845 3872 5900 ἀλλ’
3914 5845 4100 5912 ἰταμό-

2526 5952 2624 6005 της
2648 5935 2753 5989 τῶν
2796 5935 2870 6004 μὴ
2899 5928 3302 5999 ἀνασχομένων.
3338 5929 3665 6001 Προστεθεὶς
3689 5932 3825 6003 πρὸς
3854 5932 3977 5991 τοὺς
4002 5942 4104 5979 πα-

2594 6074 2620 6116 ι)
2646 6072 2934 6137 Legendum
2963 6068 3270 6119 ἐπεδείκνυτο.
