4466 6724
435 635 498 693 57
1421 621 1505 675 DE
1545 616 1701 673 VlTA
1741 617 1796 672 S.
1838 607 2115 669 JOANMS
2153 606 2638 663 CllltYSOSTOMl.
3646 610 3708 659 ζμ(

433 762 575 812 eam,
601 750 810 818 nuptias
841 746 1019 800 uvoris
1050 740 1225 795 fratris
1253 739 1363 801 sui;
1415 734 1606 789 deinde
1638 733 1804 802 pudor
1836 732 2010 784 iocre.

434 842 702 906 potionum
736 840 830 909 ipsi
862 853 890 888 a
921 835 1079 888 fratre
1104 829 1412 903 prophetico
1443 827 1717 880 factartun.
1752 823 1883 878 Huic
1912 823 2014 873 Ar-

431 935 574 984 sacio
597 930 856 984 sufficitur
884 924 1090 978 Atticus
1117 939 1146 975 e
1179 919 1522 990 presbyteris,
1553 919 1790 972 onmium
1819 913 2011 967 adver-

430 1040 520 1077 sus
567 1024 825 1078 Joannem
877 1016 1208 1068 molitionum
1262 1011 1476 1066 artifex.
1528 1012 1776 1079 Quicum
1809 1003 2010 1057 videret

432 1119 697 1170 neminem
723 1110 1063 1164 orientalium
1095 1107 1463 1178 cpiscotiorum
1493 1121 1672 1160 secum
1715 1098 2009 1155 communi-

429 1224 568 1266 care.
601 1211 656 1257 ct
683 1217 748 1256 ne
777 1202 1009 1256 civitatis
1033 1201 1247 1270 quidem
1276 1201 1548 1271 pupulum,
1569 1204 1784 1267 propter
1808 1207 1866 1246 ea
1892 1206 2008 1258 qua:

430 1310 536 1349 tant
568 1292 768 1346 nefarie
814 1302 973 1361 atquc
1019 1293 1208 1362 injuste
1258 1294 1308 1346 in
1358 1292 1618 1346 Joannem
1651 1287 1718 1338 ab
1749 1284 1863 1352 ipso
1891 1291 2006 1336 acta

431 1392 574 1438 eram
601 1402 612 1434 :
644 1397 835 1452 expers
857 1399 976 1436 cum
997 1394 1138 1438 eSsct
1157 1399 1425 1439 sacrarum
1451 1379 1864 1445 Scripturarum,
1889 1391 2010 1444 per-

428 1477 549 1530 fecit
578 1486 634 1527 ut
660 1477 1018 1544 imperialibus
1063 1477 1334 1545 rescriptis
1361 1479 1677 1541 eugercritur
1710 1469 1741 1522 ii
1767 1469 1855 1538 qui
1885 1483 2005 1522 cmn

429 1571 544 1635 ipso
590 1582 695 1620 nou
735 1570 1214 1622 connnunicabant.
1249 1565 1582 1631 ltescriptum
1614 1569 1791 1614 autem
1821 1569 2006 1614 coxitra

428 1658 730 1726 episeopos,
762 1660 897 1713 tales
943 1661 1112 1712 minas
1145 1655 1405 1710 habebat:
1437 1653 1497 1706 Si
1521 1652 1631 1720 quis
1659 1653 2007 1720 episc0porum

428 1764 527 1800 non
554 1754 886 1802 communicat
913 1747 1216 1816 Theophila,
1252 1744 1560 1815 Porphyrio,
1591 1753 1637 1795 et
1677 1742 1861 1805 Attico,
1907 1740 2010 1793 Ec-

428 1840 578 1892 clesia
606 1842 803 1906 quidem
833 1841 1085 1910 ejiciatur,
1114 1849 1160 1891 et
1181 1855 1212 1890 a
1239 1837 1458 1907 propriis
1487 1832 1812 1904 facultatibus
1835 1832 2012 1900 abiga-

430 1943 528 1984 tur.
565 1933 694 1986 Ilinc
720 1934 807 1986 alii
839 1934 926 2000 qui
972 1931 1232 1984 bonormn
1277 1943 1440 1983 onere
1473 1925 1784 1996 prmgravati
1831 1933 2006 1987 erant,

428 2022 585 2075 etiam
616 2024 762 2076 inviti
788 2037 908 2076 cum
937 2023 1050 2090 ipso
1070 2021 1456 2073 communicant
1495 2035 1508 2070 :
1538 2018 1627 2071 alii
1655 2031 1782 2070 vero
1808 2031 2011 2086 paupe-

429 2114 595 2167 riores
625 2125 675 2166 et
703 2114 755 2166 in
786 2113 890 2166 fide
927 2129 1054 2166 sana
1094 2111 1434 2173 infirmiores,
1468 2110 1727 2164 donorum
1755 2123 2008 2177 quorum-

426 2204 546 2255 dam
575 2203 1043 2273 pollicitationibus
1093 2202 1158 2254 ad
1203 2201 1632 2255 communionem
1670 2199 2008 2253 adduceban-

428 2303 550 2348 tur:
579 2294 666 2347 alii
696 2309 894 2360 genere
923 2304 975 2344 et
1007 2291 1434 2360 possessionibus
1461 2299 1516 2342 et
1543 2290 1708 2358 patria
1739 2297 1792 2341 et
1825 2303 2011 2341 eorru-

428 2385 602 2453 plibili
626 2383 794 2450 gloria
824 2392 982 2448 atque
1009 2395 1293 2447 corporum
1317 2379 1595 2431 vexatione
1623 2377 1840 2444 insuper
1863 2375 2011 2428 habi-

427 2478 514 2538 tis,
538 2473 697 2526 animi
723 2472 1052 2525 nobilitatem
1079 2470 1202 2540 fuga
1231 2470 1618 2532 custodiebant,
1643 2469 2007 2538 evangelicum

425 2565 554 2620 illud
577 2567 628 2618 in
656 2565 912 2618 memoria
941 2563 1221 2626 habentes,
1255 2563 1316 2617 Si
1341 2579 1427 2616 vos
1452 2563 1504 2614 in
1549 2562 1643 2614 huc
1671 2562 1867 2614 civitate
1897 2578 2012 2629 per-

423 2669 713 2724 sequantur,
748 2659 906 2728 fugite
950 2659 1002 2710 in
1047 2659 1203 2710 aliam
1247 2656 1459 2728 (.‘lfatth.
1510 2656 1597 2712 10.
1641 2655 1852 2726 ‘23):et
1877 2655 2007 2710 illud

426 2749 830 2803 Proverbiorum
854 2749 952 2803 sibi
979 2749 1236 2814 dicentes,
1267 2747 1388 2800 Non
1417 2747 1692 2817 proderunt
1717 2746 2009 2800 substantia:

423 2843 474 2892 in
503 2841 582 2893 die
608 2842 698 2893 ira:
729 2840 910 2909 (Prov.
937 2841 1021 2893 Η.
1047 2839 1120 2911 Δ).
1154 2839 1380 2893 Profecti
1407 2839 1494 2891 alii
1515 2837 1728 2906 quidem
1757 2837 2003 2903 Romam,

422 2933 508 2985 alii
543 2931 608 2986 ad
643 2942 874 2998 montes,
920 2933 1006 2985 alii
1043 2941 1218 2986 autem
1253 2933 1301 2984 in
1330 2940 1628 2985 ascetarum
1657 2930 2001 2994 monasteria,

422 3039 451 3076 a
473 3023 687 3078 Jndaica
713 3024 987 3093 iniquitate
1010 3023 1376 3078 servabantur.
1405 3023 1646 3076 Edictum
1671 3037 1796 3076 vero
1817 3022 2007 3074 adver-

422 3129 512 3168 sus
542 3114 704 3168 laicos
751 3116 865 3168 hazc
909 3115 1245 3169 continebat:
1279 3113 1379 3179 Qui
1407 3115 1459 3166 in
1487 3113 1812 3182 dignitatibus
1843 3121 2006 3166 essent

423 3207 701 3271 constituti,
734 3223 823 3260 suo
868 3206 1057 3259 honore
1103 3215 1149 3258 et
1192 3206 1437 3276 dignitate
1465 3204 1778 3268 excederent,
1825 3203 2005 3256 milites

423 3299 677 3368 cingulum
703 3297 984 3350 amitterent
1005 3313 1022 3349 :
1041 3296 1134 3349 reli
1151 3313 1237 3364 ,uo
1281 3295 1416 3363 plebs
1446 3306 1593 3364 atque
1634 3294 1837 3363 api/ires
1865 3294 2006 3360 graui

423 3389 537 3441 auri
565 3389 784 3458 pondere
811 3389 1029 3452 multati,
1061 3388 1374 3452 subiacerent
1417 3386 1616 3440 exsilio.
1657 3384 1918 3440 Caeterum
1948 3392 2005 3438 et

423 3481 535 3533 lucc
577 3481 801 3544 fiebant;
832 3489 886 3534 et
929 3495 1114 3549 preces
1137 3496 1167 3533 a
1199 3479 1350 3533 bonis
1378 3490 1433 3533 et
1462 3478 1640 3548 probis
1665 3494 1853 3547 magna
1881 3489 2002 3531 cum

421 3572 762 3626 afflictatione
789 3572 888 3626 sub
915 3571 1004 3626 dio
1031 3571 1440 3641 peragebantur,
1471 3587 1498 3624 a
1528 3587 1676 3626 more
1703 3569 2001 3626 Servatoris

421 3667 508 3736 qui
537 3666 689 3730 dixit,
719 3664 830 3734 Ego
861 3682 970 3719 sum
999 3665 1076 3717 ria
1107 3675 1152 3718 et
1183 3666 1395 3728 veritas;
1426 3673 1478 3717 et
1505 3678 1703 3726 rursus,
1731 3663 2002 3732 Con/iditc:

420 3776 508 3830 ego
559 3759 652 3811 vici
698 3758 938 3810 mundum
968 3756 1146 3826 (Joan.
1176 3759 1263 3811 Η.
1291 3757 1345 3810 6.
1372 3767 1418 3808 et
1456 3755 1536 3809 16.
1565 3756 1678 3823 35).
1710 3759 1786 3809 Ac
1815 3757 2000 3810 beatus

421 3850 633 3920 quidem
661 3848 891 3903 Joannes
920 3848 1111 3902 Cucusi
1141 3856 1379 3901 moratus
1403 3862 1598 3900 annum
1628 3862 1808 3911 unum,
1839 3847 2002 3915 pluri-

423 3956 538 3994 mos
577 3941 842 3994 Armenia:
876 3953 1136 4008 pauperes
1168 3939 1328 4007 pavit,
1372 3953 1474 3990 non
1505 3946 1612 3991 tam
1657 3951 1813 4005 pane,
1843 3951 1998 4006 quam

423 4031 618 4084 verbo:
650 4031 914 4084 invaserat
943 4031 1085 4084 enim
1124 4045 1219 4098 per
1266 4027 1316 4082 id
1359 4037 1566 4096 tempus
1616 4042 1803 4096 magna
1835 4028 2003 4082 fames

423 4123 690 4192 regionem
737 4123 899 4175 illam.
931 4123 1064 4176 Cum
1103 4131 1282 4176 autem
1312 4131 1366 4176 et
1394 4120 1463 4175 ob
1491 4121 1540 4174 id
1573 4120 1670 4189 ipsi
1707 4120 2004 4174 inviderent

423 4214 493 4266 illi
545 4213 846 4276 fratricidm,
893 4212 1204 4266 Arahissum
1255 4227 1377 4267 eum
1430 4209 1784 4272 tran~ferunt,
1843 4212 2004 4265 variis

423 4302 791 4356 vexationibus
829 4302 1193 4372 subjicientes,
1225 4311 1282 4355 ut
1311 4304 1467 4354 vitam
1497 4301 1708 4354 tandem
1737 4302 2006 4371 relinque-

423 4401 524 4447 ret.
560 4394 625 4447 Et
651 4394 758 4448 illic
786 4408 968 4448 rursos
997 4409 1101 4446 non
1145 4391 1485 4447 mediocriter
1511 4391 1795 4444 virtutibus
1825 4393 2002 4461 Splen-

423 4485 649 4540 desct-ns
668 4487 796 4556 (non
830 4494 1002 4552 potest
1017 4485 1159 4537 enim
1185 4483 1368 4536 civitas
1394 4482 1647 4535 abscondi
1676 4497 1834 4551 supra
1856 4498 2006 4536 mon-

424 4587 530 4632 tem
553 4579 744 4645 posita,
767 4593 936 4645 neque
959 4577 1173 4629 lucerna
1200 4573 1477 4642 Splendide
1495 4576 1675 4630 lucens
1695 4576 1868 4644 ligneo
1892 4592 2007 4628 mo-

423 4669 512 4723 dio
535 4667 766 4736 contegi)
792 4667 1067 4727 excitavit,
1097 4665 1258 4718 veluti
1286 4681 1351 4719 ex
1379 4666 1687 4734 ignorantia:
1707 4682 1918 4728 somno,
1937 4665 2001 4719 ad

423 4759 684 4814 sermonis
712 4757 874 4810 divini
902 4757 1072 4810 lucem
1101 4772 1166 4809 ex
1195 4756 1338 4809 omni
1371 4757 1542 4810 vicina
1569 4759 1784 4826 regione
1805 4772 1897 4810 eos
1913 4756 2001 4825 qui

423 4849 569 4920 gravi
597 4845 923 4902 infidelitatis
948 4861 1140 4916 sopore
1173 4847 1413 4916 oppressi
1442 4856 1614 4901 erant.
1649 4849 1816 4901 Porro
1843 4846 2006 4901 vehe-

425 4939 656 4994 mentius
699 4936 908 4990 invidia:
951 4936 1162 4992 flamma
1200 4939 1408 4992 accensi
1448 4940 1764 4993 Severianus
1791 4948 1846 4992 et
1875 4939 2006 4993 Por-

430 5031 651 5102 phyrius
677 5043 737 5082 ac
761 5029 972 5097 quidam
1013 5030 1101 5082 alii
1128 5031 1360 5100 episcopi
1393 5031 1580 5101 Syriae,
1619 5039 1675 5083 ut
1713 5029 1826 5098 ipse
1861 5031 2005 5086 illinc

430 5137 642 5194 quoque
681 5121 1075 5184 transferretur,
1124 5125 1416 5177 moliuntur
1445 5141 1457 5176 :
1489 5139 1610 5177 nam
1661 5125 1836 5194 gravis
1880 5126 2004 5195 ipsis

426 5226 542 5270 erat
563 5230 668 5268 non
693 5212 946 5268 solum'in
981 5215 1246 5282 prosperis
1272 5232 1390 5285 quin
1423 5225 1670 5284 putantur
1700 5217 1874 5280 rebus,
1911 5217 2004 5272 sed

427 5309 596 5362 multo
623 5308 788 5378 magis
819 5307 870 5360 in
900 5304 1154 5359 adversis.
1190 5306 1506 5375 lgnorabant
1532 5310 1733 5363 scilicet
1762 5311 2008 5364 tentatio—

427 5417 553 5455 num
580 5411 840 5462 naturam,
871 5414 1040 5467 neque
1062 5401 1411 5452 meminerant
1435 5399 1598 5454 divini
1621 5401 1686 5454 ad
1707 5403 2004 5470 apostolum

429 5493 480 5545 in
512 5495 888 5548 afflictionibus
909 5492 1141 5546 oraculi:
1169 5490 1363 5560 Suﬁicit
1385 5493 1472 5544 tibi
1497 5495 1659 5562 gratia
1681 5511 1824 5558 mea;
1853 5495 2007 5546 virtus

426 5586 559 5636 enim
586 5603 694 5638 mea
718 5589 769 5639 in
791 5587 1082 5654 inﬁrmitate
1105 5583 1358 5654 per/icitur
1377 5582 1432 5653 (2
1454 5583 1572 5637 Cor.
1590 5584 1675 5637 19..
1705 5585 1782 5655 9).
1817 5585 2008 5638 Viden-

428 5685 509 5729 tes
551 5677 693 5728 enim
729 5677 1111 5732 Antiochenam
1152 5672 1444 5729 Ecclesium
1477 5675 1527 5727 in
1573 5675 1879 5730 Armeniam
1911 5677 2010 5729 mi-

427 5779 628 5835 grasse,
649 5777 702 5818 et
724 5768 871 5820 illinc
889 5785 1071 5822 rursus
1090 5765 1828 5834 Antiochia:jucundissimam
1850 5765 2012 5820 Joan-

431 5859 510 5912 nis
529 5856 913 5928 philosophiam
933 5861 1229 5927 prindieari,
1249 5858 1502 5929 optabant
1518 5858 1599 5912 vel
1620 5859 1779 5910 vitam
1797 5858 2012 5912 abrum-

431 5967 582 6021 pere,
615 5950 696 6003 liis
724 5953 1110 6006 narrationibus
1137 5955 1296 6009 veluti
1325 5952 1500 6024 flagris
1523 5953 1641 6006 torti
1665 5970 1676 6003 :
1708 5951 2009 6020 hujusmodi

430 6044 573 6099 enim
611 6051 690 6098 est
722 6042 976 6096 bonorum
1019 6042 1184 6099 hostis
1214 6045 1440 6100 invidia:
1473 6044 1607 6100 adeo
1637 6055 1690 6099 ut
1715 6043 1892 6100 clerici
1921 6043 2008 6120 qui

2129 737 2220 775 eus
2239 722 2614 790 st-qm-hantur,
2640 736 2756 773 cum
2781 719 2826 772 id
2849 725 3103 785 viderent,
3122 719 3417 774 mirabundi
3437 719 3702 776 dicerent;

2127 812 2310 868 Videte
2338 823 2599 864 mortuum
2631 812 2942 876 terribilem,
2973 816 3118 867 vivos
3145 814 3476 882 victoresque
3505 825 3707 869 terren-

2125 916 2250 969 tem,
2295 914 2347 955 ttl
2373 917 2564 972 pueros
2594 915 2793 958 terrent
2823 905 3004 957 larvze.
3037 905 3220 973 l’apm!
3255 907 3287 958 it
3318 907 3406 976 qui
3439 906 3709 961 srrCulari—

2126 995 2221 1048 bus
2250 995 2596 1063 potestatibus
2636 1007 2793 1065 atque
2819 996 3196 1050 ecclesiasticis
3224 999 3411 1064 Opibus
3451 1000 3706 1052 succincti

2119 1096 2244 1140 sunt
2273 1101 2390 1138 cum
2428 1096 2688 1156 potestate
2717 1100 2768 1141 et
2813 1103 2930 1141 cum
2973 1104 3148 1141 rerum
3181 1087 3424 1155 imperio,
3459 1090 3706 1142 sacerdo-

2123 1184 2250 1241 tem,
2285 1176 2475 1238 solmn,
2525 1188 2814 1241 extorrem,
2863 1192 3087 1246 corpore
3132 1180 3418 1239 inlirmum,
3468 1180 3706 1234 exsulem

2123 1266 2311 1320 timent
2340 1277 2394 1320 et
2419 1266 2614 1336 pallent
2657 1267 2960 1323 titubantes.
3000 1267 3131 1321 Cum
3166 1271 3323 1339 igitur
3353 1288 3457 1324 non
3491 1285 3710 1339 possent

2119 1367 2345 1436 amplius
2377 1376 2680 1435 serpentem
2713 1382 2833 1420 casa
2864 1365 3129 1419 conditum
3155 1367 3404 1432 retinere,
3437 1368 3711 1423 mittentes

2117 1458 2182 1511 ad
2210 1457 2549 1523 Comitatnm,
2585 1475 2766 1512 rursus
2797 1459 3109 1527 rescriptum
3135 1460 3306 1513 acrius
3324 1461 3564 1515 obtinent
3583 1478 3707 1516 cum

2122 1549 2352 1602 mulcta:
2381 1550 2516 1602 intra
2550 1551 2709 1604 breve
2741 1559 2946 1618 tempus
2990 1560 3045 1603 ut
3074 1551 3453 1606 transferretur
3489 1552 3711 1622 Pityun-

2122 1651 2248 1704 tem,
2295 1642 2469 1695 locum
2516 1645 2748 1711 regionis
2797 1643 3095 1696 Tzanorum
3142 1645 3595 1711 desertissimum,
3641 1651 3707 1700 ad

2120 1732 2244 1786 litus
2272 1733 2474 1786 Pontici
2505 1735 2665 1787 m..ris
2693 1735 2873 1787 situm.
2906 1733 3096 1788 Milites
3122 1745 3298 1788 autem
3319 1737 3549 1804 pnefeeti
3569 1753 3708 1807 prae-

2123 1825 2258 1877 torio
2285 1825 2374 1893 qui
2406 1841 2525 1878 enni
2557 1825 2840 1889 ducebant,
2870 1840 2963 1894 per
2989 1825 3124 1878 viam
3153 1841 3273 1879 eum
3297 1827 3525 1880 maxime
3553 1844 3709 1895 urge.

2123 1918 2268 1978 bant,
2301 1917 2535 1970 dicentes
2569 1917 2618 1970 id
2651 1917 2846 1972 habere
2875 1932 2932 1970 sc
2959 1917 3008 1970 in
3034 1918 3324 1983 mandatis;
3352 1928 3641 1989 tamquam,
3661 1921 3707 1974 si

2120 2017 2363 2059 mortuus
2390 2016 2532 2060 esset
2557 2007 2608 2059 in
2631 2008 2838 2071 itinere,
2868 2009 2931 2060 ad
2960 2009 3186 2077 majores
3207 2010 3400 2078 gradus
3421 2011 3704 2066 cVehendi.

2121 2099 2188 2152 Et
2218 2115 2353 2154 unus
2379 2100 2590 2169 quidem
2620 2117 2684 2155 ex
2714 2102 2778 2154 iis
2800 2101 2866 2154 de
2893 2103 3140 2171 praesenti
3181 2105 3363 2158 militia
3395 2106 3568 2160 minus
3599 2109 3709 2160 sol-

2119 2193 2334 2256 licitus,
2391 2195 2632 2249 nonnihil
2681 2195 3026 2250 humanitatis
3076 2196 3467 2264 quodammodo
3527 2200 3702 2256 furtim

2119 2285 2434 2339 ostendebat
2457 2306 2466 2338 :
2493 2287 2630 2340 alter
2666 2297 2842 2340 autem
2871 2302 3037 2356 usque
3064 2287 3198 2341 adeo
3225 2289 3455 2342 crudelis
3480 2303 3594 2344 erat
3618 2302 3706 2344 at-

2120 2390 2222 2441 que
2250 2387 2424 2437 atrox,
2456 2387 2509 2427 ut
2542 2377 2821 2430 blanditias
2842 2393 2960 2445 qua:
2987 2378 3085 2431 sibi
3109 2379 3175 2430 ab
3194 2382 3596 2435 occurrentibus
3615 2383 3708 2435 fte-

2119 2464 2267 2531 banl,
2291 2478 2344 2518 ut
2363 2478 2546 2520 sancto
2572 2479 2830 2536 parceret,
2854 2469 3373 2538 injuriasreputaret,
3391 2473 3517 2526 illud
3541 2491 3702 2528 unum

2119 2572 2310 2610 curans
2334 2568 2389 2611 ut
2415 2559 2547 2612 mala
2581 2570 2749 2613 morte
2771 2561 3001 2616 Joannes
3030 2573 3363 2618 enecaretur.
3393 2564 3524 2617 Cum
3561 2569 3702 2619 cnim

2119 2649 2291 2703 imber
2316 2660 2461 2704 esset
2485 2651 2791 2714 vehemens,
2834 2652 2962 2706 nihil
2984 2668 3174 2707 curans
3201 2655 3589 2723 egrediebatur,
3634 2659 3703 2710 ita

2118 2749 2248 2794 utet
2281 2757 2377 2809 per
2400 2742 2615 2796 dorsum
2642 2755 2695 2797 ct
2725 2759 2821 2812 per
2846 2755 3029 2813 pectus
3068 2761 3323 2814 aquarum
3372 2748 3468 2800 rivi
3515 2749 3703 2804 decur-

2117 2844 2316 2886 rerent.
2352 2834 2625 2903 lugentem
2656 2851 2838 2890 rursus
2863 2838 2992 2891 solis
3017 2850 3203 2891 a'stum
3241 2855 3337 2908 pro
3376 2840 3578 2894 deliciis
3605 2843 3701 2894 iia-

2115 2925 2293 2985 bebat.
2329 2942 2448 2980 cum
2480 2938 2662 2982 nosset
2685 2944 2748 2982 eo
2775 2929 2915 2984 beati
2946 2930 3169 2984 Joannis
3196 2942 3374 3000 caput,
3411 2933 3590 2988 Elis:ei
3621 2936 3701 2986 in—

2114 3028 2226 3072 star
2245 3019 2476 3084 calvum,
2508 3023 2710 3076 vexari.
2757 3023 3020 3076 Czeterum
3052 3023 3102 3076 in
3149 3025 3278 3078 urbe
3318 3034 3410 3078 aut
3456 3029 3570 3080 vico
3611 3027 3696 3081 ubi

2113 3111 2424 3165 balneorum
2451 3112 2698 3166 solatium
2724 3124 2858 3180 crat,
2885 3129 2952 3168 ne
2973 3125 3246 3169 momento
3275 3117 3487 3184 quidem
3516 3117 3695 3172 infelix

2116 3202 2206 3257 ille
2232 3205 2570 3271 permittebat
2597 3215 2836 3260 sanctum
2879 3207 3096 3261 morari.
3145 3206 3200 3261 In
3231 3207 3315 3262 bis
3354 3209 3600 3265 omnibus
3629 3212 3695 3266 ad

2113 3309 2324 3349 menses
2355 3303 2463 3349 tres
2489 3295 2857 3350 difficillimum
2902 3297 3030 3351 illud
3081 3299 3181 3353 iter
3215 3299 3414 3354 faciens
3455 3311 3692 3367 sanctus,

2114 3387 2274 3440 veluti
2319 3387 2468 3440 sidus
2513 3403 2799 3442 coruscans
2832 3391 3125 3458 perstabat,
3158 3391 3361 3446 habens
3401 3408 3695 3463 corpuscu-

2112 3478 2221 3531 lum
2254 3488 2310 3532 ut
2339 3495 2552 3547 pomum
2581 3480 2632 3532 in
2664 3481 2926 3548 supremis
2953 3483 3114 3536 ramis
3134 3497 3162 3535 a
3185 3483 3295 3537 sole
3318 3485 3532 3540 rubens.
3561 3485 3694 3541 Cum

2113 3581 2291 3623 autem
2322 3568 2571 3625 Comanis
2623 3573 3156 3641 appropinquassent,
3205 3577 3381 3643 pontis
3423 3576 3588 3632 instar
3630 3594 3695 3634 ea

2115 3663 2498 3730 pra-tergressi,
2530 3673 2680 3716 extra
2709 3678 2889 3716 muros
2938 3668 2991 3717 in
3032 3665 3286 3735 martyrio
3326 3667 3560 3737 quinque
3601 3679 3695 3723 aut

2109 3765 2204 3802 sex
2234 3750 2467 3804 millibus
2484 3751 2671 3804 dissito
2693 3761 3021 3806 manserunt.
3055 3754 3253 3808 Eadem
3283 3757 3396 3824 ipsa
3424 3769 3578 3814 nocte
3601 3774 3698 3830 ap-

2110 3841 2286 3907 paruit
2329 3843 2380 3894 ei
2428 3841 2530 3894 loci
2575 3843 2715 3895 illius
2747 3853 2966 3914 martyr,
3013 3845 3231 3900 nomine
3275 3846 3576 3914 Basiliscus,
3603 3853 3693 3918 qui

2110 3930 2394 3998 episcopus
2421 3929 2780 3985 Comanorum
2809 3948 2930 3986 cum
2957 3946 3119 3999 esset,
3168 3939 3476 4008 martyrium
3509 3955 3694 4007 passus

2109 4033 2192 4076 est
2219 4023 2540 4078 Nicomedia:
2569 4027 2619 4078 in
2651 4027 2892 4096 Bithynia
2939 4029 3037 4083 sub
3078 4029 3385 4098 Maximino,
3439 4050 3540 4088 una
3571 4051 3694 4092 cum

2112 4117 2345 4171 Luciano
2371 4120 2685 4189 presbytero
2703 4120 3052 4187 Antiochenu,
3072 4122 3256 4178 dicens
3277 4125 3474 4181 :Mactc
3493 4129 3693 4192 animo,

2113 4205 2278 4262 frater
2310 4208 2544 4263 Joannes
2570 4227 2580 4261 :
2612 4211 2840 4264 crastina
2868 4213 3010 4265 enim
3040 4213 3128 4269 die
3161 4231 3263 4269 una
3306 4219 3525 4272 erimus.
3557 4220 3700 4275 Pro:-

2112 4298 2324 4353 dixerat
2349 4316 2582 4370 quoque,
2616 4314 2673 4354 ut
2700 4307 2868 4368 aiunt,
2900 4313 2954 4357 et
2983 4303 3054 4358 ibi
3103 4309 3436 4374 permanenti
3479 4313 3699 4383 presby-

2114 4407 2263 4444 tero:
2291 4392 2419 4444 Para
2451 4395 2621 4446 locum
2669 4394 2814 4448 fratri
2860 4395 3079 4462 Joanni;
3109 4400 3251 4451 venit
3278 4401 3439 4454 enim.
3469 4402 3698 4458 Oraculo

2115 4486 2282 4539 ﬁdens
2307 4485 2564 4551 Joannes,
2591 4489 2831 4557 sequenti
2859 4488 2947 4542 die
2987 4491 3158 4542 oravit
3197 4492 3393 4545 milites
3420 4503 3476 4547 ut
3503 4494 3568 4547 ad
3601 4495 3700 4549 ho-

2112 4591 2224 4628 ram
2253 4578 2489 4644 quintam
2521 4593 2685 4647 usque
2713 4580 2782 4632 ibi
2806 4590 3197 4648 permanerent.
3223 4581 3298 4635 llli
3328 4600 3454 4638 vero
3481 4603 3585 4640 non
3603 4603 3698 4641 au-

2112 4666 2235 4720 ditis
2251 4667 2365 4734 ejus
2392 4670 2658 4736 preeibus,
2681 4671 2802 4724 inde
2817 4671 3216 4727 abscesserunt:
3236 4674 3490 4732 confectis
3516 4691 3696 4735 autem

2111 4758 2325 4812 circiter
2371 4760 2582 4828 triginta
2625 4761 2831 4826 stadiis,
2874 4777 3060 4816 rursus
3089 4763 3155 4817 ad
3199 4768 3506 4837 martyrium
3557 4770 3698 4826 unde

2111 4847 2470 4902 discesserant
2490 4851 2778 4914 redierunt,
2804 4867 2922 4903 cum
2946 4854 3176 4920 graviter
3198 4856 3284 4909 ille
3309 4871 3426 4910 sese
3455 4858 3694 4914 haberet.

2115 4939 2204 4995 Sic
2235 4941 2394 5009 igitur
2420 4956 2684 5005 reversus,
2713 4941 2966 4996 candidas
2989 4955 3185 5008 vestes,
3216 4947 3318 4999 vita
3345 4963 3503 5014 quam
3531 4949 3700 5004 duxe-

2115 5043 2199 5087 rat
2221 5033 2430 5102 dignas,
2459 5032 2713 5100 requirit;
2745 5043 3041 5103 exutusque
3073 5037 3357 5106 prioribus,
3381 5054 3472 5094 eas
3500 5041 3598 5094 sibi
3616 5042 3698 5112 je-

2074 5161 2091 5178 .
2110 5125 2272 5194 jnnus
2298 5123 2486 5187 induit,
2515 5124 2761 5176 omnibus
2786 5124 2852 5176 ad
2883 5127 3240 5182 caleeamenta
3272 5145 3436 5200 usque
3460 5134 3695 5197 mutatis;

2117 5228 2274 5284 atque
2293 5215 2524 5281 reliquas
2548 5216 2904 5283 praesentibus
2931 5217 3219 5274 distribuit.
3253 5222 3319 5275 Et
3337 5225 3561 5292 sumptis
3592 5225 3696 5278 llo-

2119 5306 2326 5358 minieis
2357 5305 2634 5374 symbolis,
2663 5321 2839 5359 coram
2872 5308 3202 5365 adstantibus
3231 5314 3469 5367 ultimam
3500 5317 3701 5370 oratio-

2120 5413 2238 5451 nem
2271 5396 2428 5449 facit:
2462 5407 2513 5448 et
2539 5414 2658 5449 cum
2685 5399 2909 5452 dixisset
2932 5417 3078 5456 more
3100 5419 3216 5467 suo,
3253 5405 3427 5458 Gloria
3453 5405 3557 5459 Dec
3581 5425 3703 5477 pro-

2124 5499 2230 5557 pter
2254 5488 2442 5550 omnia,
2473 5498 2526 5540 et
2565 5489 2806 5541 ultimum
2851 5493 3021 5545 Amen
3066 5493 3414 5562 obsignassel,
3461 5498 3703 5552 extendit

2119 5580 2389 5648 speciosns
2417 5578 2600 5647 pedes,
2635 5581 2722 5648 qui
2751 5592 3099 5636 cucurrerunt
3145 5584 3206 5636 ad
3251 5586 3476 5641 salutem
3516 5604 3700 5643 eorum

2119 5673 2206 5740 qui
2236 5671 2506 5741 elegerant
2542 5674 2930 5741 pccnitentiam,
2963 5685 3016 5728 et
3041 5675 3104 5728 ad
3135 5679 3602 5745 reprehensionem
3639 5683 3702 5735 ιι-

2122 5765 2289 5817 lorum
2313 5763 2403 5831 qui
2436 5774 2647 5831 peccata
2676 5766 2890 5833 copiose
2929 5767 3290 5823 excoluerant.
3334 5771 3481 5838 Quod
3512 5773 3554 5825 si
3585 5774 3704 5841 ejus

2121 5854 2567 5923 reprehensiones
2598 5855 2726 5908 nihil
2755 5857 3013 5925 improbis
3043 5860 3373 5928 profuerunt,
3407 5877 3564 5916 causa
3597 5880 3705 5920 non

2121 5956 2203 6000 est
2229 5945 2564 6000 imbecillitas
2590 5946 2825 6001 doctoris
2868 5948 3032 6005 libere
3075 5951 3356 6020 loquentis,
3403 5953 3496 6006 sed
3526 5955 3703 6025 impua

2125 6041 2301 6094 dentia
2337 6040 2631 6104 hotninum,
2662 6038 2748 6110 qui
2778 6053 2870 6093 cas
2900 6055 3003 6097 non
3041 6042 3424 6098 su5tinuerunt.
3476 6048 3672 6118 Apposi
