4466 6698
788 611 853 665 ω
1986 597 2301 655 PALLADII
2343 598 2680 661 annosus
3972 623 4040 675 ω

787 733 869 775 tus
896 720 961 774 ad
993 735 1164 790 ιιτιιιιις
1195 734 1339 777 suos.
1373 728 1423 774 et
1448 720 1653 789 altjecto
1696 717 1933 786 pulvere,
1971 715 2036 769 ad
2079 713 2344 769 Christum

788 814 1019 878 transiit,
1049 823 1098 865 ιιι
1126 814 1375 881 seriptum
1403 820 1487 866 cst
1512 829 1524 863 :
1553 807 1729 863 Venias
1769 816 1933 860 autem
1976 808 2044 859 ad
2073 808 2356 874 sepulcrum

790 914 946 964 tuum,
974 913 1222 970 tamquam
1250 901 1555 969 frumentum
1577 908 1846 959 maturum,
1876 897 2007 963 quod
2033 908 2250 960 tempore
2266 909 2356 946 suo

791 992 1307 1057 metitur:iuq:iorum
1334 1002 1499 1043 autem
1541 988 1724 1039 animi:
1758 989 2038 1039 inuitatum:
2091 993 2359 1039 morientur

799 1083 934 1150 (Job.
952 1084 1005 1138 5.
1027 1082 1143 1153 26).
1171 1083 1338 1136 'l'atua
1369 1090 1540 1134 autem
1570 1078 1852 1133 multitudo
1872 1080 2152 1147 virginum,
2179 1092 2359 1129 mona-

790 1175 1100 1237 (ltOl‘llm,Cl
1122 1176 1208 1241 qui
1236 1170 1899 1225 sanctitatistestimonium
1931 1170 2211 1228 habebant,
2234 1165 2358 1217 ade-

790 1274 869 1318 rat
898 1282 927 1317 c
948 1265 1116 1334 Syria,
1138 1260 1339 1326 Cilicia,
1366 1261 1536 1315 Ponto
1562 1270 1718 1329 atque
1740 1260 2008 1323 Armenia,
2041 1268 2099 1311 ut
2126 1256 2360 1327 plerique

792 1363 1034 1425 putarent
1052 1353 1197 1423 quasi
1217 1352 1340 1405 dato
1359 1351 1509 1421 signo
1531 1366 1623 1405 eos
1649 1351 1946 1403 advenisse.
1974 1347 2362 1413 Pollinctusigi-

789 1457 872 1499 tur
892 1445 956 1499 ad
987 1444 1336 1514 sepulturam,
1360 1454 1413 1497 et
1433 1442 1564 1497 festa
1588 1441 1897 1495 celebritate
1920 1439 2250 1503 honestatus,
2273 1452 2362 1489 ve-

785 1534 860 1589 lut
891 1536 1059 1589 victor
1086 1535 1305 1598 athleta,
1336 1549 1435 1587 una
1470 1548 1590 1587 cum
1635 1531 1888 1585 Basilisco
1913 1530 2166 1597 sepelitur
2192 1530 2242 1581 in
2272 1543 2362 1581 eo-

789 1629 911 1683 detn
943 1629 1213 1697 martyrio.

856 1719 983 1775 Car.
1026 1737 1112 1773 xu.
1142 1749 1212 1759 —
1242 1718 1316 1772 Ad
1351 1717 1464 1772 hcce
1491 1716 1807 1772 Theodorus
1848 1716 2089 1778 miratus,
2136 1716 2361 1767 interro-

787 1815 962 1882 gabat,
992 1812 1277 1882 Scriptura:
1306 1813 1483 1865 verbis
1511 1826 1637 1865 usus
1662 1829 1672 1861 :
1702 1812 1831 1863 (lum
1861 1811 2113 1878 scriptum
2142 1809 2229 1870 sit,
2260 1808 2365 1861 aie-

792 1907 899 1966 bat,
931 1903 1048 1958 Non
1079 1904 1329 1958 aberrabis
1353 1920 1386 1956 α
1414 1904 1699 1955 narratione
1722 1904 2014 1964 seniorum;
2054 1918 2167 1953 nant
2197 1912 2240 1953 et
2270 1902 2366 1968 ipsi

789 2014 821 2049 η
850 1997 1074 2065 patribus
1102 1996 1378 2047 didicerunt
1406 1993 1592 2061 (Errli.
1620 1994 1674 2055 8,
1707 1991 1763 2063 9)
1796 2011 1807 2045 :
1837 1994 1921 2046 die
1948 1993 2097 2046 nobis
2126 1992 2368 2044 lubenter

790 2102 909 2155 qute
934 2098 1093 2139 causa
1125 2083 1304 2148 fuerit,
1337 2098 1431 2137 cur
1454 2084 1600 2137 solus
1627 2084 1712 2137 ille
1734 2084 1909 2137 cibum
1942 2090 2193 2143 sumeret,
2224 2091 2275 2134 ct
2299 2096 2363 2132 an

791 2189 917 2229 vere
942 2174 1104 2237 solus,
1147 2184 1204 2228 ut
1230 2175 1399 2240 aiunt,
1428 2174 1627 2228 ederet.
1660 2174 1834 2226 Ertsc.
1871 2173 1922 2223 lu
1966 2172 2208 2225 eontesso
2252 2172 2366 2239 ιιτεὶ-

790 2264 913 2318 dem
942 2273 1020 2317 est
1057 2262 1198 2332 quod
1241 2264 1386 2316 solus
1410 2262 1627 2316 ederet:
1659 2262 1749 2314 Sed
1792 2262 2007 2327 nollem,
2041 2261 2367 2330 lepidissime

789 2351 1088 2417 Theodore,
1120 2366 1238 2421 quin
1265 2360 1389 2406 sunt
1419 2353 1723 2420 gulosorum
1754 2349 2029 2404 infantium
2057 2352 2366 2420 quaesivisse

795 2456 865 2500 Ie.
890 2444 983 2499 Vir
1007 2445 1147 2498 enim
1172 2459 1291 2499 cum
1318 2445 1412 2508 sis,
1454 2442 1686 2497 virorum
1724 2444 1945 2497 virtutes
1973 2443 2251 2512 exquirere
2276 2443 2369 2496 dc-

792 2537 887 2591 hes
913 2552 928 2587 :
956 2535 1402 2606 quemadmodum
1432 2544 1575 2589 esset
1603 2534 1919 2602 intrepidus,
1948 2535 2117 2602 qualis
2149 2545 2288 2589 eSsct
2317 2534 2368 2587 in

793 2627 1047 2695 pecuniis,
1080 2626 1132 2680 in
1165 2625 1535 2695 temperantia,
1561 2626 1612 2678 in
1643 2624 2049 2678 mansuetudine
2078 2624 2367 2693 etjustitia,

792 2718 846 2772 itt
888 2719 1247 2788 elecmosyna,
1280 2716 1558 2787 prudentia
1589 2727 1748 2786 atque
1774 2715 2103 2777 fortitudine.
2144 2717 2195 2769 in
2236 2716 2367 2769 obli-

791 2808 947 2862 vione
990 2807 1072 2863 vel
1113 2808 1387 2861 memoria.
1429 2805 1542 2860 Non
1587 2806 1727 2860 enim
1757 2805 1910 2861 cibus
1948 2806 2056 2859 Deo
2096 2821 2191 2859 nos
2219 2820 2369 2860 com-

792 2898 1024 2961 mendat,
1056 2913 1227 2968 neque
1270 2898 1312 2951 si
1341 2896 1631 2963 ederimus,
1674 2912 1845 2966 neque
1873 2898 1916 2950 si
1944 2914 2049 2950 non
2077 2897 2368 2961 ederimus,

792 2990 886 3045 sed
928 2990 1159 3060 cognitio
1188 3005 1307 3044 cum
1352 2991 1560 3043 actione
1602 3004 1850 3059 operans.
1903 2990 2019 3058 Ipse
2056 3004 2185 3044 vero
2228 2991 2373 3043 solus

794 3080 1005 3143 edebat,
1028 3088 1087 3134 ut
1104 3094 1171 3134 ex
1206 3090 1355 3149 parte
1377 3082 1519 3145 novi,
1549 3080 1644 3133 has
1664 3080 1732 3133 ob
1758 3094 1965 3133 causas.
1998 3080 2229 3134 Primum
2255 3081 2373 3149 qui-

795 3170 916 3224 dem
940 3172 1116 3224 vinum
1144 3185 1247 3224 non
1279 3169 1488 3224 bibebat
1513 3169 1583 3223 ob
1608 3170 1795 3240 capitis
1823 3170 2075 3234 calorem,
2110 3171 2209 3225 ttisi
2235 3170 2373 3225 forte

796 3276 891 3329 per
919 3270 1105 3315 aestum
1146 3275 1365 3315 rosacco
1407 3269 1679 3315 uteretur:
1710 3260 1961 3323 Secundo,
2007 3263 2127 3329 quia
2169 3270 2371 3315 stoma-

794 3352 926 3407 chus
951 3351 1065 3421 ejus
1085 3351 1155 3406 ob
1177 3350 1460 3420 quamdam
1489 3351 1847 3405 infirmitatem
1882 3352 2209 3406 inordinatus
2234 3362 2369 3416 erat,

798 3444 873 3497 ita
904 3448 964 3495 ut
988 3442 1161 3497 edulia
1200 3441 1335 3496 bene
1360 3449 1651 3510 prteparata
1692 3442 1790 3508 ipsi
1822 3442 2103 3511 injucunda
2132 3443 2374 3497 videren-

796 3544 904 3597 tur,
953 3541 1008 3586 et
1047 3532 1343 3601 requireret
1390 3531 1493 3585 alia
1540 3546 1658 3601 quae
1708 3548 1812 3586 non
1857 3534 2124 3588 adessent.
2178 3532 2376 3588 Deinde

802 3621 1087 3691 aliquando
1124 3621 1286 3675 edere
1314 3620 1747 3685 obliviscebatur,
1790 3622 1855 3676 ad
1894 3638 2168 3692 vesperam
2210 3640 2377 3694 usque

798 3712 1083 3777 diﬂ'erens;
1116 3712 1304 3782 partim
1332 3712 1475 3766 euris
1507 3712 1883 3768 ecclesiasticis
1911 3724 2214 3784 occupatus,
2251 3729 2373 3784 par-

800 3803 895 3855 tim
923 3802 1125 3855 divinis
1157 3801 1692 3868 contemplationibus
1720 3802 2038 3856 abstractus.
2067 3803 2372 3857 Contende-

802 3894 894 3946 bat
926 3891 1069 3946 enim
1111 3898 1171 3944 ut
1212 3888 1340 3943 nihil
1369 3890 1661 3944 divinarum
1691 3892 2082 3960 Scripturarum
2126 3894 2224 3947 sibi
2273 3895 2370 3947 im-

801 3980 1039 4049 pervium
1078 3986 1262 4034 esset:
1291 3979 1411 4032 talia
1456 3989 1633 4033 autem
1668 3988 1759 4033 aut
1797 3981 2046 4047 inediam,
2090 3991 2181 4037 aut
2206 3983 2373 4038 levem

807 4070 983 4125 cibum
1027 4078 1224 4125 amant.
1276 4070 1443 4124 Porro
1478 4086 1593 4126 tuos
1646 4080 1729 4125 est
1774 4074 2053 4139 convivis,
2107 4076 2205 4129 nisi
2256 4078 2377 4144 quis

809 4176 930 4217 cum
987 4161 1115 4232 ipsis
1155 4160 1347 4226 sudet,
1392 4170 1480 4214 aut
1532 4162 1766 4227 sorbeat,
1814 4173 1906 4218 aut
1952 4165 2218 4219 indecenti
2267 4168 2379 4222 risu

806 4252 1172 4317 cachinnetur,
1230 4252 1449 4305 summis
1495 4252 1671 4321 digitis
1724 4253 1957 4323 tepidum
2006 4256 2248 4324 poculum
2286 4273 2382 4326 ge-

813 4354 992 4408 stans,
1045 4359 1241 4399 mensa:
1295 4344 1598 4398 comitatem
1657 4344 1710 4398 in
1758 4345 2096 4400 maledictum
2150 4360 2378 4403 vertere.

813 4434 893 4491 Ad
925 4449 1183 4490 summam
1219 4442 1395 4488 autem
1418 4474 1433 4497 ,
1471 4443 1529 4488 ut
1554 4443 1679 4504 puto
1699 4476 1713 4499 ,
1738 4444 1793 4490 et
1816 4436 1989 4491 verius
2011 4478 2027 4504 ,
2055 4438 2209 4492 valde
2257 4454 2381 4508 par-

807 4541 904 4579 cus
950 4533 1066 4580 erat
1102 4538 1223 4594 erga
1256 4526 1505 4579 convivas
1536 4525 1831 4580 luxuriosos
1858 4567 1873 4592 ,
1922 4528 2257 4599 sacrilegiqu
2291 4545 2380 4584 ra-

810 4623 895 4669 tus
936 4624 1176 4682 sumptus
1204 4614 1291 4682 qui
1342 4614 1393 4668 in
1422 4615 1552 4669 tales
1582 4614 1803 4669 tierent:
1826 4618 1978 4672 simul
2011 4628 2064 4674 et
2090 4623 2382 4676 (economis

815 4703 1023 4758 furandi
1053 4704 1356 4756 occasiones
1394 4704 1705 4771 praecidens.
1736 4722 1802 4759 ne
1835 4707 2175 4778 decuplarent
2217 4714 2380 4780 pretia

817 4794 1160 4849 obsoniorum
1199 4792 1251 4846 in
1279 4793 1548 4857 brevibus,
1579 4798 1922 4851 necessitates
1953 4813 2241 4868 pauperum
2284 4805 2381 4857 sibi

818 4883 1165 4938 vindicantes.
1195 4881 1453 4937 Praeterea
1480 4884 1706 4937 civitatis
1730 4887 2115 4943 multitudinem
2142 4893 2386 4948 conside-

818 4988 965 5036 rans.
1010 4972 1241 5037 videbat,
1288 4984 1379 5029 aut
1422 4989 1611 5032 omnes
1638 4976 1926 5033 honoratos
1967 4981 2162 5038 debere
2198 5000 2257 5039 se
2298 4987 2384 5040 tali

822 5064 1024 5117 honore
1058 5063 1283 5132 dignari,
1325 5074 1378 5117 ut
1408 5064 1603 5121 Christi
1643 5070 2082 5138 dispensatorem,
2127 5085 2219 5130 aut
2258 5079 2386 5133 nulli

822 5168 933 5207 rem
963 5154 1102 5207 illam
1139 5154 1392 5222 prmbere.
1424 5155 1730 5226 Respiciens
1755 5178 1961 5232 quoque
2004 5178 2053 5219 et
2085 5167 2149 5220 ad
2190 5184 2386 5224 mensa:

824 5246 1075 5299 tumultus
1096 5254 1150 5299 et
1168 5245 1230 5300 ad
1253 5250 1664 5318 magnitudinem
1692 5253 2043 5321 impensarum
2074 5276 2382 5331 pauperum,

827 5336 1099 5391 exhorruit
1144 5352 1251 5392 rem
1308 5341 1473 5407 illam,
1516 5344 1729 5413 longum
1778 5347 2075 5404 valediccns
2129 5354 2390 5422 ejusmodi

830 5428 1154 5494 maledictis;
1187 5428 1312 5483 illud
1350 5432 1417 5486 de
1444 5436 1662 5488 Actibus
1686 5438 2057 5506 Apostolorum
2089 5444 2187 5499 sibi
2216 5449 2389 5501 succi-

831 5535 999 5576 ttcns:
1041 5522 1143 5577 Viri
1171 5528 1370 5594 fratres,
1412 5544 1511 5581 non
1553 5530 1665 5583 licet
1706 5532 1845 5585 nobis
1874 5535 2157 5591 ministrare
2190 5544 2386 5607 mensis,

831 5616 914 5667 sed
940 5618 1294 5671 constituamus
1322 5619 1452 5672 viros
1479 5621 1737 5691 religiosos
1766 5626 1832 5676 ad
1856 5626 1949 5677 hoc
1976 5642 2132 5695 opus;
2162 5646 2251 5683 nos
2280 5646 2392 5685 vero

833 5721 1059 5760 racemus
1083 5709 1423 5777 prcdicationi
1445 5723 1493 5765 et
1520 5715 1734 5766 orationi
1760 5717 1893 5784 (Act.
1924 5718 1977 5771 6.
2006 5718 2058 5771 2.
2096 5719 2171 5790 4).
2196 5722 2393 5788 Quem-

826 5800 1108 5853 admodum
1145 5800 1287 5854 enim
1316 5817 1484 5872 equus
1508 5805 1782 5868 circensis,
1815 5810 1904 5879 qui
1942 5811 2167 5866 stadium
2194 5814 2394 5869 decur-

829 5908 945 5947 rere
971 5894 1194 5957 amr’ius
1223 5908 1322 5946 ιιιιιι
1358 5907 1547 5964 potest.
1588 5899 1654 5953 ad
1685 5904 1876 5956 molam
1908 5905 2189 5973 relegatur,
2224 5908 2398 5961 inﬁni-

828 6001 935 6039 ;σ;.ιιι
985 5986 1237 6040 circulum
1284 6002 1480 6056 gyrans
1507 6008 1519 6019 ·
1547 5992 1622 6045 sic
1668 5993 1731 6046 ad
1777 5995 1986 6049 virtutis
2026 6013 2299 6054 sermones
2329 6004 2399 6070 pi-

2467 732 2717 785 grescens
2761 721 2944 775 doctor
2984 738 3220 779 mensam
3267 730 3415 798 quasi
3468 730 3596 782 retia
3641 732 3704 782 ad
3750 740 4040 802 captandas

2467 807 2709 866 homines
2732 814 3009 881 przetendit
3034 834 3047 869 :
3072 825 3227 884 atque
3255 822 3450 875 utinam
3474 821 3658 875 saltem
3682 826 4038 880 esuvit-ntihus

2465 909 2516 951 cl
2543 906 2753 970 egenis!
2788 906 2926 960 unde
2957 907 3079 960 licet
3110 908 3531 966 benedictionem
3565 915 3771 968 Domini
3803 917 3995 971 lucrari
4022 937 4036 971 :

2470 988 2701 1055 Emrivt‘,
2738 1004 2781 1046 rt
2829 998 3046 1050 satiastis
3089 1000 3203 1069 nte(
3242 998 3424 1053 Matth.
3454 1003 3545 1070 ‘25,
3574 1005 3687 1075 55)
3730 1024 3741 1058 :
3792 1005 3883 1059 ιιι-[1
3911 1008 4040 1062 solis

2467 1083 2738 1151 divitibus,
2786 1100 2836 1140 ιιι
2870 1090 3007 1144 bene
3044 1092 3258 1153 audiat,
3302 1102 3389 1146 aut
3430 1099 3807 1153 mareesrihilis
3854 1101 4038 1169 gloria!

2467 1188 2647 1235 causa,
2692 1186 2781 1229 aut
2812 1187 2867 1231 ut
2898 1180 3127 1234 vicissim
3172 1182 3237 1235 ab
3280 1182 3381 1235 illis
3408 1183 3672 1253 invitetur,
3715 1200 3805 1244 aut
3836 1191 3878 1244 si
3908 1191 4037 1245 nihil

2469 1264 2710 1329 istorum,
2742 1276 2923 1323 utnon
2948 1273 3083 1326 ntale
3106 1274 3316 1337 audiat;
3352 1276 3630 1332 immemor
3655 1282 4040 1337 maledictiouis

2469 1354 2676 1408 Domini
2728 1359 2996 1417 dicentis:
3040 1364 3124 1417 νω
3166 1364 3317 1429 vobis,
3361 1382 3477 1419 cunt
3523 1370 3656 1424 vobis
3700 1373 4040 1430 benedixerint

2469 1455 2638 1492 omnes
2694 1442 2919 1497 homines
2966 1447 3111 1516 (an.
3147 1449 3197 1501 ϐ.
3228 1447 3340 1514 ‘26).
3387 1449 3500 1502 Non
3541 1452 3694 1513 dixit,
3752 1458 4037 1527 Paupercs,

2469 1532 2584 1597 sed,
2623 1532 2882 1590 Homines.
2916 1539 3158 1593 Similiter
3184 1542 3311 1592 enim
3341 1542 3589 1609 faciebant
3618 1548 3761 1614 falsis
3788 1553 4042 1620 prophetis

2470 1636 2635 1692 patres
2661 1642 2854 1680 eorum.
2897 1631 3009 1683 Non
3054 1648 3349 1698 quzrramns
3394 1633 3552 1701 igitur
3590 1646 3647 1689 ut
3687 1654 3831 1693 vau:c
3857 1643 4041 1709 gloria!

2469 1715 2667 1782 cupidi,
2711 1733 2744 1769 ο
2781 1719 3078 1785 Theodore,
3130 1721 3240 1773 falsi
3289 1722 3557 1791 prophette
3600 1726 3841 1795 gloriam.
3896 1730 4043 1785 Venit

2470 1807 2601 1858 enim
2627 1807 2872 1873 Joannes,
2907 1829 3061 1881 neque
3103 1813 3412 1869 manducans
3455 1834 3610 1887 neque
3645 1819 3831 1882 bibens.
3877 1824 3928 1876 in
3956 1826 4040 1878 via

2464 1897 2683 1967 justitizc
2704 1918 2716 1963 ;
2741 1912 2786 1955 et
2817 1905 3005 1967 dicunt,
3042 1904 3355 1959 Dtcntoninm
3378 1909 3541 1963 habet.
3585 1911 3723 1966 Venit
3753 1914 3916 1972 Filius
3946 1920 4041 1971 Ito-

2471 1990 2619 2043 ntinis
2647 1995 2956 2049 manducauit
2999 2007 3044 2050 ct
3073 1998 3258 2060 bibens,
3300 2010 3347 2053 et
3386 2002 3556 2056 dicunt
3578 2022 3597 2055 :
3629 2004 3756 2059 Ecce
3780 2008 3927 2062 homo
3959 2028 4043 2063 vo—

2471 2096 2583 2145 rax,
2632 2092 2676 2133 et
2701 2084 2803 2136 vini
2832 2097 2995 2153 potor,
3030 2088 3405 2157 publicanorum
3435 2095 3625 2146 (unicus
3655 2109 3698 2147 et
3727 2111 4043 2165 peccatorum

2456 2170 2683 2237 '(Jlatth.
2715 2176 2800 2229 Η.
2840 2180 2919 2231 18.
2947 2179 3056 2249 19).
3084 2181 3231 2235 Duc.
3265 2180 3375 2233 Non
3405 2193 3457 2234 ιιι
3485 2186 3700 2237 omnino
3730 2190 4041 2256 vitnpzrcm,

2470 2262 2670 2329 optime
2701 2261 2877 2331 Pater,
2919 2278 3009 2323 aut
3049 2271 3278 2325 insector
3322 2272 3476 2325 talem
3522 2275 3640 2326 vita:
3684 2277 4041 2341 severitatem,

2473 2353 2608 2409 hanc
2659 2357 3126 2429 interrogationem
3179 2365 3465 2434 interposui
3510 2379 3708 2422 exacta:
3755 2374 4045 2427 narrationi

2475 2454 2615 2500 Iure:
2649 2450 2880 2505 sciebam
2924 2454 3064 2508 enim
3108 2463 3160 2508 et
3192 2471 3257 2509 ex
3298 2457 3407 2525 ipsa
3450 2458 3582 2512 fama
3631 2471 3684 2513 et
3726 2477 3789 2515 ex
3835 2466 4046 2534 scriptis

2474 2537 2591 2605 ejus
2614 2556 2731 2608 qua:
2769 2541 2831 2594 ad
2864 2558 2959 2596 nos
2987 2556 3361 2613 pervenerunt,
3393 2559 3446 2601 et
3471 2566 3532 2602 ex
3564 2548 3795 2607 homiliis
3822 2566 3912 2608 aut
3935 2557 4047 2623 cpi—

2475 2628 2646 2691 stolis,
2689 2631 2785 2684 viri
2826 2632 2967 2687 illius
3012 2636 3337 2703 propositum
3368 2638 3496 2691 τεοιΙ
3532 2647 3588 2692 ut
3630 2642 3746 2708 ejus
3778 2648 4046 2713 proposito

2474 2732 2772 2789 comperto,
2799 2739 2907 2777 rem
2931 2726 3069 2778 illam
3099 2730 3397 2782 :cmularcr.
3429 2731 3556 2796 Quis
3578 2734 3717 2787 enim
3746 2737 3879 2790 adeo
3900 2740 4045 2793 omni

2475 2825 2538 2863 ex
2562 2820 2708 2878 parte
2735 2812 2959 2867 stolidus
2979 2824 3079 2881 est,
3110 2827 3167 2870 ut
3197 2818 3400 2887 ignoret
3424 2823 3592 2885 majus
3614 2839 3733 2878 esse
3759 2826 4049 2882 detrunca-

2477 2907 2583 2952 tum
2617 2917 2678 2953 ex
2707 2918 2886 2955 mensa
2911 2919 3067 2973 quam
3090 2906 3315 2974 lucrum,
3351 2911 3448 2963 nisi
3479 2928 3613 2981 opus
3641 2918 3708 2967 sit
3733 2917 3781 2968 in
3815 2920 4047 2973 necessi-

2478 2997 2582 3043 tate
2601 2999 2810 3045 sanctos
2836 2992 3064 3065 hospitio
3084 2999 3367 3068 excipere?
3390 3001 3560 3056 EPISC.
3586 3004 3708 3059 llzcc
3724 3017 3777 3060 et
3796 3023 3895 3077 ego
3914 3009 4044 3074 dixi,

2476 3082 2710 3136 veritatis
2739 3086 3102 3142 amantissime
3131 3089 3429 3155 Theodore,
3476 3109 3578 3147 non
3622 3107 3915 3152 extenuans
3940 3101 4047 3153 vir-

2476 3178 2640 3226 tutem
2674 3184 2878 3241 patrum
2908 3187 3234 3245 nostrorum,
3276 3184 3504 3237 maxime
3549 3184 3938 3252 hosltitalitatis.
3971 3191 4046 3244 Ex

2478 3264 2760 3319 virtutibus
2793 3267 2936 3320 enim
2967 3271 3175 3324 eteteris
3195 3287 3311 3339 qtue
3338 3272 3401 3325 ad
3429 3275 3677 3342 pietatem
3717 3280 3957 3346 tendunt,
3986 3297 4046 3335 ea

2476 3368 2578 3406 una
2617 3364 2700 3409 est
2740 3371 3011 3426 perquam
3052 3359 3250 3415 domini
3294 3365 3629 3431 patriarchzr,
3675 3369 3813 3424 alius
3836 3372 4047 3440 qualem

2475 3444 2812 3500 Servatorem
2844 3448 3005 3501 Deum
3034 3452 3305 3505 convivam
3331 3462 3514 3507 nactus
3542 3466 3642 3521 est,
3676 3457 3811 3513 alter
3835 3462 4049 3530 angelos

2479 3534 2716 3602 hospites
2756 3536 2968 3602 habuit;
3015 3541 3150 3594 alius
3190 3544 3402 3610 quidem
3442 3545 3603 3598 lilium
3663 3547 3713 3599 iu
3755 3558 4046 3616 senectute.

2481 3628 2618 3681 alter
2642 3644 2767 3683 vero
2796 3631 3016 3685 salutem
3042 3648 3071 3686 e
3096 3633 3339 3688 Sodomis
3364 3650 3483 3690 cum
3516 3637 3720 3693 ﬁliabus
3751 3642 4048 3696 mercedem

2480 3720 2656 3772 nacti:
2684 3718 2749 3773 de
2778 3720 2970 3790 quibus
3016 3733 3069 3776 et
3109 3727 3379 3793 apostolus
3421 3729 3512 3791 ait,
3561 3731 3797 3784 excitans
3846 3748 3942 3786 nos
3984 3736 4049 3788 ad

2480 3807 2851 3876 imitationem,
2887 3811 3261 3881 Hospitalitatis
3291 3834 3354 3870 ne
3387 3817 3749 3873 obliviscamini
3784 3837 3800 3874 :
3824 3840 3913 3890 per
3939 3840 4049 3876 eam

2479 3902 2612 3952 enim
2640 3902 2845 3970 quidam
2874 3905 3078 3975 angelos
3113 3906 3329 3976 hospitio
3357 3921 3648 3975 receperunt
3674 3912 3750 3965 vel
3781 3914 4049 3966 nescientes

2481 3990 2665 4058 (Hebr.
2696 3994 2782 4047 l5.
2814 3995 2890 4065 2).
2919 3996 3139 4065 Oportet
3179 4008 3352 4052 autem
3398 3998 3661 4069 hospitum
3691 4013 4049 4069 susceptorem

2481 4096 2537 4141 et
2560 4086 2888 4155 prudentiam
2934 4091 3195 4157 serpentis
3221 4089 3415 4145 habere
3454 4100 3507 4146 et
3546 4094 3933 4162 simplicitatem
3960 4108 4051 4148 co-

2484 4178 2697 4243 lumbus,
2725 4179 2931 4234 duobus
2963 4181 3167 4235 Domini
3203 4182 3355 4237 dictis
3383 4182 3836 4255 obtemperantem
3862 4200 3875 4234 :
3908 4184 4049 4249 huic,

2489 4269 2640 4323 Omni
2682 4270 2864 4338 petenti
2907 4280 2955 4325 te
2995 4272 3154 4326 tribue
3188 4273 3333 4343 (Luc.
3376 4275 3428 4329 6.
3480 4276 3607 4341 50);
3654 4282 3707 4325 et
3740 4272 3880 4336 huic,
3932 4272 4051 4326 Non

2486 4376 2682 4414 onmem
2710 4362 2957 4415 hominem
2986 4363 3214 4416 introduc
3252 4366 3303 4418 in
3345 4367 3548 4419 domum
3578 4376 3716 4417 tuam
3743 4362 3929 4433 (Eccli.
3959 4367 4047 4431 H,

2486 4453 2600 4519 5i),
2646 4467 2713 4506 ne
2751 4451 2932 4522 lupum
2977 4470 3072 4521 pro
3112 4470 3209 4509 ove.
3250 4456 3555 4517 admittens,
3606 4463 3696 4507 aut
3738 4469 3915 4509 ursum
3957 4470 4054 4524 pro

2487 4542 2641 4605 bote.
2673 4543 2869 4598 damno
2898 4545 3098 4599 lucrum
3128 4557 3413 4616 permutes.
3458 4542 3633 4598 Primo
3674 4556 3848 4603 autem
3880 4550 4050 4606 locum

2487 4632 2711 4703 probare
2740 4633 2920 4701 debet,
2969 4636 3020 4689 in
3050 4652 3153 4706 quo
3187 4636 3507 4692 constitutus
3537 4645 3638 4701 est,
3680 4652 3745 4691 an
3790 4639 4048 4707 desertus,

2487 4738 2551 4777 an
2577 4724 2855 4795 frequens;
2880 4730 3071 4783 deinde
3096 4730 3361 4797 ingenium
3393 4744 3567 4792 suum,
3595 4744 3659 4783 au
3683 4732 3846 4799 possit
3869 4733 4054 4786 absur-

2488 4815 2585 4868 dos
2633 4832 2807 4871 mores
2853 4821 3112 4884 tolerate;
3156 4829 3281 4873 tunc
3320 4816 3630 4886 dignoscere
3671 4823 3758 4890 qui
3800 4823 4055 4877 beneﬁcio

2490 4906 2626 4961 allici
2658 4909 2833 4972 debet,
2875 4926 2938 4964 an
2969 4913 3113 4966 dives
3141 4913 3207 4963 sit
3233 4927 3297 4961 an
3341 4926 3557 4979 pauper,
3588 4929 3653 4966 an
3688 4929 3844 4968 sanus
3872 4931 3937 4969 an
3970 4915 4054 4968 in-

2492 5000 2691 5064 lirtnus,
2716 5016 2781 5053 an
2804 5001 2922 5055 cibo
2946 5012 3097 5071 egeat
3124 5019 3188 5053 an
3216 5002 3449 5055 vestibus
3472 5022 3483 5057 :
3509 5005 3558 5056 in
3583 5006 3661 5059 his
3680 5007 3820 5060 enim
3843 5015 4054 5061 actuosa

2492 5091 2851 5145 misericordia
2896 5102 3200 5160 occupatur.
3245 5091 3435 5145 Beatus
3467 5097 3605 5148 enim
3648 5096 3909 5149 Abraham
3952 5111 4057 5149 non

2492 5184 2755 5245 consules,
2802 5200 2906 5238 non
2936 5186 3116 5247 duces,
3150 5198 3255 5237 non
3285 5188 3643 5253 princellcntcs
3675 5188 3827 5255 hujus
3865 5189 4055 5240 terreni

2494 5276 2670 5327 smcnli
2701 5276 2844 5327 viros
2877 5273 3083 5340 excepit
3110 5273 3357 5346 hospitio,
3405 5278 3541 5346 apud
3573 5294 3705 5348 quos
3734 5287 3913 5332 essent
3941 5282 4058 5347 equi

2494 5379 2647 5418 canto
2689 5373 2777 5416 aut
2832 5363 2981 5416 freno
3022 5377 3379 5431 coruscantes,
3418 5379 3509 5422 aut
3546 5374 3791 5421 sarabara
3835 5383 3941 5421 :ere
3969 5385 4059 5423 so-

2496 5458 2673 5509 nantia
2707 5454 2968 5524 superbite
3009 5457 3283 5525 strepitum
3326 5461 3392 5514 de
3430 5461 3583 5527 longe
3613 5459 3937 5525 eructantia;
3968 5463 4060 5520 So'tl

2495 5548 2764 5601 desertum
2811 5547 3047 5602 habitans
3089 5552 3281 5616 locum,
3313 5568 3377 5607 eo
3416 5550 3792 5609 convenientes
3829 5555 4061 5623 excipie-

2498 5641 2608 5694 bat.
2642 5638 2741 5702 Qui
2767 5647 2941 5692 autem
2971 5640 3234 5697 desertum
3267 5641 3579 5702 transibant,
3608 5652 3692 5692 aut
3720 5653 3930 5711 propter
3954 5648 4063 5701 vir-

2500 5738 2669 5782 tutem
2699 5729 2909 5784 adibant
2938 5732 3001 5785 ad
3040 5733 3407 5802 patriareham,
3450 5740 3542 5781 aut
3566 5741 3782 5799 propter
3808 5738 4063 5791 mendici-

2502 5822 2740 5886 citatent,
2786 5838 2902 5891 qum
2942 5826 3122 5877 ttltitna
3171 5833 3448 5890 paupertas
3479 5832 3580 5873 est.
3612 5822 3896 5894 Paupertas
3925 5830 4063 5881 enim

2508 5914 2736 5967 medium
2781 5924 2863 5968 est
2907 5918 3046 5969 inter
3072 5928 3347 5967 excessum
3376 5921 3428 5964 et
3458 5912 3715 5972 delectum
3751 5936 3764 5971 :
3791 5934 4062 5973 eset-552'")

2506 6005 2714 6074 quidem
2741 6007 3066 6068 divitiarum,
3114 6001 3375 6057 defectum
3404 6018 3529 6059 vero
3573 6009 3941 6065 mendicitatis.
3990 6012 4057 6061 ετ·
