4466 6726
473 592 529 646 Η
1343 588 1430 641 DE
1471 586 1627 639 VITA
1658 584 1715 639 S.
1756 584 2032 640 JOANNIS
2070 583 2563 640 CIiRYSOSTOMI.
3662 595 3724 648 ω

469 706 663 761 militer
688 721 813 762 vero
851 716 903 762 et
930 704 1028 761 Lot
1054 701 1370 756 deteriorem
1397 698 1581 768 quovis
1609 696 1821 752 deserto
1850 702 2035 752 urbem

471 798 732 864 habitans,
759 800 879 869 jure
899 793 1193 861 excipiebat
1218 791 1561 844 adventantes
1587 789 1818 861 hospites
1846 792 1913 845 ob
1940 791 2041 842 im-

472 892 665 959 probos
716 905 893 945 mores
949 884 1263 939 incolarum.
1316 882 1480 937 Porro
1529 883 1573 937 si
1614 886 1732 952 quis
1776 883 2041 936 civitatem

467 984 665 1052 optime
687 989 946 1035 moratam
970 974 1232 1039 habitans,
1263 973 1434 1043 qualis
1451 970 1955 1039 Constantinopolis,
1990 969 2041 1022 in

467 1086 570 1140 qua
616 1080 803 1124 omnes
857 1073 984 1117 sunt
1034 1063 1300 1131 hospitum
1352 1073 1719 1133 susceptores,
1775 1058 2043 1130 superﬂuo

467 1167 604 1217 torte
633 1160 751 1229 quis
791 1172 823 1211 e
865 1156 1210 1227 presbyteris,
1251 1156 1438 1211 relicto
1464 1151 1859 1226 praedicationis
1889 1151 2043 1204 mini-

467 1251 648 1311 sterio,
678 1245 1044 1300 examinandis
1071 1244 1412 1300 obsoniorum
1436 1246 1684 1300 brevibus
1704 1248 1933 1302 vacaret,
1958 1238 2045 1295 hic

468 1342 662 1395 oblitus
711 1340 828 1403 sui,
873 1353 1172 1408 cauponem
1220 1355 1315 1409 pro
1384 1338 1604 1393 doctore
1654 1348 1714 1387 se
1765 1338 2038 1402 reputans,

467 1441 520 1484 et
561 1431 772 1499 aquosis
800 1429 1206 1501 cogitationibus
1240 1445 1426 1501 puram
1454 1434 1510 1481 et
1549 1439 1752 1478 meram
1781 1424 2038 1492 cognitio-

468 1538 588 1575 nem
644 1521 863 1577 abolens
904 1538 1023 1577 cum
1073 1522 1420 1593 acquisitione
1471 1517 1764 1587 prophetici
1814 1517 2032 1586 probri:

468 1613 730 1681 Caupones
768 1615 840 1668 tui
874 1615 1077 1668 miscent
1119 1614 1289 1667 vinum
1330 1625 1472 1675 aquae
1497 1606 1546 1677 (I
1555 1609 1648 1662 sai.
1679 1608 1731 1661 1.
1759 1606 1873 1677 22).
1906 1606 2036 1660 Nam

465 1713 661 1770 quanto
701 1704 865 1773 magis
904 1702 1127 1757 inlirmis
1153 1700 1334 1753 vinum
1374 1714 1508 1768 aqua
1555 1697 1889 1768 prmstautius
1929 1704 2034 1757 est,

466 1800 612 1847 tanto
631 1793 869 1848 doctrina
896 1791 1309 1863 hospitalitatem
1332 1798 1548 1859 superat
1580 1807 1591 1841 :
1623 1787 1737 1840 haec
1764 1783 1905 1839 enim
1939 1783 2038 1836 ho-

464 1889 693 1944 minibus
729 1892 810 1945 sui
847 1889 1101 1960 temporis
1126 1888 1361 1959 prodest,
1395 1888 1485 1942 illa
1516 1900 1646 1940 vero
1685 1891 1739 1937 et
1763 1882 2034 1951 posteris:

464 1989 516 2033 et
555 1979 668 2034 hmo
707 1981 919 2048 quidem
953 1989 1242 2050 prmsentes
1283 1973 1622 2033 solummodo
1651 1972 1905 2036 lucratnr,
1951 1971 2035 2024 illa

464 2084 595 2123 vero
614 2080 667 2124 et
693 2071 941 2126 absentes
961 2088 972 2123 ;
996 2079 1288 2139 praesentes
1319 2064 1534 2135 quidem
1561 2063 1756 2131 lingua,
1785 2062 2035 2117 absentes

462 2174 588 2213 vero
623 2176 719 2229 per
745 2162 963 2229 scripta.
994 2159 1139 2213 Talis
1178 2158 1277 2212 fuit
1326 2157 1377 2209 in
1421 2169 1581 2208 carne
1629 2153 1899 2214 Servator,
1944 2153 2031 2221 qui

462 2254 684 2321 panibus
710 2254 943 2320 quinque
980 2250 1251 2304 hominum
1282 2246 1443 2301 millia
1472 2247 1629 2315 pavit,
1675 2261 1779 2299 non
1818 2244 2032 2304 in.civi-

461 2350 588 2405 tote,
629 2341 720 2394 sed
748 2342 801 2394 in
828 2340 1041 2394 deserto
1068 2356 1080 2391 :
1108 2339 1195 2408 qui
1228 2337 1397 2407 lingua
1428 2337 1635 2407 quidem
1665 2346 1715 2392 et
1746 2347 2035 2405 praesentes

459 2430 655 2494 docuit,
709 2429 891 2482 orbem
947 2444 1071 2481 vero
1123 2436 1380 2482 terrarum
1432 2427 1649 2481 salvavit
1700 2443 1794 2497 per
1839 2427 2031 2493 scripta

460 2519 767 2588 Evangelia.
788 2513 943 2575 Tales
959 2518 1100 2572 enim
1136 2527 1259 2572 sunt
1286 2532 1558 2572 sermones
1592 2533 1773 2570 eorum
1805 2514 2034 2568 maxime

459 2608 548 2675 qui
575 2606 769 2678 Spiritu
810 2617 993 2661 sancto
1023 2608 1160 2677 pleni
1202 2618 1343 2662 sunt.
1370 2607 1549 2677 Neque
1590 2608 1817 2667 mireris,
1859 2604 2030 2659 Theo-

458 2697 607 2764 dore,
637 2700 680 2751 si
711 2698 828 2767 quis
856 2698 1175 2753 esnricntem
1204 2699 1335 2753 cibis
1366 2697 1683 2766 impleverit,
1714 2695 1805 2749 sed
1845 2695 1888 2748 si
1915 2695 2033 2763 quis

458 2792 526 2844 ab
577 2792 752 2861 aliqua
815 2792 1110 2860 ignorantia
1154 2792 1385 2845 animum
1435 2789 1727 2857 cujus-piam
1779 2787 2029 2841 liberarit.

458 2884 556 2952 Qui
582 2885 722 2938 enim
754 2892 991 2939 ventrem
1030 2885 1263 2937 alienum
1292 2892 1467 2951 pascat
1510 2890 1600 2934 aut
1625 2880 1789 2949 gratis
1813 2889 1903 2933 aut
1941 2895 2032 2948 pe-

456 2974 631 3038 cunia,
677 2983 767 3028 aut
810 2989 944 3043 pane
985 2984 1075 3027 aut
1115 2973 1368 3038 oleribus,
1413 2971 1566 3024 facile
1618 2970 2029 3039 int'cniturzqui

455 3073 629 3117 autem
658 3065 818 3119 verbo
856 3065 1085 3118 animam
1131 3065 1346 3128 nutriat,
1394 3064 1436 3116 is
1463 3061 1674 3116 difficile
1704 3062 1910 3131 quidem
1946 3064 2029 3115 in-

458 3154 694 3219 venitur;
737 3155 982 3209 inventus
1025 3163 1224 3219 autem,
1271 3163 1362 3207 aut
1390 3169 1493 3208 non
1532 3154 1782 3221 creditur,
1824 3164 1918 3209 aut
1944 3155 2028 3210 vix

456 3244 705 3308 creditur,
761 3244 914 3298 malis
966 3244 1238 3313 spiritibus
1275 3261 1490 3315 semper
1533 3246 1824 3299 animarum
1869 3246 2028 3300 saluti

455 3335 849 3390 obsistentibus.
892 3336 1038 3391 lianc
1066 3338 1214 3391 verbi
1253 3336 1503 3391 doctrinm:
1546 3336 1737 3391 famem
1782 3338 2027 3407 supplicii

456 3426 572 3481 loco
611 3427 895 3482 immittere
936 3429 1184 3483 minitans
1226 3428 1478 3481 Dominus
1522 3428 1683 3493 Deus,
1734 3428 1869 3482 dixit
1906 3445 2029 3498 pro-

454 3519 631 3588 pheta:
659 3538 673 3574 :
703 3519 966 3574 lnducam
989 3538 1139 3591 super
1180 3537 1262 3573 eos
1301 3520 1505 3587 famem,
1540 3536 1638 3573 non
1668 3524 1853 3589 fantem
1884 3522 2029 3589 panis

454 3608 531 3661 uel
556 3626 717 3680 aquas,
748 3611 837 3664 sed
860 3615 1043 3680 [antem
1069 3608 1305 3663 audiendi
1326 3608 1524 3662 verbum
1554 3607 1762 3662 Domini
1782 3609 1954 3679 (Amos
1971 3610 2024 3667 8.

455 3697 563 3769 ll).
596 3700 659 3753 Et
686 3700 737 3753 in
766 3700 999 3754 sensibili
1025 3698 1238 3769 quidem
1264 3697 1423 3764 fame,
1455 3698 1577 3752 licet
1609 3699 1788 3752 relicta
1816 3700 2027 3756 civitate

452 3799 539 3841 aut
565 3790 781 3859 regione
808 3806 925 3860 qua:
958 3790 1095 3844 fame
1123 3805 1375 3859 oppressa
1403 3798 1504 3856 est,
1539 3791 1589 3843 in
1620 3791 1775 3844 aliam
1805 3793 1984 3862 fugere
2010 3810 2023 3845 :

451 3880 587 3932 sicut
644 3882 811 3935 sancti
854 3881 1167 3949 patriarcha:
1223 3896 1253 3935 e
1305 3880 1583 3934 Palaestina
1628 3881 1678 3934 in
1734 3880 2023 3952 Egyptum

450 3970 839 4024 descenderunt
880 3988 895 4024 :
941 3972 1006 4025 de
1054 3972 1247 4025 mentis
1293 3982 1471 4025 autem
1523 3971 1700 4036 fame,
1748 3988 1866 4041 qua:
1919 3987 2023 4026 non

450 4062 660 4118 aliunde
687 4063 941 4119 Ecelesiis
964 4068 1271 4135 supervenit
1298 4083 1455 4137 quam
1486 4068 1701 4137 penuria
1723 4067 2021 4133 doctorum,

451 4168 636 4207 rursus
673 4154 807 4207 alius
852 4155 1108 4225 propheta
1147 4157 1318 4211 dixit:
1352 4157 1688 4211 Circumibunt
1731 4157 1793 4211 ab
1840 4160 2027 4215 oriente

448 4247 516 4298 ad
544 4247 844 4300 madentem
871 4258 1144 4315 qurereutt’s
1170 4251 1369 4301 verbum
1402 4247 1625 4312 Domini,
1662 4259 1708 4301 et
1737 4248 2026 4305 nullatenus

449 4336 693 4390 invenient
727 4334 832 4407 (Ib.
860 4352 907 4391 υ.
944 4337 1054 4408 12).
1081 4338 1232 4403 Quod
1271 4347 1443 4392 autem
1487 4338 1683 4392 bonum
1726 4354 1755 4391 a
1785 4340 2024 4395 doctrina

450 4440 554 4479 non
585 4427 862 4496 provenit?
887 4429 1013 4498 quid
1046 4444 1170 4484 vero
1210 4444 1313 4482 non
1360 4429 1641 4483 molestum
1671 4432 1738 4484 ab
1764 4432 2025 4503 intempe—

448 4517 583 4570 stivo
611 4518 730 4571 cibo
757 4526 848 4572 aut
885 4520 1132 4573 convivio
1176 4533 1278 4573 non
1325 4519 1603 4573 exoritur?
1632 4522 1824 4589 morbi,
1873 4524 2020 4588 rixa),

447 4610 779 4663 contumelia:
847 4611 1116 4674 libidinis,
1179 4620 1231 4665 et
1284 4626 1403 4679 qua:
1462 4613 1548 4665 illa
1605 4615 2020 4686 subsequuntur.

447 4699 671 4764 Quando
699 4700 807 4754 Eva
832 4701 999 4771 ejecta
1044 4702 1141 4756 fuit
1184 4716 1253 4756 ex
1281 4702 1565 4770 paradiso?
1610 4720 1787 4760 nonne
1813 4707 2023 4777 quando

444 4791 612 4844 audiit
638 4803 961 4860 serpentem,
1006 4803 1061 4849 et
1084 4793 1311 4847 comedit
1336 4810 1402 4847 ex
1438 4794 1600 4865 ligno,
1630 4812 1739 4861 non
1777 4809 2021 4853 cootenta

444 4882 717 4937 ordinario
757 4884 914 4939 cibo?
966 4883 1188 4951 Quando
1237 4882 1367 4937 Cain
1425 4884 1720 4951 fratricidii,
1757 4890 2019 4957 piaculum

443 4973 752 5028 commisit?
778 4990 953 5029 nonne
980 4974 1189 5042 quando
1218 4990 1247 5028 e
1276 4976 1521 5043 primitiis
1543 4979 1771 5047 gustavit
1796 4981 2015 5047 primus,

444 5064 582 5134 gula:
607 5081 717 5119 sum
747 5067 1007 5135 prmcipua
1034 5068 1347 5121 reservans?
1376 5068 1597 5134 Quando
1628 5070 1716 5124 lilii
1745 5071 1844 5125 Job
1871 5087 2021 5125 men-

442 5169 555 5207 sam
599 5158 957 5222 extemporale
997 5156 1294 5222 sepulcrum
1327 5161 1464 5213 nacti
1510 5160 1663 5214 sunt?
1694 5175 1867 5215 nonne
1898 5176 2017 5215 cum

442 5244 801 5299 comedissent
824 5254 878 5297 ct
905 5244 1190 5299 bibissent?
1219 5249 1445 5314 Quando
1480 5250 1621 5304 Esaii
1651 5250 2018 5307 benedictione

443 5336 677 5406 privatus
705 5334 826 5388 est?
851 5349 1025 5388 noone
1050 5351 1170 5389 cum
1195 5337 1313 5391 cibo
1354 5340 1617 5393 inescatus
1641 5340 1856 5393 servivit
1886 5357 2013 5394 ven-

439 5426 541 5481 tri?
569 5425 790 5493 Quando
810 5424 931 5480 Saiil
953 5440 1116 5494 regno
1141 5427 1332 5480 excidit
1349 5428 1373 5481 ?
1389 5444 1566 5485 nonne
1585 5445 1702 5484 cum
1727 5430 2023 5499 pulcherri-

444 5529 553 5573 tnas
580 5533 713 5574 oves
739 5527 932 5597 prreter
963 5516 1128 5587 legem
1170 5518 1437 5573 comedit?
1466 5520 1689 5587 Quando
1714 5532 1886 5576 autem
1926 5538 2018 5591 po-

445 5609 598 5676 pulus
637 5610 793 5666 Israel
821 5612 987 5667 Deum
1026 5610 1289 5665 irritavit?
1335 5628 1512 5669 nonne
1551 5631 1670 5669 cum
1710 5615 2013 5684 Egyptiam

439 5701 846 5768 concupiscebat
876 5718 1132 5763 mensam.
1174 5717 1359 5757 carnes
1406 5713 1459 5757 et
1500 5706 1700 5760 lebetes
1742 5722 1770 5759 a
1802 5708 2018 5761 doctore

438 5791 752 5858 requirens?
776 5791 948 5860 Ophni
980 5803 1031 5846 et
1056 5794 1283 5848 Phinecs
1313 5793 1401 5847 lilii
1431 5794 1542 5849 Heli
1569 5812 1730 5866 quare
1757 5811 1856 5849 una
1885 5798 2013 5851 hora

437 5882 595 5935 orcisi
640 5890 763 5934 sunt
807 5884 857 5935 in
908 5884 1085 5939 bello?
1120 5899 1297 5941 nonne
1334 5887 1455 5957 quia
1498 5889 1769 5958 rapiebant
1803 5890 2017 5943 luscinis

435 5987 622 6026 carnes
647 5970 885 6025 sacriﬁcii
915 5987 943 6025 c
974 5973 1270 6029 lcbetibus?
1295 5976 1457 6033 Jaeob
1484 5996 1607 6035 vero
1639 5980 1723 6033 ille
1750 5978 2012 6048 \ilttpcra-

2148 694 2271 750 bilis
2300 696 2509 765 quando
2540 698 2923 751 recalcitravit?
2952 716 3127 753 nonne
3148 716 3265 755 cum
3299 702 3542 769 impletus
3579 720 3713 767 erat,

2149 787 2525 856 impinguatus,
2558 789 2879 844 incrassatus
2903 799 2957 844 et
2980 790 3229 847 dilatatus
3249 796 3271 845 ?
3291 792 3512 860 Quando
3538 807 3713 849 autem

2147 875 2433 931 Sodomita:
2466 888 2657 947 printer
2697 889 2935 934 naturam
2966 880 3178 936 libidine
3209 883 3366 936 veluti
3410 892 3577 938 uestro
3605 900 3719 951 per-

2145 965 2233 1019 citi
2280 968 2438 1021 sunt?
2497 984 2673 1023 nonne
2713 986 2832 1024 cum
2880 972 3144 1026 coutinuis
3185 975 3439 1029 conviviis
3487 986 3717 1029 mentem

2144 1062 2525 1128 Corruperant?
2566 1063 2654 1131 qui
2708 1074 3071 1117 memorantur
3106 1078 3202 1132 per
3243 1066 3612 1120 contumeliam
3654 1069 3721 1119 ab

2147 1148 2423 1203 Ezechiele
2473 1150 2685 1204 dicente
2725 1168 2738 1201 :
2784 1151 2848 1204 In
2890 1153 3199 1207 abundantia
3251 1155 3354 1207 vini
3399 1165 3446 1208 et
3495 1158 3721 1211 satietate

2147 1240 2293 1305 panis
2335 1238 2654 1293 lasciuiebant
2695 1240 2794 1307 ipsi
2831 1239 3043 1311 (Ezech.
3076 1245 3162 1303 Ili.
3186 1243 3298 1315 49).
3347 1244 3400 1298 id
3444 1252 3545 1308 cst,
3591 1247 3719 1299 civi-

2147 1334 2256 1390 tas;
2288 1338 2333 1380 et
2354 1328 2477 1394 ﬁlia:
2495 1330 2623 1398 ejus,
2658 1329 2708 1383 id
2730 1338 2829 1395 est,
2858 1330 2958 1385 vici
2985 1333 3073 1399 qui
3106 1348 3317 1403 seraper
3342 1335 3569 1389 civitatis
3588 1349 3719 1389 con-

2144 1420 2477 1475 suetudinem
2503 1431 2813 1492 sequuntur.
2848 1423 3235 1493 Temperantia:
3261 1436 3435 1481 autem
3473 1426 3723 1497 cogitatio

2142 1511 2356 1580 quando
2398 1528 2428 1566 a
2475 1515 2667 1582 populo
2694 1514 2784 1567 illo
2812 1525 2992 1569 vetere
3029 1514 3265 1570 defecit?
3308 1532 3485 1572 nonne
3512 1519 3723 1586 quando

2148 1604 2199 1656 in
2257 1604 2514 1657 accubitis
2560 1618 2971 1669 consenuerunt,
3032 1610 3284 1677 propheta
3330 1610 3721 1679 exprobrante:

2148 1690 2247 1756 Qui
2274 1692 2538 1745 comedunt
2566 1692 2738 1747 haedos
2763 1694 2826 1748 de
2844 1696 3095 1765 gregibus,
3118 1707 3165 1750 et
3189 1698 3370 1753 vitulos
3405 1700 3470 1753 de
3494 1713 3722 1756 armento

2146 1778 2404 1842 lacteolos.
2438 1782 2655 1836 bibentes
2677 1787 2988 1853 percolatur»
3016 1785 3206 1852 uinum,
3252 1790 3429 1859 primis
3456 1794 3725 1861 unguentis

2142 1868 2371 1934 delibuti,
2415 1873 2727 1929 lascivientes
2766 1878 2818 1928 in
2862 1877 3108 1933 cubilibus
3149 1881 3284 1945 suis,
3315 1891 3360 1934 et
3387 1881 3514 1935 nihil
3542 1883 3722 1951 afﬁcie-

2144 1959 2327 2013 bantur
2349 1977 2505 2029 super
2550 1963 2843 2018 contritione
2867 1964 3059 2038 Ioseph
3090 1968 3265 2039 (Amos
3293 1971 3345 2023 6.
3378 1971 3541 2041 4-6)?
3580 1973 3729 2038 Quos

2140 2051 2378 2106 infelices
2405 2053 2567 2108 Isaias
2594 2056 2983 2123 pronuntiavit?
3015 2074 3188 2113 nonne
3211 2062 3299 2130 qui
3326 2061 3388 2115 ad
3419 2066 3725 2120 convivium

2140 2141 2372 2196 diluculo
2401 2145 2723 2214 surgebant?
2749 2147 2818 2199 ita
2853 2146 3072 2202 dicens:
3106 2147 3194 2203 Va:
3216 2153 3301 2218 qui
3326 2154 3528 2221 surgitis
3553 2170 3719 2215 mane,

2141 2244 2186 2284 et
2214 2236 2426 2286 siceram
2457 2237 2734 2300 sectamini,
2768 2239 2856 2307 qui
2885 2242 3099 2294 manetis
3125 2242 3193 2294 ad
3220 2258 3474 2309 resperam
3510 2259 3525 2295 :
3554 2246 3729 2304 vinum

2141 2324 2273 2375 enim
2299 2326 2549 2378 comburet
2575 2343 2657 2380 eos
2678 2346 2697 2380 :
2722 2346 2838 2381 nam
2866 2347 2980 2383 rum
3008 2332 3201 2385 cithara
3225 2343 3268 2384 et
3297 2334 3531 2401 psalterio
3551 2336 3723 2393 vinum

2141 2414 2354 2477 bibunt;
2394 2432 2547 2481 opera
2588 2428 2755 2471 autem
2793 2418 2997 2473 Domini
3023 2438 3121 2473 non
3166 2425 3434 2490 respiciunt
3482 2425 3632 2494 (lsai.
3664 2427 3717 2480 5.

2145 2503 2229 2557 ll.
2272 2504 2380 2572 12).
2427 2506 2648 2571 Quando
2692 2508 2992 2564 sacerdotes
3029 2510 3140 2565 Beli
3180 2526 3208 2565 a
3256 2513 3467 2568 Daniele
3515 2515 3715 2570 :onlusi

2140 2595 2303 2647 sunt?
2349 2610 2521 2650 nonne
2551 2611 2670 2650 cum
2699 2598 2834 2654 cinis
2874 2599 3015 2669 ipsos
3046 2617 3137 2669 per
3173 2603 3318 2656 cibus
3360 2614 3410 2658 et
3440 2614 3594 2674 potus
3623 2607 3720 2660 de-

2141 2683 2436 2753 prehensos
2463 2688 2741 2757 coarguit?
2772 2688 2838 2742 Et
2865 2690 2987 2759 quid
3018 2692 3205 2746 attinet
3231 2708 3315 2747 tne
3346 2694 3523 2749 dicere
3560 2696 3626 2749 de
3658 2697 3721 2749 iis

2141 2777 2230 2845 qui
2274 2777 2432 2831 latam
2461 2779 2600 2833 viam
2635 2778 2836 2849 ingredi
2881 2782 3174 2851 elegerunt,
3210 2794 3262 2839 et
3287 2796 3561 2855 angustant
3591 2789 3720 2840 vitu-

2139 2868 2365 2936 perant?
2393 2868 2587 2923 sufi’icit
2622 2872 2749 2924 mihi
2772 2868 3066 2927 Servatoris
3086 2890 3259 2927 sermo
3279 2875 3344 2929 ad
3376 2878 3718 2934 revictioaem

2137 2973 2323 3011 eorum
2353 2961 2441 3028 qui
2472 2960 2687 3015 nidures
2715 2972 3020 3016 sectantur:
3050 2965 3139 3032 qui
3169 2966 3552 3022 innominattnn
3579 2969 3718 3022 divi-

2137 3056 2265 3112 tem,
2295 3048 2571 3117 splendidc
2598 3051 2834 3118 quotidie
2853 3053 3155 3121 epulantem
3184 3056 3233 3107 in
3268 3056 3365 3109 hac
3395 3058 3519 3123 vita,
3542 3069 3718 3112 Osten-

2135 3140 2213 3195 dit
2250 3143 2415 3195 micas
2441 3154 2496 3197 et
2520 3152 2694 3211 guttas
2723 3145 2972 3213 pauperis
3006 3144 3188 3199 Lazari
3233 3148 3716 3218 concupiscentem,

2136 3246 2234 3286 nec
2260 3232 2324 3287 iis
2346 3231 2627 3287 fruentem.
2653 3233 2996 3302 Inspiciamus
3022 3246 3195 3291 autem
3218 3247 3271 3291 et
3304 3248 3487 3293 malum
3513 3251 3718 3296 sancto-

2135 3339 2253 3377 rum
2285 3334 2543 3390 veterum,
2572 3335 2625 3379 et
2656 3327 2866 3381 tandem
2895 3327 3161 3382 discamus
3187 3346 3291 3399 quo
3317 3330 3570 3387 doctrina:
3593 3332 3718 3388 eba-

2135 3426 2341 3470 raetere
2361 3417 2439 3469 usi
2464 3426 2607 3481 sunt,
2632 3432 2696 3471 an
2729 3418 2850 3471 vita:
2879 3421 3242 3474 sanctimonia:
3264 3431 3314 3475 et
3336 3434 3493 3477 recta:
3516 3423 3718 3479 doctri-

2136 3525 2238 3575 nae,
2278 3525 2343 3564 an
2382 3512 2743 3566 conviviorum
2771 3522 2824 3565 et
2850 3515 3143 3581 epularum.
3172 3514 3378 3570 Primus
3404 3516 3582 3572 Enoclt
3612 3516 3718 3574 ﬁde

2136 3603 2417 3658 translatus
2445 3612 2547 3665 est.
2581 3620 2645 3659 an
2684 3605 2963 3659 convivio?
2994 3607 3192 3662 Deinde
3230 3606 3339 3662 Noe
3368 3610 3511 3662 orbis
3547 3620 3717 3664 terra-

2134 3710 2250 3749 rum
2278 3710 2445 3764 genus
2474 3696 2577 3751 lidc
2603 3698 2830 3751 servavit
2856 3698 2906 3750 in
2933 3698 3093 3767 ligno,
3115 3700 3326 3767 quando
3359 3708 3601 3754 terrenus
3630 3701 3716 3756 hic

2132 3785 2361 3841 mundus
2423 3788 2763 3857 purgabatur,
2822 3805 2889 3842 an
2951 3789 3018 3845 ab
3074 3790 3301 3845 assiduis
3362 3792 3621 3846 conviviis
3663 3801 3717 3848 ct

2131 3880 2355 3949 impuris
2407 3881 2676 3950 Operihus,
2740 3898 2808 3935 an
2864 3882 3067 3951 jejunio
3123 3892 3176 3938 et
3221 3885 3496 3938 oratione?
3540 3899 3716 3940 nonne

2131 3978 2191 4025 ut
2238 3986 2422 4041 parum
2475 3987 2503 4023 a
2555 3973 2641 4025 tali
2689 3980 3002 4041 tempeState
3041 3976 3345 4042 poculorum
3394 3978 3711 4044 quiesceret.

2132 4062 2477 4132 ignominiam
2508 4063 2645 4116 illius
2671 4072 2724 4115 et
2751 4078 2853 4117 non
2882 4064 3044 4118 decus
3075 4066 3357 4133 praedicant
3389 4065 3716 4136 Scriplttrtl‘?

2133 4153 2325 4208 Beatus
2347 4152 2610 4206 Abraham
2630 4154 2860 4224 quinque
2882 4170 3033 4225 rcges
3054 4155 3405 4209 Sodomorum
3425 4160 3712 4227 superavit,

2131 4260 2197 4299 an
2228 4246 2347 4301 cibo
2376 4252 2431 4300 et
2446 4256 2570 4314 potu
2590 4289 2605 4310 ,
2628 4256 2941 4316 recuperato
2970 4249 3128 4304 etiam
3153 4249 3291 4304 Lot?
3313 4252 3375 4304 Et
3404 4250 3714 4307 Theodorus

2132 4336 2205 4390 ait
2239 4354 2251 4389 :
2298 4336 2355 4392 Si
2382 4337 2741 4391 Abrahamum
2784 4338 3002 4394 adducis
3039 4341 3088 4394 in
3119 4342 3370 4400 medium.
3404 4342 3587 4398 audias
3616 4344 3715 4413 igi)

2132 4438 2219 4483 tur
2247 4438 2300 4483 ct
2340 4428 2465 4482 illud
2510 4444 2539 4481 a
2578 4446 2682 4483 me.
2715 4430 2863 4484 Dicet
2888 4432 3029 4486 enim
3072 4433 3161 4487 tibi
3208 4433 3398 4501 quivis,
3443 4434 3582 4503 quod
3614 4434 3715 4491 lide

2130 4518 2342 4588 quidem
2395 4519 2599 4573 hostem
2638 4521 2779 4585 vicit,
2838 4523 3008 4574 Deum
3040 4532 3214 4576 autem
3247 4539 3425 4577 mensa
3456 4527 3615 4593 repit,
3656 4538 3712 4583 ut

2128 4612 2276 4680 prius
2323 4612 2434 4681 ipse
2473 4611 2782 4679 exposuisti.
2832 4610 3005 4666 Episc.
3051 4612 3232 4681 Papsc:
3280 4615 3416 4669 euod
3445 4615 3710 4671 Abraham

2130 4703 2295 4756 Deum
2323 4718 2505 4757 mensa
2536 4704 2697 4773 cepit,
2725 4717 2900 4756 nonne
2928 4719 3114 4758 omnes
3134 4706 3315 4759 relicta
3337 4704 3442 4761 ﬁde
3462 4717 3517 4762 et
3544 4709 3710 4762 virtu-

2131 4794 2271 4847 tibus
2299 4794 2477 4847 cuzteri
2506 4794 2742 4847 convivia
2788 4794 3027 4848 studiose
3048 4796 3403 4851 sectabimur?
3433 4797 3561 4852 nihil
3592 4796 3707 4851 dis-

2127 4893 2408 4952 crepantes
2454 4899 2483 4936 a
2524 4883 2851 4951 cauponibus
2900 4893 2991 4937 aut
3044 4884 3377 4948 stabulariis,
3428 4886 3515 4955 qui
3571 4888 3706 4942 lucri

2127 4991 2285 5030 causa
2308 4977 2377 5029 ob
2407 4976 2456 5029 id
2498 4975 2665 5043 ipsum
2695 4974 2956 5043 publicam
2987 4976 3125 5029 viam
3156 4976 3417 5031 obsident.
3452 4977 3519 5032 Et
3548 4979 3705 5045 virgi-

2129 5082 2226 5120 nes
2253 5068 2427 5136 igitur,
2458 5082 2573 5134 quae
2602 5074 2654 5118 et
2684 5079 2908 5133 corpore
2938 5076 2989 5119 et
3012 5066 3197 5134 spiritu
3226 5076 3421 5121 sancte
3448 5082 3565 5122 esse
3591 5085 3631 5122 si
3659 5088 3705 5122 i-

2127 5158 2255 5211 deut
2278 5158 2341 5210 ad
2363 5157 2581 5226 gloriam
2612 5157 2723 5221 Dei,
2756 5158 3005 5224 quoniam
3030 5157 3187 5211 Maria
3210 5158 3475 5212 Christum
3500 5165 3701 5228 gen-vit,

2128 5260 2182 5304 et
2205 5253 2331 5320 ipsre
2360 5249 2561 5317 pariant
2590 5266 2602 5301 :
2636 5251 2678 5302 si
2710 5252 2849 5303 enim
2873 5252 2946 5303 sic
2978 5250 3215 5314 fecerint,
3242 5251 3369 5303 nihil
3395 5267 3423 5305 a
3459 5269 3572 5307 uter
3594 5262 3627 5306 ‘1
3661 5254 3702 5306 i-

2127 5342 2275 5395 cibns
2310 5340 2577 5394 dill‘erunt.
2623 5340 2753 5395 Nam
2804 5341 2845 5393 si
2886 5339 3133 5393 doctores
3180 5351 3395 5411 propter
3437 5344 3701 5398 Δίνη-,δίη

2128 5446 2338 5487 mensas
2367 5431 2654 5497 instruunt,
2679 5440 2731 5483 et
2751 5430 2979 5499 virgines
3006 5442 3219 5500 propter
3238 5432 3451 5485 Mariam
3472 5435 3697 5501 pariant.

2128 5525 2306 5592 Apage
2341 5521 2434 5584 sis,
2466 5520 2894 5586 honoratissimc,
2935 5532 2995 5575 ut
3020 5538 3135 5591 quze
3166 5522 3299 5575 bene
3331 5530 3566 5591 tempore
3607 5538 3701 5578 suo

2127 5623 2217 5667 aut
2244 5624 2355 5665 acta
2381 5624 2503 5665 sunt
2538 5626 2627 5667 aut
2666 5612 2813 5673 ﬁunt.
2858 5613 3175 5667 contumelia
3202 5610 3492 5667 afﬁciamus
3522 5632 3533 5667 :
3581 5632 3698 5670 nam

2130 5705 2362 5775 profecto
2405 5704 2658 5771 cujusque
2698 5706 3018 5758 conscientia
3058 5704 3194 5774 quod
3236 5706 3468 5773 expedit,
3515 5707 3694 5759 dictat.

2095 5799 2101 5804 ’
2132 5796 2327 5851 Deinde
2364 5795 2526 5851 Jaeob
2555 5798 2777 5850 luctator
2814 5796 3149 5860 abstinentia,
3192 5811 3256 5850 an
3288 5798 3526 5851 convivio
3564 5798 3695 5852 bona

2128 5888 2303 5943 Lahan
2336 5888 2495 5940 tulit?
2526 5888 2609 5956 qui
2632 5886 2760 5941 dicit
2787 5903 2799 5939 :
2837 5885 3023 5940 Factus
3052 5904 3164 5940 sum
3188 5888 3309 5941 solis
3332 5887 3539 5940 adustus
3565 5891 3692 5940 uasti-

2128 5978 2215 6031 bus
2245 5988 2289 6029 ct
2316 5978 2427 6047 gelu
2469 5980 2643 6043 noctis,
2687 5995 2745 6030 ac
2776 5979 2971 6033 recessit
3014 5994 3045 6031 a
3074 5995 3151 6033 me
3176 5992 3379 6033 somnus
3418 5974 3566 6050 (σὺν.
3610 5981 3693 6036 5i-
