4466 6722
746 632 811 684 .53
1971 612 2290 669 PALLADII
2319 612 2658 667 DtALOtjUS
3945 618 4010 672 η

743 743 868 812 40);
916 739 1047 795 nihil
1090 738 1229 793 aliud
1275 744 1458 806 petens
1502 736 1553 787 in
1594 732 1831 787 oratione
1858 745 2015 797 quam
2049 744 2236 797 panem
2270 735 2323 779 et

745 844 946 897 vestes,
998 833 1177 885 dicens
1204 847 1214 879 :
1250 829 1311 881 Si
1341 826 1541 879 dederis
1571 824 1692 877 mihi
1711 837 1891 890 penem
1916 819 1982 870 ad
2010 818 2254 872 edendum
2278 824 2324 869 et

740 928 1083 977 vestimentum
1109 935 1206 986 quo
1234 917 1453 984 θρα-ίαν,
1478 932 1619 968 omne
1644 912 1775 980 quod
1802 911 1925 962 mihi
1948 910 2164 969 dederis,
2191 907 2325 958 deei-

743 1031 876 1066 mam
905 1028 968 1064 ex
993 1027 1047 1062 eo
1075 1008 1203 1060 dabo
1226 1008 1314 1059 tibi
1348 1006 1508 1076 (Gen.
1537 1006 1627 1056 ‘23.
1659 1001 1789 1071 20).
1814 1000 1929 1054 Non
1951 1001 2103 1062 dixit,
2132 997 2323 1052 Mensis

739 1103 1062 1170 impendant.
1098 1100 1186 1153 Dei
1220 1100 1481 1164 interpres
1508 1104 1560 1147 et
1590 1093 1759 1145 ﬁdelis
1792 1092 1880 1145 ille
1909 1106 2095 1144 servus
2121 1088 2324 1156 Moyses

740 1194 883 1264 quali
914 1194 1164 1247 instructa
1189 1204 1366 1243 mensa
1394 1188 1642 1257 pupulum
1663 1183 2002 1253 congregavit
2030 1184 2080 1234 in
2110 1179 2324 1233 incute?

740 1298 876 1353 quos
903 1295 1154 1341 crateres,
1181 1294 1298 1348 quin
1331 1278 1513 1345 pocula
1548 1276 1809 1331 habebat?
1838 1275 1926 1343 qui
1949 1283 2149 1343 petram
2177 1270 2321 1336 virga

744 1374 903 1426 veluti
946 1371 1156 1425 etnulsit
1197 1370 1267 1423 ob
1309 1368 1486 1436 populi
1530 1366 1913 1427 inﬁdelitatem,
1963 1364 2048 1431 qui
2077 1368 2322 1414 sexcenta

742 1463 904 1516 millia
944 1460 1217 1513 hominum
1270 1460 1500 1526 regebat,
1560 1456 1689 1521 legis
1728 1453 1930 1506 tabulas
1977 1452 2217 1518 portabat
2257 1447 2323 1501 ad

738 1550 1165 1639 emepdationem
1188 1548 1361 1618 populi
1388 1561 1401 1597 :
1430 1562 1494 1596 au
1524 1544 1724 1613 phialas
1747 1540 2063 1611 perlucidas,
2106 1556 2170 1592 an
2196 1554 2320 1607 por-

740 1631 923 1697 coruin
947 1642 1173 1703 sumina,
1202 1657 1268 1692 an
1294 1652 1417 1691 aves
1438 1636 1716 1694 Phasidos.
1742 1650 1807 1687 an
1840 1634 2009 1702 pisces
2032 1647 2095 1684 ex
2118 1631 2322 1697 pelago,

741 1750 806 1787 an
836 1736 1011 1787 vinum
1055 1732 1378 1802 percolatum
1426 1744 1456 1783 e
1485 1729 1648 1797 'l‘yro,
1679 1736 1732 1779 et
1762 1729 1929 1777 lautos
1962 1738 2128 1792 panes
2156 1736 2324 1790 ιιρριιο

740 1838 874 1895 nens
900 1824 963 1876 iis
988 1823 1077 1891 qui
1110 1821 1539 1879 instituebantur,
1582 1832 1648 1867 an
1676 1812 2015 1867 doctrinam?
2050 1813 2197 1865 Utve.
2220 1810 2325 1864 Sed

742 1913 1085 1983 respondebit
1110 1911 1227 1979 quis
1248 1910 1339 1963 tibi
1365 1907 1428 1961 ad
1454 1907 1561 1967 illa,
1584 1899 1773 1957 Pater:
1799 1905 1861 1957 Et
1886 1902 2012 1956 mihi
2042 1902 2104 1955 da
2135 1916 2325 1953 manna

743 2014 799 2057 et
844 2019 1030 2072 aquam
1083 2002 1246 2063 illam,
1296 2011 1346 2053 et
1403 1998 1532 2050 nihil
1579 1996 1805 2065 amplius
1856 1995 2087 2063 requiro.
2146 1993 2321 2045 Εριεϐ.

744 2094 936 2163 Ecquis
977 2092 1068 2146 ille
1108 2101 1189 2145 est
1230 2090 1361 2143 adeo
1403 2103 1645 2141 morosus
1676 2085 1761 2154 qui
1806 2083 2023 2152 spirit..li
2068 2080 2323 2132 doctrina:

744 2199 939 2237 manna
971 2182 1221 2236 sensibile
1267 2182 1561 2247 lluvatnquc
1596 2192 1781 2243 aquam
1812 2171 2049 2241 pt‘a'l'erat
2071 2172 2092 2222 ’ἶ
2125 2168 2323 2222 Deinde

742 2274 957 2328 Samuel
988 2272 1163 2342 populi
1191 2271 1398 2332 doctor,
1422 2271 1509 2337 qtti
1537 2284 1654 2320 eunt
1690 2264 1866 2331 viginti
1896 2266 2124 2331 quinque
2156 2274 2323 2313 annos

741 2366 797 2419 in
825 2364 1133 2417 Armatltem
1159 2360 1469 2430 quicvissct,
1488 2371 1640 2426 quem
1670 2354 1950 2423 aliquando
1982 2365 2183 2414 mensa,
2219 2366 2320 2402 noti

741 2464 916 2508 autem
946 2452 1209 2515 doctrina,
1265 2452 1451 2503 avertit
1496 2448 1562 2499 ab
1604 2445 1793 2499 idolis?
1828 2441 2048 2508 Quando
2074 2456 2204 2493 vero
2233 2454 2322 2492 rex

742 2544 897 2599 simul
947 2552 1001 2598 ct
1068 2541 1322 2611 propheta
1374 2550 1427 2591 et
1476 2538 1670 2606 psaltes
1723 2534 2002 2588 delicatam
2072 2530 2327 2583 instruxit

742 2634 1023 2688 mensam?
1061 2632 1147 2701 qui
1175 2630 1305 2683 dixit
1334 2646 1344 2680 :
1372 2626 1594 2681 Cinerem
1631 2636 1886 2693 tamquam
1918 2637 2099 2691 panem
2119 2622 2327 2672 mandu-

742 2726 938 2790 eabam,
966 2734 1011 2777 et
1041 2733 1213 2791 potum
1249 2736 1409 2773 meum
1442 2735 1554 2771 cum
1585 2718 1708 2785 ﬂetu
1737 2711 2192 2778 miscebumU’sal.
2211 2713 2323 2766 101.

743 2814 855 2885 10).
898 2812 1044 2867 Elias
1072 2810 1369 2873 Thesbites,
1413 2805 1723 2860 universalis
1767 2803 1944 2871 jejunii
1981 2810 2186 2862 auctor,
2235 2799 2325 2868 qui

741 2916 912 2956 annos
959 2911 1066 2955 tres
1102 2910 1155 2953 et
1182 2912 1392 2952 menses
1428 2912 1523 2950 sex
1549 2896 1774 2949 inediam
1808 2892 2113 2945 lurconibus
2136 2900 2325 2957 pm:in

743 3006 928 3047 eorum
950 2990 1272 3043 voluntatem
1301 2986 1595 3057 apparavit,
1641 2984 1779 3053 quali
1814 2996 1995 3035 mensa
2037 2997 2066 3033 a
2109 2988 2324 3049 peccato

744 3083 1027 3139 liberavit?
1065 3095 1198 3150 quos
1230 3090 1405 3133 autem
1442 3078 1672 3131 habebat
1695 3074 1931 3144 coquos?
1969 3087 2145 3126 nonne
2179 3070 2323 3124 corvi

742 3191 905 3247 opera
923 3175 1285 3245 quotidianum
1301 3169 1593 3239 accipiebat
1608 3183 1795 3236 panem
1815 3167 1838 3217 ?
1868 3166 2091 3234 Sapiens
2122 3163 2322 3226 Daniel,

743 3275 797 3320 et
816 3264 1113 3318 futurorum
1138 3260 1380 3315 oculatus
1400 3258 1569 3322 testis,
1597 3271 1697 3325 qua
1724 3270 1905 3307 mensa
1933 3254 2179 3323 Assyrios
2200 3266 2323 3306 eru-

743 3353 907 3408 divit?
934 3366 1110 3406 noune
1148 3348 1353 3419 jejunio
1376 3356 1429 3401 et
1455 3346 1697 3400 oratione
1736 3344 2018 3397 draconem
2058 3342 2327 3396 interemit

744 3454 798 3499 ct
823 3444 1002 3498 Belem
1045 3440 1255 3503 evertit,
1297 3438 1615 3504 leonumque
1645 3450 1739 3488 ora
1781 3433 2067 3499 obturavit,
2114 3440 2169 3485 et
2212 3429 2323 3498 regi

746 3532 1010 3604 persuasit
1040 3540 1095 3584 ut
1120 3529 1316 3598 patrios
1337 3528 1467 3581 deos
1485 3528 1793 3594 abnegarct,
1821 3534 1873 3578 et
1898 3523 2066 3578 Deum
2093 3523 2181 3591 qui
2204 3535 2328 3575 vere

746 3632 829 3676 est
854 3620 1237 3676 conﬁteretur?
1267 3616 1469 3684 Quibus
1490 3618 1682 3684 epulis,
1721 3616 1912 3683 quibus
1936 3612 2174 3681 cupediis
2205 3626 2329 3665 usus

748 3720 832 3767 est
850 3710 1223 3781 prophetarum
1250 3718 1567 3762 etcterorum
1598 3707 1793 3759 chorus
1822 3714 1912 3757 aut
1931 3704 2329 3772 apostolorum?

748 3819 928 3859 nomne
950 3814 1101 3857 erant
1127 3800 1415 3854 doctores?
1444 3813 1621 3851 nonne
1650 3797 1777 3865 ipsis
1803 3797 1961 3850 tutius
1990 3795 2169 3849 mundi
2200 3808 2327 3847 cura

749 3893 1054 3950 concredita
1076 3891 1280 3945 fuerat?
1302 3903 1477 3941 nonne
1494 3888 1699 3940 illorum
1736 3901 1916 3939 sumus
1955 3885 2327 3939 successores?

751 4002 925 4040 annon
947 3999 1131 4038 eorunt
1167 3980 1463 4033 imitatores
1491 3992 1587 4031 nos
1612 3992 1731 4031 esse
1760 3978 1869 4029 vult
1894 3976 2199 4044 Scriptura?
2228 3992 2322 4029 eo-

755 4093 872 4130 rum
915 4074 1151 4127 moribus
1179 4070 1533 4130 adhwrentes,
1583 4077 1640 4120 ut
1665 4066 1862 4120 Paulus
1890 4065 2064 4129 docet,
2109 4065 2327 4117 dicens:

758 4165 986 4228 Quorum
1005 4163 1247 4213 intuentes
1267 4159 1450 4211 exitum
1470 4156 1885 4219 conversationis,
1902 4154 2166 4205 imitamini
2181 4153 2333 4219 [idem

758 4253 941 4326 (Hebr.
971 4253 1058 4305 15.
1083 4253 1161 4319 7).
1191 4251 1320 4315 Quae
1350 4248 1561 4301 bellaria
1591 4248 1817 4300 habebat
1844 4247 1895 4299 in
1917 4246 2132 4299 deserto
2168 4244 2335 4310 pumi-

760 4347 937 4400 teutia:
965 4358 1136 4412 ιιι-που
1164 4341 1397 4395 Joannes
1429 4338 1659 4407 Baptista
1682 4380 1694 4399 ,
1743 4338 1831 4405 qui
1883 4338 1947 4389 ad
1986 4352 2044 4390 se
2082 4335 2335 4389 venienti-

760 4439 861 4491 bus
890 4451 997 4490 non
1031 4434 1189 4488 modo
1218 4448 1321 4485 non
1353 4432 1555 4500 paravit
1585 4430 1821 4499 prandia,
1852 4429 1945 4483 sed
1972 4438 2025 4481 et
2054 4442 2334 4482 occursum

761 4528 931 4597 ipsum
986 4540 1104 4579 cum
1150 4523 1511 4591 increpatione
1561 4537 1799 4574 amarum
1866 4520 2174 4589 przebebat?
2221 4518 2335 4573 Non

761 4620 933 4672 solum
961 4617 1102 4671 enim
1150 4615 1471 4683 inquinatam
1502 4628 1684 4665 eorum
1720 4612 2101 4665 conscientiam
2149 4628 2337 4665 severo

764 4710 1020 4776 adspectu
1046 4706 1332 4775 quatiebat,
1353 4703 1446 4756 sed
1477 4713 1529 4757 et
1553 4704 1666 4770 ipso
1696 4702 1896 4765 habitu,
1926 4703 2195 4771 multoque
2226 4719 2338 4755 tua-

763 4801 844 4868 gis
869 4798 1047 4859 verbo,
1072 4792 1442 4863 velutigladio,
1471 4794 1762 4844 animarum
1786 4792 2062 4843 abscessus
2086 4795 2292 4847 secabat
2321 4813 2333 4847 :

764 4888 1028 4942 Uenimina
1069 4886 1374 4955 viperarum,
1417 4882 1526 4952 quis
1556 4881 1767 4934 ostendit
1797 4882 1929 4933 vobis
1959 4882 2132 4951 fugere
2161 4899 2191 4933 a
2226 4900 2340 4936 ren-

764 4994 877 5032 tura
901 4978 1016 5030 ira?
1054 4974 1230 5028 Facite
1257 4975 1411 5043 igitur
1440 4973 1633 5040 {ructus
1659 4972 1837 5041 dignos
1860 4973 2164 5040 paenitentia:
2190 4972 2335 5041 (Luc.

764 5074 816 5123 5.
851 5072 904 5123 7.
937 5069 989 5134 8)
1039 5082 1209 5133 neque.
1245 5064 1344 5117 soli
1396 5064 1657 5131 baptismo
1702 5064 2007 5127 inuitintini,
2066 5074 2155 5116 aut
2200 5065 2338 5133 quod

765 5159 893 5214 estis
920 5158 1009 5210 ﬁlii
1032 5154 1276 5209 Abrahae.
1305 5152 1438 5219 Quid
1462 5154 1599 5205 enim
1619 5156 1850 5219 gentium
1878 5154 2082 5216 doctor,
2108 5154 2339 5207 cii-rum-

764 5251 979 5303 eisionis
1007 5250 1321 5308 destructor,
1353 5252 1409 5297 ιιι
1430 5243 1881 5298 citcuutcisionem
1915 5246 2031 5298 ﬁdei
2059 5248 2337 5310 stabiliret,

769 5357 857 5396 vas
869 5341 1140 5394 electionis
1152 5337 1379 5390 Paulus?
1407 5338 1737 5390 inveniturne
1755 5350 1969 5403 prorsus
1985 5354 2161 5391 curaui
2180 5354 2340 5407 agens

770 5451 986 5495 mensa},
1009 5434 1096 5502 qui
1126 5448 1301 5485 rerum
1330 5432 1561 5484 omnium
1584 5432 1752 5500 magis
1777 5445 1932 5499 quam
1958 5430 2110 5498 ltujtts
2136 5434 2340 5488 debitor

770 5537 905 5591 erat,
933 5538 985 5579 et
1012 5526 1239 5580 debebat
1266 5534 1467 5591 gentes,
1513 5534 1690 5590 utpote
1719 5523 2035 5585 incredulas,
2075 5540 2166 5591 per
2193 5542 2339 5579 ineu-

768 5636 881 5672 sam
908 5618 1005 5669 sibi
1042 5616 1371 5686 adjungere?
1400 5613 1532 5680 Quid
1576 5616 1661 5667 ille
1691 5614 1873 5667 scribit
1900 5615 2197 5675 Timotheo,
2231 5618 2341 5684 epi-

769 5724 931 5776 διυμο
955 5707 1141 5773 ίιιιιιυδι
1181 5710 1227 5777 (t
1255 5705 1386 5759 Tim.
1420 5707 1473 5759 ο1.
1510 5703 1634 5773 ili)?
1668 5702 1800 5757 Vaca
1828 5719 2021 5757 mensa;
2043 5708 2336 5772 apparatui,

768 5817 834 5854 an
863 5801 1096 5859 lectioni,
1145 5798 1521 5863 adi.ortationi,
1549 5797 1839 5851 doctrinae?
1868 5798 2057 5864 quibus
2088 5796 2135 5848 iu
2186 5799 2339 5853 rebus

770 5893 1004 5945 omnium
1027 5892 1252 5945 maxime
1276 5892 1496 5960 impiger
1519 5898 1630 5943 erat
1648 5899 1699 5941 et
1727 5892 1958 5942 intentus
1981 5887 2165 5941 beatus
2181 5889 2339 5945 Joan-

773 5996 868 6036 nes
904 6001 915 6032 ι
942 5980 1257 6049 Imporlune,
1291 5993 1582 6048 opportune,
1610 5980 1759 6043 insta,
1788 5978 1971 6031 dicens
2002 5995 2013 6031 :
2043 5994 2216 6047 argue,
2259 5982 2334 6035 iu-

2431 742 2599 787 rrepa,
2620 726 2821 779 obsecra
2851 724 2903 793 (ἓ
2922 722 3053 776 Tim.
3081 725 3130 778 4.
3152 727 3231 796 2),
3263 726 3473 779 nemine
3491 726 3659 794 ipsum
3687 725 4014 795 increpante,

2432 832 2496 871 eo
2525 821 2664 888 quod
2690 818 2798 872 duo
2823 816 3036 885 quidem
3065 833 3251 884 aspera
3283 830 3334 873 ct
3364 835 3520 872 unum
3553 818 3693 877 lene.
3727 819 3883 887 idque
3909 820 4011 873 fcr-

2432 924 2523 962 sau
2551 926 2703 976 parce
2736 908 3030 962 adhiberet.
3068 909 3197 963 Illud
3225 913 3386 974 enim,
3410 913 3596 981 Argue,
3629 912 3858 979 increpa,
3890 912 4015 966 licet

2430 1008 2531 1051 snit
2563 1000 2712 1054 valde
2750 1000 2964 1062 acerba,
2999 998 3051 1052 in
3084 1000 3195 1065 illo,
3242 1002 3476 1064 Obsecro,
3510 1012 3563 1055 et
3595 1018 3718 1066 non,
3765 1001 4011 1055 blandire.

2433 1090 2484 1142 Id
2516 1094 2708 1161 quippe
2739 1092 2867 1145 scite
2906 1091 3119 1153 iactum,
3151 1094 3395 1147 acerbius
3418 1104 3498 1147 est
3526 1094 3831 1163 voluptariis
3858 1103 4017 1160 atque

2430 1182 2655 1250 abjecm:
2707 1184 2897 1236 mentis
2929 1180 3231 1236 hominibus
3260 1185 3530 1253 (lUlltthiS
3562 1186 3891 1255 gravioribus
3932 1186 4009 1238 in-

2430 1274 2842 1341 crepationibus.
2874 1272 2945 1325 lbi
2974 1272 3113 1325 enim
3150 1272 3374 1327 fortasse
3403 1275 3761 1345 indignatione
3787 1276 4015 1345 quadam

2430 1363 2697 1417 obsistens
2731 1366 2937 1416 animus
2966 1363 3407 1431 increpationem,
3431 1381 3549 1434 qua:
3572 1365 3649 1426 ﬁt,
3682 1382 3785 1420 n0u
3816 1366 4011 1420 sentit:

2432 1454 2535 1506 illis
2566 1469 2695 1508 vero
2728 1457 2926 1510 sensim
2952 1463 3007 1509 et
3040 1452 3288 1522 paulatim
3330 1457 3614 1509 moderatis
3643 1473 3760 1509 cum
3796 1459 4017 1512 veritate

2429 1543 2628 1606 verbis,
2661 1547 2809 1613 quasi
2839 1562 2868 1599 a
2898 1546 3037 1598 lento
3069 1544 3187 1612 igne
3213 1542 3536 1598 sensibilitcr
3565 1546 3872 1600 combustus
3897 1547 4011 1601 dis-

2431 1646 2660 1690 secatur.
2695 1637 2808 1703 Qua
2839 1638 2903 1692 de
2943 1652 3000 1691 re
3020 1646 3195 1691 autem
3223 1636 3393 1704 ipsum
3416 1636 3709 1690 admoaet?
3734 1639 3800 1692 de
3831 1642 4012 1693 c0nvi-

2432 1724 2532 1778 viis
2561 1734 2615 1779 et
2643 1727 2840 1793 epulis,
2877 1742 2942 1778 an
2976 1726 3043 1778 de
3075 1724 3470 1780 tribulationum
3503 1728 3704 1779 severis
3747 1729 4012 1789 semiani-

2435 1815 2567 1870 bus?
2596 1817 2780 1871 dicens
2812 1836 2823 1869 :
2854 1817 2931 1870 'l‘u
2962 1817 3105 1871 enim
3136 1817 3270 1869 nosti
3296 1830 3465 1870 meam
3493 1816 3702 1870 vivendi
3732 1817 4011 1880 ratiOuem,

2431 1923 2588 1978 quam
2628 1908 2887 1969 ordinari,
2936 1916 2989 1960 et
3019 1908 3335 1971 institutum,
3397 1918 3449 1959 ut
3481 1906 3657 1960 omnia
3689 1906 3753 1959 ad
3792 1908 4013 1976 gloriam

2433 1998 2523 2049 Dei
2554 1997 2741 2051 faciam
2772 1999 2822 2050 in
2870 1996 3388 2067 persequutiOnibus.
3431 1995 3487 2050 In
3532 1998 3898 2063 redarguendo
3930 2014 4014 2051 er-

2431 2102 2584 2151 rore,
2636 2102 2702 2139 an
2754 2088 2944 2141 alicubi
2979 2101 3177 2140 mensa:
3231 2085 3289 2140 ﬁt
3333 2087 3564 2140 mentio?
3623 2087 3822 2140 Rursus
3871 2088 4009 2148 Tito,

2427 2178 2676 2244 episcopo
2707 2176 2901 2240 Cl'clu',
2934 2176 3206 2229 videmnus
3230 2175 3356 2245 quid
3404 2176 3623 2229 scribat.
3684 2177 3757 2228 De
3801 2177 3919 2227 ('iliu
3963 2186 4016 2229 ei.

2430 2278 2600 2337 potu,
2646 2283 2711 2320 an
2757 2268 2825 2322 de
2873 2269 3325 2336 increpationibus
3377 2278 3427 2324 el
3470 2267 3752 2321 doctrina?
3792 2268 4011 2320 dieuns:

2433 2357 2599 2428 Hujus
2628 2359 2698 2411 rei
2729 2358 2891 2428 gratia
2936 2359 3112 2427 reliqui
3162 2369 3207 2412 te
3237 2357 3417 2423 Cretw,
3462 2368 3514 2410 ut
3563 2374 3620 2411 ea
3663 2374 3774 2427 quae
3815 2359 4011 2421 desunt,

2429 2449 2678 2515 emendes,
2698 2460 2742 2501 et
2763 2451 2861 2501 illis
2883 2450 3186 2518 persuadeas
3210 2467 3309 2502 non
3327 2451 3471 2503 aliter
3498 2451 3671 2503 docere
3702 2449 3826 2520 (Tit.
3856 2454 3902 2504 l.
3934 2452 4013 2521 ὅ),

2431 2556 2586 2609 neque
2596 2540 2849 2592 attendere
2865 2540 3050 2609 fabulis
3068 2551 3111 2593 et
3125 2538 3431 2611 genealogiis
3451 2543 3779 2592 interminutis
3799 2541 3816 2608 (
3828 2542 3842 2593 l
3860 2541 4009 2593 .Tim.

2438 2630 2490 2683 1.
2525 2632 2620 2698 4);
2680 2629 3153 2699 reprehensionum
3199 2645 3408 2700 quoque
3452 2631 3706 2699 adjiciens
3758 2630 4011 2684 modum:

2432 2718 2689 2771 Cretenses
2715 2736 2912 2786 semper
2940 2720 3223 2784 mendaces,
3254 2722 3402 2773 mala:
3427 2720 3615 2783 bestiaz,
3646 2732 3839 2774 ventres
3876 2722 4015 2790 pigri

2432 2809 2554 2879 (Tit.
2590 2811 2641 2862 1.
2673 2809 2783 2878 li).
2815 2810 3003 2863 Dicant
3030 2810 3180 2863 nobis
3206 2811 3407 2864 ventris
3443 2811 3603 2872 servi,
3629 2819 3684 2864 et
3710 2826 4010 2863 mensarum

2428 2896 2686 2967 gigantes,
2737 2907 2784 2951 et
2839 2899 3267 2951 muliercularum
3316 2900 3616 2966 accipitres,
3660 2901 3747 2967 qui
3797 2900 4016 2953 Joannis

2428 2988 2799 3040 abstinentiam
2828 2987 3243 3055 reprehendunt,
3283 2987 3409 3041 licet
3429 2987 3752 3041 reVolverint
3782 3001 3929 3041 vetus
3966 2997 4019 3041 ct

2429 3094 2625 3131 novum
2672 3077 3089 3141 'l‘estameutum,
3144 3078 3230 3131 ubi
3280 3077 3583 3131 invenerint
3622 3078 3917 3131 convivium
3966 3080 4017 3131 itt

2431 3172 2583 3225 laude
2614 3173 2837 3241 positum
2867 3187 2881 3223 :
2932 3171 3032 3225 nisi
3064 3170 3202 3224 forte
3239 3170 3375 3240 apud
3402 3172 3742 3239 alienigenas,
3772 3169 3924 3238 idque
3950 3173 4020 3224 ad

2430 3264 2747 3317 ﬁrmandum
2780 3262 2969 3325 foedus,
3003 3278 3068 3318 eo
3092 3263 3233 3332 quod
3259 3262 3375 3331 lege
3400 3263 3628 3315 convivii
3663 3260 3786 3315 lene
3808 3271 3861 3314 et
3891 3262 4015 3315 bar-

2430 3357 2541 3410 bari
2566 3356 2888 3409 cicurantur.
2930 3353 3152 3419 Quando
3179 3369 3304 3407 vero
3338 3353 3575 3407 convivia
3598 3352 4019 3422 peccatioceasio

2432 3462 2537 3501 non
2569 3444 2927 3499 exstiterunt?
2966 3445 3089 3514 quid
3134 3457 3308 3497 autem
3346 3444 3483 3507 dico,
3522 3443 3763 3513 peccati?
3804 3444 3943 3499 forte
3967 3455 4020 3498 et

2431 3537 2650 3605 majoris
2680 3535 2993 3589 idololatria‘
3021 3543 3074 3589 et
3100 3535 3388 3600 lratricidii,
3426 3535 3567 3589 sicut
3602 3535 3855 3603 scriptum
3889 3544 3972 3589 est
4002 3554 4015 3589 :

2435 3626 2579 3681 Sedit
2600 3627 2815 3695 populus
2839 3626 3143 3677 manducare
3162 3635 3205 3677 et
3233 3625 3410 3683 bibere,
3439 3633 3485 3677 et
3506 3635 3826 3677 surrexerunt
3847 3624 4021 3677 ludere

2435 3716 2625 3789 (Exod.
2653 3716 2741 3780 52,
2793 3716 2871 3787 6).
2900 3718 3025 3770 Erat
3057 3725 3230 3769 autem
3273 3716 3426 3769 ludus
3466 3716 3737 3769 ebrietatis
3764 3716 3978 3768 soboles
4004 3733 4019 3767 :

2445 3807 2634 3873 Venite,
2684 3808 2931 3878 faciamus
2969 3805 3090 3859 deos
3128 3807 3213 3876 qui
3256 3822 3346 3859 nos
3390 3806 3675 3875 prlecedant
3722 3805 3899 3874 (lb.t‘.
3944 3805 4019 3874 1).

2432 3899 2531 3964 Qui
2557 3899 2699 3952 enim
2732 3898 2855 3950 vino
2882 3897 3131 3949 commoti
3163 3905 3335 3958 erant,
3382 3896 3604 3949 tnobiles
3643 3894 3769 3948 deos
3815 3909 4023 3962 quzere-

2435 3990 2582 4053 bant,
2623 4004 2743 4041 cum
2780 3988 3102 4040 immobilem
3130 3996 3184 4040 et
3211 3986 3386 4039 omnia
3415 4001 3520 4039 non
3549 3984 3841 4038 incedendo
3870 3998 4020 4037 com-

2440 4078 2670 4146 plcntcnt
2698 4077 3054 4144 reliquissent.
3078 4075 3213 4143 Quid
3236 4086 3412 4129 autem
3447 4075 3574 4129 dicit
3597 4075 3892 4144 propheta?
3917 4072 4021 4125 La-

2438 4168 2521 4221 bia
2552 4166 2842 4220 sacerdotis
2888 4167 3207 4219 meditemur
3237 4166 3507 4218 convivia?
3535 4179 3738 4226 coenas,
3780 4170 3833 4215 et
3863 4176 4022 4229 prau-

2440 4258 2523 4310 dia
2556 4258 2835 4325 quuirent
2871 4256 2938 4308 ab
2966 4258 3072 4309 eo?
3111 4272 3196 4319 an,
3242 4255 3401 4309 Labia
3438 4255 3710 4309 sacerdotis
3747 4252 4022 4305 custodiuit

2440 4348 2618 4416 legem,
2651 4358 2797 4415 atque
2821 4363 2883 4399 ea:
2909 4364 2992 4399 ore
3016 4349 3123 4417 ejus
3153 4361 3429 4400 sermonem
3460 4342 3754 4412 exquirent?
3778 4344 3893 4411 quia
3926 4358 4021 4394 an-

2438 4443 2578 4508 gelus
2604 4439 2809 4492 Domini
2858 4450 2929 4491 est
2968 4439 3183 4507 (Μαίης.
3252 4442 3307 4494 2.
3336 4438 3413 4504 7),
3455 4446 3507 4488 et
3547 4448 3652 4486 non
3686 4448 3908 4502 covjuus.
3952 4433 4020 4487 Et

2444 4531 2600 4582 turris
2622 4530 2709 4582 illa
2742 4530 2791 4580 in
2820 4527 3055 4582 Chalanc
3083 4525 3295 4594 quando
3334 4522 3587 4576 tediﬁcata
3626 4526 3744 4576 est?
3785 4533 3907 4577 ante
3944 4524 4022 4575 vi-

2444 4636 2589 4681 num,
2632 4635 2697 4672 an
2725 4625 2844 4687 post
2870 4618 3089 4667 vinum?
3132 4628 3305 4667 nonne
3345 4629 3463 4665 cum
3502 4614 3639 4676 vino,
3677 4613 3887 4682 quando
3915 4612 4025 4667 Noe

2446 4712 2681 4779 plantato
2708 4708 2948 4777 palmite,
2992 4705 3191 4773 primus
3228 4704 3476 4772 probrum
3508 4703 3842 4757 demessuit?
3874 4702 3930 4757 Si
3956 4704 4023 4756 ita

2446 4817 2529 4854 res
2569 4815 2627 4853 se
2673 4799 2850 4859 habet,
2899 4809 3004 4847 non
3054 4803 3268 4863 propter
3294 4803 3471 4862 potum
3500 4803 3586 4847 aut
3626 4795 4025 4863 plantationem,

2446 4890 2538 4943 sed
2589 4898 2802 4955 propter
2847 4900 3149 4939 excessum.
3203 4885 3424 4953 Quando
3469 4885 3561 4940 Jos
3597 4886 3665 4954 ph
3713 4884 3949 4937 venditus
3995 4897 4023 4933 a

2448 4977 2741 5033 fratribus?
2766 4993 2831 5028 att
2860 4975 3071 5044 quando
3099 4978 3146 5028 iit
3179 4977 3453 5044 pascendis
3482 4978 3667 5029 ovihus
3696 4973 4024 5039 occumban-

2451 5072 2569 5122 tur?
2608 5083 2672 5122 an
2702 5084 2819 5123 cum
2851 5068 3366 5137 opimasjugulantes
3393 5084 3516 5121 oves
3542 5078 3697 5135 atque
3726 5064 3944 5118 edentes
3974 5070 4021 5116 in

2447 5165 2573 5225 o:io,
2605 5161 2849 5214 invidiam
2880 5160 3132 5212 adversus
3171 5160 3338 5227 ipsum
3372 5164 3421 5214 in
3462 5161 3704 5214 convivio
3735 5156 4011 5211 molieban.

2449 5252 2563 5304 tur?
2603 5251 2827 5307 Ubinam
2852 5249 3067 5303 Joannis
3096 5250 3337 5317 U3;;lisl.t‘
3366 5260 3520 5319 ‹·;ψιιι
3549 5252 3597 5302 in
3639 5248 3785 5301 disco
3819 5246 4023 5299 Obltlie-

2448 5356 2565 5397 runt
2592 5340 2977 5396 meretriculai?
3008 5343 3057 5393 in
3089 5352 3226 5396 cmtu
3271 5342 3563 5410 sapientiar,
3601 5354 3667 5392 an
3705 5339 3752 5388 iu
3784 5339 4024 5392 co:t\'iv'-'o

2448 5431 2766 5502 impietatis?
2795 5431 2982 5484 Beatus
3007 5432 3196 5486 Paulus
3225 5435 3410 5487 bibens
3436 5441 3490 5485 et
3516 5428 3802 5484 comedens
3826 5426 3889 5480 ad
3916 5445 4023 5481 nie-

2445 5525 2583 5577 diam
2614 5537 2777 5590 usque
2811 5533 3015 5577 noctem
3043 5524 3386 5595 protrahebat
3424 5535 3750 5582 sermonem,
3798 5535 3862 5572 an
3889 5522 4025 5591 jeju-

2448 5632 2546 5670 nus
2572 5626 2624 5669 et
2648 5614 2864 5681 docens,
2908 5626 3063 5688 atque
3095 5619 3259 5672 Deum
3305 5617 3607 5683 ignorantes
3638 5610 3701 5663 ad
3740 5612 3893 5666 ﬁdem
3933 5615 4025 5667 ad-

2446 5704 2688 5760 ducens?
2742 5704 2856 5775 Ipse
2892 5719 3068 5763 autem
3110 5719 3348 5763 summus
3405 5704 3590 5756 l'astor
3638 5711 3690 5755 et
3741 5703 3932 5757 Doctor
3973 5712 4025 5757 et

2446 5799 2688 5866 Magister
2708 5799 2858 5854 Jesus
2894 5800 3151 5854 Christus.
3197 5794 3410 5848 humani
3456 5792 3767 5849 emendator
3806 5796 4021 5852 erroris,

2446 5889 2658 5943 ubinam
2701 5891 2753 5944 in
2793 5891 3001 5946 civitate
3028 5888 3286 5956 reperitur
3312 5884 3613 5949 comedens,
3654 5887 3752 5940 nisi
3787 5896 4024 5951 tempore

2451 5980 2693 6048 i‘aselnm,
2764 5979 2905 6051 quod
2957 5988 3071 6032 erat
3131 5976 3498 6043 mysteriorum
3544 5974 4023 6046 complementum?
