  <div class='ocr_page' id='page_1' title='image "/cluster/home/n/w/nwhite01/storage/ocr_20150623/47/hvd.32044025239690/100.png"; bbox 0 0 4504 6728; ppageno 0'>
   <div class='ocr_carea' id='block_1_1' title="bbox 343 646 3608 733">
    <p class='ocr_par' dir='ltr' id='par_1_1' title="bbox 343 646 3608 733">
     <span class='ocr_line' id='line_1_1' title="bbox 343 646 3608 733; baseline -0.016 0"><span class='ocrx_word' id='word_1_1' title='bbox 343 677 409 733; x_wconf 64' lang='grc' dir='ltr'>ις</span> <span class='ocrx_word' id='word_1_2' title='bbox 1228 663 1314 719; x_wconf 78' lang='lat' dir='ltr'><strong>ne</strong></span> <span class='ocrx_word' id='word_1_3' title='bbox 1358 661 1511 717; x_wconf 66' lang='lat' dir='ltr'><strong>\‘lTA</strong></span> <span class='ocrx_word' id='word_1_4' title='bbox 1550 658 1606 712; x_wconf 91' lang='grc' dir='ltr'>ε.</span> <span class='ocrx_word' id='word_1_5' title='bbox 1649 651 1921 711; x_wconf 58' lang='grc' dir='ltr'>ιοειΝλνιε</span> <span class='ocrx_word' id='word_1_6' title='bbox 1957 646 2442 705; x_wconf 75' lang='lat' dir='ltr'><strong>cnarsosrom.</strong></span> <span class='ocrx_word' id='word_1_7' title='bbox 3547 646 3608 701; x_wconf 67' lang='grc' dir='ltr'><strong>ις,</strong></span> 
     </span>
    </p>
   </div>
   <div class='ocr_carea' id='block_1_2' title="bbox 341 766 1920 866">
    <p class='ocr_par' dir='ltr' id='par_1_2' title="bbox 341 766 1920 866">
     <span class='ocr_line' id='line_1_2' title="bbox 341 766 1920 866; baseline -0.023 -14"><span class='ocrx_word' id='word_1_8' title='bbox 341 798 477 866; x_wconf 80' lang='lat' dir='ltr'><strong>Quid</strong></span> <span class='ocrx_word' id='word_1_9' title='bbox 518 804 692 852; x_wconf 85' lang='lat' dir='ltr'><strong>autem</strong></span> <span class='ocrx_word' id='word_1_10' title='bbox 738 802 787 849; x_wconf 92' lang='lat' dir='ltr'><strong>et</strong></span> <span class='ocrx_word' id='word_1_11' title='bbox 819 783 1062 845; x_wconf 71' lang='lat' dir='ltr'><strong>sollicitis</strong></span> <span class='ocrx_word' id='word_1_12' title='bbox 1096 780 1367 849; x_wconf 77' lang='lat' dir='ltr'><strong>discipulis</strong></span> <span class='ocrx_word' id='word_1_13' title='bbox 1406 772 1668 866; x_wconf 84' lang='lat' dir='ltr'><strong>invenitur</strong></span> <span class='ocrx_word' id='word_1_14' title='bbox 1710 766 1920 822; x_wconf 78' lang='lat' dir='ltr'><strong>dicere?</strong></span> 
     </span>
    </p>
   </div>
   <div class='ocr_carea' id='block_1_3' title="bbox 344 862 1925 961">
    <p class='ocr_par' dir='ltr' id='par_1_3' title="bbox 344 862 1925 961">
     <span class='ocr_line' id='line_1_3' title="bbox 344 862 1925 961; baseline -0.023 -14"><span class='ocrx_word' id='word_1_15' title='bbox 344 862 411 946; x_wconf 73' lang='lat' dir='ltr'><strong>de</strong></span> <span class='ocrx_word' id='word_1_16' title='bbox 450 890 603 955; x_wconf 78' lang='lat' dir='ltr'><strong>cibis,</strong></span> <span class='ocrx_word' id='word_1_17' title='bbox 649 903 717 940; x_wconf 87' lang='lat' dir='ltr'><strong>an</strong></span> <span class='ocrx_word' id='word_1_18' title='bbox 745 884 811 937; x_wconf 90' lang='lat' dir='ltr'><strong>de</strong></span> <span class='ocrx_word' id='word_1_19' title='bbox 849 874 1114 933; x_wconf 76' lang='lat' dir='ltr'><strong>lectione?</strong></span> <span class='ocrx_word' id='word_1_20' title='bbox 1162 868 1478 941; x_wconf 80' lang='lat' dir='ltr'><strong>Operantini,</strong></span> <span class='ocrx_word' id='word_1_21' title='bbox 1518 862 1925 961; x_wconf 32' lang='lat' dir='ltr'><strong>inqu-iensznon</strong></span> 
     </span>
    </p>
   </div>
   <div class='ocr_carea' id='block_1_4' title="bbox 345 951 1927 1055">
    <p class='ocr_par' dir='ltr' id='par_1_4' title="bbox 345 951 1927 1055">
     <span class='ocr_line' id='line_1_4' title="bbox 345 951 1927 1055; baseline -0.021 -19"><span class='ocrx_word' id='word_1_22' title='bbox 345 951 651 1051; x_wconf 70' lang='lat' dir='ltr'><strong>pereuntem,</strong></span> <span class='ocrx_word' id='word_1_23' title='bbox 679 974 765 1027; x_wconf 73' lang='lat' dir='ltr'><strong>sed</strong></span> <span class='ocrx_word' id='word_1_24' title='bbox 788 978 1155 1039; x_wconf 73' lang='lat' dir='ltr'><strong>permanentem</strong></span> <span class='ocrx_word' id='word_1_25' title='bbox 1176 966 1339 1055; x_wconf 82' lang='lat' dir='ltr'><strong>cibum</strong></span> <span class='ocrx_word' id='word_1_26' title='bbox 1363 961 1541 1031; x_wconf 80' lang='lat' dir='ltr'><strong>(Joan.</strong></span> <span class='ocrx_word' id='word_1_27' title='bbox 1566 954 1745 1055; x_wconf 28' lang='grc' dir='ltr'><strong>δεῖ).</strong></span> <span class='ocrx_word' id='word_1_28' title='bbox 1762 951 1927 1055; x_wconf 43' lang='lat' dir='ltr'><strong>.Dicat</strong></span> 
     </span>
    </p>
   </div>
   <div class='ocr_carea' id='block_1_5' title="bbox 343 1050 1924 1145">
    <p class='ocr_par' dir='ltr' id='par_1_5' title="bbox 343 1050 1924 1145">
     <span class='ocr_line' id='line_1_5' title="bbox 343 1050 1924 1145; baseline -0.021 -17"><span class='ocrx_word' id='word_1_29' title='bbox 343 1050 504 1144; x_wconf 78' lang='lat' dir='ltr'><strong>igitur</strong></span> <span class='ocrx_word' id='word_1_30' title='bbox 538 1084 661 1125; x_wconf 91' lang='lat' dir='ltr'><strong>cum</strong></span> <span class='ocrx_word' id='word_1_31' title='bbox 713 1063 935 1117; x_wconf 81' lang='lat' dir='ltr'><strong>Domino</strong></span> <span class='ocrx_word' id='word_1_32' title='bbox 967 1061 1253 1131; x_wconf 63' lang='lat' dir='ltr'><strong>praeclarus</strong></span> <span class='ocrx_word' id='word_1_33' title='bbox 1297 1054 1562 1145; x_wconf 79' lang='lat' dir='ltr'><strong>Joannes:</strong></span> <span class='ocrx_word' id='word_1_34' title='bbox 1609 1050 1924 1145; x_wconf 75' lang='lat' dir='ltr'><strong>Convivium</strong></span> 
     </span>
    </p>
   </div>
   <div class='ocr_carea' id='block_1_6' title="bbox 344 1142 1923 1220">
    <p class='ocr_par' dir='ltr' id='par_1_6' title="bbox 344 1142 1923 1220">
     <span class='ocr_line' id='line_1_6' title="bbox 344 1142 1923 1220; baseline -0.023 1"><span class='ocrx_word' id='word_1_35' title='bbox 344 1142 523 1220; x_wconf 78' lang='lat' dir='ltr'><strong>meum</strong></span> <span class='ocrx_word' id='word_1_36' title='bbox 548 1169 630 1214; x_wconf 89' lang='lat' dir='ltr'><strong>est</strong></span> <span class='ocrx_word' id='word_1_37' title='bbox 651 1155 796 1210; x_wconf 82' lang='lat' dir='ltr'><strong>verbi</strong></span> <span class='ocrx_word' id='word_1_38' title='bbox 825 1154 1062 1210; x_wconf 90' lang='lat' dir='ltr'><strong>doctrina</strong></span> <span class='ocrx_word' id='word_1_39' title='bbox 1089 1159 1142 1204; x_wconf 90' lang='lat' dir='ltr'><strong>et</strong></span> <span class='ocrx_word' id='word_1_40' title='bbox 1167 1143 1485 1207; x_wconf 75' lang='lat' dir='ltr'><strong>distributio,</strong></span> <span class='ocrx_word' id='word_1_41' title='bbox 1506 1142 1556 1195; x_wconf 89' lang='lat' dir='ltr'><strong>in</strong></span> <span class='ocrx_word' id='word_1_42' title='bbox 1580 1155 1738 1211; x_wconf 86' lang='lat' dir='ltr'><strong>quam</strong></span> <span class='ocrx_word' id='word_1_43' title='bbox 1767 1142 1923 1190; x_wconf 88' lang='lat' dir='ltr'><strong>etiam</strong></span> 
     </span>
    </p>
   </div>
   <div class='ocr_carea' id='block_1_7' title="bbox 344 1226 1927 1324">
    <p class='ocr_par' dir='ltr' id='par_1_7' title="bbox 344 1226 1927 1324">
     <span class='ocr_line' id='line_1_7' title="bbox 344 1226 1927 1324; baseline -0.021 -13"><span class='ocrx_word' id='word_1_44' title='bbox 344 1257 551 1310; x_wconf 88' lang='lat' dir='ltr'><strong>electus</strong></span> <span class='ocrx_word' id='word_1_45' title='bbox 578 1264 695 1301; x_wconf 89' lang='lat' dir='ltr'><strong>sum</strong></span> <span class='ocrx_word' id='word_1_46' title='bbox 725 1254 938 1316; x_wconf 81' lang='lat' dir='ltr'><strong>prOpter</strong></span> <span class='ocrx_word' id='word_1_47' title='bbox 966 1242 1143 1315; x_wconf 86' lang='lat' dir='ltr'><strong>populi</strong></span> <span class='ocrx_word' id='word_1_48' title='bbox 1173 1237 1415 1292; x_wconf 83' lang='lat' dir='ltr'><strong>salutem.</strong></span> <span class='ocrx_word' id='word_1_49' title='bbox 1446 1234 1626 1302; x_wconf 83' lang='lat' dir='ltr'><strong>Neque</strong></span> <span class='ocrx_word' id='word_1_50' title='bbox 1655 1229 1795 1285; x_wconf 89' lang='lat' dir='ltr'><strong>enim</strong></span> <span class='ocrx_word' id='word_1_51' title='bbox 1820 1226 1927 1324; x_wconf 76' lang='lat' dir='ltr'><strong>Deo</strong></span> 
     </span>
    </p>
   </div>
   <div class='ocr_carea' id='block_1_8' title="bbox 347 1324 1926 1401">
    <p class='ocr_par' dir='ltr' id='par_1_8' title="bbox 347 1324 1926 1401">
     <span class='ocr_line' id='line_1_8' title="bbox 347 1324 1926 1401; baseline -0.022 -2"><span class='ocrx_word' id='word_1_52' title='bbox 347 1344 501 1399; x_wconf 92' lang='lat' dir='ltr'><strong>cibus</strong></span> <span class='ocrx_word' id='word_1_53' title='bbox 529 1352 625 1392; x_wconf 92' lang='lat' dir='ltr'><strong>nos</strong></span> <span class='ocrx_word' id='word_1_54' title='bbox 650 1336 1004 1401; x_wconf 83' lang='lat' dir='ltr'><strong>commendat,</strong></span> <span class='ocrx_word' id='word_1_55' title='bbox 1029 1343 1203 1398; x_wconf 87' lang='lat' dir='ltr'><strong>neque</strong></span> <span class='ocrx_word' id='word_1_56' title='bbox 1226 1328 1271 1381; x_wconf 94' lang='lat' dir='ltr'><strong>si</strong></span> <span class='ocrx_word' id='word_1_57' title='bbox 1298 1324 1655 1385; x_wconf 85' lang='lat' dir='ltr'><strong>comedamus,</strong></span> <span class='ocrx_word' id='word_1_58' title='bbox 1685 1331 1857 1386; x_wconf 90' lang='lat' dir='ltr'><strong>neque</strong></span> <span class='ocrx_word' id='word_1_59' title='bbox 1883 1330 1926 1367; x_wconf 85' lang='grc' dir='ltr'><strong>ει</strong></span> 
     </span>
    </p>
   </div>
   <div class='ocr_carea' id='block_1_9' title="bbox 348 1407 1924 1492">
    <p class='ocr_par' dir='ltr' id='par_1_9' title="bbox 348 1407 1924 1492">
     <span class='ocr_line' id='line_1_9' title="bbox 348 1407 1924 1492; baseline -0.02 -5"><span class='ocrx_word' id='word_1_60' title='bbox 348 1447 459 1486; x_wconf 90' lang='lat' dir='ltr'><strong>non</strong></span> <span class='ocrx_word' id='word_1_61' title='bbox 497 1427 856 1492; x_wconf 85' lang='lat' dir='ltr'><strong>comedamus,</strong></span> <span class='ocrx_word' id='word_1_62' title='bbox 902 1439 963 1479; x_wconf 86' lang='lat' dir='ltr'><strong>ea</strong></span> <span class='ocrx_word' id='word_1_63' title='bbox 1008 1431 1091 1477; x_wconf 90' lang='lat' dir='ltr'><strong>est</strong></span> <span class='ocrx_word' id='word_1_64' title='bbox 1118 1418 1260 1473; x_wconf 91' lang='lat' dir='ltr'><strong>enim</strong></span> <span class='ocrx_word' id='word_1_65' title='bbox 1304 1411 1631 1468; x_wconf 91' lang='lat' dir='ltr'><strong>consuetudo</strong></span> <span class='ocrx_word' id='word_1_66' title='bbox 1668 1407 1924 1479; x_wconf 86' lang='lat' dir='ltr'><strong>gentium,</strong></span> 
     </span>
    </p>
   </div>
   <div class='ocr_carea' id='block_1_10' title="bbox 349 1496 1930 1589">
    <p class='ocr_par' dir='ltr' id='par_1_10' title="bbox 349 1496 1930 1589">
     <span class='ocr_line' id='line_1_10' title="bbox 349 1496 1930 1589; baseline -0.018 -11"><span class='ocrx_word' id='word_1_67' title='bbox 349 1522 555 1578; x_wconf 85' lang='lat' dir='ltr'><strong>mensis</strong></span> <span class='ocrx_word' id='word_1_68' title='bbox 594 1519 839 1589; x_wconf 84' lang='lat' dir='ltr'><strong>decipere</strong></span> <span class='ocrx_word' id='word_1_69' title='bbox 877 1530 1012 1587; x_wconf 90' lang='lat' dir='ltr'><strong>quos</strong></span> <span class='ocrx_word' id='word_1_70' title='bbox 1058 1508 1432 1572; x_wconf 87' lang='lat' dir='ltr'><strong>inescaverint,</strong></span> <span class='ocrx_word' id='word_1_71' title='bbox 1471 1521 1590 1561; x_wconf 87' lang='lat' dir='ltr'><strong>cum</strong></span> <span class='ocrx_word' id='word_1_72' title='bbox 1634 1496 1930 1557; x_wconf 81' lang='lat' dir='ltr'><strong>rationibus</strong></span> 
     </span>
    </p>
   </div>
   <div class='ocr_carea' id='block_1_11' title="bbox 353 1589 1931 1683">
    <p class='ocr_par' dir='ltr' id='par_1_11' title="bbox 353 1589 1931 1683">
     <span class='ocr_line' id='line_1_11' title="bbox 353 1589 1931 1683; baseline -0.017 -16"><span class='ocrx_word' id='word_1_73' title='bbox 353 1612 675 1683; x_wconf 89' lang='lat' dir='ltr'><strong>persuadere</strong></span> <span class='ocrx_word' id='word_1_74' title='bbox 695 1611 848 1664; x_wconf 83' lang='lat' dir='ltr'><strong>aliter</strong></span> <span class='ocrx_word' id='word_1_75' title='bbox 876 1623 981 1660; x_wconf 92' lang='lat' dir='ltr'><strong>non</strong></span> <span class='ocrx_word' id='word_1_76' title='bbox 1016 1600 1303 1675; x_wconf 85' lang='lat' dir='ltr'><strong>potuerint,</strong></span> <span class='ocrx_word' id='word_1_77' title='bbox 1333 1596 1618 1653; x_wconf 85' lang='lat' dir='ltr'><strong>dicentium</strong></span> <span class='ocrx_word' id='word_1_78' title='bbox 1647 1608 1660 1644; x_wconf 88' lang='lat'><strong>:</strong></span> <span class='ocrx_word' id='word_1_79' title='bbox 1701 1589 1931 1683; x_wconf 73' lang='lat' dir='ltr'><strong>Edamus</strong></span> 
     </span>
    </p>
   </div>
   <div class='ocr_carea' id='block_1_12' title="bbox 345 1680 1931 1758">
    <p class='ocr_par' dir='ltr' id='par_1_12' title="bbox 345 1680 1931 1758">
     <span class='ocr_line' id='line_1_12' title="bbox 345 1680 1931 1758; baseline -0.008 -9"><span class='ocrx_word' id='word_1_80' title='bbox 345 1680 691 1758; x_wconf 76' lang='lat' dir='ltr'><strong>etotbamus;</strong></span> <span class='ocrx_word' id='word_1_81' title='bbox 714 1711 834 1748; x_wconf 86' lang='lat' dir='ltr'><strong>cras</strong></span> <span class='ocrx_word' id='word_1_82' title='bbox 864 1694 1003 1748; x_wconf 86' lang='lat' dir='ltr'><strong>enim</strong></span> <span class='ocrx_word' id='word_1_83' title='bbox 1039 1689 1322 1742; x_wconf 87' lang='lat' dir='ltr'><strong>moriemur</strong></span> <span class='ocrx_word' id='word_1_84' title='bbox 1344 1686 1403 1756; x_wconf 83' lang='grc'><strong>(1</strong></span> <span class='ocrx_word' id='word_1_85' title='bbox 1443 1685 1566 1741; x_wconf 88' lang='lat' dir='ltr'><strong>Cor.</strong></span> <span class='ocrx_word' id='word_1_86' title='bbox 1602 1685 1692 1750; x_wconf 77' lang='grc'><strong>15,</strong></span> <span class='ocrx_word' id='word_1_87' title='bbox 1726 1683 1841 1752; x_wconf 70' lang='lat'><strong>52).</strong></span> <span class='ocrx_word' id='word_1_88' title='bbox 1873 1680 1931 1736; x_wconf 87' lang='lat' dir='ltr'><strong>In</strong></span> 
     </span>
    </p>
   </div>
   <div class='ocr_carea' id='block_1_13' title="bbox 348 1779 1931 1858">
    <p class='ocr_par' dir='ltr' id='par_1_13' title="bbox 348 1779 1931 1858">
     <span class='ocr_line' id='line_1_13' title="bbox 348 1779 1931 1858; baseline -0.007 -17"><span class='ocrx_word' id='word_1_89' title='bbox 348 1802 488 1856; x_wconf 87' lang='lat' dir='ltr'><strong>quos</strong></span> <span class='ocrx_word' id='word_1_90' title='bbox 520 1787 814 1858; x_wconf 82' lang='lat' dir='ltr'><strong>Apostolus</strong></span> <span class='ocrx_word' id='word_1_91' title='bbox 854 1784 1127 1838; x_wconf 80' lang='lat' dir='ltr'><strong>acriorem</strong></span> <span class='ocrx_word' id='word_1_92' title='bbox 1158 1779 1583 1849; x_wconf 88' lang='lat' dir='ltr'><strong>inerepationcm</strong></span> <span class='ocrx_word' id='word_1_93' title='bbox 1630 1779 1931 1846; x_wconf 87' lang='lat' dir='ltr'><strong>intorquet,</strong></span> 
     </span>
    </p>
   </div>
   <div class='ocr_carea' id='block_1_14' title="bbox 347 1868 1937 1945">
    <p class='ocr_par' dir='ltr' id='par_1_14' title="bbox 347 1868 1937 1945">
     <span class='ocr_line' id='line_1_14' title="bbox 347 1868 1937 1945; baseline -0.007 -14"><span class='ocrx_word' id='word_1_94' title='bbox 347 1877 539 1934; x_wconf 83' lang='lat' dir='ltr'><strong>dicens</strong></span> <span class='ocrx_word' id='word_1_95' title='bbox 562 1898 576 1933; x_wconf 87' lang='lat'><strong>:</strong></span> <span class='ocrx_word' id='word_1_96' title='bbox 606 1878 689 1933; x_wconf 75' lang='lat' dir='ltr'><strong>Ne</strong></span> <span class='ocrx_word' id='word_1_97' title='bbox 711 1874 1019 1945; x_wconf 84' lang='lat' dir='ltr'><strong>decipimini</strong></span> <span class='ocrx_word' id='word_1_98' title='bbox 1040 1888 1058 1924; x_wconf 93' lang='lat'><strong><em>:</em></strong></span> <span class='ocrx_word' id='word_1_99' title='bbox 1082 1879 1423 1940; x_wconf 81' lang='lat' dir='ltr'><strong>corrumpunt</strong></span> <span class='ocrx_word' id='word_1_100' title='bbox 1447 1886 1616 1923; x_wconf 83' lang='lat' dir='ltr'><strong>mores</strong></span> <span class='ocrx_word' id='word_1_101' title='bbox 1648 1869 1810 1921; x_wconf 86' lang='lat' dir='ltr'><strong>bonos</strong></span> <span class='ocrx_word' id='word_1_102' title='bbox 1833 1868 1937 1920; x_wconf 87' lang='lat' dir='ltr'><strong>col-</strong></span> 
     </span>
    </p>
   </div>
   <div class='ocr_carea' id='block_1_15' title="bbox 351 1958 1935 2035">
    <p class='ocr_par' dir='ltr' id='par_1_15' title="bbox 351 1958 1935 2035">
     <span class='ocr_line' id='line_1_15' title="bbox 351 1958 1935 2035; baseline -0.004 -18"><span class='ocrx_word' id='word_1_103' title='bbox 351 1965 529 2035; x_wconf 85' lang='lat' dir='ltr'><strong>loquia</strong></span> <span class='ocrx_word' id='word_1_104' title='bbox 562 1983 729 2035; x_wconf 84' lang='lat' dir='ltr'><strong>prava</strong></span> <span class='ocrx_word' id='word_1_105' title='bbox 759 1964 870 2034; x_wconf 88' lang='lat' dir='ltr'><strong>(Ib.</strong></span> <span class='ocrx_word' id='word_1_106' title='bbox 906 1982 951 2017; x_wconf 84' lang='grc' dir='ltr'><strong>υ.</strong></span> <span class='ocrx_word' id='word_1_107' title='bbox 989 1965 1057 2019; x_wconf 75' lang='grc'><strong>55</strong></span> <span class='ocrx_word' id='word_1_108' title='bbox 1077 1964 1093 2033; x_wconf 94' lang='grc'>)</span> <span class='ocrx_word' id='word_1_109' title='bbox 1117 1981 1129 2016; x_wconf 92' lang='lat'>:</span> <span class='ocrx_word' id='word_1_110' title='bbox 1157 1962 1429 2032; x_wconf 87' lang='lat' dir='ltr'><strong>colloquia</strong></span> <span class='ocrx_word' id='word_1_111' title='bbox 1454 1974 1621 2031; x_wconf 88' lang='lat' dir='ltr'><strong>prava</strong></span> <span class='ocrx_word' id='word_1_112' title='bbox 1652 1958 1935 2028; x_wconf 81' lang='lat' dir='ltr'><strong>appellans</strong></span> 
     </span>
    </p>
   </div>
   <div class='ocr_carea' id='block_1_16' title="bbox 350 2050 1578 2123">
    <p class='ocr_par' dir='ltr' id='par_1_16' title="bbox 350 2050 1578 2123">
     <span class='ocr_line' id='line_1_16' title="bbox 350 2050 1578 2123; baseline -0.002 -19"><span class='ocrx_word' id='word_1_113' title='bbox 350 2053 514 2107; x_wconf 87' lang='lat' dir='ltr'><strong>verba</strong></span> <span class='ocrx_word' id='word_1_114' title='bbox 538 2069 659 2123; x_wconf 71' lang='lat' dir='ltr'><strong>qua:</strong></span> <span class='ocrx_word' id='word_1_115' title='bbox 685 2052 833 2108; x_wconf 84' lang='lat' dir='ltr'><strong>circa</strong></span> <span class='ocrx_word' id='word_1_116' title='bbox 859 2050 1128 2119; x_wconf 76' lang='lat' dir='ltr'><strong>ejusmodi</strong></span> <span class='ocrx_word' id='word_1_117' title='bbox 1157 2066 1244 2104; x_wconf 90' lang='lat' dir='ltr'><strong>res</strong></span> <span class='ocrx_word' id='word_1_118' title='bbox 1269 2055 1578 2104; x_wconf 85' lang='lat' dir='ltr'><strong>versantur.</strong></span> 
     </span>
    </p>
   </div>
   <div class='ocr_carea' id='block_1_17' title="bbox 420 2129 1928 2201">
    <p class='ocr_par' dir='ltr' id='par_1_17' title="bbox 420 2129 1928 2201">
     <span class='ocr_line' id='line_1_17' title="bbox 420 2129 1928 2201; baseline -0.005 -8"><span class='ocrx_word' id='word_1_119' title='bbox 420 2138 545 2193; x_wconf 70' lang='lat' dir='ltr'><strong>Cn.</strong></span> <span class='ocrx_word' id='word_1_120' title='bbox 579 2152 765 2192; x_wconf 90' lang='lat' dir='ltr'><strong>xtu.—</strong></span> <span class='ocrx_word' id='word_1_121' title='bbox 781 2137 927 2190; x_wconf 77' lang='lat' dir='ltr'><strong>Duc.</strong></span> <span class='ocrx_word' id='word_1_122' title='bbox 957 2133 1176 2188; x_wconf 89' lang='lat' dir='ltr'><strong>Sincere</strong></span> <span class='ocrx_word' id='word_1_123' title='bbox 1202 2132 1411 2201; x_wconf 88' lang='lat' dir='ltr'><strong>quidem</strong></span> <span class='ocrx_word' id='word_1_124' title='bbox 1438 2141 1494 2187; x_wconf 88' lang='lat' dir='ltr'><strong>et</strong></span> <span class='ocrx_word' id='word_1_125' title='bbox 1523 2131 1771 2201; x_wconf 83' lang='lat' dir='ltr'><strong>perdocte</strong></span> <span class='ocrx_word' id='word_1_126' title='bbox 1800 2129 1928 2185; x_wconf 85' lang='lat' dir='ltr'><strong>buc-</strong></span> 
     </span>
    </p>
   </div>
   <div class='ocr_carea' id='block_1_18' title="bbox 350 2219 1927 2300">
    <p class='ocr_par' dir='ltr' id='par_1_18' title="bbox 350 2219 1927 2300">
     <span class='ocr_line' id='line_1_18' title="bbox 350 2219 1927 2300; baseline -0.008 -16"><span class='ocrx_word' id='word_1_127' title='bbox 350 2245 516 2300; x_wconf 90' lang='lat' dir='ltr'><strong>usque</strong></span> <span class='ocrx_word' id='word_1_128' title='bbox 557 2230 765 2284; x_wconf 88' lang='lat' dir='ltr'><strong>locutus</strong></span> <span class='ocrx_word' id='word_1_129' title='bbox 813 2243 900 2290; x_wconf 85' lang='lat' dir='ltr'><strong>es,</strong></span> <span class='ocrx_word' id='word_1_130' title='bbox 945 2235 996 2280; x_wconf 86' lang='lat' dir='ltr'><strong>et</strong></span> <span class='ocrx_word' id='word_1_131' title='bbox 1025 2225 1095 2279; x_wconf 88' lang='lat' dir='ltr'><strong>ita</strong></span> <span class='ocrx_word' id='word_1_132' title='bbox 1124 2238 1181 2277; x_wconf 91' lang='lat' dir='ltr'><strong>se</strong></span> <span class='ocrx_word' id='word_1_133' title='bbox 1223 2237 1307 2277; x_wconf 87' lang='lat' dir='ltr'><strong>res</strong></span> <span class='ocrx_word' id='word_1_134' title='bbox 1347 2222 1523 2277; x_wconf 82' lang='lat' dir='ltr'><strong>habet.</strong></span> <span class='ocrx_word' id='word_1_135' title='bbox 1560 2220 1650 2275; x_wconf 76' lang='grc' dir='ltr'><strong>νω</strong></span> <span class='ocrx_word' id='word_1_136' title='bbox 1673 2223 1800 2275; x_wconf 86' lang='lat' dir='ltr'><strong>enim</strong></span> <span class='ocrx_word' id='word_1_137' title='bbox 1839 2219 1927 2288; x_wconf 83' lang='lat' dir='ltr'><strong>qni</strong></span> 
     </span>
    </p>
   </div>
   <div class='ocr_carea' id='block_1_19' title="bbox 353 2312 1927 2384">
    <p class='ocr_par' dir='ltr' id='par_1_19' title="bbox 353 2312 1927 2384">
     <span class='ocr_line' id='line_1_19' title="bbox 353 2312 1927 2384; baseline -0.008 -9"><span class='ocrx_word' id='word_1_138' title='bbox 353 2323 475 2376; x_wconf 76' lang='lat' dir='ltr'><strong>dicit</strong></span> <span class='ocrx_word' id='word_1_139' title='bbox 502 2321 649 2375; x_wconf 88' lang='lat' dir='ltr'><strong>dulce</strong></span> <span class='ocrx_word' id='word_1_140' title='bbox 673 2336 922 2384; x_wconf 81' lang='lat' dir='ltr'><strong>amarunt,</strong></span> <span class='ocrx_word' id='word_1_141' title='bbox 945 2326 991 2371; x_wconf 89' lang='lat' dir='ltr'><strong>et</strong></span> <span class='ocrx_word' id='word_1_142' title='bbox 1012 2331 1244 2369; x_wconf 80' lang='lat' dir='ltr'><strong>amarunt</strong></span> <span class='ocrx_word' id='word_1_143' title='bbox 1270 2315 1452 2369; x_wconf 83' lang='lat' dir='ltr'><strong>dulce!</strong></span> <span class='ocrx_word' id='word_1_144' title='bbox 1481 2331 1554 2368; x_wconf 74' lang='lat' dir='ltr'><strong>ea:</strong></span> <span class='ocrx_word' id='word_1_145' title='bbox 1573 2313 1659 2384; x_wconf 91' lang='lat' dir='ltr'><strong>qui</strong></span> <span class='ocrx_word' id='word_1_146' title='bbox 1686 2314 1824 2381; x_wconf 80' lang='lat' dir='ltr'><strong>ponit</strong></span> <span class='ocrx_word' id='word_1_147' title='bbox 1846 2312 1927 2365; x_wconf 65' lang='lat' dir='ltr'><strong>tuo</strong></span> 
     </span>
    </p>
   </div>
   <div class='ocr_carea' id='block_1_20' title="bbox 347 2402 1927 2476">
    <p class='ocr_par' dir='ltr' id='par_1_20' title="bbox 347 2402 1927 2476">
     <span class='ocr_line' id='line_1_20' title="bbox 347 2402 1927 2476; baseline -0.007 -9"><span class='ocrx_word' id='word_1_148' title='bbox 347 2430 455 2467; x_wconf 81' lang='lat' dir='ltr'><strong>cem</strong></span> <span class='ocrx_word' id='word_1_149' title='bbox 476 2412 721 2476; x_wconf 75' lang='lat' dir='ltr'><strong>tenebras,</strong></span> <span class='ocrx_word' id='word_1_150' title='bbox 748 2421 796 2464; x_wconf 89' lang='lat' dir='ltr'><strong>et</strong></span> <span class='ocrx_word' id='word_1_151' title='bbox 818 2410 1044 2462; x_wconf 78' lang='lat' dir='ltr'><strong>tenebras</strong></span> <span class='ocrx_word' id='word_1_152' title='bbox 1071 2408 1231 2460; x_wconf 85' lang='lat' dir='ltr'><strong>lucent</strong></span> <span class='ocrx_word' id='word_1_153' title='bbox 1259 2403 1409 2471; x_wconf 86' lang='lat' dir='ltr'><strong>(Isai.</strong></span> <span class='ocrx_word' id='word_1_154' title='bbox 1436 2404 1487 2459; x_wconf 83' lang='lat'><strong>5.</strong></span> <span class='ocrx_word' id='word_1_155' title='bbox 1511 2403 1603 2469; x_wconf 71' lang='lat'><strong>20)</strong></span> <span class='ocrx_word' id='word_1_156' title='bbox 1625 2405 1638 2456; x_wconf 86' lang='lat'><strong>!</strong></span> <span class='ocrx_word' id='word_1_157' title='bbox 1660 2402 1763 2459; x_wconf 88' lang='lat' dir='ltr'><strong>Sed</strong></span> <span class='ocrx_word' id='word_1_158' title='bbox 1786 2402 1927 2456; x_wconf 86' lang='lat' dir='ltr'><strong>dicet</strong></span> 
     </span>
    </p>
   </div>
   <div class='ocr_carea' id='block_1_21' title="bbox 347 2491 1924 2571">
    <p class='ocr_par' dir='ltr' id='par_1_21' title="bbox 347 2491 1924 2571">
     <span class='ocr_line' id='line_1_21' title="bbox 347 2491 1924 2571; baseline -0.008 -15"><span class='ocrx_word' id='word_1_159' title='bbox 347 2502 466 2571; x_wconf 87' lang='lat' dir='ltr'><strong>quis</strong></span> <span class='ocrx_word' id='word_1_160' title='bbox 497 2519 511 2555; x_wconf 92' lang='lat'><strong>:</strong></span> <span class='ocrx_word' id='word_1_161' title='bbox 543 2500 650 2555; x_wconf 81' lang='lat' dir='ltr'><strong>Nec</strong></span> <span class='ocrx_word' id='word_1_162' title='bbox 678 2515 773 2554; x_wconf 93' lang='lat' dir='ltr'><strong>nos</strong></span> <span class='ocrx_word' id='word_1_163' title='bbox 800 2498 1024 2553; x_wconf 87' lang='lat' dir='ltr'><strong>dicimus</strong></span> <span class='ocrx_word' id='word_1_164' title='bbox 1052 2498 1224 2567; x_wconf 90' lang='lat' dir='ltr'><strong>ipsum</strong></span> <span class='ocrx_word' id='word_1_165' title='bbox 1255 2493 1509 2563; x_wconf 81' lang='lat' dir='ltr'><strong>ejusmodi</strong></span> <span class='ocrx_word' id='word_1_166' title='bbox 1538 2493 1734 2547; x_wconf 90' lang='lat' dir='ltr'><strong>mensis</strong></span> <span class='ocrx_word' id='word_1_167' title='bbox 1770 2491 1924 2546; x_wconf 81' lang='lat' dir='ltr'><strong>dedi-</strong></span> 
     </span>
    </p>
   </div>
   <div class='ocr_carea' id='block_1_22' title="bbox 350 2582 1925 2652">
    <p class='ocr_par' dir='ltr' id='par_1_22' title="bbox 350 2582 1925 2652">
     <span class='ocr_line' id='line_1_22' title="bbox 350 2582 1925 2652; baseline -0.008 -6"><span class='ocrx_word' id='word_1_168' title='bbox 350 2603 459 2646; x_wconf 91' lang='lat' dir='ltr'><strong>tum</strong></span> <span class='ocrx_word' id='word_1_169' title='bbox 488 2606 608 2646; x_wconf 91' lang='lat' dir='ltr'><strong>esse</strong></span> <span class='ocrx_word' id='word_1_170' title='bbox 635 2590 849 2645; x_wconf 83' lang='lat' dir='ltr'><strong>debere.</strong></span> <span class='ocrx_word' id='word_1_171' title='bbox 893 2587 1180 2644; x_wconf 89' lang='lat' dir='ltr'><strong>lmmodica</strong></span> <span class='ocrx_word' id='word_1_172' title='bbox 1211 2586 1353 2640; x_wconf 91' lang='lat' dir='ltr'><strong>enim</strong></span> <span class='ocrx_word' id='word_1_173' title='bbox 1390 2584 1477 2639; x_wconf 86' lang='lat' dir='ltr'><strong>illa</strong></span> <span class='ocrx_word' id='word_1_174' title='bbox 1505 2583 1739 2652; x_wconf 81' lang='lat' dir='ltr'><strong>profusio</strong></span> <span class='ocrx_word' id='word_1_175' title='bbox 1777 2582 1925 2635; x_wconf 85' lang='lat' dir='ltr'><strong>volu-</strong></span> 
     </span>
    </p>
   </div>
   <div class='ocr_carea' id='block_1_23' title="bbox 348 2674 1927 2751">
    <p class='ocr_par' dir='ltr' id='par_1_23' title="bbox 348 2674 1927 2751">
     <span class='ocr_line' id='line_1_23' title="bbox 348 2674 1927 2751; baseline -0.005 -15"><span class='ocrx_word' id='word_1_176' title='bbox 348 2682 507 2751; x_wconf 90' lang='lat' dir='ltr'><strong>ptatis</strong></span> <span class='ocrx_word' id='word_1_177' title='bbox 535 2682 745 2736; x_wconf 75' lang='lat' dir='ltr'><strong>occasio</strong></span> <span class='ocrx_word' id='word_1_178' title='bbox 772 2691 872 2746; x_wconf 89' lang='lat' dir='ltr'><strong>est,</strong></span> <span class='ocrx_word' id='word_1_179' title='bbox 891 2690 943 2736; x_wconf 91' lang='lat' dir='ltr'><strong>et</strong></span> <span class='ocrx_word' id='word_1_180' title='bbox 968 2679 1127 2734; x_wconf 90' lang='lat' dir='ltr'><strong>nimia</strong></span> <span class='ocrx_word' id='word_1_181' title='bbox 1159 2675 1479 2747; x_wconf 88' lang='lat' dir='ltr'><strong>parcimonia</strong></span> <span class='ocrx_word' id='word_1_182' title='bbox 1507 2674 1744 2744; x_wconf 75' lang='lat' dir='ltr'><strong>segnitia:</strong></span> <span class='ocrx_word' id='word_1_183' title='bbox 1767 2682 1821 2728; x_wconf 90' lang='lat' dir='ltr'><strong>et</strong></span> <span class='ocrx_word' id='word_1_184' title='bbox 1849 2682 1927 2728; x_wconf 82' lang='lat' dir='ltr'><strong>te-</strong></span> 
     </span>
    </p>
   </div>
   <div class='ocr_carea' id='block_1_24' title="bbox 347 2765 1926 2834">
    <p class='ocr_par' dir='ltr' id='par_1_24' title="bbox 347 2765 1926 2834">
     <span class='ocr_line' id='line_1_24' title="bbox 347 2765 1926 2834; baseline -0.006 -7"><span class='ocrx_word' id='word_1_185' title='bbox 347 2774 593 2829; x_wconf 82' lang='lat' dir='ltr'><strong>nacitatis</strong></span> <span class='ocrx_word' id='word_1_186' title='bbox 614 2772 1013 2827; x_wconf 86' lang='lat' dir='ltr'><strong>demonstratio.</strong></span> <span class='ocrx_word' id='word_1_187' title='bbox 1044 2769 1223 2825; x_wconf 87' lang='lat' dir='ltr'><strong>Potuit</strong></span> <span class='ocrx_word' id='word_1_188' title='bbox 1243 2768 1384 2823; x_wconf 90' lang='lat' dir='ltr'><strong>enim</strong></span> <span class='ocrx_word' id='word_1_189' title='bbox 1413 2774 1468 2821; x_wconf 91' lang='lat' dir='ltr'><strong>et</strong></span> <span class='ocrx_word' id='word_1_190' title='bbox 1487 2765 1631 2821; x_wconf 91' lang='lat' dir='ltr'><strong>solos</strong></span> <span class='ocrx_word' id='word_1_191' title='bbox 1650 2766 1926 2834; x_wconf 84' lang='lat' dir='ltr'><strong>episcopos</strong></span> 
     </span>
    </p>
   </div>
   <div class='ocr_carea' id='block_1_25' title="bbox 346 2855 1925 2932">
    <p class='ocr_par' dir='ltr' id='par_1_25' title="bbox 346 2855 1925 2932">
     <span class='ocr_line' id='line_1_25' title="bbox 346 2855 1925 2932; baseline -0.006 -14"><span class='ocrx_word' id='word_1_192' title='bbox 346 2880 562 2930; x_wconf 85' lang='lat' dir='ltr'><strong>vocare,</strong></span> <span class='ocrx_word' id='word_1_193' title='bbox 590 2874 644 2920; x_wconf 89' lang='lat' dir='ltr'><strong>et</strong></span> <span class='ocrx_word' id='word_1_194' title='bbox 670 2879 736 2919; x_wconf 83' lang='lat' dir='ltr'><strong>ex</strong></span> <span class='ocrx_word' id='word_1_195' title='bbox 766 2863 846 2917; x_wconf 93' lang='lat' dir='ltr'><strong>his</strong></span> <span class='ocrx_word' id='word_1_196' title='bbox 873 2862 1164 2932; x_wconf 65' lang='lat' dir='ltr'><strong>praesertim</strong></span> <span class='ocrx_word' id='word_1_197' title='bbox 1192 2858 1551 2929; x_wconf 78' lang='lat' dir='ltr'><strong>religiosiores</strong></span> <span class='ocrx_word' id='word_1_198' title='bbox 1576 2875 1588 2910; x_wconf 90' lang='lat'>:</span> <span class='ocrx_word' id='word_1_199' title='bbox 1612 2864 1667 2910; x_wconf 89' lang='lat' dir='ltr'><strong>et</strong></span> <span class='ocrx_word' id='word_1_200' title='bbox 1688 2855 1732 2909; x_wconf 90' lang='lat' dir='ltr'><strong>si</strong></span> <span class='ocrx_word' id='word_1_201' title='bbox 1751 2856 1925 2909; x_wconf 90' lang='lat' dir='ltr'><strong>minus</strong></span> 
     </span>
    </p>
   </div>
   <div class='ocr_carea' id='block_1_26' title="bbox 344 2947 1927 3023">
    <p class='ocr_par' dir='ltr' id='par_1_26' title="bbox 344 2947 1927 3023">
     <span class='ocr_line' id='line_1_26' title="bbox 344 2947 1927 3023; baseline -0.004 -15"><span class='ocrx_word' id='word_1_202' title='bbox 344 2955 462 3021; x_wconf 92' lang='lat' dir='ltr'><strong>hos,</strong></span> <span class='ocrx_word' id='word_1_203' title='bbox 498 2955 685 3009; x_wconf 86' lang='lat' dir='ltr'><strong>saltent</strong></span> <span class='ocrx_word' id='word_1_204' title='bbox 713 2954 983 3023; x_wconf 90' lang='lat' dir='ltr'><strong>proprium</strong></span> <span class='ocrx_word' id='word_1_205' title='bbox 1007 2951 1209 3006; x_wconf 92' lang='lat' dir='ltr'><strong>clerum</strong></span> <span class='ocrx_word' id='word_1_206' title='bbox 1234 2968 1247 3003; x_wconf 90' lang='lat'><strong>:</strong></span> <span class='ocrx_word' id='word_1_207' title='bbox 1276 2950 1488 3004; x_wconf 91' lang='lat' dir='ltr'><strong>imitans</strong></span> <span class='ocrx_word' id='word_1_208' title='bbox 1531 2947 1808 3001; x_wconf 89' lang='lat' dir='ltr'><strong>Dominum</strong></span> <span class='ocrx_word' id='word_1_209' title='bbox 1836 2962 1927 3001; x_wconf 81' lang='lat' dir='ltr'><strong>ve-</strong></span> 
     </span>
    </p>
   </div>
   <div class='ocr_carea' id='block_1_27' title="bbox 343 3035 1923 3109">
    <p class='ocr_par' dir='ltr' id='par_1_27' title="bbox 343 3035 1923 3109">
     <span class='ocr_line' id='line_1_27' title="bbox 343 3035 1923 3109; baseline -0.006 -11"><span class='ocrx_word' id='word_1_210' title='bbox 343 3054 578 3098; x_wconf 87' lang='lat' dir='ltr'><strong>scentem</strong></span> <span class='ocrx_word' id='word_1_211' title='bbox 606 3059 726 3098; x_wconf 91' lang='lat' dir='ltr'><strong>eum</strong></span> <span class='ocrx_word' id='word_1_212' title='bbox 765 3042 1040 3097; x_wconf 90' lang='lat' dir='ltr'><strong>duodecim</strong></span> <span class='ocrx_word' id='word_1_213' title='bbox 1067 3039 1339 3109; x_wconf 89' lang='lat' dir='ltr'><strong>apostolis.</strong></span> <span class='ocrx_word' id='word_1_214' title='bbox 1372 3038 1544 3093; x_wconf 80' lang='lat' dir='ltr'><strong>Ertsc.</strong></span> <span class='ocrx_word' id='word_1_215' title='bbox 1581 3035 1744 3091; x_wconf 80' lang='lat' dir='ltr'><strong>Valde</strong></span> <span class='ocrx_word' id='word_1_216' title='bbox 1788 3050 1923 3092; x_wconf 88' lang='lat' dir='ltr'><strong>con-</strong></span> 
     </span>
    </p>
   </div>
   <div class='ocr_carea' id='block_1_28' title="bbox 342 3126 1921 3201">
    <p class='ocr_par' dir='ltr' id='par_1_28' title="bbox 342 3126 1921 3201">
     <span class='ocr_line' id='line_1_28' title="bbox 342 3126 1921 3201; baseline -0.004 -14"><span class='ocrx_word' id='word_1_217' title='bbox 342 3143 595 3187; x_wconf 85' lang='lat' dir='ltr'><strong>sentanea</strong></span> <span class='ocrx_word' id='word_1_218' title='bbox 639 3131 986 3201; x_wconf 87' lang='lat' dir='ltr'><strong>respondisti,</strong></span> <span class='ocrx_word' id='word_1_219' title='bbox 1021 3130 1296 3184; x_wconf 85' lang='lat' dir='ltr'><strong>hominum</strong></span> <span class='ocrx_word' id='word_1_220' title='bbox 1327 3127 1665 3182; x_wconf 82' lang='lat' dir='ltr'><strong>veracissime</strong></span> <span class='ocrx_word' id='word_1_221' title='bbox 1693 3145 1707 3181; x_wconf 90' lang='lat'><strong>:</strong></span> <span class='ocrx_word' id='word_1_222' title='bbox 1751 3126 1921 3197; x_wconf 86' lang='lat' dir='ltr'><strong>siqui-</strong></span> 
     </span>
    </p>
   </div>
   <div class='ocr_carea' id='block_1_29' title="bbox 344 3221 1919 3295">
    <p class='ocr_par' dir='ltr' id='par_1_29' title="bbox 344 3221 1919 3295">
     <span class='ocr_line' id='line_1_29' title="bbox 344 3221 1919 3295; baseline -0.002 -16"><span class='ocrx_word' id='word_1_223' title='bbox 344 3224 467 3279; x_wconf 89' lang='lat' dir='ltr'><strong>dem</strong></span> <span class='ocrx_word' id='word_1_224' title='bbox 498 3224 635 3295; x_wconf 88' lang='lat' dir='ltr'><strong>passi</strong></span> <span class='ocrx_word' id='word_1_225' title='bbox 668 3223 893 3278; x_wconf 79' lang='lat' dir='ltr'><strong>fuissent</strong></span> <span class='ocrx_word' id='word_1_226' title='bbox 916 3224 1095 3279; x_wconf 88' lang='lat' dir='ltr'><strong>cleriei</strong></span> <span class='ocrx_word' id='word_1_227' title='bbox 1138 3237 1259 3277; x_wconf 92' lang='lat' dir='ltr'><strong>cum</strong></span> <span class='ocrx_word' id='word_1_228' title='bbox 1285 3221 1490 3276; x_wconf 87' lang='lat' dir='ltr'><strong>Joanne</strong></span> <span class='ocrx_word' id='word_1_229' title='bbox 1515 3221 1804 3291; x_wconf 89' lang='lat' dir='ltr'><strong>prandere,</strong></span> <span class='ocrx_word' id='word_1_230' title='bbox 1829 3221 1919 3292; x_wconf 91' lang='lat' dir='ltr'><strong>qui</strong></span> 
     </span>
    </p>
   </div>
   <div class='ocr_carea' id='block_1_30' title="bbox 343 3310 1919 3384">
    <p class='ocr_par' dir='ltr' id='par_1_30' title="bbox 343 3310 1919 3384">
     <span class='ocr_line' id='line_1_30' title="bbox 343 3310 1919 3384; baseline -0.001 -17"><span class='ocrx_word' id='word_1_231' title='bbox 343 3324 463 3384; x_wconf 89' lang='lat' dir='ltr'><strong>post</strong></span> <span class='ocrx_word' id='word_1_232' title='bbox 490 3313 674 3367; x_wconf 88' lang='lat' dir='ltr'><strong>horam</strong></span> <span class='ocrx_word' id='word_1_233' title='bbox 704 3323 760 3368; x_wconf 89' lang='lat' dir='ltr'><strong>et</strong></span> <span class='ocrx_word' id='word_1_234' title='bbox 795 3321 912 3384; x_wconf 92' lang='lat' dir='ltr'><strong>post</strong></span> <span class='ocrx_word' id='word_1_235' title='bbox 950 3312 1092 3366; x_wconf 89' lang='lat' dir='ltr'><strong>diem</strong></span> <span class='ocrx_word' id='word_1_236' title='bbox 1123 3311 1385 3367; x_wconf 89' lang='lat' dir='ltr'><strong>interdum</strong></span> <span class='ocrx_word' id='word_1_237' title='bbox 1416 3310 1637 3376; x_wconf 86' lang='lat' dir='ltr'><strong>edebat;</strong></span> <span class='ocrx_word' id='word_1_238' title='bbox 1669 3311 1767 3378; x_wconf 90' lang='lat' dir='ltr'><strong>ipsi</strong></span> <span class='ocrx_word' id='word_1_239' title='bbox 1793 3326 1919 3366; x_wconf 91' lang='lat' dir='ltr'><strong>vero</strong></span> 
     </span>
    </p>
   </div>
   <div class='ocr_carea' id='block_1_31' title="bbox 342 3401 1920 3472">
    <p class='ocr_par' dir='ltr' id='par_1_31' title="bbox 342 3401 1920 3472">
     <span class='ocr_line' id='line_1_31' title="bbox 342 3401 1920 3472; baseline 0 -16"><span class='ocrx_word' id='word_1_240' title='bbox 342 3404 512 3457; x_wconf 90' lang='lat' dir='ltr'><strong>multo</strong></span> <span class='ocrx_word' id='word_1_241' title='bbox 552 3418 671 3456; x_wconf 90' lang='lat' dir='ltr'><strong>cum</strong></span> <span class='ocrx_word' id='word_1_242' title='bbox 715 3409 968 3472; x_wconf 88' lang='lat' dir='ltr'><strong>apparatu</strong></span> <span class='ocrx_word' id='word_1_243' title='bbox 1000 3410 1173 3456; x_wconf 90' lang='lat' dir='ltr'><strong>tantas</strong></span> <span class='ocrx_word' id='word_1_244' title='bbox 1218 3402 1401 3472; x_wconf 84' lang='lat' dir='ltr'><strong>epulas</strong></span> <span class='ocrx_word' id='word_1_245' title='bbox 1438 3416 1597 3471; x_wconf 91' lang='lat' dir='ltr'><strong>quam</strong></span> <span class='ocrx_word' id='word_1_246' title='bbox 1644 3401 1920 3456; x_wconf 90' lang='lat' dir='ltr'><strong>celerrime</strong></span> 
     </span>
    </p>
   </div>
   <div class='ocr_carea' id='block_1_32' title="bbox 339 3490 1922 3547">
    <p class='ocr_par' dir='ltr' id='par_1_32' title="bbox 339 3490 1922 3547">
     <span class='ocr_line' id='line_1_32' title="bbox 339 3490 1922 3547; baseline -0.001 -1"><span class='ocrx_word' id='word_1_247' title='bbox 339 3493 698 3547; x_wconf 88' lang='lat' dir='ltr'><strong>sectabantur.</strong></span> <span class='ocrx_word' id='word_1_248' title='bbox 756 3492 1055 3547; x_wconf 81' lang='lat' dir='ltr'><strong>Absurdum</strong></span> <span class='ocrx_word' id='word_1_249' title='bbox 1102 3502 1219 3547; x_wconf 89' lang='lat' dir='ltr'><strong>erat</strong></span> <span class='ocrx_word' id='word_1_250' title='bbox 1257 3492 1406 3545; x_wconf 87' lang='lat' dir='ltr'><strong>cibos</strong></span> <span class='ocrx_word' id='word_1_251' title='bbox 1456 3490 1785 3545; x_wconf 89' lang='lat' dir='ltr'><strong>inﬁrmorum</strong></span> <span class='ocrx_word' id='word_1_252' title='bbox 1831 3499 1922 3546; x_wconf 90' lang='lat' dir='ltr'><strong>aut</strong></span> 
     </span>
    </p>
   </div>
   <div class='ocr_carea' id='block_1_33' title="bbox 340 3582 1921 3653">
    <p class='ocr_par' dir='ltr' id='par_1_33' title="bbox 340 3582 1921 3653">
     <span class='ocr_line' id='line_1_33' title="bbox 340 3582 1921 3653; baseline -0.001 -17"><span class='ocrx_word' id='word_1_253' title='bbox 340 3599 631 3653; x_wconf 82' lang='lat' dir='ltr'><strong>pauperum</strong></span> <span class='ocrx_word' id='word_1_254' title='bbox 673 3599 881 3648; x_wconf 90' lang='lat' dir='ltr'><strong>eorum,</strong></span> <span class='ocrx_word' id='word_1_255' title='bbox 908 3585 994 3653; x_wconf 91' lang='lat' dir='ltr'><strong>qui</strong></span> <span class='ocrx_word' id='word_1_256' title='bbox 1025 3584 1138 3638; x_wconf 89' lang='lat' dir='ltr'><strong>sani</strong></span> <span class='ocrx_word' id='word_1_257' title='bbox 1182 3593 1332 3637; x_wconf 89' lang='lat' dir='ltr'><strong>erant</strong></span> <span class='ocrx_word' id='word_1_258' title='bbox 1358 3582 1776 3651; x_wconf 70' lang='lat' dir='ltr'><strong>intemperantiae</strong></span> <span class='ocrx_word' id='word_1_259' title='bbox 1818 3582 1921 3635; x_wconf 84' lang='lat' dir='ltr'><strong>im-</strong></span> 
     </span>
    </p>
   </div>
   <div class='ocr_carea' id='block_1_34' title="bbox 341 3672 1920 3743">
    <p class='ocr_par' dir='ltr' id='par_1_34' title="bbox 341 3672 1920 3743">
     <span class='ocr_line' id='line_1_34' title="bbox 341 3672 1920 3743; baseline 0 -18"><span class='ocrx_word' id='word_1_260' title='bbox 341 3679 592 3743; x_wconf 87' lang='lat' dir='ltr'><strong>pendere.</strong></span> <span class='ocrx_word' id='word_1_261' title='bbox 624 3673 877 3740; x_wconf 72' lang='lat' dir='ltr'><strong>Qutenam</strong></span> <span class='ocrx_word' id='word_1_262' title='bbox 923 3689 1082 3742; x_wconf 86' lang='lat' dir='ltr'><strong>porro</strong></span> <span class='ocrx_word' id='word_1_263' title='bbox 1112 3674 1193 3728; x_wconf 91' lang='lat' dir='ltr'><strong>lex</strong></span> <span class='ocrx_word' id='word_1_264' title='bbox 1224 3674 1310 3727; x_wconf 89' lang='lat' dir='ltr'><strong>illa</strong></span> <span class='ocrx_word' id='word_1_265' title='bbox 1358 3682 1460 3738; x_wconf 90' lang='lat' dir='ltr'><strong>est,</strong></span> <span class='ocrx_word' id='word_1_266' title='bbox 1492 3672 1779 3742; x_wconf 89' lang='lat' dir='ltr'><strong>discipulos</strong></span> <span class='ocrx_word' id='word_1_267' title='bbox 1806 3688 1920 3726; x_wconf 84' lang='lat' dir='ltr'><strong>ma-</strong></span> 
     </span>
    </p>
   </div>
   <div class='ocr_carea' id='block_1_35' title="bbox 340 3762 1917 3833">
    <p class='ocr_par' dir='ltr' id='par_1_35' title="bbox 340 3762 1917 3833">
     <span class='ocr_line' id='line_1_35' title="bbox 340 3762 1917 3833; baseline 0.001 -18"><span class='ocrx_word' id='word_1_268' title='bbox 340 3765 504 3832; x_wconf 86' lang='lat' dir='ltr'><strong>gistro</strong></span> <span class='ocrx_word' id='word_1_269' title='bbox 529 3762 836 3833; x_wconf 72' lang='lat' dir='ltr'><strong>prmcipere,</strong></span> <span class='ocrx_word' id='word_1_270' title='bbox 867 3763 933 3816; x_wconf 91' lang='lat' dir='ltr'><strong>ab</strong></span> <span class='ocrx_word' id='word_1_271' title='bbox 977 3762 1196 3816; x_wconf 90' lang='lat' dir='ltr'><strong>inﬁrmis</strong></span> <span class='ocrx_word' id='word_1_272' title='bbox 1221 3764 1396 3817; x_wconf 90' lang='lat' dir='ltr'><strong>curari</strong></span> <span class='ocrx_word' id='word_1_273' title='bbox 1425 3762 1715 3828; x_wconf 90' lang='lat' dir='ltr'><strong>medicum,</strong></span> <span class='ocrx_word' id='word_1_274' title='bbox 1758 3772 1849 3816; x_wconf 90' lang='lat' dir='ltr'><strong>aut</strong></span> <span class='ocrx_word' id='word_1_275' title='bbox 1886 3777 1917 3816; x_wconf 90' lang='lat' dir='ltr'><strong>a</strong></span> 
     </span>
    </p>
   </div>
   <div class='ocr_carea' id='block_1_36' title="bbox 340 3852 1918 3925">
    <p class='ocr_par' dir='ltr' id='par_1_36' title="bbox 340 3852 1918 3925">
     <span class='ocr_line' id='line_1_36' title="bbox 340 3852 1918 3925; baseline 0 -18"><span class='ocrx_word' id='word_1_276' title='bbox 340 3856 641 3909; x_wconf 74' lang='lat' dir='ltr'><strong>vectoribus</strong></span> <span class='ocrx_word' id='word_1_277' title='bbox 666 3854 776 3925; x_wconf 90' lang='lat' dir='ltr'><strong>regi</strong></span> <span class='ocrx_word' id='word_1_278' title='bbox 804 3854 1243 3924; x_wconf 78' lang='lat' dir='ltr'><strong>gubernatorem?</strong></span> <span class='ocrx_word' id='word_1_279' title='bbox 1270 3869 1390 3909; x_wconf 90' lang='lat' dir='ltr'><strong>cum</strong></span> <span class='ocrx_word' id='word_1_280' title='bbox 1422 3852 1660 3908; x_wconf 87' lang='lat' dir='ltr'><strong>medicus</strong></span> <span class='ocrx_word' id='word_1_281' title='bbox 1703 3867 1918 3922; x_wconf 87' lang='lat' dir='ltr'><strong>semper</strong></span> 
     </span>
    </p>
   </div>
   <div class='ocr_carea' id='block_1_37' title="bbox 339 3945 1917 4016">
    <p class='ocr_par' dir='ltr' id='par_1_37' title="bbox 339 3945 1917 4016">
     <span class='ocr_line' id='line_1_37' title="bbox 339 3945 1917 4016; baseline -0.001 -15"><span class='ocrx_word' id='word_1_282' title='bbox 339 3957 490 4002; x_wconf 91' lang='lat' dir='ltr'><strong>curet</strong></span> <span class='ocrx_word' id='word_1_283' title='bbox 537 3945 794 4011; x_wconf 90' lang='lat' dir='ltr'><strong>inﬁrmos,</strong></span> <span class='ocrx_word' id='word_1_284' title='bbox 822 3955 874 4000; x_wconf 93' lang='lat' dir='ltr'><strong>et</strong></span> <span class='ocrx_word' id='word_1_285' title='bbox 911 3955 1209 4016; x_wconf 75' lang='lat' dir='ltr'><strong>prteceptor</strong></span> <span class='ocrx_word' id='word_1_286' title='bbox 1234 3946 1464 4016; x_wconf 78' lang='lat' dir='ltr'><strong>corrigat</strong></span> <span class='ocrx_word' id='word_1_287' title='bbox 1508 3945 1796 4014; x_wconf 90' lang='lat' dir='ltr'><strong>discipulos</strong></span> <span class='ocrx_word' id='word_1_288' title='bbox 1816 3985 1831 4010; x_wconf 96' lang='lat'><strong>,</strong></span> <span class='ocrx_word' id='word_1_289' title='bbox 1862 3954 1917 3999; x_wconf 92' lang='lat' dir='ltr'><strong>et</strong></span> 
     </span>
    </p>
   </div>
   <div class='ocr_carea' id='block_1_38' title="bbox 340 4036 1912 4107">
    <p class='ocr_par' dir='ltr' id='par_1_38' title="bbox 340 4036 1912 4107">
     <span class='ocr_line' id='line_1_38' title="bbox 340 4036 1912 4107; baseline 0 -17"><span class='ocrx_word' id='word_1_290' title='bbox 340 4040 491 4092; x_wconf 89' lang='lat' dir='ltr'><strong>navis</strong></span> <span class='ocrx_word' id='word_1_291' title='bbox 535 4038 856 4107; x_wconf 85' lang='lat' dir='ltr'><strong>gubernator</strong></span> <span class='ocrx_word' id='word_1_292' title='bbox 892 4036 1030 4107; x_wconf 89' lang='lat' dir='ltr'><strong>quod</strong></span> <span class='ocrx_word' id='word_1_293' title='bbox 1080 4037 1204 4090; x_wconf 86' lang='lat' dir='ltr'><strong>utile</strong></span> <span class='ocrx_word' id='word_1_294' title='bbox 1255 4045 1336 4092; x_wconf 89' lang='lat' dir='ltr'><strong>est</strong></span> <span class='ocrx_word' id='word_1_295' title='bbox 1382 4038 1747 4107; x_wconf 75' lang='lat' dir='ltr'><strong>navigantibus</strong></span> <span class='ocrx_word' id='word_1_296' title='bbox 1787 4051 1912 4105; x_wconf 90' lang='lat' dir='ltr'><strong>pro-</strong></span> 
     </span>
    </p>
   </div>
   <div class='ocr_carea' id='block_1_39' title="bbox 337 4127 1917 4199">
    <p class='ocr_par' dir='ltr' id='par_1_39' title="bbox 337 4127 1917 4199">
     <span class='ocr_line' id='line_1_39' title="bbox 337 4127 1917 4199; baseline -0.001 -16"><span class='ocrx_word' id='word_1_297' title='bbox 337 4140 505 4185; x_wconf 84' lang='lat' dir='ltr'><strong>curet.</strong></span> <span class='ocrx_word' id='word_1_298' title='bbox 535 4132 601 4186; x_wconf 84' lang='lat' dir='ltr'><strong>Et</strong></span> <span class='ocrx_word' id='word_1_299' title='bbox 627 4132 832 4186; x_wconf 90' lang='lat' dir='ltr'><strong>medico</strong></span> <span class='ocrx_word' id='word_1_300' title='bbox 855 4130 1064 4199; x_wconf 88' lang='lat' dir='ltr'><strong>quidem</strong></span> <span class='ocrx_word' id='word_1_301' title='bbox 1095 4138 1253 4198; x_wconf 89' lang='lat' dir='ltr'><strong>atque</strong></span> <span class='ocrx_word' id='word_1_302' title='bbox 1276 4128 1613 4199; x_wconf 80' lang='lat' dir='ltr'><strong>gubernatori</strong></span> <span class='ocrx_word' id='word_1_303' title='bbox 1642 4127 1917 4198; x_wconf 90' lang='lat' dir='ltr'><strong>obtempe-</strong></span> 
     </span>
    </p>
   </div>
   <div class='ocr_carea' id='block_1_40' title="bbox 337 4218 1913 4291">
    <p class='ocr_par' dir='ltr' id='par_1_40' title="bbox 337 4218 1913 4291">
     <span class='ocr_line' id='line_1_40' title="bbox 337 4218 1913 4291; baseline 0.001 -19"><span class='ocrx_word' id='word_1_304' title='bbox 337 4229 537 4287; x_wconf 89' lang='lat' dir='ltr'><strong>rantes,</strong></span> <span class='ocrx_word' id='word_1_305' title='bbox 565 4224 655 4291; x_wconf 89' lang='lat' dir='ltr'><strong>qui</strong></span> <span class='ocrx_word' id='word_1_306' title='bbox 681 4221 781 4276; x_wconf 91' lang='lat' dir='ltr'><strong>snb</strong></span> <span class='ocrx_word' id='word_1_307' title='bbox 806 4220 908 4274; x_wconf 86' lang='lat' dir='ltr'><strong>illis</strong></span> <span class='ocrx_word' id='word_1_308' title='bbox 932 4228 1073 4284; x_wconf 90' lang='lat' dir='ltr'><strong>sunt,</strong></span> <span class='ocrx_word' id='word_1_309' title='bbox 1101 4220 1224 4271; x_wconf 75' lang='lat' dir='ltr'><strong>vita:</strong></span> <span class='ocrx_word' id='word_1_310' title='bbox 1248 4233 1406 4272; x_wconf 81' lang='lat' dir='ltr'><strong>causa</strong></span> <span class='ocrx_word' id='word_1_311' title='bbox 1433 4218 1673 4272; x_wconf 90' lang='lat' dir='ltr'><strong>dolorem</strong></span> <span class='ocrx_word' id='word_1_312' title='bbox 1700 4234 1913 4273; x_wconf 91' lang='lat' dir='ltr'><strong>omnem</strong></span> 
     </span>
    </p>
   </div>
   <div class='ocr_carea' id='block_1_41' title="bbox 337 4308 1915 4378">
    <p class='ocr_par' dir='ltr' id='par_1_41' title="bbox 337 4308 1915 4378">
     <span class='ocr_line' id='line_1_41' title="bbox 337 4308 1915 4378; baseline 0 -16"><span class='ocrx_word' id='word_1_313' title='bbox 337 4324 399 4362; x_wconf 87' lang='lat' dir='ltr'><strong>ac</strong></span> <span class='ocrx_word' id='word_1_314' title='bbox 423 4309 721 4364; x_wconf 89' lang='lat' dir='ltr'><strong>molestiam</strong></span> <span class='ocrx_word' id='word_1_315' title='bbox 762 4310 1004 4374; x_wconf 81' lang='lat' dir='ltr'><strong>fuentnt,</strong></span> <span class='ocrx_word' id='word_1_316' title='bbox 1030 4323 1250 4378; x_wconf 88' lang='lat' dir='ltr'><strong>quorum</strong></span> <span class='ocrx_word' id='word_1_317' title='bbox 1294 4317 1345 4361; x_wconf 93' lang='lat' dir='ltr'><strong>et</strong></span> <span class='ocrx_word' id='word_1_318' title='bbox 1374 4322 1650 4362; x_wconf 83' lang='lat' dir='ltr'><strong>successus</strong></span> <span class='ocrx_word' id='word_1_319' title='bbox 1682 4308 1915 4363; x_wconf 73' lang='lat' dir='ltr'><strong>incertus</strong></span> 
     </span>
    </p>
   </div>
   <div class='ocr_carea' id='block_1_42' title="bbox 335 4397 1909 4468">
    <p class='ocr_par' dir='ltr' id='par_1_42' title="bbox 335 4397 1909 4468">
     <span class='ocr_line' id='line_1_42' title="bbox 335 4397 1909 4468; baseline -0.003 -15"><span class='ocrx_word' id='word_1_320' title='bbox 335 4408 417 4453; x_wconf 90' lang='lat' dir='ltr'><strong>est</strong></span> <span class='ocrx_word' id='word_1_321' title='bbox 448 4417 461 4452; x_wconf 94' lang='lat'>:</span> <span class='ocrx_word' id='word_1_322' title='bbox 488 4407 544 4452; x_wconf 88' lang='lat' dir='ltr'><strong>at</strong></span> <span class='ocrx_word' id='word_1_323' title='bbox 581 4416 707 4453; x_wconf 89' lang='lat' dir='ltr'><strong>vero</strong></span> <span class='ocrx_word' id='word_1_324' title='bbox 753 4401 1006 4455; x_wconf 86' lang='lat' dir='ltr'><strong>adversus</strong></span> <span class='ocrx_word' id='word_1_325' title='bbox 1039 4408 1414 4468; x_wconf 69' lang='lat' dir='ltr'><strong>prmceptorem</strong></span> <span class='ocrx_word' id='word_1_326' title='bbox 1453 4412 1631 4451; x_wconf 88' lang='lat' dir='ltr'><strong>rerum</strong></span> <span class='ocrx_word' id='word_1_327' title='bbox 1679 4397 1909 4466; x_wconf 85' lang='lat' dir='ltr'><strong>Optima-</strong></span> 
     </span>
    </p>
   </div>
   <div class='ocr_carea' id='block_1_43' title="bbox 344 4486 1910 4558">
    <p class='ocr_par' dir='ltr' id='par_1_43' title="bbox 344 4486 1910 4558">
     <span class='ocr_line' id='line_1_43' title="bbox 344 4486 1910 4558; baseline -0.001 -15"><span class='ocrx_word' id='word_1_328' title='bbox 344 4504 457 4543; x_wconf 91' lang='lat' dir='ltr'><strong>rum</strong></span> <span class='ocrx_word' id='word_1_329' title='bbox 488 4531 504 4553; x_wconf 92' lang='lat'><strong>,</strong></span> <span class='ocrx_word' id='word_1_330' title='bbox 561 4491 649 4558; x_wconf 88' lang='lat' dir='ltr'><strong>qui</strong></span> <span class='ocrx_word' id='word_1_331' title='bbox 706 4491 923 4545; x_wconf 90' lang='lat' dir='ltr'><strong>morbos</strong></span> <span class='ocrx_word' id='word_1_332' title='bbox 975 4500 1028 4545; x_wconf 87' lang='lat' dir='ltr'><strong>et</strong></span> <span class='ocrx_word' id='word_1_333' title='bbox 1087 4489 1416 4544; x_wconf 87' lang='lat' dir='ltr'><strong>inﬁrmitates</strong></span> <span class='ocrx_word' id='word_1_334' title='bbox 1473 4487 1685 4557; x_wconf 78' lang='lat' dir='ltr'><strong>abigere</strong></span> <span class='ocrx_word' id='word_1_335' title='bbox 1740 4486 1910 4542; x_wconf 87' lang='lat' dir='ltr'><strong>solers</strong></span> 
     </span>
    </p>
   </div>
   <div class='ocr_carea' id='block_1_44' title="bbox 336 4579 1909 4650">
    <p class='ocr_par' dir='ltr' id='par_1_44' title="bbox 336 4579 1909 4650">
     <span class='ocr_line' id='line_1_44' title="bbox 336 4579 1909 4650; baseline -0.001 -14"><span class='ocrx_word' id='word_1_336' title='bbox 336 4592 447 4644; x_wconf 71' lang='lat' dir='ltr'><strong>est,</strong></span> <span class='ocrx_word' id='word_1_337' title='bbox 516 4588 572 4634; x_wconf 93' lang='lat' dir='ltr'><strong>et</strong></span> <span class='ocrx_word' id='word_1_338' title='bbox 628 4582 958 4649; x_wconf 82' lang='lat' dir='ltr'><strong>voluptatum</strong></span> <span class='ocrx_word' id='word_1_339' title='bbox 1021 4582 1344 4637; x_wconf 90' lang='lat' dir='ltr'><strong>decumanos</strong></span> <span class='ocrx_word' id='word_1_340' title='bbox 1408 4579 1597 4635; x_wconf 82' lang='lat' dir='ltr'><strong>ﬂuctus</strong></span> <span class='ocrx_word' id='word_1_341' title='bbox 1654 4595 1909 4650; x_wconf 88' lang='lat' dir='ltr'><strong>superare</strong></span> 
     </span>
    </p>
   </div>
   <div class='ocr_carea' id='block_1_45' title="bbox 334 4669 1910 4742">
    <p class='ocr_par' dir='ltr' id='par_1_45' title="bbox 334 4669 1910 4742">
     <span class='ocr_line' id='line_1_45' title="bbox 334 4669 1910 4742; baseline 0.001 -18"><span class='ocrx_word' id='word_1_342' title='bbox 334 4670 670 4734; x_wconf 84' lang='lat' dir='ltr'><strong>exercitatus,</strong></span> <span class='ocrx_word' id='word_1_343' title='bbox 716 4669 991 4724; x_wconf 81' lang='lat' dir='ltr'><strong>eﬁ&#39;raenato</strong></span> <span class='ocrx_word' id='word_1_344' title='bbox 1038 4672 1122 4725; x_wconf 91' lang='lat' dir='ltr'><strong>isti</strong></span> <span class='ocrx_word' id='word_1_345' title='bbox 1170 4688 1263 4726; x_wconf 87' lang='lat' dir='ltr'><strong>ore</strong></span> <span class='ocrx_word' id='word_1_346' title='bbox 1307 4673 1602 4742; x_wconf 81' lang='lat' dir='ltr'><strong>insurgunt,</strong></span> <span class='ocrx_word' id='word_1_347' title='bbox 1647 4672 1823 4737; x_wconf 88' lang='lat' dir='ltr'><strong>illotis,</strong></span> <span class='ocrx_word' id='word_1_348' title='bbox 1854 4680 1910 4726; x_wconf 92' lang='lat' dir='ltr'><strong>ut</strong></span> 
     </span>
    </p>
   </div>
   <div class='ocr_carea' id='block_1_46' title="bbox 334 4759 1909 4829">
    <p class='ocr_par' dir='ltr' id='par_1_46' title="bbox 334 4759 1909 4829">
     <span class='ocr_line' id='line_1_46' title="bbox 334 4759 1909 4829; baseline 0.003 -14"><span class='ocrx_word' id='word_1_349' title='bbox 334 4764 499 4823; x_wconf 86' lang='lat' dir='ltr'><strong>aiunt,</strong></span> <span class='ocrx_word' id='word_1_350' title='bbox 547 4759 769 4829; x_wconf 87' lang='lat' dir='ltr'><strong>pedibus</strong></span> <span class='ocrx_word' id='word_1_351' title='bbox 808 4763 983 4814; x_wconf 85' lang='lat' dir='ltr'><strong>omnia</strong></span> <span class='ocrx_word' id='word_1_352' title='bbox 1030 4763 1340 4819; x_wconf 89' lang='lat' dir='ltr'><strong>miscentes.</strong></span> <span class='ocrx_word' id='word_1_353' title='bbox 1394 4765 1503 4819; x_wconf 87' lang='lat' dir='ltr'><strong>Etsi</strong></span> <span class='ocrx_word' id='word_1_354' title='bbox 1545 4766 1684 4819; x_wconf 89' lang='lat' dir='ltr'><strong>enim</strong></span> <span class='ocrx_word' id='word_1_355' title='bbox 1735 4765 1824 4819; x_wconf 86' lang='lat' dir='ltr'><strong>ille</strong></span> <span class='ocrx_word' id='word_1_356' title='bbox 1850 4780 1909 4819; x_wconf 91' lang='lat' dir='ltr'><strong>se</strong></span> 
     </span>
    </p>
   </div>
   <div class='ocr_carea' id='block_1_47' title="bbox 334 4850 1909 4921">
    <p class='ocr_par' dir='ltr' id='par_1_47' title="bbox 334 4850 1909 4921">
     <span class='ocr_line' id='line_1_47' title="bbox 334 4850 1909 4921; baseline 0.002 -14"><span class='ocrx_word' id='word_1_357' title='bbox 334 4853 530 4907; x_wconf 89' lang='lat' dir='ltr'><strong>mensis</strong></span> <span class='ocrx_word' id='word_1_358' title='bbox 556 4850 887 4915; x_wconf 72' lang='lat' dir='ltr'><strong>devovisset,</strong></span> <span class='ocrx_word' id='word_1_359' title='bbox 918 4866 983 4903; x_wconf 91' lang='lat' dir='ltr'><strong>an</strong></span> <span class='ocrx_word' id='word_1_360' title='bbox 1024 4860 1100 4904; x_wconf 90' lang='lat' dir='ltr'><strong>tot</strong></span> <span class='ocrx_word' id='word_1_361' title='bbox 1128 4854 1521 4921; x_wconf 81' lang='lat' dir='ltr'><strong>magistratibus</strong></span> <span class='ocrx_word' id='word_1_362' title='bbox 1559 4865 1612 4911; x_wconf 90' lang='lat' dir='ltr'><strong>et</strong></span> <span class='ocrx_word' id='word_1_363' title='bbox 1638 4856 1909 4911; x_wconf 89' lang='lat' dir='ltr'><strong>honoratis</strong></span> 
     </span>
    </p>
   </div>
   <div class='ocr_carea' id='block_1_48' title="bbox 334 4946 1905 5016">
    <p class='ocr_par' dir='ltr' id='par_1_48' title="bbox 334 4946 1905 5016">
     <span class='ocr_line' id='line_1_48' title="bbox 334 4946 1905 5016; baseline 0.003 -17"><span class='ocrx_word' id='word_1_364' title='bbox 334 4946 573 5000; x_wconf 82' lang='lat' dir='ltr'><strong>sufﬁcere</strong></span> <span class='ocrx_word' id='word_1_365' title='bbox 618 4951 843 5012; x_wconf 89' lang='lat' dir='ltr'><strong>poterat,</strong></span> <span class='ocrx_word' id='word_1_366' title='bbox 892 4951 998 4996; x_wconf 91' lang='lat' dir='ltr'><strong>tam</strong></span> <span class='ocrx_word' id='word_1_367' title='bbox 1040 4959 1283 5013; x_wconf 87' lang='lat' dir='ltr'><strong>magnam</strong></span> <span class='ocrx_word' id='word_1_368' title='bbox 1327 4948 1595 5003; x_wconf 89' lang='lat' dir='ltr'><strong>civitatem</strong></span> <span class='ocrx_word' id='word_1_369' title='bbox 1642 4949 1905 5016; x_wconf 89' lang='lat' dir='ltr'><strong>habitans,</strong></span> 
     </span>
    </p>
   </div>
   <div class='ocr_carea' id='block_1_49' title="bbox 333 5034 1908 5107">
    <p class='ocr_par' dir='ltr' id='par_1_49' title="bbox 333 5034 1908 5107">
     <span class='ocr_line' id='line_1_49' title="bbox 333 5034 1908 5107; baseline 0.001 -16"><span class='ocrx_word' id='word_1_370' title='bbox 333 5036 552 5107; x_wconf 82' lang='lat' dir='ltr'><strong>singulis</strong></span> <span class='ocrx_word' id='word_1_371' title='bbox 580 5043 670 5087; x_wconf 90' lang='lat' dir='ltr'><strong>aut</strong></span> <span class='ocrx_word' id='word_1_372' title='bbox 712 5044 928 5103; x_wconf 87' lang='lat' dir='ltr'><strong>pr0pter</strong></span> <span class='ocrx_word' id='word_1_373' title='bbox 955 5034 1401 5099; x_wconf 87' lang='lat' dir='ltr'><strong>benedictionem,</strong></span> <span class='ocrx_word' id='word_1_374' title='bbox 1434 5048 1527 5091; x_wconf 88' lang='lat' dir='ltr'><strong>aut</strong></span> <span class='ocrx_word' id='word_1_375' title='bbox 1576 5049 1793 5107; x_wconf 86' lang='lat' dir='ltr'><strong>propter</strong></span> <span class='ocrx_word' id='word_1_376' title='bbox 1824 5042 1908 5093; x_wconf 89' lang='lat' dir='ltr'><strong>iu-</strong></span> 
     </span>
    </p>
   </div>
   <div class='ocr_carea' id='block_1_50' title="bbox 329 5128 1905 5201">
    <p class='ocr_par' dir='ltr' id='par_1_50' title="bbox 329 5128 1905 5201">
     <span class='ocr_line' id='line_1_50' title="bbox 329 5128 1905 5201; baseline 0.001 -18"><span class='ocrx_word' id='word_1_377' title='bbox 329 5131 523 5201; x_wconf 87' lang='lat' dir='ltr'><strong>opiam,</strong></span> <span class='ocrx_word' id='word_1_378' title='bbox 547 5135 636 5180; x_wconf 91' lang='lat' dir='ltr'><strong>aut</strong></span> <span class='ocrx_word' id='word_1_379' title='bbox 664 5134 879 5195; x_wconf 88' lang='lat' dir='ltr'><strong>pr0pter</strong></span> <span class='ocrx_word' id='word_1_380' title='bbox 902 5128 1098 5197; x_wconf 80' lang='lat' dir='ltr'><strong>gulam,</strong></span> <span class='ocrx_word' id='word_1_381' title='bbox 1129 5128 1264 5198; x_wconf 91' lang='lat' dir='ltr'><strong>apud</strong></span> <span class='ocrx_word' id='word_1_382' title='bbox 1295 5128 1439 5183; x_wconf 91' lang='lat' dir='ltr'><strong>illum</strong></span> <span class='ocrx_word' id='word_1_383' title='bbox 1464 5131 1603 5183; x_wconf 80' lang='lat' dir='ltr'><strong>vesci</strong></span> <span class='ocrx_word' id='word_1_384' title='bbox 1626 5132 1905 5199; x_wconf 89' lang='lat' dir='ltr'><strong>postulan-</strong></span> 
     </span>
    </p>
   </div>
   <div class='ocr_carea' id='block_1_51' title="bbox 332 5215 1901 5287">
    <p class='ocr_par' dir='ltr' id='par_1_51' title="bbox 332 5215 1901 5287">
     <span class='ocr_line' id='line_1_51' title="bbox 332 5215 1901 5287; baseline 0.003 -16"><span class='ocrx_word' id='word_1_385' title='bbox 332 5219 506 5274; x_wconf 87' lang='lat' dir='ltr'><strong>tibus?</strong></span> <span class='ocrx_word' id='word_1_386' title='bbox 551 5215 648 5271; x_wconf 85' lang='lat' dir='ltr'><strong>Ubi</strong></span> <span class='ocrx_word' id='word_1_387' title='bbox 698 5223 873 5269; x_wconf 84' lang='lat' dir='ltr'><strong>autem</strong></span> <span class='ocrx_word' id='word_1_388' title='bbox 918 5215 1091 5271; x_wconf 86' lang='lat' dir='ltr'><strong>locum</strong></span> <span class='ocrx_word' id='word_1_389' title='bbox 1144 5218 1414 5273; x_wconf 88' lang='lat' dir='ltr'><strong>habuisset</strong></span> <span class='ocrx_word' id='word_1_390' title='bbox 1460 5219 1549 5273; x_wconf 88' lang='lat' dir='ltr'><strong>Dei</strong></span> <span class='ocrx_word' id='word_1_391' title='bbox 1606 5219 1901 5287; x_wconf 87' lang='lat' dir='ltr'><strong>meditatio,</strong></span> 
     </span>
    </p>
   </div>
   <div class='ocr_carea' id='block_1_52' title="bbox 329 5308 1904 5382">
    <p class='ocr_par' dir='ltr' id='par_1_52' title="bbox 329 5308 1904 5382">
     <span class='ocr_line' id='line_1_52' title="bbox 329 5308 1904 5382; baseline 0.005 -21"><span class='ocrx_word' id='word_1_392' title='bbox 329 5311 509 5380; x_wconf 82' lang='lat' dir='ltr'><strong>populi</strong></span> <span class='ocrx_word' id='word_1_393' title='bbox 541 5308 858 5380; x_wconf 89' lang='lat' dir='ltr'><strong>procuratio,</strong></span> <span class='ocrx_word' id='word_1_394' title='bbox 906 5308 1123 5363; x_wconf 89' lang='lat' dir='ltr'><strong>scientia</strong></span> <span class='ocrx_word' id='word_1_395' title='bbox 1153 5310 1567 5382; x_wconf 88' lang='lat' dir='ltr'><strong>Scripturarum,</strong></span> <span class='ocrx_word' id='word_1_396' title='bbox 1601 5312 1904 5369; x_wconf 89' lang='lat' dir='ltr'><strong>sollicitudo</strong></span> 
     </span>
    </p>
   </div>
   <div class='ocr_carea' id='block_1_53' title="bbox 327 5402 1899 5474">
    <p class='ocr_par' dir='ltr' id='par_1_53' title="bbox 327 5402 1899 5474">
     <span class='ocr_line' id='line_1_53' title="bbox 327 5402 1899 5474; baseline 0.006 -21"><span class='ocrx_word' id='word_1_397' title='bbox 327 5404 627 5468; x_wconf 82' lang='lat' dir='ltr'><strong>viduarum,</strong></span> <span class='ocrx_word' id='word_1_398' title='bbox 672 5402 931 5471; x_wconf 79' lang='lat' dir='ltr'><strong>virginum</strong></span> <span class='ocrx_word' id='word_1_399' title='bbox 979 5402 1249 5468; x_wconf 87' lang='lat' dir='ltr'><strong>solatium,</strong></span> <span class='ocrx_word' id='word_1_400' title='bbox 1310 5406 1636 5461; x_wconf 89' lang='lat' dir='ltr'><strong>inﬁrmorum</strong></span> <span class='ocrx_word' id='word_1_401' title='bbox 1676 5409 1899 5474; x_wconf 86' lang='lat' dir='ltr'><strong>curatio,</strong></span> 
     </span>
    </p>
   </div>
   <div class='ocr_carea' id='block_1_54' title="bbox 325 5493 1904 5564">
    <p class='ocr_par' dir='ltr' id='par_1_54' title="bbox 325 5493 1904 5564">
     <span class='ocr_line' id='line_1_54' title="bbox 325 5493 1904 5564; baseline 0.006 -21"><span class='ocrx_word' id='word_1_402' title='bbox 325 5493 647 5551; x_wconf 82' lang='lat' dir='ltr'><strong>al‘ﬁictorum</strong></span> <span class='ocrx_word' id='word_1_403' title='bbox 678 5493 948 5558; x_wconf 77' lang='lat' dir='ltr'><strong>auxilium,</strong></span> <span class='ocrx_word' id='word_1_404' title='bbox 980 5495 1269 5547; x_wconf 88' lang='lat' dir='ltr'><strong>errantium</strong></span> <span class='ocrx_word' id='word_1_405' title='bbox 1321 5499 1621 5564; x_wconf 85' lang='lat' dir='ltr'><strong>conversio,</strong></span> <span class='ocrx_word' id='word_1_406' title='bbox 1648 5501 1904 5553; x_wconf 88' lang='lat' dir='ltr'><strong>contrito-</strong></span> 
     </span>
    </p>
   </div>
   <div class='ocr_carea' id='block_1_55' title="bbox 325 5585 1899 5649">
    <p class='ocr_par' dir='ltr' id='par_1_55' title="bbox 325 5585 1899 5649">
     <span class='ocr_line' id='line_1_55' title="bbox 325 5585 1899 5649; baseline 0.008 -16"><span class='ocrx_word' id='word_1_407' title='bbox 325 5596 441 5635; x_wconf 88' lang='lat' dir='ltr'><strong>rum</strong></span> <span class='ocrx_word' id='word_1_408' title='bbox 493 5603 651 5649; x_wconf 90' lang='lat' dir='ltr'><strong>cura,</strong></span> <span class='ocrx_word' id='word_1_409' title='bbox 712 5601 923 5641; x_wconf 72' lang='lat' dir='ltr'><strong>carcere</strong></span> <span class='ocrx_word' id='word_1_410' title='bbox 949 5585 1282 5640; x_wconf 89' lang='lat' dir='ltr'><strong>detentorum</strong></span> <span class='ocrx_word' id='word_1_411' title='bbox 1334 5589 1600 5645; x_wconf 86' lang='lat' dir='ltr'><strong>visitatio?</strong></span> <span class='ocrx_word' id='word_1_412' title='bbox 1637 5588 1899 5646; x_wconf 66' lang='lat' dir='ltr'><strong>Cancrum</strong></span> 
     </span>
    </p>
   </div>
   <div class='ocr_carea' id='block_1_56' title="bbox 324 5676 1901 5748">
    <p class='ocr_par' dir='ltr' id='par_1_56' title="bbox 324 5676 1901 5748">
     <span class='ocr_line' id='line_1_56' title="bbox 324 5676 1901 5748; baseline 0.011 -30"><span class='ocrx_word' id='word_1_413' title='bbox 324 5676 593 5737; x_wconf 87' lang='lat' dir='ltr'><strong>quomodo</strong></span> <span class='ocrx_word' id='word_1_414' title='bbox 620 5678 888 5748; x_wconf 63' lang='lat' dir='ltr'><strong>etfugisset</strong></span> <span class='ocrx_word' id='word_1_415' title='bbox 929 5676 1386 5747; x_wconf 75' lang='lat' dir='ltr'><strong>exprobratoriam</strong></span> <span class='ocrx_word' id='word_1_416' title='bbox 1429 5680 1571 5735; x_wconf 86' lang='lat' dir='ltr'><strong>illam</strong></span> <span class='ocrx_word' id='word_1_417' title='bbox 1616 5682 1705 5736; x_wconf 87' lang='lat' dir='ltr'><strong>Dei</strong></span> <span class='ocrx_word' id='word_1_418' title='bbox 1739 5682 1901 5736; x_wconf 85' lang='lat' dir='ltr'><strong>malc-</strong></span> 
     </span>
    </p>
   </div>
   <div class='ocr_carea' id='block_1_57' title="bbox 324 5759 1901 5844">
    <p class='ocr_par' dir='ltr' id='par_1_57' title="bbox 324 5759 1901 5844">
     <span class='ocr_line' id='line_1_57' title="bbox 324 5759 1901 5844; baseline 0.01 -34"><span class='ocrx_word' id='word_1_419' title='bbox 324 5759 636 5827; x_wconf 84' lang='lat' dir='ltr'><strong>dictionem,</strong></span> <span class='ocrx_word' id='word_1_420' title='bbox 664 5785 763 5837; x_wconf 90' lang='lat' dir='ltr'><strong>qua</strong></span> <span class='ocrx_word' id='word_1_421' title='bbox 795 5768 1079 5839; x_wconf 90' lang='lat' dir='ltr'><strong>exprobrat</strong></span> <span class='ocrx_word' id='word_1_422' title='bbox 1122 5768 1261 5837; x_wconf 89' lang='lat' dir='ltr'><strong>apud</strong></span> <span class='ocrx_word' id='word_1_423' title='bbox 1288 5768 1621 5826; x_wconf 72' lang='lat' dir='ltr'><strong>Escebielcm</strong></span> <span class='ocrx_word' id='word_1_424' title='bbox 1648 5790 1661 5826; x_wconf 89' lang='lat'>:</span> <span class='ocrx_word' id='word_1_425' title='bbox 1698 5773 1784 5828; x_wconf 74' lang='lat' dir='ltr'><strong>l&#39;a:</strong></span> <span class='ocrx_word' id='word_1_426' title='bbox 1808 5791 1901 5844; x_wconf 82' lang='lat' dir='ltr'><strong>pa-</strong></span> 
     </span>
    </p>
   </div>
   <div class='ocr_carea' id='block_1_58' title="bbox 322 5853 1902 5937">
    <p class='ocr_par' dir='ltr' id='par_1_58' title="bbox 322 5853 1902 5937">
     <span class='ocr_line' id='line_1_58' title="bbox 322 5853 1902 5937; baseline 0.013 -33"><span class='ocrx_word' id='word_1_427' title='bbox 322 5853 537 5906; x_wconf 77' lang='lat' dir='ltr'><strong>storibus</strong></span> <span class='ocrx_word' id='word_1_428' title='bbox 564 5895 576 5911; x_wconf 88' lang='lat'><strong>.</strong></span> <span class='ocrx_word' id='word_1_429' title='bbox 623 5862 709 5922; x_wconf 83' lang='lat' dir='ltr'><strong>qui</strong></span> <span class='ocrx_word' id='word_1_430' title='bbox 757 5863 950 5931; x_wconf 75' lang='lat' dir='ltr'><strong>seipsos</strong></span> <span class='ocrx_word' id='word_1_431' title='bbox 1003 5869 1249 5931; x_wconf 81' lang='lat' dir='ltr'><strong>pascunt,</strong></span> <span class='ocrx_word' id='word_1_432' title='bbox 1296 5870 1341 5915; x_wconf 78' lang='lat' dir='ltr'><strong>et</strong></span> <span class='ocrx_word' id='word_1_433' title='bbox 1386 5878 1499 5915; x_wconf 79' lang='lat' dir='ltr'><strong>oves</strong></span> <span class='ocrx_word' id='word_1_434' title='bbox 1544 5882 1646 5920; x_wconf 87' lang='lat' dir='ltr'><strong>non</strong></span> <span class='ocrx_word' id='word_1_435' title='bbox 1693 5879 1902 5937; x_wconf 85' lang='lat' dir='ltr'><strong>pascunt</strong></span> 
     </span>
    </p>
   </div>
   <div class='ocr_carea' id='block_1_59' title="bbox 324 5943 1903 6033">
    <p class='ocr_par' dir='ltr' id='par_1_59' title="bbox 324 5943 1903 6033">
     <span class='ocr_line' id='line_1_59' title="bbox 324 5943 1903 6033; baseline 0.015 -39"><span class='ocrx_word' id='word_1_436' title='bbox 324 5943 536 6008; x_wconf 71' lang='lat' dir='ltr'><strong>(Ezcrh.</strong></span> <span class='ocrx_word' id='word_1_437' title='bbox 569 5947 657 6001; x_wconf 78' lang='grc'><strong>51.</strong></span> <span class='ocrx_word' id='word_1_438' title='bbox 687 5949 784 6017; x_wconf 76' lang='lat'><strong>2)?</strong></span> <span class='ocrx_word' id='word_1_439' title='bbox 822 5955 950 6019; x_wconf 77' lang='lat' dir='ltr'><strong>Qua:</strong></span> <span class='ocrx_word' id='word_1_440' title='bbox 980 5964 1247 6011; x_wconf 85' lang='lat' dir='ltr'><strong>erraverat</strong></span> <span class='ocrx_word' id='word_1_441' title='bbox 1293 5970 1395 6009; x_wconf 88' lang='lat' dir='ltr'><strong>non</strong></span> <span class='ocrx_word' id='word_1_442' title='bbox 1429 5955 1736 6027; x_wconf 80' lang='lat' dir='ltr'><strong>reduxistis,</strong></span> <span class='ocrx_word' id='word_1_443' title='bbox 1785 5979 1903 6033; x_wconf 79' lang='lat' dir='ltr'><strong>qua:</strong></span> 
     </span>
    </p>
   </div>
   <div class='ocr_carea' id='block_1_60' title="bbox 322 6038 1894 6125">
    <p class='ocr_par' dir='ltr' id='par_1_60' title="bbox 322 6038 1894 6125">
     <span class='ocr_line' id='line_1_60' title="bbox 322 6038 1894 6125; baseline 0.014 -35"><span class='ocrx_word' id='word_1_444' title='bbox 322 6038 550 6107; x_wconf 58' lang='lat' dir='ltr'><strong>perierat</strong></span> <span class='ocrx_word' id='word_1_445' title='bbox 603 6054 709 6094; x_wconf 68' lang='lat' dir='ltr'><strong>non</strong></span> <span class='ocrx_word' id='word_1_446' title='bbox 756 6046 1089 6117; x_wconf 69' lang='lat' dir='ltr'><strong>requisistis,</strong></span> <span class='ocrx_word' id='word_1_447' title='bbox 1139 6048 1402 6106; x_wconf 83' lang='lat' dir='ltr'><strong>inﬁrmum</strong></span> <span class='ocrx_word' id='word_1_448' title='bbox 1456 6066 1561 6106; x_wconf 92' lang='lat' dir='ltr'><strong>non</strong></span> <span class='ocrx_word' id='word_1_449' title='bbox 1613 6054 1894 6125; x_wconf 80' lang='lat' dir='ltr'><strong>visitastis,</strong></span> 
     </span>
    </p>
   </div>
   <div class='ocr_carea' id='block_1_61' title="bbox 2031 759 3609 832">
    <p class='ocr_par' dir='ltr' id='par_1_61' title="bbox 2031 759 3609 832">
     <span class='ocr_line' id='line_1_61' title="bbox 2031 759 3609 832; baseline 0.001 -17"><span class='ocrx_word' id='word_1_450' title='bbox 2031 761 2318 816; x_wconf 84' lang='lat' dir='ltr'><strong>contritum</strong></span> <span class='ocrx_word' id='word_1_451' title='bbox 2361 774 2463 814; x_wconf 89' lang='lat' dir='ltr'><strong>non</strong></span> <span class='ocrx_word' id='word_1_452' title='bbox 2489 759 2792 829; x_wconf 84' lang='lat' dir='ltr'><strong>obligastis,</strong></span> <span class='ocrx_word' id='word_1_453' title='bbox 2825 768 2880 815; x_wconf 91' lang='lat' dir='ltr'><strong>et</strong></span> <span class='ocrx_word' id='word_1_454' title='bbox 2923 777 3039 826; x_wconf 71' lang='lat' dir='ltr'><strong>quite</strong></span> <span class='ocrx_word' id='word_1_455' title='bbox 3080 761 3287 832; x_wconf 82' lang='lat' dir='ltr'><strong>pinguis</strong></span> <span class='ocrx_word' id='word_1_456' title='bbox 3315 769 3461 821; x_wconf 83' lang='lat' dir='ltr'><strong>erat.</strong></span> <span class='ocrx_word' id='word_1_457' title='bbox 3490 777 3609 816; x_wconf 64' lang='lat' dir='ltr'><strong>ma»</strong></span> 
     </span>
    </p>
   </div>
   <div class='ocr_carea' id='block_1_62' title="bbox 2031 848 3609 922">
    <p class='ocr_par' dir='ltr' id='par_1_62' title="bbox 2031 848 3609 922">
     <span class='ocr_line' id='line_1_62' title="bbox 2031 848 3609 922; baseline 0.003 -16"><span class='ocrx_word' id='word_1_458' title='bbox 2031 857 2238 907; x_wconf 84' lang='lat' dir='ltr'><strong>ctantes</strong></span> <span class='ocrx_word' id='word_1_459' title='bbox 2267 848 2589 905; x_wconf 89' lang='lat' dir='ltr'><strong>comedistis.</strong></span> <span class='ocrx_word' id='word_1_460' title='bbox 2612 852 2686 907; x_wconf 89' lang='lat' dir='ltr'><strong>De</strong></span> <span class='ocrx_word' id='word_1_461' title='bbox 2712 850 2904 922; x_wconf 85' lang='lat' dir='ltr'><strong>quibus</strong></span> <span class='ocrx_word' id='word_1_462' title='bbox 2928 851 3055 907; x_wconf 87' lang='lat' dir='ltr'><strong>dicit</strong></span> <span class='ocrx_word' id='word_1_463' title='bbox 3078 851 3273 907; x_wconf 83' lang='lat' dir='ltr'><strong>Paulus</strong></span> <span class='ocrx_word' id='word_1_464' title='bbox 3306 850 3609 910; x_wconf 71' lang='lat' dir='ltr'><strong>:Sustinetis</strong></span> 
     </span>
    </p>
   </div>
   <div class='ocr_carea' id='block_1_63' title="bbox 2025 944 3614 1021">
    <p class='ocr_par' dir='ltr' id='par_1_63' title="bbox 2025 944 3614 1021">
     <span class='ocr_line' id='line_1_63' title="bbox 2025 944 3614 1021; baseline 0.008 -25"><span class='ocrx_word' id='word_1_465' title='bbox 2025 944 2166 997; x_wconf 82' lang='lat' dir='ltr'><strong>enim</strong></span> <span class='ocrx_word' id='word_1_466' title='bbox 2182 945 2229 997; x_wconf 88' lang='lat' dir='ltr'><strong>si</strong></span> <span class='ocrx_word' id='word_1_467' title='bbox 2244 946 2359 1014; x_wconf 84' lang='lat' dir='ltr'><strong>quis</strong></span> <span class='ocrx_word' id='word_1_468' title='bbox 2378 962 2464 999; x_wconf 77' lang='lat' dir='ltr'><strong>eos</strong></span> <span class='ocrx_word' id='word_1_469' title='bbox 2486 948 2539 1001; x_wconf 87' lang='lat' dir='ltr'><strong>in</strong></span> <span class='ocrx_word' id='word_1_470' title='bbox 2563 951 2867 1003; x_wconf 71' lang='lat' dir='ltr'><strong>servitutem</strong></span> <span class='ocrx_word' id='word_1_471' title='bbox 2888 949 3099 1020; x_wconf 82' lang='lat' dir='ltr'><strong>redigit,</strong></span> <span class='ocrx_word' id='word_1_472' title='bbox 3116 953 3163 1005; x_wconf 90' lang='lat' dir='ltr'><strong>si</strong></span> <span class='ocrx_word' id='word_1_473' title='bbox 3175 954 3293 1021; x_wconf 87' lang='lat' dir='ltr'><strong>quis</strong></span> <span class='ocrx_word' id='word_1_474' title='bbox 3308 953 3548 1018; x_wconf 76' lang='lat' dir='ltr'><strong>devorat,</strong></span> <span class='ocrx_word' id='word_1_475' title='bbox 3567 959 3614 1009; x_wconf 90' lang='lat' dir='ltr'><strong>si</strong></span> 
     </span>
    </p>
   </div>
   <div class='ocr_carea' id='block_1_64' title="bbox 2028 1037 3611 1114">
    <p class='ocr_par' dir='ltr' id='par_1_64' title="bbox 2028 1037 3611 1114">
     <span class='ocr_line' id='line_1_64' title="bbox 2028 1037 3611 1114; baseline 0.006 -25"><span class='ocrx_word' id='word_1_476' title='bbox 2028 1037 2146 1106; x_wconf 85' lang='lat' dir='ltr'><strong>quis</strong></span> <span class='ocrx_word' id='word_1_477' title='bbox 2171 1038 2365 1103; x_wconf 86' lang='lat' dir='ltr'><strong>accipit</strong></span> <span class='ocrx_word' id='word_1_478' title='bbox 2391 1038 2443 1107; x_wconf 71' lang='lat'><strong>(2</strong></span> <span class='ocrx_word' id='word_1_479' title='bbox 2501 1038 2625 1094; x_wconf 88' lang='lat' dir='ltr'><strong>Cor.</strong></span> <span class='ocrx_word' id='word_1_480' title='bbox 2655 1042 2742 1103; x_wconf 86' lang='grc'><strong>11,</strong></span> <span class='ocrx_word' id='word_1_481' title='bbox 2772 1040 2882 1112; x_wconf 74' lang='lat'><strong>20)</strong></span> <span class='ocrx_word' id='word_1_482' title='bbox 2908 1060 2921 1095; x_wconf 90' lang='lat'><strong>:</strong></span> <span class='ocrx_word' id='word_1_483' title='bbox 2952 1049 3005 1096; x_wconf 87' lang='lat' dir='ltr'><strong>et</strong></span> <span class='ocrx_word' id='word_1_484' title='bbox 3025 1043 3166 1099; x_wconf 89' lang='lat' dir='ltr'><strong>lanis</strong></span> <span class='ocrx_word' id='word_1_485' title='bbox 3189 1044 3406 1114; x_wconf 88' lang='lat' dir='ltr'><strong>quidem</strong></span> <span class='ocrx_word' id='word_1_486' title='bbox 3434 1045 3611 1100; x_wconf 88' lang='lat' dir='ltr'><strong>induti</strong></span> 
     </span>
    </p>
   </div>
   <div class='ocr_carea' id='block_1_65' title="bbox 2029 1129 3610 1207">
    <p class='ocr_par' dir='ltr' id='par_1_65' title="bbox 2029 1129 3610 1207">
     <span class='ocr_line' id='line_1_65' title="bbox 2029 1129 3610 1207; baseline 0.008 -24"><span class='ocrx_word' id='word_1_487' title='bbox 2029 1129 2185 1193; x_wconf 88' lang='lat' dir='ltr'><strong>estis,</strong></span> <span class='ocrx_word' id='word_1_488' title='bbox 2204 1144 2335 1184; x_wconf 91' lang='lat' dir='ltr'><strong>oves</strong></span> <span class='ocrx_word' id='word_1_489' title='bbox 2353 1141 2531 1185; x_wconf 85' lang='lat' dir='ltr'><strong>autem</strong></span> <span class='ocrx_word' id='word_1_490' title='bbox 2553 1147 2658 1186; x_wconf 91' lang='lat' dir='ltr'><strong>non</strong></span> <span class='ocrx_word' id='word_1_491' title='bbox 2676 1134 2920 1202; x_wconf 90' lang='lat' dir='ltr'><strong>pascitis.</strong></span> <span class='ocrx_word' id='word_1_492' title='bbox 2941 1134 3006 1188; x_wconf 86' lang='lat' dir='ltr'><strong>Et</strong></span> <span class='ocrx_word' id='word_1_493' title='bbox 3023 1135 3078 1189; x_wconf 92' lang='lat' dir='ltr'><strong>in</strong></span> <span class='ocrx_word' id='word_1_494' title='bbox 3092 1133 3324 1190; x_wconf 74' lang='lat' dir='ltr'><strong>Ieremia</strong></span> <span class='ocrx_word' id='word_1_495' title='bbox 3347 1138 3415 1192; x_wconf 91' lang='lat' dir='ltr'><strong>de</strong></span> <span class='ocrx_word' id='word_1_496' title='bbox 3436 1138 3610 1207; x_wconf 83' lang='lat' dir='ltr'><strong>pigris</strong></span> 
     </span>
    </p>
   </div>
   <div class='ocr_carea' id='block_1_66' title="bbox 2027 1218 3610 1295">
    <p class='ocr_par' dir='ltr' id='par_1_66' title="bbox 2027 1218 3610 1295">
     <span class='ocr_line' id='line_1_66' title="bbox 2027 1218 3610 1295; baseline 0.008 -27"><span class='ocrx_word' id='word_1_497' title='bbox 2027 1218 2343 1287; x_wconf 83' lang='lat' dir='ltr'><strong>pastoribus</strong></span> <span class='ocrx_word' id='word_1_498' title='bbox 2366 1220 2495 1274; x_wconf 89' lang='lat' dir='ltr'><strong>dicit</strong></span> <span class='ocrx_word' id='word_1_499' title='bbox 2520 1239 2533 1274; x_wconf 91' lang='lat'><strong>:</strong></span> <span class='ocrx_word' id='word_1_500' title='bbox 2561 1219 2813 1276; x_wconf 83' lang='lat' dir='ltr'><strong>Pastores</strong></span> <span class='ocrx_word' id='word_1_501' title='bbox 2848 1225 3001 1278; x_wconf 88' lang='lat' dir='ltr'><strong>multi</strong></span> <span class='ocrx_word' id='word_1_502' title='bbox 3025 1236 3375 1295; x_wconf 85' lang='lat' dir='ltr'><strong>corruperunt</strong></span> <span class='ocrx_word' id='word_1_503' title='bbox 3404 1230 3610 1282; x_wconf 83' lang='lat' dir='ltr'><strong>vineam</strong></span> 
     </span>
    </p>
   </div>
   <div class='ocr_carea' id='block_1_67' title="bbox 2029 1310 3615 1389">
    <p class='ocr_par' dir='ltr' id='par_1_67' title="bbox 2029 1310 3615 1389">
     <span class='ocr_line' id='line_1_67' title="bbox 2029 1310 3615 1389; baseline 0.005 -25"><span class='ocrx_word' id='word_1_504' title='bbox 2029 1311 2158 1364; x_wconf 77' lang='lat' dir='ltr'><strong>mihi</strong></span> <span class='ocrx_word' id='word_1_505' title='bbox 2177 1310 2311 1382; x_wconf 87' lang='lat' dir='ltr'><strong>(Jer.</strong></span> <span class='ocrx_word' id='word_1_506' title='bbox 2338 1313 2421 1372; x_wconf 72' lang='lat'><strong>12.</strong></span> <span class='ocrx_word' id='word_1_507' title='bbox 2444 1314 2510 1367; x_wconf 79' lang='grc'><strong>10</strong></span> <span class='ocrx_word' id='word_1_508' title='bbox 2530 1312 2568 1383; x_wconf 91' lang='grc'>).</span> <span class='ocrx_word' id='word_1_509' title='bbox 2585 1313 2675 1366; x_wconf 76' lang='lat' dir='ltr'><strong>Ait</strong></span> <span class='ocrx_word' id='word_1_510' title='bbox 2693 1312 2847 1370; x_wconf 77' lang='lat' dir='ltr'><strong>Duc.</strong></span> <span class='ocrx_word' id='word_1_511' title='bbox 2868 1314 3088 1370; x_wconf 85' lang='lat' dir='ltr'><strong>Poterat</strong></span> <span class='ocrx_word' id='word_1_512' title='bbox 3106 1333 3201 1374; x_wconf 89' lang='lat' dir='ltr'><strong>eos</strong></span> <span class='ocrx_word' id='word_1_513' title='bbox 3223 1333 3444 1389; x_wconf 89' lang='lat' dir='ltr'><strong>quoque</strong></span> <span class='ocrx_word' id='word_1_514' title='bbox 3464 1329 3615 1372; x_wconf 89' lang='lat' dir='ltr'><strong>certo</strong></span> 
     </span>
    </p>
   </div>
   <div class='ocr_carea' id='block_1_68' title="bbox 2029 1406 3616 1474">
    <p class='ocr_par' dir='ltr' id='par_1_68' title="bbox 2029 1406 3616 1474">
     <span class='ocr_line' id='line_1_68' title="bbox 2029 1406 3616 1474; baseline 0.003 -17"><span class='ocrx_word' id='word_1_515' title='bbox 2029 1414 2273 1474; x_wconf 90' lang='lat' dir='ltr'><strong>tempore</strong></span> <span class='ocrx_word' id='word_1_516' title='bbox 2293 1420 2508 1471; x_wconf 85' lang='lat' dir='ltr'><strong>curare,</strong></span> <span class='ocrx_word' id='word_1_517' title='bbox 2528 1414 2581 1460; x_wconf 89' lang='lat' dir='ltr'><strong>et</strong></span> <span class='ocrx_word' id='word_1_518' title='bbox 2595 1406 3096 1462; x_wconf 72' lang='lat' dir='ltr'><strong>ecclesiasticarum</strong></span> <span class='ocrx_word' id='word_1_519' title='bbox 3115 1424 3295 1463; x_wconf 89' lang='lat' dir='ltr'><strong>rerum</strong></span> <span class='ocrx_word' id='word_1_520' title='bbox 3313 1423 3502 1463; x_wconf 81' lang='lat' dir='ltr'><strong>curam</strong></span> <span class='ocrx_word' id='word_1_521' title='bbox 3523 1409 3616 1461; x_wconf 83' lang='lat' dir='ltr'><strong>ha-</strong></span> 
     </span>
    </p>
   </div>
   <div class='ocr_carea' id='block_1_69' title="bbox 2032 1491 3610 1565">
    <p class='ocr_par' dir='ltr' id='par_1_69' title="bbox 2032 1491 3610 1565">
     <span class='ocr_line' id='line_1_69' title="bbox 2032 1491 3610 1565; baseline 0.006 -22"><span class='ocrx_word' id='word_1_522' title='bbox 2032 1491 2157 1546; x_wconf 90' lang='lat' dir='ltr'><strong>bere</strong></span> <span class='ocrx_word' id='word_1_523' title='bbox 2175 1534 2188 1553; x_wconf 91' lang='lat'><strong>,</strong></span> <span class='ocrx_word' id='word_1_524' title='bbox 2215 1508 2284 1547; x_wconf 92' lang='lat' dir='ltr'><strong>ne</strong></span> <span class='ocrx_word' id='word_1_525' title='bbox 2312 1493 2365 1546; x_wconf 89' lang='lat' dir='ltr'><strong>in</strong></span> <span class='ocrx_word' id='word_1_526' title='bbox 2385 1508 2450 1547; x_wconf 89' lang='lat' dir='ltr'><strong>eo</strong></span> <span class='ocrx_word' id='word_1_527' title='bbox 2472 1494 2612 1547; x_wconf 91' lang='lat' dir='ltr'><strong>male</strong></span> <span class='ocrx_word' id='word_1_528' title='bbox 2635 1494 2827 1550; x_wconf 85' lang='lat' dir='ltr'><strong>audire</strong></span> <span class='ocrx_word' id='word_1_529' title='bbox 2858 1495 3159 1557; x_wconf 89' lang='lat' dir='ltr'><strong>videretur,</strong></span> <span class='ocrx_word' id='word_1_530' title='bbox 3187 1496 3280 1565; x_wconf 91' lang='lat' dir='ltr'><strong>qui</strong></span> <span class='ocrx_word' id='word_1_531' title='bbox 3311 1498 3365 1549; x_wconf 93' lang='lat' dir='ltr'><strong>in</strong></span> <span class='ocrx_word' id='word_1_532' title='bbox 3394 1498 3610 1552; x_wconf 72' lang='lat' dir='ltr'><strong>ca&#39;teris</strong></span> 
     </span>
    </p>
   </div>
   <div class='ocr_carea' id='block_1_70' title="bbox 2030 1580 3610 1654">
    <p class='ocr_par' dir='ltr' id='par_1_70' title="bbox 2030 1580 3610 1654">
     <span class='ocr_line' id='line_1_70' title="bbox 2030 1580 3610 1654; baseline 0.003 -21"><span class='ocrx_word' id='word_1_533' title='bbox 2030 1594 2260 1650; x_wconf 90' lang='lat' dir='ltr'><strong>magnus</strong></span> <span class='ocrx_word' id='word_1_534' title='bbox 2278 1590 2417 1635; x_wconf 90' lang='lat' dir='ltr'><strong>erat.</strong></span> <span class='ocrx_word' id='word_1_535' title='bbox 2435 1580 2608 1638; x_wconf 73' lang='lat' dir='ltr'><strong>Briso.</strong></span> <span class='ocrx_word' id='word_1_536' title='bbox 2626 1581 2739 1637; x_wconf 87' lang='lat' dir='ltr'><strong>lloc</strong></span> <span class='ocrx_word' id='word_1_537' title='bbox 2759 1600 2951 1654; x_wconf 89' lang='lat' dir='ltr'><strong>nempe</strong></span> <span class='ocrx_word' id='word_1_538' title='bbox 2967 1592 3073 1650; x_wconf 87' lang='lat' dir='ltr'><strong>est,</strong></span> <span class='ocrx_word' id='word_1_539' title='bbox 3088 1584 3231 1654; x_wconf 80' lang='grc' dir='ltr'><strong>(μιοά</strong></span> <span class='ocrx_word' id='word_1_540' title='bbox 3256 1584 3308 1637; x_wconf 93' lang='lat' dir='ltr'><strong>in</strong></span> <span class='ocrx_word' id='word_1_541' title='bbox 3323 1584 3610 1638; x_wconf 86' lang='lat' dir='ltr'><strong>sacerdote</strong></span> 
     </span>
    </p>
   </div>
   <div class='ocr_carea' id='block_1_71' title="bbox 2031 1673 3609 1746">
    <p class='ocr_par' dir='ltr' id='par_1_71' title="bbox 2031 1673 3609 1746">
     <span class='ocr_line' id='line_1_71' title="bbox 2031 1673 3609 1746; baseline 0.003 -22"><span class='ocrx_word' id='word_1_542' title='bbox 2031 1673 2347 1742; x_wconf 89' lang='lat' dir='ltr'><strong>requiritur,</strong></span> <span class='ocrx_word' id='word_1_543' title='bbox 2364 1673 2550 1729; x_wconf 86' lang='lat' dir='ltr'><strong>videre</strong></span> <span class='ocrx_word' id='word_1_544' title='bbox 2572 1690 2640 1729; x_wconf 91' lang='lat' dir='ltr'><strong>ne</strong></span> <span class='ocrx_word' id='word_1_545' title='bbox 2658 1677 2799 1730; x_wconf 89' lang='lat' dir='ltr'><strong>male</strong></span> <span class='ocrx_word' id='word_1_546' title='bbox 2817 1676 3027 1739; x_wconf 89' lang='lat' dir='ltr'><strong>audiat,</strong></span> <span class='ocrx_word' id='word_1_547' title='bbox 3045 1692 3139 1731; x_wconf 91' lang='lat' dir='ltr'><strong>seu</strong></span> <span class='ocrx_word' id='word_1_548' title='bbox 3156 1678 3337 1746; x_wconf 88' lang='lat' dir='ltr'><strong>potius</strong></span> <span class='ocrx_word' id='word_1_549' title='bbox 3360 1683 3421 1728; x_wconf 91' lang='lat' dir='ltr'><strong>ut</strong></span> <span class='ocrx_word' id='word_1_550' title='bbox 3437 1675 3609 1746; x_wconf 86' lang='lat' dir='ltr'><strong>largi-</strong></span> 
     </span>
    </p>
   </div>
   <div class='ocr_carea' id='block_1_72' title="bbox 2030 1766 3607 1839">
    <p class='ocr_par' dir='ltr' id='par_1_72' title="bbox 2030 1766 3607 1839">
     <span class='ocr_line' id='line_1_72' title="bbox 2030 1766 3607 1839; baseline 0.004 -23"><span class='ocrx_word' id='word_1_551' title='bbox 2030 1770 2112 1817; x_wconf 91' lang='lat' dir='ltr'><strong>ter</strong></span> <span class='ocrx_word' id='word_1_552' title='bbox 2129 1778 2435 1817; x_wconf 82' lang='lat' dir='ltr'><strong>sermonem</strong></span> <span class='ocrx_word' id='word_1_553' title='bbox 2450 1766 2704 1833; x_wconf 70' lang='lat' dir='ltr'><strong>praebeat,</strong></span> <span class='ocrx_word' id='word_1_554' title='bbox 2724 1769 3141 1834; x_wconf 80' lang='lat' dir='ltr'><strong>curam,zelum,</strong></span> <span class='ocrx_word' id='word_1_555' title='bbox 3159 1780 3320 1837; x_wconf 88' lang='lat' dir='ltr'><strong>atque</strong></span> <span class='ocrx_word' id='word_1_556' title='bbox 3334 1769 3607 1839; x_wconf 90' lang='lat' dir='ltr'><strong>reliquum</strong></span> 
     </span>
    </p>
   </div>
   <div class='ocr_carea' id='block_1_73' title="bbox 2033 1854 3613 1933">
    <p class='ocr_par' dir='ltr' id='par_1_73' title="bbox 2033 1854 3613 1933">
     <span class='ocr_line' id='line_1_73' title="bbox 2033 1854 3613 1933; baseline 0.012 -28"><span class='ocrx_word' id='word_1_557' title='bbox 2033 1854 2415 1911; x_wconf 87' lang='lat' dir='ltr'><strong>sacerdotalem</strong></span> <span class='ocrx_word' id='word_1_558' title='bbox 2446 1859 2713 1915; x_wconf 66' lang='lat' dir='ltr'><strong>affectum.</strong></span> <span class='ocrx_word' id='word_1_559' title='bbox 2738 1862 2816 1916; x_wconf 84' lang='lat' dir='ltr'><strong>An</strong></span> <span class='ocrx_word' id='word_1_560' title='bbox 2849 1863 3082 1933; x_wconf 83' lang='lat' dir='ltr'><strong>ignoras,</strong></span> <span class='ocrx_word' id='word_1_561' title='bbox 3112 1867 3414 1922; x_wconf 87' lang='lat' dir='ltr'><strong>venerande</strong></span> <span class='ocrx_word' id='word_1_562' title='bbox 3438 1868 3613 1924; x_wconf 87' lang='lat' dir='ltr'><strong>Theo-</strong></span> 
     </span>
    </p>
   </div>
   <div class='ocr_carea' id='block_1_74' title="bbox 2032 1944 3612 2016">
    <p class='ocr_par' dir='ltr' id='par_1_74' title="bbox 2032 1944 3612 2016">
     <span class='ocr_line' id='line_1_74' title="bbox 2032 1944 3612 2016; baseline 0.01 -17"><span class='ocrx_word' id='word_1_563' title='bbox 2032 1944 2183 2011; x_wconf 87' lang='lat' dir='ltr'><strong>dore,</strong></span> <span class='ocrx_word' id='word_1_564' title='bbox 2220 1947 2417 2016; x_wconf 90' lang='lat' dir='ltr'><strong>injusto</strong></span> <span class='ocrx_word' id='word_1_565' title='bbox 2453 1950 2734 2006; x_wconf 87' lang='lat' dir='ltr'><strong>maledicto</strong></span> <span class='ocrx_word' id='word_1_566' title='bbox 2756 1953 3137 2011; x_wconf 87' lang='lat' dir='ltr'><strong>beatitudinem</strong></span> <span class='ocrx_word' id='word_1_567' title='bbox 3168 1972 3197 2009; x_wconf 92' lang='lat' dir='ltr'><strong>a</strong></span> <span class='ocrx_word' id='word_1_568' title='bbox 3229 1957 3455 2012; x_wconf 90' lang='lat' dir='ltr'><strong>Domino</strong></span> <span class='ocrx_word' id='word_1_569' title='bbox 3480 1959 3612 2015; x_wconf 87' lang='lat' dir='ltr'><strong>deﬁ-</strong></span> 
     </span>
    </p>
   </div>
   <div class='ocr_carea' id='block_1_75' title="bbox 2032 2038 3609 2119">
    <p class='ocr_par' dir='ltr' id='par_1_75' title="bbox 2032 2038 3609 2119">
     <span class='ocr_line' id='line_1_75' title="bbox 2032 2038 3609 2119; baseline 0.008 -27"><span class='ocrx_word' id='word_1_570' title='bbox 2032 2038 2220 2100; x_wconf 88' lang='lat' dir='ltr'><strong>nitam.</strong></span> <span class='ocrx_word' id='word_1_571' title='bbox 2246 2041 2334 2110; x_wconf 89' lang='lat' dir='ltr'><strong>qui</strong></span> <span class='ocrx_word' id='word_1_572' title='bbox 2359 2055 2479 2096; x_wconf 92' lang='lat' dir='ltr'><strong>cum</strong></span> <span class='ocrx_word' id='word_1_573' title='bbox 2506 2043 2624 2097; x_wconf 89' lang='lat' dir='ltr'><strong>aliis</strong></span> <span class='ocrx_word' id='word_1_574' title='bbox 2648 2043 3101 2102; x_wconf 89' lang='lat' dir='ltr'><strong>benedictionibus</strong></span> <span class='ocrx_word' id='word_1_575' title='bbox 3117 2048 3249 2103; x_wconf 91' lang='lat' dir='ltr'><strong>dixit</strong></span> <span class='ocrx_word' id='word_1_576' title='bbox 3270 2048 3444 2104; x_wconf 88' lang='lat' dir='ltr'><strong>:Beati</strong></span> <span class='ocrx_word' id='word_1_577' title='bbox 3468 2054 3609 2119; x_wconf 86' lang='lat' dir='ltr'><strong>estis,</strong></span> 
     </span>
    </p>
   </div>
   <div class='ocr_carea' id='block_1_76' title="bbox 2031 2132 3607 2202">
    <p class='ocr_par' dir='ltr' id='par_1_76' title="bbox 2031 2132 3607 2202">
     <span class='ocr_line' id='line_1_76' title="bbox 2031 2132 3607 2202; baseline 0.01 -21"><span class='ocrx_word' id='word_1_578' title='bbox 2031 2145 2143 2182; x_wconf 84' lang='lat' dir='ltr'><strong>cunt</strong></span> <span class='ocrx_word' id='word_1_579' title='bbox 2170 2132 2307 2184; x_wconf 79' lang='lat' dir='ltr'><strong>vobis</strong></span> <span class='ocrx_word' id='word_1_580' title='bbox 2331 2133 2769 2202; x_wconf 74' lang='lat' dir='ltr'><strong>exprobraverint,</strong></span> <span class='ocrx_word' id='word_1_581' title='bbox 2794 2145 2840 2189; x_wconf 87' lang='lat' dir='ltr'><strong>et</strong></span> <span class='ocrx_word' id='word_1_582' title='bbox 2869 2137 3085 2192; x_wconf 77' lang='lat' dir='ltr'><strong>dixerint</strong></span> <span class='ocrx_word' id='word_1_583' title='bbox 3111 2156 3258 2194; x_wconf 88' lang='lat' dir='ltr'><strong>omne</strong></span> <span class='ocrx_word' id='word_1_584' title='bbox 3284 2143 3607 2197; x_wconf 88' lang='lat' dir='ltr'><strong>maledictunt</strong></span> 
     </span>
    </p>
   </div>
   <div class='ocr_carea' id='block_1_77' title="bbox 2031 2222 3612 2302">
    <p class='ocr_par' dir='ltr' id='par_1_77' title="bbox 2031 2222 3612 2302">
     <span class='ocr_line' id='line_1_77' title="bbox 2031 2222 3612 2302; baseline 0.011 -30"><span class='ocrx_word' id='word_1_585' title='bbox 2031 2222 2267 2275; x_wconf 82' lang='lat' dir='ltr'><strong>adrersus</strong></span> <span class='ocrx_word' id='word_1_586' title='bbox 2284 2240 2365 2277; x_wconf 85' lang='lat' dir='ltr'><strong>vos</strong></span> <span class='ocrx_word' id='word_1_587' title='bbox 2379 2223 2591 2293; x_wconf 88' lang='lat' dir='ltr'><strong>(Matth.</strong></span> <span class='ocrx_word' id='word_1_588' title='bbox 2607 2227 2693 2282; x_wconf 66' lang='lat'><strong>5.!</strong></span> <span class='ocrx_word' id='word_1_589' title='bbox 2711 2228 2780 2299; x_wconf 82' lang='lat' dir='ltr'><strong>l).</strong></span> <span class='ocrx_word' id='word_1_590' title='bbox 2801 2226 2891 2283; x_wconf 68' lang='lat' dir='ltr'><strong>Va!</strong></span> <span class='ocrx_word' id='word_1_591' title='bbox 2902 2240 3070 2284; x_wconf 90' lang='lat' dir='ltr'><strong>autem</strong></span> <span class='ocrx_word' id='word_1_592' title='bbox 3085 2231 3240 2298; x_wconf 82' lang='lat' dir='ltr'><strong>vobis,</strong></span> <span class='ocrx_word' id='word_1_593' title='bbox 3256 2235 3456 2302; x_wconf 86' lang='lat' dir='ltr'><strong>quando</strong></span> <span class='ocrx_word' id='word_1_594' title='bbox 3477 2237 3612 2290; x_wconf 81' lang='lat' dir='ltr'><strong>vobis</strong></span> 
     </span>
    </p>
   </div>
   <div class='ocr_carea' id='block_1_78' title="bbox 2033 2312 3612 2397">
    <p class='ocr_par' dir='ltr' id='par_1_78' title="bbox 2033 2312 3612 2397">
     <span class='ocr_line' id='line_1_78' title="bbox 2033 2312 3612 2397; baseline 0.012 -34"><span class='ocrx_word' id='word_1_595' title='bbox 2033 2312 2371 2368; x_wconf 70' lang='lat' dir='ltr'><strong>benedixerint</strong></span> <span class='ocrx_word' id='word_1_596' title='bbox 2406 2332 2577 2371; x_wconf 82' lang='lat' dir='ltr'><strong>omnes</strong></span> <span class='ocrx_word' id='word_1_597' title='bbox 2602 2318 2827 2373; x_wconf 83' lang='lat' dir='ltr'><strong>homines</strong></span> <span class='ocrx_word' id='word_1_598' title='bbox 2850 2337 2869 2374; x_wconf 89' lang='lat'><strong><em>:</em></strong></span> <span class='ocrx_word' id='word_1_599' title='bbox 2894 2324 3168 2376; x_wconf 76' lang='lat' dir='ltr'><strong>secundum</strong></span> <span class='ocrx_word' id='word_1_600' title='bbox 3206 2325 3337 2378; x_wconf 87' lang='lat' dir='ltr'><strong>enim</strong></span> <span class='ocrx_word' id='word_1_601' title='bbox 3366 2344 3426 2380; x_wconf 86' lang='lat' dir='ltr'><strong>ea</strong></span> <span class='ocrx_word' id='word_1_602' title='bbox 3450 2328 3612 2397; x_wconf 81' lang='lat' dir='ltr'><strong>facie-</strong></span> 
     </span>
    </p>
   </div>
   <div class='ocr_carea' id='block_1_79' title="bbox 2034 2404 3606 2486">
    <p class='ocr_par' dir='ltr' id='par_1_79' title="bbox 2034 2404 3606 2486">
     <span class='ocr_line' id='line_1_79' title="bbox 2034 2404 3606 2486; baseline 0.011 -31"><span class='ocrx_word' id='word_1_603' title='bbox 2034 2404 2150 2456; x_wconf 83' lang='lat' dir='ltr'><strong>bant</strong></span> <span class='ocrx_word' id='word_1_604' title='bbox 2178 2406 2436 2475; x_wconf 84' lang='lat' dir='ltr'><strong>prophetis</strong></span> <span class='ocrx_word' id='word_1_605' title='bbox 2466 2419 2633 2477; x_wconf 85' lang='lat' dir='ltr'><strong>patres</strong></span> <span class='ocrx_word' id='word_1_606' title='bbox 2672 2426 2848 2464; x_wconf 89' lang='lat' dir='ltr'><strong>eorum</strong></span> <span class='ocrx_word' id='word_1_607' title='bbox 2891 2411 3042 2482; x_wconf 87' lang='lat' dir='ltr'><strong>(Luc.</strong></span> <span class='ocrx_word' id='word_1_608' title='bbox 3075 2414 3123 2469; x_wconf 90' lang='lat'><strong>6.</strong></span> <span class='ocrx_word' id='word_1_609' title='bbox 3161 2414 3278 2486; x_wconf 71' lang='lat'><strong>26).</strong></span> <span class='ocrx_word' id='word_1_610' title='bbox 3320 2416 3606 2484; x_wconf 85' lang='lat' dir='ltr'><strong>Quomodo</strong></span> 
     </span>
    </p>
   </div>
   <div class='ocr_carea' id='block_1_80' title="bbox 2031 2497 3613 2570">
    <p class='ocr_par' dir='ltr' id='par_1_80' title="bbox 2031 2497 3613 2570">
     <span class='ocr_line' id='line_1_80' title="bbox 2031 2497 3613 2570; baseline 0.011 -23"><span class='ocrx_word' id='word_1_611' title='bbox 2031 2504 2212 2549; x_wconf 91' lang='lat' dir='ltr'><strong>autem</strong></span> <span class='ocrx_word' id='word_1_612' title='bbox 2236 2510 2298 2549; x_wconf 90' lang='lat' dir='ltr'><strong>os</strong></span> <span class='ocrx_word' id='word_1_613' title='bbox 2328 2498 2380 2550; x_wconf 93' lang='lat' dir='ltr'><strong>in</strong></span> <span class='ocrx_word' id='word_1_614' title='bbox 2406 2497 2600 2554; x_wconf 90' lang='lat' dir='ltr'><strong>divinis</strong></span> <span class='ocrx_word' id='word_1_615' title='bbox 2628 2501 2856 2570; x_wconf 89' lang='lat' dir='ltr'><strong>eloquiis</strong></span> <span class='ocrx_word' id='word_1_616' title='bbox 2879 2505 3247 2569; x_wconf 86' lang='lat' dir='ltr'><strong>exercitatum,</strong></span> <span class='ocrx_word' id='word_1_617' title='bbox 3280 2516 3335 2561; x_wconf 92' lang='lat' dir='ltr'><strong>et</strong></span> <span class='ocrx_word' id='word_1_618' title='bbox 3360 2509 3505 2564; x_wconf 88' lang='lat' dir='ltr'><strong>auris</strong></span> <span class='ocrx_word' id='word_1_619' title='bbox 3532 2510 3613 2565; x_wconf 89' lang='lat' dir='ltr'><strong>di-</strong></span> 
     </span>
    </p>
   </div>
   <div class='ocr_carea' id='block_1_81' title="bbox 2030 2585 3612 2667">
    <p class='ocr_par' dir='ltr' id='par_1_81' title="bbox 2030 2585 3612 2667">
     <span class='ocr_line' id='line_1_81' title="bbox 2030 2585 3612 2667; baseline 0.012 -30"><span class='ocrx_word' id='word_1_620' title='bbox 2030 2585 2152 2639; x_wconf 86' lang='lat' dir='ltr'><strong>vina</strong></span> <span class='ocrx_word' id='word_1_621' title='bbox 2182 2587 2396 2642; x_wconf 88' lang='lat' dir='ltr'><strong>oracula</strong></span> <span class='ocrx_word' id='word_1_622' title='bbox 2430 2588 2614 2644; x_wconf 89' lang='lat' dir='ltr'><strong>audire</strong></span> <span class='ocrx_word' id='word_1_623' title='bbox 2640 2600 2872 2655; x_wconf 88' lang='lat' dir='ltr'><strong>assueta,</strong></span> <span class='ocrx_word' id='word_1_624' title='bbox 2899 2608 3099 2649; x_wconf 72' lang='lat' dir='ltr'><strong>mensa:</strong></span> <span class='ocrx_word' id='word_1_625' title='bbox 3128 2595 3498 2667; x_wconf 86' lang='lat' dir='ltr'><strong>loquacitatem</strong></span> <span class='ocrx_word' id='word_1_626' title='bbox 3528 2611 3612 2656; x_wconf 85' lang='lat' dir='ltr'><strong>to-</strong></span> 
     </span>
    </p>
   </div>
   <div class='ocr_carea' id='block_1_82' title="bbox 2030 2676 3609 2755">
    <p class='ocr_par' dir='ltr' id='par_1_82' title="bbox 2030 2676 3609 2755">
     <span class='ocr_line' id='line_1_82' title="bbox 2030 2676 3609 2755; baseline 0.009 -25"><span class='ocrx_word' id='word_1_627' title='bbox 2030 2676 2276 2743; x_wconf 90' lang='lat' dir='ltr'><strong>lerassct,</strong></span> <span class='ocrx_word' id='word_1_628' title='bbox 2311 2677 2538 2734; x_wconf 90' lang='lat' dir='ltr'><strong>Domino</strong></span> <span class='ocrx_word' id='word_1_629' title='bbox 2564 2678 2773 2736; x_wconf 87' lang='lat' dir='ltr'><strong>dicente</strong></span> <span class='ocrx_word' id='word_1_630' title='bbox 2798 2701 2811 2736; x_wconf 92' lang='lat'><strong>:</strong></span> <span class='ocrx_word' id='word_1_631' title='bbox 2846 2681 3012 2738; x_wconf 84' lang='lat' dir='ltr'><strong>Nemo</strong></span> <span class='ocrx_word' id='word_1_632' title='bbox 3036 2694 3197 2755; x_wconf 87' lang='lat' dir='ltr'><strong>potest</strong></span> <span class='ocrx_word' id='word_1_633' title='bbox 3226 2687 3421 2744; x_wconf 86' lang='lat' dir='ltr'><strong>duobus</strong></span> <span class='ocrx_word' id='word_1_634' title='bbox 3444 2690 3609 2744; x_wconf 87' lang='lat' dir='ltr'><strong>domi-</strong></span> 
     </span>
    </p>
   </div>
   <div class='ocr_carea' id='block_1_83' title="bbox 2029 2768 3609 2845">
    <p class='ocr_par' dir='ltr' id='par_1_83' title="bbox 2029 2768 3609 2845">
     <span class='ocr_line' id='line_1_83' title="bbox 2029 2768 3609 2845; baseline 0.011 -24"><span class='ocrx_word' id='word_1_635' title='bbox 2029 2768 2109 2821; x_wconf 88' lang='lat' dir='ltr'><strong>nis</strong></span> <span class='ocrx_word' id='word_1_636' title='bbox 2148 2770 2368 2834; x_wconf 70' lang='lat' dir='ltr'><strong>sentire;</strong></span> <span class='ocrx_word' id='word_1_637' title='bbox 2394 2770 2622 2838; x_wconf 89' lang='lat' dir='ltr'><strong>deinde,</strong></span> <span class='ocrx_word' id='word_1_638' title='bbox 2668 2774 2790 2829; x_wconf 84' lang='lat' dir='ltr'><strong>Non</strong></span> <span class='ocrx_word' id='word_1_639' title='bbox 2817 2778 3020 2845; x_wconf 84' lang='lat' dir='ltr'><strong>potestis</strong></span> <span class='ocrx_word' id='word_1_640' title='bbox 3055 2777 3163 2833; x_wconf 85' lang='lat' dir='ltr'><strong>Deo</strong></span> <span class='ocrx_word' id='word_1_641' title='bbox 3205 2782 3389 2835; x_wconf 74' lang='lat' dir='ltr'><strong>servire</strong></span> <span class='ocrx_word' id='word_1_642' title='bbox 3415 2793 3462 2836; x_wconf 89' lang='lat' dir='ltr'><strong>et</strong></span> <span class='ocrx_word' id='word_1_643' title='bbox 3498 2802 3609 2838; x_wconf 86' lang='lat' dir='ltr'><strong>ma-</strong></span> 
     </span>
    </p>
   </div>
   <div class='ocr_carea' id='block_1_84' title="bbox 2028 2861 3611 2943">
    <p class='ocr_par' dir='ltr' id='par_1_84' title="bbox 2028 2861 3611 2943">
     <span class='ocr_line' id='line_1_84' title="bbox 2028 2861 3611 2943; baseline 0.011 -31"><span class='ocrx_word' id='word_1_644' title='bbox 2028 2876 2191 2914; x_wconf 69' lang='lat' dir='ltr'><strong>monae</strong></span> <span class='ocrx_word' id='word_1_645' title='bbox 2239 2861 2454 2931; x_wconf 86' lang='lat' dir='ltr'><strong>(Matth.</strong></span> <span class='ocrx_word' id='word_1_646' title='bbox 2502 2864 2555 2919; x_wconf 87' lang='lat'><strong>6.</strong></span> <span class='ocrx_word' id='word_1_647' title='bbox 2606 2864 2742 2936; x_wconf 62' lang='grc' dir='ltr'><strong>ευρ</strong></span> <span class='ocrx_word' id='word_1_648' title='bbox 2788 2866 3104 2933; x_wconf 70' lang='lat' dir='ltr'><strong>Qumramus</strong></span> <span class='ocrx_word' id='word_1_649' title='bbox 3158 2871 3317 2940; x_wconf 80' lang='lat' dir='ltr'><strong>igitur</strong></span> <span class='ocrx_word' id='word_1_650' title='bbox 3360 2874 3486 2943; x_wconf 89' lang='lat' dir='ltr'><strong>quid</strong></span> <span class='ocrx_word' id='word_1_651' title='bbox 3540 2877 3611 2929; x_wconf 88' lang='lat' dir='ltr'><strong>sit</strong></span> 
     </span>
    </p>
   </div>
   <div class='ocr_carea' id='block_1_85' title="bbox 2030 2952 3609 3019">
    <p class='ocr_par' dir='ltr' id='par_1_85' title="bbox 2030 2952 3609 3019">
     <span class='ocr_line' id='line_1_85' title="bbox 2030 2952 3609 3019; baseline 0.01 -16"><span class='ocrx_word' id='word_1_652' title='bbox 2030 2965 2307 3015; x_wconf 89' lang='lat' dir='ltr'><strong>mamona,</strong></span> <span class='ocrx_word' id='word_1_653' title='bbox 2337 2969 2403 3008; x_wconf 92' lang='lat' dir='ltr'><strong>ne</strong></span> <span class='ocrx_word' id='word_1_654' title='bbox 2433 2952 2567 3010; x_wconf 80' lang='lat' dir='ltr'><strong>forte</strong></span> <span class='ocrx_word' id='word_1_655' title='bbox 2612 2956 2945 3013; x_wconf 82' lang='lat' dir='ltr'><strong>inveniamur</strong></span> <span class='ocrx_word' id='word_1_656' title='bbox 2986 2976 3095 3015; x_wconf 92' lang='lat' dir='ltr'><strong>non</strong></span> <span class='ocrx_word' id='word_1_657' title='bbox 3126 2963 3335 3017; x_wconf 86' lang='lat' dir='ltr'><strong>duobus</strong></span> <span class='ocrx_word' id='word_1_658' title='bbox 3379 2965 3609 3019; x_wconf 84' lang='lat' dir='ltr'><strong>dominis</strong></span> 
     </span>
    </p>
   </div>
   <div class='ocr_carea' id='block_1_86' title="bbox 2029 3041 3611 3112">
    <p class='ocr_par' dir='ltr' id='par_1_86' title="bbox 2029 3041 3611 3112">
     <span class='ocr_line' id='line_1_86' title="bbox 2029 3041 3611 3112; baseline 0.011 -18"><span class='ocrx_word' id='word_1_659' title='bbox 2029 3041 2263 3109; x_wconf 87' lang='lat' dir='ltr'><strong>servire,</strong></span> <span class='ocrx_word' id='word_1_660' title='bbox 2318 3044 2409 3098; x_wconf 85' lang='lat' dir='ltr'><strong>sed</strong></span> <span class='ocrx_word' id='word_1_661' title='bbox 2452 3046 2549 3099; x_wconf 89' lang='lat' dir='ltr'><strong>soli</strong></span> <span class='ocrx_word' id='word_1_662' title='bbox 2596 3062 2876 3103; x_wconf 71' lang='lat' dir='ltr'><strong>mamonae.</strong></span> <span class='ocrx_word' id='word_1_663' title='bbox 2929 3049 3228 3106; x_wconf 80' lang='lat' dir='ltr'><strong>Mamonam</strong></span> <span class='ocrx_word' id='word_1_664' title='bbox 3282 3058 3427 3109; x_wconf 91' lang='lat' dir='ltr'><strong>enim</strong></span> <span class='ocrx_word' id='word_1_665' title='bbox 3470 3073 3611 3112; x_wconf 87' lang='lat' dir='ltr'><strong>nunc.</strong></span> 
     </span>
    </p>
   </div>
   <div class='ocr_carea' id='block_1_87' title="bbox 2030 3134 3610 3213">
    <p class='ocr_par' dir='ltr' id='par_1_87' title="bbox 2030 3134 3610 3213">
     <span class='ocr_line' id='line_1_87' title="bbox 2030 3134 3610 3213; baseline 0.01 -24"><span class='ocrx_word' id='word_1_666' title='bbox 2030 3149 2140 3189; x_wconf 89' lang='lat' dir='ltr'><strong>non</strong></span> <span class='ocrx_word' id='word_1_667' title='bbox 2169 3134 2438 3190; x_wconf 87' lang='lat' dir='ltr'><strong>diabolum</strong></span> <span class='ocrx_word' id='word_1_668' title='bbox 2474 3138 2624 3204; x_wconf 88' lang='lat' dir='ltr'><strong>dicit,</strong></span> <span class='ocrx_word' id='word_1_669' title='bbox 2656 3140 2752 3194; x_wconf 90' lang='lat' dir='ltr'><strong>sed</strong></span> <span class='ocrx_word' id='word_1_670' title='bbox 2779 3142 2961 3196; x_wconf 89' lang='lat' dir='ltr'><strong>mundi</strong></span> <span class='ocrx_word' id='word_1_671' title='bbox 3013 3143 3170 3213; x_wconf 87' lang='lat' dir='ltr'><strong>hujus</strong></span> <span class='ocrx_word' id='word_1_672' title='bbox 3212 3146 3423 3202; x_wconf 90' lang='lat' dir='ltr'><strong>inanem</strong></span> <span class='ocrx_word' id='word_1_673' title='bbox 3466 3149 3610 3205; x_wconf 85' lang='lat' dir='ltr'><strong>labo-</strong></span> 
     </span>
    </p>
   </div>
   <div class='ocr_carea' id='block_1_88' title="bbox 2026 3230 3602 3301">
    <p class='ocr_par' dir='ltr' id='par_1_88' title="bbox 2026 3230 3602 3301">
     <span class='ocr_line' id='line_1_88' title="bbox 2026 3230 3602 3301; baseline 0.01 -19"><span class='ocrx_word' id='word_1_674' title='bbox 2026 3244 2159 3293; x_wconf 90' lang='lat' dir='ltr'><strong>rem,</strong></span> <span class='ocrx_word' id='word_1_675' title='bbox 2193 3244 2221 3282; x_wconf 89' lang='lat' dir='ltr'><strong>a</strong></span> <span class='ocrx_word' id='word_1_676' title='bbox 2249 3244 2357 3299; x_wconf 91' lang='lat' dir='ltr'><strong>quo</strong></span> <span class='ocrx_word' id='word_1_677' title='bbox 2402 3230 2698 3301; x_wconf 90' lang='lat' dir='ltr'><strong>discipulos</strong></span> <span class='ocrx_word' id='word_1_678' title='bbox 2736 3247 2863 3289; x_wconf 88' lang='lat' dir='ltr'><strong>suos</strong></span> <span class='ocrx_word' id='word_1_679' title='bbox 2904 3234 3116 3290; x_wconf 88' lang='lat' dir='ltr'><strong>divinus</strong></span> <span class='ocrx_word' id='word_1_680' title='bbox 3156 3253 3334 3294; x_wconf 85' lang='lat' dir='ltr'><strong>sermo</strong></span> <span class='ocrx_word' id='word_1_681' title='bbox 3366 3240 3602 3297; x_wconf 81' lang='lat' dir='ltr'><strong>abduxit.</strong></span> 
     </span>
    </p>
   </div>
   <div class='ocr_carea' id='block_1_89' title="bbox 2024 3322 3605 3391">
    <p class='ocr_par' dir='ltr' id='par_1_89' title="bbox 2024 3322 3605 3391">
     <span class='ocr_line' id='line_1_89' title="bbox 2024 3322 3605 3391; baseline 0.009 -15"><span class='ocrx_word' id='word_1_682' title='bbox 2024 3322 2175 3378; x_wconf 72' lang='lat' dir='ltr'><strong>Duc.</strong></span> <span class='ocrx_word' id='word_1_683' title='bbox 2216 3323 2384 3389; x_wconf 81' lang='lat' dir='ltr'><strong>Redi,</strong></span> <span class='ocrx_word' id='word_1_684' title='bbox 2412 3339 2446 3379; x_wconf 96' lang='lat' dir='ltr'><strong>o</strong></span> <span class='ocrx_word' id='word_1_685' title='bbox 2472 3326 2831 3382; x_wconf 90' lang='lat' dir='ltr'><strong>sacratissime</strong></span> <span class='ocrx_word' id='word_1_686' title='bbox 2858 3325 3034 3391; x_wconf 84' lang='lat' dir='ltr'><strong>Pater,</strong></span> <span class='ocrx_word' id='word_1_687' title='bbox 3064 3331 3131 3384; x_wconf 85' lang='lat' dir='ltr'><strong>ad</strong></span> <span class='ocrx_word' id='word_1_688' title='bbox 3171 3333 3467 3388; x_wconf 88' lang='lat' dir='ltr'><strong>narrandas</strong></span> <span class='ocrx_word' id='word_1_689' title='bbox 3514 3351 3605 3391; x_wconf 90' lang='lat' dir='ltr'><strong>res</strong></span> 
     </span>
    </p>
   </div>
   <div class='ocr_carea' id='block_1_90' title="bbox 2022 3415 3605 3494">
    <p class='ocr_par' dir='ltr' id='par_1_90' title="bbox 2022 3415 3605 3494">
     <span class='ocr_line' id='line_1_90' title="bbox 2022 3415 3605 3494; baseline 0.008 -26"><span class='ocrx_word' id='word_1_690' title='bbox 2022 3422 2264 3480; x_wconf 72' lang='lat' dir='ltr'><strong>eteteras,</strong></span> <span class='ocrx_word' id='word_1_691' title='bbox 2291 3415 2416 3470; x_wconf 89' lang='lat' dir='ltr'><strong>dum</strong></span> <span class='ocrx_word' id='word_1_692' title='bbox 2444 3432 2745 3473; x_wconf 89' lang='lat' dir='ltr'><strong>sermonem</strong></span> <span class='ocrx_word' id='word_1_693' title='bbox 2777 3419 2922 3473; x_wconf 89' lang='lat' dir='ltr'><strong>illum</strong></span> <span class='ocrx_word' id='word_1_694' title='bbox 2950 3419 3017 3474; x_wconf 91' lang='lat' dir='ltr'><strong>de</strong></span> <span class='ocrx_word' id='word_1_695' title='bbox 3047 3437 3227 3476; x_wconf 89' lang='lat' dir='ltr'><strong>mensa</strong></span> <span class='ocrx_word' id='word_1_696' title='bbox 3257 3422 3470 3479; x_wconf 86' lang='lat' dir='ltr'><strong>abunde</strong></span> <span class='ocrx_word' id='word_1_697' title='bbox 3493 3425 3605 3494; x_wconf 90' lang='lat' dir='ltr'><strong>jam</strong></span> 
     </span>
    </p>
   </div>
   <div class='ocr_carea' id='block_1_91' title="bbox 2025 3505 3605 3584">
    <p class='ocr_par' dir='ltr' id='par_1_91' title="bbox 2025 3505 3605 3584">
     <span class='ocr_line' id='line_1_91' title="bbox 2025 3505 3605 3584; baseline 0.006 -24"><span class='ocrx_word' id='word_1_698' title='bbox 2025 3505 2449 3565; x_wconf 90' lang='lat' dir='ltr'><strong>demonstraris:</strong></span> <span class='ocrx_word' id='word_1_699' title='bbox 2483 3524 2652 3579; x_wconf 89' lang='lat' dir='ltr'><strong>neque</strong></span> <span class='ocrx_word' id='word_1_700' title='bbox 2698 3508 2838 3564; x_wconf 81' lang='lat' dir='ltr'><strong>feras</strong></span> <span class='ocrx_word' id='word_1_701' title='bbox 2888 3513 3155 3580; x_wconf 88' lang='lat' dir='ltr'><strong>graviter,</strong></span> <span class='ocrx_word' id='word_1_702' title='bbox 3183 3513 3323 3583; x_wconf 92' lang='lat' dir='ltr'><strong>quod</strong></span> <span class='ocrx_word' id='word_1_703' title='bbox 3364 3529 3425 3569; x_wconf 84' lang='lat' dir='ltr'><strong>ea</strong></span> <span class='ocrx_word' id='word_1_704' title='bbox 3456 3516 3605 3584; x_wconf 80' lang='lat' dir='ltr'><strong>obje-</strong></span> 
     </span>
    </p>
   </div>
   <div class='ocr_carea' id='block_1_92' title="bbox 2026 3596 3608 3672">
    <p class='ocr_par' dir='ltr' id='par_1_92' title="bbox 2026 3596 3608 3672">
     <span class='ocr_line' id='line_1_92' title="bbox 2026 3596 3608 3672; baseline 0.005 -22"><span class='ocrx_word' id='word_1_705' title='bbox 2026 3596 2225 3661; x_wconf 85' lang='lat' dir='ltr'><strong>cerint;</strong></span> <span class='ocrx_word' id='word_1_706' title='bbox 2269 3597 2417 3665; x_wconf 88' lang='lat' dir='ltr'><strong>plura</strong></span> <span class='ocrx_word' id='word_1_707' title='bbox 2461 3598 2601 3652; x_wconf 90' lang='lat' dir='ltr'><strong>enim</strong></span> <span class='ocrx_word' id='word_1_708' title='bbox 2650 3599 2791 3652; x_wconf 90' lang='lat' dir='ltr'><strong>scire</strong></span> <span class='ocrx_word' id='word_1_709' title='bbox 2835 3600 3081 3669; x_wconf 89' lang='lat' dir='ltr'><strong>cupidus,</strong></span> <span class='ocrx_word' id='word_1_710' title='bbox 3114 3602 3455 3672; x_wconf 90' lang='lat' dir='ltr'><strong>multiplicem</strong></span> <span class='ocrx_word' id='word_1_711' title='bbox 3510 3604 3608 3658; x_wconf 89' lang='lat' dir='ltr'><strong>do-</strong></span> 
     </span>
    </p>
   </div>
   <div class='ocr_carea' id='block_1_93' title="bbox 2028 3690 3606 3757">
    <p class='ocr_par' dir='ltr' id='par_1_93' title="bbox 2028 3690 3606 3757">
     <span class='ocr_line' id='line_1_93' title="bbox 2028 3690 3606 3757; baseline 0.006 -17"><span class='ocrx_word' id='word_1_712' title='bbox 2028 3690 2252 3742; x_wconf 91' lang='lat' dir='ltr'><strong>ctrinam</strong></span> <span class='ocrx_word' id='word_1_713' title='bbox 2300 3698 2441 3744; x_wconf 89' lang='lat' dir='ltr'><strong>tuam</strong></span> <span class='ocrx_word' id='word_1_714' title='bbox 2471 3692 2771 3747; x_wconf 87' lang='lat' dir='ltr'><strong>accuratius</strong></span> <span class='ocrx_word' id='word_1_715' title='bbox 2820 3695 3227 3757; x_wconf 73' lang='lat' dir='ltr'><strong>interrogabam.</strong></span> <span class='ocrx_word' id='word_1_716' title='bbox 3272 3694 3447 3750; x_wconf 81' lang='lat' dir='ltr'><strong>Ertsc.</strong></span> <span class='ocrx_word' id='word_1_717' title='bbox 3491 3695 3606 3751; x_wconf 91' lang='lat' dir='ltr'><strong>lloc</strong></span> 
     </span>
    </p>
   </div>
   <div class='ocr_carea' id='block_1_94' title="bbox 2025 3777 3601 3847">
    <p class='ocr_par' dir='ltr' id='par_1_94' title="bbox 2025 3777 3601 3847">
     <span class='ocr_line' id='line_1_94' title="bbox 2025 3777 3601 3847; baseline 0.006 -17"><span class='ocrx_word' id='word_1_718' title='bbox 2025 3777 2115 3830; x_wconf 90' lang='lat' dir='ltr'><strong>tibi</strong></span> <span class='ocrx_word' id='word_1_719' title='bbox 2142 3792 2171 3830; x_wconf 89' lang='lat' dir='ltr'><strong>a</strong></span> <span class='ocrx_word' id='word_1_720' title='bbox 2198 3793 2285 3832; x_wconf 90' lang='lat' dir='ltr'><strong>me</strong></span> <span class='ocrx_word' id='word_1_721' title='bbox 2311 3779 2507 3833; x_wconf 86' lang='lat' dir='ltr'><strong>clarius</strong></span> <span class='ocrx_word' id='word_1_722' title='bbox 2530 3780 2730 3835; x_wconf 90' lang='lat' dir='ltr'><strong>dictum</strong></span> <span class='ocrx_word' id='word_1_723' title='bbox 2768 3782 2871 3847; x_wconf 87' lang='lat' dir='ltr'><strong>sit,</strong></span> <span class='ocrx_word' id='word_1_724' title='bbox 2902 3782 3182 3837; x_wconf 82' lang='lat' dir='ltr'><strong>Theodore</strong></span> <span class='ocrx_word' id='word_1_725' title='bbox 3208 3784 3601 3840; x_wconf 87' lang='lat' dir='ltr'><strong>studiosissime</strong></span> 
     </span>
    </p>
   </div>
   <div class='ocr_carea' id='block_1_95' title="bbox 2020 3870 3603 3947">
    <p class='ocr_par' dir='ltr' id='par_1_95' title="bbox 2020 3870 3603 3947">
     <span class='ocr_line' id='line_1_95' title="bbox 2020 3870 3603 3947; baseline 0.006 -24"><span class='ocrx_word' id='word_1_726' title='bbox 2020 3870 2161 3939; x_wconf 88' lang='lat' dir='ltr'><strong>(ipse</strong></span> <span class='ocrx_word' id='word_1_727' title='bbox 2188 3870 2330 3925; x_wconf 91' lang='lat' dir='ltr'><strong>enim</strong></span> <span class='ocrx_word' id='word_1_728' title='bbox 2376 3887 2513 3926; x_wconf 92' lang='lat' dir='ltr'><strong>unus</strong></span> <span class='ocrx_word' id='word_1_729' title='bbox 2544 3872 2615 3926; x_wconf 85' lang='lat' dir='ltr'><strong>l‘ui</strong></span> <span class='ocrx_word' id='word_1_730' title='bbox 2666 3888 2730 3928; x_wconf 88' lang='lat' dir='ltr'><strong>ex</strong></span> <span class='ocrx_word' id='word_1_731' title='bbox 2761 3874 2827 3928; x_wconf 89' lang='lat' dir='ltr'><strong>iis</strong></span> <span class='ocrx_word' id='word_1_732' title='bbox 2854 3875 2941 3945; x_wconf 88' lang='lat' dir='ltr'><strong>qui</strong></span> <span class='ocrx_word' id='word_1_733' title='bbox 2992 3890 3297 3929; x_wconf 86' lang='lat' dir='ltr'><strong>mensarum</strong></span> <span class='ocrx_word' id='word_1_734' title='bbox 3346 3888 3603 3947; x_wconf 79' lang='lat' dir='ltr'><strong>apparatu</strong></span> 
     </span>
    </p>
   </div>
   <div class='ocr_carea' id='block_1_96' title="bbox 2019 3961 3599 4039">
    <p class='ocr_par' dir='ltr' id='par_1_96' title="bbox 2019 3961 3599 4039">
     <span class='ocr_line' id='line_1_96' title="bbox 2019 3961 3599 4039; baseline 0.005 -24"><span class='ocrx_word' id='word_1_735' title='bbox 2019 3961 2342 4016; x_wconf 90' lang='lat' dir='ltr'><strong>multitudini</strong></span> <span class='ocrx_word' id='word_1_736' title='bbox 2372 3963 2583 4032; x_wconf 90' lang='lat' dir='ltr'><strong>placere</strong></span> <span class='ocrx_word' id='word_1_737' title='bbox 2607 3964 2843 4034; x_wconf 89' lang='lat' dir='ltr'><strong>student)</strong></span> <span class='ocrx_word' id='word_1_738' title='bbox 2864 4007 2878 4027; x_wconf 88' lang='lat'><strong>,</strong></span> <span class='ocrx_word' id='word_1_739' title='bbox 2909 3967 3031 4033; x_wconf 88' lang='lat' dir='ltr'><strong>quia</strong></span> <span class='ocrx_word' id='word_1_740' title='bbox 3056 3966 3361 4037; x_wconf 85' lang='lat' dir='ltr'><strong>episcopus,</strong></span> <span class='ocrx_word' id='word_1_741' title='bbox 3396 3984 3599 4039; x_wconf 79' lang='lat' dir='ltr'><strong>magna:</strong></span> 
     </span>
    </p>
   </div>
   <div class='ocr_carea' id='block_1_97' title="bbox 2021 4052 3605 4127">
    <p class='ocr_par' dir='ltr' id='par_1_97' title="bbox 2021 4052 3605 4127">
     <span class='ocr_line' id='line_1_97' title="bbox 2021 4052 3605 4127; baseline 0.007 -22"><span class='ocrx_word' id='word_1_742' title='bbox 2021 4052 2316 4121; x_wconf 65' lang='lat' dir='ltr'><strong>pricsertim</strong></span> <span class='ocrx_word' id='word_1_743' title='bbox 2343 4053 2511 4121; x_wconf 90' lang='lat' dir='ltr'><strong>urbis,</strong></span> <span class='ocrx_word' id='word_1_744' title='bbox 2534 4055 2624 4124; x_wconf 88' lang='lat' dir='ltr'><strong>qui</strong></span> <span class='ocrx_word' id='word_1_745' title='bbox 2650 4054 2907 4110; x_wconf 90' lang='lat' dir='ltr'><strong>derelicto</strong></span> <span class='ocrx_word' id='word_1_746' title='bbox 2932 4056 3078 4111; x_wconf 84' lang='lat' dir='ltr'><strong>verbi</strong></span> <span class='ocrx_word' id='word_1_747' title='bbox 3108 4058 3426 4127; x_wconf 83' lang='lat' dir='ltr'><strong>ministerio,</strong></span> <span class='ocrx_word' id='word_1_748' title='bbox 3450 4070 3605 4116; x_wconf 86' lang='lat' dir='ltr'><strong>nocte</strong></span> 
     </span>
    </p>
   </div>
   <div class='ocr_carea' id='block_1_98' title="bbox 2021 4141 3600 4213">
    <p class='ocr_par' dir='ltr' id='par_1_98' title="bbox 2021 4141 3600 4213">
     <span class='ocr_line' id='line_1_98' title="bbox 2021 4141 3600 4213; baseline 0.005 -18"><span class='ocrx_word' id='word_1_749' title='bbox 2021 4141 2214 4212; x_wconf 86' lang='lat' dir='ltr'><strong>dieque</strong></span> <span class='ocrx_word' id='word_1_750' title='bbox 2241 4141 2372 4212; x_wconf 85' lang='lat' dir='ltr'><strong>legis</strong></span> <span class='ocrx_word' id='word_1_751' title='bbox 2400 4142 2606 4198; x_wconf 90' lang='lat' dir='ltr'><strong>tabulas</strong></span> <span class='ocrx_word' id='word_1_752' title='bbox 2636 4144 2687 4198; x_wconf 91' lang='lat' dir='ltr'><strong>in</strong></span> <span class='ocrx_word' id='word_1_753' title='bbox 2717 4146 2960 4200; x_wconf 90' lang='lat' dir='ltr'><strong>manibus</strong></span> <span class='ocrx_word' id='word_1_754' title='bbox 3002 4161 3106 4200; x_wconf 90' lang='lat' dir='ltr'><strong>non</strong></span> <span class='ocrx_word' id='word_1_755' title='bbox 3150 4146 3381 4213; x_wconf 89' lang='lat' dir='ltr'><strong>habens,</strong></span> <span class='ocrx_word' id='word_1_756' title='bbox 3418 4165 3600 4203; x_wconf 86' lang='lat' dir='ltr'><strong>curam</strong></span> 
     </span>
    </p>
   </div>
   <div class='ocr_carea' id='block_1_99' title="bbox 2022 4236 3603 4311">
    <p class='ocr_par' dir='ltr' id='par_1_99' title="bbox 2022 4236 3603 4311">
     <span class='ocr_line' id='line_1_99' title="bbox 2022 4236 3603 4311; baseline 0.008 -25"><span class='ocrx_word' id='word_1_757' title='bbox 2022 4247 2314 4302; x_wconf 89' lang='lat' dir='ltr'><strong>pauperum</strong></span> <span class='ocrx_word' id='word_1_758' title='bbox 2344 4249 2449 4288; x_wconf 90' lang='lat' dir='ltr'><strong>non</strong></span> <span class='ocrx_word' id='word_1_759' title='bbox 2478 4249 2576 4304; x_wconf 87' lang='lat' dir='ltr'><strong>per</strong></span> <span class='ocrx_word' id='word_1_760' title='bbox 2612 4249 2687 4299; x_wconf 90' lang='lat' dir='ltr'><strong>se,</strong></span> <span class='ocrx_word' id='word_1_761' title='bbox 2716 4236 2810 4291; x_wconf 88' lang='lat' dir='ltr'><strong>sed</strong></span> <span class='ocrx_word' id='word_1_762' title='bbox 2853 4253 2946 4305; x_wconf 88' lang='lat' dir='ltr'><strong>per</strong></span> <span class='ocrx_word' id='word_1_763' title='bbox 2971 4239 3103 4294; x_wconf 89' lang='lat' dir='ltr'><strong>alios</strong></span> <span class='ocrx_word' id='word_1_764' title='bbox 3131 4239 3286 4309; x_wconf 81' lang='lat' dir='ltr'><strong>gerit,</strong></span> <span class='ocrx_word' id='word_1_765' title='bbox 3319 4240 3472 4311; x_wconf 88' lang='lat' dir='ltr'><strong>longe</strong></span> <span class='ocrx_word' id='word_1_766' title='bbox 3500 4244 3603 4297; x_wconf 89' lang='lat' dir='ltr'><strong>erit</strong></span> 
     </span>
    </p>
   </div>
   <div class='ocr_carea' id='block_1_100' title="bbox 2019 4323 3601 4400">
    <p class='ocr_par' dir='ltr' id='par_1_100' title="bbox 2019 4323 3601 4400">
     <span class='ocr_line' id='line_1_100' title="bbox 2019 4323 3601 4400; baseline 0.008 -25"><span class='ocrx_word' id='word_1_767' title='bbox 2019 4323 2175 4377; x_wconf 86' lang='lat' dir='ltr'><strong>abiis</strong></span> <span class='ocrx_word' id='word_1_768' title='bbox 2201 4324 2289 4393; x_wconf 91' lang='lat' dir='ltr'><strong>qui</strong></span> <span class='ocrx_word' id='word_1_769' title='bbox 2332 4323 2583 4379; x_wconf 82' lang='lat' dir='ltr'><strong>dixerunt</strong></span> <span class='ocrx_word' id='word_1_770' title='bbox 2610 4344 2623 4378; x_wconf 92' lang='lat'><strong>:</strong></span> <span class='ocrx_word' id='word_1_771' title='bbox 2654 4323 2788 4381; x_wconf 85' lang='lat' dir='ltr'><strong>Ecce</strong></span> <span class='ocrx_word' id='word_1_772' title='bbox 2830 4327 3185 4400; x_wconf 82' lang='lat' dir='ltr'><strong>dereliquimus</strong></span> <span class='ocrx_word' id='word_1_773' title='bbox 3224 4332 3412 4396; x_wconf 88' lang='lat' dir='ltr'><strong>omnia,</strong></span> <span class='ocrx_word' id='word_1_774' title='bbox 3437 4342 3482 4385; x_wconf 88' lang='lat' dir='ltr'><strong>et</strong></span> <span class='ocrx_word' id='word_1_775' title='bbox 3518 4351 3601 4387; x_wconf 82' lang='lat' dir='ltr'><strong>se-</strong></span> 
     </span>
    </p>
   </div>
   <div class='ocr_carea' id='block_1_101' title="bbox 2017 4417 3602 4495">
    <p class='ocr_par' dir='ltr' id='par_1_101' title="bbox 2017 4417 3602 4495">
     <span class='ocr_line' id='line_1_101' title="bbox 2017 4417 3602 4495; baseline 0.008 -30"><span class='ocrx_word' id='word_1_776' title='bbox 2017 4417 2163 4483; x_wconf 85' lang='lat' dir='ltr'><strong>quuti</strong></span> <span class='ocrx_word' id='word_1_777' title='bbox 2177 4432 2353 4469; x_wconf 84' lang='lat' dir='ltr'><strong>sumus</strong></span> <span class='ocrx_word' id='word_1_778' title='bbox 2370 4426 2447 4469; x_wconf 88' lang='lat' dir='ltr'><strong>te:</strong></span> <span class='ocrx_word' id='word_1_779' title='bbox 2472 4418 2594 4485; x_wconf 86' lang='lat' dir='ltr'><strong>quid</strong></span> <span class='ocrx_word' id='word_1_780' title='bbox 2614 4435 2730 4488; x_wconf 82' lang='lat' dir='ltr'><strong>ergo</strong></span> <span class='ocrx_word' id='word_1_781' title='bbox 2756 4421 2849 4471; x_wconf 88' lang='lat' dir='ltr'><strong>erit</strong></span> <span class='ocrx_word' id='word_1_782' title='bbox 2866 4421 2916 4472; x_wconf 89' lang='lat' dir='ltr'><strong>in</strong></span> <span class='ocrx_word' id='word_1_783' title='bbox 2944 4421 3084 4475; x_wconf 85' lang='lat' dir='ltr'><strong>nobis</strong></span> <span class='ocrx_word' id='word_1_784' title='bbox 3106 4421 3120 4481; x_wconf 73' lang='grc' dir='ltr'>ί</span> <span class='ocrx_word' id='word_1_785' title='bbox 3141 4420 3326 4475; x_wconf 88' lang='lat' dir='ltr'><strong>Matth.</strong></span> <span class='ocrx_word' id='word_1_786' title='bbox 3353 4424 3437 4484; x_wconf 82' lang='grc'><strong>19.</strong></span> <span class='ocrx_word' id='word_1_787' title='bbox 3454 4422 3558 4495; x_wconf 71' lang='grc'><strong>27)</strong></span> <span class='ocrx_word' id='word_1_788' title='bbox 3579 4426 3602 4478; x_wconf 83' lang='lat'><strong>?</strong></span> 
     </span>
    </p>
   </div>
   <div class='ocr_carea' id='block_1_102' title="bbox 2014 4508 3601 4581">
    <p class='ocr_par' dir='ltr' id='par_1_102' title="bbox 2014 4508 3601 4581">
     <span class='ocr_line' id='line_1_102' title="bbox 2014 4508 3601 4581; baseline 0.007 -22"><span class='ocrx_word' id='word_1_789' title='bbox 2014 4508 2442 4562; x_wconf 77' lang='lat' dir='ltr'><strong>annumerandus</strong></span> <span class='ocrx_word' id='word_1_790' title='bbox 2483 4510 2549 4562; x_wconf 89' lang='lat' dir='ltr'><strong>iis</strong></span> <span class='ocrx_word' id='word_1_791' title='bbox 2587 4512 2675 4578; x_wconf 89' lang='lat' dir='ltr'><strong>qui</strong></span> <span class='ocrx_word' id='word_1_792' title='bbox 2716 4511 3003 4565; x_wconf 83' lang='lat' dir='ltr'><strong>dixerunt:</strong></span> <span class='ocrx_word' id='word_1_793' title='bbox 3048 4511 3293 4581; x_wconf 86' lang='lat' dir='ltr'><strong>Domine,</strong></span> <span class='ocrx_word' id='word_1_794' title='bbox 3339 4533 3503 4570; x_wconf 86' lang='lat' dir='ltr'><strong>nonne</strong></span> <span class='ocrx_word' id='word_1_795' title='bbox 3548 4519 3601 4571; x_wconf 88' lang='lat' dir='ltr'><strong>in</strong></span> 
     </span>
    </p>
   </div>
   <div class='ocr_carea' id='block_1_103' title="bbox 2015 4595 3598 4674">
    <p class='ocr_par' dir='ltr' id='par_1_103' title="bbox 2015 4595 3598 4674">
     <span class='ocr_line' id='line_1_103' title="bbox 2015 4595 3598 4674; baseline 0.006 -25"><span class='ocrx_word' id='word_1_796' title='bbox 2015 4595 2215 4650; x_wconf 87' lang='lat' dir='ltr'><strong>nomine</strong></span> <span class='ocrx_word' id='word_1_797' title='bbox 2244 4605 2328 4649; x_wconf 88' lang='lat' dir='ltr'><strong>tuo</strong></span> <span class='ocrx_word' id='word_1_798' title='bbox 2355 4596 2461 4650; x_wconf 63' lang='lat' dir='ltr'><strong>haec</strong></span> <span class='ocrx_word' id='word_1_799' title='bbox 2486 4607 2531 4649; x_wconf 86' lang='lat' dir='ltr'><strong>et</strong></span> <span class='ocrx_word' id='word_1_800' title='bbox 2546 4597 2638 4650; x_wconf 88' lang='lat' dir='ltr'><strong>illa</strong></span> <span class='ocrx_word' id='word_1_801' title='bbox 2675 4600 2885 4667; x_wconf 82' lang='lat' dir='ltr'><strong>fecimus</strong></span> <span class='ocrx_word' id='word_1_802' title='bbox 2904 4601 2930 4653; x_wconf 82' lang='lat'><strong><em>?</em></strong></span> <span class='ocrx_word' id='word_1_803' title='bbox 2954 4600 3229 4655; x_wconf 90' lang='lat' dir='ltr'><strong>auditurus</strong></span> <span class='ocrx_word' id='word_1_804' title='bbox 3260 4618 3377 4656; x_wconf 90' lang='lat' dir='ltr'><strong>eum</strong></span> <span class='ocrx_word' id='word_1_805' title='bbox 3420 4605 3548 4674; x_wconf 89' lang='lat' dir='ltr'><strong>ipsis</strong></span> <span class='ocrx_word' id='word_1_806' title='bbox 3578 4622 3598 4658; x_wconf 89' lang='lat'><strong><em>:</em></strong></span> 
     </span>
    </p>
   </div>
   <div class='ocr_carea' id='block_1_104' title="bbox 2018 4686 3597 4758">
    <p class='ocr_par' dir='ltr' id='par_1_104' title="bbox 2018 4686 3597 4758">
     <span class='ocr_line' id='line_1_104' title="bbox 2018 4686 3597 4758; baseline 0.007 -18"><span class='ocrx_word' id='word_1_807' title='bbox 2018 4686 2271 4740; x_wconf 86' lang='lat' dir='ltr'><strong>Discedite</strong></span> <span class='ocrx_word' id='word_1_808' title='bbox 2320 4704 2516 4753; x_wconf 70' lang='lat' dir='ltr'><strong>ante;</strong></span> <span class='ocrx_word' id='word_1_809' title='bbox 2561 4689 2861 4743; x_wconf 77' lang='lat' dir='ltr'><strong>maledicti:</strong></span> <span class='ocrx_word' id='word_1_810' title='bbox 2913 4692 3077 4745; x_wconf 84' lang='lat' dir='ltr'><strong>nescio</strong></span> <span class='ocrx_word' id='word_1_811' title='bbox 3128 4709 3250 4758; x_wconf 81' lang='lat' dir='ltr'><strong>ros,</strong></span> <span class='ocrx_word' id='word_1_812' title='bbox 3302 4696 3434 4749; x_wconf 84' lang='lat' dir='ltr'><strong>unde</strong></span> <span class='ocrx_word' id='word_1_813' title='bbox 3480 4700 3597 4752; x_wconf 87' lang='lat' dir='ltr'><strong>estis</strong></span> 
     </span>
    </p>
   </div>
   <div class='ocr_carea' id='block_1_105' title="bbox 2018 4778 3594 4852">
    <p class='ocr_par' dir='ltr' id='par_1_105' title="bbox 2018 4778 3594 4852">
     <span class='ocr_line' id='line_1_105' title="bbox 2018 4778 3594 4852; baseline 0.007 -20"><span class='ocrx_word' id='word_1_814' title='bbox 2018 4780 2037 4850; x_wconf 94' lang='lat'>(</span> <span class='ocrx_word' id='word_1_815' title='bbox 2067 4778 2190 4833; x_wconf 82' lang='lat' dir='ltr'><strong>an.</strong></span> <span class='ocrx_word' id='word_1_816' title='bbox 2223 4781 2308 4835; x_wconf 76' lang='grc'><strong>15.</strong></span> <span class='ocrx_word' id='word_1_817' title='bbox 2339 4780 2408 4834; x_wconf 72' lang='lat'><strong>27</strong></span> <span class='ocrx_word' id='word_1_818' title='bbox 2440 4778 2502 4851; x_wconf 88' lang='lat'><strong>)?</strong></span> <span class='ocrx_word' id='word_1_819' title='bbox 2531 4779 2646 4834; x_wconf 87' lang='lat' dir='ltr'><strong>Non</strong></span> <span class='ocrx_word' id='word_1_820' title='bbox 2687 4782 2827 4835; x_wconf 90' lang='lat' dir='ltr'><strong>enim</strong></span> <span class='ocrx_word' id='word_1_821' title='bbox 2858 4781 3039 4835; x_wconf 88' lang='lat' dir='ltr'><strong>Oratio</strong></span> <span class='ocrx_word' id='word_1_822' title='bbox 3081 4786 3323 4852; x_wconf 90' lang='lat' dir='ltr'><strong>agnoscit</strong></span> <span class='ocrx_word' id='word_1_823' title='bbox 3370 4787 3594 4842; x_wconf 87' lang='lat' dir='ltr'><strong>rationis</strong></span> 
     </span>
    </p>
   </div>
   <div class='ocr_carea' id='block_1_106' title="bbox 2015 4874 3592 4944">
    <p class='ocr_par' dir='ltr' id='par_1_106' title="bbox 2015 4874 3592 4944">
     <span class='ocr_line' id='line_1_106' title="bbox 2015 4874 3592 4944; baseline 0.006 -18"><span class='ocrx_word' id='word_1_824' title='bbox 2015 4883 2263 4942; x_wconf 86' lang='lat' dir='ltr'><strong>expertes</strong></span> <span class='ocrx_word' id='word_1_825' title='bbox 2290 4875 2564 4942; x_wconf 88' lang='lat' dir='ltr'><strong>operarios</strong></span> <span class='ocrx_word' id='word_1_826' title='bbox 2594 4892 2606 4928; x_wconf 95' lang='lat'>:</span> <span class='ocrx_word' id='word_1_827' title='bbox 2641 4889 2801 4941; x_wconf 88' lang='lat' dir='ltr'><strong>purus</strong></span> <span class='ocrx_word' id='word_1_828' title='bbox 2842 4874 2983 4927; x_wconf 91' lang='lat' dir='ltr'><strong>enim</strong></span> <span class='ocrx_word' id='word_1_829' title='bbox 3032 4874 3129 4944; x_wconf 90' lang='lat' dir='ltr'><strong>ipsi</strong></span> <span class='ocrx_word' id='word_1_830' title='bbox 3160 4886 3245 4930; x_wconf 91' lang='lat' dir='ltr'><strong>est</strong></span> <span class='ocrx_word' id='word_1_831' title='bbox 3286 4880 3492 4943; x_wconf 91' lang='lat' dir='ltr'><strong>oculus,</strong></span> <span class='ocrx_word' id='word_1_832' title='bbox 3526 4897 3592 4935; x_wconf 89' lang='lat' dir='ltr'><strong>ne</strong></span> 
     </span>
    </p>
   </div>
   <div class='ocr_carea' id='block_1_107' title="bbox 2016 4963 3590 5039">
    <p class='ocr_par' dir='ltr' id='par_1_107' title="bbox 2016 4963 3590 5039">
     <span class='ocr_line' id='line_1_107' title="bbox 2016 4963 3590 5039; baseline 0.005 -23"><span class='ocrx_word' id='word_1_833' title='bbox 2016 4963 2187 5017; x_wconf 78' lang='lat' dir='ltr'><strong>videat</strong></span> <span class='ocrx_word' id='word_1_834' title='bbox 2216 4964 2375 5018; x_wconf 83' lang='lat' dir='ltr'><strong>mala.</strong></span> <span class='ocrx_word' id='word_1_835' title='bbox 2406 4964 2548 5017; x_wconf 84' lang='lat' dir='ltr'><strong>Multi</strong></span> <span class='ocrx_word' id='word_1_836' title='bbox 2584 4964 2723 5017; x_wconf 90' lang='lat' dir='ltr'><strong>enim</strong></span> <span class='ocrx_word' id='word_1_837' title='bbox 2760 4980 2825 5018; x_wconf 90' lang='lat' dir='ltr'><strong>ex</strong></span> <span class='ocrx_word' id='word_1_838' title='bbox 2855 4965 2919 5019; x_wconf 91' lang='lat' dir='ltr'><strong>iis</strong></span> <span class='ocrx_word' id='word_1_839' title='bbox 2944 4965 3030 5035; x_wconf 87' lang='lat' dir='ltr'><strong>qtti</strong></span> <span class='ocrx_word' id='word_1_840' title='bbox 3065 4967 3316 5022; x_wconf 88' lang='lat' dir='ltr'><strong>dicuntur</strong></span> <span class='ocrx_word' id='word_1_841' title='bbox 3335 4972 3590 5039; x_wconf 82' lang='lat' dir='ltr'><strong>episcopi,</strong></span> 
     </span>
    </p>
   </div>
   <div class='ocr_carea' id='block_1_108' title="bbox 2010 5054 3596 5126">
    <p class='ocr_par' dir='ltr' id='par_1_108' title="bbox 2010 5054 3596 5126">
     <span class='ocr_line' id='line_1_108' title="bbox 2010 5054 3596 5126; baseline 0.005 -19"><span class='ocrx_word' id='word_1_842' title='bbox 2010 5054 2210 5123; x_wconf 87' lang='lat' dir='ltr'><strong>justum</strong></span> <span class='ocrx_word' id='word_1_843' title='bbox 2239 5054 2317 5107; x_wconf 89' lang='lat' dir='ltr'><strong>sui</strong></span> <span class='ocrx_word' id='word_1_844' title='bbox 2345 5054 2523 5107; x_wconf 91' lang='lat' dir='ltr'><strong>odium</strong></span> <span class='ocrx_word' id='word_1_845' title='bbox 2563 5069 2669 5123; x_wconf 93' lang='lat' dir='ltr'><strong>quo</strong></span> <span class='ocrx_word' id='word_1_846' title='bbox 2714 5064 2931 5125; x_wconf 86' lang='lat' dir='ltr'><strong>propter</strong></span> <span class='ocrx_word' id='word_1_847' title='bbox 2954 5058 3199 5126; x_wconf 91' lang='lat' dir='ltr'><strong>proprios</strong></span> <span class='ocrx_word' id='word_1_848' title='bbox 3243 5074 3418 5113; x_wconf 85' lang='lat' dir='ltr'><strong>mores</strong></span> <span class='ocrx_word' id='word_1_849' title='bbox 3450 5060 3596 5115; x_wconf 86' lang='lat' dir='ltr'><strong>labo-</strong></span> 
     </span>
    </p>
   </div>
   <div class='ocr_carea' id='block_1_109' title="bbox 2014 5143 3591 5220">
    <p class='ocr_par' dir='ltr' id='par_1_109' title="bbox 2014 5143 3591 5220">
     <span class='ocr_line' id='line_1_109' title="bbox 2014 5143 3591 5220; baseline 0.004 -21"><span class='ocrx_word' id='word_1_850' title='bbox 2014 5152 2154 5209; x_wconf 90' lang='lat' dir='ltr'><strong>rant,</strong></span> <span class='ocrx_word' id='word_1_851' title='bbox 2186 5153 2240 5198; x_wconf 89' lang='lat' dir='ltr'><strong>et</strong></span> <span class='ocrx_word' id='word_1_852' title='bbox 2269 5143 2585 5211; x_wconf 78' lang='lat' dir='ltr'><strong>Spiritalium</strong></span> <span class='ocrx_word' id='word_1_853' title='bbox 2618 5145 2875 5201; x_wconf 91' lang='lat' dir='ltr'><strong>incuriam</strong></span> <span class='ocrx_word' id='word_1_854' title='bbox 2905 5149 3204 5203; x_wconf 87' lang='lat' dir='ltr'><strong>rescindere</strong></span> <span class='ocrx_word' id='word_1_855' title='bbox 3230 5149 3355 5205; x_wconf 91' lang='lat' dir='ltr'><strong>dum</strong></span> <span class='ocrx_word' id='word_1_856' title='bbox 3386 5151 3591 5220; x_wconf 82' lang='lat' dir='ltr'><strong>volunt,</strong></span> 
     </span>
    </p>
   </div>
   <div class='ocr_carea' id='block_1_110' title="bbox 2015 5235 3589 5304">
    <p class='ocr_par' dir='ltr' id='par_1_110' title="bbox 2015 5235 3589 5304">
     <span class='ocr_line' id='line_1_110' title="bbox 2015 5235 3589 5304; baseline 0.006 -16"><span class='ocrx_word' id='word_1_857' title='bbox 2015 5236 2201 5289; x_wconf 88' lang='lat' dir='ltr'><strong>vitium</strong></span> <span class='ocrx_word' id='word_1_858' title='bbox 2247 5235 2373 5288; x_wconf 90' lang='lat' dir='ltr'><strong>vitio</strong></span> <span class='ocrx_word' id='word_1_859' title='bbox 2415 5245 2743 5304; x_wconf 88' lang='lat' dir='ltr'><strong>permutant,</strong></span> <span class='ocrx_word' id='word_1_860' title='bbox 2787 5238 3060 5293; x_wconf 89' lang='lat' dir='ltr'><strong>avaritiam</strong></span> <span class='ocrx_word' id='word_1_861' title='bbox 3090 5240 3343 5295; x_wconf 88' lang='lat' dir='ltr'><strong>vanitate.</strong></span> <span class='ocrx_word' id='word_1_862' title='bbox 3399 5242 3465 5296; x_wconf 83' lang='lat' dir='ltr'><strong>Et</strong></span> <span class='ocrx_word' id='word_1_863' title='bbox 3490 5260 3589 5298; x_wconf 89' lang='lat' dir='ltr'><strong>una</strong></span> 
     </span>
    </p>
   </div>
   <div class='ocr_carea' id='block_1_111' title="bbox 2012 5328 3593 5402">
    <p class='ocr_par' dir='ltr' id='par_1_111' title="bbox 2012 5328 3593 5402">
     <span class='ocr_line' id='line_1_111' title="bbox 2012 5328 3593 5402; baseline 0.007 -23"><span class='ocrx_word' id='word_1_864' title='bbox 2012 5328 2222 5397; x_wconf 89' lang='lat' dir='ltr'><strong>quidem</strong></span> <span class='ocrx_word' id='word_1_865' title='bbox 2250 5344 2410 5382; x_wconf 87' lang='lat' dir='ltr'><strong>manu</strong></span> <span class='ocrx_word' id='word_1_866' title='bbox 2433 5328 2580 5400; x_wconf 89' lang='lat' dir='ltr'><strong>large</strong></span> <span class='ocrx_word' id='word_1_867' title='bbox 2606 5342 2884 5400; x_wconf 71' lang='lat' dir='ltr'><strong>peccantes</strong></span> <span class='ocrx_word' id='word_1_868' title='bbox 2904 5330 2966 5384; x_wconf 88' lang='lat' dir='ltr'><strong>ad</strong></span> <span class='ocrx_word' id='word_1_869' title='bbox 2991 5339 3144 5402; x_wconf 90' lang='lat' dir='ltr'><strong>turpe</strong></span> <span class='ocrx_word' id='word_1_870' title='bbox 3170 5332 3398 5394; x_wconf 78' lang='lat' dir='ltr'><strong>lucrum,</strong></span> <span class='ocrx_word' id='word_1_871' title='bbox 3428 5335 3593 5390; x_wconf 89' lang='lat' dir='ltr'><strong>altera</strong></span> 
     </span>
    </p>
   </div>
   <div class='ocr_carea' id='block_1_112' title="bbox 2011 5422 3591 5485">
    <p class='ocr_par' dir='ltr' id='par_1_112' title="bbox 2011 5422 3591 5485">
     <span class='ocr_line' id='line_1_112' title="bbox 2011 5422 3591 5485; baseline 0.006 -12"><span class='ocrx_word' id='word_1_872' title='bbox 2011 5434 2135 5473; x_wconf 87' lang='lat' dir='ltr'><strong>vero</strong></span> <span class='ocrx_word' id='word_1_873' title='bbox 2158 5434 2373 5475; x_wconf 88' lang='lat' dir='ltr'><strong>mensas</strong></span> <span class='ocrx_word' id='word_1_874' title='bbox 2398 5431 2789 5485; x_wconf 88' lang='lat' dir='ltr'><strong>construentes,</strong></span> <span class='ocrx_word' id='word_1_875' title='bbox 2823 5430 2878 5476; x_wconf 87' lang='lat' dir='ltr'><strong>et</strong></span> <span class='ocrx_word' id='word_1_876' title='bbox 2906 5422 3215 5478; x_wconf 88' lang='lat' dir='ltr'><strong>sublimium</strong></span> <span class='ocrx_word' id='word_1_877' title='bbox 3246 5425 3591 5482; x_wconf 81' lang='lat' dir='ltr'><strong>:rdiﬁciorum</strong></span> 
     </span>
    </p>
   </div>
   <div class='ocr_carea' id='block_1_113' title="bbox 2008 5510 3587 5582">
    <p class='ocr_par' dir='ltr' id='par_1_113' title="bbox 2008 5510 3587 5582">
     <span class='ocr_line' id='line_1_113' title="bbox 2008 5510 3587 5582; baseline 0.008 -20"><span class='ocrx_word' id='word_1_878' title='bbox 2008 5510 2284 5565; x_wconf 90' lang='lat' dir='ltr'><strong>columnas</strong></span> <span class='ocrx_word' id='word_1_879' title='bbox 2313 5512 2611 5582; x_wconf 88' lang='lat' dir='ltr'><strong>erigentes,</strong></span> <span class='ocrx_word' id='word_1_880' title='bbox 2640 5520 2695 5566; x_wconf 88' lang='lat' dir='ltr'><strong>ut</strong></span> <span class='ocrx_word' id='word_1_881' title='bbox 2720 5528 2786 5567; x_wconf 86' lang='lat' dir='ltr'><strong>ex</strong></span> <span class='ocrx_word' id='word_1_882' title='bbox 2831 5512 2915 5568; x_wconf 92' lang='lat' dir='ltr'><strong>bis</strong></span> <span class='ocrx_word' id='word_1_883' title='bbox 2944 5513 3070 5570; x_wconf 90' lang='lat' dir='ltr'><strong>boni</strong></span> <span class='ocrx_word' id='word_1_884' title='bbox 3102 5525 3155 5570; x_wconf 91' lang='lat' dir='ltr'><strong>ct</strong></span> <span class='ocrx_word' id='word_1_885' title='bbox 3192 5515 3433 5570; x_wconf 89' lang='lat' dir='ltr'><strong>industrii</strong></span> <span class='ocrx_word' id='word_1_886' title='bbox 3466 5532 3587 5574; x_wconf 88' lang='lat' dir='ltr'><strong>esse</strong></span> 
     </span>
    </p>
   </div>
   <div class='ocr_carea' id='block_1_114' title="bbox 2008 5601 3590 5676">
    <p class='ocr_par' dir='ltr' id='par_1_114' title="bbox 2008 5601 3590 5676">
     <span class='ocr_line' id='line_1_114' title="bbox 2008 5601 3590 5676; baseline 0.007 -23"><span class='ocrx_word' id='word_1_887' title='bbox 2008 5601 2309 5670; x_wconf 86' lang='lat' dir='ltr'><strong>videantur,</strong></span> <span class='ocrx_word' id='word_1_888' title='bbox 2340 5604 2679 5674; x_wconf 89' lang='lat' dir='ltr'><strong>ignominiam</strong></span> <span class='ocrx_word' id='word_1_889' title='bbox 2730 5621 2827 5675; x_wconf 89' lang='lat' dir='ltr'><strong>pro</strong></span> <span class='ocrx_word' id='word_1_890' title='bbox 2858 5605 3059 5661; x_wconf 90' lang='lat' dir='ltr'><strong>honore</strong></span> <span class='ocrx_word' id='word_1_891' title='bbox 3083 5607 3358 5676; x_wconf 77' lang='lat' dir='ltr'><strong>colligunt,</strong></span> <span class='ocrx_word' id='word_1_892' title='bbox 3400 5609 3590 5664; x_wconf 80' lang='lat' dir='ltr'><strong>Eccle-</strong></span> 
     </span>
    </p>
   </div>
   <div class='ocr_carea' id='block_1_115' title="bbox 2009 5692 3585 5765">
    <p class='ocr_par' dir='ltr' id='par_1_115' title="bbox 2009 5692 3585 5765">
     <span class='ocr_line' id='line_1_115' title="bbox 2009 5692 3585 5765; baseline 0.004 -18"><span class='ocrx_word' id='word_1_893' title='bbox 2009 5692 2187 5747; x_wconf 73' lang='lat' dir='ltr'><strong>siastze</strong></span> <span class='ocrx_word' id='word_1_894' title='bbox 2232 5694 2593 5759; x_wconf 88' lang='lat' dir='ltr'><strong>immemores,</strong></span> <span class='ocrx_word' id='word_1_895' title='bbox 2615 5695 2702 5765; x_wconf 94' lang='lat' dir='ltr'><strong>qui</strong></span> <span class='ocrx_word' id='word_1_896' title='bbox 2731 5705 2783 5749; x_wconf 91' lang='lat' dir='ltr'><strong>et</strong></span> <span class='ocrx_word' id='word_1_897' title='bbox 2825 5696 2922 5748; x_wconf 78' lang='lat' dir='ltr'><strong>ista</strong></span> <span class='ocrx_word' id='word_1_898' title='bbox 2952 5706 3347 5765; x_wconf 79' lang='lat' dir='ltr'><strong>construxerat,</strong></span> <span class='ocrx_word' id='word_1_899' title='bbox 3381 5709 3435 5753; x_wconf 89' lang='lat' dir='ltr'><strong>et</strong></span> <span class='ocrx_word' id='word_1_900' title='bbox 3461 5700 3585 5753; x_wconf 88' lang='lat' dir='ltr'><strong>odio</strong></span> 
     </span>
    </p>
   </div>
   <div class='ocr_carea' id='block_1_116' title="bbox 2010 5782 3587 5859">
    <p class='ocr_par' dir='ltr' id='par_1_116' title="bbox 2010 5782 3587 5859">
     <span class='ocr_line' id='line_1_116' title="bbox 2010 5782 3587 5859; baseline 0.006 -22"><span class='ocrx_word' id='word_1_901' title='bbox 2010 5782 2217 5851; x_wconf 89' lang='lat' dir='ltr'><strong>habuit,</strong></span> <span class='ocrx_word' id='word_1_902' title='bbox 2271 5794 2431 5854; x_wconf 87' lang='lat' dir='ltr'><strong>atque</strong></span> <span class='ocrx_word' id='word_1_903' title='bbox 2480 5787 2601 5841; x_wconf 85' lang='lat' dir='ltr'><strong>talia</strong></span> <span class='ocrx_word' id='word_1_904' title='bbox 2644 5787 2923 5841; x_wconf 84' lang='lat' dir='ltr'><strong>manifeste</strong></span> <span class='ocrx_word' id='word_1_905' title='bbox 2951 5789 3135 5854; x_wconf 88' lang='lat' dir='ltr'><strong>vetuit,</strong></span> <span class='ocrx_word' id='word_1_906' title='bbox 3167 5804 3288 5844; x_wconf 87' lang='lat' dir='ltr'><strong>cum</strong></span> <span class='ocrx_word' id='word_1_907' title='bbox 3329 5792 3587 5859; x_wconf 87' lang='lat' dir='ltr'><strong>scripsit:</strong></span> 
     </span>
    </p>
   </div>
   <div class='ocr_carea' id='block_1_117' title="bbox 2010 5876 3588 5940">
    <p class='ocr_par' dir='ltr' id='par_1_117' title="bbox 2010 5876 3588 5940">
     <span class='ocr_line' id='line_1_117' title="bbox 2010 5876 3588 5940; baseline 0.008 -15"><span class='ocrx_word' id='word_1_908' title='bbox 2010 5876 2133 5927; x_wconf 72' lang='lat' dir='ltr'><strong>Feci</strong></span> <span class='ocrx_word' id='word_1_909' title='bbox 2160 5878 2285 5929; x_wconf 87' lang='lat' dir='ltr'><strong>mihi</strong></span> <span class='ocrx_word' id='word_1_910' title='bbox 2316 5877 2491 5931; x_wconf 86' lang='lat' dir='ltr'><strong>domos</strong></span> <span class='ocrx_word' id='word_1_911' title='bbox 2514 5888 2559 5930; x_wconf 88' lang='lat' dir='ltr'><strong>et</strong></span> <span class='ocrx_word' id='word_1_912' title='bbox 2589 5877 2776 5940; x_wconf 88' lang='lat' dir='ltr'><strong>hortos,</strong></span> <span class='ocrx_word' id='word_1_913' title='bbox 2806 5889 2860 5932; x_wconf 89' lang='lat' dir='ltr'><strong>ct</strong></span> <span class='ocrx_word' id='word_1_914' title='bbox 2906 5889 3101 5935; x_wconf 58' lang='lat' dir='ltr'><strong>caetera</strong></span> <span class='ocrx_word' id='word_1_915' title='bbox 3139 5899 3151 5934; x_wconf 92' lang='lat'><strong>:</strong></span> <span class='ocrx_word' id='word_1_916' title='bbox 3190 5892 3238 5934; x_wconf 84' lang='lat' dir='ltr'><strong>et</strong></span> <span class='ocrx_word' id='word_1_917' title='bbox 3263 5897 3373 5934; x_wconf 88' lang='lat' dir='ltr'><strong>ecce</strong></span> <span class='ocrx_word' id='word_1_918' title='bbox 3416 5883 3588 5937; x_wconf 86' lang='lat' dir='ltr'><strong>omnia</strong></span> 
     </span>
    </p>
   </div>
   <div class='ocr_carea' id='block_1_118' title="bbox 2008 5966 3588 6040">
    <p class='ocr_par' dir='ltr' id='par_1_118' title="bbox 2008 5966 3588 6040">
     <span class='ocr_line' id='line_1_118' title="bbox 2008 5966 3588 6040; baseline 0.006 -22"><span class='ocrx_word' id='word_1_919' title='bbox 2008 5966 2229 6029; x_wconf 76' lang='lat' dir='ltr'><strong>vanitas,</strong></span> <span class='ocrx_word' id='word_1_920' title='bbox 2262 5978 2309 6019; x_wconf 88' lang='lat' dir='ltr'><strong>et</strong></span> <span class='ocrx_word' id='word_1_921' title='bbox 2335 5969 2419 6021; x_wconf 87' lang='lat' dir='ltr'><strong>odi</strong></span> <span class='ocrx_word' id='word_1_922' title='bbox 2450 5984 2644 6020; x_wconf 89' lang='lat' dir='ltr'><strong>omnem</strong></span> <span class='ocrx_word' id='word_1_923' title='bbox 2681 5969 2902 6022; x_wconf 82' lang='lat' dir='ltr'><strong>laborent</strong></span> <span class='ocrx_word' id='word_1_924' title='bbox 2932 5988 3128 6037; x_wconf 81' lang='lat' dir='ltr'><strong>meum,</strong></span> <span class='ocrx_word' id='word_1_925' title='bbox 3154 5989 3251 6040; x_wconf 85' lang='lat' dir='ltr'><strong>quo</strong></span> <span class='ocrx_word' id='word_1_926' title='bbox 3278 5988 3370 6036; x_wconf 89' lang='lat' dir='ltr'><strong>eqo</strong></span> <span class='ocrx_word' id='word_1_927' title='bbox 3415 5976 3588 6028; x_wconf 81' lang='lat' dir='ltr'><strong>labere</strong></span> 
     </span>
    </p>
   </div>
   <div class='ocr_carea' id='block_1_119' title="bbox 2014 6056 3583 6134">
    <p class='ocr_par' dir='ltr' id='par_1_119' title="bbox 2014 6056 3583 6134">
     <span class='ocr_line' id='line_1_119' title="bbox 2014 6056 3583 6134; baseline 0.006 -24"><span class='ocrx_word' id='word_1_928' title='bbox 2014 6056 2102 6111; x_wconf 85' lang='lat' dir='ltr'><strong>sub</strong></span> <span class='ocrx_word' id='word_1_929' title='bbox 2122 6056 2226 6110; x_wconf 83' lang='lat' dir='ltr'><strong>sole</strong></span> <span class='ocrx_word' id='word_1_930' title='bbox 2248 6056 2441 6130; x_wconf 73' lang='lat' dir='ltr'><strong>(Ecrtc.</strong></span> <span class='ocrx_word' id='word_1_931' title='bbox 2464 6056 2518 6110; x_wconf 74' lang='lat'><strong>2.</strong></span> <span class='ocrx_word' id='word_1_932' title='bbox 2544 6058 2594 6114; x_wconf 79' lang='grc'><strong>5.</strong></span> <span class='ocrx_word' id='word_1_933' title='bbox 2626 6058 2708 6114; x_wconf 83' lang='grc'><strong>11.</strong></span> <span class='ocrx_word' id='word_1_934' title='bbox 2742 6060 2852 6132; x_wconf 79' lang='grc'><strong>17).</strong></span> <span class='ocrx_word' id='word_1_935' title='bbox 2881 6060 2994 6118; x_wconf 69' lang='lat' dir='ltr'><strong>Non</strong></span> <span class='ocrx_word' id='word_1_936' title='bbox 3021 6063 3171 6131; x_wconf 80' lang='lat' dir='ltr'><strong>dmt,</strong></span> <span class='ocrx_word' id='word_1_937' title='bbox 3197 6064 3372 6134; x_wconf 74' lang='lat' dir='ltr'><strong>Super</strong></span> <span class='ocrx_word' id='word_1_938' title='bbox 3392 6066 3583 6129; x_wconf 72' lang='lat' dir='ltr'><strong>solem,</strong></span> 
     </span>
    </p>
   </div>
  </div>
