4504 6710
880 577 946 632 Π
2136 573 2352 632 I’ALLA
2364 572 2443 630 υιι
2489 573 2659 628 υι.ιι.‹

2364 572 2443 630 uti
2489 573 2823 631 DlAlDCUS
4081 589 4141 644 :3

879 703 948 743 ne
975 687 1360 744 intellectualcs
1407 687 1620 742 labores
1661 686 1851 758 injuria
1897 685 2156 740 afﬁceret.
2191 685 2314 740 llaec
2359 699 2457 738 au-

878 787 987 832 tem
1014 777 1157 845 dico,
1182 795 1286 832 non
1312 777 1774 848 cotnprelieudens
1793 792 1905 840 eos,
1932 777 2022 846 qui
2045 777 2186 846 justa
2211 777 2277 830 de
2299 789 2457 830 causa

878 879 935 926 et
979 871 1301 926 necessitate
1343 871 1604 927 ecclesias
1644 871 1878 927 condunt
1919 879 2009 922 aut
2053 871 2326 935 reﬁciunt;
2362 867 2455 922 sed

879 962 1091 1016 illorum
1136 977 1320 1027 causa,
1351 964 1440 1034 qui
1477 965 1617 1019 bona
1656 977 1944 1032 pauperum
1977 962 2028 1015 in
2083 963 2300 1031 pensilia
2345 975 2457 1013 am-

878 1050 1114 1118 bulacra,
1129 1061 1186 1109 et
1209 1053 1470 1108 aeriarum
1489 1068 1740 1122 aquarum
1766 1052 2096 1121 receptacula
2122 1053 2173 1106 in
2191 1051 2357 1106 tertiis
2375 1061 2456 1102 ta-

879 1143 1094 1206 bulatis.
1122 1154 1176 1200 et
1205 1145 1448 1198 indecem
1475 1143 1900 1199 elfemiuatorum
1942 1143 2216 1198 hominum
2246 1144 2454 1198 lavacra

878 1233 935 1286 in
981 1234 1116 1289 locis
1162 1234 1384 1289 occultis
1424 1244 1768 1302 consumunt,
1805 1244 1912 1289 tum
1964 1243 2022 1289 ιιι
2061 1237 2176 1304 plus
2217 1233 2454 1304 pecunia:

878 1324 1183 1388 corradant,
1215 1333 1326 1378 tum
1355 1333 1414 1390 ut
1447 1336 1692 1379 amemur
1741 1341 1768 1378 a
1820 1329 2017 1379 scurris
2045 1335 2098 1379 ct
2141 1326 2334 1390 mimis,
2365 1324 2452 1392 qui

877 1426 978 1480 pro
1019 1413 1198 1468 studio
1230 1415 1366 1469 hanc
1407 1431 1562 1468 unam
1606 1414 1904 1468 mercedem
1965 1415 2282 1482 rependunt,
2315 1413 2453 1481 qttod

881 1505 1064 1560 omnia
1110 1507 1176 1561 ad
1226 1509 1544 1575 voluptatem
1587 1505 1858 1574 indulgent
1891 1506 2252 1574 peccantibus.
2302 1505 2456 1559 Absit

879 1605 1058 1652 autem
1088 1613 1117 1650 a
1145 1614 1250 1659 me,
1281 1599 1360 1651 vir
1387 1597 1560 1667 magni
1588 1598 1818 1652 nominis
1843 1597 2142 1662 Theodore,
2172 1605 2228 1649 ιιι
2254 1597 2454 1664 impro-

878 1686 960 1740 bis
981 1702 1227 1756 umquam
1253 1687 1488 1757 placeam
1511 1705 1525 1742 :
1551 1706 1654 1743 non
1677 1690 1818 1744 enim
1837 1689 2049 1743 aliunde
2071 1690 2197 1758 ipsis
2216 1687 2452 1758 placebo,

875 1791 1034 1846 quam
1060 1793 1127 1832 ex
1154 1779 1218 1832 iis
1247 1795 1366 1849 quae
1402 1778 1617 1834 Christo
1648 1795 1754 1834 non
1786 1781 2016 1849 placent.
2055 1781 2205 1834 Dtac.
2234 1781 2312 1834 Ad
2346 1781 2456 1833 lnec

874 1869 1103 1926 miratus
1147 1871 1464 1926 Theodorus
1506 1874 1870 1942 interrogavit,
1902 1872 2125 1927 dicens:
2165 1874 2294 1927 Cum
2343 1873 2456 1927 haec

875 1961 949 2016 ita
979 1977 1046 2017 ex
1087 1971 1275 2017 natura
1301 1963 1442 2018 dicta
1471 1965 1611 2028 sint,
1645 1975 1697 2017 et
1743 1964 1916 2016 nullus
1945 1962 2346 2017 contradicendi
2385 1963 2457 2016 sit

873 2051 1048 2117 locus,
1063 2052 1106 2106 si
1123 2053 1249 2122 quid
1277 2054 1412 2107 nosti
1436 2053 1502 2106 de
1529 2053 1588 2106 iis
1606 2069 1725 2121 qua:
1742 2053 1793 2106 iit
1813 2054 1936 2106 Asia
1953 2067 1981 2105 a
1999 2052 2054 2107 S.
2083 2052 2286 2106 Joanne
2302 2062 2451 2121 gesta

872 2149 1020 2209 sunt,
1045 2142 1112 2196 de
1138 2157 1241 2210 quo
1285 2157 1424 2195 nunc
1452 2141 1606 2196 nobis
1644 2157 1820 2197 sermo
1857 2151 1958 2206 est,
2001 2141 2277 2196 nobiscum
2306 2156 2452 2194 com-

871 2230 1098 2282 munica.
1127 2229 1299 2284 Ertsc.
1335 2229 1398 2283 Et
1423 2231 1639 2284 omnino
1666 2229 1900 2298 quidem.
1927 2231 2077 2285 Duc.
2106 2232 2184 2283 An
2219 2244 2452 2298 prmsens

867 2317 1102 2374 novisti?
1126 2334 1192 2372 an
1237 2319 1305 2374 ab
1331 2321 1440 2374 alio
1471 2321 1759 2389 accepisti?
1791 2321 1962 2375 Eetsc.
1991 2320 2099 2376 Sed
2130 2336 2196 2374 ne
2237 2321 2452 2374 minima

868 2408 1082 2478 quidem
1109 2418 1259 2480 parte
1281 2410 1369 2465 isti
1394 2411 1597 2481 judicio
1623 2411 1786 2465 defui.
1816 2411 1966 2466 Duc.
2009 2411 2261 2479 Quaenam
2297 2411 2456 2480 igitur

869 2499 1192 2570 subsequuta
1217 2511 1360 2567 sunt,
1393 2518 1619 2571 quemve
1648 2503 1805 2557 ﬁnem
1848 2510 2196 2569 acceperunt,
2238 2511 2289 2555 et
2317 2500 2455 2555 unde

870 2589 1184 2660 principium
1213 2591 1542 2658 habuerunt,
1567 2593 1872 2662 singillatim
1902 2593 2030 2645 mihi
2065 2591 2262 2646 exhibe
2290 2607 2304 2644 :
2333 2591 2453 2662 quia

867 2678 1194 2750 Theophilus
1222 2685 1570 2738 temeritatem
1593 2698 1743 2736 suam
1772 2684 2000 2736 maxime
2031 2682 2315 2736 honestare
2341 2685 2453 2737 sive

868 2771 1079 2840 operire
1120 2773 1324 2839 volens,
1373 2775 1426 2827 in
1461 2773 1640 2827 libello
1683 2788 1782 2827 suo
1812 2773 1904 2838 ait,
1935 2772 2146 2828 beatum
2185 2771 2448 2826 Joannem

867 2861 1172 2916 dominandi
1218 2862 1437 2918 libidine
1483 2874 1782 2932 permotum
1805 2863 1890 2916 die
1916 2879 2015 2915 ttna
2038 2861 2307 2917 sexdecim
2337 2863 2450 2930 epi-

868 2968 1061 3023 scopas
1097 2954 1428 3024 deposuisse,
1459 2966 1512 3010 et
1552 2970 1698 3017 suos,
1733 2955 1848 3008 loco
1884 2955 2122 3017 illorum,
2152 2954 2448 3008 ordinasse.

869 3045 1046 3102 Ense.
1070 3046 1210 3101 Nihil
1227 3063 1256 3100 a
1281 3048 1390 3101 suis
1411 3048 1646 3102 moribus
1670 3047 1900 3101 alienum
1929 3046 2052 3102 fecit
2069 3046 2322 3100 miriﬁcus
2340 3045 2450 3109 ille,

867 3147 921 3190 et
949 3152 1071 3191 cum
1099 3146 1283 3191 contra
1304 3137 1561 3192 Joannem
1583 3139 1817 3206 scripsit,
1847 3145 1900 3192 et
1925 3153 2045 3191 cum
2066 3135 2194 3191 falsa
2221 3136 2451 3205 scripsit.

867 3227 946 3281 Ex
998 3227 1190 3296 quibus
1235 3229 1379 3282 enim
1425 3228 1808 3282 absconsurum
1853 3245 1912 3282 se
1969 3237 2115 3296 putat
2156 3225 2452 3282 fmditatem

868 3333 1042 3379 suam,
1071 3333 1138 3371 ex
1169 3317 1357 3371 iisdem
1390 3317 1532 3370 illam
1560 3317 1725 3385 magis
1755 3316 2001 3378 traducit,
2033 3317 2118 3370 vel
2143 3316 2342 3368 invitus
2365 3313 2452 3366 in—

868 3406 1170 3460 nocentiam
1193 3405 1433 3470 Joannis,
1464 3421 1611 3460 more
1642 3406 1891 3471 Balaami,
1920 3420 2204 3460 exornans.
2227 3405 2283 3460 Si
2309 3405 2449 3459 enim

869 3514 991 3552 cum
1021 3497 1362 3566 deposuerat,
1397 3515 1503 3552 non
1531 3513 1665 3568 opus
1693 3507 1808 3553 erat
1844 3499 2063 3567 scripto,
2093 3513 2199 3550 non
2227 3497 2415 3551 exsilio
2434 3538 2447 3560 ,

864 3604 983 3642 eum
1006 3587 1270 3656 depositio
1295 3590 1406 3654 ipsa
1429 3589 1660 3642 sufﬁciat
1682 3588 1746 3642 ad
1769 3587 2133 3643 confusionem
2157 3603 2341 3642 eorum
2365 3587 2452 3655 qui

867 3677 1239 3748 deponuntur;
1267 3679 1360 3731 sed
1385 3679 1636 3746 quoniam
1686 3680 1876 3748 deponi
1911 3695 2013 3732 noti
2061 3685 2233 3746 potest
2263 3679 2453 3732 virt'tle

867 3768 1140 3838 pra:ditus,
1161 3779 1319 3839 atque
1345 3772 1514 3823 victus
1526 3772 1795 3823 victoriam
1818 3770 2007 3830 refert,
2029 3781 2207 3823 manet
2229 3769 2444 3835 invidia,

866 3861 1070 3916 t-ladetn
1099 3878 1161 3915 ex
1187 3861 1376 3932 injusta
1411 3863 1628 3917 victoria
1650 3872 1945 3930 reportans,
1979 3863 2134 3916 bulla:
2162 3865 2211 3914 in
2245 3878 2447 3916 morem

868 3963 1211 4022 turgescens;
1243 3965 1296 4007 et
1322 3956 1372 4007 in
1400 3955 1628 4022 seipsam
1651 3954 1898 4015 contrita,
1925 3955 2162 4007 scribens
2189 3963 2240 4006 et
2263 3953 2451 4006 inseri-

868 4045 1001 4099 bcns
1035 4046 1156 4099 illud
1190 4046 1333 4099 Isaia:
1366 4046 1635 4115 propheta:
1655 4089 1668 4106 ,
1699 4062 1776 4097 va:
1805 4046 1928 4099 illud
1962 4047 2011 4098 iu
2055 4061 2111 4098 se
2141 4046 2415 4099 attraheus
2435 4085 2449 4107 ,

865 4135 991 4190 dum
1024 4135 1150 4188 falsa
1175 4136 1350 4189 omnia
1369 4145 1422 4189 ct
1451 4135 1588 4196 facit,
1621 4136 1835 4193 cldicit.
1865 4145 1912 4189 et
1938 4135 2141 4188 scribit.
2182 4134 2267 4188 Va:
2286 4136 2448 4200 enim,

867 4227 991 4282 dicit
1036 4227 1228 4292 Isaias,
1268 4229 1352 4296 qui
1391 4228 1652 4281 scribunt:
1697 4229 2007 4298 iniquitatem
2057 4228 2186 4279 enim
2230 4229 2453 4280 scribunt

869 4317 1019 4390 (lsai.
1055 4319 1140 4374 10.
1173 4319 1246 4388 1).
1279 4320 1349 4374 De
1381 4319 1463 4372 his
1493 4331 1668 4374 autem
1696 4322 1781 4388 qui
1817 4321 1866 4372 in
1899 4321 2018 4373 Asia
2055 4319 2278 4388 depositi
2306 4328 2444 4382 sunt,

867 4427 973 4466 non
1020 4411 1286 4465 sexdecim
1309 4454 1324 4473 ,
1357 4412 1448 4466 sed
1484 4428 1574 4465 sev
1610 4421 1810 4465 tantum
1857 4413 2142 4480 episcopis,
2192 4420 2245 4463 ut
2271 4427 2449 4464 coram

870 4503 979 4555 Deo
1023 4501 1202 4572 judice
1227 4502 1397 4556 dicam
1434 4545 1448 4567 ,
1483 4502 1612 4556 nihil
1649 4502 1717 4556 de
1759 4504 1964 4556 numeri
1993 4503 2285 4570 quantitate
2318 4503 2447 4555 sub-

871 4593 1099 4655 traham,
1133 4594 1258 4646 nihil
1281 4610 1458 4648 rcrum
1488 4595 1725 4663 qualitati
1757 4595 2026 4661 adjiciam,
2055 4592 2149 4646 sed
2173 4603 2228 4644 ut
2255 4592 2447 4645 veritas

870 4700 989 4738 sese
1025 4684 1204 4740 habet.
1250 4686 1326 4738 sic
1382 4685 1474 4738 tibi
1524 4700 1806 4753 exponam.
1835 4685 2013 4739 Tertia
2057 4685 2262 4740 decima
2309 4686 2446 4739 imii-

867 4778 1043 4828 ctionc
1066 4785 1323 4829 venerunt
1348 4775 1861 4844 Constantinopolim
1893 4775 2071 4828 Asiani
2101 4776 2333 4844 episcopi
2359 4791 2450 4828 ne-

865 4865 1169 4918 cessitatum
1201 4865 1548 4934 quarumdam
1579 4868 1745 4935 gratia
1780 4884 1792 4917 :
1827 4868 1858 4918 ii
1907 4866 2181 4918 nobiscum
2210 4879 2445 4919 commo-

866 4955 1137 5018 rabantur,
1163 4958 1508 5024 praesentibus
1529 4958 1686 5010 etiam
1710 4957 1826 5009 aliis
1842 4973 1903 5010 ex
1922 4956 2137 5026 Scythia
2163 4957 2447 5024 episcOpis,

864 5047 1147 5103 Theotimo
1188 5049 1425 5112 scilicet,
1457 5056 1614 5115 atque
1667 5065 1732 5101 ex
1767 5048 1992 5102 Thracia
2019 5049 2282 5102 Ammone
2314 5048 2448 5117 Egy-

866 5139 998 5208 ptio,
1021 5147 1073 5192 et
1097 5155 1162 5193 ex
1187 5138 1390 5192 Galatia
1419 5139 1707 5198 Arabiano.
1741 5141 2092 5208 metropolitis
2112 5139 2359 5194 omnibus
2387 5154 2449 5193 ac

867 5229 1106 5294 senibus,
1139 5245 1303 5298 usque
1346 5231 1411 5284 ad
1451 5230 1630 5299 viginti
1681 5232 1906 5284 duorum
1951 5233 2320 5302 episeoporum
2350 5249 2448 5285 nu-

867 5336 1094 5372 merum.
1131 5319 1194 5372 Et
1221 5321 1468 5374 omnibus
1490 5321 1842 5389 congregatis,
1868 5331 2024 5388 atque.
2053 5323 2452 5376 communican-

870 5411 1027 5474 tibus,
1063 5411 1324 5465 Eusebius
1361 5413 1573 5481 quidam
1614 5429 1644 5467 e
1677 5411 1933 5467 Cilbianis
1963 5413 2122 5481 jugis,
2169 5416 2450 5482 episcopus

867 5501 1449 5573 Valentinopolitantis,
1479 5514 1849 5574 congregatam
1893 5506 1954 5574 S)
1971 5505 2165 5560 nmium
2206 5522 2324 5559 cum
2355 5505 2452 5558 ob-

866 5607 1152 5657 scrvasset,
1206 5615 1310 5650 uno
1356 5596 1560 5650 sabbati
1611 5598 1936 5664 adveniens,
1986 5597 2188 5652 libellos
2236 5598 2451 5652 tradidit

865 5686 1101 5757 Synodo,
1128 5692 1411 5756 praeposito
1440 5690 1660 5752 scilicet,
1693 5699 1747 5741 ut
1773 5705 2106 5758 consequens
2131 5700 2262 5752 erat,
2289 5690 2452 5744 Joan-

869 5784 952 5836 nis
992 5782 1236 5845 nomine,
1289 5792 1466 5835 contra
1501 5781 1850 5846 Antoninum,
1883 5783 2187 5852 episcopum
2224 5782 2444 5852 Ephesi,

868 5885 1070 5941 septem
1116 5873 1344 5944 Capitula
1394 5873 1651 5930 inserens.
1712 5873 1946 5928 Primum
2004 5875 2251 5942 quidem,
2307 5873 2444 5943 quod

866 5965 1108 6020 coullatis
1134 5983 1299 6022 sacris
1330 5969 1468 6022 vasis
1495 5977 1768 6038 argentum
1802 5965 1852 6022 in
1885 5982 2033 6021 usum
2066 5966 2157 6019 lilii
2191 5968 2393 6021 lerisset
2429 5983 2444 6032 ;

2571 685 2883 750 secundum,
2908 691 3050 758 quod
3076 692 3308 745 ablatum
3336 691 3403 746 de
3426 692 3660 761 ingressu
3688 689 3978 758 baptism-ii
4003 715 4144 750 mar-

2565 792 2682 831 mor
2713 778 2764 830 in
2809 777 3056 833 balneum
3091 785 3447 838 transtulisset
3476 803 3489 838 :
3520 781 3711 837 deinde
3749 780 4025 836 columnas
4054 803 4144 842 ec-

2562 869 2903 932 clesiasticas,
2944 886 2971 920 a
3022 871 3263 938 pluribus
3298 876 3451 928 anuis
3490 876 3750 945 jacentes.
3796 873 3929 926 intra
3985 887 4143 932 suum

2561 959 2835 1014 statuisset
2858 958 3140 1012 triclinium
3168 978 3178 1012 :
3203 975 3472 1031 quartum,
3496 965 3634 1032 quod
3664 981 3792 1035 puer
3806 966 3919 1032 ejus
3939 962 4143 1018 ardent

2562 1061 2845 1118 patrassct,
2873 1067 3029 1120 quem
3055 1051 3228 1106 adhuc
3257 1054 3481 1110 haberet
3505 1059 3554 1110 in
3586 1059 3879 1113 ministerio
3907 1055 4146 1124 irrepre-

2561 1141 2828 1196 hensum:
2861 1149 3122 1211 quinttnn,
3169 1143 3312 1211 quod
3358 1147 3558 1213 prmdia
3604 1146 3854 1203 Ecclesia:
3889 1146 4072 1202 relicta
4115 1160 4145 1198 a

2563 1233 2812 1300 Basilina,
2845 1234 3036 1287 Juliani
3082 1233 3427 1304 Imperatoris
3457 1248 3659 1303 matre,
3693 1241 4036 1304 vendidisset,
4075 1239 4138 1292 si-

2561 1323 2720 1394 bique
2749 1325 3066 1378 \indicasset
3097 1342 3110 1377 :
3151 1333 3383 1387 sextum,
3415 1328 3560 1395 quod
3589 1329 3802 1383 dimissa
3833 1347 3998 1385 uxore
4027 1345 4144 1392 sua,

2561 1428 2683 1468 eum
2713 1431 2773 1468 ea
2803 1430 2984 1469 rursus
3009 1430 3327 1486 congressus
3357 1427 3522 1481 cson,
3555 1418 3797 1488 ﬁliosque
3839 1437 3902 1474 ex
3931 1436 3992 1473 ea
4023 1436 4148 1490 pro-

2560 1517 2795 1558 creasset
2823 1525 2835 1558 :
2866 1509 3151 1576 septimum
3173 1549 3188 1570 ,
3219 1507 3358 1576 quod
3387 1521 3484 1578 pro
3512 1508 3626 1576 lege
3655 1519 3708 1562 et
3733 1513 4020 1565 constituto
4049 1514 4146 1566 ha-

2560 1595 2713 1650 beret
2746 1598 3110 1654 ordinationes
3138 1603 3508 1670 episcoporum
3541 1599 3770 1652 vendere
3803 1601 3951 1669 juxta
3984 1604 4148 1656 ratio-

2560 1701 2680 1739 nem
2744 1687 3029 1742 redituum.
3093 1689 3298 1743 Adsunt
3361 1702 3416 1745 et
3477 1690 3565 1760 qui
3627 1689 3892 1744 dederunt
3947 1693 4145 1762 quique

2560 1778 2787 1833 ordinati
2837 1791 2994 1842 sunt,
3040 1791 3093 1834 et
3148 1781 3262 1848 ipse
3311 1782 3400 1849 qui
3457 1782 3658 1852 accepit
3705 1800 3719 1836 :
3771 1797 3833 1835 ac
3886 1791 4144 1852 pra-terea

2564 1871 2907 1939 probationes
2935 1870 3125 1924 habeo.

2629 1961 2756 2013 (Σιιι).
2783 1962 3116 2014 itm—Duc.
3145 1960 3290 2014 llanc
3309 1975 3532 2028 ,qua-so,
3556 1958 3994 2026 Fater,coutrahe
4014 1979 4141 2018 nar-

2557 2053 2840 2104 rationem:
2861 2051 3125 2105 l.eduutur
3140 2053 3278 2106 enim
3300 2065 3607 2121 prtesentes,
3628 2055 3892 2123 episcopis
3911 2056 4008 2109 ista
4024 2071 4145 2111 nar-

2555 2141 2814 2205 rantibus,
2845 2142 3200 2211 multomagis
3228 2143 3325 2196 ista
3350 2145 3694 2212 patrantihus.
3741 2145 3913 2200 Ense.
3947 2147 4143 2200 Memi-

2554 2235 2846 2302 serum,qui
2864 2233 3050 2287 diebus
3068 2233 3148 2287 his
3165 2244 3464 2288 reservatus
3478 2235 3812 2303 sum,quibus
3829 2237 4048 2302 pecunia
4061 2253 4144 2288 sa.

2556 2322 2850 2376 CCI‘dOlillm
2865 2323 3124 2388 venditur,
3143 2326 3185 2376 si
3201 2333 3373 2378 tamen
3393 2323 3744 2378 sacerdotium
3767 2333 3865 2377 est.
3886 2324 4145 2392 lusipien-

2561 2414 2790 2467 tereuitn
2808 2413 2906 2467 feci
2929 2415 3015 2484 qui
3036 2414 3133 2467 ista
3151 2416 3443 2476 retulerim,
3460 2431 3578 2469 cum
3593 2415 4144 2470 tibtrectalorchoan-

2559 2504 2642 2557 nis
2660 2519 2723 2557 eo
2746 2518 2844 2557 nos
2865 2505 3157 2574 adegerint.
3185 2505 3378 2559 Verum
3413 2507 3672 2574 patienter
3701 2504 3840 2558 feras
3864 2520 3967 2571 me,
3990 2507 4145 2560 obsc-

2561 2610 2675 2660 cro,
2705 2602 2762 2648 ut
2791 2594 2914 2648 hinc
2935 2594 3376 2665 quoqchuannis
3399 2596 3812 2648 moderationem
3841 2595 4142 2659 admireris,

2557 2687 2644 2755 qui
2667 2686 2852 2739 sedato
2874 2685 3085 2739 interim
3111 2685 3246 2750 zelo,
3277 2684 3410 2737 dixit
3439 2685 3701 2737 Eusebio:
3729 2685 3920 2739 Eusebi
3956 2684 4142 2749 frater,

2555 2777 2803 2844 quoniam
2834 2791 2976 2844 s-.epe
3001 2775 3058 2828 ﬁt
3086 2783 3139 2828 ιιι
3169 2776 3538 2830 accusationes
3563 2791 3680 2845 qua:
3707 2775 3837 2830 ﬁunt
3863 2791 3893 2830 a
3931 2787 4145 2845 pertur-

2555 2867 2769 2920 batione
2795 2867 2980 2930 animi,
3006 2865 3187 2921 faciles
3217 2867 3558 2934 probationes
3590 2882 3695 2918 non
3721 2867 3986 2931 habeant,
4021 2867 4141 2920 sine

2558 2968 2608 3013 te
2635 2959 2845 3012 exorari
2877 2999 2892 3022 ,
2921 2966 2978 3011 ut
3001 2973 3182 3012 cesses
3209 2959 3534 3012 Antoninum
3573 2956 3789 3013 fratrem
3820 2959 4019 3026 scripto
4044 2974 4139 3012 ac-

2557 3061 2764 3113 cusare,
2799 3047 2953 3102 nobis
2975 3062 3163 3101 causas
3185 3047 3443 3101 molestia:
3469 3048 3880 3116 corrigentibus.
3911 3047 3988 3100 Ad
4023 3047 4139 3102 ha-c

2560 3138 2636 3192 ira
2662 3152 2917 3191 accensus
2943 3178 2957 3201 ,
3007 3137 3315 3192 durioribus
3344 3154 3470 3190 usus
3507 3147 3589 3190 est
3617 3138 3789 3191 verbis
3813 3179 3828 3201 ,
3884 3136 4139 3192 adversus

2558 3229 2885 3282 Antoninum
2926 3237 3066 3282 totus
3107 3243 3167 3282 se
3191 3227 3418 3282 ell'erens
3450 3269 3463 3289 ,
3491 3238 3543 3281 et
3571 3229 3622 3281 ia
3654 3229 3988 3282 accusatione
4015 3245 4137 3296 per-

2557 3321 2771 3374 sistens.
2807 3321 3059 3374 Hortatur
3079 3320 3312 3374 Joannes
3337 3319 3552 3372 Paulum
3575 3359 3592 3383 ,
3641 3320 3945 3388 episcopum
3972 3318 4139 3372 llera-

2557 3414 2725 3480 cle:e(
2753 3428 2875 3467 nam
2906 3415 2949 3465 is
2981 3412 3250 3466 Antonino
3272 3410 3449 3465 favere
3474 3411 3752 3464 videbatur
3778 3411 3795 3478 )
3827 3452 3841 3474 ,
3882 3419 3933 3461 tit
3957 3425 4052 3462 eos
4083 3411 4137 3464 in

2558 3507 2841 3561 amicitiam
2865 3505 3233 3574 compelleret.
3251 3504 3612 3573 Surgeusque,
3632 3503 3916 3555 ecclesiam
3935 3502 4139 3570 ingres-

2558 3610 2649 3650 sus
2665 3604 2766 3660 est,
2787 3612 2886 3648 una
2911 3610 3030 3648 cum
3053 3595 3337 3662 episcopis;
3361 3592 3625 3646 eratcnim
3646 3591 3888 3645 sacriﬁcii
3909 3602 4134 3660 tempus:

2560 3704 2848 3758 pacemque
2881 3689 3076 3757 populo
3099 3702 3162 3740 ex
3197 3701 3345 3739 more
3372 3695 3616 3753 precatus
3643 3725 3657 3745 ,
3703 3683 3840 3736 Sedit
3867 3699 3986 3736 cum
4014 3683 4136 3735 reli-

2554 3779 2671 3847 quis
2701 3779 2983 3846 episcopis.
3032 3777 3177 3831 Clarii
3229 3787 3404 3829 autem
3445 3773 3818 3842 subingressus
3861 3784 4139 3825 accusator

2556 3868 2839 3932 Eusebius,
2868 3882 3048 3920 coram
3077 3865 3221 3921 omni
3251 3865 3446 3935 populo
3491 3873 3545 3918 ct
3596 3863 3861 3933 episcopis
3902 3863 4134 3917 libellum

2555 3962 2714 4012 alium
2746 3957 2902 4011 oil‘ert
2927 3958 3114 4011 cadent
3139 3959 3497 4011 continentem
3541 3975 3553 4008 :
3601 3956 3850 4025 adjttrans
3875 3955 4134 4010 Joannem

2557 4048 3172 4117 ltorrendisjuramentis
3199 4089 3214 4114 ,
3257 4049 3445 4117 quibus
3471 4049 3694 4102 salutem
3722 4062 3930 4117 quoque
3957 4047 4135 4116 Impe-

2558 4151 2793 4197 ratorum
2826 4141 3136 4209 complexus
3165 4151 3248 4193 est
3278 4181 3293 4205 ,
3345 4139 3506 4192 multa
3545 4155 3664 4192 cum
3696 4140 4130 4206 perturbatione:

2559 4245 2615 4285 ut
2637 4231 3072 4301 putarentpomtli
3102 4229 3215 4298 ejus
3245 4229 3599 4298 imprudentia
3627 4229 3912 4297 perterriti,
3962 4243 4081 4282 cum
4107 4245 4136 4280 a

2554 4323 2757 4378 Joanne
2780 4332 3044 4393 petere,ut
3073 4322 3230 4373 vitam
3255 4321 3351 4373 sibi
3377 4319 3443 4373 ab
3466 4320 3784 4387 lmperatore
3808 4320 4134 4388 impetraret.

2555 4415 2789 4470 Joannes
2822 4431 2948 4470 vero
2978 4457 2992 4478 ,
3042 4425 3092 4466 ut
3121 4413 3250 4465 vidit
3279 4411 3583 4464 instantiam
3615 4409 3844 4462 hominis
3872 4452 3886 4473 ,
3915 4409 4136 4463 studens

2556 4507 2998 4575 imperturbatum
3047 4513 3230 4557 tenere
3278 4503 3529 4570 populum
3557 4542 3571 4566 ,
3621 4500 3858 4554 libellum
3888 4501 4086 4568 rect-pit
4113 4543 4129 4564 ,

2557 4599 2812 4665 lectisque
2838 4595 3033 4649 divinis
3080 4592 3306 4660 eloquiis
3343 4590 3734 4659 PanSOphium,
3777 4589 4134 4656 Pissida-epi-

2553 4703 2794 4756 scopum,
2819 4696 2934 4740 orat
2963 4694 3016 4738 ut
3038 4683 3211 4738 divina
3237 4683 3372 4736 dona
3398 4682 3583 4736 oll‘erat
3607 4700 3617 4734 :
3638 4683 3750 4751 ipse
3771 4696 3890 4736 cum
3917 4682 4136 4750 reliquis

2555 4779 2818 4848 episcopis
2850 4792 3096 4845 egressus
3127 4781 3228 4826 est.
3280 4772 3505 4827 Nolebat
3530 4775 3669 4828 enim
3717 4772 3894 4826 animo
3923 4770 4136 4824 turbido

2554 4871 2871 4925 sacriﬁcium
2895 4867 3086 4925 facere,
3107 4867 3188 4920 liis
3214 4867 3478 4934 Evangelii
3498 4869 3890 4935 obtemperans:
3920 4864 4136 4929 Quando

2555 4961 2707 5028 o/fers
2733 4977 2914 5013 munus
2944 4970 3082 5012 tuum
3118 4957 3327 5028 (.llaltlt.
3355 4959 3404 5020 5,
3437 4958 3553 5024 '23),
3574 4967 3628 5011 et
3655 4957 3876 5025 reliqua.
3930 4953 3996 5006 lit
4021 4961 4138 5020 post

2557 5054 2922 5106 dimissionem
2948 5049 3124 5119 populi
3147 5049 3492 5104 considerans
3522 5048 3658 5117 apud
3685 5063 3762 5110 se,
3797 5057 3846 5099 ct
3866 5044 4060 5098 sedens
4085 5046 4135 5096 in

2557 5143 2862 5212 baptisterio
2883 5157 3002 5195 cum
3026 5140 3242 5208 reliquis
3261 5142 3518 5208 episeupis
3538 5182 3552 5204 ,
3572 5149 3930 5194 accusitorem
3955 5152 4135 5189 coram

2556 5237 2802 5290 ouiuibtts
2826 5233 3074 5291 advoeat.
3101 5232 3283 5284 dicens
3319 5233 3394 5285 ei:
3427 5231 3630 5284 Rursus
3656 5231 3841 5284 eadem
3877 5229 3965 5281 tibi
3987 5227 4131 5289 dico,

2553 5325 2694 5396 quod
2727 5325 2876 5378 multi
2907 5337 3140 5377 interere
3168 5322 3246 5374 vel
3276 5323 3349 5376 ira
3385 5323 3664 5392 compulsi,
3688 5322 3849 5376 multa
3878 5326 3932 5372 et
3952 5316 4111 5370 dicun

2553 5425 2605 5470 et
2633 5416 2895 5479 scrilumt,
2916 5431 3033 5483 qua:
3062 5413 3286 5483 probare
3313 5429 3415 5468 nou
3449 5421 3687 5481 possunt.
3736 5410 3792 5463 Si
3825 5408 3983 5477 igitur
4023 5423 4144 5460 ma-

2556 5507 2745 5562 nil'este
2774 5524 2834 5560 ea
2868 5506 3006 5560 nosti
3025 5548 3038 5571 ,
3076 5505 3141 5560 de
3163 5506 3355 5574 quibus
3385 5506 3528 5559 illum
3557 5517 3812 5557 accusare
3838 5504 3913 5553 vis
3942 5499 4134 5571 (neque

2555 5602 2696 5652 enim
2729 5599 2771 5650 si
2798 5597 2969 5666 possis
2993 5637 3004 5658 ,
3036 5597 3373 5664 repellimus;
3408 5611 3580 5662 neque
3608 5591 3865 5645 trahimus
3897 5631 3910 5652 ,
3943 5590 3987 5643 si
4027 5605 4130 5644 non

2556 5689 2770 5758 possis),
2794 5699 3073 5756 antequam
3102 5690 3305 5758 legatur
3328 5686 3555 5748 libellus,
3580 5685 3714 5753 elige
3736 5683 3875 5752 quod
3899 5682 4128 5750 expedit:

2556 5792 2832 5850 postquam
2857 5779 2996 5832 enim
3021 5780 3186 5834 lectus
3218 5779 3417 5841 fuerit,
3450 5786 3504 5829 et
3527 5776 3576 5827 iu
3606 5790 3760 5828 aures
3789 5775 4026 5828 omnium
4052 5790 4135 5827 \e-

2558 5873 2693 5925 nerit
2713 5913 2725 5932 ,
2753 5872 3006 5925 conlectis
3034 5882 3164 5924 actis
3199 5915 3211 5933 ,
3252 5885 3357 5924 non
3402 5867 3627 5934 amplius
3658 5867 3834 5921 licebit
3865 5906 3880 5930 ,
3908 5881 4026 5918 cum
4059 5876 4132 5914 θη

2563 5969 2861 6032 episcopus.
2893 5964 3232 6020 ςιΙιυΙιιιοιιιυιιι
3267 5975 3462 6030 petere.
3503 5958 3623 6015 l‘ost
3671 5961 3780 6015 lucc
3820 5971 4005 6013 rursus
4045 5955 4131 6005 ille
