4526 6710
397 603 465 658 Π
1424 603 1509 656 DE
1549 601 1705 655 \‘lTA
1750 600 1805 654 S.
1845 597 2131 654 JOANNIS
2163 598 2678 655 CIIRYSOSTOMI.
3609 603 3673 655 £3

390 721 566 788 ἥλιον.
598 719 679 773 ἵνα
725 720 798 791 μὴ
822 720 949 783 τοὺς
974 718 1197 789 νοητοὺς
1228 717 1535 790 καθυϐρίσῃ
1558 716 1770 777 πόνους.
1797 715 1979 768 Ταῦτα

392 803 450 856 δέ
470 804 632 872 λέγω,
664 806 725 859 ού
758 802 1297 876 συμπεριλαμϐάνων
1345 804 1473 865 τοὺς
1515 801 1754 867 εὐλόγως
1786 801 1878 853 καὶ
1910 801 1975 853 δι’

393 888 638 959 ἀνάγκην
671 892 956 956 κτίζοντας
989 889 1021 960 ἢ
1057 887 1476 960 διορθουμένους
1511 886 1583 939 τά
1619 886 1719 955 τῆς
1755 885 1983 955 Ἐκκλη-

396 971 537 1034 σίας,
572 972 707 1025 ἀλλά
741 972 830 1027 διά
852 975 980 1034 τοὺς
1010 970 1078 1024 τά
1108 972 1214 1025 τῶν
1242 971 1475 1043 πτωχῶν
1514 973 1595 1033 είς
1636 971 1981 1041 κρεμαστοὺς

393 1055 715 1125 περιϐόλους
741 1059 836 1111 καὶ
869 1056 1073 1127 ἀερίων
1099 1054 1305 1108 ὑδάτων
1330 1052 1635 1124 δεξαμενάς
1663 1056 1721 1105 ὲν
1751 1053 1985 1123 τριωρό‹

393 1153 515 1205 φοις
550 1138 644 1189 καὶ
673 1139 894 1211 ἀπρεπῆ
928 1138 1269 1208 ἀνδρογύνων
1305 1137 1509 1210 λουτρά
1552 1138 1610 1189 ἐν
1640 1135 1982 1206 ἀποκρύφοις

394 1221 911 1287 καταναλίσκοντας,
938 1222 971 1292 ἢ
1004 1223 1081 1284 εἰς
1112 1221 1377 1293 συλλογὴν
1407 1222 1653 1285 πλείονος
1693 1218 1977 1291 ἀργυρίου,

392 1305 426 1375 ἢ
463 1304 765 1375 τοῦμπαλιν
802 1307 950 1377 παρά
998 1305 1104 1356 τῶν
1136 1306 1465 1377 ἀθυρμάτων
1505 1305 1884 1375 ἀγαπηθῆναι,
1925 1306 1981 1355 ἐν

391 1388 542 1457 αὐτῷ
573 1390 745 1461 τούτῳ
772 1391 873 1459 τῆς
900 1388 1132 1458 σπουδῆς
1157 1390 1252 1459 τὴν
1292 1390 1449 1461 χάριν
1480 1387 1978 1458 ἀντιπληρούντων,

392 1473 455 1523 16
491 1485 513 1512 ι
556 1475 729 1527 πάντα
759 1475 896 1544 πρὸς
926 1473 1118 1542 ἡδονὴν
1170 1474 1432 1528 ἐνδιδόναι
1478 1479 1590 1535 τοῖς
1635 1473 1983 1542 ἁμαρτάνου-

396 1571 500 1610 σιν.
524 1556 677 1630 Ἐμοί
705 1560 759 1612 δέ
800 1558 874 1629 μὴ
903 1557 1136 1626 γένοιτο,
1164 1559 1404 1631 θεόδωρε
1442 1558 1825 1630 μεγαλώνυμε,
1850 1556 1983 1623 φαύ-

393 1638 507 1704 λοις
535 1643 732 1713 ἀρέσαι
773 1642 902 1695 ποτέ
925 1660 936 1671 ·
983 1642 1042 1693 οὺ
1080 1642 1189 1711 γάρ
1223 1642 1441 1696 ἄλλοθεν
1480 1646 1667 1704 αὐτοῖς
1713 1640 1916 1713 ἀρέσω.
1948 1640 1979 1711 ἢ

393 1724 459 1775 ἐκ
511 1725 618 1777 τῶν
670 1724 891 1797 Χριστῷ
979 1724 1053 1795 μὴ
1127 1726 1489 1795 ἀρεσκόντων.
1564 1727 1623 1778 ὐ
1666 1725 1851 1778 ΔΙΑΚ.
1891 1725 1982 1777 ἐπ).

395 1806 603 1869 τούτοις
633 1809 938 1879 θαυμάσας,
975 1811 1139 1879 ῆρετο
1174 1809 1372 1876 λέγων·
1405 1809 1624 1863 Τούτων
1654 1806 1796 1861 οὕτω
1832 1824 1983 1875 φυσι-

394 1891 506 1951 κῶς
537 1892 864 1962 εἰπμένων.
902 1892 997 1944 καὶ
1028 1892 1101 1961 μὴ
1143 1893 1375 1960 ἐχόντων
1419 1894 1775 1965 ἀντίρρησιν,
1814 1891 1870 1943 εῖ
1896 1892 1981 1954 τίς

396 1989 479 2026 σοι
507 1975 703 2042 γνῶσις
739 1979 866 2047 περὶ
902 1974 1011 2027 τῶν
1043 1976 1183 2027 κατά
1216 1977 1314 2045 τὴν
1357 1978 1541 2029 Ἀσίαν
1576 1977 1682 2028 ὑπὸ
1707 1975 1799 2028 τοῦ
1823 1975 1980 2043 ἁγίου

408 2057 675 2117 Ἰωάννου,
726 2060 854 2130 περὶ
895 2051 957 2111 οὗ
999 2058 1092 2111 νύν
1132 2060 1261 2128 ἡμῖν
1295 2062 1321 2111 6
1350 2060 1527 2128 λόγος,
1555 2058 1977 2129 τετυπωμένων,

393 2143 644 2212 μετάδος.
694 2146 751 2196 '0
793 2144 1043 2197 ‘EIIIXK.
1097 2144 1205 2196 Καὶ
1227 2145 1364 2197 πάνυ
1390 2162 1472 2213 γε.
1520 2144 1578 2197 ὐ
1600 2145 1780 2195 MAR.
1809 2144 1981 2207 A516;

393 2226 581 2299 παρὼν
607 2227 796 2295 ἔγνως,
823 2226 1006 2299 ἣπαρ’
1036 2226 1224 2297 ἐτέρου
1260 2228 1442 2297 μαθών
1459 2245 1472 2292 ς
1490 2228 1547 2280 ὐ
1570 2226 1812 2280 ἘΠΙΣΚ.
1838 2226 1979 2278 Ἀλλ’

389 2309 516 2363 οὔτε
543 2312 622 2372 είς
650 2311 710 2363 τὸ
738 2311 899 2382 τυχὸν
926 2310 1092 2383 μέρος
1123 2312 1271 2381 ἥμην
1302 2311 1651 2379 ἀπολειφθεὶς
1677 2310 1774 2379 τῆς
1802 2310 1978 2379 δίκης.

402 2392 463 2446 '0
493 2397 671 2447 AIAK.
719 2396 851 2448 Τίνα
891 2392 985 2448 οὖν
1006 2396 1123 2446 ἐστι
1161 2395 1229 2448 τά
1267 2396 1851 2466 παρακολουθήσαντα,
1889 2396 1981 2447 καὶ

394 2480 548 2531 ποῖον
581 2480 768 2547 εἰληφε
795 2480 967 2545 τέλος,
1005 2480 1099 2533 καὶ
1124 2479 1290 2533 πόθεν
1324 2479 1422 2550 τῆν
1475 2481 1650 2551 ἀρχὴν
1687 2478 1979 2547 ἐσχηκότα,

390 2560 746 2631 λεπτομερῶς
780 2579 867 2630 μοι
899 2564 1253 2635 παράστησον
1276 2578 1288 2591 ·
1326 2563 1513 2632 ἐπειδὴ
1540 2563 1773 2634 μάλιστα
1799 2564 1827 2615 ὁ
1853 2562 1983 2615 Θεό-

393 2646 549 2715 φιλος
592 2648 648 2698 ὲν
688 2645 765 2715 τῷ
807 2646 989 2716 οἰκείῳ
1038 2649 1434 2720 συγγράμματι
1469 2650 1567 2720 τὴν
1601 2648 1737 2701 ἰδίαν
1773 2648 1981 2719 προπέο

390 2748 549 2784 τειαν
573 2729 833 2801 σεμνῦναι
866 2730 898 2801 ῆ
935 2733 1269 2801 περιστεῖλαι
1316 2733 1645 2796 σπουδάσας,
1682 2732 1853 2803 ἔφησε
1892 2732 1983 2785 τὸν

397 2815 667 2885 μακάριον
709 2814 963 2884 Ἰωάννην
998 2816 1283 2886 φιλαρχίας
1330 2816 1493 2870 πάθει
1534 2815 1852 2885 κινούμενον
1898 2814 1983 2867 δε-

390 2897 530 2962 καὲξ
577 2898 913 2962 ἐπισκόπους
960 2900 1334 2973 καθῃρηκέναι
1368 2903 1427 2954 ἐν
1474 2901 1658 2972 ἡμέρᾳ
1703 2902 1823 2971 μιᾷ.
1887 2899 1983 2952 καὶ

397 2982 561 3046 ἰδίους
603 2981 719 3035 ἀντ’
776 2983 957 3037 αὐτῶν
1020 2986 1543 3054 κεχειροτονηκέναι,
1607 2986 1664 3037 Ὀ
1726 2982 1975 3036 ἘΠΙΣΚ.

392 3068 561 3121 Οὐδὲν
593 3067 819 3131 ἀπεικὸς
850 3068 955 3120 τῶν
990 3067 1135 3121 ἰδίων
1159 3069 1377 3139 τρόπων
1400 3070 1695 3138 πεποίηκεν
1717 3071 1745 3121 6
1766 3067 1980 3137 θαυμά-

398 3167 532 3212 σιος.
576 3149 903 3220 καίγράψας
937 3153 1081 3204 κατά
1122 3152 1394 3215 Ἰωάννου,
1428 3151 1706 3220 καὶψευδῆ
1737 3151 1974 3222 γράψας·

396 3234 459 3298 ἐξ
488 3228 560 3287 ὧι
593 3234 700 3304 γάρ
733 3234 941 3303 νομίζει
984 3234 1283 3288 καλύπτειν
1324 3236 1424 3307 τὴν
1477 3235 1611 3288 ἰδίαν
1661 3234 1977 3305 ἀσχημοσύ-

393 3336 513 3388 νην,
538 3320 601 3371 ὲκ
624 3317 827 3370 τούτων
870 3319 1036 3389 αὐτὴν
1080 3320 1280 3389 μᾶλλον
1330 3316 1845 3391 παραδειγματίζει.
1886 3319 1979 3371 καὶ

392 3403 545 3456 ἄκων
582 3401 856 3471 σεμνύνων
879 3402 940 3454 16
972 3402 1144 3455 ἀθῶον
1192 3403 1440 3456 Ἰωάννου
1477 3404 1621 3456 κατά
1645 3402 1735 3455 16v
1753 3401 1931 3455 Βαλαά
1942 3420 1980 3472 μ

392 3487 619 3537 ἐκεῖνον.
647 3485 708 3537 ΕΞ
730 3483 839 3554 γάρ
865 3478 933 3552 ἦν
956 3484 1114 3537 αὐτὸν
1136 3482 1401 3549 καθελών,
1434 3485 1493 3537 ού
1524 3485 1684 3555 χρεία
1708 3486 1984 3557 συγγράμ-

396 3585 567 3636 ματος
630 3568 930 3639 ῆὲξορίας,
997 3569 1188 3639 ἱκανῆς
1247 3568 1413 3639 ούσης
1461 3570 1562 3638 τῆς
1610 3570 1983 3640 καθαιρέσεως

394 3652 646 3722 αἰσχῦναι
675 3654 800 3715 τοὺς
828 3652 1286 3724 καθαιρουμένους
1308 3670 1319 3682 ·
1358 3654 1544 3723 ἐπειδὴ
1588 3654 1644 3707 δέ
1684 3655 1981 3726 ἀκαθαίρε-

393 3752 485 3799 τος
508 3738 741 3808 ’ἐστηκεν
770 3739 798 3790 6
827 3737 1101 3806 ἐνάρετος.
1132 3739 1199 3807 τῇ
1238 3738 1373 3807 ἥττῃ
1395 3736 1491 3808 τὴν
1519 3738 1675 3807 νίκην
1711 3737 1978 3807 κατέχων,

397 3820 548 3889 μένει
574 3823 603 3874 6
631 3820 821 3890 φθόνος
844 3820 941 3890 τὴν
964 3817 1132 3893 ἧτταν
1165 3822 1266 3891 τῆς
1287 3822 1480 3889 ἀλόγου
1510 3822 1665 3892 νίκης
1704 3823 1981 3892 ἀποφερό-

397 3920 578 3973 μενος,
606 3906 952 3975 πομφόλυγος
984 3904 1139 3975 δίκην
1164 3905 1611 3975 ἀναφυσώμενος,
1636 3907 1730 3958 καὶ
1750 3909 1829 3969 είς
1853 3907 1979 3959 ἐαυ-

394 3985 488 4039 τὸν
517 3989 953 4059 συντριϐόμενος,
986 3989 1215 4058 γράφων
1240 3990 1334 4042 καί
1367 3989 1755 4061 καταγράφων,
1792 3989 1853 4042 16
1882 3988 1977 4043 τοῦ

397 4070 674 4141 προφήτου
725 4070 971 4124 Ἡσαΐου·
1000 4072 1131 4125 Ούαί
1173 4074 1200 4124 ὁ
1240 4072 1623 4142 ἐπισπώμενος
1663 4074 1725 4127 16
1750 4074 1777 4114 ι’
1802 4073 1983 4128 πάντα

396 4152 565 4222 ψευδῆ
592 4152 687 4205 καὶ
718 4158 890 4207 ποιεῖν
918 4157 1012 4209 καὶ
1036 4155 1333 4224 λέγεινκαὶ
1363 4158 1619 4227 γράφειν·
1651 4159 1799 4213 Οὐαὶ
1850 4159 1980 4229 γὰρ,

397 4237 581 4308 φησιν.
622 4240 676 4289 οἱ
703 4237 1068 4305 γράφοντες·
1110 4242 1405 4307 πονηρίαν
1460 4241 1573 4310 γὰρ
1619 4244 1978 4312 γράφουσιν.

397 4321 531 4391 Περί⁵
562 4319 617 4372 δὲ
650 4319 757 4372 τῶν
795 4323 937 4374 κατά
984 4324 1167 4376 Ἀσίαν
1200 4322 1632 4393 καθαιρεθέντων
1678 4326 1738 4377 ού
1764 4327 1979 4393 δεκαέξ,

396 4402 531 4457 ἀλλά
551 4403 609 4468 ἐξ
633 4402 968 4466 ἐπισκόπων,
1002 4406 1077 4467 ώς
1109 4408 1202 4459 ἐπὶ
1232 4406 1329 4475 τῆς
1362 4406 1508 4469 θείας
1536 4405 1689 4477 δίκης
1720 4409 1850 4477 ἐρῶ,
1888 4412 1979 4463 καί

395 4486 517 4541 οὔτε
549 4498 571 4525 ε
604 4488 701 4557 τῆς
740 4486 1037 4557 ποσότητος
1077 4488 1171 4541 τοῦ
1203 4488 1437 4561 ἀριθμοῦ
1484 4488 1694 4559 ὑφελῶ,
1736 4490 1796 4543 ού
1826 4508 1877 4543 τι
1910 4495 1974 4562 τῇ

397 4572 639 4643 ποιότητι
678 4570 785 4624 τῶν
828 4572 1175 4641 πραγμάτιον
1222 4574 1519 4645 προσθήσω
1542 4614 1556 4637 ,
1599 4573 1713 4627 ἀλλ’
1752 4574 1827 4637 ὡς
1864 4575 1976 4645 ἔχει

396 4659 626 4727 φύσεως,
652 4656 794 4709 οὕτω
830 4673 909 4709 σοι
937 4658 1277 4723 ἀπαγγείλω.
1328 4661 1453 4712 Ἐπί
1474 4661 1571 4730 τῆς
1601 4660 1979 4731 τρισκαιδεκά-

393 4760 493 4814 της
534 4741 910 4809 ἐπινεμήσεως
944 4740 1002 4791 ἐν
1021 4742 1086 4811 τῇ
1124 4742 1699 4798 Κωνσταντινουπόλει
1734 4745 1979 4811 ἐλθόντες

392 4828 443 4880 οί
473 4824 577 4878 ἀπὸ
608 4824 703 4892 τῆς
736 4821 921 4885 Ἀσίας
945 4823 1105 4875 τινῶν
1133 4821 1297 4875 ἕνεκα
1325 4826 1663 4895 ἀναγκαίων,
1712 4829 1978 4901 διέτριϐον

395 4910 492 4963 σὺν
521 4909 665 4978 ἡμῖν.
699 4904 981 4973 παρόντων
1022 4906 1116 4958 καί
1164 4907 1365 4976 ἐτέρων
1406 4911 1744 4975 ἐπισκόπων,
1778 4914 1886 4965 τῶν
1918 4932 1977 4967 τε

393 4993 505 5045 ἀπὸ
534 4988 780 5049 Σκυθίας,
804 4987 1070 5057 Θεοτίμου
1094 4988 1259 5056 λέγω,
1301 4991 1392 5042 καὶ
1433 4993 1541 5044 ἀπὸ
1580 4994 1803 5063 Θράκης
1836 4998 1979 5065 Ἀμ-

393 5092 571 5148 μωνος
596 5070 686 5126 τοῦ
717 5070 1036 5137 Αἰγυπτίου,
1062 5072 1157 5124 καὶ
1190 5073 1298 5125 ἀπὸ
1325 5073 1592 5137 Γαλατίας
1625 5075 1678 5126 Ἀ
1690 5076 1972 5145 ραϐιανοῦ,

392 5163 610 5215 πάντων
665 5155 1075 5229 μητροπολιτῶν
1120 5158 1533 5229 γεγηρακότων,
1590 5161 1973 5213 συντεινόντων

388 5246 471 5308 εἰς
525 5239 787 5296 εἰκοσιδύο
830 5238 1184 5302 ἐπισκόπους.
1226 5243 1454 5296 Πάντων
1482 5242 1539 5295 δὲ
1587 5242 1973 5313 συναγομένων

388 5334 488 5384 καὶ
518 5327 911 5384 κοινωνούντων
940 5329 1275 5396 ἐπιτηρήσας
1308 5330 1569 5392 Εύσέϐιός
1606 5348 1687 5392 τις
1721 5331 1828 5384 ἀπὸ
1864 5330 1974 5382 τῶν

387 5418 705 5473 Κελϐιανῶν
754 5415 1060 5486 λεγομένων
1096 5416 1278 5468 τόπων
1335 5420 1635 5483 ἐπίσκοπος
1682 5420 1970 5474 Ούαλεντι-

382 5506 711 5570 νουπὸλεως,
742 5504 841 5574 τὴν
869 5502 1211 5572 συνηγμένην
1244 5503 1461 5556 σύνοδον
1501 5506 1732 5571 ἐπιστάς
1774 5511 1839 5579 τῇ
1878 5510 1977 5580 μιᾷ

382 5587 687 5651 Σαϐϐάταυ,
717 5590 989 5654 λιϐέλλους
1016 5589 1255 5642 ἐπέδωκε
1277 5594 1341 5660 τῇ
1372 5592 1597 5662 συνόδῳ,
1622 5594 1825 5666 δηλαδὴ
1848 5599 1977 5650 ἀκο-

381 5673 588 5737 ὶούθως
624 5681 895 5746 προτάξας
929 5680 989 5731 16
1014 5678 1181 5747 δνομα
1217 5676 1487 5740 Ἰωάννου,
1522 5680 1665 5732 κατά
1724 5684 1973 5736 Ἀντωνία

384 5778 475 5814 νου
499 5761 595 5812 τοῦ
620 5763 886 5831 Ἐφεσίων
909 5767 1229 5829 ἐπισκόπου,
1262 5766 1401 5819 ἑπτά
1423 5766 1695 5828 κεφάλαια
1722 5770 1969 5835 ἐντάξας·

382 5851 444 5903 ἓν
474 5846 593 5920 μὲν,
634 5850 716 5900 ὅτι
756 5856 1017 5925 κειμήλια
1054 5854 1348 5927 χωνεύσας,
1403 5854 1666 5925 ἀργύριον
1689 5856 1769 5917 εἰς
1803 5858 1973 5929 όνορ.α

448 6014 474 6044 ⁸
493 6010 591 6079 Sic,
612 6013 831 6079 Q"5}"“‘3‘
852 6011 1071 6079 daﬁmm
1096 6018 1422 6077 grammnlicar
1440 6016 1582 6079 logos
1610 6016 1883 6077 ροςειιιυηι.

444 6079 476 6117 ι
500 6072 595 6124 (Σίν.
622 6076 780 6117 nouunt
810 6072 1196 6131 prmonh-mhu.

446 6142 469 6170 ε
495 6136 645 6189 Forte
684 6133 765 6196 ιρε
808 6149 863 6180 ου
886 6150 946 6181 τι.

2090 712 2182 767 τοῦ
2213 713 2330 765 υίοῦ
2369 713 2806 767 κατεσκεύασεν·
2854 712 3105 784 δεύτερον
3150 714 3228 775 δὲ,
3269 713 3352 766 δτι
3404 730 3674 788 μαρμαρα

2083 798 2182 868 τῆς
2223 797 2425 849 εἰσόδου
2455 798 2549 850 τοῦ
2585 796 2954 867 βαπτιστῆρος
2978 796 3156 851 λαϐὼν
3192 799 3249 849 ἐν
3284 796 3360 867 τῷ
3407 798 3676 870 βαλανείῳ

2082 881 2159 949 τῷ
2189 880 2302 947 ἰδίη)
2337 880 2704 950 προσέθηκεν·
2742 878 2933 931 ἔπειτα
2960 880 3143 943 κίονας
3182 879 3675 949 ἐκκλησιαστικοὺς

2083 965 2193 1018 ἀπὸ
2230 964 2493 1017 πλειόνων
2534 966 2671 1019 ἐτῶν
2718 965 3007 1035 κειμένους
3027 1006 3040 1027 ,
3075 966 3219 1018 ἔνδον
3248 969 3327 1029 εἰς
3356 965 3448 1018 16v
3479 966 3675 1020 ἑαυτοῦ

2082 1049 2355 1122 τρίκλινον
2380 1051 2632 1121 ἔστησεν·
2661 1052 2945 1121 τέταρτον,
2983 1050 3065 1102 ὅτι
3097 1052 3124 1102 6
3153 1054 3282 1113 παῖς
3311 1050 3476 1105 αὺτοῦ
3514 1052 3674 1122 φόνον

2083 1133 2352 1203 πεποίηκε
2381 1174 2395 1197 ,
2434 1136 2526 1186 καὶ
2558 1134 2671 1203 ἔχει
2717 1134 2877 1185 αὑτὸν
2908 1134 2966 1185 ἐν
2996 1134 3059 1203 τῇ
3097 1134 3372 1205 ὑπηρεσίᾳ
3404 1136 3676 1207 ἀνέγκλη-

2080 1235 2204 1271 τον·
2273 1218 2523 1287 πέμπτον
2550 1261 2563 1279 ,
2606 1220 2688 1271 ὅτι
2735 1218 2910 1288 χωρία
2948 1219 3052 1270 ὑπὸ
3095 1217 3409 1287 Βασιλίνης,
3440 1221 3536 1289 τῆς
3572 1238 3678 1291 μη-

2080 1301 2209 1371 τρός
2246 1302 2534 1355 Ἰουλιανοῦ
2561 1303 2654 1355 τοῦ
2687 1302 2970 1371 βασιλέως,
3004 1303 3438 1372 καταλειφθέντα
3470 1308 3537 1373 τῇ
3560 1303 3677 1358 Ἐκ-

2080 1385 2300 1457 κλησία,
2342 1385 2597 1456 πωλήσας
2629 1386 3022 1455 ἐσφετερίσατο
3046 1403 3057 1414 ·
3087 1385 3265 1447 ἕκτον,
3294 1388 3377 1439 ὅτι
3402 1387 3677 1452 ἀποταξά-

2084 1485 2245 1539 μενος
2265 1474 2363 1541 τῆς
2392 1471 2594 1532 οἰκείας
2620 1470 2890 1541 γαμετῆς,
2922 1470 3084 1523 πάλιν
3110 1472 3246 1543 αὐτῇ
3276 1473 3555 1541 συνῆλθεν,
3579 1477 3676 1528 καὶ

2082 1554 2499 1625 ἐπαιδοποίησεν
2535 1554 2593 1618 ἐξ
2624 1556 2829 1623 αὐτῆς·
2858 1555 3111 1625 ἕϐδομον,
3163 1557 3244 1608 ὅτι
3274 1556 3349 1618 ώς
3383 1557 3544 1626 νόμον
3580 1559 3677 1611 καὶ

2080 1634 2254 1706 δόγμα
2297 1639 2409 1707 ἔχει
2463 1636 2664 1689 πωλεῖν
2694 1638 2792 1700 τὰς
2821 1636 2927 1689 τῶν
2990 1640 3306 1692 ἐπισκόπων
3337 1640 3675 1710 χειροτονίας

2082 1722 2223 1775 κατά
2247 1723 2347 1792 τὴν
2376 1722 2485 1774 τῶν
2517 1722 2794 1791 προσόδων
2826 1720 3136 1788 ἀναλογίαν.
3176 1723 3287 1775 Καὶ
3318 1726 3570 1795 πάρεισιν
3625 1727 3675 1778 οἰ

2080 1801 2264 1865 δόντες
2319 1806 2416 1857 καί
2461 1803 2953 1874 χειροτονηθέντες,
2998 1806 3092 1856 καὶ
3145 1804 3409 1859 όλαϐών·
3452 1809 3546 1860 καὶ
3582 1811 3675 1862 ἐπὶ

2082 1885 2291 1950 τούτοις
2322 1888 2428 1956 ἐχω
2456 1888 2553 1950 τάς
2577 1885 2900 1951 ἀποδείξεις.

2153 1972 2308 2023 ΚΕΦ.
2347 1972 2444 2024 IA'.
2464 2002 2529 2011 —
2555 1970 2612 2023 ὐ
2638 1972 2821 2023 ΔΙΑΚ.
2855 1970 3190 2042 Παρακαλῶ,
3220 1972 3424 2045 Πάτερ,
3464 1973 3677 2029 σύστει-

2080 2055 2169 2109 λον
2196 2056 2255 2109 16
2286 2056 2533 2127 διήγημα
2565 2056 2725 2109 τοῦτο
2746 2072 2759 2085 ·
2793 2055 3118 2125 βλάπτονται
3144 2058 3255 2130 γάρ
3295 2060 3342 2111 οἰ
3371 2060 3672 2131 παρόντες,

2080 2142 2399 2194 ἐπισκόπων
2442 2141 2617 2194 ταῦτα
2653 2140 3028 2211 διηγουμένων
3053 2182 3067 2206 ,
3112 2143 3243 2211 μήτι
3278 2160 3343 2211 γε
3367 2146 3463 2198 καί⁸
3501 2163 3676 2218 πρατ-

2080 2224 2301 2278 τόντων.
2339 2225 2396 2275 '0
2447 2224 2697 2277 ‘EHISK.
2727 2226 2889 2294 υἴμοι
2924 2223 3091 2287 τάλας
3122 2222 3235 2293 ἐγὼ
3266 2226 3529 2297 τηρηθεὶς
3558 2233 3677 2294 ταῖς

2081 2308 2317 2377 ἡμέραις
2336 2308 2581 2372 ταύταις,
2610 2311 2667 2361 ἐν
2688 2302 2775 2373 αἶς
2792 2310 3044 2380 ἀργυρίῳ
3078 2311 3347 2382 ἱερωσύνη
3375 2314 3678 2384 πιπράσκε-

2083 2408 2194 2453 ται,
2214 2392 2341 2460 είγε
2365 2393 2459 2445 καὶ
2484 2392 2773 2463 ἱερωσύνη.
2793 2392 2998 2459 Γέγονα
3014 2394 3071 2446 δέ
3098 2396 3189 2447 καὶ
3215 2397 3404 2467 ἄφρων
3455 2398 3677 2468 διηγού-

2088 2492 2248 2544 μενος
2298 2476 2405 2527 τῶν
2438 2475 2694 2545 Ἰωάννην
2722 2476 3203 2543 συκοφαντούντων
3230 2480 3310 2541 εἰς
3338 2480 3510 2535 ταῦτα
3527 2484 3676 2553 ἡμᾶς

2085 2574 2151 2609 πε
2160 2558 2558 2629 ριστησάντων.
2577 2558 2724 2631 Πλὴν
2750 2558 3118 2630 μακροθύμως
3138 2561 3376 2632 ἀνάσχου
3410 2582 3500 2633 μοι
3519 2564 3567 2628 ἀ,
3588 2566 3675 2619 ἵνα

2082 2646 2176 2695 καὶ
2229 2644 2294 2695 ἐκ
2340 2643 2545 2697 τούτων
2598 2644 2890 2717 θαυμάσῃς
2932 2644 3027 2715 τὴν
3070 2646 3315 2699 Ἰωάννου
3350 2648 3673 2720 ἐπιείκειαν,

2082 2727 2425 2798 κοιμήσαντα
2473 2727 2614 2791 τέως
2642 2728 2732 2779 τὸν
2779 2727 2962 2798 ζῆλον,
3019 2730 3244 2783 εἰπόντα
3290 2730 3347 2783 δὲ
3389 2731 3466 2800 τῷ
3504 2732 3677 2788 Εὐσε-

2080 2809 2181 2878 ϐίῳ
2206 2828 2217 2839 ·
2267 2811 2491 2881 Ἀδελφέ
2508 2811 2759 2877 Εὐσέϐιε,
2793 2812 2982 2883 ἐπειδὴ
3016 2812 3275 2877 πολλάκις
3305 2817 3360 2869 αἱ
3398 2816 3539 2869 κατά
3584 2818 3679 2871 λύ-

2082 2914 2191 2966 πην
2246 2896 2572 2967 κατηγορίαι
2627 2897 2728 2949 οὐκ
2775 2896 3021 2967 εὐχερεῖς
3058 2896 3241 2967 ἔχουσι
3295 2900 3398 2962 τὰς
3454 2902 3675 2955 ἀποδεί-

2082 2979 2211 3045 ξεις,
2247 2979 2633 3051 παρακέκλησο
2667 2979 2979 3033 παύσασθαι
3014 2981 3109 3033 τοῦ
3162 2983 3459 3052 ἐγγράφως
3486 3002 3675 3040 κατει-

2080 3069 2204 3117 πεῖν
2240 3064 2334 3117 τοῦ
2378 3064 2611 3133 ἀδελφοῦ
2659 3065 3013 3127 Ἀντωνῖνου,
3059 3065 3218 3135 ἡμῶν
3270 3068 3336 3119 τά
3387 3068 3535 3122 αῖτια
3574 3071 3675 3140 τῆς

2079 3149 2258 3220 λύπης
2314 3149 2735 3220 διορθουμένων.
2802 3149 2949 3218 Πρὺς
3009 3149 3217 3213 τούτοις
3257 3150 3675 3223 διαθερμανθείς

2078 3235 2339 3305 τραχέσιν
2375 3234 2646 3305 ἐκέχρητο
2674 3233 2880 3301 λόγοις,
2926 3232 3215 3302 σφαδάζων
3254 3234 3375 3299 ὅλος
3408 3237 3551 3291 κατά
3579 3238 3672 3293 τοῦ

2092 3318 2445 3381 ’Δντωνίνου,
2483 3320 2757 3389 ἐπιμένων
2810 3320 2875 3389 τῇ
2922 3318 3248 3389 κατηγορία.
3296 3320 3615 3391 Παρακαλεί
3644 3325 3675 3376 6

2092 3402 2345 3473 Ἰωάννης
2376 3401 2589 3455 Παῦλον
2627 3402 2718 3453 τὸν
2762 3400 3089 3472 Ἡρακλείας
3119 3402 3317 3466 (ἐδόκει
3356 3403 3467 3474 γὰρ
3503 3422 3674 3459 σπου-

2080 3486 2262 3552 δάζειν
2296 3486 2375 3557 τῷ
2424 3487 2784 3557 Ἀντωνίνῳ),
2834 3486 2899 3537 ἵν’
2946 3486 3025 3549 εἰς
3065 3484 3246 3553 φιλίαν
3297 3488 3495 3552 αὐτοὺς
3548 3508 3675 3544 συν-

2082 3571 2270 3642 ελάση.
2308 3570 2419 3624 K61
2453 3570 2689 3633 ἀναστάς
2723 3567 2971 3639 εἰσῆλθεν
3009 3570 3087 3633 εἰς
3112 3568 3211 3640 τὴν
3245 3570 3540 3641 ἐκκλησίαν
3575 3575 3674 3628 σὺν

2081 3659 2192 3721 τοῖς
2229 3657 2583 3718 ἐπισκόποις·
2617 3650 2683 3725 ῆν
2714 3654 2821 3725 γάρ
2860 3654 3049 3725 καιρὸς
3082 3654 3183 3723 τῆς
3214 3656 3484 3725 ἰερατείας
3507 3673 3518 3685 ·
3550 3658 3674 3723 δοὺς

2079 3741 2136 3793 δε
2180 3739 2259 3809 τῷ
2296 3739 2410 3808 λαῷ
2460 3739 2559 3809 τὴν
2607 3737 2815 3807 συνήθη
2873 3738 2971 3807 τῆς
3014 3738 3239 3808 εἰρήνης
3274 3742 3671 3813 προσηγορίαν.

2080 3824 2300 3878 ἐκάθισε
2340 3824 2436 3877 σὺν
2464 3824 2579 3883 τοῖς
2607 3821 2813 3884 λοιποῖς
2844 3823 3187 3884 ἐπισκόποις.
3228 3823 3589 3880 Ἐπεισελθὼν
3616 3828 3675 3882 δὲ

2078 3906 2382 3977 λεληθότως
2403 3907 2431 3959 6
2453 3906 2762 3979 κατήγορος
2792 3904 3055 3968 Εὐσέϐιος
3078 3906 3170 3958 ἐπὶ
3195 3909 3397 3971 παντὸς
3424 3909 3518 3962 τοῦ
3544 3909 3671 3964 λαοῦ

2079 3991 2176 4043 καί
2220 3991 2326 4041 τῶν
2380 3990 2697 4043 ἐπισκόπων
2746 3987 3054 4041 ἐπιδίδωσιν
3097 3989 3281 4060 ἕτερον
3321 3990 3561 4045 λίϐελλον
3605 3997 3673 4048 τά

2080 4075 2219 4128 αὐτὰ
2252 4075 2595 4143 περιέχοντα,
2626 4073 2861 4144 ὁρκίζων
2894 4073 2984 4125 16v
3034 4073 3287 4144 Ἰωάννην
3319 4076 3515 4144 ὅρκους
3548 4096 3675 4149 φρι-

2083 4161 2268 4221 κτοὺς,
2301 4158 2615 4229 συμπλέξας
2646 4158 2831 4223 αὺτοῖς
2866 4158 2961 4211 καὶ
2988 4158 3089 4227 τὴν
3129 4160 3407 4231 σωτηρίαν
3438 4161 3548 4215 τῶν
3581 4162 3677 4232 βα-

2084 4244 2297 4309 σιλέων,
2328 4243 2465 4313 μετά
2487 4242 2689 4311 πολλῆς
2718 4243 2963 4313 ταραχῆς
2981 4260 2996 4275 ·
3024 4244 3097 4307 ώς
3123 4244 3341 4314 νομίσαι
3366 4248 3493 4310 τοὺς
3512 4246 3673 4313 λαοὺς

2081 4327 2511 4397 διαπτοηθέντας
2538 4328 2630 4380 ἐπὶ
2664 4325 2741 4397 τῷ
2783 4326 2980 4397 ἰταμῷ,
3011 4327 3092 4379 δτι
3124 4326 3358 4381 θανάτου
3388 4331 3675 4403 συγχώρη-

2083 4428 2166 4463 σιν
2198 4410 2506 4479 παρακαλεῖ
2528 4411 2751 4479 αἰτῆσαι
2781 4411 2872 4463 τὸν
2908 4409 3134 4479 βασιλέα
3172 4410 3263 4463 τὸν
3304 4412 3574 4482 Ἰωάννην.
3615 4414 3672 4468 ’0

2077 4494 2133 4547 δὲ
2186 4495 2439 4563 Ἰωάννης
2464 4492 2802 4563 θεασάμενος
2832 4495 2930 4563 τὴν
2966 4494 3217 4547 ἔνστασιν
3247 4496 3341 4547 τοῦ
3367 4496 3579 4566 ἀνδρὸς,
3610 4499 3674 4551 16

2077 4578 2349 4649 ἀτάραχον
2378 4576 2661 4647 μνώμενος
2698 4576 2777 4647 τῷ
2810 4577 2943 4647 λαῷ,
2979 4578 3195 4641 ἐδέξατο
3225 4579 3287 4630 16
3318 4579 3542 4648 βιϐλίον,
3576 4584 3674 4635 καὶ

2081 4662 2219 4732 μετά
2240 4662 2306 4714 τά
2323 4658 2726 4729 ἀναγνώσματα
2745 4659 2850 4712 τῶν
2876 4660 3036 4713 θείων
3057 4660 3254 4728 λογίων
3280 4664 3673 4733 παρακαλέσας

2080 4746 2381 4813 Πανσόςιον
2412 4745 2503 4799 16v
2528 4746 2789 4814 Πισσίδης
2819 4749 3156 4815 προαγαγεῖν
3189 4748 3258 4800 τά
3288 4748 3439 4818 δῶρα
3460 4789 3473 4810 ,
3507 4751 3673 4814 αὐτὸς

2082 4829 2404 4899 συνεξῆλθεν
2443 4832 2554 4892 τοῖς
2585 4828 2793 4891 λοιποῖς
2829 4830 3178 4891 ἐπισκόποις·
3216 4836 3515 4902 παρῃτεῖτο
3563 4835 3672 4905 γάρ

2080 4916 2345 4977 ἐπιθόλως
2369 4913 2688 4983 ἱερατεύειν,
2723 4914 2861 4965 κατά
2890 4913 2951 4964 16
2980 4914 3331 4980 Εύαγγέλιον,
3366 4917 3446 4979 16,
3484 4919 3672 4972 ’Ὅταν

2080 5000 2427 5068 προσφέρῃς
2449 5000 2508 5050 τὸ
2539 4995 2731 5061 δῶρόν
2755 5010 2893 5056 σου,
2928 4997 3019 5047 καὶ
3047 4996 3113 5047 τά
3142 4997 3287 5064 ἑξῆς.
3323 4996 3428 5050 Καὶ
3454 5000 3668 5053 διασκε-

2075 5085 2316 5151 ψάμενος
2358 5081 2495 5149 μετὰ
2524 5079 2620 5148 τὴν
2646 5078 2776 5130 λαοῦ
2814 5078 3109 5142 ἀπόλυσιν,
3154 5079 3445 5146 καθεσθείς
3494 5086 3553 5137 ἐν
3593 5086 3670 5156 τῷ

2076 5163 2427 5233 φωτιστηρίῳ
2458 5164 2556 5217 σὺν
2580 5165 2688 5225 τοῖς
2710 5163 2919 5225 λοιποῖς
2949 5166 3290 5230 ἐπισκόποις,
3316 5168 3408 5220 16v
3432 5172 3669 5237 κατήγο-

2076 5264 2169 5318 ρον
2192 5247 2604 5318 ιτροσκαλεῐται,
2629 5248 2809 5317 φήσας
2834 5248 2984 5318 αύτῷ
3008 5250 3099 5301 ἐπὶ
3114 5250 3351 5304 πάντων·
3375 5252 3485 5305 Καὶ
3507 5252 3670 5307 πάλιν

2076 5348 2156 5383 σοι
2184 5331 2251 5383 τὰ
2272 5330 2413 5383 αὐτά
2427 5330 2594 5397 λέγω,
2619 5331 2703 5384 ὃτι
2728 5331 2913 5384 πολλοὶ
2930 5333 3039 5385 ἀπὸ
3060 5332 3236 5403 λύπης
3259 5334 3290 5403 ἦ
3308 5336 3475 5405 ὀργῆς
3501 5336 3671 5390 πολλά

2074 5418 2169 5469 καί
2196 5416 2412 5484 λέγουσι
2436 5417 2533 5468 καὶ
2556 5417 2882 5488 γράφουσιν,
2910 5419 3228 5480 ἀτονοῦντες
3258 5437 3322 5471 πε
3332 5420 3385 5489 ρὶ
3410 5420 3510 5483 τὰς
3532 5422 3669 5473 ἀπο-

2073 5499 2288 5566 δείξεις.
2324 5500 2385 5551 Εἰ
2422 5500 2597 5553 τοίνυν
2629 5501 2814 5568 σαφῶς
2845 5502 3170 5563 ἐπίστασαι,
3201 5503 3330 5573 περὶ
3367 5496 3443 5555 ὧν
3489 5502 3671 5573 βούλει

2076 5587 2402 5657 κατηγορεῖν
2440 5584 2601 5655 (οὗτε
2633 5585 2742 5656 γὰρ
2776 5586 3070 5655 δυνάμενον
3104 5586 3474 5655 ἀπωθούμεθα
3495 5628 3509 5651 ,
3546 5587 3669 5642 οὔτε

2080 5670 2155 5740 μὴ
2190 5670 2488 5738 δυνάμενον
2522 5670 2754 5739 ἕλκομεν
2779 5672 2819 5738 ),
2856 5671 2983 5740 πρὶν
3016 5671 3434 5743 ἀναγνωσθῆναι
3471 5675 3562 5726 τὸν
3597 5674 3671 5725 λί-

2079 5752 2287 5814 ϐελλον,
2323 5753 2539 5817 ἐκλέξαι
2572 5754 2632 5804 16
2663 5753 2971 5822 συμφέρον·
3008 5753 3147 5822 μετὰ
3176 5756 3285 5828 γὰρ
3325 5757 3383 5809 16
3419 5759 3669 5825 ἀναγνω-

2078 5836 2269 5905 σθῆναι
2305 5836 2401 5888 καὶ
2433 5838 2512 5898 εἰς
2550 5835 2717 5897 ἀκοάς
2754 5837 2973 5888 πάντων
3024 5838 3200 5891 ἐλθεῖν
3222 5880 3236 5902 ,
3277 5841 3671 5909 πραττομένων

2080 5919 2526 5988 ὑπομνημάτων,
2567 5918 2752 5970 οὐκέτι
2789 5935 2872 5971 σοι
2919 5920 3167 5985 ἔξεστιν,
3210 5924 3495 5995 ἐπισκόπῳ
3523 5924 3638 5979 ὄντι

2080 6006 2263 6078 ζητεῖν
2300 6005 2679 6075 ἁϐουλητίονα.
2715 6008 2840 6061 Ἐπί
2872 6010 3087 6075 τούτοις
3120 6012 3281 6067 πάλιν
3312 6012 3568 6085 ἐνέμεινε
3600 6018 3665 6088 τῇ

2140 6142 2165 6181 ά
2192 6143 2476 6209 [ρετιηάυιιι
2501 6162 2610 6209 μου,
2630 6153 2681 6195 cl
2704 6160 2812 6197 mox
2842 6150 3143 6209 κοιμίσαντος
3171 6155 3223 6199 οι
3248 6152 3473 6209 εἰπόντος.
