4526 6696
924 561 994 616 .9
2207 555 2287 612 PA
2298 557 2522 612 LLADﬂ
2563 556 2814 612 ΜΑιοίέ
2826 559 2865 614 U
2879 557 2914 612 S
4121 561 4196 616 ιιι

917 669 1188 726 ἐνστάσει.
1241 668 1382 740 Πρὸς
1419 663 1499 731 οῖς
1527 667 1843 724 κελεύουσιν
1874 671 2282 741 ἀναγνωσθῆναι
2315 672 2377 723 16
2421 671 2497 740 βι·

917 752 1065 806 σλίον
1084 771 1098 785 ο
1130 751 1442 822 ἀνεγνώσθη
1477 752 1546 805 τά
1580 755 1951 824 προειρημένα
1978 754 2268 822 κεφάλαια.
2293 754 2498 822 Λέγου-

919 854 1006 890 σιν
1053 837 1104 890 οί
1145 835 1401 906 γέροντες
1431 834 1543 889 τῶν
1575 837 1888 890 ἐπισκόπων
1920 836 1998 906 τῷ
2041 836 2262 908 Ἰωάννῃ
2283 879 2297 902 ,
2334 838 2505 890 ἀκού-

922 937 1116 983 σαντες
1143 919 1240 990 τὴν
1283 919 1520 989 δύναμιν
1554 921 1649 973 τοῦ
1690 920 1927 990 βιῦλίου·
1965 921 2030 974 Et
2063 923 2156 974 καὶ
2195 921 2504 992 ταμάλιστα

920 1003 978 1055 ἓν
1007 1001 1102 1054 τοῦ
1131 1002 1249 1064 ἐνὸς
1284 1001 1580 1070 κεφαλαίου
1614 1002 1872 1066 δυσσεΰές
1900 1004 2039 1066 ἐστι,
2067 1005 2162 1058 κοιλ⁵
2193 1006 2505 1074 ἀπηγορευ-

922 1084 1084 1153 μένον
1107 1085 1442 1154 πανταχόθεν
1465 1088 1575 1146 τοῖς
1599 1085 1764 1154 ἱεροῖς
1794 1085 1999 1156 νόμοις,
2033 1087 2121 1139 ἴνα
2145 1088 2201 1139 δέ
2241 1087 2315 1158 μὴ
2338 1087 2497 1150 δόξω-

923 1182 1024 1236 μεν
1055 1168 1113 1220 ἐν
1142 1169 1253 1229 τοῖς
1277 1165 1671 1236 ὑποΰεὸληκόσι
1692 1180 1719 1207 ει
1751 1169 1851 1238 τὴν
1877 1167 2095 1222 ἃπασαν
2120 1169 2314 1240 σχολὴν
2338 1175 2506 1223 ποιεῖ-

923 1248 1069 1315 σθαι,
1116 1248 1222 1302 ἀπὸ
1251 1247 1343 1300 τοῦ
1367 1249 1803 1320 φρικωδεστέρου
1832 1252 1864 1320 ή
1904 1251 2146 1314 ἐξέτασις
2169 1253 2411 1324 γένηται.
2443 1255 2503 1306 El

919 1331 1029 1403 γάρ
1063 1333 1238 1384 ἐκεῖνο
1287 1330 1489 1401 ἀληθὲς
1529 1332 1776 1403 εὑρεθείη
1800 1371 1813 1394 ,
1850 1334 1950 1386 οὐκ
1984 1333 2134 1386 ἔστιν
2185 1337 2504 1406 ἀντίρρησις

921 1416 1050 1486 περ)⁸
1080 1415 1190 1467 τῶν
1229 1415 1432 1470 λοιπῶν
1467 1415 1794 1485 κεφαλαίων,
1822 1418 1921 1486 τῆς
1956 1417 2115 1487 ῥίζης
2161 1421 2374 1473 ἐκείνου
2406 1422 2501 1474 τοῦ

920 1499 1217 1568 κεφαλαίου
1248 1502 1354 1552 πᾶν
1374 1496 1512 1562 εἶδος
1529 1499 1727 1562 κακίας
1747 1501 2226 1572 καρποφορούσης,
2251 1503 2396 1557 κατὰ
2413 1504 2503 1558 τὸν

921 1583 1162 1636 είπόνταο
1200 1583 1351 1642 Ῥίζα
1377 1581 1619 1636 πάντων
1641 1581 1846 1637 κακῶν
1864 1585 2036 1638 ἐστιν
2061 1587 2097 1652 ἡ
2123 1589 2501 1658 φιλαργυρία.

933 1667 994 1720 Ὀ
1014 1666 1122 1737 γάρ
1160 1666 1247 1718 ἐπ’
1273 1664 1474 1730 ἀθώοις
1511 1665 1661 1738 δῶρα
1699 1666 1909 1731 λαϐὼν,
1958 1671 2052 1722 καὶ
2080 1671 2177 1740 τὴν
2222 1671 2316 1725 τοῦ
2348 1673 2504 1741 ἀγίου

919 1749 1237 1821 Πνεύματος
1264 1750 1528 1822 διανομὴν
1554 1753 1802 1822 ἀργυρίῳ
1827 1754 2218 1824 ἀπεμπολῆσαι
2253 1757 2503 1826 νομίσας,

919 1834 1039 1898 πῶς
1055 1835 1300 1905 φείσεται
1317 1834 1396 1887 ἔτι
1407 1834 1701 1903 κειμηλίων
1723 1835 1754 1904 ἢ
1777 1835 1986 1906 λίθωνή
2014 1839 2230 1910 χωρίων
2253 1841 2351 1910 τῆς
2387 1842 2507 1893 Ἐκ-

921 1919 1180 1989 κλησίας;
1226 1919 1359 1971 Τότε
1393 1921 1421 1971 6
1467 1919 1720 1988 Ἰωάννης
1758 1918 1982 1989 ἄρχεται
2015 1921 2117 1992 τῆς
2163 1923 2464 1988 ἐξετάσεως
2487 1966 2502 1988 ,

920 2004 1098 2072 φήσας
1127 2001 1203 2072 τῷ
1251 2000 1549 2069 Ἀντωνίνῳ
1569 2019 1581 2032 ·
1607 2002 1672 2054 Τί
1701 2001 1883 2071 λέγεις
1922 2005 2060 2075 πρὸς
2085 2006 2278 2071 ταῦτα,
2308 2007 2502 2075 ἀδελφὲ

931 2085 1248 2149 Ἀντωνῖνε;
1292 2084 1599 2155 Ἦρνήσατο
1627 2085 1684 2150 ἐξ
1719 2085 1982 2155 ἀνάγκης.
2013 2087 2136 2149 Πῶς
2164 2088 2271 2157 γάρ
2305 2084 2413 2140 οἷόν
2443 2106 2500 2141 τε

917 2171 983 2223 ἐκ
1008 2169 1312 2240 προοιμίων
1336 2168 1516 2221 αὐτῶν
1545 2169 1643 2238 τὴν
1667 2169 1804 2221 ίδίαν
1835 2169 2097 2240 αἰσχύνην
2126 2170 2458 2241 ὁμολογῆσαι
2482 2190 2496 2236 ;

930 2254 1323 2325 Ἦρωτηθησαν
1345 2256 1390 2305 οξ
1413 2252 1724 2315 δεδωκότες,
1747 2254 2056 2323 ἠρνήσαντο
2075 2256 2337 2310 κάκεῖνοι.
2375 2257 2501 2310 Ἐπὶ

917 2337 1125 2400 τούτοις
1167 2335 1443 2408 ἐπιμελῶς
1485 2336 1584 2404 τῆς
1633 2336 1932 2400 ἐξετάσεως
1976 2339 2267 2411 γινομένης
2309 2341 2503 2412 μέχρις

916 2419 1065 2490 ῶρας
1091 2419 1304 2490 όγδόης,
1336 2421 1401 2473 ἐκ
1429 2419 1745 2491 τεκμηρίων
1768 2420 1929 2472 τινῶν
1961 2421 2268 2491 ἐμορφοῦτο
2295 2425 2326 2492 ἡ
2355 2423 2498 2493 δίκη.

916 2501 1232 2574 Καταλήγει
1252 2502 1321 2555 τά
1341 2504 1643 2564 τελευταῖα,
1674 2502 1749 2565 ῶς
1777 2503 1944 2566 είκὸς,
1975 2506 2055 2566 εἰς
2089 2505 2393 2576 μάρτυρας,
2418 2510 2503 2577 ἐφ’

917 2579 992 2638 ὧν
1022 2585 1118 2640 καὶ
1144 2585 1410 2640 δεδώκασι
1435 2586 1528 2640 καὶ
1557 2586 1797 2654 εἴληφεν.
1828 2587 1902 2637 Οὐ
1934 2588 2190 2658 παρῆσαν
2224 2592 2271 2641 οί
2303 2591 2504 2660 μάρτυ-

923 2684 1047 2738 ρες·
1083 2669 1238 2740 χρεία
1269 2668 1476 2736 γίνεται
1515 2669 1615 2738 τῆς
1649 2667 1854 2720 τούτων
1882 2671 2298 2738 παραστάσεως.
2339 2674 2502 2726 Ἀπο-

917 2751 1120 2821 ϐλέψας
1148 2753 1228 2813 είς
1251 2751 1312 2803 τὸ
1339 2749 1577 2822 ἐργῶδες
1602 2750 1698 2820 τῆς
1728 2751 2126 2820 παραστάσεως
2155 2753 2182 2804 6
2225 2754 2496 2823 Ἰωάννης,

917 2835 1275 2906 προθυμεῖται
1331 2833 1426 2886 ἐπὶ
1481 2832 1813 2903 καθαρισμῷ
1863 2833 1964 2903 τῆς
2029 2833 2357 2904 Ἐκκλησίας
2404 2839 2498 2890 καὶ

916 2916 1088 2985 φειδοῖ
1105 2916 1214 2969 τῶν
1244 2915 1536 2987 μαρτύρων
1555 2955 1570 2978 ,
1609 2916 1676 2969 δι’
1705 2915 1898 2970 ἐαυτοῦ
1931 2917 2380 2988 παραγενόμενος
2418 2920 2500 2982 είς

917 3001 1017 3072 τὴν
1055 3001 1259 3064 Ἀσίαν,
1285 3000 1382 3071 τὴν
1412 3001 1652 3066 ἐξέτασιν
1681 3001 2122 3071 συμπεραιῶσαι.
2152 3002 2497 3073 Θεασάμενος

917 3085 946 3135 6
991 3085 1302 3147 Ἀντωνῖνος
1335 3084 1395 3136 16
1433 3084 1622 3136 ἄοκνον
1667 3084 1913 3137 Ἰωάννου
1953 3084 2050 3136 καὶ
2083 3084 2144 3138 τὸ
2177 3085 2498 3150 ἀδέκαστον,

916 3165 996 3226 ὡς
1025 3168 1118 3220 ἀτε
1147 3165 1399 3230 συνειδὼς
1424 3165 1621 3236 ἐαυτῷ,
1655 3163 1988 3218 ὑπεισελθὼν
2011 3167 2092 3229 είς
2111 3166 2209 3221 ’ἐνα
2235 3168 2344 3220 τῶν
2372 3186 2501 3239 κρα-

915 3250 1172 3316 τούντων,
1209 3243 1268 3303 οὗ
1302 3251 1395 3304 καὶ
1436 3249 1545 3303 τῶν
1589 3249 1789 3319 γηδίων
1843 3250 2125 3319 ἐφρόντιζε
2166 3251 2276 3305 τῶν
2316 3254 2375 3304 ἐν
2427 3255 2494 3324 τῇ

927 3335 1116 3406 Ἀσίᾳ,
1152 3335 1460 3406 παρακαλεῖ
1503 3333 1662 3394 αὑτὸν
1715 3333 1938 3404 ποιῆσαι
1993 3333 2349 3406 ἐπισχεθῆναι
2403 3337 2495 3390 τὸν

930 3420 1205 3487 Ἰωάννην,
1232 3418 1320 3470 ἵνα
1348 3417 1422 3487 μὴ
1448 3416 1655 3488 ἀπέλθῃ
1688 3418 1767 3480 είς
1791 3417 1890 3485 τὴν
1939 3417 2124 3471 Ἀσίαν
2145 3458 2159 3480 ,
2191 3419 2496 3490 ὑποσχόμε-

917 3517 1007 3563 νος
1033 3501 1130 3571 τὴν
1154 3500 1262 3553 τῶν
1290 3499 1579 3569 μαρτύρων
1611 3498 1972 3570 παράστασιν.
2010 3501 2108 3562 Ὃς
2137 3498 2366 3570 ἐξαυτῆς
2399 3519 2498 3556 πα-

917 3585 1243 3654 ρασκευάζει
1275 3583 1578 3654 δηλωθῆναι
1618 3585 1681 3636 ἐκ
1719 3582 1813 3636 τοῦ
1858 3583 2120 3637 παλατίου
2154 3584 2234 3654 τῷ
2272 3587 2497 3640 ἐπισκό-

917 3685 1003 3737 πῳ
1041 3668 1262 3738 Ἰωάννῃ
1289 3667 1445 3719 τάδε·
1490 3666 1723 3719 Ἀτοπόν
1747 3667 1864 3719 ἐστι
1907 3668 2161 3737 πρᾶγμα,
2195 3667 2494 3722 ἐπίσκοπόν

915 3765 974 3802 σε
998 3749 1125 3802 ὄντα
1155 3751 1246 3802 καὶ
1276 3749 1385 3801 τῶν
1412 3748 1599 3818 ψυχῶν
1627 3748 1781 3818 ήμῶν
1815 3749 2149 3821 προστάτην,
2174 3751 2232 3802 ἐν
2253 3752 2488 3825 τοσαύτῃ

913 3833 1206 3905 προσδοκίᾳ
1233 3832 1460 3904 θορύϐου
1487 3833 1886 3901 καταλείψαντα
1925 3833 2024 3905 τὴν
2055 3833 2210 3889 πόλιν
2234 3875 2248 3900 ,
2279 3836 2491 3890 στείλα-

915 3915 1038 3968 σθαι
1057 3916 1154 3987 τὴν
1184 3915 1490 3987 ἀποδημίαν
1513 3915 1612 3987 τὴν
1637 3917 1713 3978 είς
1740 3917 1838 3985 τὴν
1879 3916 2082 3982 Ἀσίαν,
2113 3917 2354 3989 εὐχερῶς
2382 3919 2491 3973 τῶν

916 3999 1208 4071 μαρτύρων
1239 3999 1592 4069 διαγομένων.
1631 3994 1740 4051 Ἦν
1778 3998 1834 4050 δὲ
1861 3999 2058 4063 Γαῖνᾶς
2089 4001 2116 4052 6
2157 4001 2430 4074 βάρϐαρος
2463 4003 2494 4054 6

913 4081 1361 4153 προσδοκώμενος
1392 4081 1637 4154 θόρυὸος.
1688 4081 1829 4144 Καὶ,
1867 4081 1918 4133 τί
1965 4082 2108 4153 γάρ;
2139 4084 2228 4135 ἵνα
2269 4082 2345 4154 μὴ
2391 4101 2496 4155 μα-

910 4167 1258 4237 κρηγορήσω,
1305 4164 1549 4218 πείθεται
1610 4166 1940 4235 ἀπομεῖναι,
1996 4166 2298 4236 φροντίζων
2358 4168 2492 4236 όμοῦ

909 4249 1006 4302 καὶ
1028 4251 1126 4319 τῆς
1149 4249 1300 4319 δίκης
1325 4248 1419 4301 καὶ
1442 4247 1542 4317 τῆς
1571 4247 1861 4317 συντρισῆς
1887 4245 1997 4299 τῶν
2023 4247 2335 4320 μαρτύρων.
2379 4250 2494 4320 Ἐρ-

913 4336 1074 4404 μαῖον
1101 4333 1159 4386 δέ
1188 4332 1266 4402 τῷ
1296 4331 1727 4400 κατηγορηθέντι
1753 4331 1996 4401 ὑπῆρχεν
2023 4333 2055 4402 ή
2083 4333 2164 4394 είς
2192 4334 2320 4395 τοὺς
2354 4333 2495 4404 μάρ-

907 4433 1081 4486 τυρας
1099 4414 1354 4484 ἀναϐολὴ,
1381 4412 1474 4476 οὓς
1505 4412 1724 4465 ἐδύνατο
1751 4412 2082 4481 φυγαδεῦσαι
2110 4415 2142 4485 ἧ
2179 4415 2430 4487 ἀργυρίῳ
2455 4417 2488 4486 ἦ

907 4498 1217 4568 δυναστείᾳ.
1241 4496 1424 4550 Ταῦτα
1449 4493 1814 4566 προεωρακὼς
1838 4497 1866 4548 6
1902 4495 2171 4566 Ἰωάννης,
2194 4498 2490 4553 σκέπτεται

911 4582 1052 4648 μετά
1075 4580 1172 4652 τῆς
1205 4580 1484 4652 παρούσης
1505 4578 1725 4632 συνόδου
1755 4577 1906 4642 τινάς
1931 4578 2040 4632 τῶν
2066 4580 2349 4650 παρόντων
2373 4583 2493 4634 ἐπι-

912 4665 1129 4717 σκόπων
1163 4663 1528 4731 ἀποσταλῆναι
1573 4664 1653 4723 εἰς
1689 4661 1790 4730 τὴν
1847 4662 2032 4714 Ἀσίαν
2085 4663 2177 4714 ἐπὶ
2224 4665 2492 4734 ἐρωτήσει

908 4749 1017 4800 τῶν
1057 4746 1371 4819 μαρτύρων.
1413 4745 1678 4815 Ἐξαυτῆς
1719 4741 1813 4796 οὖν
1843 4741 2159 4814 ώρίσθησαν
2193 4748 2340 4815 τρεῖς
2379 4746 2494 4798 ἐπί-

909 4849 1102 4885 σκοποι
1128 4829 1435 4890 κατελθεῖν,
1470 4827 1802 4898 Συγκλήτιος
1840 4827 2244 4898 μητροπολίτης
2285 4829 2492 4899 Τραϊα-

906 4915 1238 4977 νόυπόλεως,
1286 4913 1539 4984 Ἰισύχιος
1592 4913 1620 4964 6
1653 4910 1897 4983 Παρίου,
1953 4910 2050 4963 καὶ
2115 4911 2413 4975 Παλλάδιος
2465 4916 2494 4966 6

918 4997 1344 5058 Ἐλενουπόλεως
1369 5036 1382 5058 ,
1432 4995 1832 5064 διαλαλησάσης
1869 4997 1969 5065 τῆς
2015 4994 2233 5049 συνόδου
2278 4995 2337 5046 ἐν
2379 4998 2492 5059 τοῖς

907 5083 1312 5153 ὑπομνήμασιν,
1347 5079 1421 5142 ὡς
1458 5079 1554 5132 τὸν
1587 5079 1737 5140 ἐντὸς
1772 5078 1864 5130 δύο
1906 5080 2091 5149 μηνῶν
2127 5079 2202 5151 μὴ
2247 5081 2493 5151 ἀπαντήο

908 5184 1074 5220 σαντα
1117 5167 1210 5219 καὶ
1237 5165 1509 5218 συστάντα
1551 5164 1664 5224 τοῖς
1697 5160 1890 5214 ἐαυτοῦ
1926 5162 2156 5226 δικαίοις
2188 5167 2246 5217 ἐν
2293 5163 2490 5218 Ὑπαί-

906 5265 1028 5313 ποις
1049 5251 1115 5319 τῇ
1156 5248 1418 5300 Ἀσιανῶν
1445 5247 1617 5308 πόλει,
1639 5245 1727 5299 διά
1751 5245 1813 5298 τὸ
1847 5246 1912 5297 ἐκ
1945 5249 2200 5312 γειτόνων
2230 5243 2369 5301 εἶναι
2397 5250 2490 5301 καὶ

907 5333 1030 5397 τοὺς
1075 5329 1463 5400 ἐλεγχομένους
1498 5330 1592 5382 καὶ
1628 5330 1755 5391 τοὺς
1783 5327 2006 5390 λοιποὺς
2037 5328 2146 5381 τῶν
2174 5331 2490 5385 ἐπισκόπων

904 5418 1029 5479 τοὺς
1069 5415 1385 5483 ὀφείλοντας
1425 5412 1737 5464 συνδικάσαι
1789 5414 1904 5472 τοῖς
1947 5410 2078 5482 ’περῖ⁹
2121 5413 2486 5481 Συγκλήτιον,

904 5497 1090 5550 τοῦτον
1116 5499 1483 5566 ἀκοινώνητον
1507 5495 1771 5562 γίνεσθαι.
1799 5495 1942 5564 Πρὸς
1979 5494 2192 5558 τούτοις
2220 5496 2492 5566 κατῆλθον

903 5584 951 5633 οί
979 5581 1318 5644 τυπωθέντες
1350 5579 1682 5650 Συγκλήτιος
1707 5578 1801 5630 καλ⁸
1831 5577 2124 5642 Παλλάδιος
2153 5580 2211 5631 ἐν
2240 5580 2486 5652 Σμύρνη

901 5668 928 5718 6
949 5665 1058 5736 γάρ
1105 5663 1353 5732 Ἥσύχιος
1382 5664 1534 5732 φίλος
1559 5661 1636 5715 ὢν
1664 5660 1758 5714 τοῦ
1797 5661 2134 5726 Ἀντωνίνου,
2157 5667 2490 5734 προσεποιή-

904 5767 1034 5801 σατο
1073 5748 1453 5801 κεκακῶσθαι·
1491 5747 1721 5817 ἐξαυτῆς
1760 5745 1816 5799 δὲ
1853 5745 2160 5815 γράψαντες
2202 5750 2487 5818 ἐσήμαναν

902 5831 1228 5903 ἀμφοτέροις
1265 5833 1377 5893 τοῖς
1418 5831 1604 5900 μέρεσι
1655 5830 1754 5900 τὴν
1793 5828 2002 5882 ἑαυτῶν
2040 5829 2330 5901 ἐπιδημίαν
2353 5873 2366 5892 ,
2400 5834 2486 5885 ἵνα

902 5914 1298 5984 συνδραμόντες
1329 5916 1410 5977 είς
1430 5914 1529 5983 τὴν
1548 5913 1858 5984 ὡρισμένην
1886 5910 2060 5976 πόλιν,
2086 5913 2482 5987 ἐκπληρώσωσι

958 6053 986 6083 ⁸³
1007 6050 1084 6104 Διὶ
1108 6051 1373 6116 legendum
1393 6047 1747 6107 ὑποϐεϐηκόσιῖ

2609 670 2705 733 τὰς
2749 670 3094 737 ὑποσχέσεις.
3148 674 3210 723 ΟΞ
3259 672 3315 724 δέ
3369 670 3653 732 πείσαντες
3697 669 3988 740 ἀλλήλους,
4027 677 4056 728 6
4097 676 4199 746 μὲν

2613 752 2840 824 χρυσίῳ,
2872 755 2900 804 ὁ
3039 752 3218 821 ὅρκῳ,
3250 755 3395 822 φίλοι
3424 755 3678 823 γεγόνασι
3710 751 3815 823 πρὸ
3839 752 3941 822 τῆς
3979 757 4090 809 τῶν
4120 761 4202 814 δι’

2609 835 2827 889 καστῶν
2865 835 3190 906 παρουσίας.
3226 836 3635 907 Συνδραμόντες
3669 837 3724 890 δέ
3762 837 4002 905 σχήματι
4032 840 4090 889 ἐν
4129 847 4197 912 τῇ

2619 918 2988 980 ἰ’παιπινῶν,
3039 918 3286 988 ἐνόμιζον
3333 921 3463 983 τοὺς
3514 920 3707 992 κριτάς
3759 917 4063 980 διαπαίζειν
4101 923 4199 975 ἐπὶ

2611 1003 2901 1074 ὑπερθέσει
2928 1002 3087 1056 πάλιν
3115 1002 3224 1054 τῶν
3259 1003 3574 1072 μαρτύρων,
3605 1005 3680 1068 ὡς
3708 1001 4088 1072 ἐκδημούντων
4117 1006 4199 1066 εἰς

2607 1085 2896 1155 διαφόρους
2927 1087 3138 1156 χρείας.
3173 1084 3314 1153 Πρδς
3342 1084 3555 1147 τούτοις
3587 1087 3935 1157 ἐπερωτῶσιν
3963 1085 4012 1138 οἱ
4039 1083 4199 1139 δικα-

2611 1170 2731 1221 σταὶ
2759 1169 2846 1220 τὸν
2867 1169 3193 1238 κατήγορον·
3227 1167 3405 1230 Ἐντὸς
3422 1163 3516 1220 οὖν
3543 1170 3728 1222 ποσῶν
3751 1171 3970 1241 ἡμερῶν
3990 1169 4198 1237 διάγεις

2607 1251 2833 1313 αὐτούς;
2869 1251 2962 1303 καὶ
2994 1251 3348 1320 ἐκδεχόμεθα.
3379 1251 3628 1318 Νομίσας
3653 1255 3852 1317 αὐτοὺς
3877 1253 4201 1324 δυσφοροῦνο

2604 1350 2702 1396 τας
2735 1332 2868 1403 πρὸς
2898 1333 2998 1403 τὴν
3030 1334 3141 1386 τῶν
3182 1333 3692 1406 ἀέρωνοέπάχθειαν
3733 1337 4041 1408 ἀποχωρεῖν
4084 1332 4196 1407 (ῆν

2605 1415 2715 1486 γάρ
2740 1415 2801 1468 16
2831 1416 3134 1488 ἀκραιφνὲς
3154 1416 3255 1487 τῆς
3277 1415 3496 1489 θερινῆς
3526 1416 3710 1488 ὥρας)
3731 1419 4019 1489 ὑπέσχετο,
4045 1420 4198 1482 ἐντὸς

2607 1501 3016 1573 τεσσαράκοντα
3035 1501 3258 1574 ἡμερῶν
3285 1501 3578 1571 ἐγγράφως
3599 1502 3632 1571 ἦ
3661 1504 3816 1570 ἄγειν
3837 1507 3962 1568 τοὺς
3991 1507 4199 1575 μάρτυ-

2615 1601 2713 1654 ρας
2745 1585 2778 1654 ἢ
2815 1585 3144 1652 ὑφίστασθαι
3174 1585 3243 1640 τά
3269 1586 3378 1638 τῶν
3403 1585 3664 1639 κανόνων.
3719 1587 3968 1654 Ἀφεθεὶς
3997 1585 4090 1642 οὖν
4119 1590 4196 1650 εἰς

2609 1667 2933 1736 ἐπιζήτησιν
2966 1667 3075 1720 τῶν
3116 1668 3440 1740 μαρτύρων,
3479 1668 3798 1722 καταλιπὼν
3836 1669 3897 1721 16
3930 1673 4197 1740 πρᾶγμα,

2609 1751 3022 1822 καταλαμϐάνει
3043 1750 3141 1820 τὴν
3167 1752 3762 1816 Κωνσταντινούπολιν,
3789 1754 3966 1806 ἐκεῖσε
3990 1754 4202 1807 διαλαν-

2609 1833 2806 1888 θάνων.
2851 1832 3186 1897 Ἐξεδέξαντο
3209 1834 3256 1884 οἱ
3282 1835 3468 1903 κριταὶ
3496 1835 3596 1900 τάς
3621 1836 4032 1909 τεσσαράκοντα
4056 1838 4198 1907 ήμέ-

2610 1934 2728 1988 ρας,
2761 1917 2836 1980 ὡς
2870 1917 3035 1979 είκόςο
3078 1917 3170 1968 καὶ
3210 1917 3286 1980 ὼς
3306 1917 3542 1988 οὐδαμοῦ
3583 1921 3778 1991 ἐφάνη,
3820 1922 4196 1975 ἐπιστέλλουσι

2603 2002 2716 2060 τοῖς
2750 1998 3026 2066 πανταχοῦ
3068 1998 3170 2067 τῆς
3225 1998 3412 2061 Ἀσίας
3464 2002 3784 2065 ἐπισκόποις
3810 2045 3824 2066 ,
3868 2006 4198 2074 ποιήσαντες

2605 2080 2764 2133 αὐτὸν
2798 2079 3179 2150 ἀκοινώνητον,
3203 2079 3235 2150 ἢ
3263 2080 3338 2144 ῶς
3369 2081 3700 2152 λιποτάκτην
3739 2085 3770 2153 ἢ
3807 2085 3882 2147 ὡς
3925 2087 4197 2153 συκοφάν-

2600 2180 2700 2233 την
2717 2181 2730 2193 ·
2764 2165 2902 2233 μετά
2919 2164 2974 2216 δέ
2995 2165 3152 2216 τοῦτο
3174 2167 3692 2237 προσεκαρτέρησαν
3715 2168 3878 2232 ἄλλας
3898 2171 4193 2240 τριάκοντα

2599 2247 2835 2318 ἡμέρας,
2859 2249 3044 2312 καλῶς
3066 2249 3306 2320 οὐδαμοῦ
3331 2252 3526 2321 ἐφάνη.
3549 2252 4005 2324 ἀναχωρήσαντες
4027 2249 4194 2324 ἦλθον

2603 2332 2683 2393 είς
2700 2331 2799 2402 τὴν
2812 2333 3405 2386 Κωνσταντινούπολιν·
3425 2335 3585 2388 κάκεῖ
3608 2335 3991 2405 περιτυχόντες
4014 2335 4189 2405 αὐτῷ,

2605 2415 2895 2468 ἐνεκάλουν
2929 2417 3022 2469 ἐπὶ
3053 2416 3132 2486 τῷ
3164 2419 3571 2490 τετολμημένῳ.
3617 2421 3676 2473 '0
3711 2421 3768 2474 δὲ
3803 2420 3966 2473 πάλιν
4007 2422 4192 2492 ἀρρω-

2607 2498 2760 2552 στίαν
2783 2499 3032 2569 σώματος
3051 2503 3552 2573 προφασισάμενος,
3579 2505 3891 2574 ὑπισχνεῖτο
3911 2508 4036 2570 τοὺς
4057 2507 4192 2576 μάρ-

2601 2600 2792 2652 τυρας.
2840 2584 3056 2637 Τούτων
3097 2585 3240 2638 οὑτω
3286 2588 3813 2659 χρονοτριϐούντων,
3856 2590 4190 2661 ἀποθνήσκει

2600 2667 2629 2717 ό
2671 2669 3012 2730 Ἀντωνῖνος,
3065 2669 3187 2737 μεθ’
3231 2666 3291 2722 οὗ
3330 2667 3472 2740 εἶχεν
3505 2673 3532 2723 6
3574 2673 3834 2736 Εὐσέϐιος
3866 2673 3965 2744 τὴν
4007 2674 4185 2745 δίκην.

2598 2744 2762 2811 Αὖθις
2797 2749 3059 2819 ψήφισμα
3092 2751 3310 2821 ἔρχεται
3348 2753 3457 2805 ἀπὸ
3498 2754 3684 2818 Ἀσίας
3708 2795 3724 2818 ,
3770 2756 3929 2808 τοῦτο
3967 2757 4066 2825 μὲν
4093 2744 4187 2809 τοῦ

2599 2831 2802 2902 κλήρου
2834 2833 2932 2902 τῆς
2975 2833 3298 2904 Ἐκκλησίας
3324 2835 3433 2886 τῶν
3472 2835 3758 2904 Ἐφεσίων,
3798 2836 3956 2889 τοῦτο
3986 2838 4042 2891 δὲ
4077 2839 4189 2890 τῶν

2598 2914 2913 2969 ἐπισκόπων
2935 2959 2948 2979 ,
2983 2917 3119 2988 πρὸς
3155 2919 3244 2970 τὸν
3291 2919 3576 2988 Ἰωάννην,
3607 2920 3829 2984 ἀξίωσιν
3865 2920 3981 2986 μεθ’
4021 2923 4187 2991 ὅρκου

2601 2999 2830 3069 φρικτοῦ
2859 3001 3112 3070 περιέχον
3131 3018 3143 3032 ·
3184 3002 3400 3071 Ἐπειδὴ
3421 3005 3480 3056 ἐν
3505 3005 3616 3066 τοῖς
3641 3002 3950 3074 ἔμπροσθεν
3972 3006 4187 3076 χρόνοις

2602 3081 2809 3151 φύρδην
2843 3084 2974 3135 οἵτε
3003 3084 3196 3154 θεσμοὶ
3226 3088 3318 3138 καὶ
3345 3087 3501 3156 ἡμεῖς
3541 3085 3968 3158 ἐποιμάνθημεν,
4001 3089 4184 3153 ἀξιοῦ-

2603 3163 2702 3233 μέν
2734 3181 2826 3216 σου
2863 3163 2960 3235 τὴν
2991 3166 3278 3239 τιμιότητα
3310 3168 3672 3222 κατελθοῦσαν
3703 3168 3876 3222 τύπον
3918 3172 4183 3226 ἐπιθεῖναι

2599 3244 2945 3316 θεόπεμπτον
2978 3251 3044 3319 τῇ
3083 3250 3345 3316 Ἐφεσίων
3387 3251 3684 3323 Ἐκκλησία
3713 3255 3777 3305 ἐκ
3808 3255 4036 3324 μακρῶν
4074 3256 4184 3308 τῶν

2598 3330 2808 3402 χρόνων
2828 3333 3292 3406 καταπονηθείσῃ,
3315 3336 3473 3389 τοῦτο
3501 3336 3596 3405 μὲν
3619 3337 3721 3390 ὑπὸ
3741 3338 3850 3390 τῶν
3875 3339 3941 3392 τά
3970 3340 4182 3411 Ἀρείου

2599 3413 2961 3482 φρονούντων,
3020 3415 3176 3468 τοῦτο
3221 3417 3278 3468 δὲ
3329 3418 3434 3470 ὑπὸ
3482 3419 3589 3471 τῶν
3633 3421 3701 3474 τά
3755 3421 3997 3492 ἡμέτερα
4045 3423 4183 3492 μετὰ

2599 3494 2913 3562 πλεονεξίας
2938 3499 3033 3551 καὶ
3058 3498 3345 3567 φιλαυτίας
3370 3501 3678 3569 αὐχούντων
3695 3517 3708 3532 °
3731 3503 3920 3574 ἐπειδὴ
3948 3504 4180 3574 μάλιστα

2600 3577 2785 3629 πολλοὶ
2815 3581 2862 3631 οί
2883 3580 3287 3650 ἐφεδρεύοντες,
3317 3583 3393 3644 ώς
3422 3582 3574 3636 λύκοι
3614 3584 3818 3656 βαρεῖς,
3849 3586 3936 3639 διά
3961 3588 4180 3658 χρημά-

2596 3676 2702 3712 των
2733 3661 2975 3732 ἁρπάσαι
3004 3663 3094 3717 τὸν
3124 3663 3312 3736 θρόνον
3341 3666 3686 3736 ἐπειγόμενοι
3721 3667 3770 3722 δ.
3811 3669 3868 3721 Ὀ
3899 3669 3954 3721 δέ
4001 3671 4181 3722 Ἰωάν-

2594 3760 2691 3813 νης
2713 3746 2770 3796 ἐν
2793 3745 3030 3820 τοσαύτῃ
3061 3746 3313 3818 σώματος
3341 3749 3627 3821 ἀνωμαλίᾳ
3655 3752 3749 3804 καὶ
3769 3753 4052 3824 χειμερίας
4077 3753 4181 3822 τῆς

2592 3827 2762 3895 ὧρας,
2785 3829 2939 3883 οὐδὲν
2974 3830 3079 3902 πρὸ
3099 3831 3393 3901 ὀφθαλμῶν
3422 3835 3648 3904 θέμενος
3670 3835 3932 3907 λυπηρὸν,
3960 3838 4052 3890 ἐπὶ
4075 3854 4178 3890 κα·-

2591 3913 2851 3967 ταστάσει
2889 3914 3124 3984 μάλιστα
3147 3917 3517 3987 νενοσηκότων
3558 3919 3898 3990 πραγμάτων
3929 3920 4058 3988 ὅλης
4079 3919 4179 3987 τῆς

2606 3995 2860 4065 Ἀσιανῆς
2889 3997 3210 4066 διοικήσεως
3239 3999 3306 4052 δι’
3348 4001 3607 4072 ἀπειρίαν
3645 4002 3678 4072 ἢ
3713 4001 3948 4072 ἐρημίαν
3979 4002 4178 4070 ποιμέ-

2594 4095 2721 4141 νων,
2749 4077 3002 4142 τονωθεὶς
3035 4083 3100 4150 τῇ
3136 4082 3432 4154 προθυμίᾳ,
3464 4084 3639 4154 ἐμϐάς
3668 4086 3749 4147 είς
3777 4084 3989 4146 πλοῖον,
4021 4083 4181 4136 ἀπαί-

2598 4176 2680 4230 ρει
2718 4160 2818 4229 τῆς
2854 4160 3084 4226 πόλεως.
3133 4163 3550 4236 Ἐπιγενομένου
3593 4167 3650 4219 δέ
3703 4164 3936 4236 σφοδροῦ
3977 4165 4177 4235 ἀνέμου

2597 4244 2844 4314 βορρέου,
2872 4246 3202 4317 φοὸηθέντες
3229 4250 3276 4300 οί
3299 4252 3562 4314 ναυτικοὶ,
3595 4251 3680 4305 ἵνα
3705 4251 3780 4321 μὴ
3806 4251 3886 4313 είς
3915 4249 4013 4320 τὴν
4037 4251 4178 4321 Προ-

2595 4328 2853 4397 κόννησον
2878 4328 3171 4399 ἐκριφῶσι,
3197 4329 3256 4382 16
3287 4329 3511 4402 ἔπαρμα
3541 4331 3723 4394 θέντες
3749 4335 3813 4402 τῇ
3847 4332 4175 4403 βαλλομένη.

2595 4411 2956 4482 ὑποτρέχουσι
2978 4412 3039 4465 16
3061 4413 3186 4483 ὅρος
3207 4412 3301 4466 τοῦ
3337 4415 3612 4484 Τρίτωνος
3631 4432 3646 4447 ο
3677 4417 3898 4469 κάκεῖσε
3923 4418 4176 4488 ῥίψαντες

2591 4495 2717 4558 τοὺς
2761 4495 3046 4566 κατόχους,
3102 4495 3294 4566 ἔμενον
3334 4497 3681 4568 ἐκδεχόμενοι
3730 4500 3916 4564 νότον,
3955 4501 4042 4554 ίνα
4075 4518 4179 4553 πα-

2594 4576 2874 4646 ραὸάλωσι
2915 4579 2980 4647 τῇ
3022 4578 3314 4648 Ἀπαμείᾳ.
3361 4579 3766 4650 Ἐπιμείναντες
3797 4577 3891 4636 οῦν
3921 4582 4016 4636 δύο
4039 4585 4178 4654 ήμέ-

2597 4675 2696 4729 ρας
2722 4661 2936 4728 νήστεις
2968 4658 3294 4730 ρεμϐόμενοι
3325 4663 3382 4714 ἐν
3410 4662 3488 4733 τῷ
3516 4663 3706 4731 πλοίῳ,
3737 4668 3804 4736 τῇ
3829 4667 3987 4738 τρίτῃ
4018 4666 4178 4736 ἐξῆλ-

2597 4740 2687 4792 θον
2711 4743 2790 4802 είς
2814 4740 2912 4811 τὴν
2954 4742 3276 4812 Ἀπάμειαν,
3320 4746 3380 4798 ἐν
3492 4745 3801 4817 ἐξεδέχοντο
3833 4748 4046 4811 Παῦλος
4084 4749 4178 4802 καὶ

2595 4826 2831 4894 Κυρῖνος
2879 4825 2974 4878 καὶ
3024 4827 3320 4892 Παλλάδιος
3368 4833 3417 4882 οί
3451 4831 3770 4885 ἐπίσκοποι·
3807 4833 4030 4894 τούτους
4068 4831 4178 4900 γάρ

2594 4907 2753 4961 ἔλαϐε
2798 4908 3169 4981 συνεκδήμους
3215 4913 3244 4965 6
3287 4913 3558 4984 Ἰωάννης.
3600 4915 3963 4978 Διανύσαντες
4005 4914 4062 4967 δὲ
4108 4916 4174 4984 τῇ

2595 4992 2791 5064 πεζικῇ
2845 4995 3038 5066 πορείᾳ
3061 4997 3158 5064 τὴν
3191 4998 3330 5062 ὁδὸν,
3368 4999 3740 5053 εἰσϐάλλουσιν
3769 5001 3849 5064 είς
3882 4999 3980 5070 τὴν
4011 4999 4178 5065 Ἐφε-

2595 5093 2686 5128 σον
2704 5091 2718 5104 ο
2750 5076 2844 5129 καὶ
2878 5079 3276 5146 συναγαγόντες
3310 5081 3435 5144 τοὺς
3459 5081 3556 5151 τῆς
3586 5082 3785 5145 Λυδίας
3809 5082 4171 5143 ἐπισκόπους,

2594 5161 2687 5210 καὶ
2728 5159 2912 5221 Ἀσίας
2941 5161 3035 5212 καὶ
3063 5161 3277 5230 Καρίας
3307 5163 3675 5226 συντείνοντας
3701 5166 3778 5226 είς
3809 5164 4177 5232 ἐϐδομήκοντα

2593 5242 2821 5312 ἄνδρας,
2868 5241 3145 5295 ποιοῦνται
3189 5244 3288 5312 τὴν
3330 5246 3694 5315 χειροτονίαν,
3724 5246 3832 5300 τῶν
3871 5243 4082 5297 πολλῶν
4110 5243 4176 5296 ἐκ

2598 5324 2906 5394 προθυμίας
2926 5326 3173 5378 ἑκουσίου
3193 5327 3642 5397 ἀπαντησάντων,
3670 5330 3907 5400 μάλιστα
3924 5327 4172 5397 Φρυγῶν,

2595 5410 2687 5460 ἐπὶ
2713 5407 3008 5461 ἀπολαύσει
3040 5409 3306 5480 στόματος
3337 5413 3527 5478 σοφίας
3548 5453 3563 5476 ,
3591 5412 3732 5467 κατά
3771 5411 3832 5462 16
3864 5410 4170 5479 εἰρημένονο

2595 5491 2784 5557 Σοφία
2902 5492 3136 5558 ἐξόδοις
3167 5494 3436 5562 ὑμνεῖται
3453 5537 3464 5557 ,
3511 5496 3789 5548 τουτέστιν
3809 5532 3822 5555 ,
3860 5494 3917 5544 ἐν
3944 5495 4054 5557 τοῖς
4083 5493 4170 5546 λαο

2595 5572 2779 5626 λοῦσιν
2799 5572 2818 5603 ’⁷
2839 5575 2910 5627 ἐν
2931 5577 3000 5628 δὲ
3021 5579 3330 5644 πλατείαις
3353 5580 3700 5647 παρῤησίαν
3720 5577 3845 5644 ἄγει
3864 5617 3879 5639 ,
3906 5579 4168 5646 τουτέστι,

2594 5657 2844 5727 καρδίαις
2890 5664 3011 5723 ταῖς
3055 5661 3142 5713 διά
3185 5662 3540 5730 πολυτρόπων
3575 5660 3808 5728 θλίψεων
3841 5662 4172 5718 πλατυνθεί-

2595 5755 2732 5802 σαις,
2761 5743 2898 5795 κατά
2929 5744 3010 5808 τὸ,
3054 5745 3116 5798 Ἐ
3121 5762 3155 5795 ν
3179 5746 3382 5813 θλίψει
3413 5741 3758 5810 ἐπλάτυνὰς
3778 5761 3872 5813 με.
3905 5746 4168 5816 Στενοχω-

2595 5828 2762 5894 ρεῖται
2787 5828 2895 5899 γάρ
2922 5830 2954 5897 ἡ
2980 5827 3138 5897 σοφία
3171 5831 3228 5880 ἐν
3256 5832 3367 5889 τοῖς
3399 5827 3468 5878 τά
3494 5825 3705 5891 ζιζάνια
3731 5830 4055 5902 γεωργοῦσι,
4077 5829 4172 5883 καὶ

2588 5909 2678 5962 τὸν
2710 5910 2866 5979 λόγον
2902 5929 2967 5963 συ
2976 5913 3209 5982 μπνίγου
3218 5928 3322 5964 σιν.

2653 6057 2680 6096 δ
2708 6058 2884 6120 Georg.
2912 6065 2992 6115 τῆς
3017 6059 3278 6117 ἐπισκοπῆς
3300 6061 3603 6125 ἐπειγόμενοι.
