4504 6730
320 603 384 659 ιθ
1280 596 1369 650 DF.
1414 592 1566 647 VITA
1603 592 1663 647 S.
1704 589 1986 647 JOANNIS
2023 586 2519 643 CHRYSOSTOMI.
3521 582 3591 635 5ο

316 724 365 774 in
398 722 668 791 proposito
710 719 967 791 persistit.
995 716 1132 771 Tum
1155 712 1341 782 jubent
1387 708 1487 780 legi
1516 708 1782 762 libellum:
1813 704 1887 760 le-

314 824 499 883 Ciaque
515 823 636 868 sunt
652 810 953 880 supradicta
975 805 1166 874 capita.
1191 802 1377 855 Dicunt
1397 802 1634 854 seniores
1656 798 1888 868 episcopi

316 904 502 959 Joanni
533 947 549 971 ,
586 904 771 958 audito
818 912 1004 953 tenore
1049 895 1208 950 libelli
1259 911 1271 948 :
1312 894 1421 947 Etsi
1476 888 1889 960 unumquodque

312 998 726 1066 uniuscujusque
757 992 952 1061 capitis
997 988 1227 1042 maxime
1257 986 1474 1054 impium
1504 994 1587 1039 est
1631 992 1686 1037 et
1723 982 1889 1035 unde—

308 1105 517 1159 quaqne
559 1090 727 1143 sacris
768 1085 975 1155 legibus
1016 1079 1396 1141 interdictum,
1439 1094 1507 1134 ne
1533 1077 1810 1132 videamur
1838 1075 1887 1127 in

309 1179 393 1233 his
431 1196 552 1248 qua:
596 1180 796 1233 leviora
858 1183 985 1230 sunt
1056 1182 1265 1239 tempus
1332 1186 1491 1224 omne
1566 1170 1884 1227 insumere,

307 1268 374 1320 ab
440 1283 505 1320 eo
558 1268 697 1337 quod
767 1277 849 1321 est
931 1262 1241 1319 horribilius
1318 1258 1407 1312 fiat
1474 1260 1765 1331 inquisitio.
1830 1256 1886 1309 Si

308 1357 450 1409 enim
528 1358 652 1411 illud
717 1358 986 1412 inventum
1062 1354 1222 1408 fuerit
1289 1366 1471 1403 verum
1514 1390 1528 1411 ,
1597 1350 1771 1403 nullus
1820 1346 1887 1398 de

308 1445 571 1511 capitibus
626 1447 841 1515 reliquis
890 1446 996 1499 erit
1060 1438 1464 1499 contradicendi
1513 1440 1697 1493 locus:
1764 1450 1883 1489 cum

312 1533 450 1586 illius
476 1536 663 1603 capitis
713 1536 858 1589 radix
903 1550 1117 1589 onmem
1166 1530 1460 1601 iniquitatis
1499 1530 1728 1597 speciem
1758 1539 1885 1595 pro-

308 1626 590 1690 germinet,
619 1624 768 1694 juxta
796 1626 967 1688 illum,
994 1624 1080 1692 qui
1115 1623 1188 1676 ait
1218 1641 1229 1675 :
1275 1619 1449 1674 llatlia:
1470 1620 1689 1671 omnium
1718 1614 1884 1668 mulo-

307 1733 421 1769 rum
461 1730 532 1771 est
586 1719 798 1770 avaritia
837 1716 906 1789 (1
969 1715 1137 1769 Titinii
1166 1756 1179 1778 ,
1207 1715 1273 1769 10
1387 1711 1485 1779 Qui
1535 1710 1674 1764 Cllim
1725 1722 1887 1777 ευριπ

308 1808 622 1861 innocentes
648 1822 865 1861 munera
892 1808 1136 1875 accepit,
1166 1816 1221 1861 et
1257 1804 1487 1873 Spiritus
1511 1802 1676 1857 Sancti
1701 1800 1885 1855 distri-

308 1898 580 1952 butionem
608 1907 831 1967 argento
858 1899 1087 1953 vendere
1130 1896 1242 1952 'non
1286 1894 1548 1951 dubitavit
1568 1911 1581 1947 :
1601 1908 1705 1962 quo
1730 1900 1886 1962 pacto

304 1989 413 2056 jam
441 2000 625 2057 parcet
648 1989 815 2043 sacris
842 1989 981 2044 vasis
1008 1998 1099 2043 aut
1128 1987 1392 2057 lapidibus
1422 1994 1513 2037 aut
1554 1984 1764 2052 pra-diis
1790 1997 1883 2035 ec-

312 2080 533 2134 clesim?
571 2080 721 2137 Tunc
758 2076 993 2137 Joannes
1022 2083 1378 2152 quaestionem
1402 2078 1649 2142 inchoat,
1698 2077 1884 2130 dicens

305 2174 608 2228 Antonino:
639 2174 774 2241 Quid
803 2174 870 2228 ad
892 2175 1005 2228 lucc
1022 2175 1176 2240 dicis,
1195 2174 1360 2229 frater
1388 2170 1689 2225 Antoniae?
1709 2170 1879 2239 Nega-

304 2265 380 2315 vit
406 2263 492 2317 ille
520 2265 843 2319 necessario.
874 2263 1155 2330 Quomodo
1201 2263 1346 2317 enim
1379 2270 1560 2331 posset
1587 2260 1687 2314 sub
1716 2275 1882 2315 exor-

302 2352 446 2407 dium
479 2354 653 2423 ipsum
680 2353 1051 2410 confusionem
1079 2369 1229 2408 suam
1252 2352 1536 2408 confiteri?
1572 2352 1883 2421 Interrogati

299 2445 540 2514 suntqui
568 2445 862 2509 dederunt;
915 2453 1176 2513 negarunt
1216 2454 1270 2498 et
1318 2443 1436 2511 ipsi.
1474 2444 1597 2497 Post
1625 2442 1736 2496 baze
1760 2458 1883 2495 cum

301 2531 575 2602 inquisitio
598 2535 663 2589 ad
692 2535 875 2589 horam
896 2550 1063 2604 usque
1108 2544 1350 2588 octavam
1382 2533 1663 2602 diligenter
1700 2547 1887 2602 agere-

302 2629 427 2684 tur,
468 2638 534 2677 ex
576 2624 786 2678 indiciis
829 2624 1145 2694 quibusdam
1171 2623 1432 2692 judicium
1474 2622 1754 2677 formatum
1781 2630 1883 2677 est.

304 2710 611 2778 Postremo,
635 2727 689 2767 ut
717 2732 809 2783 par
838 2724 983 2781 erat,
1015 2724 1232 2769 ventum
1262 2722 1347 2767 est
1372 2712 1436 2766 ad
1467 2720 1633 2766 testes
1659 2753 1674 2777 ,
1702 2727 1882 2766 coram

299 2803 495 2871 quibus
523 2812 577 2857 et
606 2802 659 2856 hi
684 2804 1029 2869 dedcrant,et
1057 2805 1170 2874 ipse
1190 2813 1487 2872 acceperat.
1520 2801 1635 2856 Non
1661 2801 1883 2855 aderant

300 2902 468 2946 testes
500 2906 671 2961 :Opus
697 2904 812 2949 erat
839 2910 1022 2949 eorum
1053 2894 1355 2965 prmsentia.
1387 2893 1761 2948 Dil'licultatcm
1806 2893 1881 2947 si-

297 2983 612 3037 stendorum
659 2984 871 3036 testium
918 2985 1208 3052 respiciens
1253 2983 1509 3048 Joannes,
1545 2996 1599 3037 ut
1630 2990 1884 3052 purgaret

300 3075 592 3128 Erclesiam
613 3115 629 3140 ,
659 3084 712 3128 et
744 3076 964 3128 testibus
995 3083 1235 3145 parceret
1263 3117 1277 3139 ,
1306 3091 1400 3143 per
1434 3091 1493 3129 se
1518 3076 1572 3129 in
1601 3076 1778 3129 Asiam
1805 3077 1882 3129 ire

296 3180 419 3219 sese
452 3165 590 3219 ultro
638 3166 843 3230 offert,
876 3176 930 3220 et
972 3182 1195 3221 examen
1254 3180 1528 3235 peragere.
1583 3167 1880 3220 Antoninus

297 3260 409 3312 visa
442 3258 663 3315 Joannis
692 3262 1008 3316 strenuitate
1038 3271 1195 3329 atque
1222 3261 1530 3329 incorrupta
1558 3260 1880 3329 integritate,

298 3357 483 3416 utpote
512 3347 614 3401 sibi
638 3348 884 3401 conscius
915 3386 932 3411 ,
986 3346 1116 3399 adiit
1160 3346 1444 3415 quemdam
1469 3361 1500 3400 e
1530 3344 1839 3415 proceribus
1865 3387 1881 3411 ,

295 3439 453 3504 cujus
483 3438 697 3506 praedia,
723 3452 843 3506 qua:
875 3436 927 3490 in
956 3438 1081 3491 Asia
1122 3446 1277 3491 erant
1305 3476 1319 3499 ,
1344 3437 1456 3506 ipse
1481 3436 1737 3490 curabat:
1767 3445 1886 3491 orat

299 3540 360 3583 ut
384 3529 727 3584 inhibendum
744 3527 1004 3583 Joannem
1026 3542 1295 3598 procuret,
1331 3544 1395 3583 ne
1412 3530 1464 3583 in
1495 3530 1672 3583 Asiam
1689 3529 1883 3594 abiret,

299 3619 621 3686 promittens
640 3627 803 3673 testes
830 3633 889 3671 se
905 3618 1292 3673 exbibiturum.
1314 3619 1413 3686 Qui
1439 3620 1618 3673 statim
1645 3619 1882 3681 molitur,

296 3718 359 3763 ut
386 3709 564 3764 luccce
595 3708 660 3763 ad
689 3707 945 3764 Joannem
977 3712 1287 3781 episcOpnm
1315 3727 1345 3766 e
1379 3711 1573 3781 palatio
1595 3710 1881 3766 denuntia-

295 3809 515 3854 rentur:
550 3799 846 3854 Absurdum
870 3809 952 3855 est
977 3808 1030 3855 te
1055 3841 1069 3866 ,
1112 3803 1201 3872 qui
1228 3803 1303 3857 sis
1328 3803 1639 3873 episcopus,
1688 3812 1744 3858 et
1768 3806 1880 3858 aui-

294 3905 508 3943 marum
539 3902 837 3945 nostrarum
865 3892 1133 3960 inspector
1164 3934 1180 3958 ,
1231 3894 1284 3947 in
1316 3903 1475 3948 tanta
1509 3895 1761 3949 tumultus
1789 3910 1881 3950 ex-

292 3980 647 4048 spectatione,
678 3983 975 4053 relinquere
990 3984 1257 4038 civitatem
1283 4026 1298 4050 ,
1330 3995 1383 4039 et
1401 3986 1880 4055 peregrinationem

294 4070 349 4125 in
398 4070 578 4125 Asiam
620 4071 772 4128 obire
802 4114 818 4137 ,
864 4087 984 4127 cum
1028 4072 1180 4128 facile
1225 4083 1390 4128 testes
1428 4075 1619 4130 deduci
1650 4078 1875 4146 possint.

294 4160 427 4215 Erat
443 4171 623 4216 autem
648 4164 943 4234 exspectati
966 4163 1217 4219 tumultus
1238 4179 1394 4219 causa
1408 4164 1575 4221 Gaioa
1597 4166 1878 4229 barbarus.

293 4253 604 4320 Enimvero,
631 4271 696 4309 ne
721 4257 931 4326 longior
951 4258 1070 4323 sim,
1092 4258 1435 4327 persuadetur
1458 4258 1531 4311 illi
1564 4270 1621 4313 ut
1642 4272 1876 4331 maneat,

289 4359 473 4398 curam
514 4345 670 4398 simul
708 4346 911 4403 habens
939 4358 995 4404 et
1025 4349 1206 4419 judieii
1245 4357 1298 4403 et
1332 4351 1588 4404 molestia:
1637 4353 1875 4408 testium.

292 4435 509 4489 interim
523 4434 725 4489 lucrum
738 4438 1063 4507 insperatum
1079 4454 1169 4495 reo
1181 4438 1276 4493 fuit
1287 4440 1350 4493 ad
1363 4440 1643 4495 adventum
1662 4443 1875 4496 testium

290 4519 496 4583 dilatio,
522 4533 654 4587 quos
679 4525 1034 4589 autpecunia,
1054 4536 1145 4579 aut
1172 4526 1407 4594 potentia
1431 4526 1609 4596 fugare
1639 4537 1869 4597 poterat.

290 4610 597 4665 Praevidens
614 4611 711 4665 ista
738 4611 993 4677 Joannes,
1017 4632 1138 4670 cum
1160 4627 1422 4687 praesente
1441 4618 1656 4688 Synodo
1675 4619 1874 4673 delibe—

293 4710 379 4756 rat
404 4700 657 4771 quosdam
681 4716 713 4755 e
743 4705 1096 4770 przesentibus
1129 4709 1396 4779 episcopis
1438 4712 1490 4763 in
1536 4710 1715 4764 Asiam
1750 4710 1872 4764 mit-

295 4806 410 4849 tere
448 4793 512 4847 ad
560 4794 963 4863 interrogandus
993 4804 1177 4852 testes.
1233 4800 1531 4870 Derepeute
1575 4804 1734 4873 igitur
1765 4814 1874 4860 tres

289 4885 527 4954 episcopi
557 4883 708 4938 electi
740 4894 882 4949 sunt,
900 4886 986 4955 qui
1017 4888 1393 4945 mitterentur:
1425 4893 1725 4963 Syucletius
1757 4912 1873 4950 me-

287 4976 645 5044 tropolitattus
671 4974 1059 5046 TrajanOpolis,
1080 4978 1381 5049 Hesychius
1399 4984 1683 5053 episeopus
1705 4986 1867 5051 Parii,

286 5073 343 5118 et
362 5064 624 5119 Palladius
646 5063 1016 5132 llelenopolis.
1042 5084 1160 5123 cum
1180 5070 1229 5123 in
1248 5072 1379 5125 actis
1399 5070 1708 5127 inter-locuta
1729 5086 1871 5130 esset

285 5154 556 5225 Synodus.
584 5166 638 5209 ut
663 5157 748 5226 qui
777 5156 910 5210 intra
939 5159 1073 5212 duos
1099 5176 1313 5217 menses
1338 5178 1443 5217 non
1467 5166 1787 5219 occurrisset
1813 5176 1867 5219 et

288 5245 408 5310 jura
441 5262 534 5299 sua
568 5259 912 5316 persequutus
938 5263 1042 5301 non
1069 5250 1277 5316 fuisset,
1310 5253 1555 5322 llypmpis
1575 5296 1590 5319 ,
1623 5254 1761 5308 Asia:
1792 5255 1866 5309 ci-

285 5334 469 5401 vitate,
492 5340 614 5407 quia
643 5339 795 5392 vicini
825 5347 1003 5392 essent
1022 5348 1077 5394 et
1104 5343 1192 5410 qui
1216 5348 1574 5413 arguebantur
1600 5353 1654 5400 et
1678 5347 1867 5417 reliqui

284 5424 545 5496 episcopi,
570 5429 659 5499 qui
684 5444 805 5483 cum
828 5426 1097 5499 Syncletio
1116 5430 1360 5498 judicare
1385 5435 1669 5502 debebant,
1703 5438 1748 5491 is
1776 5454 1868 5493 ex-

282 5521 707 5575 communicatus
722 5530 881 5576 esset.
906 5520 1026 5573 Post
1049 5520 1161 5575 haec
1178 5522 1865 5600 descenderuntSmyrnam

281 5600 406 5654 dicti
434 5604 739 5675 Syncletius
763 5624 817 5667 et
843 5611 1133 5667 Palladius:
1183 5612 1480 5684 Hesychius
1507 5630 1685 5675 autem
1715 5662 1729 5687 ,
1778 5622 1866 5691 qui

284 5692 486 5747 amicus
513 5710 628 5752 erat
654 5705 907 5759 Antonini
934 5746 949 5769 ,
998 5705 1265 5760 simulavit
1295 5710 1538 5764 morbum
1562 5731 1576 5766 :
1605 5722 1658 5767 et
1682 5729 1775 5783 per
1803 5715 1867 5767 li-

283 5791 421 5838 teras
463 5785 606 5840 illico
632 5792 999 5861 siguifiearunt
1042 5799 1275 5868 utrisque
1317 5801 1553 5867 partibus
1577 5804 1863 5860 adventum

282 5894 453 5941 ευηηι,
484 5886 539 5931 ut
576 5894 960 5945 concurrentes
991 5892 1040 5944 in
1070 5890 1262 5946 dictam
1286 5891 1552 5945 civitatem
1582 5893 1897 5966 intplerenc.

282 5970 557 6041 promissa.
608 5970 686 6025 Illi
726 5986 903 6033 autem
949 5998 1069 6037 cum
1114 5999 1171 6041 se
1218 5994 1397 6040 mutuo
1446 5987 1859 6059 corrupissent,

2002 701 2196 774 partim
2227 714 2357 754 auro
2384 740 2398 764 ,
2428 700 2617 769 partim
2641 695 2988 768 jurejurando
3012 737 3028 762 ,
3081 694 3242 749 amici
3278 694 3398 749 facti
3430 702 3583 750 erant

1996 802 2121 847 ante
2146 791 2432 845 adventum
2470 788 2726 859 judicum.
2773 786 2905 851 Cum
2956 793 3132 841 autem
3174 783 3308 839 dicis
3336 799 3493 839 causa
3519 787 3585 837 ad

2008 884 2277 938 civitatem
2303 880 2713 953 ligpmpinorum
2742 876 3032 944 venissent,
3067 876 3353 948 sperabant
3376 888 3584 928 rursum

1996 974 2215 1028 eludere
2236 973 2445 1039 judices
2470 972 2723 1026 dilatione
2752 970 2968 1025 testium
2991 1009 3005 1031 ,
3032 969 3180 1038 quasi
3209 982 3430 1038 peregre
3455 980 3584 1036 pro-

1997 1067 2120 1122 fecti
2146 1077 2329 1121 essent
2366 1064 2434 1117 ob
2462 1065 2632 1117 varias
2655 1077 2863 1117 causas.
2894 1061 3022 1116 Post
3050 1060 3164 1114 [nec
3182 1061 3390 1129 judices
3427 1074 3585 1115 accu-

1994 1168 2228 1212 satorem
2261 1164 2473 1225 rogant:
2507 1154 2646 1208 intra
2672 1163 2797 1223 quot
2827 1154 2987 1224 igitur
3027 1152 3144 1207 dies
3169 1150 3494 1206 adducturus
3524 1166 3584 1205 es

1997 1257 2159 1303 testes
2184 1248 2207 1300 ?
2234 1256 2289 1301 et
2316 1246 2766 1315 exspectabimus.
2815 1244 2979 1298 llatus
3005 1245 3093 1298 ille
3124 1259 3218 1298 eos
3249 1242 3391 1296 aeris
3421 1241 3586 1295 incle-

1994 1340 2244 1395 mentiam
2273 1355 2415 1408 :egre
2440 1337 2691 1401 ferentes,
2722 1337 3052 1391 discessuros
3081 1337 3222 1406 (erat
3248 1334 3390 1391 enim
3422 1343 3583 1388 testa-

1994 1432 2061 1484 tis
2092 1433 2205 1502 ipse
2250 1431 2412 1485 ardor
2438 1429 2457 1503 )
2489 1472 2505 1498 ,
2552 1430 2752 1501 scripto
2778 1429 3042 1500 promittit
3070 1428 3204 1481 intra
3233 1426 3582 1497 quadraginta

1992 1523 2109 1579 dies
2152 1524 2530 1594 producturum
2562 1532 2728 1578 testes
2751 1566 2768 1589 ,
2809 1531 2902 1577 aut
2940 1535 3130 1593 pinnas
3152 1535 3417 1575 canonum
3449 1519 3582 1574 sub-

1996 1616 2214 1669 itttrum.
2237 1616 2494 1669 Dimissus
2518 1615 2677 1684 igitur
2692 1614 2758 1667 ad
2786 1611 3132 1683 inquirendos
3160 1620 3349 1675 testes,
3378 1610 3581 1665 omissa

1994 1705 2357 1774 inquisitione,
2389 1703 2909 1772 Constantinopolim
2937 1704 3104 1765 venit,
3137 1702 3207 1757 ibi
3230 1701 3579 1757 delitescens.

1996 1797 2385 1866 Exspectabam
2402 1795 2633 1865 judices,
2660 1803 2717 1848 ut
2742 1810 2837 1863 par
2871 1804 3005 1859 erat,
3028 1794 3093 1847 ad
3120 1792 3580 1863 quadragesimam

1992 1887 2171 1943 diem:
2203 1897 2256 1941 et
2285 1904 2405 1940 cum
2435 1886 2621 1941 nullibi
2651 1886 2737 1939 ille
2761 1892 3100 1953 compareret
3132 1924 3148 1949 ,
3194 1883 3435 1937 scribunt
3460 1896 3581 1935 om-

1994 1980 2150 2034 nibus
2172 1981 2312 2033 Asia:
2340 1980 2622 2048 CpiSCOpis,
2652 1994 2772 2032 eum
2800 1978 3182 2033 denuntiantes
3209 1974 3582 2030 excommuni-

1990 2083 2168 2127 catum
2202 2073 2227 2135 ,⁴
2272 2072 2384 2125 sive
2408 2080 2463 2124 ut
2485 2070 2813 2125 desertorem
2842 2111 2857 2135 ,
2899 2070 3011 2124 sive
3038 2080 3094 2122 ut
3118 2069 3580 2123 calumniatorem.

1989 2162 2253 2216 Czctcrum
2283 2169 2403 2231 post
2440 2160 2544 2213 hoc
2572 2160 2709 2212 alios
2737 2158 2898 2213 etiam
2941 2157 3153 2226 triginta
3180 2156 3296 2211 dies
3328 2156 3581 2225 perstite-

1990 2264 2116 2307 runt
2144 2272 2157 2307 :
2187 2263 2240 2308 et
2265 2269 2385 2308 cum
2413 2267 2517 2307 nou
2544 2260 2901 2320 compareret,
2924 2248 3286 2303 discesserunt
3306 2288 3322 2313 ,
3364 2255 3420 2301 et
3442 2245 3585 2301 Con-

1989 2346 2389 2413 stantinopolim
2412 2344 2707 2400 redierunt.
2732 2344 2842 2397 lllic
2869 2359 2989 2397 cum
3009 2343 3182 2412 ipsum
3206 2340 3579 2404 ollendissent,

1994 2436 2196 2489 facinus
2242 2436 2317 2489 illi
2360 2437 2770 2504 exprobrarunt.
2823 2435 3028 2490 Rursus
3081 2435 3171 2489 ille
3210 2433 3578 2488 infirmitatem

1992 2524 2236 2594 corporis
2267 2534 2565 2594 prmtexens
2590 2567 2604 2591 ,
2652 2527 2999 2593 pollicebatur
3020 2534 3186 2579 testes
3211 2541 3272 2580 se
3314 2525 3572 2580 adductu-

1994 2630 2132 2669 rum.
2162 2614 2290 2680 Qua:
2306 2632 2425 2669 cum
2450 2616 2503 2669 in
2525 2616 2739 2686 longum
2772 2626 2980 2685 tempus
2996 2619 3073 2671 sic
3095 2615 3326 2682 abirent,
3354 2618 3582 2670 moritur

1990 2706 2295 2761 Antoninus
2313 2746 2327 2769 ,
2356 2720 2475 2760 cum
2498 2722 2606 2775 quo
2628 2706 2775 2761 litem
2806 2705 3037 2761 habebat
3063 2706 3346 2761 Eusebius.
3374 2706 3579 2760 Rursus

1988 2795 2056 2848 ab
2100 2796 2223 2849 Asia
2257 2796 2400 2849 venit
2421 2796 2697 2851 decretum
2725 2797 2789 2851 ad
2818 2796 3075 2851 Joannem
3102 2838 3118 2862 ,
3152 2798 3343 2867 partim
3373 2813 3401 2850 a
3422 2797 3575 2852 clero

1988 2884 2218 2939 civitatis
2252 2885 2605 2955 Ephesiorum
2631 2926 2647 2952 ,
2683 2890 2873 2956 partim
2902 2887 2969 2941 ab
2989 2888 3258 2956 episcopis
3288 2928 3305 2953 ,
3337 2887 3575 2956 postula-

1990 2978 2187 3032 tionem
2214 2993 2334 3032 cum
2356 2976 2593 3032 horribili
2618 2978 2965 3049 jurejurando
2978 2981 3281 3036 continens.
3312 2979 3575 3049 Quoniam

1988 3069 2359 3140 superioribus
2400 3071 2728 3140 temporibus
2776 3071 3078 3126 inordinate
3131 3081 3185 3126 et
3231 3073 3373 3141 leges
3401 3080 3455 3126 et
3482 3087 3579 3126 nos

1985 3163 2267 3233 gubernati
2298 3178 2482 3218 sumus
2509 3205 2523 3229 ,
2577 3178 2794 3219 oramus
2822 3163 3232 3219 Venerationem
3281 3174 3422 3218 tuam
3449 3205 3465 3231 ,
3523 3177 3580 3220 ut

1985 3251 2302 3316 descendas,
2332 3263 2387 3308 et
2416 3253 2642 3309 formam
2670 3255 2777 3309 De.»
2808 3254 3019 3324 dignam
3050 3255 3292 3324 imponas
3325 3255 3576 3310 Ecclesia:

1989 3343 2359 3415 Ephesiorum,
2383 3359 2412 3398 a
2439 3346 2599 3416 longo
2623 3354 2863 3415 tempore
2890 3344 3120 3408 afflictae,
3148 3347 3337 3414 partim
3358 3346 3576 3415 quidem

1990 3436 2057 3491 ab
2081 3437 2188 3491 Arii
2218 3437 2588 3500 sectatoribus,
2613 3438 2804 3507 partim
2832 3438 2900 3492 ab
2927 3438 2991 3492 iis
3013 3438 3102 3508 qui
3134 3453 3255 3492 cum
3280 3439 3497 3492 avaritia
3524 3447 3579 3494 et

1991 3525 2297 3581 dominandi
2346 3526 2566 3581 libidine
2595 3526 2893 3581 catholicos
2942 3542 3002 3582 se
3058 3543 3179 3583 esse
3228 3529 3570 3598 gloriantur:

1989 3617 2113 3686 quia
2143 3618 2391 3688 permulti
2432 3618 2755 3673 insidiantur
2779 3659 2795 3684 ,
2828 3628 2887 3673 ut
2912 3618 3019 3687 lupi
3047 3635 3234 3689 graves
3258 3662 3271 3683 ,
3303 3621 3577 3689 episcopa-

1991 3708 2091 3762 lem
2136 3708 2318 3763 sedem
2358 3710 2599 3777 pecuniis
2641 3724 2831 3779 rapere
2883 3709 3214 3764 festinantes.
3262 3710 3496 3766 Joannes
3522 3712 3574 3766 in

1989 3809 2131 3853 tanta
2177 3800 2420 3870 corporis
2460 3800 2767 3854 infirmitate
2795 3841 2810 3867 ,
2843 3801 3002 3855 etiam
3037 3810 3276 3871 tempore
3304 3802 3527 3857 hiberno
3554 3844 3570 3867 ,

1990 3890 2115 3944 nihil
2144 3891 2355 3945 molesti
2385 3892 2485 3947 sibi
2511 3892 2582 3946 ob
2606 3893 2792 3948 oculos
2827 3908 3137 3963 proponens
3170 3937 3185 3960 ,
3220 3904 3279 3949 ut
3304 3895 3464 3950 rebus
3487 3907 3570 3949 to-

1990 3982 2093 4035 tius
2123 3982 2333 4037 Asiana:
2355 3982 2654 4038 dimceseos
2678 3985 2835 4054 :cgris
2861 3983 3167 4039 mederetur
3194 4026 3208 4049 ,
3245 3986 3325 4040 vel
3354 3994 3574 4057 propter

1990 4073 2308 4143 imperitiam
2332 4116 2346 4137 ,
2382 4075 2464 4129 vel
2493 4084 2714 4145 propter
2733 4074 3074 4130 solitudinem
3105 4085 3375 4144 pastorum
3410 4117 3425 4140 ,
3456 4077 3574 4130 ala-

1988 4166 2180 4219 critate
2209 4167 2371 4219 animi
2400 4167 2681 4220 roboratus
2708 4208 2723 4231 ,
2758 4166 3031 4236 ingressus
3054 4166 3227 4219 navim
3249 4205 3263 4228 ,
3295 4165 3425 4220 urbe
3451 4165 3569 4219 dis-

1986 4258 2168 4312 cessit.
2222 4257 2460 4313 lrruente
2500 4259 2711 4313 interim
2741 4273 2884 4312 εωνο
2924 4257 3178 4327 aquilone
3204 4298 3220 4322 ,
3263 4266 3571 4312 mutuentes

1988 4359 2166 4402 nautzc
2195 4391 2210 4416 ,
2242 4365 2310 4405 ne
2341 4350 2393 4403 in
2426 4350 2828 4405 Proconnesum
2860 4350 3180 4420 ejicercntur
3200 4391 3217 4417 ,
3242 4350 3416 4420 posito
3446 4352 3564 4407 velo

1936 4494 1943 4499 _
1986 4437 2038 4490 in
2067 4448 2269 4506 partem
2313 4440 2463 4493 navis
2502 4456 2622 4510 quae
2649 4452 2808 4496 vento
2860 4441 3243 4497 verberabatur
3270 4483 3285 4506 ,
3335 4442 3570 4498 Tritonis

1989 4529 2414 4596 promontorium
2439 4532 2938 4598 prmtervebuntur:
2989 4540 3043 4585 et
3074 4532 3143 4585 ibi
3172 4532 3329 4600 jactis
3356 4536 3569 4589 ancoris

1982 4630 2291 4673 manserunt
2327 4662 2341 4679 .
2371 4630 2610 4675 austrum
2640 4631 3010 4691 exspectantes
3043 4665 3057 4689 ,
3108 4632 3161 4677 ut
3196 4626 3445 4693 Apamea:
3473 4641 3564 4695 ap.

1981 4711 2261 4779 plicarent.
2304 4711 2438 4766 Cum
2470 4712 2631 4783 igitur
2660 4712 2877 4767 biduum
2900 4712 3067 4783 jejuni
3098 4716 3477 4783 perstitissent,
3511 4718 3564 4770 in

1983 4803 2225 4857 navicula
2257 4805 2437 4875 agitati
2470 4846 2484 4870 ,
2517 4805 2670 4859 tertia
2691 4804 2779 4860 die
2808 4806 3099 4876 Apameam
3125 4806 3428 4874 devenere,
3478 4809 3565 4863 tibi

1980 4908 2103 4947 eum
2132 4894 2512 4963 exspectabant
2542 4894 2757 4959 Paulus,
2787 4894 3016 4963 Cyrinus
3042 4905 3094 4949 et
3127 4896 3391 4950 Palladius
3422 4914 3433 4948 :
3466 4897 3564 4951 hos

1980 4990 2120 5043 enim
2155 4989 2253 5041 via:
2280 4988 2501 5041 comites
2529 4997 2887 5057 assumpserat
2918 4987 3155 5043 Joannes
3181 5006 3194 5042 :
3234 4990 3565 5060 pedibuSque

1977 5079 2220 5134 confecto
2249 5080 2434 5134 itinere
2454 5078 2723 5148 Ephesum
2752 5080 3091 5148 perveniunt.
3126 5080 3192 5135 Et
3230 5083 3565 5152 congregatis

1977 5169 2157 5240 Lydia:
2187 5169 2474 5243 episc0pis,
2507 5168 2648 5224 Asia:
2680 5178 2838 5239 atque
2860 5168 3031 5224 Caria:
3056 5213 3069 5234 ,
3100 5188 3327 5227 numero
3352 5188 3567 5243 septua-

1977 5262 2119 5329 ginta
2144 5254 2585 5332 Jlrdinationem
2632 5259 2853 5326 faciunt,
2899 5276 3018 5316 cum
3052 5263 3234 5332 plures
3269 5274 3559 5332 spontanea

1976 5350 2252 5405 alacrita'te
2278 5352 2654 5417 occurrissent,
2685 5353 2915 5407 maxime
2948 5368 2979 5407 e
3006 5353 3301 5425 Phrygibus
3321 5395 3336 5419 ,
3370 5363 3424 5405 ut
3453 5354 3565 5408 oris

1977 5443 2236 5511 sapientia
2268 5444 2587 5505 fruerentur,
2608 5445 2755 5513 juxta
2789 5444 2928 5512 quod
2958 5445 3157 5499 dictum
3188 5455 3267 5499 est
3293 5445 3562 5514 Sapientia

1975 5533 2027 5586 in
2043 5532 2254 5587 exilibus
2275 5533 2513 5587 laudatur
2531 5534 2740 5607 (Prov.l
2759 5535 2890 5606 .20);
2914 5535 3012 5588 hoc
3032 5544 3113 5589 est
3134 5536 3186 5588 in
3201 5534 3562 5605 loquentibus:

1974 5626 2027 5678 in
2054 5626 2235 5696 plateis
2262 5637 2440 5680 autem
2466 5644 2579 5681 cum
2600 5628 2785 5696 ﬁducia
2808 5629 3066 5697 loquitur:
3113 5627 3217 5683 hoc
3265 5640 3345 5684 est
3387 5631 3564 5685 cordi-

1976 5715 2112 5780 bus,
2170 5732 2290 5787 qua:
2321 5718 2482 5771 variis
2530 5718 2909 5773 afﬂictionibus
2939 5719 3156 5774 dilatata
3201 5731 3362 5786 sunt,
3404 5724 3557 5790 juxta

1977 5807 2103 5862 illud
2129 5826 2141 5861 :
2177 5807 2241 5861 In
2268 5808 2588 5861 tribulatione
2602 5808 2823 5862 dilatasti
2853 5811 2973 5882 me(
3004 5811 3150 5867 Ptol.
3178 5814 3229 5879 ι,
3257 5813 3293 5866 2
3314 5813 3352 5881 ).
3384 5815 3561 5867 (Joan-

1972 5910 2215 5970 gustatur
2243 5899 2385 5953 enim
2415 5900 2674 5968 sapientia
2721 5902 2773 5957 in
2806 5902 2870 5959 iis
2899 5904 2990 5975 qui
3021 5905 3217 5960 zizania
3248 5907 3517 5963 seminaut
3542 5947 3561 5969 .

1977 6003 2031 6050 ct
2057 5990 2322 6048 suifocant
2349 5991 2593 6063 verbum.
