4504 6702
904 578 962 632 51
2164 586 2481 645 PALLADII
2521 589 2866 652 DlALOGUS
4122 611 4191 665 5'2

974 692 1102 747 Car.
1138 710 1230 748 xv.
1268 726 1336 735 —
1364 696 1494 750 Dum
1538 698 1652 754 haec
1691 710 1966 770 geruntur,
2012 705 2237 756 accessit
2279 700 2345 755 ad
2391 717 2495 759 nos

900 781 1204 853 episcopos,
1236 788 1421 854 prolixi
1444 793 1709 844 sermonis
1729 805 1909 855 causa,
1940 792 2201 847 Eusebius
2218 802 2497 849 accusator

905 890 999 927 sex
1034 875 1358 944 reliquorum
1401 880 1775 948 episcoporum
1796 923 1812 948 ,
1846 896 2039 951 rogans
2076 892 2133 937 ut
2161 884 2225 939 ad
2251 899 2495 939 commu~

904 965 1119 1018 nionem
1150 966 1545 1025 admitteretur.
1578 971 1961 1027 Contradictmt
1993 976 2209 1044 quidam
2236 976 2489 1048 episcopi,

901 1054 1243 1127 adduntque,
1286 1060 1638 1115 calumniator
1689 1078 1808 1116 cum
1862 1074 2036 1132 esset,
2091 1083 2195 1122 non
2246 1078 2492 1140 oportere

904 1145 1076 1215 ipsum
1103 1148 1333 1203 admitti.
1361 1151 1487 1205 Post
1510 1151 1622 1207 hinc
1640 1155 1960 1224 supplicavit
1983 1158 2167 1213 dicens
2198 1178 2210 1212 :
2235 1159 2491 1227 Quoniam

901 1250 1061 1291 causa
1097 1239 1193 1292 ista
1226 1240 1439 1296 biennio
1470 1245 1700 1298 maxima
1731 1263 1794 1303 ex
1828 1259 1977 1317 parte
1999 1252 2295 1306 exatninata
2317 1262 2415 1313 est,
2440 1262 2494 1306 et

901 1328 969 1381 ad
1003 1330 1210 1383 testium
1233 1330 1522 1389 adventum
1556 1336 1690 1391 facta
1720 1352 1801 1393 est
1826 1341 2044 1407 dilatio,
2078 1360 2207 1413 rogo
2239 1346 2491 1400 Pietatem

902 1428 1157 1483 vestram,
1190 1431 1247 1475 ιιι
1270 1422 1429 1481 hodie
1445 1426 1662 1497 jamjam
1689 1439 1850 1485 testes
1878 1432 2188 1499 producam.
2216 1436 2323 1489 Etsi
2352 1436 2491 1489 enim

902 1510 1205 1567 Antoninus
1230 1525 1470 1570 mortuus
1493 1530 1593 1583 est,
1625 1518 1715 1589 qui
1756 1536 2003 1577 nummos
2039 1526 2242 1594 accepit
2271 1536 2322 1580 et
2353 1527 2495 1581 Ordi-

900 1600 1069 1664 navit,
1095 1613 1325 1657 attamen
1349 1620 1637 1676 supersunt
1658 1618 1711 1664 et
1738 1613 1825 1681 qui
1855 1611 2133 1677 dederunt,
2160 1624 2211 1669 et
2236 1616 2326 1685 qui
2352 1618 2493 1672 ordi-

900 1691 1008 1742 nati
1056 1702 1199 1746 sunt.
1233 1693 1442 1750 Justum
1489 1698 1664 1754 visum
1714 1711 1795 1756 est
1840 1706 2087 1771 prmscnti
2129 1706 2341 1778 Synodo
2384 1724 2495 1762 rem

900 1783 1161 1851 perquiri.
1194 1783 1383 1855 incipit
1410 1804 1571 1843 causa
1603 1807 1630 1843 a
1660 1792 1887 1847 lectione
1918 1806 2177 1860 actorum,
2211 1816 2327 1868 qua:
2354 1802 2497 1868 prius

902 1871 1038 1927 facta
1077 1874 1305 1931 fuerant.
1340 1878 1567 1949 Ingressi
1594 1891 1717 1935 sunt
1745 1892 1927 1944 testes,
1959 1886 2183 1953 ingressi
2215 1901 2267 1943 et
2298 1906 2389 1944 sex
2425 1892 2497 1945 illi

902 1968 991 2034 qui
1024 1971 1303 2035 pecuniam
1331 1973 1608 2035 dederant,
1637 1982 1691 2027 et
1719 1974 1947 2028 ordinati
1981 1975 2205 2031 fuerant.
2239 1981 2305 2032 Et
2347 1982 2496 2035 initio

898 2058 1113 2124 quidem
1147 2062 1430 2129 negabant.
1479 2062 1801 2119 lnstantibus
1848 2076 2022 2121 autem
2051 2070 2274 2123 testibus
2301 2074 2490 2138 partim

903 2149 1074 2215 laicis,
1114 2157 1304 2223 partim
1346 2158 1688 2229 presbyteris,
1721 2162 1909 2231 quibus
1935 2162 2204 2218 c0nﬁdere
2233 2164 2491 2219 videban-

904 2250 1009 2307 tur,
1034 2260 1240 2299 necnon
1284 2249 1593 2303 mulieribus
1623 2252 1958 2319 quibusdam,
1992 2257 2080 2326 qui
2117 2257 2274 2311 etiam
2310 2259 2494 2327 pigno-

900 2349 1017 2388 rum
1043 2352 1137 2389 seu
1170 2355 1449 2394 munerum
1477 2342 1687 2411 species
1715 2343 1979 2411 dicebant,
2009 2356 2064 2402 et
2097 2348 2245 2413 loca,
2279 2358 2335 2403 et
2358 2359 2493 2404 tem-

899 2438 1050 2492 pora,
1089 2437 1142 2481 et
1171 2430 1544 2496 quantitatem.
1583 2433 1715 2487 Cum
1767 2451 1899 2491 vero
1939 2453 2123 2491 eorum
2168 2441 2494 2494 conscientia

898 2525 1041 2568 recta
1072 2533 1177 2571 non
1208 2530 1373 2585 esset,
1400 2521 1540 2576 ultro
1561 2525 1901 2588 confitentur,
1928 2526 2026 2581 levi
2050 2529 2286 2582 adhibita
2316 2546 2498 2583 neces-

899 2605 1059 2661 sitate
1096 2626 1107 2661 :
1136 2608 1407 2675 Dedimus,
1441 2612 1743 2668 confessum
1780 2626 1880 2677 est,
1925 2627 1979 2670 et
2010 2619 2238 2672 ordinati
2266 2634 2450 2673 sumus
2481 2639 2494 2674 :

899 2696 1058 2751 talem
1107 2709 1353 2767 putantes
1398 2717 1516 2757 esse
1560 2706 2035 2771 consuetudinem,
2091 2720 2147 2762 ut
2191 2709 2496 2765 videremur

897 2802 926 2839 a
955 2786 1110 2842 Curia
1138 2790 1371 2844 liberari.
1406 2793 1468 2845 Et
1499 2809 1638 2848 nunc
1660 2811 1898 2863 oramus,
1930 2798 1971 2851 si
2002 2796 2081 2851 fas
2106 2809 2211 2867 est,
2240 2801 2407 2854 simus
2440 2801 2489 2854 iu

900 2882 1197 2937 ministerio
1226 2884 1484 2941 Ecclesia:
1518 2905 1532 2940 ε
1569 2889 1650 2941 sin
1689 2889 1884 2956 minus,
1916 2906 2123 2952 aurum,
2160 2892 2301 2961 quod
2340 2894 2491 2947 dedi-

904 2988 1044 3038 mus,
1070 2975 1392 3044 recipiamus
1422 2997 1435 3030 :
1466 2978 1683 3049 quidam
1710 2982 1852 3035 enim
1893 2999 1923 3036 e
1966 2984 2118 3037 nobis
2146 3001 2368 3039 uxorum
2398 3003 2491 3039 su-

903 3064 1223 3132 pellectilem
1252 3068 1516 3125 dedimus.
1555 3073 1633 3125 Ad
1680 3073 1792 3127 haec
1833 3074 2067 3129 Joannes
2092 3075 2309 3147 Synodo
2337 3080 2493 3149 polli-

900 3155 1041 3209 citus
1079 3167 1161 3210 es‘t
1192 3177 1205 3211 :
1237 3158 1389 3227 Quod
1420 3164 1486 3215 ad
1528 3165 1730 3217 curiam
1762 3166 1973 3233 quidem
2005 3169 2214 3230 attinet,
2244 3185 2342 3238 ego
2380 3187 2493 3234 eos,

904 3247 1014 3302 Deo
1048 3248 1289 3317 jnvante,
1324 3252 1579 3320 liberabo,
1618 3264 1840 3311 exorato
1872 3257 2195 3327 Imperatore
2229 3279 2242 3315 :
2273 3278 2364 3315 vos
2402 3278 2495 3314 au-

899 3347 1008 3392 tem
1032 3342 1302 3405 mandate,
1323 3354 1373 3395 ut
1403 3344 1469 3398 ab
1487 3344 1775 3401 heredibus
1799 3351 2049 3404 Antonini
2080 3351 2176 3420 ipsi
2208 3353 2491 3422 accipiant,

897 3444 1022 3498 qua:
1048 3430 1329 3486 dederunt.
1368 3435 1629 3505 Prmcepit
1669 3438 1943 3509 Synodus,
1978 3452 2034 3495 ut
2062 3459 2250 3497 aurum
2282 3446 2492 3513 accipe-

903 3531 1024 3574 rent
1051 3523 1118 3576 ab
1149 3523 1435 3581 heredibus
1464 3530 1749 3591 Antonini.
1779 3543 1831 3586 et
1870 3536 2328 3591 communicarent
2360 3538 2493 3590 intra

900 3611 1066 3666 altare
1099 3631 1112 3665 :
1143 3628 1322 3670 essent
1348 3628 1527 3673 autem
1554 3621 1664 3687 jam
1696 3637 1800 3676 non
1830 3626 2154 3692 sacerdotes,
2184 3644 2278 3682 sex
2308 3646 2371 3682 ex
2404 3645 2493 3681 sa-

897 3702 1224 3772 cerdotibus,
1263 3723 1347 3769 ne,
1378 3710 1421 3762 si
1452 3710 1549 3764 ista
1580 3712 2028 3781 concederentur,
2069 3731 2186 3771 mos
2214 3717 2363 3772 ﬁeret
2398 3718 2491 3771 Ju-

897 3793 1084 3850 daicus
1111 3809 1204 3852 aut
1230 3800 1532 3872 Egyptitis,
1564 3805 1827 3860 vendendi
1857 3818 2014 3875 atque
2053 3809 2265 3863 emendi
2306 3826 2485 3865 sacer-

897 3886 1128 3943 dotium.
1152 3890 1341 3946 Dicunt
1361 3895 1500 3949 enim
1525 3899 1882 3966 pestilentem,
1902 3910 1953 3954 et
1976 3901 2161 3955 falsum
2183 3902 2487 3957 Judazorum

900 3980 1280 4047 patriarcham,
1306 3985 1527 4056 singulis
1556 3990 1712 4043 annis
1733 4032 1746 4053 ,
1776 4002 1867 4044 aut
1898 4008 2039 4046 anno
2074 3993 2372 4062 interjccto,
2404 4011 2487 4065 sy-

904 4086 1122 4142 nagoga)
1153 4075 1422 4145 principes
1448 4089 1653 4134 mutare
1679 4080 1743 4133 ad
1775 4082 2157 4136 eorradendam
2188 4085 2486 4152 pecuniam,

904 4163 1150 4220 similiter
1170 4178 1221 4221 et
1242 4168 1399 4238 hujus
1421 4172 1693 4236 aemulum,
1718 4171 2088 4244 {Egyptiorum
2112 4174 2486 4244 patriarcham,

902 4265 960 4310 ut
1002 4259 1284 4327 impleatur
1330 4250 1464 4315 illud
1506 4265 1779 4333 propheta:
1824 4284 1835 4318 :
1886 4264 2187 4319 Sacerdotes
2228 4268 2335 4335 ejus
2379 4284 2489 4320 cum

902 4348 1192 4402 muneribus
1220 4351 1586 4419 respondebunt
1606 4394 1618 4414 ,
1648 4363 1693 4405 et
1722 4355 1979 4421 propheta:
2002 4356 2110 4421 eius
2136 4372 2248 4407 cum
2282 4358 2491 4423 pecunia

898 4440 1302 4494 vaticinabantur
1327 4442 1513 4512 (ΜίίΙι.
1548 4444 1602 4498 5.
1636 4446 1741 4513 Η).
1778 4445 1974 4500 llortnn
2015 4448 2254 4501 omnium
2283 4456 2493 4501 exstant

893 4545 1013 4589 acta
1065 4545 1115 4589 et
1158 4534 1397 4603 judicum
1448 4537 1681 4592 nomina.
1735 4537 1915 4607 Neque
1960 4554 2065 4593 uno
2107 4538 2195 4593 die
2236 4540 2367 4595 facta
2410 4548 2494 4593 est

896 4625 1223 4695 disquisitio,
1257 4638 1312 4679 ιιι
1332 4630 1582 4682 mentitus
1609 4638 1692 4683 est
1716 4630 2066 4698 Theophilus,
2090 4632 2182 4685 sed
2216 4646 2309 4699 per
2337 4631 2489 4686 bien—

904 4718 1073 4769 nium.
1112 4718 1288 4787 Atque
1316 4721 1697 4789 acquieverunt
1725 4722 1813 4788 qui
1844 4721 2053 4774 fuerant
2090 4722 2337 4785 depositi.
2374 4733 2427 4777 nt
2458 4738 2486 4776 a

899 4805 1307 4877 futurojudicio
1344 4808 1719 4872 liberarentur,
1756 4811 1826 4863 ita
1859 4821 1915 4863 ut
1952 4826 2087 4864 unus
2115 4827 2179 4865 ex
2212 4813 2274 4865 iis
2320 4813 2487 4867 factus

900 4900 969 4951 sit
1014 4899 1344 4967 publicorum
1390 4899 1722 4968 negotiorum
1778 4899 2031 4955 defensor
2073 4912 2168 4954 :et
2212 4902 2263 4954 in
2304 4918 2485 4957 eormn

899 4988 1074 5041 locum
1115 4987 1320 5042 suffecti
1368 4998 1492 5042 sunt
1535 4990 1643 5054 alii,
1679 5007 1781 5043 non
1830 4991 2119 5061 canjugati,
2154 4993 2257 5044 vita
2299 5003 2353 5047 et
2394 4994 2490 5046 do-

898 5079 1068 5130 ctrina
1114 5081 1307 5132 ornati.
1339 5080 1532 5135 Verum
1562 5083 1805 5150 generosi
1855 5083 1926 5135 illi
1972 5092 2027 5137 et
2074 5082 2325 5153 litigiosi,
2370 5094 2487 5153 post

902 5171 1125 5225 Joannis
1148 5174 1417 5234 exsilium,
1449 5186 1667 5243 accepto
1694 5190 1757 5229 co
1778 5176 1918 5246 quod
1942 5187 2260 5246 acceperant
2289 5179 2488 5247 (neque

901 5263 1046 5317 enim
1080 5264 1237 5317 habet
1269 5266 1575 5334 improbitas
1607 5283 1830 5331 nomen,
1860 5270 1995 5323 sicut
2028 5286 2199 5339 neque
2239 5271 2490 5325 substan-

903 5355 1079 5425 tiam),
1111 5372 1205 5411 eos
1232 5358 1317 5426 qui
1343 5368 1463 5411 ante
1489 5358 1893 5427 quadriennium
1926 5360 2077 5429 ejecti
2112 5361 2340 5427 fuerant,
2370 5379 2487 5417 rur-

902 5464 993 5502 sus
1032 5450 1083 5503 iu
1130 5450 1395 5505 Ecclesias
1437 5450 1769 5513 invexerunt,
1812 5461 1866 5506 et
1910 5451 2139 5521 legitime
2176 5456 2225 5507 in
2271 5454 2487 5509 sedibus

901 5540 1191 5595 Collocatos
1230 5542 1552 5611 cXpulerunt
1591 5543 1656 5597 ad
1688 5543 2073 5613 dispergendas
2110 5544 2305 5599 Christi
2332 5561 2480 5599 oves.

904 5631 1038 5687 illud
1082 5643 1254 5686 autem
1293 5636 1529 5689 omnium
1579 5635 1809 5690 maxime
1840 5635 2149 5699 ridiculum,
2194 5637 2272 5689 vel
2307 5637 2484 5705 potius

901 5726 1135 5779 lamento
1157 5725 1391 5793 dignum,
1422 5728 1464 5780 si
1486 5727 1738 5793 audieris,
1768 5728 2158 5781 studiosissime
2180 5726 2479 5788 Theodore,

897 5817 1151 5883 Tinnieut,
1188 5827 1243 5872 ut
1284 5817 1356 5871 ait
1401 5820 1674 5887 propheta,
1708 5820 1868 5871 amba-
1910 5835 2057 5871 aures
2089 5829 2186 5871 tute
2216 5818 2357 5884 (Jer.
2394 5818 2479 5871 19.

900 5910 954 5979 5)
980 5928 992 5973 ;
1023 5913 1223 5982 lugebis
1254 5929 1399 5973 vero,
1429 5912 1517 5965 Dei
1545 5928 1729 5966 amans
1769 5914 1855 5982 qui
1883 5913 1978 5977 sis,
2014 5910 2247 5966 furentes
2277 5914 2483 5985 cpisco-

900 6017 995 6071 pos
1023 6006 1342 6061 clandestina
1377 6019 1533 6058 manu
1565 6005 1655 6058 Dei
1695 6003 1831 6060 dona
1879 6015 2303 6069 corrumpentes.
2338 6005 2480 6070 Quas

2604 708 2748 763 enim
2772 711 3134 766 ordinationes
3162 728 3281 767 mm
3316 711 3517 783 jejunio
3556 722 3607 766 et
3638 718 3878 772 oratione
3915 732 3965 775 ct
3993 728 4192 792 proha-

2607 798 2750 855 tioue
2776 802 2906 856 cleri
2936 818 2999 857 ac
3025 805 3215 859 timore
3242 804 3431 858 Petrus
3458 812 3512 858 et
3534 802 3766 858 Joannes
3795 807 4077 878 faciebant,
4114 819 4190 872 illi

2603 905 2788 947 contra
2820 911 2915 963 per
2938 898 3207 965 crapulam
3252 906 3305 951 et
3340 896 3648 951 ebrietatem
3682 905 3841 961 atque
3886 901 4191 961 miseranda

2604 984 2766 1050 dona,
2795 988 3015 1042 abortus
3050 989 3342 1049 hominum,
3378 988 3465 1058 qui
3497 1002 3667 1055 neque
3695 987 3871 1056 porcis
3910 989 4194 1046 irrationa-

2607 1073 2820 1138 bilibus,
2851 1091 3022 1143 neque
3053 1080 3273 1132 canibus
3300 1080 3439 1148 digni
3468 1087 3639 1139 erant,
3667 1078 3816 1145 juxta
3844 1077 3945 1132 Job
3966 1121 3978 1143 ,
4003 1083 4093 1150 qui
4124 1085 4191 1139 dc

2602 1161 2670 1217 iis
2693 1166 3028 1233 prophetarit
3056 1183 3120 1219 ex
3158 1183 3386 1236 persona
3416 1168 3711 1225 Servatoris
3744 1186 3757 1219 :
3797 1167 3935 1233 Quos
3967 1188 4067 1225 nou
4107 1174 4190 1225 di-

2599 1255 2797 1325 gnabor
2832 1272 3017 1325 ponere
3055 1273 3168 1310 cum
3210 1261 3421 1314 canibus
3462 1261 3625 1331 gregis
3662 1261 3791 1324 mei,
3833 1264 3919 1330 qui
3954 1264 4046 1316 sub
4081 1283 4192 1318 sur-

2600 1348 2780 1399 nteutis
2824 1346 3051 1402 vivebant
3091 1348 3231 1419 (Job
3282 1350 3371 1404 50.
3408 1353 3500 1422 1).
3548 1354 3640 1407 llis
3685 1362 3861 1406 autem
3912 1358 3999 1423 qui
4051 1358 4192 1413 inter

2601 1437 2794 1490 mimos
2818 1448 2870 1491 et
2895 1439 3110 1494 Judzcos
3138 1441 3339 1503 vivunt,
3378 1451 3437 1495 ut
3469 1445 3653 1497 amicis
3689 1443 4005 1511 Scrvatoris,
4039 1463 4067 1502 a
4104 1464 4191 1502 sa-

2602 1527 2870 1595 pientibtts
2917 1533 3197 1586 sacerdotii
3240 1548 3426 1587 arcana
3468 1535 3862 1588 concreduntur
3905 1554 3917 1586 :
3973 1552 4192 1609 propter

2601 1635 2738 1689 quos
2779 1624 2942 1677 etiam
2986 1626 3163 1693 pepuli
3195 1626 3475 1681 orthodoxi
3524 1629 3751 1681 oratoria
3787 1628 4007 1698 fugiunt.
4062 1634 4189 1688 I‘er-

2604 1714 2749 1768 venit
2788 1715 2929 1767 enim
2972 1715 3036 1769 ad
3070 1731 3166 1768 nos
3196 1732 3389 1771 novmn
3420 1718 3545 1772 illud
3579 1728 3632 1773 et
3673 1719 3898 1773 levitatis
3940 1722 4189 1791 plenissi-

2606 1818 2750 1857 mum
2785 1804 2988 1861 facinus
3015 1807 3267 1862 Ecclesia:
3300 1809 3582 1877 Ephesium
3612 1828 3624 1862 :
3655 1812 3838 1881 quidni
3868 1815 4031 1877 enim,
4063 1831 4185 1869 cum

2604 1892 2849 1960 Ephesus
2894 1898 3151 1949 maritima
3188 1899 3277 1959 sit,
3323 1909 3379 1951 et
3415 1900 3567 1955 facile
3610 1904 3796 1956 famam
3840 1905 4187 1960 transvehat?

2602 1981 2733 2035 Nam
2785 1985 2834 2036 in
2877 1986 3046 2038 locum
3092 1986 3259 2046 illum,
3302 1989 3383 2041 vel
3426 1992 3602 2056 potius
3648 1993 3700 2045 in
3745 1995 3915 2048 locum
3963 1995 4186 2049 Joannis

2601 2071 2686 2135 qui
2722 2071 3064 2140 Evangelimu
3100 2076 3340 2144 scripsit,
3386 2088 3438 2130 et
3485 2093 3647 2147 super
3688 2082 3969 2151 Sapientim
4002 2098 4187 2155 pectus

2605 2162 2837 2218 ﬁdeliter
2861 2168 3120 2228 recubuit,
3152 2168 3217 2221 de
3247 2184 3354 2236 qtto
3386 2171 3639 2239 scriptum
3668 2181 3748 2224 est
3778 2191 3789 2226 :
3823 2175 3979 2236 Quem
4008 2180 4187 2247 dilige-

2598 2252 2681 2305 bat
2722 2253 2879 2309 Jcsus
2921 2256 3099 2326 (loon.
3144 2259 3235 2313 2|.
3279 2260 3393 2331 20),
3440 2264 3522 2315 cui
3568 2266 3824 2317 successit
3853 2264 4185 2335 Timotheus,

2604 2345 2748 2398 l’auli
2776 2347 3086 2417 discipulus,
3119 2350 3184 2404 ad
3211 2367 3368 2420 quem
3395 2352 3512 2405 dua:
3549 2352 3791 2408 feruntur
3813 2357 4035 2423 apostoli
4064 2358 4187 2425 lapi-

2602 2436 2792 2499 Slol.I:;
2855 2442 3091 2494 succedit
3142 2443 3467 2498 abominatio
3519 2445 3879 2499 desolationis.
3928 2446 4185 2503 Ordinato

2601 2528 2743 2582 enim
2767 2530 2833 2583 ab
2861 2532 2921 2584 iis
2956 2532 3184 2587 Victoris
3216 2535 3410 2589 tribuni
3443 2538 3705 2603 eunucho,
3730 2538 3780 2591 in
3803 2539 3927 2593 sede
3948 2540 4184 2609 episeopi

2601 2634 2722 2672 eum
2750 2621 3081 2675 collocarunt
3114 2641 3127 2676 :
3160 2633 3212 2677 ct
3239 2626 3325 2693 qui
3354 2640 3381 2677 a
3414 2628 3743 2696 septuaginta
3768 2629 4031 2697 episc0pis
4056 2645 4187 2683 con-

2599 2711 2814 2764 stitutus
2844 2710 3038 2777 fuerat,
3066 2714 3115 2766 in
3141 2729 3353 2768 carcere
3378 2732 3543 2785 usque
3575 2717 3639 2770 ad
3670 2718 3808 2771 hunc
3834 2718 3973 2773 diem
4005 2736 4184 2774 mace-

2597 2812 2716 2856 rant
2746 2804 2934 2867 virum,
2962 2805 3215 2876 cncycliis
3237 2806 3533 2873 (Ιίπςίνιίιιίε
3560 2808 3759 2875 optimc
3786 2809 4107 2873 institutum,
4130 2821 4186 2865 et

2595 2891 2897 2945 divinarum
2920 2894 3315 2963 Scripturarum
3351 2898 3575 2964 peritum
3605 2916 3617 2950 :
3651 2898 3739 2966 qui
3769 2898 3818 2952 in
3851 2914 4033 2953 eremo
4067 2917 4183 2953 mo-

2600 2989 2854 3041 nasticam
2878 2989 3038 3043 vitam
3062 2999 3261 3058 egerat,
3288 3001 3339 3044 et
3362 2992 3448 3058 qui
3482 3006 3574 3059 per
3596 3000 3705 3046 tres
3730 3007 3899 3045 annos
3925 2992 4185 3048 diacomts

2601 3078 2787 3132 luerat.
2819 3080 2992 3147 Atque
3014 3082 3213 3133 utinam
3245 3082 3524 3135 eunuchus
3551 3082 3638 3136 ille
3668 3085 3755 3153 qui
3778 3084 4052 3137 ordinatus
4076 3095 4179 3148 cst,

2603 3167 2879 3221 honestam
2902 3171 3061 3223 vitam
3088 3170 3304 3240 egisset,
3335 3182 3385 3225 et
3416 3172 3518 3226 hoc
3544 3174 3740 3226 malum
3770 3176 3918 3242 quasi
3943 3174 4185 3229 dimidia.

2602 3267 2711 3312 tmn
2740 3260 2909 3313 esset!
2941 3263 3006 3313 At
3028 3277 3185 3328 nunc,
3212 3271 3367 3316 terrm
3388 3263 3604 3325 vermis,
3634 3264 3835 3316 ventris
3858 3265 4181 3333 mancipium

2598 3350 2916 3403 feminarum
2964 3366 3145 3405 amore
3186 3352 3460 3416 insanum,
3514 3352 3829 3420 impudens,
3888 3353 4176 3419 ebriosum,

2600 3442 2980 3501 meretricium,
3016 3441 3222 3504 venale,
3257 3441 3533 3505 illiberale,
3563 3457 3803 3507 avarum,
3835 3442 3901 3495 ab
3930 3443 4038 3511 ipsa
4071 3453 4181 3495 sta-

2603 3531 2694 3583 tim
2737 3532 3010 3584 nativitate
3053 3530 3193 3584 ferro
3224 3532 3543 3594 obnoxium;
3579 3546 3674 3584 nec
3710 3533 3790 3583 vir
3817 3547 3913 3585 nec
3945 3532 4175 3596 femina;

2598 3621 2880 3687 furiosum,
2911 3633 2963 3676 et
2993 3624 3102 3692 qui,
3134 3633 3188 3676 ut
3219 3638 3361 3693 sa>pe
3391 3622 3588 3687 audivi,
3622 3624 3758 3675 inter
3784 3633 3891 3691 sul)
3906 3624 4011 3675 rica
4044 3638 4179 3676 con-

2596 3718 2730 3769 vivia
2772 3715 3059 3769 theatrales
3090 3716 3291 3785 puellas
3323 3714 3559 3769 humeris
3590 3715 3836 3783 portavit,
3865 3717 4037 3781 Cupite
4080 3713 4177 3769 he-

2594 3807 2721 3862 dera
2773 3817 3065 3873 coronato,
3119 3817 3381 3862 craterem
3431 3809 3606 3862 ferens
3652 3823 3849 3870 manu,
3898 3816 3951 3859 et
3998 3808 4179 3861 vinum

2595 3897 2823 3951 fundens
2846 3899 2895 3949 in
2919 3898 3153 3967 speciem
3185 3897 3405 3951 fabulosi
3426 3896 3637 3951 Bacchi.
3660 3897 3783 3951 Πειιο
3804 3905 3978 3950 autem
4000 3899 4179 3949 omnia

2595 3990 2738 4057 fecit,
2767 4006 2869 4042 non
2896 3999 3178 4058 antequam
3202 3989 3415 4042 Christo
3447 3988 3761 4050 initiaretur,
3788 3988 3879 4041 sed
3928 3996 4048 4056 post
4086 3987 4181 4042 ba-

2595 4082 2846 4150 ptismmn
2874 4096 2889 4132 :
2915 4081 3002 4149 qui
3028 4096 3121 4148 per
3141 4080 3255 4133 hare
3276 4079 3508 4133 ostendit
3528 4080 3971 4133 resurrectionem
3990 4094 4048 4133 se
4073 4092 4179 4130 non

2592 4172 2833 4226 credere.
2868 4171 2966 4238 Qui
2997 4173 3141 4225 enim
3176 4169 3581 4223 resurrectionis
3616 4169 4016 4223 fundamentum
4046 4168 4177 4222 sub-

2594 4262 2786 4326 visrtit,
2820 4261 3092 4330 quomodo
3122 4276 3241 4316 eam
3272 4259 3485 4313 credit?
3520 4260 3609 4328 qui
3656 4270 3835 4312 autem
3874 4274 3978 4311 non
4009 4258 4180 4311 credit

2592 4355 3063 4413 resurrectionem,
3097 4366 3203 4420 quo
3231 4360 3387 4420 pacto
3419 4350 3828 4403 resurrectionis
3858 4363 4030 4417 prmco
4051 4348 4173 4413 erit,

2589 4446 2736 4515 juxta
2777 4460 2898 4499 emn
2941 4444 3030 4513 qui
3062 4444 3193 4497 dixit
3240 4460 3252 4495 :
3290 4442 3559 4504 Quomodo
3601 4449 3768 4493 autem
3812 4440 4173 4510 pra’dimbunt,

2595 4536 2690 4588 nisi
2729 4535 3033 4588 crediderint
3060 4533 3232 4601 (Rom.
3259 4532 3345 4585 10.
3374 4531 3483 4601 16).
3511 4530 3606 4584 llic
3628 4530 3839 4599 quidem
3870 4529 4011 4581 nulla
4033 4542 4175 4581 mer-

2594 4627 2724 4680 cede
2753 4636 2930 4679 castus
2973 4634 3074 4688 est,
3107 4623 3249 4678 ferro
3289 4635 3496 4686 sectus;
3537 4631 3789 4675 carterutn
3825 4621 4019 4674 insanit
4058 4619 4177 4672 sine

2596 4717 2769 4771 fructu
2800 4732 2893 4786 per
2916 4732 3067 4770 suam
3098 4716 3425 4784 spurcitiem.
3461 4715 3583 4768 Ilmc
3608 4721 3784 4766 autem
3814 4721 3938 4765 sunt
3968 4724 4087 4780 quae
4120 4710 4171 4761 in

2594 4809 2718 4865 Asia
2773 4819 2921 4877 gesta
2972 4818 3117 4870 sunt,
3163 4807 3229 4860 de
3268 4806 3458 4875 tpiiltus
3506 4804 3876 4872 interrogasti,
3926 4818 3991 4856 eo
4031 4799 4177 4868 quod

2594 4899 2923 4969 Theophilus
2963 4897 3255 4966 scripserit,
3293 4896 3559 4950 sexdecim
3595 4896 3875 4963 episcopos
3908 4906 3936 4944 a
3968 4891 4177 4944 Joanne

2593 4992 2866 5061 depositas
2894 4990 3071 5045 fuisse.
3098 4991 3259 5043 Certo
3285 4990 3423 5042 scias
3444 4988 3582 5056 quod
3606 5004 3697 5041 sex
3725 4986 3941 5040 fuerint.
3976 4983 4174 5034 llorum

2594 5084 2752 5136 etiam
2797 5092 2912 5135 aeta
2957 5089 3191 5143 exstant,
3238 5094 3354 5148 qua:
3399 5089 3680 5133 servantur
3723 5074 3861 5144 apud
3908 5089 4005 5125 nos
4051 5088 4173 5125 cum

2596 5172 3073 5241 subscriptionibus
3092 5171 3276 5239 viginti
3309 5169 3530 5222 duorum
3553 5171 3948 5238 episcoporum,
3982 5160 4070 5230 qui
4107 5162 4176 5214 ab

2596 5265 2747 5317 initio
2769 5279 2983 5317 Causam
3010 5261 3310 5325 audierunt,
3338 5269 3390 5313 et
3410 5262 3738 5329 septuaginta
3765 5270 3949 5311 eorum
3970 5255 4057 5322 qui
4082 5251 4176 5305 de-

2598 5365 2907 5426 posuerunt,
2943 5365 2995 5408 et
3020 5368 3233 5407 causam
3266 5354 3636 5407 terminarunt.

2663 5450 2791 5503 Car.
2843 5464 2951 5501 xvu.
2998 5475 3066 5486 —-
3117 5446 3263 5501 Duc.
3314 5447 3528 5515 Ignosce
3577 5441 3745 5505 mihi,
3782 5440 3940 5492 Pater
3986 5455 4001 5491 :
4048 5440 4168 5493 talia

2593 5555 2806 5593 omnem
2831 5537 3159 5601 ebrietatem,
3188 5539 3415 5589 furorem
3439 5550 3499 5587 ac
3522 5530 3803 5585 ludibrium
3827 5541 4164 5595 exsuperant.

2595 5632 2852 5684 Fui-entes
2882 5629 3021 5681 enim
3050 5630 3136 5697 qui
3170 5638 3291 5681 sunt
3318 5636 3371 5677 et
3397 5624 3528 5677 ebrii
3564 5630 3719 5687 atque
3748 5617 3912 5686 pueri,
3944 5619 4017 5672 illi
4050 5623 4167 5689 qui-

2591 5722 2709 5775 dem
2740 5721 2825 5773 ubi
2855 5722 3188 5789 resipuerunt
3208 5762 3223 5783 ,
3254 5719 3305 5771 hi
3334 5716 3420 5767 ubi
3452 5720 3844 5775 concoxerunt,
3875 5712 3959 5764 alii
3992 5722 4171 5765 autem

2592 5814 2678 5867 ubi
2724 5814 2787 5869 ad
2826 5815 3021 5884 justam
3050 5824 3259 5867 :rtatem
3291 5813 3684 5880 pervenerunt,
3716 5814 3907 5874 negant
3930 5846 3945 5867 ,
3974 5804 4170 5857 erubc‘

2590 5919 2798 5963 scentes
2819 5924 2981 5978 prave
3003 5916 3057 5961 et
3079 5902 3377 5959 inordinate
3405 5900 3538 5953 facta
3561 5909 3715 5969 atque
3740 5900 3875 5953 dicta
3906 5917 3916 5950 :
3946 5896 4018 5949 illi
4046 5910 4170 5943 vero

2592 6003 2642 6055 in
2672 6013 2825 6057 tctate
2859 6000 3110 6063 perfecta,
3140 6004 3195 6050 et
3220 5996 3269 6049 in
3300 6005 3587 6065 apparente
3616 5992 3902 6047 sobrietate
3931 6001 4048 6037 cum
4079 6000 4174 6052 pa-
