4526 6696
412 530 477 584 5!
1416 537 1501 590 DE
1543 536 1701 591 V'ITA
1736 535 1791 591 S.
1832 535 2114 593 JOANNIS
2151 538 2661 595 CHRYSOSTOMI.
3594 545 3667 602 52

484 646 641 700 ΚΕΦ.
677 647 777 703 ιε’.
813 650 1030 703 Τούτων
1060 646 1152 703 οὖν
1183 650 1355 713 οὑτως
1395 651 1647 720 ἐχόντων,
1684 654 1987 727 προσῆλθεν

408 731 438 782 ό
466 727 566 798 τῆς
598 734 973 803 μακρηγορίας
1009 734 1141 801 ἡμῖν
1180 732 1350 792 αἴτιος
1377 736 1491 797 τοῖς
1520 737 1841 797 ἐπισκόποις
1883 736 1987 787 πᾶ-

414 832 498 868 σιν
521 818 797 885 Εὐσέϐιος,
828 824 856 874 ὁ
882 824 1183 890 κατήγορος
1213 820 1318 872 τῶν
1343 818 1401 883 ἓξ
1424 819 1625 873 λοιπῶν
1648 819 1984 881 ἐπισκόπων,

412 898 577 962 ἀξιῶν
599 901 851 971 δεχθῆναι
882 903 961 963 εἰς
992 900 1293 954 κοινωνίαν.
1326 901 1809 974 Προσαντιλέγουσί
1844 917 1986 963 τινες

411 982 520 1034 τῶν
547 984 879 1047 ἐπισκόπων,
909 982 984 1051 μὴ
1011 983 1118 1034 δεῖν
1139 983 1300 1037 αὑτὸν
1330 985 1585 1055 δεχθῆναι
1615 985 1691 1046 ώς
1718 982 1985 1050 συκοφάν-

410 1079 529 1133 την.
575 1067 697 1117 Ἐπὶ
729 1064 937 1126 τούτοις
973 1064 1178 1118 ἱκέτευε
1208 1066 1407 1135 λέγων’
1449 1068 1666 1137 Ἐπειδὴ
1704 1067 1737 1136 ὴ
1776 1065 1896 1135 δίκη
1926 1066 1986 1119 τὸ

411 1148 664 1200 πλεῖστον
696 1145 860 1215 μέρος
888 1146 980 1197 ἐπὶ
1005 1146 1098 1199 δύο
1135 1148 1226 1219 ἔτη
1261 1150 1590 1219 ἐϐασανίσθη
1610 1189 1625 1213 ,
1655 1150 1736 1210 εἰς
1777 1147 1985 1217 μάρτυ-

413 1246 513 1298 ρας
535 1229 591 1280 δὲ
634 1228 921 1298 γεγένηται
958 1231 990 1299 ἠ
1029 1231 1336 1301 ὑπέρθεσις,
1368 1232 1555 1301 δέομαι
1583 1232 1683 1298 τῆς
1713 1231 1985 1301 ὑμετέρας

408 1308 687 1376 θεοφιλίας
728 1310 963 1381 σήμερον
1000 1313 1254 1384 παραυτά
1279 1314 1462 1366 δοῦναί
1492 1329 1560 1381 με
1600 1313 1726 1374 τοὺς
1778 1311 1982 1379 μάρτυ-

414 1408 534 1461 ρας.
577 1390 638 1441 Εἰ
671 1391 779 1461 γὰρ
817 1394 911 1446 καὶ
962 1395 1271 1458 Ἀντωνῖνος
1315 1397 1342 1447 ό
1373 1393 1672 1454 ἐπίσκοπος
1703 1393 1985 1465 ἐτελεύτη-

414 1490 504 1523 σεν
545 1475 573 1524 ὁ
602 1472 781 1527 λαϐὼν
810 1477 869 1529 τὸ
901 1480 1119 1549 χρυσίον
1165 1482 1258 1532 καὶ
1291 1478 1705 1546 χειροτονήσας,
1741 1476 1854 1529 ἀλλ’
1890 1475 1981 1533 οὖν

407 1570 472 1620 γε
507 1555 754 1623 μένουσιν
782 1562 831 1613 οί
868 1561 1156 1623 δεδωκότες
1191 1561 1283 1612 καὶ
1318 1558 1799 1628 χειροτονηθέντες.
1844 1562 1981 1615 Ἐδι-

408 1637 704 1710 καίωσενή
754 1646 1001 1713 παροῦσα
1036 1642 1249 1703 σύνοδος
1301 1640 1599 1710 ζητηθῆναι
1632 1641 1691 1693 τὸ
1728 1646 1977 1715 πρᾶγμα.

410 1719 475 1769 Ἀ
489 1736 674 1789 ρχεται
706 1728 739 1794 ἡ
795 1726 1047 1788 ὑπόθεσις
1091 1723 1150 1789 ἐξ
1191 1724 1613 1792 άναγνώσματος
1647 1725 1757 1778 τῶν
1792 1728 1980 1797 πρώην

406 1804 759 1871 πραχθέντων
803 1806 1229 1876 ὑπομνημάτων.
1272 1806 1531 1876 Είσῆλθον
1579 1806 1629 1857 οἰ
1683 1809 1978 1878 μάρτυρες,

403 1886 654 1953 εἰσῆλθον
685 1890 777 1940 καὶ
807 1888 867 1951 ἐξ
896 1890 1001 1940 τῶν
1021 1888 1325 1942 δεδωκότων
1356 1891 1449 1942 καὶ
1475 1891 1977 1961 χειροτονηθέντων.

415 1967 506 2018 Ἐν
566 1970 665 2037 μὲν
705 1973 770 2039 τῇ
821 1971 963 2041 ἀρχῇ
1004 1972 1291 2044 ἠρνοῦντο·
1347 1974 1711 2043 ἐπιμενόντων
1764 1974 1819 2027 δὲ
1872 1975 1978 2029 τῶν

402 2050 723 2120 μαρτύρων,
761 2052 869 2105 τῶν
924 2054 1022 2123 μὲν
1069 2055 1305 2120 λαῖκῶν,
1350 2057 1457 2108 τῶν
1501 2057 1555 2109 δὲ
1597 2059 1689 2110 καὶ
1740 2058 1976 2128 πρεσϐυ-

400 2130 611 2200 τέρων,
657 2128 737 2197 οἷς
774 2134 956 2199 ἔδοξαν
997 2138 1413 2207 τεθαρῤηκέναι,
1442 2140 1536 2190 καί⁸
1584 2140 1854 2206 γυναικῶν
1896 2158 1977 2192 τι-

402 2229 531 2277 νων,
570 2218 662 2268 καὶ
706 2217 771 2268 τὰ
802 2218 913 2287 εἰδη
947 2218 1056 2270 τῶν
1088 2219 1358 2287 ἐνεχύρων
1396 2219 1658 2286 λεγόντων
1680 2259 1694 2281 ,
1730 2222 1823 2273 καί
1852 2223 1976 2282 τοὺς

406 2296 611 2357 τόπους
638 2298 731 2349 καὶ
757 2299 883 2361 τοὺς
911 2302 1135 2367 καιροὺς
1169 2300 1263 2351 καὶ
1290 2299 1387 2368 τὴν
1416 2300 1720 2369 ποσότητα,
1743 2302 1802 2351 οὑ
1834 2301 1976 2352 πάνυ

402 2376 585 2439 καλῶς
638 2378 985 2449 διακειμένης
1031 2379 1209 2433 αὑτῶν
1255 2380 1636 2449 συνειδήσεως,
1672 2381 1978 2451 αύθαίρετοι

398 2458 721 2525 ὁμολογοῦσι
754 2460 877 2527 δίχα
924 2460 1124 2528 πολλῆς
1180 2462 1457 2531 ἀνάγκης,
1504 2461 1583 2513 ὅτι
1620 2462 1975 2531 Δεδώκαμεν,

401 2540 772 2608 ὡμολόγηται,
825 2543 919 2594 καὶ
967 2543 1291 2612 γεγόναμεν,
1352 2544 1606 2613 τοιαύτην
1661 2544 1978 2613 νομίσαντες

401 2616 541 2671 εἶναι
599 2622 950 2684 ἀκολουθίαν,
1010 2625 1095 2676 ἵνα
1150 2625 1389 2693 δόξωμεν
1444 2624 1538 2677 τοῦ
1598 2625 1977 2697 βουλευτηρίου

398 2701 836 2774 ἐλευθεροῦσθαι.
898 2708 1005 2759 Καὶ
1067 2707 1161 2759 νῦν
1223 2707 1475 2777 δεόμεθα,
1545 2709 1593 2761 εί
1663 2709 1763 2779 μὲν
1833 2710 1978 2763 ἔστιν

398 2787 581 2848 ὅσιον,
634 2790 780 2857 ἡμᾶς
824 2785 964 2843 εἶναι
1018 2791 1076 2841 ἐν
1123 2793 1189 2861 τῇ
1236 2790 1545 2861 λειτουργία
1596 2792 1697 2861 τῆς
1747 2794 1976 2864 Ἐκκλη-

402 2867 541 2929 σίας·
574 2870 694 2920 ἐπεὶ
725 2870 827 2923 κᾶν
870 2871 930 2923 τὸ
970 2872 1208 2941 χρυσίον,
1244 2872 1272 2923 ὃ
1312 2872 1642 2943 δεδώκαμεν,
1689 2874 1775 2926 ἵνα
1800 2875 1977 2928 λάϐω-

402 2966 523 3017 μεν·
587 2950 695 3003 τῶν
755 2952 861 3023 γάρ
924 2955 1195 3021 γυναικῶν
1249 2955 1404 3024 ἡμῶν
1467 2973 1610 3019 τινες
1666 2956 1977 3027 δεδώκαμεν

401 3031 590 3101 σκεύη.
631 3034 689 3085 '0
732 3035 980 3105 Ἰωάννης
1002 3037 1136 3106 πρὸς
1169 3036 1339 3091 ταῦτα
1369 3037 1633 3107 ὑπέσχετο
1670 3043 1733 3109 τῇ
1755 3040 1973 3110 συνόδῳ,

398 3114 480 3164 ὅτι
518 3113 622 3167 Τοῦ
668 3117 766 3184 μὲν
821 3116 1199 3188 βουλευτηρίου
1234 3118 1344 3187 ἐγὼ
1372 3122 1569 3183 αὑτοὺς
1608 3122 1704 3173 σὺν
1728 3121 1847 3192 Θεῷ
1874 3124 1977 3175 άπ-

397 3195 634 3262 αλλάξω,
664 3198 903 3262 ἀξιώσας
936 3200 1027 3253 τὸν
1067 3200 1308 3269 βασιλέα·
1348 3202 1507 3271 ὑμεῖς
1542 3202 1599 3255 δὲ
1638 3204 1976 3273 προστάξατε

400 3277 599 3340 αὐτοὺς
653 3278 837 3332 λαϐεῖν
888 3281 917 3333 ὃ
966 3282 1257 3336 δεδώκασιν
1308 3284 1459 3355 παρὰ
1511 3284 1620 3336 τῶν
1660 3285 1975 3339 ’Δντωνίνου

399 3359 768 3431 κληρονόμων.
806 3364 1139 3435 Προσέταξεν
1178 3369 1211 3435 ὴ
1256 3367 1491 3429 σύνοδος,
1524 3368 1585 3419 τὸ
1627 3367 1725 3437 μὲν
1755 3369 1977 3439 χρυσίον

399 3442 596 3505 αὑτοὺς
640 3444 821 3498 λαϐεῖν
874 3447 1024 3517 παρὰ
1075 3447 1181 3499 τῶν
1241 3448 1590 3518 κληρονόμων
1640 3450 1975 3516 Ἀντωνίνου,

400 3528 673 3577 κοινωνεῖν
728 3526 782 3578 δὲ
831 3527 977 3580 ἔνδον
1019 3528 1111 3581 τοῦ
1155 3529 1561 3601 θυσιαστηρίου,
1595 3528 1734 3585 εἶναι
1778 3533 1836 3586 δὲ
1872 3535 1979 3587 ἀπὸ

398 3607 614 3677 ἱερέων,
643 3609 726 3660 ἵνα
760 3610 834 3679 μή
864 3610 1067 3662 τούτων
1101 3612 1559 3683 συγχωρηθέντων
1595 3614 1716 3678 ἔθος
1755 3616 1978 3684 γένηται

414 3689 784 3762 Ἰουδαῖκὸν,ἣ
827 3691 1138 3759 Αίγύπτιον,
1179 3694 1273 3746 τοῦ
1331 3696 1529 3748 πωλεῖν
1571 3699 1663 3749 καὶ
1691 3698 1977 3768 ἀγοράζειν

400 3772 501 3839 τὴν
521 3772 834 3843 ἱερωσύνην.
864 3775 999 3826 Φασὶ
1020 3775 1076 3827 δὲ
1108 3776 1198 3828 τὸν
1227 3775 1480 3844 λυμεῶνα
1514 3779 1605 3830 καὶ
1630 3778 1977 3849 ψευδώνυμον

401 3853 746 3924 πατριάρχην
777 3855 885 3907 τῶν
924 3857 1190 3910 Ἰουδαίων
1226 3859 1345 3911 κατ’
1378 3860 1495 3923 ἔτος
1524 3860 1789 3929 ἀμείϐειν,
1816 3862 1848 3932 ἢ
1884 3865 1977 3917 καὶ

398 3937 533 4002 παρ’
588 3936 704 3999 ἔτος
752 3938 877 4001 τοὺς
934 3940 1412 4008 ἀρχισυναγώγους
1472 3944 1563 3995 ἐπὶ
1618 3942 1843 4014 συλλογῇ
1882 3944 1976 3997 τοῦ

400 4018 685 4087 ἀργυρίου,
722 4020 921 4089 ὁμοίως
977 4022 1032 4073 δὲ
1075 4023 1169 4076 καὶ
1211 4024 1305 4077 τὸν
1351 4025 1595 4096 ζηλωτὴν
1638 4025 1826 4078 τούτου
1869 4026 1979 4079 τῶν

399 4100 713 4166 Αἰγυπτίων
739 4104 1098 4174 πατριάρχης),
1124 4105 1209 4156 ἴνα
1236 4105 1496 4177 πληρωθῇ
1529 4109 1588 4159 τὸ
1617 4110 1975 4177 προφητικόν·

401 4185 469 4234 οι
512 4183 684 4251 ἱερεῖς
715 4185 905 4252 αὐτῆς
936 4187 1085 4254 μετὰ
1114 4185 1315 4253 δώρων
1351 4189 1767 4255 ἀπεκρίναντο,
1798 4192 1897 4245 καί
1925 4196 1979 4246 οί

395 4264 699 4333 προφῆται
728 4268 919 4334 αὐτῆς
934 4268 1084 4336 μετὰ
1105 4270 1386 4337 ἀργυρίου
1405 4272 1819 4338 ἐμαντεύοντο.
1852 4274 1982 4328 Τού-

395 4364 505 4399 των
542 4350 756 4401 πάντων
784 4350 901 4402 ἐστὶ
932 4352 1025 4403 καὶ
1052 4351 1121 4404 τά
1148 4353 1513 4423 ὑπομνήματα
1555 4356 1645 4407 καὶ
1673 4357 1723 4408 οί
1753 4358 1977 4427 κρίναν-

395 4445 507 4491 τες.
544 4430 654 4481 Καὶ
680 4432 777 4483 οὐκ
811 4435 889 4495 εἰς
922 4432 1048 4501 μίαν
1068 4434 1278 4504 ἡμέραν
1306 4435 1611 4504 γεγένηται,
1640 4439 1713 4501 ὠς
1744 4440 1980 4508 ἐψεύσα-

395 4527 458 4592 το
511 4514 540 4563 ό
589 4513 928 4586 Θεόφιλος,ή
973 4517 1236 4580 ἐξέτασις,
1280 4517 1393 4570 ἀλλ’
1432 4519 1528 4569 ἐπὶ
1564 4519 1656 4572 δύο
1700 4520 1817 4592 ἐτη.
1870 4526 1979 4580 Καὶ

396 4591 657 4660 ἔστερξαν
694 4597 743 4645 οἱ
776 4596 1210 4666 καθαιρεθέντες,
1247 4600 1345 4668 τῆς
1398 4600 1698 4670 μελλούσης
1744 4591 1979 4672 κρίσεως

396 4673 873 4741 ἐλευθερωθέντες,
916 4680 991 4742 ὡς
1036 4678 1126 4731 τὸν
1161 4681 1255 4731 ἕνα
1287 4681 1344 4746 ἐξ
1374 4681 1549 4734 αὑτῶν
1575 4682 1787 4737 ἔκδικον
1813 4687 1979 4757 δημοο

399 4753 531 4805 σίων
577 4756 826 4821 γενέσθαι
860 4760 1219 4829 πραγμάτων·
1259 4763 1353 4813 καὶ
1381 4764 1458 4824 εἰς
1486 4765 1612 4825 τοὺς
1650 4753 1979 4830 τόπους-αὑ-

396 4836 507 4887 τῶν
552 4836 729 4910 ἓτεροι
774 4840 1051 4905 ἀείπαιδες
1095 4845 1547 4915 ἀντεισήχθησαν,
1584 4847 1682 4918 βίῳ
1717 4853 1809 4903 καὶ
1836 4852 1977 4920 λόγῳ

394 4922 821 4991 κεκοσμημένοι.
867 4925 977 4977 Καὶ
1016 4927 1062 4978 οί
1098 4927 1347 4993 γενναδες
1379 4929 1473 4980 καὶ
1514 4931 1805 4998 φιλόνεικοι
1841 4934 1978 5002 μετά

395 5002 498 5070 τὴν
536 5004 779 5057 Ἰωάννου
820 5006 1032 5077 ἐξορίαν
1061 5008 1309 5072 λαϐόντες
1336 5010 1363 5061 ὃ
1398 5010 1588 5063 ἔλαϐον
1623 5015 1703 5083 (οὑ
1734 5015 1841 5085 γὰρ
1865 5017 1975 5084 ἔχει

396 5084 567 5154 ὄνομα
611 5089 644 5155 ή
690 5088 876 5152 κακία,
922 5090 1111 5161 ῶσπερ
1151 5093 1268 5145 οὑδὲ
1310 5093 1541 5159 οὑσίαν),
1567 5097 1694 5159 τοὺς
1743 5084 1842 5167 μὲν
1871 5099 1976 5169 πρὸ

397 5172 716 5241 τετραετίας
761 5176 1015 5243 ῥιφέντας
1059 5178 1218 5230 πάλιν
1248 5179 1581 5251 είσέφρησαν
1614 5184 1693 5246 εἰς
1725 5186 1822 5247 τὰς
1856 5185 1976 5236 Ἐκ-

396 5257 647 5325 κλησίας,
674 5259 797 5321 τοὺς
818 5260 873 5311 δὲ
903 5262 1181 5331 ἐνθέσμως
1212 5281 1231 5300 ι
1268 5265 1707 5336 ἐνθρονισθέντας
1736 5270 1974 5333 ἐξέωσαν

394 5338 490 5388 ἐπὶ
525 5340 849 5409 σκορπισμῷ
885 5342 995 5393 τῶν
1024 5343 1115 5394 τοῦ
1139 5346 1376 5414 Χριστοῦ
1407 5349 1714 5418 προϐάτων.
1743 5351 1815 5402 Τὸ
1849 5351 1974 5420 μέν·

393 5439 479 5475 τοι
506 5427 957 5493 γελοιωδέστατον
991 5428 1228 5493 πάντων,
1256 5434 1454 5503 μᾶλλον
1487 5436 1542 5488 δὲ
1572 5436 1771 5507 θρήνου
1800 5438 1971 5503 ἄξιον,

395 5509 492 5561 ἐὰν
528 5513 786 5586 ἀκούσῃς,
818 5514 1058 5585 Θεόδωρε
1084 5515 1535 5586 φιλομαθέστατε,
1582 5523 1820 5593 Ἠχήσει
1855 5526 1976 5593 μέν

392 5611 535 5658 σου.
577 5605 716 5653 κατὰ
757 5604 845 5656 τὸν
882 5606 1187 5675 προφήτην,
1219 5607 1521 5676 ἀμφότερα
1561 5613 1635 5665 τὰ
1667 5608 1803 5667 ὦτα·
1849 5614 1975 5667 ἀπο-

393 5681 653 5746 κλαύσεις
675 5686 753 5746 δὲ,
777 5689 1019 5755 φιλόθεος
1047 5688 1142 5755 ῶν,
1172 5692 1297 5753 τοὺς
1333 5695 1689 5763 μαινομένους
1722 5698 1827 5750 τῶν
1861 5701 1975 5753 ἐπι-

396 5768 638 5825 σκόπων.
689 5772 1042 5848 ἐσκοτισμένῃ
1091 5778 1233 5849 χειρὶ
1280 5777 1705 5851 λυμαινομένους
1748 5786 1847 5848 τὰς
1874 5787 1977 5840 δω-

394 5855 527 5931 ρεάς
564 5855 658 5909 τοῦ
708 5859 965 5930 Χριστοῦ.
1004 5868 1099 5929 “Ac
1134 5868 1242 5937 γὰρ
1272 5866 1409 5937 μετά
1440 5871 1692 5938 νηστείας
1724 5872 1817 5926 καὶ
1855 5873 1972 5946 δεή-

458 6012 485 6039 ⁸
507 6011 589 6060 Sic
615 6012 720 6060 cod.
742 6011 944 6074 optime.
971 6014 1167 6065 Edilum
1189 6018 1346 6069 fuerat
1367 6022 1630 6085 ἐνθέσμους.

630 6100 901 6161 ΡΑτιιοῐ..
948 6102 1063 6161 Cn.
1110 6106 1365 6169 XLVII.

2097 671 2234 718 σεως
2290 655 2385 707 καὶ
2439 655 2759 724 δοκιμασίας
2809 657 3010 729 κλήρου
3067 660 3161 712 καὶ
3217 661 3380 728 φόϐου
3433 664 3481 713 οἰ
3541 662 3670 733 περὶ

2092 736 2296 807 Πέτρον
2330 737 2423 788 καὶ
2463 737 2713 809 Ἰωάννην
2757 740 2973 792 ἐποίουν
3021 742 3375 813 χειροτονίας,
3416 745 3567 796 αὐτοὶ
3608 746 3669 798 τὸ

2091 818 2331 871 ἐναντίον
2392 818 2527 887 μετὰ
2584 822 2892 892 κραιπάλης
2953 825 3044 875 καὶ
3103 826 3273 897 μέθης
3333 826 3428 879 καὶ¹
3484 826 3670 897 δώρων

2090 900 2323 971 οἰκτρῶν
2366 901 2433 953 τὰ
2464 900 2571 954 τῶν
2601 904 2902 975 ἀνθρώπων
2928 906 3273 977 ἐκτρώματα,
3310 908 3346 962 ἀ
3377 910 3515 980 μήτε
3554 911 3668 978 χοί-

2092 998 2200 1051 ρων
2236 982 2447 1051 ἀλόγων
2488 985 2519 1055 ἢ
2553 987 2728 1039 κυνῶν
2758 989 2902 1053 ἄξια,
2936 989 3076 1042 κατά
3098 990 3188 1042 τὸν
3215 992 3670 1062 προφητεύσαντα

2090 1066 2218 1136 περὶ
2268 1065 2448 1119 αὑτῶν
2492 1068 2610 1121 Ἰὼϐ
2664 1072 2727 1123 ἐκ
2771 1070 3063 1141 προσώπου
3114 1072 3209 1125 τοῦ
3245 1075 3511 1144 Σωτῆρος·
3551 1075 3669 1142 Οὓς

2088 1151 2200 1216 οὐχ
2226 1148 2553 1219 ἡγησάμην
2582 1151 2791 1216 ἀξίους
2819 1152 3019 1206 κυνῶν
3050 1152 3169 1207 τῶν
3191 1154 3350 1224 ἐμῶν
3372 1157 3665 1224 νομάδων,

2087 1230 2145 1283 οἳ
2171 1230 2291 1285 ὑπὸ
2311 1232 2584 1300 φρύγανα
2609 1233 2915 1300 διῃτῶντο.
2941 1235 3004 1290 Oi
3036 1238 3214 1291 τοίνυν
3250 1238 3389 1309 μετὰ
3421 1241 3668 1309 μιμάδων

2088 1313 2183 1365 καὶ
2228 1313 2515 1377 Ἰουδαίων,
2551 1316 2626 1378 ὠς
2659 1316 2799 1383 φίλοι
2825 1318 2918 1370 τοῦ
2946 1319 3216 1388 Σωτῆρος,
3256 1322 3407 1392 παρά
3444 1324 3553 1376 τῶν
3581 1339 3670 1374 σο-

2088 1395 2204 1463 φῶν
2253 1397 2320 1449 τὰ
2355 1398 2641 1470 ἀπόρρητα
2678 1402 2777 1470 τῆς
2812 1400 3111 1472 ἱερωσύνης
3154 1405 3665 1458 καταπιστεύονται·

2085 1478 2151 1531 δι’
2179 1478 2273 1542 οὓς
2309 1482 2401 1532 καὶ
2433 1482 2559 1545 τοὺς
2590 1484 2909 1554 εὑκτηρίους
2936 1484 3121 1548 οἴκους
3150 1486 3441 1554 φεύγουσιν
3466 1491 3514 1540 οί
3548 1489 3668 1541 λαιὶ

2086 1561 2193 1612 τῶν
2233 1562 2550 1630 ὀρθοδόξων.
2578 1565 2822 1631 Ἔφθασε
2867 1568 2977 1637 γάρ
3020 1568 3236 1629 πάντως
3269 1568 3329 1621 τὸ
3362 1571 3543 1622 καινὸν
3574 1576 3667 1625 καί

2087 1644 2526 1710 κουφωδέστατον
2546 1646 2637 1697 τοῦ
2663 1648 3006 1718 τολμήματος
3036 1651 3127 1702 καὶ
3165 1651 3355 1720 μέχρις
3388 1652 3547 1722 ἡμῶν
3568 1655 3667 1723 τῆς

2087 1725 2230 1777 κατά
2254 1727 2484 1794 Ἔφεσον
2523 1728 2868 1798 Ἐκκλησίας·
2901 1732 3017 1795 πῶς
3049 1732 3157 1803 γὰρ
3185 1733 3281 1799 ob;
3315 1737 3665 1805 παραθαλασο

2088 1809 2209 1871 σίας
2234 1806 2419 1879 οὔσης,
2447 1810 2538 1862 καὶ
2578 1811 2773 1881 ῥᾳδίως
2799 1813 3303 1885 διαπορθμευούσης
3331 1819 3427 1880 τὰς
3450 1820 3660 1887 φήμας.

2087 1892 2181 1954 Εἰς
2201 1892 2291 1944 τὸν
2326 1893 2489 1946 τόπον
2512 1894 2640 1963 γὰρ,
2673 1896 2870 1964 μᾶλλον
2896 1896 2951 1949 δὲ
2997 1899 3077 1958 εἰς
3101 1898 3190 1951 τὸν
3226 1900 3470 1952 Ἰωάννου
3494 1901 3585 1953 τοῦ
3604 1902 3667 1955 τὸ

2085 1974 2417 2042 Εὑαγγέλιον
2441 1976 2771 2047 γράψαντος,
2802 1979 2897 2031 τοῦ
2924 1982 3005 2043 είς
3036 1980 3097 2033 τὸ
3120 1982 3218 2051 τῆς
3245 1982 3436 2050 σοφίας
3474 1983 3668 2051 στῆθος

2085 2057 2289 2119 πιστῶς
2344 2057 2798 2122 ἐπαναπεσόντος,
2867 2063 2995 2132 περὶ
3056 2059 3116 2116 οὗ
3178 2064 3509 2135 γέγραπταιο
3567 2067 3671 2117 ’⁵ον

2081 2138 2285 2205 ἠγάπα
2328 2143 2360 2193 ὁ
2403 2140 2657 2206 Ἰησοῦιγ
2685 2142 2744 2194 ὃν
2771 2141 3053 2211 Τιμόθεος,
3093 2148 3120 2197 ό
3147 2147 3358 2215 Παύλου
3398 2148 3669 2217 μαθητὴς,

2085 2219 2221 2286 πρὸς
2248 2220 2306 2271 ὃν
2343 2223 2397 2272 αἱ
2431 2221 2523 2273 δύο
2548 2224 2804 2291 φέρονται
2834 2224 2927 2277 τοῦ
2968 2227 3289 2280 Ἀποστόλου
3335 2228 3664 2281 Ἐπιστολαίο

2084 2297 2386 2368 διαδέχεται
2458 2302 2735 2373 βδέλυγμα
2779 2306 3129 2376 ἐρημώσεως.
3177 2312 3670 2381 Χειροτονήσαντεςς

2086 2384 2194 2455 γάρ
2232 2385 2323 2438 τὸν
2358 2387 2633 2459 Βίκτωρος
2660 2390 2753 2442 τοῦ
2785 2393 3066 2461 τριϐούνου
3097 2396 3369 2465 εὐνοῦχον,
3397 2398 3671 2467 ἐνεθρόνιο·

2087 2490 2203 2536 σαν,
2244 2475 2336 2526 καὶ
2389 2476 2478 2528 τὸν
2525 2478 2629 2530 ὑπὸ
2676 2479 3044 2551 ἐϐδομήκοντα
3092 2486 3406 2538 ἐπισκόπων
3437 2486 3639 2556 ἐνθρονι

2086 2559 2278 2611 σθέντα
2304 2562 2360 2612 ἐν
2383 2563 2572 2633 εἱρκτῇ
2604 2566 2949 2633 δαπανῶντες
2985 2570 3146 2641 μέχρι
3170 2571 3267 2641 τῆς
3294 2572 3474 2642 δεῦρο,
3499 2574 3667 2645 ἄνδρα

2088 2646 2396 2714 μονάσαντα
2447 2651 2505 2702 ἐν
2550 2656 2617 2722 τῇ
2671 2655 2880 2725 ἐρήμῳ,
2913 2657 3021 2709 ἀπὸ
3072 2659 3375 2723 ἐγκυκλίων
3428 2663 3668 2731 ἠγμένον

2088 2733 2446 2804 μαθημάτων,
2474 2738 2698 2793 καὶτῶν
2728 2741 2885 2795 θείων
2920 2744 3149 2813 Γραφῶν
3175 2748 3323 2810 ἐντὸς
3352 2750 3665 2818 γενόμενον,

2084 2820 2178 2871 καὶ
2205 2820 2601 2894 διακονήσαντα
2634 2827 2727 2896 ἔτη
2766 2830 2914 2899 τρία.
2945 2831 3055 2883 Καὶ
3084 2832 3196 2885 εἴθε
3214 2836 3243 2886 ό
3271 2838 3668 2907 χειροτονηθεὶς

2084 2906 2335 2993 εὐνοῦχος
2379 2910 2466 2964 διὰ
2502 2911 2619 2979 βίου
2649 2915 2849 2984 σεμνοῦ
2898 2911 2967 2986 ἦν
3028 2919 3283 2988 ἠγμένος,
3326 2923 3419 2975 καὶ
3462 2906 3668 2993 ἡμίκα-

2084 3008 2177 3043 κον
2202 2988 2270 3063 ἦν
2298 2994 2359 3046 τὸ
2392 2997 2580 3050 κακόν·
2609 3002 2725 3052 νυνὶ
2753 3001 2831 3065 δὲ,
2863 3004 2967 3071 γῆς
2992 3006 3227 3076 ἔντερον,
3259 2988 3665 3079 γαστρίδουλον,

2084 3078 2408 3150 θηλυμανὲς,
2452 3084 2662 3153 ἰταμὸν,
2690 3087 2939 3156 μέθυσον,
2965 3093 3321 3161 πορνοκόπον,
3344 3078 3665 3166 ἀργυρώνη-

2082 3185 2191 3235 τον,
2246 3170 2619 3243 ἀνελεύθερον,
2664 3177 3021 3251 φιλάργυρον,
3058 3182 3192 3252 πρὸς
3238 3184 3373 3254 αὐτῇ
3422 3188 3490 3255 τῇ
3524 3187 3670 3252 γενέ-

2085 3272 2167 3307 σει
2214 3256 2690 3327 σιδηροκατάδικον
2721 3264 2747 3303 b
2771 3304 2785 3327 ,
2825 3266 3106 3337 ἄνανδρον,
3153 3269 3347 3339 άθηλυ,
3379 3273 3664 3342 ἐπιμανὲς,

2083 3342 2265 3406 καθὼς
2312 3345 2518 3415 ηκουσα
2559 3349 2837 3416 πολλάκις,
2890 3354 2958 3405 τά
2997 3354 3261 3425 θεατρικά
3303 3358 3530 3428 κοράσια
3568 3361 3667 3412 ἐπ’

2082 3426 2249 3497 ῶμων
2294 3430 2635 3500 βαστάσαντα
2678 3439 2736 3488 ἐν
2764 3443 3074 3509 σατυρικοῖς
3120 3445 3463 3511 συμποσίοις,
3492 3446 3666 3517 κισσῷ

2083 3516 2182 3584 τὴν
2224 3518 2463 3591 κεφαλὴν
2501 3524 2853 3593 ἐστεμμένον,
2893 3526 2985 3578 καὶ
3027 3529 3277 3599 κρατῆρα
3321 3532 3377 3583 ἐν
3412 3535 3480 3602 τῇ
3521 3516 3668 3603 χειρὶ

2085 3605 2387 3675 ἐνημμένον
2422 3610 2791 3682 οίνοχοηκέναι
2826 3615 2884 3667 ἐν
2917 3618 3267 3686 προσχήματι
3301 3619 3395 3672 τοῦ
3434 3621 3664 3690 μυθικοῦ

2082 3693 2359 3749 Διονύσου.
2408 3697 2594 3751 Ταῦτα
2638 3700 2695 3752 δέ
2742 3701 2921 3755 πάντα
2950 3703 3186 3773 ἔπραξεν
3222 3707 3282 3758 οὑ
3320 3708 3428 3777 πρὸ
3457 3708 3556 3777 τῆς
3584 3712 3665 3772 εἰς

2083 3779 2315 3848 Χριστὸν
2344 3787 2752 3855 μυσταγωγίας,
2779 3789 2914 3842 ἀλλά
2951 3791 3089 3860 μετὰ
3111 3793 3173 3844 τὸ
3199 3793 3476 3863 φώτισμα·
3510 3796 3568 3859 ὃς
3588 3800 3667 3849 αί-

2083 3864 2324 3920 νίσσεται
2371 3869 2458 3923 διὰ
2498 3872 2703 3927 τούτων
2750 3876 2883 3945 μηδὲ
2917 3880 2981 3947 τῇ
3023 3879 3315 3933 ἀναστάσει
3367 3883 3661 3938 πιστεύειν.

2085 3952 2199 4037 Τῆς
2245 3955 2353 4027 γὰρ
2406 3959 2754 4024 ἀναστάσεως
2791 3963 2879 4014 τὸν
2922 3963 3169 4035 θεμέλιον
3199 3968 3504 4037 σαθρώσας,
3547 3972 3665 4036 πῶς

2085 4034 2239 4104 οὗτος
2279 4043 2371 4095 ἐπὶ
2413 4045 2582 4118 ταύτῃ
2626 4058 2648 4086 ο
2693 4066 2975 4118 πιστενει;
3017 4055 3045 4106 ό
3084 4054 3139 4105 δὲ
3174 4054 3246 4125 μὴ
3286 4034 3556 4112 πιστεύων
3595 4034 3665 4132 τῇ

2086 4127 2398 4193 ἀναστάσει,
2431 4131 2545 4194 πῶς
2568 4133 2741 4204 κήρυξ
2760 4137 2982 4207 γένηται
3006 4141 3105 4211 τῆς
3129 4141 3499 4210 ἀναστάσεως,
3526 4127 3667 4202 κατά

2085 4212 2175 4265 τὸν
2207 4215 2445 4299 εἰπόντας
2481 4217 2614 4285 Πῶς
2652 4220 2721 4274 δὲ
2762 4226 3124 4293 κηρύξωσιν,
3151 4229 3262 4283 ἐὰν
3293 4230 3382 4299 μὴ
3420 4236 3667 4289 πιστεύ-

2085 4315 2320 4391 σωονιν;
2368 4296 2538 4391 Οὗτος
2584 4314 2851 4379 σωφρονεῖ
2901 4313 3000 4382 μὲν
3050 4316 3255 4383 ἀμισθα
3421 4320 3661 4391 σιδήρου,

2088 4386 2334 4457 μαίνεται
2368 4390 2426 4442 δὲ
2463 4392 2687 4466 ἄκαρπα
2732 4398 2800 4449 δι’
2839 4400 3045 4454 οἰκείαν
3088 4403 3435 4475 αἰσχρότητα.
3478 4386 3664 4462 Ταῦτα

2084 4476 2141 4528 δέ
2179 4478 2293 4529 ἐστι
2339 4479 2407 4530 τὰ
2453 4481 2592 4534 κατὰ
2633 4484 2731 4552 τὴν
2774 4484 2959 4538 Ἀσίαν
3010 4493 3374 4560 γεγενημένα,
3429 4496 3555 4564 περὶ
3589 4488 3664 4549 ὧν

2085 4562 2464 4632 ἐπηρώτησας,
2497 4566 2583 4619 διὰ
2613 4570 2703 4620 τὸν
2728 4571 3014 4640 γράψαντα
3045 4575 3300 4644 Θεόφιλον
3324 4562 3520 4644 δεκαέξ
3547 4584 3666 4634 ἐπι-

2085 4648 2320 4712 σκόπους
2365 4650 2741 4724 καθῃρηκέναι
2768 4656 2858 4709 τὸν
2902 4659 3171 4731 Ἰωάννην.
3213 4664 3344 4716 Ἔσο
3372 4662 3465 4719 οὗν
3508 4666 3665 4731 εἰδὼς

2083 4736 2175 4787 ἐπὶ
2224 4738 2322 4806 τῆς
2367 4738 2645 4818 ἀληθείας,
2688 4744 2770 4797 ὅτι
2806 4745 2866 4809 ἐξ
2897 4749 3021 4801 εἰσι.
3058 4750 3273 4805 Τούτων
3318 4755 3435 4807 ἐστὶ
3469 4756 3562 4807 καὶ
3592 4758 3662 4809 τὰ

2084 4822 2451 4913 ὑπομνήματα
2499 4830 2780 4902 σωζόμενα
2833 4838 2963 4903 παρ’
2988 4838 3119 4905 ἡμῖν
3168 4840 3306 4906 μετά
3337 4843 3663 4913 ὑπογραφῆς

2081 4908 2191 4960 τῶν
2219 4912 2487 4966 εἰκοσιδύο
2509 4917 2822 4971 ἐπισκόπων
2843 4921 2951 4971 τῶν
2969 4922 3067 4990 τὴν
3091 4923 3263 4994 ἀρχὴν
3286 4928 3657 4990 ἀκουσάντων,

2082 4997 2177 5049 καί
2206 4999 2312 5053 τῶν
2335 5001 2704 5072 ἐϐδομήκοντα
2729 5007 2840 5059 τῶν
2864 5008 3225 5076 καθελάντων,
3256 5014 3349 5067 καὶ
3382 5018 3481 5086 τὴν
3504 5016 3660 5086 δίκην

2082 5101 2149 5137 πε
2159 5089 2501 5155 ραιωσάντων
2518 5088 2565 5145 ⁸.

2153 5173 2301 5229 ΚΕΦ.
2346 5175 2459 5237 IG’.
2492 5208 2560 5219 —
2606 5180 2664 5233 '0
2685 5184 2868 5238 ΔΙΑΚ.
2932 5186 3209 5252 Σύγγνωθί
3271 5205 3393 5257 μοι,
3455 5192 3658 5259 Πάτερ,

2083 5258 2399 5329 ὑπερϐαίνει
2434 5262 2602 5334 μέθην
2629 5268 2723 5319 καὶ
2755 5271 2950 5338 μανίαν
2985 5273 3077 5323 καὶ
3106 5273 3355 5342 παίγνιον
3384 5275 3452 5328 τὰ
3475 5277 3659 5328 τοιαῦ-

2081 5362 2168 5400 τα.
2202 5348 2263 5399 Οἱ
2290 5349 2386 5417 μὲν
2413 5348 2519 5419 γὰρ
2548 5354 2863 5423 μαινόμενοι
2889 5358 2981 5410 καὶ
3014 5358 3235 5428 μέθυσοι
3258 5363 3350 5414 καὶ
3373 5362 3422 5414 οἱ
3449 5363 3656 5427 παῖδες,

2080 5432 2130 5481 οί
2165 5433 2265 5501 μὲν
2304 5434 2442 5503 μετὰ
2480 5436 2578 5507 τὴν
2618 5440 2799 5509 νῆψιν,
2841 5444 2888 5494 οἱ
2917 5443 2976 5496 δὲ
3009 5447 3148 5515 μετὰ
3174 5448 3273 5516 τὴν
3312 5447 3493 5516 πέψιν*
3535 5452 3583 5505 οἰ
3612 5431 3657 5504 δ’

2082 5518 2228 5570 ἄλλοι
2264 5519 2401 5589 μετὰ
2437 5521 2534 5591 τὴν
2562 5523 2783 5596 ἔννομον
2813 5527 3026 5598 ἠλικίαν
3047 5532 3354 5602 ἀρνοῦνται,
3393 5536 3657 5607 ἐπαισχυ-

2081 5604 2294 5692 νόμενοι
2321 5608 2697 5692 τοῖςῌαίσχρῶς
2735 5612 2767 5682 ἢ
2804 5615 3051 5679 ἀτάκτως
3084 5620 3473 5690 γεγενημένοις
3507 5604 3658 5692 ἢλε-

2080 5691 2380 5762 λεγμένοις·
2408 5685 2554 5748 οὗτοι
2589 5698 2644 5749 δὲ
2668 5700 2727 5750 ἐν
2760 5699 2945 5773 ἡλικίᾳ
2972 5703 3151 5773 τελείᾳ
3179 5685 3539 5780 καῖ-δοκούσῃ,
3559 5710 3622 5777 νή
3654 5742 3658 5750 -

2142 5905 2170 5981 ξ
2194 5904 2316 5981 ἰξοιδ
2339 5909 2688 5981 νετὶρυῐη,-ηἰεί
2708 5914 2983 5981 ηθεοτὶὺεςε
3010 5916 3137 5964 vehs
3160 5919 3354 5981 σιδήρου
3373 5921 3647 5971 κατάειιον.

2142 5968 2167 6037 ξ
2196 5967 2377 6037 ρεοτε.
2404 5967 2627 6027 οὑτοςίτι
2651 5974 2819 6037 ταύτῃ,
2845 5978 3037 6025 melius.

2141 6026 2170 6068 ἀ
2195 6027 2257 6078 Ul
2279 6026 2473 6094 leéatur
2493 6026 2867 6097 περατωσάνῖνων
2887 6050 3061 6089 sensus
3083 6038 3308 6102 postulat.

3188 6122 3226 6180 7
