4526 6724
858 601 929 660 δῗῑ
2166 609 2479 664 ΡΜᾸΛΟΗ
2524 610 2645 664 [ΠΜ

2330 609 2479 664 AD”
2524 610 2872 668 DIALOGUS
4044 618 4117 673 ,τι

857 723 949 790 ψει
983 721 1322 793 δεδρκκὲτες,
1359 725 1418 778 οὑ
1448 725 1606 796 μόνον
1639 726 1696 779 οὐ
1732 727 2163 796 μετ-αμελοῦνται
2209 731 2300 782 ἐπὶ
2330 733 2439 792 τοῖς

859 805 1198 875 πραχθεῖσιν,
1224 808 1339 859 ἀλλ’
1366 807 1444 860 ἔτι
1477 808 1727 880 εὖχονται
1756 811 2054 864 ἀσάλευτον
2090 813 2184 866 καὶ
2214 812 2439 883 βεϐαίαν

857 889 1130 958 διαμεῖναι
1160 891 1258 960 τὴν
1290 892 1496 945 ἑαυτῶν
1527 894 1929 962 κακοπραγίαν.
1959 897 2022 948 Οἱ
2057 897 2165 967 γὰρ
2200 898 2273 967 μὴ
2316 896 2440 966 φρί-

860 971 1052 1036 ξαντες
1083 973 1412 1041 Εὑαγγέλιον
1458 977 1720 1030 ἐπιθεῖναι
1762 980 1947 1046 ἐναγεῖ
1982 981 2213 1051 κεφαλῇ,
2249 983 2327 1043 είς
2376 982 2442 1051 ἣν

859 1054 1132 1120 γυναικῶν
1180 1058 1237 1109 αἱ
1293 1058 1558 1130 ἀνήμεροι
1610 1061 2024 1131 ἐπωρχήσαντο,
2069 1063 2209 1115 τίσιν
2266 1062 2442 1125 ἄλλοις

861 1135 1380 1208 συναριθμὴσονται,
1411 1143 1442 1210 ἢ
1489 1145 1598 1204 τοῖς
1636 1142 1725 1194 τὸν
1755 1142 2042 1196 ἀκάνθινον
2071 1144 2330 1211 στέφανον
2368 1141 2444 1212 τῷ

862 1218 978 1288 Υίῷ
1033 1220 1127 1273 τοῦ
1193 1222 1324 1274 Θεοῦ
1377 1224 1714 1294 περιθεῖσιν;
1758 1226 1928 1288 Αὐτὸς
1960 1225 2016 1278 δὲ
2063 1229 2111 1279 εί
2152 1223 2307 1280 οἶσθα
2348 1226 2443 1278 τὸν

859 1301 1062 1372 τρόπον
1091 1303 1190 1372 τῆς
1225 1307 1609 1370 καταστάσεως
1635 1307 1942 1378 Πορφυρίου
1972 1309 2064 1361 τοῦ
2107 1309 2441 1379 Ἀντιοχέων,

861 1386 893 1451 ἢ
940 1386 1064 1448 τοὺς
1109 1390 1576 1458 καταστήσαντας,
1621 1391 1652 1460 ἢ
1697 1393 1788 1443 τὸν
1827 1391 1992 1444 πάλαι
2032 1391 2126 1444 τοῦ
2157 1391 2442 1462 ἀνθρώπου

862 1467 996 1534 βίον,
1028 1468 1076 1519 εἱ
1107 1467 1318 1539 ἄσημος
1350 1471 1383 1540 ἢ
1419 1471 1707 1542 ἐπίσημος,
1744 1473 1812 1526 τά
1849 1490 1906 1525 τε
1942 1473 2212 1543 δόγματα,
2242 1477 2288 1526 εί
2312 1473 2445 1543 ἀλη-

861 1546 926 1616 θῆ
977 1547 1009 1617 ἢ
1051 1548 1246 1620 ψευδῆ,
1291 1552 1622 1620 ἀπάγγειλον
1653 1556 1802 1623 ἡμῖν·
1845 1555 2034 1626 ἐπειδὴ
2075 1555 2310 1625 μάλιστα
2350 1556 2445 1608 καὶ

859 1629 1178 1700 γεγράφηκε
1207 1635 1274 1703 τῇ
1313 1633 1608 1706 Ἐκκλησία
1643 1636 1947 1706 Ῥωμαίων,
1977 1639 2072 1691 καὶ
2096 1637 2444 1708 ἀντιγράφων

859 1711 960 1764 οὑκ
1009 1712 1234 1784 ἠξιώθη.
1290 1715 1348 1768 '0
1399 1717 1643 1770 ’EHIZK.
1686 1719 1743 1770 Ὀ
1784 1719 2114 1781 αὑτὸςὲσται
2162 1736 2252 1789 μοι
2289 1719 2443 1787 λόγος

859 1795 959 1864 τῆς
990 1795 1263 1866 ἀληθείας·
1300 1799 1359 1850 οὑ
1385 1799 1493 1870 γὰρ
1525 1799 1852 1871 ἐπιλήσομαι
1899 1803 1997 1871 τῆς
2047 1798 2138 1854 τοῦ
2169 1802 2442 1856 Δεσπότου

861 1877 1045 1946 φωνῆς
1090 1881 1187 1950 τῆς
1238 1880 1523 1954 λεγούσης*
1565 1885 1703 1952 Περὶ
1754 1884 1978 1949 παντὸς
2023 1885 2208 1952 λόγου
2255 1885 2443 1954 ἀργοῦ

857 1956 1124 2015 δώσουσι
1163 1965 1350 2032 λόγον
1384 1968 1436 2019 οὶ
1470 1965 1766 2034 ἄνθρωποι
1811 1967 1880 2018 ἐν
1929 1966 2118 2034 ἡμέρᾳ
2167 1968 2441 2034 κρίσεως.

872 2040 1014 2110 Ἐγὼ
1059 2042 1116 2096 δὲ
1170 2046 1509 2115 προσπλέξας
1552 2046 1839 2118 τολμηρῶς
1901 2049 2106 2118 εἴποιμι
2180 2050 2274 2102 καὶ
2315 2051 2444 2120 περὶ

858 2123 1042 2196 πάσης
1089 2127 1265 2197 ἀργῆς
1308 2129 1496 2199 ἀκοῆς.
1536 2131 1630 2194 Ὣς
1667 2129 1796 2198 γοῦν
1830 2131 1925 2183 καὶ
1961 2130 2182 2184 σεαυτὸν
2216 2131 2443 2200 άσφάλι-

859 2223 970 2271 σαι,
1004 2207 1058 2260 εί
1095 2226 1149 2262 τι
1201 2211 1264 2264 οὑ
1322 2213 1554 2283 συνορᾷς
1601 2230 1669 2282 με
1719 2213 2025 2283 ἀληθεύειν,
2064 2213 2138 2284 μὴ
2178 2217 2241 2284 τῇ
2283 2215 2443 2285 πολιᾷ

861 2307 965 2357 μου
996 2290 1326 2362 ἡττώμενος,
1367 2295 1502 2347 ἀλλὰ
1535 2298 1598 2364 τῇ
1640 2295 1748 2350 τῶν
1791 2297 2137 2367 πραγμάτων
2166 2298 2346 2366 φύσει.
2378 2299 2442 2351 Τί

856 2373 966 2444 γάρ
991 2392 1080 2444 μοι
1117 2376 1183 2428 ἐκ
1211 2377 1318 2429 τῶν
1342 2378 1603 2448 σήμερον,
1631 2378 1665 2450 ἢ
1699 2380 1763 2432 ἐκ
1796 2380 1906 2432 τῶν
1937 2381 2064 2450 χθὲς
2111 2381 2438 2450 εἰρημένων,

856 2457 1046 2525 ὄφελος
1078 2457 1431 2531 ψευσαμένῳ,
1466 2463 1545 2524 εἰς
1569 2463 1742 2516 αἰῶνα
1776 2463 2008 2516 ἐνώπιον
2046 2464 2145 2535 τῆς
2176 2463 2439 2535 ἀκριϐοῦς

855 2538 1012 2611 δίκης
1051 2545 1562 2614 καταισχυνομένῳ;
1606 2545 1722 2610 πῶς
1753 2546 1811 2598 δὲ
1837 2546 2046 2599 ὑποίσω
2085 2546 2176 2599 τὸν
2215 2547 2437 2617 μυλικὸν

853 2619 1000 2674 λίθον
1039 2624 1138 2693 τῆς
1185 2625 1513 2690 καταλαλιάς
1555 2629 1612 2680 ἐν
1643 2627 1720 2698 τῷ
1749 2629 2004 2698 τραχήλῳ
2042 2629 2142 2699 τῆς
2174 2629 2430 2692 διανοίας,

854 2705 936 2766 είς
978 2703 1071 2758 τὸν
1120 2704 1281 2775 βυθὸν
1317 2708 1416 2778 τῆς
1457 2708 1681 2780 γεέννης
1723 2709 2175 2780 κατασπώμενος,
2213 2711 2304 2762 ἐπὶ
2327 2715 2440 2775 τοῖς

852 2784 942 2838 διά
987 2787 1096 2840 τῶν
1167 2788 1497 2861 ψευσμάτων
1559 2809 1661 2861 μου
1741 2791 2248 2858 σκανδαλισθεῖσιν;
2292 2795 2435 2864 Πορ-

856 2868 1052 2940 φύριος
1107 2864 1263 2936 οὑτος
1319 2875 1376 2926 ὲν
1430 2874 1526 2944 μὲν
1562 2877 1627 2944 τῇ
1681 2873 1978 2945 Ἐκκλησία
2032 2876 2298 2946 ἐχρόνισε,
2345 2877 2440 2929 καὶ

854 2950 1182 3024 διακονήσας
1241 2955 1334 3007 καὶ
1393 2955 1714 3026 ἱερατεύσας
1771 2958 1830 3009 ἐν
1901 2956 1978 3026 τῷ
2038 2956 2437 3028 πρεσϐυτερίῳ,

855 3035 965 3086 τῶν
1032 3035 1215 3105 μέντοι
1263 3037 1470 3108 χρόνων
1525 3038 1806 3110 ἀλλότριον
1847 3037 1910 3091 τὸ
1949 3035 2080 3109 ἦθος
2116 3039 2318 3110 φέρων,
2361 3042 2440 3103 είς

854 3117 1010 3172 οὐδὲν
1033 3120 1402 3190 πνευματικὸν
1440 3120 1808 3191 ὲχρησίμευσέ
1844 3137 1975 3173 ποτε
2017 3124 2082 3192 τῇ
2125 3121 2435 3191 Ἐκκλησίαο

851 3201 967 3262 τοῖς
1018 3200 1077 3255 δὲ
1124 3202 1471 3273 περιχωρίοις
1517 3215 1542 3243 α
1577 3202 1684 3256 τῶν
1724 3201 1967 3256 εὑλαϐῶν
2011 3203 2323 3255 ἐπισκόπων
2353 3203 2440 3256 ἀεὶ

854 3284 1258 3356 ἀντιπράττων,
1287 3284 1362 3348 ὡς
1387 3285 1482 3338 ἅτε
1517 3285 1780 3355 μεγίστης
1815 3284 1890 3337 ῶν
1915 3285 2142 3348 πόλεως,
2173 3285 2265 3338 καὶ
2300 3285 2438 3356 ἔχων

852 3367 978 3430 τοὺς
998 3368 1266 3438 ἄρχοντας
1290 3369 1378 3420 ἐπ’
1409 3367 1676 3432 ἐξουσίας,
1716 3369 1777 3422 τὸ
1807 3370 2040 3440 πρᾶγμα
2076 3369 2434 3440 ἐκαπήλευεν*

851 3449 1219 3504 ἐπιϐουλεύων
1250 3451 1306 3503 δὲ
1349 3453 1468 3514 ταῖς
1512 3455 1734 3520 σεμναῖς
1760 3452 2138 3522 χειροτονίαις,
2170 3453 2438 3523 ὑπεισήρ-

850 3547 980 3601 χετο
1005 3535 1071 3604 τῇ
1103 3534 1212 3586 τῶν
1235 3533 1453 3604 τρόπων
1480 3533 1746 3604 δεινότητι
1775 3536 1901 3596 τοὺς
1925 3534 2066 3587 κατά
2098 3534 2287 3604 καιρὸν
2317 3536 2434 3586 ἐπι-

855 3614 1111 3678 σκόπους,
1139 3616 1214 3678 ώς
1240 3615 1305 3668 ἂν
1340 3616 1483 3668 εἴποι
1508 3633 1613 3680 τις,
1637 3616 1730 3668 καὶ
1755 3615 1987 3681 ἄκοντας
2015 3617 2310 3670 κατασπῶν
2347 3618 2438 3670 ἐπὶ

850 3697 950 3761 τὰς
994 3698 1402 3769 άνεμοφθόρους
1448 3700 1598 3768 ἄγων
1638 3699 1988 3770 χειροτονίαςο
2034 3701 2218 3753 Αεινδν
2262 3701 2366 3771 γὰρ
2402 3705 2434 3773 ἡ

851 3781 1130 3845 κολακεία,
1162 3781 1302 3835 κατὰ
1338 3783 1431 3835 τὸν
1472 3782 1717 3852 κωμικὸν
1762 3781 2092 3853 Μένανδρον,
2130 3782 2269 3852 μετά
2312 3784 2436 3836 δυσ-

849 3861 1080 3934 τροπίας
1115 3864 1593 3934 συγκεκλωσμένη,
1641 3864 1821 3928 καθὼς
1850 3863 1996 3931 λέγει
2023 3865 2051 3904 δ
2070 3877 2088 3896 ⁸
2133 3866 2431 3930 Χαλεπὸν,

851 3947 1157 4014 Παμφίλη,
1171 3946 1452 4015 ἐλευθέρᾳ
1466 3948 1699 4015 γυναικί
1716 3948 1866 4014 πρὸς
1878 3948 2111 4014 πόρνην
2116 3947 2409 4015 μάχεσθαι
2419 3967 2432 3979 ·

855 4029 1074 4082 πλείονα
1110 4023 1238 4092 οἶδε,
1267 4029 1489 4083 πλείονα
1523 4031 1836 4098 κακουργεῖο
1869 4027 2182 4098 αἰσχύνεται
2224 4030 2434 4096 οὐδένα,

851 4111 1137 4164 κολακεύει
1208 4112 1429 4181 μᾶλλον·
1487 4111 1628 4165 κατά
1694 4111 1750 4164 δὲ
1785 4111 1878 4163 τὸν
1914 4111 2076 4180 σοφὸν
2123 4111 2432 4183 Σολομῶνα,

851 4194 1028 4262 Λόγοι
1059 4193 1373 4260 κερκώπων
1387 4195 1670 4263 μαλακοί·
1697 4193 1866 4247 αὐτοὶ
1895 4192 1963 4246 δὲ
1987 4195 2323 4247 τύπτουσιν
2347 4197 2435 4260 εὶς

853 4275 1079 4344 ταμιεῖα
1106 4279 1358 4342 κοιλίας.
1389 4277 1748 4348 Σωφροσύνης
1784 4277 1882 4347 μὲν
1903 4278 2013 4347 γάρ
2043 4279 2142 4347 τῆς
2164 4277 2306 4331 κατά
2338 4279 2434 4342 τὰς

853 4356 1122 4428 σαρκικὰς
1169 4359 1362 4428 ἡδονὰς
1403 4359 1464 4410 οὑ
1500 4359 1659 4428 μόνον
1710 4358 1878 4423 ξένος,
1915 4359 2054 4410 ἀλλά
2093 4359 2188 4411 καὶ
2218 4359 2429 4431 ἐχθρὸς,

854 4439 1107 4512 καθάπερ
1128 4441 1240 4510 γὺψ
1268 4440 1462 4512 μύρου,
1504 4441 1860 4511 καθέστηκεν,
1896 4441 1972 4505 ώς
2008 4444 2227 4512 κρατεῖν
2269 4443 2432 4496 αὑτοῦ

854 4525 1042 4594 φήμην
1096 4525 1192 4577 καὶ
1234 4527 1333 4593 τῆς
1371 4524 1513 4578 κατά
1563 4524 1768 4595 Σῦδομα
1813 4525 2174 4595 κακομανίας.
2232 4526 2432 4594 Νόμων

853 4606 962 4676 γάρ
1002 4608 1097 4660 καὶ
1129 4607 1340 4676 μέτρων
1373 4609 1465 4661 καὶ
1485 4607 1680 4676 τειχῶν
1712 4607 1981 4676 κειμένων
2011 4608 2162 4678 παρὰ
2200 4607 2297 4677 τῆς
2330 4607 2431 4676 φύ-

855 4707 994 4751 σεως
1027 4691 1118 4743 ἐπὶ
1147 4693 1265 4752 ταῖς
1294 4691 1524 4760 ἡδοναῖς,
1553 4689 1628 4752 ῶς
1657 4707 1826 4757 φασιν
1860 4691 1910 4743 οἱ
1943 4691 2146 4754 πολλοὶ,
2183 4692 2431 4760 πατήσας

858 4773 956 4842 μὲν
985 4773 1046 4826 τὸ
1067 4775 1262 4843 τεῖχος,
1290 4773 1583 4843 συντρίψας
1611 4773 1668 4825 δὲ
1704 4773 1766 4824 τὸ
1798 4773 2013 4843 μέτρον,
2058 4772 2345 4842 ἐνυϐρίσας
2373 4772 2430 4824 δὲ

853 4860 943 4908 τὸν
972 4857 1156 4927 νόμον,
1184 4856 1386 4927 ταύτην
1418 4855 1697 4926 ἀπεκύησε
1720 4855 1818 4925 τὴν
1853 4854 2140 4924 ὑπόληψιν,
2163 4854 2270 4906 τῶν
2303 4855 2432 4923 γοή-

856 4957 962 4992 των
995 4941 1090 4992 καὶ
1117 4941 1344 5010 ἡνιόχων
1372 4941 1465 4993 καὶ
1497 4939 1604 4992 τῶν
1643 4937 1714 4991 τά
1743 4938 1946 4990 παλαιὰ
1971 4937 2037 4990 δι’
2067 4938 2206 5006 ἀσχή
2216 4953 2314 5006 μου
2342 4953 2432 4988 κι-

856 5021 1064 5091 νήσεως
1090 5024 1204 5090 μετ’
1225 5023 1529 5092 ἐκστροφῆς
1557 5022 1781 5084 σκέλους
1809 5020 2162 5074 δεικνυόντων
2185 5020 2434 5090 προϊστα-

859 5104 981 5156 σθαι
1025 5105 1119 5158 καὶ
1155 5105 1556 5158 συνεστιᾶσθαι.
1594 5105 1756 5174 Γόησι
1790 5105 1888 5173 μὲν
1929 5103 2037 5173 γὰρ
2073 5101 2432 5171 συναγωνίζε-

876 5199 981 5238 .··ξαι
1015 5187 1108 5240 καὶ
1136 5186 1366 5258 φιλικῶς
1394 5185 1690 5256 συμϐαλεῖν
1719 5187 1778 5238 οὑ
1813 5186 2098 5258 διετράπη,
2133 5184 2208 5248 ὡς
2237 5186 2330 5239 καὶ
2372 5186 2430 5239 ἐν

858 5277 873 5319 ι’
900 5272 1214 5340 ,τομνήμασι
1241 5271 1512 5339 διαφόρων
1541 5269 1817 5342 ἀρχόντων
1855 5269 2190 5340 ὲμφέρεσθαι
2227 5268 2427 5337 ἐγκλή-

861 5370 1026 5422 ματα,
1078 5353 1178 5405 οὑκ
1232 5353 1616 5420 ἀνεγνωκόταο
1652 5353 1711 5406 τὸ
1768 5352 2062 5421 γνωμικὸν·
2121 5353 2189 5402 Ἀ
2233 5352 2306 5419 μὴ
2354 5349 2432 5401 δεῖ

858 5439 1048 5502 ποιεῖν,
1079 5435 1200 5507 μηδ’
1231 5435 1457 5488 ὑπονοοῦ
1496 5439 1685 5490 ποιεῖν.
1724 5437 1752 5475 (ι
1778 5436 1855 5488 Δι’
1891 5435 1949 5487 ὃν
1992 5434 2085 5488 καὶ
2122 5435 2151 5486 ό
2207 5433 2431 5504 μεσίτης

861 5517 1092 5589 πληγαῖς
1137 5516 1375 5592 ἀνῃρέθη
1425 5517 1523 5571 καὶ
1564 5522 1596 5571 ό
1624 5519 1812 5585 εὑρὼν
1850 5518 2215 5585 εέξωρίσθη,
2259 5515 2356 5570 καί
2399 5519 2432 5571 ό

859 5602 1006 5673 γόης
1036 5602 1433 5672 ἐφυγαδεύθη.
1462 5601 1598 5654 Φασὶ
1625 5600 1682 5654 δὲ
1712 5601 1845 5671 πρὸς
1883 5604 2002 5664 ταῖς
2032 5600 2431 5669 προλαϐούσαις

920 5707 948 5734 ⁸
973 5706 1292 5768 Περιχῳρίοις.
1320 5705 1444 5755 Nola
1466 5706 1665 5756 formam
1692 5705 2054 5768 lexicographis
2084 5706 2316 5766 ignotam,
2337 5704 2433 5755 nisi

857 5765 1098 5830 ωεηςιυιη
1112 5765 1178 5830 ὲὶί
1197 5780 1284 5830 prp
1307 5768 1598 5830 περιχώροις.

917 5829 946 5867 b
976 5825 1225 5876 Menandﬁ
1249 5825 1532 5890 frggrhg'in'c.
1557 5829 1634 5887 56,
1661 5843 1706 5890 p.
1728 5829 1807 5884 60.
1837 5829 1915 5876 ed.
1945 5827 2024 5876 Fr.
2051 5825 2321 5887 Duebneri,
2348 5828 2431 5877 ubi

925 6007 952 6049 ει
983 6007 1094 6072 Hal-fc
1112 6012 1160 6057 in
1181 6010 1287 6058 cod.
1308 6011 1380 6058 sic
1403 6007 1734 6072 habemur-ii:
1758 6011 1842 6058 Ed.
1871 6012 2079 6060 deerant
2099 6024 2209 6072 qua;
2227 6025 2317 6061 nos
2337 6011 2429 6058 ita-

864 6074 962 6156 ηερ
972 6069 1740 6195 ἓηὴιῇἷέεξξᾶῗξςτίρείωυε,υιροιρ
1751 6071 1810 6121 ab
1822 6071 1914 6121 hoc
1926 6075 2032 6122 loco
2043 6069 2239 6133 prdrsus
2249 6075 2426 6122 aliena.

1144 6167 1161 6180 ι
1227 6157 1239 6176 Ι
1285 6170 1293 6180 .

1144 6157 1161 6180 ἱ
1170 6157 1181 6178 ι
1187 6157 1293 6180 νιυν.

2545 733 2965 804 κακοπραγίαις,
3021 732 3158 802 μετά
3212 736 3309 806 τήν
3349 730 3679 804 χειροτονίαν
3743 733 3811 784 τά
3862 741 4116 810 κειμήλια

2541 816 2822 882 χωνεύσας
2869 817 2980 876 τοῖς
3033 813 3263 884 ἄρχουσι
3321 813 3794 888 προσαναλίσκειν,
3857 817 3943 869 ἴνα
3994 822 4121 894 δόξῃ

2544 901 2765 968 κρατεῖν
2799 898 2859 950 οὑ
2897 896 3060 966 λόγῳ,
3101 897 3235 952 ἀλλά
3273 898 3563 972 τυραννίδι,
3598 896 3706 949 τῶν
3747 895 3945 960 ἀθλίως
3977 905 4121 973 αὑτῷ

2542 982 2988 1051 παραπεσόντων.
3021 980 3100 1050 Τῇ
3127 979 3235 1052 γάρ
3279 982 3525 1036 Ἰωάννου
3568 980 3752 1050 ἐξορίᾳ
3795 982 3862 1048 τῇ
3909 983 3988 1044 εἰς
4024 986 4123 1054 τήν

2555 1061 2855 1133 Ἀρμενίων
2909 1061 3260 1132 συνήκμασεν
3313 1067 3341 1117 ό
3389 1064 3615 1123 θάνατος
3670 1061 3990 1125 Φλαϐιανοῦ,
4026 1069 4122 1119 τοῦ

2555 1143 2871 1215 Ἀντιοχέων
2897 1144 3220 1200 ἐπισκόπου.
3252 1147 3592 1214 Θεασάμενος
3627 1145 3655 1196 ό
3684 1143 3991 1215 Πορφύριος
4021 1148 4123 1218 τήν

2543 1242 2600 1279 τε
2638 1228 2956 1295 ἀνδρωνῖτιν
2987 1227 3081 1278 καὶ
3106 1227 3204 1299 τὴν
3230 1228 3604 1297 γυναικωνῖτιν
3653 1225 3804 1295 πόθῳ
3841 1229 4121 1298 ἐκκρεμα-

2546 1309 2712 1379 μένην
2744 1309 2821 1378 τῷ
2859 1308 3115 1379 τραχήλῳ
3165 1307 3544 1363 Κωνσταντίου
3605 1307 3699 1359 τοῦ
3747 1311 4121 1381 πρεσϐυτέρου

2543 1391 2636 1442 τοῦ
2678 1392 2736 1455 ἐξ
2768 1389 2992 1443 ἁπαλῶν
3024 1390 3231 1460 ὀνύχων
3271 1389 3652 1452 δουλεύσαντος
3693 1394 3757 1462 τῇ
3803 1393 4119 1465 Ἐκκλησία,

2543 1473 2753 1543 ἀνδρὸς,
2777 1471 2850 1531 ὡς
2875 1470 3124 1538 λέγουσιν
3150 1473 3199 1525 οἱ
3234 1472 3450 1544 Κριταὶ,
3475 1472 3996 1542 ἁιιέροτεροδεξιόυ·
4026 1479 4122 1530 καὶ

2544 1556 2576 1623 ἡ
2612 1552 2936 1623 νομιζομένη
2969 1553 3077 1623 γάρ
3105 1555 3271 1608 αὑτοῦ
3300 1553 3563 1624 ἀριστερά
3597 1555 3696 1624 τῆς
3724 1555 3899 1609 ἄλλων
3941 1558 4122 1622 δεξιᾶς

2544 1636 2781 1706 ἀμείνων
2824 1634 3089 1704 ὑπῆρχεν·
3144 1637 3203 1699 ὃς
3244 1637 3311 1689 τά
3343 1636 3438 1704 μὲν
3479 1634 3672 1704 πρῶτα
3713 1637 3770 1687 ἐν
3809 1639 4120 1704 ἐπιστολαῖς

2546 1718 2914 1786 ὑπηρετήσας,
2953 1718 3240 1788 ἄμεμπτος
3269 1718 3376 1772 ἀπὸ
3399 1718 3622 1788 κέρδους
3652 1719 3882 1789 αἰσχροῦ
3907 1725 4000 1772 καὶ
4019 1723 4121 1775 δώ-

2545 1817 2650 1871 ρων
2681 1799 2896 1870 εὑρέθη·
2938 1801 3231 1869 μετέπειτα
3273 1801 3328 1853 δὲ
3369 1802 3461 1854 ἐπὶ
3503 1801 3592 1852 τὸν
3631 1801 3986 1872 ἀναγνώστην
4027 1808 4122 1859 καὶ

2542 1882 2782 1934 διάκονον
2814 1881 3045 1949 φθάσας,
3074 1883 3296 1946 άκόπως
3321 1884 3592 1955 ἐκράτησε
3619 1887 3716 1954 τῆς
3738 1886 3793 1935 ὲν
3815 1884 4122 1955 ἀνθρώποις

2543 1964 2930 2035 βασιλευούσης
2960 1965 3066 2019 τῶν
3090 1967 3361 2035 γυναικῶν
3386 1967 3600 2036 ἡδονῆς,
3634 1966 3708 2030 ὼς
3739 1966 3886 2034 λέγει
3917 1970 3946 2020 ό
3973 1970 4120 2038 Παρ-

2539 2049 2843 2117 οιμιαστής·
2878 2050 3014 2116 Χείρ
3057 2049 3359 2104 ἐκλεκτῶν
3400 2051 3682 2117 κρατήσει
3725 2051 4002 2120 εὐχερῶς.
4047 2055 4122 2106 Τὸ

2543 2131 2639 2199 μὲν
2675 2129 2784 2201 γάρ
2834 2135 3056 2201 κρατεῖν
3089 2133 3238 2184 ἐστὶν
3273 2134 3402 2196 ἴσως
3441 2133 3535 2185 καὶ
3578 2133 3686 2185 τῶν
3730 2135 3821 2186 ἐπὶ
3869 2135 4120 2188 πλεῖστον

2540 2212 2780 2280 φαύλων,
2816 2215 2849 2283 ἢ
2902 2214 3052 2283 φόϐῳ
3097 2213 3130 2282 ἡ
3171 2213 3400 2283 αἰσχύνῃ
3431 2213 3530 2283 τὴν
3554 2213 3641 2266 διὰ
3672 2215 3921 2285 σώματος
3968 2218 4122 2284 ἐνέρο

2537 2311 2692 2362 γειαν
2735 2295 3050 2348 κωλυόντων
3098 2293 3234 2364 μετὰ
3276 2294 3475 2364 πολλῆς
3508 2296 3605 2364 τῆς
3633 2297 3898 2369 ἀνάγκηςο
3938 2298 4015 2368 τῷ
4061 2301 4119 2352 δὲ

2537 2377 2701 2448 ἔρωτι
2731 2379 2840 2430 τῶν
2872 2380 2984 2432 ἄνω
3022 2377 3093 2448 μὴ
3121 2377 3416 2447 ἡττηθῆναι
3449 2381 3560 2442 τοῖς
3593 2380 3762 2444 κάτω,
3811 2383 3967 2452 μόνον
4001 2384 4121 2435 ἐστὶ

2536 2460 2646 2512 τῶν
2673 2460 2954 2529 φιλοθέων,
2985 2460 3077 2522 οὓς
3100 2460 3193 2512 καὶ
3221 2460 3509 2524 ἐκλεκτοὺς
3534 2461 3816 2532 ὠνόμασεν
3844 2466 3878 2534 ἡ
3902 2466 4118 2535 Γραφὴ,

2538 2542 2618 2604 τὸ,
2665 2543 2803 2610 Χεὶρ
2855 2542 3151 2596 ἐκλεκτῶν
3203 2543 3488 2610 κρατήσει
3541 2545 3823 2614 εὐχερῶς,
3867 2547 4116 2601 εἰποῦσα.

2540 2625 2729 2696 Πραῧς
2780 2626 2878 2696 μὲν
2907 2625 3016 2695 γάρ
3048 2627 3215 2688 ἐστιν,
3263 2626 3310 2677 εί
3345 2626 3437 2678 καί
3476 2644 3559 2690 τις
3605 2627 3784 2690 ἄλλος,
3847 2631 4116 2698 ἀσκητὴς,

2538 2706 2868 2780 διορατικὸς,
2903 2709 3029 2773 όξὺς
3068 2707 3298 2762 συνιδεῖν
3321 2751 3336 2775 ,
3379 2709 3578 2780 βραδὺς
3600 2712 3680 2771 είς
3715 2711 3956 2775 κόλασιν,
3989 2712 4116 2764 σύν-

2539 2807 2680 2854 νους,
2717 2791 2776 2844 τὸ
2805 2790 3094 2844 σκεπτικὸν
3128 2791 3215 2843 όιελ⁸
3244 2791 3631 2862 αἰνιττόμενος,
3652 2792 3919 2862 ἐλεήμων,
3951 2794 4117 2861 ἀφιλ-

2539 2872 2800 2943 άργυρος,
2836 2873 3043 2936 δίκαιος
3073 2873 3155 2937 εἰς
3197 2873 3297 2936 τὰς
3365 2874 3574 2942 κρίσεις
3598 2913 3612 2937 ,
3652 2874 4005 2944 μακρόθυμος
4039 2877 4121 2937 εἰς

2537 2955 2634 3018 τάς
2674 2955 2881 3027 ὕϐρεις,
2917 2955 3132 3018 εῠτονος
3169 2957 3248 3019 είς
3286 2955 3348 3009 τὸ
3388 2960 3591 3021 πεῖσαι,
3619 2957 3952 3027 παρατείνας
3989 2959 4120 3010 πολ-

2537 3036 2692 3101 λάκις
2734 3039 2937 3110 νήστης
2969 3039 3075 3102 ἕως
3115 3038 3374 3109 ἑσπέρας.
3407 3039 3472 3090 ἵν’
3509 3037 3848 3108 ἐλευθερώσῃ
3878 3056 4119 3091 καταπο-

2537 3122 2848 3192 νουμένους,
2901 3122 3096 3191 σεμνὸς
3137 3121 3286 3185 ἰδεῖν,
3322 3121 3517 3191 δριμὺς
3544 3120 3604 3172 τὸ
3633 3120 3871 3190 βλέμμα.
3901 3120 4026 3184 ὀξὺς
4059 3123 4120 3173 τε)

2539 3204 2808 3276 βάδισμα,
2853 3206 3098 3274 ἄγαμος,
3136 3204 3211 3266 ώς
3243 3203 3420 3266 εἰκὸς,
3466 3202 3624 3265 ἄνθος
3671 3202 3907 3272 μειδιοῦν
3949 3203 3966 3240 τ
4014 3204 4114 3255 ἐπὶ

2540 3286 2834 3357 προσώπου
2866 3285 3052 3350 σώζων
3083 3285 3175 3338 καὶ
3205 3286 3263 3338 ὲν
3289 3285 3482 3346 αὑταῖς
3519 3287 3640 3347 ταῖς
3683 3284 3878 3346 νόσοις.
3912 3282 4118 3336 Τοῦτον

2538 3365 2631 3422 οὖν
2658 3369 2748 3422 τὸν
2778 3368 3018 3422 τοιοῦτον
3039 3367 3444 3439 παρασκευάζει
3472 3366 3562 3418 διὰ
3609 3367 3908 3437 χρημάτων
3939 3383 4119 3434 φυγα-

2538 3451 2789 3521 δευθῆναι
2820 3451 2898 3520 τῷ
2919 3451 3104 3521 τρόπῳ
3136 3449 3333 3516 τοιςτῳο
3383 3450 3733 3510 ’Λποστείλας
3755 3452 3833 3511 εἰς
3862 3449 3922 3500 τὸ
3949 3465 4116 3517 στρα-

2539 3534 2763 3586 τόπεδον
2788 3533 2926 3603 πρὸς
2959 3533 3083 3595 τοὺς
3116 3531 3453 3601 κρατοῦντας
3473 3531 3581 3583 τῶν
3603 3530 3937 3596 ἐπισκόπων,
3973 3533 4119 3583 ποιεῖ

2539 3615 2701 3668 αὑτὸν
2731 3615 2839 3668 ἀπὸ
2883 3615 3210 3685 γράμματος
3261 3612 3540 3682 βασιλικοῦ
3577 3615 3658 3675 είς
3711 3617 3901 3665 Ὄασιν
3938 3613 4114 3683 ἐξοριο

2541 3697 2732 3768 σθῆναι
2758 3698 2833 3761 ώς
2855 3698 3161 3766 ἀντιστάτην
3186 3696 3294 3748 τῶν
3320 3697 3525 3765 δήμιον.
3570 3697 3664 3756 ’ος
3694 3695 3921 3764 ἐξαυτῆς
3953 3697 4116 3763 γνοὺς

2537 3780 2862 3844 διασώζεται
2889 3779 3037 3850 παρά
3069 3779 3177 3831 τῶν
3215 3778 3386 3846 φίλων
3420 3778 3511 3829 ἐπί
3540 3775 3637 3847 τήν
3664 3776 3905 3847 Κύπρον.
3943 3776 4116 3840 Αὑτδς

2537 3863 2594 3916 δὲ
2633 3867 2661 3916 ὁ
2700 3862 3009 3933 Πορφύριος
3049 3861 3173 3922 τοὺς
3220 3859 3348 3927 περὶ
3383 3857 3660 3928 Κυριακόν
3695 3860 3790 3911 καὶ
3818 3859 4115 3926 Διόφαντον

2537 3947 2662 4008 τοὺς
2713 3943 3134 4016 πρεσϐυτέρους,
3189 3941 3280 3993 καὶ
3306 3940 3524 4003 λοιποὺς
3560 3941 3852 4010 κληρικους
3881 3941 3986 3994 ὑπὸ
4015 3942 4115 4012 τὴν

2539 4028 2691 4091 τάξιν
2720 4029 2954 4096 ποιήσας
2973 4067 2988 4090 ,
3036 4027 3286 4095 ἐπιτηρεῖ
3313 4024 3523 4094 καιρὸν,
3558 4025 3615 4076 ὲν
3643 4017 3687 4092 ᾧ
3717 4026 3864 4077 πᾶσα
3893 4026 3925 4094 ἡ
3960 4025 4115 4086 πόλις

2543 4111 2922 4181 μεθωρμίζετο
2953 4111 3011 4160 ὲν
3040 4111 3152 4170 τοῖς
3179 4110 3276 4177 τῆς
3307 4107 3512 4168 πόλεως
3543 4108 3922 4177 προαστείοις,
3971 4107 4113 4175 ἔχων

2537 4192 2664 4262 παρ’
2697 4190 2872 4260 ἑαυτῴ
2903 4192 3027 4253 τοὺς
3061 4192 3188 4258 περί
3225 4190 3479 4242 Ἀκάκιον
3506 4189 3599 4241 καὶ
3646 4188 3970 4258 Σευηριανὸν
4017 4188 4115 4240 καὶ

2548 4273 2815 4344 Ἀντίοχον
2832 4273 3263 4343 κεκρυμμένους,
3288 4273 3415 4342 μιᾶς
3447 4272 3554 4323 τῶν
3585 4273 3736 4338 παρὰ
3771 4273 3884 4331 τοῖς
3902 4270 4113 4320 ἔθνεσιν

2535 4357 2815 4426 ἐπισήμων
2841 4355 3040 4427 ἑορτῶν
3073 4355 3159 4408 διὰ
3190 4354 3507 4424 τετραετίας
3545 4351 3976 4420 ἐπιτελουμένων
4003 4351 4114 4427 τῶν

2544 4423 2876 4510 Ἡρακλείων
2901 4423 3120 4500 ἄθλων,
3167 4423 3478 4505 Ὀλυμπίων
3523 4433 3872 4502 καλουμένων
3893 4472 3907 4495 ,
3944 4433 4002 4484 ὲν
4038 4423 4110 4506 ᾗ,

2529 4521 2605 4584 ὡς
2637 4522 2830 4585 εἰπεῖν,
2869 4516 3259 4586 καὶγυναικῶν
3298 4517 3354 4568 αἱ
3383 4515 3614 4584 νομάδες
3644 4516 3743 4568 σὺν
3775 4518 3886 4577 τοῖς
3918 4517 4113 4585 δήμοις

2531 4602 2903 4671 ἐκριπίζονται
2930 4603 3023 4654 ἐπὶ
3053 4601 3150 4666 τὴν
3177 4597 3392 4667 Δάφνην
3420 4597 3512 4648 ἐπὶ
3539 4597 3638 4667 θέᾳ
3660 4596 3767 4649 τῶν
3784 4597 4115 4666 ἀγωνιζομέ-

2531 4703 2655 4740 νων.
2698 4683 3139 4751 Ἐπεισπηδήσας
3173 4682 3239 4749 τῇ
3313 4676 3581 4749 ἐκκλησίᾳ.
3613 4679 3750 4749 μετά
3778 4679 3885 4731 τῶν
3922 4696 4112 4750 προει-

2533 4766 2784 4836 ρημένων
2819 4763 3137 4815 ἐπισκόπων
3173 4761 3267 4812 καὶ
3303 4759 3578 4831 κληρικῶν
3623 4761 3821 4829 ὀλίγων
3869 4777 4112 4831 χειροτο-

2532 4850 2704 4900 νεῖται
2730 4845 2926 4916 λάθρα,
2953 4843 3131 4916 θυρῶν
3159 4843 3584 4914 κεκλεισμένων,
3623 4843 3763 4914 μετά
3788 4843 3984 4911 πολλῆς
4012 4842 4112 4910 τῆς

2534 4929 2790 4998 σπουδῆς,
2821 4929 2898 4991 ὡς
2934 4926 3068 4998 μηδὲ
3110 4928 3208 4998 τὴν
3244 4927 3412 4998 εὐχὴν
3443 4927 3642 4990 αὑτοὺς
3691 4928 3893 4996 φθάσαι
3925 4927 4112 4976 ἐπιτε-

2531 5010 2720 5073 λέσαι,
2777 5010 2925 5080 φόϐῳ
2973 5008 3066 5062 τοῦ
3110 5008 3546 5080 καταληφθῆναι.
3609 5009 3866 5062 Τοιοῦτον
3919 5006 4028 5076 γάρ
4073 5007 4108 5076 ἡ

2533 5094 2768 5164 μοιχεία,
2811 5095 2879 5146 τά
2919 5092 3117 5162 σπόρια
3163 5093 3258 5144 καὶ
3293 5091 3539 5159 γεννῶσα
3583 5093 3675 5144 καί¹
3713 5091 3912 5160 δρῶσα.
3952 5088 4016 5141 Οἱ
4052 5087 4113 5140 δὲ

2530 5178 2659 5247 περί
2686 5175 3012 5247 Σευηριανὸν
3044 5174 3302 5235 λαϐόντες
3347 5174 3410 5226 τὸ
3462 5175 3664 5237 ἱκανὸν,
3701 5173 3768 5225 δι’
3797 5171 3966 5242 ὀρέων
4016 5170 4112 5223 καὶ

2529 5258 2752 5311 ἀνοδιῶν
2781 5259 3001 5326 ἔφυγον,
3025 5257 3115 5308 τὸν
3145 5255 3482 5326 ἀνθρώπινον
3510 5256 3893 5326 διαδράσαντες
3924 5251 4108 5320 φόϐον,

2529 5339 2606 5408 τῷ
2621 5341 2675 5392 δὲ
2694 5338 3207 5408 θείῳ,ὂνήγνόησαν,
3226 5339 3638 5410 περιπαρέντες.
3657 5336 3920 5396 Λυθέντος
3939 5332 3993 5385 δὲ
4013 5333 4109 5386 τοῦ

2531 5421 2823 5491 δημοτικοῦ
2843 5421 3070 5491 θεάτρου
3105 5421 3317 5475 καὶτῶν
3338 5423 3400 5492 δή
3411 5440 3524 5492 μων
3549 5418 3896 5472 εἰσελθόντων
3917 5418 3996 5479 είς
4011 5416 4111 5487 τήν

2531 5507 2705 5568 πόλιν,
2745 5503 2987 5572 ἠγγέλθη
3008 5504 3189 5566 αὑτοῖς
3212 5505 3270 5556 τὸ
3303 5505 3447 5558 κατά
3477 5503 3566 5556 τὸν
3594 5498 3902 5568 Πορφύριον
3938 5500 4110 5564 πάθος

2531 5590 2626 5642 καὶ
2646 5587 2706 5640 τὸ
2738 5587 2878 5639 κατὰ
2920 5586 3174 5640 Ἀκάκιον
3201 5587 3408 5658 δρᾶμα.
3440 5583 3982 5653 Διακαρτερήσαντες
4013 5581 4109 5640 οὖν

2531 5671 2632 5741 τὴν
2666 5669 2904 5739 έσπέραν
2923 5671 3138 5739 ἐκείνην
3171 5671 3264 5722 ἐπὶ
3289 5669 3386 5738 τὴν
3418 5667 3624 5735 αὑριον,
3659 5665 3733 5728 ὡς
3765 5667 3855 5718 ἐπὶ
3893 5669 4110 5737 μοιχεία

2533 5753 2861 5822 πληγέντες,
2900 5753 3283 5814 διαναστάντες
3322 5749 3682 5819 συνέρρευσαν
3727 5751 3926 5814 πάντες
3969 5753 4112 5821 μετὰ

2532 5836 2702 5908 πυρὸς
2724 5837 2816 5890 καὶ
2846 5836 3159 5907 φρυγάνων,
3181 5831 3535 5899 συναφανίσαι
3551 5833 3639 5885 τὸν
3665 5834 3972 5906 Πορφύριον
3994 5835 4109 5894 τοῖς

2531 5920 2820 5990 δωματίοις
2855 5919 3228 5990 βουληθέντες.
3274 5915 3331 5966 'U
3361 5914 3417 5966 δὲ
3445 5915 3752 5989 ΙΙορφύριος
3775 5920 3874 5970 οὑκ
3895 5915 4109 5984 ἀγνοῶν

2532 6003 2560 6056 ὃ
2601 6004 2896 6073 μεμίσηται
2920 6005 3097 6072 μῖσος,
3126 5997 3454 6068 καταλείψας
3481 6000 3571 6057 τὸν
3603 6001 3754 6070 Θεὸν,
3777 5996 4108 6066 καταφεύγει

2605 6128 2623 6170 ί
2647 6130 2727 6180 Sic
2749 6142 2835 6192 pro
2858 6130 3065 6184 μειδιῶν.
