4504 6720
421 571 486 621 εδ
1394 573 1479 626 ιηζ
1523 574 1674 630 ιιι-,ι
1708 575 1762 627 5.
1805 575 2080 630 ,ΙΟᾹΝΝΙδ
2120 577 2609 634 ιλιιιῖδυςιυλιι.
3595 587 3661 641 ῖέὸ

420 693 646 758 trariut,
691 711 794 750 non
836 697 1004 750 solum
1051 708 1152 745 non
1197 693 1499 760 paenitentia
1546 705 1850 753 moventur,
1899 691 1988 744 sed

418 781 591 835 adhuc
611 783 935 843 desiderant,
965 791 1019 834 ut
1049 781 1195 834 firma
1227 793 1279 836 et
1310 785 1592 839 immobilis
1620 782 1868 855 perduret
1896 797 1990 836 sua

420 873 750 940 improbitas.
804 874 900 938 Qui
946 873 1086 924 cnim
1135 889 1236 927 non
1285 874 1602 929 horruerunt
1651 873 1990 942 Evangelium

417 963 646 1016 scelesto
670 962 824 1029 capiti
859 962 1128 1027 imponere
1151 1005 1165 1028 ,
1195 965 1278 1018 cui
1307 967 1535 1019 immites
1563 964 1882 1018 muliercqu
1911 967 1990 1016 in-

417 1057 719 1115 sultavere;
750 1069 872 1104 num
904 1054 1021 1106 aliis
1048 1057 1555 1120 annumerabuntur,
1587 1070 1742 1123 quam
1773 1055 1859 1122 qui
1888 1056 1990 1123 spi-

418 1161 571 1197 neam
614 1159 864 1196 coronam
911 1145 1000 1199 Dei
1049 1147 1182 1201 Filio
1227 1146 1630 1218 imposuerunt?
1656 1145 1916 1199 Caeterum
1947 1147 1990 1200 si

419 1235 556 1289 nosti
604 1235 818 1287 modum
869 1237 1214 1292 ordinationis
1259 1238 1572 1308 Porphyrii,
1620 1237 1991 1290 Antiochensis

418 1323 675 1392 episcopi,
702 1333 793 1376 aut
818 1324 959 1393 ipsos
984 1329 1072 1397 qui
1099 1345 1217 1382 eum
1257 1329 1603 1388 ordinarunt,
1641 1335 1729 1378 aut
1757 1328 1989 1381 anticam

423 1413 654 1466 hominis
681 1415 860 1483 vitam,
894 1419 1170 1473 obscuram
1198 1435 1264 1472 an
1294 1419 1573 1486 insignem,
1596 1426 1649 1469 ct
1673 1416 1987 1483 doctrinam,

419 1517 598 1556 veram
628 1520 695 1558 an
725 1506 907 1561 falsam
934 1552 949 1574 ,
980 1511 1092 1579 ipse
1123 1510 1273 1562 nobis
1300 1508 1537 1561 edissere
1567 1525 1578 1558 :
1612 1509 1837 1562 maxime
1867 1510 1988 1572 quia

419 1594 486 1648 ad
514 1597 800 1652 Ecclesiam
844 1601 1133 1653 Romanam
1160 1597 1369 1666 scripsit
1393 1638 1407 1662 ,
1439 1607 1492 1650 et
1523 1613 1774 1667 responso
1802 1599 1989 1666 dignus

425 1689 634 1743 habitus
661 1706 764 1744 non
795 1691 908 1744 fuit.
941 1693 1111 1744 EPISC.
1147 1689 1342 1742 Eadem
1371 1689 1497 1740 mihi
1526 1703 1587 1741 ac
1620 1690 1762 1756 prius
1783 1690 1882 1741 erit
1911 1703 1994 1739 ra-

421 1779 496 1832 tio
524 1782 762 1835 veritatis
797 1802 808 1832 :
841 1799 943 1834 non
987 1781 1127 1834 enim
1157 1781 1439 1832 obliviscar
1468 1794 1650 1831 vocem
1679 1779 1884 1831 Domini
1909 1778 1993 1830 di-

419 1871 588 1925 ccntis
621 1891 632 1925 :
663 1873 737 1924 De
763 1873 899 1924 omni
924 1871 1066 1923 verbo
1092 1872 1245 1923 otioso
1270 1871 1478 1924 reddent
1503 1871 1747 1922 rationem
1769 1870 1994 1922 homines

420 1965 473 2015 in
517 1964 597 2016 die
627 1964 810 2032 judicii
842 1961 1068 2032 (Matth.
1099 1963 1184 2016 1‘2.
1235 1963 1303 2017 56
1326 1963 1365 2031 ).
1401 1963 1511 2032 Ego
1541 1973 1717 2016 autem
1745 1962 1996 2016 audacter

422 2055 693 2118 addidero,
719 2054 784 2106 Et
803 2053 870 2106 de
895 2053 1035 2106 omni
1062 2054 1231 2106 otioso
1258 2055 1457 2108 auditu.
1483 2055 1661 2122 Itaque
1690 2063 1745 2107 et
1770 2055 1992 2122 teipsum

425 2157 572 2199 tuere
598 2146 834 2208 cautius,
867 2160 935 2197 ne
965 2144 1009 2196 si
1037 2146 1161 2212 quid
1193 2161 1275 2197 me.
1306 2161 1408 2198 non
1438 2161 1561 2198 vere
1587 2147 1726 2214 loqui
1756 2144 1994 2197 animad-

424 2244 617 2297 vertas,
643 2250 745 2286 non
778 2235 925 2286 canis
950 2234 1083 2286 meis
1112 2233 1289 2295 cedas,
1319 2234 1408 2286 sed
1438 2235 1534 2302 ipsi
1561 2250 1736 2287 rerum
1765 2233 1992 2286 veritati.

425 2323 557 2386 Quid
584 2323 726 2374 enim
757 2322 886 2389 mihi
910 2336 976 2374 ex
1007 2322 1087 2384 iis,
1115 2338 1231 2390 qua:
1256 2321 1408 2376 hodie
1434 2333 1525 2376 aut
1553 2324 1664 2376 heri
1687 2322 1827 2377 dicta
1852 2330 1992 2386 sunt,

425 2410 660 2462 utilitatis
690 2409 943 2471 accedat,
977 2410 1020 2462 si
1049 2410 1305 2474 mentiar,
1335 2426 1452 2478 qua:
1485 2411 1534 2463 in
1568 2421 1877 2478 perpetuum
1903 2425 1998 2462 co-

425 2513 538 2550 ram
572 2509 760 2550 exacto
784 2497 982 2565 judicio
1009 2497 1305 2550 confusioni
1338 2499 1463 2551 tnihi
1493 2498 1706 2552 forent?
1735 2498 2000 2568 quomodo

425 2597 602 2640 autem
631 2586 796 2640 feram
831 2587 1083 2640 molarem
1108 2589 1450 2642 detractionis
1483 2589 1710 2656 lapidem
1733 2589 1785 2642 in
1805 2590 2000 2644 vertice

425 2674 640 2740 mentis,
666 2677 716 2728 in
741 2675 1054 2744 profundum
1073 2677 1329 2746 gehenna:
1357 2677 1645 2742 detractus,
1670 2689 1883 2749 propter
1908 2697 1998 2735 eos

423 2765 511 2832 qui
541 2780 567 2815 a
588 2765 878 2819 mendaciis
906 2767 1210 2820 scandalum
1232 2769 1368 2834 passi
1386 2779 1527 2822 sunt.
1553 2769 1874 2840 Porphyrius
1892 2771 2000 2840 qui-

424 2854 546 2906 dem
569 2854 666 2906 iste
683 2855 731 2906 in
752 2854 984 2908 Ecclesia
1002 2855 1089 2908 diu
1103 2866 1337 2909 versatus
1353 2868 1454 2922 est,
1467 2867 1522 2911 et
1539 2859 1743 2912 diaconi
1757 2869 1812 2912 et
1825 2874 1999 2913 sacer-

425 2943 566 2997 dotis
591 2944 798 2998 functus
817 2947 992 2999 oflicio
1017 2946 1069 3000 in
1100 2949 1444 3018 presbyterio,
1481 2950 1594 3004 istis
1618 2951 1830 3020 quidem
1862 2962 1994 3005 tem-

427 3036 644 3104 poribus
677 3036 879 3090 alienos
909 3051 1085 3091 mores
1123 3053 1314 3106 gerens
1339 3081 1354 3102 ,
1388 3041 1439 3092 in
1478 3041 1621 3094 nulla
1659 3057 1905 3109 umquam
1939 3058 1996 3096 re

427 3125 652 3192 spiritali
677 3126 924 3179 Ecclesia:
946 3126 1157 3194 profuit.
1181 3126 1442 3180 Caeterum
1468 3129 1651 3182 vicinis
1671 3139 1724 3183 et
1745 3131 2003 3200 religiosis

426 3217 692 3285 episcopis
721 3231 932 3285 semper
955 3216 1266 3282 adversans,
1294 3227 1476 3287 utpote
1505 3221 1592 3290 qui
1620 3231 1761 3276 esset
1782 3237 1811 3276 e
1838 3224 2004 3276 maxi-

429 3323 512 3360 ma
540 3307 780 3372 civitate,
813 3315 868 3361 et
891 3308 1231 3376 magistratus
1258 3307 1477 3363 haberet
1504 3310 1552 3362 in
1584 3321 1862 3380 potestate,
1889 3329 2001 3367 rem

429 3407 753 3464 cauponatus
774 3407 855 3451 est
878 3416 890 3448 :
912 3399 1108 3452 sanctis
1127 3400 1265 3454 enim
1287 3399 1709 3456 ordinationibus
1727 3404 2000 3471 insidians,

431 3504 640 3547 morum
667 3492 895 3543 versutia
921 3504 1038 3544 sese
1061 3501 1354 3559 Opportune
1382 3493 1678 3547 insinuabat
1705 3495 1756 3547 in
1781 3497 2004 3565 gratiam

430 3581 828 3648 episcoporum,
863 3581 1158 3649 invitosque
1185 3581 1202 3652 (
1229 3591 1286 3635 ut
1309 3583 1498 3637 dixerit
1527 3585 1641 3652 quis
1667 3584 1686 3655 )
1712 3586 2008 3641 attrahebat

431 3669 497 3720 ad
545 3670 685 3722 leves
725 3680 778 3722 et
818 3670 1001 3724 noxias
1039 3670 1414 3726 ordinationes.
1456 3673 1586 3725 Mala
1625 3675 1765 3728 enim
1807 3690 1892 3728 res
1925 3684 2006 3728 est

432 3761 663 3812 adulatio
686 3775 806 3814 cum
835 3761 1098 3828 perversis
1123 3763 1358 3816 moribus
1382 3778 1638 3825 connexa,
1664 3764 1810 3831 juxta
1833 3765 2002 3818 comi-

433 3868 554 3904 cum
578 3853 938 3919 Menandrum,
959 3855 1047 3921 qui
1073 3855 1145 3906 ait
1174 3871 1184 3905 :
1211 3852 1392 3920 Grave,
1416 3872 1444 3907 ο
1465 3855 1760 3923 Pamphila,
1781 3857 2008 3926 ingenua

435 3947 631 3998 mulieri
651 3963 763 3999 cum
779 3949 1032 4000 meretrice
1053 3958 1275 4002 certare:
1292 3950 1434 4017 plttra
1459 3951 1621 4015 novit,
1643 3953 1790 4020 plura
1811 3963 2002 4021 patrat,

436 4039 704 4091 erubescit
732 4039 1019 4100 neminem,
1051 4039 1394 4109 adulaturque
1421 4042 1592 4108 potius
1623 4058 1635 4093 :
1667 4052 1718 4096 et
1745 4052 1800 4095 ut
1825 4043 1898 4096 ait
1922 4058 2008 4097 sa-

438 4129 589 4195 piens
616 4127 887 4194 Salornon,
927 4128 1088 4182 Verba
1115 4131 1434 4185 adulatorum
1463 4134 1635 4186 mollia
1657 4150 1675 4196 ;
1706 4136 1890 4202 feriunt
1916 4152 2010 4188 au-

440 4229 537 4268 tent
565 4217 632 4269 ad
661 4220 840 4272 ventris
861 4236 1014 4286 usque
1039 4222 1310 4289 penetralia
1330 4223 1349 4292 (
1371 4222 1524 4276 Prov.
1565 4225 1654 4277 26.
1688 4225 1814 4295 2'2).
1849 4227 1887 4279 A
1920 4242 2011 4280 ca-

441 4310 685 4362 stimonia
715 4311 854 4364 enim
882 4319 934 4364 et
958 4312 1280 4366 continentia
1306 4314 1558 4367 adversus
1589 4317 1828 4370 carnales
1859 4318 2010 4370 volu-

446 4409 617 4466 ptates
645 4414 749 4451 non
779 4400 946 4453 solum
970 4400 1138 4463 abest,
1166 4402 1256 4455 sed
1279 4411 1331 4455 et
1357 4401 1524 4455 hostis
1548 4412 1649 4467 est,
1673 4405 1815 4458 velut
1841 4407 2016 4460 vultur

445 4490 696 4555 unguenti
724 4503 739 4540 :
766 4489 897 4543 adeo
921 4500 978 4542 ttt
1000 4490 1319 4544 Sodomitico
1338 4491 1543 4544 crimini
1566 4492 1850 4546 obnoxium
1877 4493 2012 4548 fama

448 4575 690 4642 vulgarit.
720 4575 850 4628 Cum
881 4577 1021 4629 enim
1050 4587 1104 4629 et
1134 4578 1275 4646 leges
1301 4587 1354 4632 et
1384 4594 1643 4632 mensura:
1671 4589 1726 4634 et
1755 4583 1890 4634 muri
1919 4598 2013 4636 vo-

445 4664 730 4732 luptatibus
760 4665 866 4717 sint
899 4680 926 4715 a
959 4676 1140 4716 natura
1168 4667 1434 4719 constituti
1461 4709 1473 4730 ,
1507 4677 1562 4721 ιιι
1596 4669 1751 4738 vulgo
1777 4671 1966 4724 dicitur
1998 4689 2012 4724 :

446 4755 753 4824 proculcato
772 4755 984 4823 quidem
1008 4770 1158 4807 muro
1187 4765 1238 4809 et
1262 4758 1524 4811 confracta
1555 4777 1800 4816 mensura
1826 4774 1877 4817 et
1904 4765 2017 4834 lege

447 4847 661 4911 violata,
693 4845 829 4899 hanc
859 4846 926 4900 de
954 4861 1010 4900 se
1036 4848 1388 4915 Stt5picionem
1421 4853 1634 4918 genuit,
1667 4857 2017 4924 praestigiato-

449 4936 596 4988 ribus
623 4944 674 4988 et
695 4935 888 5004 aurigis
913 4943 1070 5004 atque
1097 4935 1158 4988 iis
1174 4937 1260 5004 qui
1290 4937 1568 4993 inhonesm
1600 4954 1739 4996 mout
1763 4959 1882 4997 cum
1907 4945 2018 4999 dis-

453 5034 591 5078 torto
645 5041 798 5078 crure
849 5035 1057 5079 veteres
1103 5024 1306 5079 fabulas
1349 5028 1637 5094 exhibent,
1697 5048 1923 5101 pravesse
1968 5044 2021 5088 et

452 5116 740 5167 cmtvivari.
769 5116 1240 5183 Prmsligiatoribus
1267 5118 1404 5170 enim
1428 5118 1602 5174 favere
1624 5131 1676 5175 et
1704 5123 1870 5175 amice
1895 5139 2024 5176 con-

454 5206 602 5274 gredi
623 5220 725 5259 non
745 5206 973 5268 erubuit,
995 5205 1137 5257 itaut
1158 5205 1208 5258 itt
1231 5209 1360 5261 actis
1385 5209 1607 5276 plurium
1627 5212 2021 5280 magistratuum

455 5297 556 5349 hoc
595 5296 793 5349 crimen
833 5296 1162 5347 contineatur
1195 5315 1208 5348 :
1237 5299 1323 5364 qui
1356 5313 1459 5352 non
1505 5299 1702 5364 legerat
1733 5303 1863 5354 hanc
1891 5317 2018 5356 sen-

455 5387 710 5439 tentiam:
738 5386 866 5450 Quae
911 5383 1084 5438 facere
1125 5399 1227 5437 non
1264 5398 1496 5454 Oportet,
1531 5405 1590 5444 ea
1640 5390 1812 5444 facere
1857 5408 1921 5444 ne
1970 5393 2020 5446 in

457 5479 809 5545 suspicionem
855 5478 1053 5531 venias.
1083 5480 1100 5499 ⁹
1143 5477 1366 5544 Propter
1394 5497 1548 5548 quem
1585 5482 1741 5535 etiam
1769 5483 2023 5538 Mediator

460 5567 767 5623 verberibus
807 5579 1025 5622 necatus
1064 5575 1163 5622 est.
1197 5567 1262 5620 Et
1303 5570 1389 5635 qui
1433 5571 1665 5637 invenit,
1695 5575 1745 5627 in
1781 5575 2024 5630 exsilium

464 5655 648 5720 pulsus
667 5666 766 5720 est,
787 5658 1132 5726 pnestigiator
1152 5672 1275 5710 vero
1298 5657 1347 5710 in
1371 5657 1544 5726 fugam
1567 5671 1712 5716 actus
1735 5663 1849 5719 fuit.
1870 5667 2028 5720 Aiunt

464 5743 607 5796 illum
632 5755 822 5811 pra-ter
847 5749 1118 5814 superiora
1144 5747 1361 5810 scelera,
1385 5757 1505 5817 post
1529 5750 1909 5807 ordinationem
1939 5770 2025 5809 sa.

464 5847 552 5884 cra
592 5846 715 5884 vasa
753 5835 1012 5891 conﬂasse
1041 5846 1095 5891 et
1133 5837 1183 5890 iu
1229 5837 1560 5907 magistratus
1591 5840 1908 5908 impendisse
1933 5887 1947 5909 ,
1976 5856 2030 5898 ut

465 5924 732 5979 videretur
757 5941 860 5978 non
892 5930 1114 5995 ratione,
1143 5931 1234 5985 sed
1263 5931 1535 6002 tyranttide
1564 5932 1625 5985 iis
1655 5945 1904 6000 prmessc,
1938 5937 2028 6005 qui

2098 695 2371 749 infeliciter
2400 696 2450 748 in
2491 697 2652 763 ipsius
2685 705 2994 766 potestatem
3021 698 3360 750 devenerant.
3392 698 3517 751 Nam
3542 716 3661 753 cum

2096 786 2284 838 exsilio
2307 784 2521 837 Joannis
2545 787 2593 839 in
2619 788 2866 840 Armenia
2882 797 3220 841 concurrerat
3239 802 3381 839 mors
3405 785 3659 848 Flaviani,

2095 874 2468 928 Antiochensis
2497 878 2750 945 episcopi.
2781 876 2911 930 Cum
2941 877 3140 930 videret
3171 875 3492 945 Porphyrius
3522 877 3664 930 viroa

2095 975 2148 1018 et
2174 964 2398 1016 feminas
2424 965 2596 1018 studio
2618 967 2848 1036 pendere
2881 980 2910 1018 a
2938 966 3074 1019 collo
3112 975 3165 1018 et
3198 966 3491 1020 cervicibus
3520 965 3660 1020 Cort-

2095 1054 2272 1106 stantii
2299 1054 2609 1124 presbyteri,
2637 1057 2723 1123 qui
2752 1071 2779 1108 a
2813 1056 3007 1109 teneris
3028 1096 3040 1115 ,
3072 1061 3128 1106 ut
3155 1054 3296 1105 aiunt
3322 1095 3336 1115 ,
3366 1055 3664 1123 unguiculis

2096 1144 2348 1198 Ecclesiae
2386 1147 2680 1210 servierat,
2712 1146 2806 1198 viri
2833 1188 2847 1210 ,
2880 1157 2936 1200 ιιι
2964 1148 3013 1198 in
3047 1145 3182 1198 libro
3222 1143 3462 1198 Iudicum
3501 1145 3662 1197 tittibi-

2095 1234 2256 1287 dextri
2301 1233 2519 1301 (Judic.
2565 1235 2617 1287 '5.
2684 1235 2788 1302 15)
2844 1252 2855 1285 :
2903 1235 3094 1287 etenim
3140 1249 3258 1302 qua:
3301 1233 3415 1302 ejus
3455 1233 3664 1286 sinistra

2095 1325 2414 1395 putabatur,
2465 1324 2652 1378 dextra
2697 1325 2917 1378 aliorum
2964 1325 3134 1392 potior
3173 1334 3304 1376 erat.
3347 1324 3446 1390 Qui
3496 1324 3667 1392 primo

2095 1419 2326 1488 quidem,
2359 1433 2476 1470 cum
2507 1418 2573 1470 ah
2599 1419 2835 1486 epistolis
2863 1425 3040 1480 esset,
3075 1416 3274 1483 integer
3299 1430 3327 1467 a
3358 1417 3495 1483 turpi
3523 1417 3667 1467 lucro

2095 1523 2147 1565 ct
2173 1512 2326 1564 donis
2367 1511 2612 1564 inventus
2639 1519 2721 1564 est
2750 1528 2763 1562 :
2793 1519 2972 1577 postea
3000 1517 3175 1562 autem
3218 1506 3386 1560 factus
3415 1507 3580 1560 lector
3614 1515 3670 1559 ct

2096 1601 2348 1654 diaconus
2374 1641 2388 1663 ,
2419 1608 2723 1667 regnantem
2767 1599 2903 1652 inter
2940 1598 3179 1651 hcmines
3211 1596 3488 1650 mulierum
3519 1595 3669 1649 volu-

2102 1698 2299 1757 ptatem
2338 1689 2452 1742 sine
2497 1689 2674 1743 labore
2715 1688 3015 1758 superavit,
3060 1697 3113 1739 ut
3154 1688 3224 1738 ait
3262 1687 3667 1740 Provcrhiorutu

2099 1788 2284 1832 auctor
2319 1797 2330 1831 :
2365 1779 2652 1832 Electorum
2691 1795 2868 1831 manus
2911 1778 3061 1848 facile
3103 1777 3440 1828 dominabitur
3468 1777 3484 1841 (
3513 1776 3667 1828 Prov.

2102 1868 2188 1920 12.
2231 1867 2343 1934 ει)
2397 1868 2525 1920 Nam
2567 1870 2863 1936 voluptates
2903 1883 3155 1935 superare
3182 1909 3196 1930 ,
3235 1877 3285 1920 et
3325 1866 3398 1918 illi
3447 1865 3673 1920 fortasse

2100 1969 2351 2026 possunt,
2399 1957 2487 2024 qui
2531 1957 2813 2010 admodum
2852 1956 2976 2008 ntali
3014 1967 3162 2017 sunt,
3207 1967 3296 2009 aut
3334 1955 3544 2017 timore,
3583 1966 3674 2006 aut

2101 2051 2410 2105 verecundia
2445 2051 2687 2118 corporis
2721 2051 2982 2103 actionem
3023 2048 3331 2102 cohibentes
3361 2050 3520 2102 multa
3549 2063 3670 2101 cum

2099 2141 2347 2195 violentia
2401 2159 2412 2192 :
2463 2151 2516 2193 at
2559 2156 2687 2195 vero
2734 2141 3020 2195 caelestium
3065 2155 3247 2193 amore
3295 2141 3516 2192 terrenis
3568 2154 3670 2190 non

2100 2233 2322 2296 cedere,
2373 2232 2465 2285 Dei
2511 2233 2798 2284 amantium
2837 2233 3006 2285 solum
3054 2240 3163 2294 est,
3209 2245 3340 2298 quos
3386 2237 3440 2282 et
3479 2230 3674 2282 electos

2103 2324 2308 2375 vocavit
2334 2321 2631 2390 Scriptura,
2663 2324 2844 2376 dicens
2875 2343 2888 2375 :
2915 2323 3099 2375 Manus
3125 2324 3390 2374 electorum
3415 2321 3566 2389 facile
3586 2321 3677 2372 do-

2106 2409 2392 2462 minabitur.
2417 2410 2676 2464 Czeterum
2699 2412 2841 2464 mitis
2862 2410 3072 2478 quidem
3096 2410 3183 2463 ille
3203 2419 3301 2472 est,
3322 2411 3362 2462 si
3385 2410 3502 2478 quis
3520 2409 3674 2472 alius,

2104 2510 2278 2552 asceta
2298 2540 2311 2562 ,
2344 2501 2620 2569 perspicax
2643 2541 2658 2564 ,
2689 2515 2812 2554 acer
2841 2499 2904 2553 ad
2936 2499 3329 2569 intelligendum
3351 2539 3366 2562 ,
3399 2498 3577 2551 tardus
3610 2498 3677 2550 ad

2104 2592 2514 2659 correptionetu,
2536 2591 2941 2660 cogitabundus,
2969 2605 3181 2658 semper
3201 2589 3677 2644 considerationem

2105 2680 2348 2743 iunuens,
2381 2680 2685 2734 misericors
2704 2722 2718 2744 ,
2743 2681 2979 2750 pecunia:
3004 2681 3220 2733 minime
3246 2678 3487 2748 cupidus,
3517 2677 3565 2730 in
3590 2677 3680 2746 ju-

2103 2773 2253 2827 diciis
2271 2773 2462 2840 justus,
2479 2771 2795 2841 longanimis
2817 2772 2881 2825 ad
2904 2773 3144 2840 injurias,
3168 2770 3232 2823 ad
3252 2769 3677 2838 persuadendum

2103 2863 2420 2926 vehemens,
2455 2861 2664 2929 jejunus
2692 2876 2833 2929 saepe
2872 2862 3160 2930 persistens
3196 2874 3362 2927 usque
3401 2859 3464 2910 ad
3497 2873 3683 2926 vespe-

2107 2967 2241 3014 ram,
2267 2961 2326 3004 ut
2351 2950 2576 3004 afflictos
2600 2951 2868 3014 liberaret,
2895 2949 3144 3017 adSpeetu
3168 2949 3502 3012 venerabilis,
3528 2947 3683 3001 oculo

2105 3055 2343 3103 severus,
2362 3039 2516 3092 velox
2539 3041 2743 3093 incessu
2759 3080 2775 3104 ,
2801 3038 3011 3101 cadebs,
3032 3049 3085 3091 ut
3115 3053 3206 3107 par
3223 3046 3332 3101 est,
3350 3036 3680 3090 renidentem

2108 3131 2292 3186 florem
2326 3131 2377 3185 in
2403 3132 2551 3184 vultu
2591 3145 2913 3185 conservans
2953 3131 3004 3183 in
3043 3130 3171 3199 ipsis
3209 3144 3418 3198 quoque
3459 3127 3678 3181 morbis.

2109 3224 2258 3278 llunc
2287 3224 2445 3294 igitur
2480 3224 2637 3276 talem
2669 3224 2838 3277 virum
2883 3223 3118 3292 pecuniis
3165 3220 3266 3275 hoc
3312 3219 3469 3273 modo
3499 3219 3680 3288 fugare

2110 3314 2341 3366 molitur.
2372 3312 2510 3366 Misit
2532 3313 2597 3366 ad
2619 3312 2939 3366 Comitatum
2962 3320 3014 3366 et
3039 3310 3103 3364 ad
3132 3309 3456 3378 potentiores
3477 3311 3682 3377 cpisco-

2109 3419 2224 3472 pos,
2240 3414 2395 3472 atque
2408 3403 2546 3458 hunc
2561 3404 2726 3457 literis
2741 3403 3097 3472 lmperatoriis
3113 3401 3164 3455 in
3177 3400 3335 3456 Oasin
3358 3399 3579 3469 relegari
3591 3413 3686 3452 cu-

2109 3494 2376 3560 rat,veluti
2394 3493 2702 3563 populorum
2721 3493 3157 3562 perturbatorem.
3175 3491 3271 3557 Qui
3290 3491 3464 3546 statim
3480 3490 3565 3544 ubi
3585 3491 3687 3543 hoc

2112 3582 2343 3647 rescivit,
2368 3582 2657 3636 amicorum
2685 3582 2880 3635 auxilio
2910 3583 2960 3635 in
2986 3579 3214 3651 Cyprum
3244 3579 3391 3647 fugit.
3417 3577 3530 3646 Ipse
3555 3594 3681 3632 vero

2111 3673 2437 3742 Porphyrius
2476 3671 2749 3742 Cyriacum
2781 3681 2834 3726 et
2882 3672 3270 3742 Diophautum,
3321 3669 3682 3740 presbyteros,

2109 3762 2435 3831 clericosque
2464 3772 2687 3817 creteros
2707 3804 2721 3826 ,
2747 3763 2801 3816 in
2835 3763 3127 3818 custodiam
3157 3763 3372 3817 mittens
3395 3802 3408 3824 ,
3437 3761 3688 3815 observat

2113 3863 2321 3922 tempus
2342 3868 2448 3923 quo
2469 3855 2640 3908 omnis
2665 3855 2849 3908 civitas
2877 3853 2943 3908 ad
2969 3855 3267 3908 suburbana
3294 3853 3567 3915 transiret;
3592 3851 3689 3903 ha-

2113 3944 2247 3998 bens
2285 3943 2422 4012 apud
2460 3958 2517 3997 se
2558 3945 2805 3997 Acacium
2830 3984 2845 4007 ,
2885 3944 3228 3998 Severianum
3269 3951 3321 3996 et
3365 3940 3687 3995 Antiochum

2115 4036 2449 4091 absconditos
2468 4077 2483 4102 ,
2517 4036 2684 4104 prima
2711 4035 2795 4090 die
2825 4035 3120 4090 festivitatis
3144 4076 3156 4096 ,
3185 4033 3321 4102 apud
3352 4033 3572 4103 gentiles
3599 4047 3688 4085 ce-

2117 4129 2446 4190 leberrima),
2479 4127 2842 4197 Olympiorum
2885 4128 3086 4182 scilicet
3113 4125 3222 4191 (sic
3259 4126 3398 4180 enim
3438 4133 3692 4177 vocantur

2118 4220 2406 4275 certamina
2436 4236 2554 4289 qua:
2584 4220 2650 4274 ab
2698 4219 2919 4274 llercnle
2959 4220 3222 4282 instituta,
3255 4228 3442 4286 quarto
3479 4230 3692 4283 quoque

2119 4327 2260 4365 anno
2285 4309 2655 4379 celebrantur)
2691 4327 2702 4360 :
2739 4310 2791 4362 in
2818 4325 2918 4379 qua
2943 4351 2958 4373 ,
2990 4318 3046 4363 ut
3073 4309 3144 4363 ita
3173 4309 3343 4362 dicam
3370 4349 3383 4369 ,
3414 4307 3692 4360 mulierum

2119 4417 2326 4469 greges,
2359 4416 2460 4454 una
2487 4416 2607 4454 cum
2645 4402 2846 4469 p0pulis
2869 4441 2883 4464 ,
2915 4400 3270 4455 effervescunt
3306 4397 3373 4452 ad
3403 4397 3652 4465 Daphnen
3675 4437 3692 4460 ,

2121 4489 2186 4540 ad
2213 4488 2529 4556 spectandos
2563 4488 2788 4541 athletas
2823 4506 2834 4539 :
2867 4503 2985 4541 cum
3011 4491 3062 4541 in
3086 4488 3364 4542 ecclesiam
3398 4487 3692 4552 irrupisset,

2122 4580 2278 4632 simul
2303 4595 2422 4632 cum
2446 4582 2753 4633 memoratis
2773 4578 3036 4647 episcopis
3051 4589 3102 4632 et
3122 4579 3327 4631 clericis
3346 4575 3544 4645 paucis,
3561 4576 3696 4629 clam

2123 4669 2416 4734 ordinatur,
2449 4669 2640 4722 clausis
2662 4670 2857 4736 januis,
2888 4670 3049 4721 multa
3073 4684 3190 4721 cum
3225 4666 3590 4726 festinatione;
3625 4663 3695 4716 ita

2125 4769 2269 4813 utne
2297 4760 2650 4827 precationem
2679 4760 2890 4828 quidem
2919 4758 2983 4812 ad
3016 4759 3170 4812 finem
3205 4757 3562 4826 perduxerint,
3586 4768 3697 4806 me-

2125 4859 2333 4904 tuentes
2363 4866 2429 4904 ne
2467 4851 3004 4919 deprehenderentur.
3046 4850 3170 4902 Tale
3200 4850 3339 4901 enim
3380 4847 3697 4900 adulterium

2127 4949 2228 5005 est,
2261 4940 2434 5008 spuria
2464 4941 2626 5008 gignit
2654 4949 2706 4993 et
2744 4940 2882 4993 facit.
2918 4940 3083 4993 Porro
3108 4939 3425 4992 Severianus
3449 4946 3502 4990 et
3532 4937 3694 5000 socii,

2130 5042 2346 5099 accepto
2373 5033 2540 5101 pretio
2561 5071 2574 5093 ,
2604 5047 2698 5099 per
2724 5041 2933 5085 montes
2963 5041 3017 5086 et
3043 5032 3180 5084 invia
3208 5032 3318 5084 loca
3355 5029 3533 5096 fugere
3554 5070 3566 5090 ,
3598 5028 3696 5080 hu-

2130 5137 2342 5175 manum
2373 5119 2582 5189 quidem
2627 5121 2888 5174 evitantes
2935 5121 3221 5189 periculum
3245 5160 3257 5180 ,
3292 5119 3382 5170 sed
3426 5117 3654 5170 divinatn
3679 5158 3698 5181 ,

2130 5228 2287 5280 quam
2319 5212 2666 5280 ignorabant,
2701 5212 3107 5280 indignationem
3141 5211 3486 5263 incurrentes.
3517 5208 3702 5262 Soluto

2131 5312 2308 5356 autem
2329 5303 2505 5371 populi
2526 5303 2845 5370 spectaculo,
2874 5300 3183 5368 populisque
3215 5300 3263 5352 in
3283 5301 3462 5353 urbem
3492 5315 3702 5367 regres-

2131 5393 2221 5453 sis,
2251 5392 2544 5444 nuntiatum
2578 5391 2702 5457 ipsis
2729 5399 2810 5442 est
2845 5390 2969 5457 quid
3010 5388 3301 5459 Porphyrio
3328 5389 3619 5448 evenisset,
3649 5400 3706 5439 et

2132 5481 2255 5548 quid
2287 5479 2508 5533 Aeacius
2543 5479 2755 5545 egisset.
2803 5477 3136 5531 Sustincntes
3167 5494 3291 5546 ergo
3323 5477 3578 5543 tantisper
3607 5491 3700 5529 ve-

2133 5585 2288 5638 spere
2316 5571 2410 5624 illo
2441 5584 2604 5637 usque
2645 5570 2694 5621 in
2725 5570 3013 5623 crastinum
3035 5608 3050 5631 ,
3080 5569 3221 5620 velut
3259 5576 3475 5634 propter
3501 5565 3702 5620 adulte—

2136 5663 2270 5715 rium
2316 5659 2574 5730 perculsi,
2615 5674 2997 5714 consurrexere
3021 5700 3035 5723 ,
3068 5673 3130 5710 ac
3166 5657 3477 5713 confluxere
3500 5699 3514 5722 ,
3546 5658 3702 5712 simul

2135 5768 2324 5807 omnes
2345 5768 2464 5809 cum
2488 5753 2605 5819 igne
2629 5760 2684 5804 et
2703 5751 3001 5812 sarmentis,
3019 5749 3367 5819 Porphyrium
3389 5758 3544 5814 atque
3562 5747 3706 5801 :edes

2137 5846 2250 5913 ejus
2277 5847 2456 5902 delere
2488 5845 2746 5898 volentes.
2782 5843 3104 5913 Porphyrius
3147 5853 3318 5896 antem
3361 5856 3462 5893 non
3494 5840 3706 5907 ignarus

2139 5952 2241 6004 quo
2271 5935 2392 5990 odio
2419 5935 2718 6002 haberetur,
2751 5933 2930 5990 relicto
2959 5934 3082 5998 Deo,
3118 5933 3179 5987 ad
3218 5933 3517 6001 praelectum
3549 5946 3704 5985 excr~
