4504 6710
833 590 900 641 55
2099 595 2413 656 PALLADII
2453 596 2795 658 DlALOGL‘S
4019 603 4083 655 56

832 704 968 757 citus
994 704 1259 776 confugit,
1290 707 1622 779 impletisque
1652 710 1700 765 ci
1744 710 1983 765 manibus
2004 753 2018 777 ,
2052 711 2247 767 bellum
2274 712 2408 782 gerit

834 795 1088 851 adversus
1114 797 1408 853 Servatoris
1437 800 1704 856 auditores
1728 842 1741 865 ,
1782 816 1902 855 eum
1937 812 2182 858 avertens
2209 819 2238 858 a
2269 802 2408 858 bello

836 888 1087 943 Isaurico.
1117 890 1183 944 Et
1212 890 1373 943 Isauri
1404 892 1617 960 quidem
1659 893 1872 946 maximi
1903 893 2181 961 prtedones
2209 894 2407 948 Rosum

832 993 885 1037 et
910 983 1202 1039 Seleuciam
1234 986 1513 1039 vastabant
1560 1005 1571 1039 :
1614 986 1939 1055 Porphyrius
1978 1002 2104 1040 vero
2130 998 2183 1042 et
2210 987 2407 1041 Valen-

834 1076 975 1128 tinus
1011 1074 1202 1130 Comes
1227 1117 1241 1141 ,
1272 1090 1392 1131 cum
1420 1078 1635 1131 armatis
1676 1077 1953 1131 ecclesiam
1992 1077 2407 1132 orthodoxornm

831 1163 1297 1235 deprmdabantur;
1325 1168 1655 1221 tremendum
1671 1168 1845 1222 crucis
1862 1168 2091 1237 signum,
2113 1170 2251 1239 quod
2269 1167 2409 1223 velut

832 1254 1141 1324 magistrum
1157 1254 1207 1309 in
1224 1256 1758 1326 ttumcrisportantes,
1776 1259 1825 1311 in
1843 1267 1979 1312 terra
1993 1258 2189 1313 inculta
2204 1258 2410 1312 litanias

833 1344 1079 1413 agebant,
1122 1345 1345 1414 pedibus
1376 1347 1611 1416 ipsorum
1642 1350 2036 1403 conculcantes.
2062 1349 2187 1403 Post
2213 1350 2411 1419 aliquot

832 1442 1009 1487 autem
1036 1434 1148 1488 dies
1177 1434 1422 1491 festinato
1449 1437 1513 1490 ad
1539 1437 1855 1492 Comitatum
1880 1439 2060 1503 tnittit,
2088 1450 2244 1509 atque
2272 1438 2409 1509 apud

838 1525 1139 1593 huiusmodi
1181 1528 1518 1594 magistratus
1558 1538 1861 1597 comparat,
1894 1537 1953 1582 ut
1987 1529 2199 1597 quidam
2228 1528 2410 1582 viridis

834 1629 896 1668 ac
922 1614 1116 1669 crudus
1140 1631 1300 1670 senex
1322 1658 1336 1681 ,
1370 1617 1607 1671 moribus
1635 1618 1895 1686 perversis
1914 1659 1929 1683 ,
1957 1619 2200 1689 obliquus
2223 1660 2237 1683 ,
2265 1620 2407 1673 Prte-

836 1702 1003 1758 fectus
1030 1704 1254 1775 Vigilum
1279 1717 1577 1775 crearetur,
1608 1718 1663 1762 nt
1694 1709 1957 1763 licentiam
1990 1710 2194 1766 habens
2222 1711 2412 1780 probos

832 1810 1069 1865 quosque
1089 1796 1463 1862 calumniandi,
1494 1800 1756 1853 civitatem
1783 1801 1835 1854 in
1863 1815 2022 1854 manu
2043 1802 2276 1864 haberet,
2310 1801 2412 1855 Nc-

831 1884 998 1950 ronis,
1023 1885 1113 1939 Dei
1133 1886 1321 1953 hostis,
1344 1904 1522 1942 mores
1551 1888 1783 1943 imitans.
1806 1889 1921 1944 Non
1948 1892 2089 1945 enim
2113 1893 2210 1961 ipsi
2232 1892 2411 1945 datum

832 1986 914 2029 est
930 1977 1169 2030 oratione
1184 1978 1619 2045 persuadere,sed
1638 1980 2091 2036 irrationabilitate
2103 1994 2153 2035 et
2171 1982 2414 2035 immani-

834 2075 939 2120 tate
958 2080 1171 2122 vexare.
1199 2067 1403 2137 Quippe
1426 2070 1513 2139 qui
1536 2084 1631 2138 pro
1651 2086 1814 2141 scopo
1837 2086 1939 2125 non
1972 2072 2187 2126 haberet
2206 2072 2414 2140 placere

834 2160 965 2226 Deo,
987 2170 1229 2215 errantes
1267 2162 1471 2215 anintas
1495 2162 1787 2226 reducenti,
1810 2164 1902 2216 sed
1934 2163 2152 2230 intplere
2172 2174 2413 2216 ventrem

831 2252 1115 2320 serpentis,
1139 2252 1225 2321 qui
1244 2266 1403 2321 super
1420 2261 1601 2321 pectus
1622 2253 1879 2321 graditur.
1904 2252 2086 2322 Populi
2105 2253 2260 2321 igitur
2275 2253 2415 2307 relu-

830 2350 1054 2409 ctantes,
1072 2342 1121 2395 in
1140 2342 1361 2396 ecclesia
1373 2343 1549 2410 specie
1563 2342 1777 2412 quidem
1791 2344 2130 2409 conveniunt,
2150 2353 2292 2397 metu
2307 2359 2417 2397 ver-

831 2434 1040 2500 berum,
1054 2448 1237 2489 revera
1254 2443 1429 2489 autem
1442 2434 1603 2488 vitam
1623 2449 1769 2490 suam
1787 2445 2309 2505 exsecrantes,atque
2324 2436 2417 2490 Dei

833 2514 1096 2568 ultionem
1110 2514 1597 2583 exspectantes.Ad
1616 2515 1728 2570 haec
1745 2518 2082 2587 stupefactus
2096 2520 2418 2579 Theodorus

826 2607 988 2660 dixit:
1009 2605 1213 2661 Praeter
1225 2614 1475 2660 naturam
1494 2614 1548 2661 et
1565 2606 1858 2673 rationem,
1877 2608 2058 2677 Pater,
2076 2627 2164 2667 res
2179 2615 2313 2671 istas
2327 2631 2418 2671 au-

829 2702 939 2752 dio.
962 2697 1031 2753 Ut
1049 2698 1344 2769 plurimum
1364 2700 1509 2753 enim
1530 2714 1681 2753 vana:
1693 2699 1877 2769 gloriae
1889 2702 2072 2770 cupidi
2101 2704 2419 2764 hominibus

836 2795 1045 2863 placere
1057 2794 1314 2859 ambiunt,
1337 2795 1699 2850 ctadulatores
1715 2796 2232 2865 inveniuntur,atque
2249 2797 2417 2850 lautas

836 2898 1045 2938 mensas
1074 2884 1367 2947 instruunt,
1398 2894 1453 2939 ut
1478 2897 1721 2940 amentur
1741 2896 1792 2940 et
1822 2887 1957 2940 bene
1983 2887 2228 2953 audiant,
2256 2889 2413 2941 etiam

835 2986 986 3045 sputa
1006 2991 1145 3045 saepe
1160 2978 1465 3032 tolerantes.
1480 2978 1757 3044 Quomodo
1779 2978 1937 3048 igitur
1953 2978 2417 3049 Porphyrius,sive

837 3066 971 3119 alius
1000 3067 1283 3135 quispiam,
1314 3069 1485 3122 minas
1511 3079 1564 3122 et
1590 3070 1845 3138 supplicia
1868 3079 2025 3138 atque
2046 3070 2229 3124 exsilia
2259 3085 2415 3125 exer-

839 3157 1061 3221 cuerint,
1094 3157 1299 3227 ignoro.
1332 3158 1502 3213 EPISC.
1535 3158 1647 3213 Hoc
1672 3175 1798 3214 vero
1822 3160 2171 3214 admiratione
2200 3161 2415 3231 dignum

834 3258 937 3314 est,
961 3247 1259 3315 Theodore,
1284 3249 1425 3319 quod
1447 3250 1511 3303 ad
1536 3258 1737 3304 tantum
1768 3252 2118 3320 improbitatis
2138 3267 2415 3307 excessum

834 3339 1190 3409 proruperint,
1215 3349 1270 3394 ut
1301 3354 1406 3393 non
1438 3341 1598 3395 modo
1623 3341 1924 3397 hontinibus
1945 3343 2155 3412 placere
2177 3359 2280 3397 non
2300 3355 2415 3399 stu-

835 3430 1014 3496 deant,
1039 3446 1222 3484 verum
1256 3431 1549 3486 facinorum
1577 3448 1787 3503 quoque
1808 3448 2024 3488 suorum
2047 3434 2414 3492 confusionem

837 3522 1056 3577 minime
1074 3537 1264 3578 curare
1290 3541 1301 3576 :
1327 3525 1523 3579 malitia
1550 3526 1690 3579 enim
1719 3528 1971 3582 malitiam
2000 3529 2050 3582 in
2077 3530 2273 3584 malitia
2300 3547 2420 3598 pro-

837 3622 1033 3668 movet.
1072 3613 1219 3669 Tunc
1238 3616 1381 3669 enim
1411 3616 1611 3670 malitia
1638 3617 1849 3672 inanem
1889 3619 2107 3689 gloriam
2138 3621 2381 3691 producit
2401 3663 2414 3686 .

836 3720 959 3759 cum
988 3704 1255 3760 blanditiis
1282 3706 1393 3760 suis
1416 3706 1679 3776 imperare
1704 3707 1909 3763 stolidis
1929 3719 2106 3777 sperat
2133 3729 2145 3764 :
2178 3726 2298 3764 cum
2324 3728 2418 3765 au-

839 3808 942 3851 tem
970 3798 1057 3866 qui
1087 3806 1363 3866 captantur
1381 3840 1396 3864 ,
1431 3798 1699 3853 blanditiis
1731 3808 1891 3868 atque
1915 3801 2086 3869 epulis
2114 3802 2416 3870 superiores

840 3886 1036 3940 inventi
1082 3886 1310 3952 fuerint,
1344 3887 1516 3943 minas
1557 3899 1610 3943 et
1639 3889 1893 3958 supplicia
1936 3890 2168 3959 profert,
2199 3901 2251 3945 ul
2283 3908 2418 3961 quos

841 3975 1106 4031 blanditiis
1130 3989 1288 4047 atque
1326 3979 1494 4048 epulis
1524 3994 1627 4033 non
1670 3981 1839 4049 potuit
1871 3980 2143 4046 inescare,
2177 3980 2419 4035 immani-

841 4078 946 4121 tate
974 4084 1035 4123 ac
1058 4078 1261 4123 terrore
1282 4071 1568 4138 percellat;
1601 4072 1737 4124 sicut
1765 4071 1961 4125 sanctis
1986 4071 2309 4141 martyribus
2333 4087 2419 4125 ac-

841 4160 991 4213 cidit.
1035 4159 1109 4213 lbi
1157 4160 1297 4213 enim
1345 4168 1626 4230 utrumque
1678 4160 2117 4229 impendebatur,
2158 4160 2419 4214 donorum

840 4260 996 4319 atque
1027 4251 1284 4304 honorqu
1326 4251 1619 4320 excogitata
1651 4250 1835 4321 pedica
1861 4292 1876 4317 ,
1909 4260 2129 4321 captans
2157 4251 2422 4304 inhiantes

840 4342 1095 4411 gloriolm,
1118 4351 1170 4396 et
1195 4343 1575 4411 supplzciorum
1605 4344 1782 4409 mittat,
1809 4344 2104 4411 sartagines
2124 4351 2279 4411 atque
2300 4358 2424 4396 ecu-

842 4436 904 4488 lei
938 4444 990 4489 et
1019 4435 1201 4489 bestia:
1223 4477 1236 4500 ,
1269 4445 1321 4490 et
1347 4451 1695 4505 quaecumque
1723 4435 1786 4489 ad
1814 4451 2031 4506 magnos
2060 4435 2277 4492 dolores
2302 4452 2421 4491 mo-

847 4527 1047 4581 vendos
1076 4526 1264 4581 idonea
1298 4535 1454 4591 sunt,
1481 4542 1816 4596 prmparans,
1846 4525 2005 4582 fortes
2033 4538 2087 4583 et
2116 4527 2207 4582 Dei
2238 4542 2420 4581 aman-

844 4632 922 4675 tes
950 4620 1226 4675 exhibens.
1266 4619 1454 4675 Clerus
1492 4620 1705 4689 quidem
1752 4620 2124 4675 Antiochensis
2165 4620 2421 4689 insignior

846 4714 980 4766 ciant
1012 4712 1225 4780 plebem
1253 4713 1474 4782 colligit,
1505 4727 1571 4764 ne
1598 4711 1723 4779 ipsis
1750 4710 1960 4778 quidem
1986 4712 2223 4765 ecclesia:
2252 4712 2423 4779 parie-

848 4802 986 4855 tibus
1001 4802 1450 4871 appropinquans,
1470 4814 1676 4853 nccnon
1697 4809 1750 4855 et
1771 4808 1877 4852 tota
1900 4800 2115 4868 insignis
2137 4800 2419 4853 mulierum

844 4892 1091 4957 societas,
1120 4902 1337 4961 propter
1360 4906 1493 4961 quas
1525 4892 1754 4945 maxime
1781 4891 2050 4945 insaniunt
2080 4891 2419 4958 pecuniarum

845 4981 984 5037 avidi
1021 4991 1280 5051 pastores.
1324 4983 1398 5037 De
1426 4982 1583 5037 rebus
1619 4991 1794 5035 autem
1824 4978 2423 5048 Constantiuopolitanis

848 5072 971 5142 quid
990 5075 1178 5127 attinet
1200 5074 1375 5127 dicere
1391 5083 1583 5142 quanta
1614 5071 1890 5125 multitudo
1910 5072 1976 5125 ab
2001 5071 2226 5126 ecclesia
2247 5085 2417 5125 reces-

850 5164 1013 5217 serit?
1038 5166 1359 5217 eomeniens
1384 5165 1482 5217 sub
1506 5164 1615 5229 dio,
1640 5170 1698 5215 ut
1723 5164 1966 5231 superius
1991 5162 2241 5227 diximus,
2272 5165 2341 5217 ita
2366 5172 2421 5217 ut

848 5257 937 5323 qui
977 5272 1152 5310 rerum
1187 5256 1665 5310 ecclesiasticarum
1717 5256 2017 5323 poliuntur,
2054 5271 2155 5307 non
2194 5256 2420 5309 habeant

849 5348 1063 5400 totidem
1137 5348 1400 5402 auditores
1469 5347 1662 5401 silentii
1731 5347 1811 5401 sui
1866 5362 1878 5395 :
1955 5361 2208 5412 nusquam
2278 5349 2418 5398 enim

850 5438 987 5505 apud
1024 5454 1117 5492 eos
1159 5454 1352 5492 sermo.
1388 5440 1534 5491 Duc.
1589 5439 1805 5493 Dubiam
1847 5445 1901 5490 et
1930 5450 2239 5503 suspensam
2275 5452 2422 5487 men-

848 5540 953 5581 tetn
1008 5545 1174 5583 meam
1202 5572 1215 5591 ,
1248 5526 1435 5592 Pater,
1480 5529 1742 5590 liberasti,
1787 5529 1872 5597 qui
1924 5528 2089 5579 oculis
2140 5526 2273 5577 meis
2337 5540 2421 5577 res

849 5621 993 5686 ipsas
1019 5618 1327 5684 sobjeccris.
1371 5616 1501 5671 Nam
1530 5617 1808 5669 verborum
1836 5616 2203 5679 consonantia,
2235 5622 2289 5666 ct
2316 5628 2417 5665 non

849 5714 967 5762 tit-ta
1000 5708 1232 5761 narratio
1260 5711 1541 5763 certiorem
1588 5723 1672 5762 me
1718 5706 1839 5761 fecit
1883 5707 1949 5760 de
1981 5709 2200 5760 veritate
2241 5720 2417 5760 rerum

848 5812 1135 5869 gestarum.
1170 5798 1310 5852 Fieri
1339 5801 1477 5852 enim
1511 5816 1614 5851 non
1648 5807 1851 5867 potest,
1885 5807 1941 5850 ut
1968 5798 2093 5849 falsa
2124 5798 2293 5848 oratio
2320 5795 2418 5847 sibi

854 5892 1043 5959 ubique
1072 5900 1351 5945 consonet.
1383 5888 1458 5941 Ne
1485 5888 1639 5958 igitur
1663 5889 1918 5957 graveris,
1946 5886 2137 5956 siquid
2171 5886 2329 5946 nosti,
2358 5899 2418 5935 ea

849 5984 1000 6037 nobis
1018 5999 1252 6048 narrare,
1277 5998 1394 6051 qua:
1415 5982 1776 6049 Olympiadem
1802 5989 2061 6049 Spectanl.
2086 5981 2257 6032 lirtsc.
2281 5975 2421 6042 Qua-

2518 710 2583 767 lis
2603 728 2665 769 ea
2688 716 2805 771 est?
2834 730 2951 768 nam
2982 715 3161 783 plures
3187 732 3250 773 eo
3279 718 3508 773 nomine.
3539 717 3689 771 Duc.
3718 714 4083 771 Constantino.

2515 806 2765 873 politanae
2794 807 3045 862 Ecclesia
3082 808 3397 875 diaconissa,
3429 826 3546 881 qua:
3574 822 3765 879 sponsa
3802 808 4084 877 aliquando

2516 893 2613 950 fuit
2638 896 2873 953 Nebridii
2904 897 3241 967 Expra‘fecti.
3276 900 3447 955 EPISC.
3478 901 3622 955 Illam
3648 897 3858 969 quidem
3886 898 4087 966 optime

2517 988 2661 1039 novi.
2693 989 2839 1043 Duc.
2872 988 3052 1055 Qualis
3083 988 3167 1040 illa
3200 988 3389 1042 mulier
3417 993 3531 1045 est?
3560 993 3729 1047 Ertsc.
3760 989 3853 1054 Nc,
3880 1004 4083 1057 «purse,

2516 1074 2661 1131 dicas
2687 1121 2700 1142 ,
2734 1080 2904 1148 qualis
2929 1077 3117 1131 mulier
3137 1118 3151 1139 ,
3181 1077 3273 1131 sed
3304 1080 3475 1147 qualis
3515 1080 3672 1136 homo
3697 1100 3709 1134 :
3734 1082 3813 1134 vir
3840 1081 3978 1134 enim
4005 1088 4088 1132 est

2518 1177 2711 1233 printer
2730 1171 2966 1239 corporis
2988 1168 3243 1221 habitmn.
3269 1167 3416 1223 Duc.
3442 1168 3497 1221 In
3520 1172 3656 1237 quo?
3684 1172 3854 1225 Episc.
3878 1169 3932 1223 ltt
3954 1168 4084 1232 vita,

2518 1256 2568 1309 in
2601 1258 2904 1325 laboribus,
2938 1262 2989 1313 in
3019 1260 3238 1314 scientia
3282 1268 3335 1313 et
3377 1260 3771 1315 tribulationum
3813 1261 4085 1331 patientia.

2519 1344 2670 1402 Duc.
2695 1348 2804 1403 Cur
2824 1364 2950 1419 ergo
2978 1350 3049 1403 illi
3077 1349 3397 1402 conviciatus
3421 1359 3503 1402 est
3528 1348 3884 1417 Theophilus?
3910 1352 4086 1406 Ertsc.

2516 1435 2768 1501 Quisnam
2789 1441 2875 1495 ille
2892 1440 3005 1495 est?
3029 1441 3175 1494 Duc.
3198 1439 3582 1493 Alexandrinus
3597 1440 3892 1508 episcopus.
3914 1443 4087 1496 Ense.

2521 1526 2727 1583 Videris
2752 1532 2901 1594 mihi,
2932 1530 3234 1596 Theodore,
3266 1538 3341 1583 tot
3365 1529 3621 1582 orationis
3646 1529 3811 1595 spatia
3836 1531 4091 1586 oblivioni

2517 1620 2817 1676 tradidisse.
2848 1624 2995 1677 Duc.
3041 1623 3154 1691 Qua
3192 1624 3242 1676 in
3290 1622 3384 1675 re?
3428 1621 3600 1675 EPISC.
3633 1619 3730 1685 Qui
3758 1623 3958 1675 veritati
3986 1640 4091 1677 non

2517 1714 2786 1779 pepercit,
2816 1715 2909 1769 sed
2956 1715 3100 1767 illam
3144 1713 3507 1776 conculcavit,
3538 1719 3597 1763 ut
3636 1712 3876 1778 superior
3916 1727 4093 1768 sermo

2517 1803 2917 1871 comprobavit;
2948 1813 3002 1857 et
3043 1803 3130 1871 qui
3181 1802 3472 1855 Ecclesiam
3514 1815 3632 1870 qua:
3684 1799 3784 1853 sub
3812 1801 3943 1853 crelo
3980 1812 4092 1866 est,

2518 1906 2735 1962 propter
2759 1910 2916 1962 quant
2949 1893 3254 1961 Unigenitus
3277 1932 3291 1954 ,
3323 1901 3379 1945 ut
3406 1891 3509 1944 dici
3538 1892 3703 1954 solet,
3734 1890 4010 1955 laboravit,
4043 1900 4100 1945 ut

2517 1996 2634 2037 eam
2658 1986 2849 2049 uniret,
2879 2001 2979 2038 non
3013 1982 3310 2045 honoravit,
3343 1982 3434 2035 sed
3461 1980 3777 2035 contumelia
3798 1980 3975 2034 affecit
4002 1982 4097 2035 ha-

2518 2074 2629 2127 bitu
2658 2090 2775 2140 suo,
2810 2076 3015 2129 mulieri
3044 2082 3224 2143 posset
3253 2088 3471 2141 parcere
3500 2072 3694 2137 viduas,
3723 2087 3840 2141 qua:
3862 2072 4021 2125 vitam
4046 2074 4098 2129 in

2520 2166 2760 2220 oratione
2789 2166 3093 2220 consumit?
3123 2166 3334 2219 Discute
3363 2173 3415 2219 et
3441 2164 3559 2218 vide
3588 2164 3632 2218 si
3661 2180 3819 2233 quem
3850 2182 4099 2235 umquam

2520 2254 2820 2323 improbum
2860 2254 3261 2325 reprehenderit
3283 2296 3298 2318 ,
3332 2255 3417 2323 qui
3453 2254 3727 2324 probitatis
3757 2270 3967 2325 semper
4005 2255 4103 2310 ho-

2520 2346 2617 2399 stis
2642 2355 2745 2400 est.
2789 2347 2897 2400 Cur
2920 2356 3095 2399 autem
3122 2353 3176 2399 et
3220 2360 3286 2399 ex
3313 2346 3428 2414 ejus
3458 2346 3694 2415 epistolis
3727 2362 3829 2400 non
3858 2347 4101 2415 conjieis,

2521 2436 2788 2504 quomodo
2816 2437 2919 2490 ilhc
2958 2436 3096 2490 inter
3123 2450 3182 2489 se
3225 2437 3564 2505 repugnent?
3593 2436 3690 2503 Qui
3717 2437 3857 2490 enim
3890 2436 4101 2489 beatum

2525 2526 2871 2595 Epiphaniam
2897 2526 3218 2579 Constantiae
3248 2526 3298 2578 in
3328 2527 3500 2596 Cypro
3531 2528 3858 2595 episcopum,
3886 2528 3977 2596 qui
4007 2529 4104 2580 tri-

2520 2620 2663 2687 ginta
2688 2627 2743 2673 et
2769 2634 2862 2673 sex
2887 2633 3056 2672 annos
3081 2617 3335 2671 Ecclesia:
3365 2616 3594 2685 praefuit,
3625 2619 3834 2686 probris
3857 2618 4107 2673 atfecerat

2522 2719 2579 2761 ut
2624 2710 2966 2775 hmreticum,
2997 2720 3087 2762 aut
3131 2708 3523 2763 sebismaticnm
3550 2751 3565 2775 ,
3607 2709 3705 2763 sub
3748 2711 3971 2765 Damaso
4013 2720 4110 2766 aut

2522 2800 2678 2854 beato
2707 2799 2931 2866 Siricio;
2973 2808 3155 2869 postea
3187 2800 3237 2853 in
3281 2814 3375 2853 sua
3404 2798 3471 2852 ad
3513 2798 3874 2854 Innocentium
3907 2801 4102 2869 Papam

2519 2892 2741 2960 epistola
2768 2892 3073 2961 vituperans
3097 2892 3306 2947 beatum
3336 2891 3614 2956 Joannem,
3639 2891 3988 2961 Epiphanium
4012 2906 4109 2947 no-

2523 2982 2687 3035 minat
2712 2983 3127 3038 sanctissimum.
3157 2982 3374 3050 Quoties
3403 2995 3578 3035 autem
3601 3023 3617 3047 ,
3646 2993 3821 3051 putas,
3851 2991 3905 3037 et
3932 2998 4104 3053 genua

2521 3072 2848 3144 Olympiadis
2874 3075 3141 3129 osculatus
3180 3082 3282 3136 est,
3315 3088 3409 3142 spe
3439 3088 3799 3139 nummorum,
3839 3074 3923 3126 cui
3965 3087 4108 3126 nunc

2521 3163 2883 3218 conviciatur?
2910 3164 3001 3217 llla
3032 3163 3177 3218 humi
3220 3162 3529 3231 procidentc
3568 3163 3638 3217 ob
3667 3178 3782 3215 eam
3810 3178 3921 3217 rem
3950 3174 4003 3215 et
4030 3163 4107 3217 la-

2521 3271 2731 3327 crymas
2752 3256 3026 3318 fundente,
3054 3256 3397 3310 nihilominus
3425 3255 3525 3307 ista
3551 3254 3832 3322 episcopus
3858 3253 4102 3307 faciebat.

2525 3346 2717 3401 Verum
2734 3362 2835 3416 qua
2864 3348 2914 3400 in
2944 3362 3003 3400 re
3029 3346 3101 3399 illi
3128 3346 3455 3398 conviciatus
3480 3343 3600 3397 est?
3630 3342 3777 3396 Duc.
3805 3343 3955 3407 Quod
3982 3357 4105 3397 sus-

2521 3436 2725 3504 ceperit
2766 3435 3058 3489 monachos
3110 3434 3206 3487 abs
3245 3448 3303 3486 se
3342 3432 3556 3501 ejectos.
3604 3432 3779 3487 Ertsc.
3819 3432 3953 3485 Num
3983 3433 4108 3487 licet

2523 3525 2773 3593 episcopo
2797 3531 2889 3577 aut
2908 3522 3080 3587 decet,
3108 3522 3350 3591 quemvis
3374 3536 3405 3575 e
3424 3520 3717 3590 discipulis,
3740 3536 3833 3574 seu
3854 3520 4108 3574 Christia-

2524 3631 2649 3669 num
2694 3629 3050 3684 quemquam,
3092 3612 3312 3666 omnino
3357 3611 3654 3681 projicere,
3684 3610 3873 3665 nedum
3916 3624 4107 3663 mona-

2524 3707 2720 3760 chum?
2746 3706 2893 3760 Duc.
2939 3705 2994 3759 Si
3026 3719 3144 3759 eum
3187 3704 3468 3768 hescrunt,
3504 3712 3596 3756 aut
3620 3704 3668 3757 ei
3698 3702 4106 3756 maledixerunt.

2523 3796 2695 3849 Ertsc.
2731 3795 2863 3848 Nunt
2895 3796 3025 3848 iram
3051 3809 3200 3848 suam
3240 3794 3457 3861 explere
3485 3793 3664 3847 debuit
3686 3835 3700 3855 .
3731 3793 3797 3847 de
3823 3793 4109 3847 maledicto

2521 3885 2819 3940 sollicitus?
2847 3883 3124 3951 Quomodo
3171 3883 3344 3938 adhuc
3393 3882 3587 3937 Christi
3627 3882 3975 3936 contumelias
4005 3882 4105 3935 sibi

2523 3986 2725 4045 quaeret
2770 3977 2891 4041 ille,
2919 3976 3004 4044 qui
3051 3976 3232 4045 gloria:
3280 3991 3391 4029 suae
3435 3973 3901 4029 velificatur?Cur
3925 3981 4104 4026 autem

2526 4070 2743 4122 omnino
2786 4068 3019 4120 imitatus
3057 4082 3161 4120 non
3191 4076 3272 4121 est
3311 4067 3623 4135 magistrum
3650 4066 3891 4130 Paulum,
3918 4064 4104 4117 dicen-

2526 4168 2631 4212 tem
2664 4174 2677 4209 :
2714 4156 3069 4210 Maledicimur
3092 4198 3106 4222 ,
3137 4166 3181 4209 et
3223 4157 3556 4210 benedicimus
3589 4156 3648 4226 (l
3711 4154 3827 4208 Cor.
3856 4154 3909 4205 4.
3960 4152 4105 4221 12)ἳ

2528 4250 2676 4303 Duc.
2708 4248 2844 4317 Quid
2880 4249 3070 4316 igitur,
3102 4248 3145 4301 si
3177 4247 3409 4302 hmretici
3461 4248 3681 4300 fuissent
3710 4243 3949 4297 monachi
3991 4242 4105 4296 illi?

2530 4342 2702 4395 EPISC.
2736 4340 2892 4410 Atqui
2937 4343 3154 4395 omnino
3194 4340 3430 4409 oportuit
3467 4354 3559 4393 eos
3595 4323 3876 4390 cmenda're
3901 4345 3954 4387 et
3985 4349 4105 4402 per-

2524 4432 2769 4496 suadere,
2799 4443 2847 4484 at
2877 4447 2981 4485 non
3008 4431 3287 4500 projicere.
3318 4429 3465 4481 Duc.
3500 4427 3630 4479 Etsi
3657 4424 3756 4477 hoc
3779 4424 4003 4487 fecisset,
4030 4424 4101 4477 illi

2525 4537 2627 4576 non
2648 4522 2964 4589 paruissent,
2982 4522 3068 4591 qui
3092 4521 3386 4588 pertinaces
3406 4524 3604 4570 essent.
3627 4515 3796 4568 Ertsc.
3814 4514 4105 4584 Oportebat

2526 4612 2652 4663 illud
2683 4613 3031 4680 apostolicum
3059 4608 3277 4676 exsequi
3310 4626 3323 4659 :
3363 4605 3669 4658 llwrelicmu
3712 4606 3963 4659 hominem
3991 4614 4105 4675 post

2524 4718 2676 4753 unum
2707 4710 2753 4752 et
2788 4704 2997 4753 alteram
3033 4700 3392 4765 correptioncm
3435 4698 3596 4748 devita
3619 4736 3635 4761 ,
3662 4698 3820 4750 sciens
3847 4697 3965 4767 quia
3990 4713 4104 4764 per-

2524 4807 2695 4844 versus
2719 4800 2789 4842 est
2820 4789 3109 4857 Imjusmodi
3139 4786 3273 4857 (Tit.
3304 4789 3358 4841 '5.
3404 4786 3489 4840 10.
3538 4788 3595 4840 11
3624 4788 3677 4855 );
3704 4796 3755 4839 at
3784 4802 3885 4839 non
3914 4784 4103 4853 expel-

2527 4882 2636 4934 lere
2657 4921 2671 4943 ,
2708 4889 2762 4933 et
2791 4878 2926 4931 bona
2956 4876 3218 4945 diripere,
3263 4886 3421 4945 atque
3455 4892 3519 4929 ex
3552 4878 3713 4945 patria
3756 4877 3948 4942 ejicere
3977 4887 4101 4925 cum

2526 4970 2922 5037 magistratuum
2946 4967 3122 5021 minis.
3155 4966 3303 5021 Duc.
3336 4966 3441 5020 Viri
3472 4965 3685 5034 perfecti
3714 4964 3941 5017 officium
3966 4960 4097 5013 mihi

2528 5076 2747 5126 narras,
2778 5071 2831 5115 et
2872 5060 3036 5114 Deum
3065 5059 3328 5122 amantis,
3370 5066 3424 5111 et
3466 5058 3773 5125 injuriarum
3825 5052 4091 5120 patientis.

2527 5153 2703 5208 Emsc.
2736 5153 2802 5206 Et
2825 5162 2972 5206 certe
3003 5153 3117 5204 laus
3146 5164 3333 5216 magna
3374 5164 3477 5201 nou
3508 5157 3589 5201 est
3616 5144 3932 5198 deteriorem
3960 5141 4097 5194 tole-

2524 5261 2661 5299 rare.
2685 5244 2945 5297 Cancrum
2976 5240 3075 5294 nisi
3116 5236 3375 5307 perfectus
3414 5247 3525 5301 est,
3554 5242 3803 5302 quantum
3830 5230 4095 5291 convenit,

2523 5334 2789 5402 quomodo
2820 5333 3100 5399 episcopus
3137 5338 3218 5383 est
3245 5327 3546 5397 ejusmodi?
3593 5321 3926 5391 imperfectus
3955 5322 4096 5373 enim

2524 5426 2846 5494 imperfectis
2865 5439 2967 5475 non
2991 5423 3246 5475 consulet.
3270 5418 3546 5485 Quomodo
3568 5423 3740 5466 autem
3762 5424 3814 5464 et
3833 5410 4100 5477 Theophi-

2526 5523 2605 5575 lus
2630 5520 2839 5579 dicitur,
2872 5516 2958 5583 qui
2987 5530 3088 5567 non
3118 5522 3259 5567 amat
3288 5514 3472 5574 Deum,
3505 5516 3717 5576 propter
3740 5520 3894 5572 quctn
3924 5514 3977 5555 et
4001 5503 4098 5558 lto-

2525 5614 2725 5667 mintun
2755 5607 2974 5674 injurias
3003 5607 3261 5675 patienter
3288 5604 3425 5656 ferre
3450 5596 3667 5651 debuit?
3695 5594 3748 5647 Si
3783 5609 3906 5648 vero
3933 5594 4094 5649 Demn

2525 5716 2631 5753 nun
2662 5708 2840 5761 amat,
2874 5712 2939 5749 ne
2964 5713 3022 5750 sc
3063 5696 3275 5763 quidem
3322 5693 3491 5757 ipsum
3527 5704 3540 5738 :
3581 5687 3667 5753 qui
3699 5694 3872 5738 autem
3903 5687 4098 5738 suimet

2525 5790 2768 5842 inimicus
2796 5797 2910 5851 est,
2941 5784 3208 5855 quomodo
3240 5779 3449 5831 tandem
3492 5775 3624 5827 alios
3647 5774 3876 5827 amabit?
3906 5775 4095 5828 Mirum

2527 5878 2683 5947 igitur
2712 5893 2815 5931 non
2846 5888 2954 5941 est,
2983 5878 3024 5928 si
3065 5874 3134 5925 ob
3173 5872 3221 5923 id
3263 5866 3625 5936 Olympiadem
3666 5865 3884 5928 tulerat,
3916 5874 4097 5933 utpote

2529 5986 2643 6039 qua:
2671 5969 2956 6024 monachos
2980 5961 3322 6030 suscepisset.
3360 5958 3501 6011 Duc.
3537 5957 3589 6011 In
3614 5958 3856 6013 confesso
3884 5955 4093 6025 quidem
