4526 6700
397 568 467 624 55
1391 567 1478 621 DE
1514 567 1670 621 ΥΙΤᾹ
1714 568 1769 623 S.
1811 563 2093 622 JOANNIS
2130 560 2632 619 CIIRYSOSTOML
3581 546 3650 599 Sb

392 691 485 743 ἐπὶ
517 690 606 745 τὸν
646 691 1157 763 στρατοπεδάρχην,
1200 687 1295 741 καὶ
1337 686 1631 758 πληρώσας
1670 686 1835 742 αὑτοῦ
1866 686 1964 749 τάς

394 776 604 845 χεῖρας,
646 771 1053 844 ἀντιστρατεύει
1087 774 1198 834 τοῖς
1228 770 1526 841 ἀκροαταῖς
1558 772 1651 824 τοῦ
1692 769 1965 838 Σωτῆρος,

394 858 745 929 ἀποστρέψας
796 853 905 906 τῶν
951 853 1271 923 ’ῐσαυρικῶν
1318 854 1585 925 πολέμων.
1624 856 1733 907 Καὶ
1774 853 1824 904 οί
1873 850 1971 919 μὲν

393 940 822 1015 λῃστρικώτατοι
852 938 1095 1006 ἰσαυροι
1132 938 1316 991 Ῥόσον
1347 941 1439 993 καὶ
1466 939 1787 992 Σελεύκειαν
1810 932 1972 1004 ἐπόρ-

396 1025 521 1078 θουν
546 1042 559 1055 ’
604 1019 913 1091 Πορφύριος
953 1021 1010 1073 δὲ
1048 1022 1141 1075 καὶ
1169 1024 1518 1088 Οὑαλεντῖνος
1558 1026 1585 1075 6
1617 1023 1793 1090 κόμης
1835 1018 1971 1087 μετά

394 1106 503 1158 τῶν
536 1102 769 1157 ὁπλιτῶν
806 1102 903 1172 τὴν
933 1104 1229 1175 ἐκκλησίαν
1268 1107 1375 1159 τῶν
1417 1104 1711 1179 ὀρθοδόξων
1754 1099 1974 1171 ἐλεηλά-

396 1202 549 1240 τουν·
581 1185 641 1235 τὸ
668 1185 1104 1255 φρικωδέστατον
1126 1190 1218 1242 τοῦ
1245 1192 1477 1260 σταυροῦ
1512 1187 1764 1257 σημεῖον.
1800 1182 1827 1233 δ
1856 1184 1973 1236 ἀντὶ

396 1265 717 1319 διδασκάλου
755 1269 844 1320 ἐπ’
873 1267 1039 1340 ὤμων
1060 1274 1314 1345 φέροντες
1338 1273 1431 1323 ἐπὶ
1460 1272 1563 1338 γῆς
1603 1266 1846 1338 ἀσπόρου
1867 1266 1973 1319 ἐλιο

395 1348 653 1411 τάνευον,
699 1352 811 1413 τοῖς
848 1351 1055 1406 ἐαυτῶν
1096 1356 1224 1407 ποσὶ
1260 1352 1733 1422 συμπατήσαντες.
1774 1352 1969 1417 Διαγε-

398 1428 636 1498 νομένων
682 1432 739 1485 δὲ
784 1434 1027 1505 ἡμερῶν,
1061 1436 1380 1490 ἀποστέλλει
1421 1436 1477 1486 ἐν
1510 1432 1587 1502 τῷ
1631 1432 1976 1503 στρατοπέδῳ

400 1513 729 1579 σπουδαίως,
780 1519 873 1570 καί
905 1516 1314 1589 παρασκευάζει
1366 1516 1503 1588 πρὸς
1550 1518 1662 1577 τοῖς
1708 1515 1973 1578 τοιούτοις

398 1593 660 1665 ἄρχουσιν
693 1598 821 1653 ἴδιόν
845 1618 966 1654 τινα
991 1600 1361 1670 ὠμογέροντα,
1388 1600 1708 1669 δύστροπον,
1745 1597 1973 1662 σκολιὸν,

399 1682 840 1752 χειροτονηθῆναι
873 1684 1264 1752 νυκτέπαρχον,
1290 1684 1379 1738 ἴνα
1404 1683 1491 1735 ἐπ’
1520 1682 1702 1744 ἀδείας
1729 1681 1864 1752 ἔχων
1883 1682 1975 1734 τοῦ

402 1766 755 1831 συκοφαντεῖν
780 1765 905 1826 τοὺς
938 1765 1277 1829 σπουδαίους,
1311 1765 1645 1838 χειρώσηται
1675 1765 1773 1836 τὴν
1800 1764 1975 1827 πόλιν,

400 1843 650 1913 Νέρωνος
679 1844 771 1897 τοῦ
807 1844 1071 1917 θεομάχου
1094 1848 1540 1921 ἀπομιμούμενος
1567 1850 1693 1909 τοὺς
1722 1848 1977 1918 τρόπους.

402 1927 477 1979 06
503 1926 612 1997 γὰρ
637 1927 784 1998 αύτῷ
807 1929 1069 1998 πάρεστιν
1092 1931 1168 2001 τῷ
1193 1932 1335 2002 λόγῳ
1368 1931 1596 1997 πείθειν,
1619 1930 1754 1985 ἀλλά
1789 1928 1982 1999 ἀλογίᾳ

401 2011 497 2062 καὶ
545 2010 834 2083 δυσμενείᾳ
882 2012 1106 2077 θλίϐειν,
1143 2015 1243 2067 οὑκ
1290 2016 1467 2086 ἐχοντι
1526 2014 1728 2067 σκοπὸν
1783 2012 1979 2084 ἀρέσαι

401 2092 551 2161 Θεῷ,
593 2095 952 2165 πλανωμένας
982 2096 1311 2165 προσάγοντι
1342 2098 1541 2167 ψυχάς,
1559 2097 1673 2150 ἀλλ’
1704 2096 1979 2167 ἐμπλῆσαι

400 2172 606 2246 ὀφιώδη
630 2178 870 2245 γαστέρα
900 2178 994 2229 ἐπὶ
1016 2176 1094 2246 τῷ
1126 2177 1308 2247 στήθει
1340 2178 1680 2247 βαδίζουσαν.
1717 2178 1870 2230 Εἰσὶν
1888 2173 1981 2230 οὖν

402 2258 497 2309 καὶ
545 2257 768 2320 άκοντες
812 2270 838 2297 ι
876 2261 924 2310 οί
970 2258 1090 2310 λαοὶ
1134 2258 1212 2327 τῷ
1260 2259 1359 2327 μὲν
1405 2259 1582 2311 δοκεῖν
1624 2259 1983 2327 συναγόμενοι

402 2340 554 2407 φόϐῳ
595 2340 702 2393 τῶν
740 2340 1015 2408 αἰκισμῶν
1060 2342 1116 2392 ἐν
1145 2343 1210 2409 τῇ
1245 2340 1530 2409 ἐκκλησίᾳ,
1567 2344 1631 2410 τῇ
1667 2340 1722 2393 δέ
1757 2340 1985 2411 ἀληθείᾳ

402 2421 815 2490 δυσφημοῦντες
845 2422 1026 2473 αὑτῶν
1051 2422 1149 2493 τὴν
1184 2422 1352 2493 ζωὴν,
1382 2421 1526 2487 ’ἐξειν
1570 2424 1670 2492 τήν
1712 2423 1863 2493 παρά
1889 2421 1983 2475 τοῦ

404 2502 539 2556 Θεοῦ
571 2502 851 2574 ἀντίληψιν
892 2504 917 2541 δ
952 2505 1339 2575 ἀναμένοντες.
1383 2506 1527 2576 Πρὸς
1573 2504 1745 2559 ταῦτα
1797 2507 1825 2558 6
1858 2504 1986 2557 Θεό-

403 2584 576 2655 δωρος
624 2585 1061 2656 ἐκπληττόμενος
1109 2586 1259 2655 ἔλεγε
1281 2602 1295 2616 '
1326 2588 1486 2659 Παρὰ
1521 2586 1683 2658 φύσιν
1733 2586 1848 2659 ὀρῶ
1879 2585 1986 2639 τῶν

403 2669 577 2736 λόγων
600 2670 665 2723 τά
690 2672 1011 2743 πράγματα,
1040 2671 1243 2744 Πάτερ.
1282 2672 1369 2736 Ὠς
1394 2672 1503 2745 γὰρ
1534 2673 1628 2725 ἐπὶ
1655 2672 1716 2725 τὸ
1737 2672 1985 2723 πλεῖστον

404 2756 455 2806 οί
488 2754 776 2821 κενόδοξοι,
808 2755 1259 2827 ἀνθρωπάρεσκοι
1289 2756 1443 2821 ὄντες
1462 2797 1477 2821 ,
1516 2757 1611 2810 καὶ
1636 2756 1868 2817 κόλακες
1894 2754 1985 2806 εὑ-

409 2836 719 2907 ρίσκονται,
768 2839 864 2890 καὶ
894 2838 1173 2909 τραπέζας
1202 2838 1516 2903 πολυτελεῖς
1554 2841 1947 2910 ἐπιτεχνῶνται
1967 2880 1982 2904 ,

406 2917 502 2970 τοῦ
530 2919 883 2989 ἀγαπηθῆναι
911 2920 1069 2989 χάριν
1105 2921 1199 2973 καὶ
1234 2922 1393 2974 καλοί¹
1429 2920 1659 2975 ἀκοῦσαι
1682 2962 1698 2987 ,
1749 2923 1845 2975 καὶ
1888 2925 1986 2993 ἐμ-

408 3002 737 3071 πτυσμάτων
761 3003 1073 3073 ἀνεχόμενοι
1107 3004 1387 3067 πολλάκις.
1422 3004 1546 3067 Πῶς
1573 3004 1750 3057 τοίνυν
1783 3008 1810 3057 ὁ
1842 3006 1986 3077 Πορ-

406 3084 620 3152 φύριος,
648 3083 680 3153 ἢ
712 3094 735 3123 ο
765 3084 921 3149 ἀλλος
950 3102 1055 3149 τις,
1084 3086 1185 3148 τὰς
1214 3085 1441 3149 ἀπειλὰς
1476 3085 1687 3149 καὶτὰς
1718 3089 1989 3159 τιμωρίας

407 3170 501 3219 καὶ
550 3168 648 3229 τὰς
701 3167 915 3237 ἐξορίας
965 3168 1308 3239 ἐξήσκησαν,
1370 3168 1586 3241 ἀπορῶ.
1632 3170 1689 3222 ’0
1736 3171 1985 3225 ἘΠΙΣΚ.

406 3246 577 3300 Τοῦτο
595 3249 703 3319 γάρ
727 3251 839 3302 ἐστι
868 3250 927 3302 τὸ
950 3249 1280 3319 θαυμαστὸν,
1301 3250 1565 3321 Θεόδωρε,
1586 3252 1667 3304 ὅτι
1690 3254 1771 3316 είς
1800 3252 1990 3305 τοσοῦ·

405 3346 499 3382 τον
548 3331 745 3394 κακίας
775 3331 1011 3400 ήλάκασι
1056 3332 1276 3402 μέτρον,
1311 3331 1387 3395 ώς
1419 3332 1480 3385 οὑ
1512 3334 1672 3403 μόνον
1705 3334 1781 3405 μὴ
1813 3334 1986 3387 σπεύ-

406 3412 519 3466 δειν
567 3414 821 3484 ἀρέσκειν
864 3412 1194 3485 ἀνθρώποις,
1227 3414 1363 3468 ἀλλά
1410 3416 1502 3468 καὶ
1546 3416 1648 3486 τῆς
1690 3418 1829 3489 ὑπὲρ
1878 3416 1988 3470 τῶν

410 3496 807 3565 πραττομένων
854 3496 1117 3567 αἰσχύνης
1148 3498 1271 3567 μηδ’
1291 3497 1427 3560 ὅλως
1448 3499 1756 3568 φροντίζειν
1777 3515 1788 3527 ·
1819 3501 1988 3553 κακία

408 3576 518 3647 γάρ
561 3577 759 3641 κακίας
802 3581 861 3632 ὲν
905 3578 1076 3647 κακίᾳ
1109 3579 1363 3649 προάγει.
1401 3580 1536 3633 Τότε
1577 3582 1685 3652 γάρ
1728 3585 1761 3650 ὴ
1821 3584 1988 3636 κακία

410 3658 775 3729 προϐάλλεται
808 3662 906 3732 τήν
940 3662 1265 3727 κενοδοξίαν,
1294 3663 1383 3716 ὅτε
1412 3664 1619 3729 ἐλπίζει
1644 3668 1867 3736 κρατεῖν
1900 3666 1990 3719 διά

408 3742 508 3812 τῆς
533 3742 820 3805 κολακείας
852 3744 958 3797 τῶν
990 3745 1234 3815 ἀνοήτων
1254 3762 1268 3777 ’
1302 3746 1430 3799 ὅταν
1454 3746 1511 3799 δὲ
1540 3747 1806 3819 ἀνώτεροι
1837 3750 1988 3817 εὑρεο

410 3823 547 3877 θῶσι
600 3826 695 3878 καὶ
746 3826 1035 3890 κολακείας
1063 3828 1155 3880 καὶ
1190 3829 1470 3900 τραπέζης
1518 3831 1568 3883 οἱ
1608 3832 1985 3901 θηρευόμενοι,

404 3906 505 3971 τὰς
534 3909 765 3973 ἀπειλὰς
789 3912 883 3963 καὶ
910 3911 1008 3974 τάς
1040 3913 1311 3983 τιμωρίας
1338 3913 1625 3984 προφέρει,
1658 3914 1745 3976 ἶν’,
1774 3913 1868 3975 οὒς
1895 3915 1995 3968 οὑκ

407 3987 659 4044 ἐδελέασε
685 3991 936 4064 τραπέζῃ
961 3993 993 4063 ἢ
1031 3994 1313 4065 κολακείᾳ,
1340 3996 1667 4068 καταπτήξῃ
1700 3995 1994 4067 ἀπανθρω-

409 4071 512 4143 πίᾳ
554 4074 650 4126 καὶ
702 4074 838 4137 δέει,
870 4075 949 4138 ὡς
1001 4078 1095 4129 ἐπὶ
1146 4076 1257 4130 τῶν
1315 4078 1630 4149 μαρτύρων.
1692 4079 1841 4131 Ἐκεῖ
1888 4079 1997 4149 γὰρ

409 4155 696 4227 ἀμφότερα
727 4157 1087 4223 ἐτεκταίνετο,
1118 4160 1212 4212 καὶ
1245 4160 1277 4229 ή
1320 4160 1409 4213 διά
1440 4160 1628 4231 δώρων
1671 4160 1766 4213 καὶ
1818 4160 1998 4230 τιμῶν

412 4241 825 4311 μηχανευομένη
858 4241 1044 4308 παγίς,
1070 4242 1197 4304 τοὺς
1219 4243 1347 4310 περὶ
1370 4243 1439 4296 τά
1460 4242 1682 4313 δοξάρια
1702 4244 1998 4314 κεχηνότας

410 4320 658 4391 θηρῶσα,
711 4324 807 4377 καὶ
844 4326 877 4394 ή
922 4324 1011 4376 διά
1054 4323 1332 4377 κολάσεων
1376 4323 1603 4395 ἀπειλὴ,
1649 4326 1863 4393 τήγανα
1905 4325 1999 4377 καὶ⁵

412 4403 761 4474 ἀρθρέμϐολα
789 4407 882 4458 καὶ
918 4406 1106 4475 θηρία,
1134 4406 1227 4459 καὶ
1255 4407 1355 4459 ὅσα
1383 4407 1513 4477 περὶ⁸
1546 4407 1781 4477 σφοδρὰν
1805 4406 1998 4477 ὀδύνην

411 4486 694 4554 ἐπιτήδεια
720 4488 1138 4560 εὑτρεπίζουσα,
1160 4491 1286 4552 τοὺς
1311 4490 1591 4560 ἀνδρείους
1607 4491 1699 4543 καὶ
1718 4490 1998 4558 φιλοθέους

413 4566 854 4622 ἀναδεικνύουσα.
885 4572 943 4623 'U
976 4573 1160 4641 μέντοι
1185 4574 1386 4642 κλῆρος
1414 4576 1442 4626 6
1485 4573 1801 4643 Ἀντιοχέων
1829 4574 1857 4625 ὀ
1880 4572 1999 4624 ἐπί-

417 4666 591 4721 σημος
617 4652 1019 4722 κεκρυμμένως
1055 4657 1300 4722 συνάγει,
1354 4657 1489 4727 μηδὲ
1525 4654 1842 4725 πλησιάζων
1886 4656 1999 4717 τοῖς

411 4734 615 4805 τοίχοις
644 4735 743 4805 τῆς
772 4735 1088 4804 ἐκκλησίας,
1116 4738 1210 4789 καὶ
1238 4740 1386 4791 πᾶσα
1426 4742 1459 4810 ή
1506 4740 1777 4811 ἐπίσημος
1810 4755 1997 4807 γυναι-

414 4821 654 4883 κωνῖτις,
686 4817 751 4871 δι’
786 4818 849 4881 ἀς
885 4818 1119 4888 μάλιστα
1139 4819 1400 4890 ἔκφρονες
1429 4823 1715 4891 γεγόνασιν
1754 4823 1802 4874 οί
1826 4824 1995 4893 ἀργυ-

418 4902 631 4973 ρολόγοι
668 4902 774 4956 τῶν
799 4902 1137 4974 ήγουμένων.
1164 4903 1302 4974 Περὶ
1333 4904 1390 4956 δὲ
1422 4905 1532 4957 τῶν
1562 4908 2000 4959 Κωνσταντινου-

415 4986 627 5050 πόλεως
659 4986 712 5039 τί
739 4987 820 5040 δεῖ
849 4987 943 5039 καὶ
987 4984 1189 5053 λέγειν,
1236 4986 1359 5039 ὅσον
1407 4986 1612 5058 πλῆθος
1649 4988 1862 5060 ἀπέστη
1900 4989 1999 5059 τῆς

413 5072 730 5144 ἐκκλησίας,
762 5075 993 5141 συνάγον
1028 5074 1085 5125 ἐν
1115 5072 1193 5143 τῷ
1227 5074 1477 5146 ὑπαίθρῳ
1500 5114 1515 5140 ,
1557 5075 1632 5139 ώς
1664 5080 1999 5148 προειρήκα-

416 5175 540 5226 μεν,
575 5160 651 5223 ώς
681 5161 817 5231 μηδὲ
842 5161 965 5223 τοὺς
1004 5159 1344 5231 κρατοῦντας
1373 5162 1484 5215 τῶν
1526 5163 2001 5233 ἐκκλησιαστικῶν

414 5248 757 5317 πραγμάτων
784 5247 927 5318 ἔχειν
959 5246 1245 5309 τοσούτους
1271 5248 1547 5319 ἀκροατὰς
1564 5252 1663 5323 τῆς
1701 5252 1890 5321 σιγῆς;
1916 5252 2001 5306 λό-

414 5346 512 5396 γος
540 5335 648 5404 γὰρ
674 5334 911 5405 οὐδαμοῦ
937 5334 1067 5406 παρ’
1096 5334 1302 5397 αὑτοῖς.
1336 5334 1396 5388 Ὃ
1430 5335 1609 5391 ΔΙΑΚ.
1670 5338 2001 5410 Ἠλευθέρω-

417 5415 517 5478 σάς
548 5435 647 5486 μου
674 5420 773 5491 τήν
799 5421 1056 5485 διάνοιαν,
1087 5421 1292 5489 Πάτερ,
1326 5423 1392 5491 τῇ
1416 5423 1719 5495 ἀμφιϐολία
1740 5425 1999 5480 δεδουλω-

419 5500 611 5569 μένην,
644 5509 758 5569 τοῖς
788 5507 1088 5578 ὀφθαλμοῖς
1114 5525 1213 5579 μου
1256 5510 1617 5579 παραστήσας
1645 5510 1713 5563 τά
1742 5512 2000 5581 πράγμα-

414 5604 507 5643 τα,
554 5589 616 5642 Ἥ
640 5594 750 5665 γὰρ
776 5599 1066 5668 συμφωνία
1107 5597 1215 5651 τῶν
1262 5597 1457 5665 λόγων,
1511 5600 1604 5649 καὶ
1632 5601 1665 5666 ή
1719 5599 2000 5670 ἄσκηπτος

414 5675 669 5746 διήγησις
692 5680 1107 5755 ἐπληροφόρησέ
1131 5703 1200 5755 με
1233 5685 1409 5755 ἀληθῆ
1440 5679 1577 5736 εἶναι
1606 5684 1675 5736 τά
1698 5702 1895 5757 γεγενη
1906 5688 2000 5757 μέ-

418 5782 488 5820 να
510 5781 525 5796 °
570 5765 832 5819 ἀδύνατον
864 5773 973 5840 γὰρ
1003 5774 1173 5845 ψευδῆ
1221 5774 1377 5839 λόγον
1402 5771 1578 5843 ἐαυτῷ
1614 5776 1996 5844 συμφωνῆσαι.

485 5935 508 5965 ³
770 5938 984 6007 ἅπαντες.
1135 5942 1601 5999 Μοόὶεριιψὶκοντες,
1615 5948 1736 5995 sicul
1753 5953 1799 5991 Pl
1816 5945 1992 6008 ϐοτη-ες.

486 5996 513 6034 δ
543 5998 623 6044 Sac
737 6035 746 6044 .
773 5998 896 6044 Med.
929 6000 1119 6044 luhlmn
1146 6005 1296 6044 fut-ml
1323 6004 1567 6044 ἀνάὶ-μνιιν.

545 5998 627 6061 Sig
642 5998 746 6061 md.
773 5998 896 6061 Mied.
928 6000 1119 6048 [iditum
1146 6005 1296 6052 funral
1323 6004 1567 6061 ἀνάὶησξιιν.

487 6060 510 6087 ⁸
537 6060 628 6107 Καί
646 6060 734 6109 cod
761 6099 770 6108 .
801 6060 1001 6123 Bigolus
1026 6069 1187 6111 autem
1212 6068 1255 6119 ἡ

2086 681 2430 753 Ἀνεπαχθῶς
2461 681 2640 733 τοίνυν
2674 678 2935 747 διήγησαι
2974 674 3107 745 ἡμῖν
3132 670 3225 725 καὶ
3256 668 3339 753 r1}
3350 666 3534 753 3:010—
3554 663 3655 753 τὴν

2087 750 2440 836 Ὀλυμπιάδα,
2490 762 2604 830 εἴγε
2630 762 2711 824 τίς
2745 776 2826 811 σοι
2852 756 3072 826 γνῶσις.
3109 756 3166 807 '0
3211 751 3459 836 'EHIEK.
3489 750 3656 836 Ποίαν

2070 833 2311 920 ταύτην;
2344 848 2532 918 ἐπειδή
2570 849 2675 900 εἱσι
2718 844 2813 897 καὶ
2842 842 3049 912 ἕτεραι.
3090 840 3151 892 '0
3176 839 3361 892 ΔΙΔΚ.
3390 835 3502 905 Τὴν
3542 833 3658 920 διά-

2070 916 2890 989 κονονΚωνσταντινουπόλεως,
2930 924 3149 994 νύμφην
3186 922 3317 974 ποτὲ
3356 916 3659 987 γενομένην

2072 1014 2359 1087 Νεϐριδίου
2401 1013 2495 1067 τοῦ
2534 1012 2642 1065 ἀπὸ
2677 1012 2954 1078 ἐπάρχων.
2994 1008 3052 1059 '0
3095 1004 3344 1058 'EIIIZK.
3383 1002 3490 1087 Ιξαὶ

2071 1118 2133 1169 γε
2160 1081 2297 1152 οίδα.
2341 1098 2398 1149 '0
2427 1098 2609 1149 ΔΙΑΚ.
2640 1095 2865 1163 Ποταπὴ
2916 1092 3055 1162 γυνὴ
3081 1090 3341 1160 τυγχάνει
3366 1081 3537 1148 οὔσας
3592 1084 3649 1169 '0

2085 1167 2332 1237 ἚιῐιΣκ.
2379 1182 2472 1252 Μή
2517 1180 2643 1247 λέγε
2682 1178 2850 1248 γυνή,
2879 1176 2991 1229 ἀλλ’
3024 1172 3133 1237 οἷος
3168 1173 3481 1243 ἄνθρωπος’
3522 1167 3661 1252 ἀνήρ

2072 1267 2181 1336 γάρ
2208 1267 2322 1318 ἐστι
2358 1251 2509 1333 παρὰ
2542 1262 2602 1315 τὸ
2622 1261 2714 1315 τοῦ
2749 1261 2999 1331 σώματος
3026 1258 3227 1327 σχῆμα,
3261 1256 3318 1308 '0
3347 1252 3531 1306 AIAK.
3551 1251 3662 1336 _'Ev

2074 1333 2215 1413 τίνι;
2260 1350 2318 1401 '0
2354 1348 2602 1401 'EIIIXK.
2631 1346 2729 1398 Ἕν
2766 1362 2823 1397 τε
2860 1343 2961 1414 βίῳ
2998 1341 3092 1394 καὶ
3128 1339 3310 1400 πόνοις
3343 1338 3435 1389 καὶ
3460 1333 3662 1414 γνώσει

2076 1433 2168 1485 καὶ
2292 1430 2397 1483 τῶν
2432 1428 2805 1498 περιστάσεων
2828 1412 3095 1497 ὑπομονῇ.
3122 1422 3183 1475 '0
3210 1417 3545 1501 ΔΙΑΚὲΠῶς
3569 1412 3663 1470 οὖν

2077 1516 2105 1566 6
2154 1500 2409 1581 Θεόφιλος
2464 1511 2635 1580 αὑτὴν
2674 1508 3047 1579 ἐλοιδόρησεν;
3096 1506 3152 1558 '0
3205 1500 3448 1557 ἘΠΙΣΚ.
3506 1501 3663 1563 Ποῖος

2077 1590 2261 1659 0610;;
2324 1595 2382 1647 '0
2429 1594 2614 1647 ΔῙΔΚ.
2658 1594 2719 1644 '0
2772 1590 3168 1660 Ἀλεξανδρέων
3218 1586 3544 1658 ἡγούμενος.
3603 1583 3665 1635 ὐ

2093 1677 2340 1731 ἘΠΙΣΚ.
2370 1676 2593 1739 Ἐοικάς
2627 1675 3025 1746 μοι,Θεόδωρε,
3051 1672 3178 1734 τοὺς
3211 1668 3495 1730 τοσούτους
3516 1665 3667 1720 διαύ-

2080 1760 2205 1825 λους
2252 1761 2363 1813 τῶν
2408 1760 2583 1828 λόγων
2626 1759 2766 1831 λήθῃ
2814 1756 3201 1824 κεκαλυφέναι.
3249 1754 3308 1806 '0
3360 1753 3541 1804 AIAK.
3577 1749 3667 1802 ‘Ev

2081 1844 2223 1911 τίνι;
2262 1845 2321 1898 '0
2364 1846 2610 1898 'EIIIXK.
2652 1844 2709 1897 '0
2739 1844 2840 1914 τῆς
2871 1842 3130 1912 ἀληθείας
3167 1840 3243 1910 μὴ
3304 1836 3666 1907 φεισάμενος,

2083 1928 2218 1981 ἀλλά
2255 1927 2459 1998 ταύτην
2495 1928 2923 1997 καταπατήσας,
2964 1927 3039 1988 ώς
3069 1927 3116 1977 οἱ
3152 1922 3485 1993 προάγοντες
3514 1918 3663 1987 λόγοι

2084 2012 2451 2083 παρέστησαν,
2483 2012 2576 2064 καὶ
2607 2013 2635 2063 6
2657 2011 2755 2081 τήν
2790 2009 3117 2079 Ἐκκλησίαν
3154 2006 3245 2059 ὑπ’
3273 2003 3501 2074 οὑρανδν
3528 2042 3543 2065 ,
3591 2001 3659 2053 δι’

2081 2096 2147 2165 ήν
2165 2098 2192 2149 6
2210 2094 2541 2165 Μονογενὴς,
2574 2095 2634 2146 τὸ
2659 2093 2724 2163 δὴ
2747 2092 3060 2161 λεγόμενον,
3085 2088 3309 2158 ἐσκύλη,
3341 2087 3430 2141 ἵνα
3461 2086 3667 2153 ταύτην

2083 2178 2281 2249 ἐνώση,
2332 2178 2406 2248 μή
2445 2179 2713 2247 τιμήσας,
2758 2176 2872 2229 ἀλλ’
2921 2174 3212 2245 ἐνυϐρίσας
3260 2170 3337 2241 τῷ
3390 2171 3667 2241 σχήματι,

2083 2261 2343 2328 γυναικὸς
2388 2260 2501 2328 ἔχει
2544 2258 2832 2327 φείσασθαι
2880 2258 3073 2327 χήρας,
3128 2260 3185 2309 ἐν
3228 2254 3562 2324 προσευχαῖς
3611 2252 3671 2303 τὸ

2087 2342 2184 2412 ζῇν
2212 2340 2643 2410 ἀναλισκούσης;
2690 2340 3208 2410 Ἐμπερινόστησον,
3232 2337 3324 2390 καὶ
3353 2336 3429 2389 ῐδε
3450 2335 3505 2387 εί
3545 2335 3670 2388 τινά

2089 2442 2217 2478 ποτε
2251 2424 2358 2477 τῶν
2399 2424 2585 2477 κακῶν
2631 2422 2977 2493 ἐλοιδόρησε,
3028 2419 3363 2491 μισευλαϐὴς
3406 2418 3669 2487 ὑπάρχων

2086 2508 2193 2561 ἀεί.
2236 2507 2335 2560 Διά
2362 2507 2412 2561 τί
2444 2505 2502 2559 δὲ
2532 2508 2627 2559 καὶ
2659 2507 2724 2559 ἐκ
2756 2504 2864 2559 τῶν
2906 2505 3204 2557 ἐπιστολῶν
3238 2501 3403 2555 αὑτοῦ
3439 2501 3500 2554 06
3546 2517 3668 2553 010-

2088 2592 2251 2665 χάζῃ,
2282 2589 2399 2653 πῶς
2426 2590 2567 2643 εἰσιν
2596 2590 2837 2642 ἐναντίαι
2878 2587 3168 2657 ἀλλήλαις;
3209 2584 3527 2654 Ἐπιφάνιον
3563 2583 3671 2655 γάρ

2086 2678 2175 2729 τὸν
2198 2675 2472 2746 μακάριον
2508 2673 2600 2727 τὸν
2631 2672 3017 2734 Κωνσταντίας
3044 2670 3141 2741 τῆς
3186 2668 3415 2741 Κύπρου
3447 2668 3670 2721 ἐπίσκο-

2089 2774 2208 2822 πον,
2238 2754 2591 2828 τριακονταὲξ
2630 2754 2723 2824 ἔτη
2745 2752 2986 2824 ἄρξαντα
3018 2752 3117 2823 τῆς
3159 2752 3507 2823 Ἐκκλησίας,
3542 2750 3671 2803 δυσ·

2087 2841 2383 2909 φημήσας.
2438 2838 2514 2900 ὡς
2563 2836 2841 2906 αἱρετικὸν
2869 2834 2902 2905 ἢ
2931 2834 3323 2905 σχισματάριον
3358 2833 3449 2885 ἐπὶ
3491 2833 3673 2903 Δαμά-

2088 2938 2182 2973 σου
2216 2920 2250 2990 ἢ
2287 2919 2547 2989 Σηρικίου
2592 2918 2686 2970 τοῦ
2735 2917 3041 2987 μακαρίου,
3080 2916 3304 2987 ὕστερον
3340 2918 3397 2969 ἐν
3436 2917 3503 2984 τῇ
3538 2913 3673 2985 πρὸς

2088 3003 2178 3056 τὸν
2212 3004 2401 3056 πάπαν
2445 3000 2788 3054 Ἰννοκέντιον
2832 3000 3112 3070 ἐπιστολῇ,
3142 2996 3397 3069 λοιδορῶν
3432 2997 3525 3049 τὸν
3572 3014 3675 3066 μα-

2091 3086 2282 3157 κάριον
2310 3085 2586 3155 Ἰωάννην,
2615 3084 2931 3155 εὑρίσκεται
2959 3083 3257 3152 ἁγιώτατον
3284 3080 3564 3151 ὀνομάζων
3583 3080 3674 3133 τὸν

2103 3169 2439 3237 Ἐπιφάνιον.
2471 3169 2712 3231 Ποσάκις
2734 3167 2790 3220 δὲ
2824 3166 2998 3230 θέλεις
3021 3167 3114 3219 καὶ
3141 3166 3209 3219 τά
3229 3166 3432 3232 γόνατα
3470 3163 3672 3232 ταύτης

2089 3252 2366 3323 ἐφίλησεν,
2393 3251 2569 3303 ἐλπίδι
2598 3250 2693 3302 τοῦ
2718 3250 3006 3321 ἀργυρίου,
3028 3250 3095 3320 ἣν
3128 3249 3223 3302 νῦν
3247 3248 3495 3318 λοιδορεῖ,
3531 3247 3674 3298 ἐκεί-

2090 3353 2187 3406 νης
2218 3334 2394 3405 χαμαὶ
2417 3332 2725 3405 πιπτούσης
2758 3334 2851 3386 ἐπὶ¹
2874 3331 2954 3403 τῷ
2988 3332 3299 3403 πράγματι,
3330 3331 3425 3383 καὶ
3459 3329 3671 3400 δάκρυα

2094 3416 2403 3489 ραινυὺσης,
2436 3416 2738 3469 ἐπισκόπου
2771 3414 2945 3468 ταῦτα
2970 3413 3271 3477 ποιοῦντος.
3306 3412 3454 3483 Πλὴν
3482 3414 3540 3465 ὲν
3568 3412 3673 3465 τίνι

2092 3499 2427 3569 ἐλοιδόρησεν
2456 3499 2657 3569 αὑτήν;
2687 3498 2745 3551 '0
2776 3496 2952 3551 AIAK.
3000 3498 3086 3560 Ὠς
3116 3496 3519 3566 ὑποδεξαμένην
3547 3496 3673 3560 τοὺς

2094 3584 2183 3634 ὑπ’
2206 3580 2372 3634 αὑτοῦ
2433 3580 2689 3651 ριφέντας
2720 3578 3005 3650 μοναχούς.
3049 3579 3109 3632 '0
3149 3579 3395 3632 ‘EHIXK.
3434 3579 3543 3631 Καὶ
3586 3578 3673 3645 ἐξ·

2091 3680 2239 3717 εστιν
2260 3662 2543 3731 ἐπισκόπῳ
2575 3662 2608 3732 ἢ
2654 3662 2863 3731 πρέπον
2892 3661 3029 3724 ὅλως
3065 3662 3276 3731 ῥίπτειν
3318 3662 3411 3713 τὸν
3443 3660 3674 3731 τυχόντα

2096 3746 2365 3818 μαθητὴν,
2393 3747 2607 3815 μήτιγε
2631 3746 2725 3797 καὶ
2757 3743 3090 3814 μονάζοντα;
3126 3745 3186 3798 '0
3215 3745 3400 3797 AIAK.
3449 3744 3537 3807 Ὠς
3579 3744 3675 3797 ἐάν

2094 3828 2418 3900 παρώξυναν
2460 3828 2643 3890 αὑτὸν,
2678 3827 2711 3897 ἢ
2741 3827 2930 3891 κακῶς
2968 3823 3143 3881 εἷπον.
3180 3823 3239 3881 '0
3282 3827 3531 3880 'EIIIZK.
3565 3828 3675 3880 Καὶ

2093 3914 2191 3983 τὴν
2228 3912 2362 3964 ἰδίαν
2391 3911 2559 3981 ὀργήν
2582 3908 2811 3978 ὠφειλεν
2845 3909 3220 3980 ἐκπληρῶσαι,
3248 3908 3548 3979 φροντίζων
3578 3910 3675 3980 τῆς

2098 3994 2468 4063 κακηγορίας;
2517 3992 2641 4054 Πῶς
2688 3991 2769 4044 ἐτι
2829 3986 2984 4054 οὗτος
3039 3992 3137 4053 τὰς
3196 3990 3433 4061 Χριστοῦ
3484 3990 3674 4063 ὕϐρεις

2098 4076 2346 4148 ζητήσει,
2377 4078 2405 4128 ὀ
2448 4070 2575 4143 περῖ
2606 4074 2704 4137 τὰς
2748 4074 2883 4137 ἰδίας
2916 4074 3309 4145 ἀσχολούμενος
3341 4075 3532 4140 δόξας;
3575 4076 3673 4129 Διά

2096 4159 2150 4211 τί
2191 4158 2247 4211 δὲ
2293 4157 2429 4221 ὅλως
2470 4157 2563 4210 τὸν
2595 4156 2817 4211 εἰπόντα
2845 4156 3164 4211 διδάσκαλον
3196 4158 3297 4210 οὑκ
3332 4159 3672 4229 ἐμιμήσατο,

2097 4242 2553 4310 Λοιδορούμενοι
2577 4241 2981 4310 εὺλοτοῦμεν;
3012 4242 3070 4295 '0
3097 4243 3278 4297 ΔΙΑΚ.
3305 4240 3369 4294 Τί
3387 4237 3499 4301 οὖν,
3528 4243 3601 4306 ώς
3627 4246 3674 4295 εἰ

2098 4324 2394 4395 ἑτερόδοξοι
2421 4324 2669 4393 ὑπῆρχον
2702 4326 2752 4376 οἱ
2788 4322 3147 4393 μονάζοντες;
3180 4325 3237 4378 '0
3282 4323 3527 4381 'EIIIEK.
3565 4327 3675 4379 Καὶ

2098 4407 2313 4468 πάντως
2340 4406 2449 4459 ἔδει
2481 4404 2877 4477 διορθώσασθαι
2898 4408 2994 4459 καὶ
3029 4411 3231 4469 πεῖσαι,
3262 4408 3334 4477 μὴ
3355 4407 3458 4477 γὰρ
3497 4407 3671 4476 ῥῖψαι.

2109 4489 2167 4541 '0
2202 4486 2382 4542 AIAK.
2427 4489 2515 4552 Ὦς
2550 4490 2599 4541 εί
2640 4488 2734 4541 καὶ
2763 4488 2922 4540 τοῦτο
2956 4489 3246 4559 ἐποίησεν,
3288 4490 3441 4542 αὑτοὶ
3482 4490 3537 4542 δὲ
3575 4492 3674 4543 οὐκ

2098 4571 2453 4641 ἐπείσθησαν,
2486 4572 2780 4641 φιλόνεικοι
2829 4569 3014 4636 ὅντες;
3059 4573 3116 4624 '0
3162 4571 3403 4628 'EI‘IIZK.
3435 4573 3509 4626 T6
3537 4576 3673 4627 ἀπο-

2101 4654 2344 4708 στολικὸν
2397 4654 2505 4708 ἐδει
2540 4654 2763 4725 ποιῆσαι
2787 4670 2799 4683 '
2858 4656 2969 4709 Τὸν
3014 4656 3315 4723 αἱρετικὸν
3363 4655 3677 4725 ἄνθρωπον

2094 4737 2245 4805 μετὰ
2275 4738 2424 4807 μίαν
2450 4739 2546 4792 καί
2572 4737 2861 4806 δευτέραν
2899 4739 3227 4791 νουθεσίαν
3255 4738 3563 4806 παραιτοῦ,
3599 4742 3677 4793 εί-

2100 4819 2217 4885 δὼς
2240 4822 2331 4875 ὅτι
2349 4821 2743 4889 ἐξέστραπται
2779 4823 2812 4874 ὀ
2842 4820 3111 4885 τοιοῦτος
3129 4838 3141 4849 ·
3179 4822 3254 4891 μὴ
3276 4821 3383 4892 γάρ
3413 4821 3563 4893 ῥῖψαι
3583 4823 3675 4874 καὶ

2100 4904 2429 4975 λεηλατῆσαι
2464 4905 2558 4957 καὶ
2583 4903 2688 4967 ἔξω
2714 4904 2814 4973 τῆς
2844 4901 3192 4974 θρεψαμένης
3232 4904 3502 4956 ἀπελάσαι
3535 4905 3674 4974 μετά

2099 4987 2195 5055 τῆς
2222 4988 2329 5041 τῶν
2354 4986 2626 5057 ἀρχόντων
2648 4986 2896 5057 ἀπειλῆς.
2942 4986 2998 5037 '0
3032 4983 3210 5039 AIAK.
3238 4986 3454 5038 Τελείου
3480 4985 3673 5056 ἀνδρός

2104 5088 2192 5139 μοι
2212 5070 2389 5138 λέγεις
2432 5068 2607 5140 μέτρα
2635 5068 2729 5122 καὶ
2763 5067 3045 5138 θεοφιλοῦς
3089 5070 3183 5121 καὶ
3216 5068 3559 5133 ἀνεξικάκου.
3613 5070 3673 5124 '0

2114 5154 2358 5207 'EIIIZK.
2386 5152 2496 5204 Καὶ
2520 5150 2626 5223 μὴν
2649 5153 2750 5206 οὑκ
2766 5151 2881 5205 ἐστι
2904 5152 3046 5223 μέγα
3070 5152 3342 5224 ἐγκώμιον
3364 5153 3452 5206 τὸν
3473 5154 3671 5223 ἥττονα

2102 5237 2385 5307 βαστάσαι.
2419 5234 2564 5306 Πλὴν
2590 5239 2637 5289 εί
2675 5236 2751 5307 μὴ
2783 5236 2898 5289 ἐστι
2927 5237 3151 5300 τέλειος,
3180 5238 3303 5290 ὅσον
3320 5232 3515 5309 ἦκενά,
3553 5238 3669 5300 πῶς

2101 5324 2194 5375 καὶ
2223 5322 2514 5383 ἐπίσκοπος
2555 5322 2583 5373 ὀ
2617 5319 2886 5385 τοιοῦτος;
2920 5321 3117 5389 ἀτελὴς
3150 5321 3256 5389 γὰρ
3293 5319 3499 5373 ἀτελῶν
3529 5321 3674 5374 οὑδέ-

2100 5421 2229 5457 ποτε
2275 5404 2583 5473 προνοήσει.
2634 5402 2759 5467 Πῶς
2792 5402 2847 5455 δὲ
2888 5403 2981 5455 καὶ
3016 5402 3271 5471 Θεόφιλος
3320 5402 3557 5469 λέγεται,
3596 5405 3669 5476 μὴ

2102 5488 2271 5556 φιλῶν
2323 5486 2412 5539 τὸν
2448 5486 2604 5548 Θεὸν,
2649 5486 2717 5538 δι’
2756 5486 2814 5539 ὃν
2848 5485 3045 5552 ὤφειλε
3076 5485 3177 5548 τάς
3225 5486 3333 5538 τῶν
3367 5485 3671 5557 ἀνθρώπων

2102 5570 2287 5641 ὕϐρεις
2320 5568 2516 5640 ῥαδίως
2542 5568 2760 5639 φέρειν;
2784 5569 2848 5621 Et
2872 5568 2926 5620 δὲ
2960 5568 3091 5621 Θεὸν
3118 5569 3179 5621 οὑ
3210 5569 3371 5638 φιλεῖ,
3407 5570 3566 5638 δῆλον
3588 5570 3672 5622 οὑ-

2099 5653 2154 5705 δὲ
2190 5651 2379 5705 ἐαυτόν
2400 5668 2413 5680 ⁶
2454 5652 2483 5702 ὁ
2509 5651 2565 5704 δὲ
2594 5650 2788 5704 ἐαυτοῦ
2828 5650 3019 5721 ἐχθρὸς
3047 5690 3061 5712 ,
3112 5653 3228 5715 πῶς
3259 5652 3440 5705 λοιπὸν
3479 5652 3671 5715 ἄλλους

2100 5737 2346 5804 φιλήσεις
2385 5734 2592 5787 Οὐκοῦν
2617 5736 2767 5788 οὐδὲν
2798 5734 2966 5800 ξένον,
2996 5737 3045 5787 εί
3079 5735 3269 5788 τούτου
3304 5737 3459 5805 χάριν
3482 5732 3671 5804 ἔψεξεν

2114 5816 2469 5885 Ὀλυμπιάδα,
2486 5817 2563 5879 ὼς
2582 5818 2705 5881 τοὺς
2721 5817 3047 5888 μονάζοντας
3064 5818 3378 5888 δεξαμένην.
3410 5819 3469 5871 Ὀ
3486 5820 3665 5875 ΔΙΛΚ.

2112 5898 2465 5969 Ὠμολόγηται
2499 5901 2616 5967 μὲν,
2658 5902 2738 5953 ὅτι
2768 5901 3021 5970 Θεόφιλος
3042 5902 3254 5972 ὀργίλον
3289 5901 3508 5971 ἐποίησε
3539 5903 3672 5973 πρᾶ-

2164 6066 2187 6105 ἀ
2217 6066 2315 6116 [mn
2339 6068 2500 6130 potius
2524 6070 2646 6123 ἣκει.
