4526 6734
854 608 919 662 57
2116 606 2429 661 PALLAIHI
2471 608 2715 665 DIALOG
2729 611 2810 667 US
4040 612 4110 665 58

850 735 987 790 γμα,
1038 718 1201 790 ῥίψας
1229 720 1448 783 αὐτοὺς,
1501 722 1553 773 εί
1576 740 1713 783 τινες
1745 721 1807 772 ἂν
1839 716 1967 783 εἷεν,
2001 722 2107 773 εἴτε
2137 722 2425 791 ὀρθόδοξοι,

850 803 960 854 εἴτε
992 802 1286 872 αἱρετικοί·
1309 804 1342 871 ἡ
1375 804 1559 870 μέντοι
1585 803 1829 865 διάκονος
1845 803 1943 854 οὐκ
1976 802 2203 870 ὤφειλεν
2236 805 2431 865 αὐτοὺς

852 884 1230 950 ύποδέξασθαις
1270 883 1332 938 Ὀ
1376 884 1625 939 ἘΠΙΣΚ.
1666 886 1728 936 Τί
1765 902 1845 937 σοι
1872 881 1965 937 οὖν
1995 886 2207 955 ὲφάνη;
2248 885 2427 948 καλῶς

852 968 1241 1038 πεποιηκέναι,
1282 969 1316 1039 ἢ
1360 969 1574 1033 κακῶς;
1612 971 1668 1021 '0
1691 968 1871 1022 ΔΙΑΚ.
1905 964 2071 1022 Εἶπον
2103 972 2183 1023 ὅτι
2229 972 2429 1030 κακῶς.

863 1051 923 1101 '0
970 1050 1207 1105 'EIIIEK.
1246 1052 1356 1105 Καὶ
1380 1052 1405 1076 ⁸⁸
1436 1051 1649 1104 εὐποιία
1682 1051 1924 1122 κρίνεταί
1964 1068 2127 1115 ποτε;
2173 1052 2229 1103 '0
2250 1052 2428 1103 ΔῐΑΚ.

852 1135 961 1187 Καὶ
1006 1136 1143 1189 πάνυ
1183 1153 1268 1205 γε,
1304 1137 1429 1189 ὅταν
1538 1136 1629 1189 ἐπὶ
1663 1135 1848 1188 κακῶν
1875 1134 1969 1188 καὶ
2002 1136 2076 1205 μὴ
2110 1136 2433 1203 ὀφειλόντων

853 1213 914 1270 εὖ
952 1216 1143 1271 παθεῖν
1183 1217 1459 1288 γινομένη.
1511 1218 1570 1270 '0
1607 1218 1856 1271 'EHIXK.
1892 1218 2048 1279 Τίνες
2083 1218 2264 1270 τοίνυν
2294 1214 2433 1287 ἦσαν

854 1302 904 1353 οἱ
926 1301 1369 1369 πεντακισχίλιοι.
1384 1301 1475 1365 οὓς
1492 1302 1715 1373 ἔθρεψεν
1736 1304 1763 1353 ὀ
1785 1300 1972 1371 Σωτὴρ
1995 1302 2057 1353 ἐκ
2076 1302 2236 1354 πέντε
2259 1302 2434 1370 ἄρτων

858 1386 1132 1454 κριθίνων,
1170 1386 1325 1439 καλοὶ
1356 1386 1387 1455 ἢ
1425 1387 1613 1448 κακοί;
1655 1386 1712 1436 '0
1739 1386 1922 1436 ΔΙΑΚ.
1949 1384 2204 1452 Δηλονότι
2248 1384 2430 1447 καλοὶ,

858 1469 934 1530 ώς
962 1468 1110 1540 παρά
1141 1468 1231 1521 τοῦ
1266 1469 1516 1538 Σωτῆρος
1538 1468 1857 1538 τραφέντες.
1888 1468 1945 1519 '0
1987 1467 2226 1521 ’EHIXK.
2264 1467 2359 1519 Διά
2385 1468 2436 1517 τί

856 1547 950 1603 οὖν
990 1550 1249 1621 κριθίνοις
1276 1552 1609 1620 ἐτράφησαν,
1636 1549 1789 1603 καλοὶ
1822 1551 2002 1613 δντες;
2048 1551 2105 1602 '0
2131 1551 2311 1602 ΔΙΑΚ.
2340 1549 2437 1601 Διά

860 1634 1069 1701 σπάνην
1089 1634 1217 1695 ἴσως
1247 1633 1489 1703 πυρίνων
1506 1633 1598 1685 καὶ
1620 1632 1798 1701 λιμόν.
1828 1632 1884 1685 '0
1924 1633 2172 1688 'EIIIZK.
2204 1633 2328 1695 Πῶς
2345 1630 2437 1685 οὖν

855 1715 1203 1777 ὀνειδίζονται
1236 1716 1328 1767 ἐπὶ
1360 1714 1610 1784 ἀπιστία,
1646 1716 1720 1776 ώς
1750 1715 1907 1768 καλοὶ
1946 1715 1978 1785 ἢ
2029 1716 2104 1777 ώς
2134 1716 2326 1776 κακοί;
2380 1716 2437 1767 '0

859 1794 1037 1850 ΔΙΛΚ.
1056 1798 1117 1849 Et
1143 1797 1511 1860 ὀνειδίζονται,
1530 1798 1605 1858 ώς
1635 1798 1795 1848 κακοὶ
1831 1796 2095 1867 δηλονότι.
2121 1793 2440 1849 ὈἘΠΙΣΚ.

860 1882 971 1933 Καὶ
1021 1880 1273 1934 δύνανται
1314 1882 1363 1931 οί
1403 1879 1561 1931 αὐτοὶ
1607 1878 1762 1931 καλοὶ
1800 1874 1944 1932 εἶναι
1986 1880 2081 1932 καὶ
2132 1880 2327 1941 κακοί;
2382 1879 2438 1930 '0

860 1966 1045 2018 ΔΙΔΚ.
1086 1964 1195 2016 Καὶ
1230 1963 1373 2016 πάνυ
1408 1980 1492 2030 γε.
1539 1962 1597 2014 '0
1654 1960 1897 2015 'EHIEK.
1944 1962 2105 2025 Πῶς;
2152 1963 2208 2013 '0
2253 1962 2436 2014 ΔΙΑΚ.

873 2050 958 2109 Ὠς
996 2048 1089 2116 μέν
1115 2045 1252 2115 πρὸς
1279 2046 1527 2117 χείρονας
1569 2046 1743 2107 καλοὶ,
1772 2045 1847 2108 ώς
1874 2045 1932 2097 δέ
1957 2046 2093 2116 πρὸς
2122 2044 2440 2114 κρείττονας

861 2130 1040 2181 κακοί.
1076 2131 1134 2183 '0
1163 2127 1759 2197 ἘΠΙΣΚ.Θαυμασίως
1788 2128 2035 2197 εἴρηκας.
2059 2126 2245 2195 Τούτῳ
2265 2126 2441 2178 τοίνυν

860 2212 939 2281 τῷ
981 2213 1167 2283 τρόπῳ
1218 2212 1311 2265 καὶ
1361 2214 1410 2263 οἱ
1467 2210 1793 2279 μονάζοντες
1837 2210 1931 2261 καὶ
1983 2209 2139 2262 καλοὶ
2176 2204 2315 2279 ἦσαν
2348 2211 2443 2261 καὶ

860 2296 1044 2350 κακοί.
1076 2294 1177 2347 Καὶ
1205 2296 1237 2363 ή
1277 2293 1375 2363 μὲν
1406 2292 1702 2362 πιστοτάτη
1731 2292 1807 2355 ώς
1837 2292 2035 2355 καλοὺς
2080 2292 2277 2356 αὐτοὺς
2328 2293 2444 2355 ἐξέ-

860 2378 1100 2431 νισεν·ὀ
1155 2376 1212 2429 δέ
1276 2375 1577 2445 θαυμάσιος
1633 2374 1708 2437 ώς
1761 2376 1968 2439 κακοὺς
2026 2373 2270 2447 ἔρριψεν,
2306 2374 2445 2444 ὅπερ

863 2461 965 2514 ούκ
997 2460 1124 2513 ἔδει.
1163 2460 1223 2511 '0
1252 2460 1433 2511 ΔῘΑΚ.
1479 2457 1619 2510 Ἀλλ’
1662 2458 1780 2528 ἐρεῖ
1830 2474 1930 2513 σοι.
1989 2457 2071 2510 ὅτι
2112 2457 2237 2508 Ἐπὶ
2297 2455 2443 2527 λύπῃ

864 2544 973 2613 ἐμῇ
1001 2542 1163 2608 ἐδέξω
1187 2542 1313 2604 τοὺς
1338 2539 1565 2611 ἐχθρούς
1595 2556 1719 2609 μου.
1764 2539 1821 2591 '0
1858 2538 2109 2592 ‘EIIIEK.
2137 2537 2315 2601 Ὀλως
2345 2539 2443 2608 μὲν

863 2623 961 2678 οὖν
989 2626 1209 2695 ἥττημα
1240 2623 1387 2693 αύτῷ
1419 2624 1563 2674 ἐστιν
1588 2662 1602 2683 ,
1642 2622 1721 2674 ὅτι
1755 2620 1850 2673 καὶ
1889 2619 2117 2690 ἐχθροὺς
2154 2621 2443 2689 ὀνομάζει,

865 2710 894 2759 ὁ
934 2705 1215 2777 χρεώστης
1247 2705 1353 2757 τῶν
1408 2703 1619 2774 ὕϐρεων
1665 2703 1740 2766 ώς
1796 2702 2031 2773 Χριστοῦ
2093 2703 2356 2771 μιμητής.
2388 2699 2446 2754 '0

867 2788 1043 2843 ΔΙΑΚ.
1081 2787 1189 2840 Ποῦ
1238 2786 1325 2840 δαὶ
1378 2785 1727 2848 ὀνειδίζονται
1780 2784 1833 2836 οἱ
1882 2783 2311 2852 πεντακισχίλιοι
2344 2783 2449 2837 ὑπὸ

867 2872 964 2925 τοῦ
999 2872 1273 2941 Σωτῆρος,
1310 2869 1385 2931 ώς
1418 2870 1675 2937 είρηκαςς
1726 2868 1785 2919 ού
1822 2866 1931 2938 γὰρ
1959 2866 2345 2936 ἀναφέρονται.
2388 2866 2449 2919 '0

879 2953 1125 3007 ἙΠΙΣΚ.
1162 2954 1353 3006 Ἡνίκα
1388 2950 1886 3022 συναθροισθέντες,
1910 2948 2241 3019 ἐκδευτέρου
2274 2966 2450 3019 προσ-

866 3037 1028 3109 ῆλθον
1057 3037 1133 3105 τῷ
1173 3035 1367 3105 Ἰησοῦ,
1394 3033 1724 3095 ἀκούσαντες
1745 3050 1757 3062 ο
1792 3032 2030 3099 Ζητεῖτέ
2057 3048 2162 3101 με,
2221 3033 2335 3099 οὺχ
2363 3031 2451 3084 ὅτι

870 3119 1062 3174 εἴδετε
1095 3118 1313 3186 σημεῖα
1361 3117 1459 3170 καὶ
1512 3116 1745 3183 τέρατα,
1792 3116 2046 3169 ἀλλ’ὅτι
2092 3113 2341 3183 ἐφάγετε
2380 3114 2449 3165 ἐκ

871 3202 994 3257 τῶν
1036 3202 1248 3269 ἄρτων,
1307 3200 1402 3252 καὶ
1470 3197 1891 3266 ἐχορτάσθητε.
1955 3198 2013 3248 '0
2057 3196 2333 3266 Θεόδωρος
2376 3189 2451 3246 εί-

874 3302 1009 3339 πεν’
1052 3283 1373 3353 Σαφέστατα
1421 3282 1553 3351 ἔχει.
1599 3282 1657 3333 '0
1695 3281 1941 3332 'EIIIEK.
2001 3280 2059 3331 '0
2107 3278 2164 3330 δὲ
2213 3276 2449 3345 ψεκτὸς,

868 3367 1012 3421 κατά
1027 3368 1183 3420 τοῦτο
1198 3367 1291 3419 καὶ
1311 3365 1498 3427 κακός.
1527 3365 1584 3416 '0
1600 3364 1779 3415 AIAK.
1795 3359 2091 3428 Μενοῦνγε.
2118 3360 2176 3413 '0
2202 3358 2450 3416 'EIIIEK.

875 3452 1095 3512 Κακοὺς
1129 3445 1221 3501 οὖν
1256 3446 1504 3517 ἔθρεψεν,
1544 3447 1578 3516 ἢ
1606 3445 1805 3506 καλοὺς
1830 3446 1859 3496 ὁ
1889 3444 2119 3513 Σωτήρ;
2159 3442 2219 3494 '0
2266 3442 2450 3494 ΔΙΑΚ.

885 3532 1250 3603 Ὢμολόγηται
1309 3530 1390 3582 ὅτι
1427 3528 1648 3591 κακούς·
1676 3529 1759 3579 Οὐ
1796 3525 1905 3594 γὰρ
1963 3526 2174 3593 χρείαν
2200 3522 2455 3591 ἔχουσιν

875 3622 930 3671 οι
970 3617 1343 3687 ὑγιαίνοντες
1388 3612 1625 3682 ἰατροῦ,
1680 3610 1817 3664 ἀλλ’
1852 3611 1906 3661 οἱ
1948 3606 2143 3673 κακῶς
2184 3606 2447 3674 ἔχοντες.

884 3703 944 3755 ὀ
985 3700 1233 3754 ἘΠΙΣΚ.
1285 3697 1350 3750 Τί
1400 3692 1525 3762 ούν;
1578 3694 1745 3749 κακὸν
1789 3692 2087 3761 πεποίηκεν
2131 3689 2449 3759 Ὀλυμπιὰς,

873 3785 966 3837 τὸν
1000 3781 1198 3851 ἐαυτῆς
1230 3778 1432 3851 Κύριον
1468 3776 1848 3849 μιμησαμένη,
1873 3774 1981 3827 τὸν
2021 3772 2325 3840 βρέχοντα
2353 3774 2454 3825 καὶ

874 3867 1287 3921 ἀνατέλλοντα
1338 3865 1445 3917 τὸν
1498 3861 1716 3915 ἑαυτοῦ
1787 3859 1965 3927 ἥλιον
2022 3856 2120 3909 ἐπὶ
2182 3855 2455 3920 δικαίους

877 3952 977 4005 καὶ
1008 3949 1292 4011 ἁδίκους;
1319 3946 1418 3999 κᾶν
1451 3946 1499 3997 οἱ
1533 3945 1818 4014 Φαρισαῖοι
1860 3941 2161 4004 ὀνειδίζωσι
2187 3940 2313 4003 τοὺς
2349 3956 2455 4008 μα-

878 4031 1067 4101 θητὰς,
1095 4030 1365 4096 λέγοντες·
1418 4027 1474 4079 ’0
1506 4024 1879 4089 διδάσκαλος
1908 4022 2078 4093 ὑμῶν
2099 4022 2251 4091 μετὰ
2276 4024 2455 4073 τελω-

876 4113 1001 4168 νῶν
1029 4113 1125 4166 καί
1169 4110 1533 4182 ἁμαρτωλῶν
1567 4109 1755 4164 ἐσθίει
1802 4107 1899 4161 καὶ
1932 4108 2113 4160 πίνει.
2172 4105 2229 4158 '0
2270 4104 2453 4157 AIAK.

894 4197 983 4258 Ὠς
1013 4195 1179 4256 ἔοικε,
1214 4192 1366 4263 παρὰ
1407 4192 1504 4261 τὴν
1565 4190 1779 4243 σύνεσιν
1808 4188 1916 4242 τῶν
1964 4186 2177 4240 πολλῶν
2233 4186 2458 4239 κακολο-

883 4282 1060 4347 γεῖται
1095 4278 1193 4347 μὲν
1244 4276 1315 4328 τὰ
1379 4273 1574 4344 σεμνά,
1634 4272 1866 4339 φιλεῖται
1912 4270 1969 4322 δὲ
2012 4270 2081 4322 τὰ
2130 4270 2349 4338 αίσχρά.
2398 4268 2457 4319 '0

894 4362 1143 4416 ’EﬂlEK.
1185 4360 1328 4431 Πρὸς
1353 4358 1408 4411 τί
1444 4373 1525 4408 σοι
1552 4347 1706 4417 οὗτος
1738 4356 1767 4406 ό
1802 4353 1977 4420 λόγος,
2033 4350 2456 4421 φιλαληθέστατε

880 4446 1158 4516 Θεόδωρες
1194 4445 1254 4497 '0
1287 4442 1469 4495 AIAK.
1522 4440 1643 4491 Ὀτι
1672 4440 1720 4491 εί
1756 4438 1831 4508 μὴ
1880 4438 1945 4490 σὺ
1992 4435 2317 4505 ἐγύμνωσάς
2367 4451 2457 4504 μοι

882 4530 972 4583 τὸν
997 4529 1175 4597 λόγον,
1206 4523 1626 4593 συλλογιστικῶς
1664 4520 1989 4590 σαφηνίσας,
2030 4520 2109 4580 είς
2164 4518 2263 4586 τὴν
2302 4517 2457 4569 ἀναί-

884 4612 1077 4681 σθητον
1103 4609 1493 4679 συναπηγόμην
1516 4604 1694 4667 δόξαν.
1735 4604 1796 4655 ού
1840 4601 1918 4671 τῷ
1951 4600 2136 4667 σκοπῷ
2176 4600 2275 4668 τῆς
2310 4600 2459 4681 ἐλευ-

886 4680 1073 4763 θερίας
1099 4692 1126 4733 ιι
1156 4691 1459 4761 προσέχων,
1493 4686 1629 4739 ἀλλὰ
1669 4688 1781 4746 τοῖς
1812 4682 2068 4750 Θεοφίλου
2099 4681 2363 4763 θρύλλοις.
2399 4680 2459 4732 '0

774 4826 781 4831 ,
886 4762 1134 4828 ἘΠΙΣΚ.
1187 4771 1394 4825 Οὐκοῦν
1450 4771 1511 4822 τὸ
1566 4767 1804 4821 ἐναντίον
1856 4764 1949 4817 ἐὰν
1987 4762 2376 4832 ἀποδειχθῶσιν
2412 4764 2460 4813 οί

884 4860 1033 4928 ἅγιοι
1056 4859 1251 4911 ἐκεῖνοι
1278 4855 1464 4926 ἄνδρες
1484 4854 1543 4906 ού
1574 4853 1732 4924 μόνον
1762 4850 1824 4903 οὐ
1851 4848 2031 4910 κακοὶ,
2054 4846 2189 4900 ἀλλὰ
2214 4846 2306 4898 καὶ
2335 4845 2463 4897 πο).-

884 4944 1011 5003 λοὺς
1047 4941 1155 4995 ἀπὸ
1185 4938 1380 5002 κακίας
1406 4938 1540 5008 πρὸς
1572 4934 1771 5006 ἀρετὴν
1812 4930 2275 4999 ἐπαναγαγόντες,
2305 4928 2461 4997 δῆλος

887 5028 1038 5079 ἔσται
1080 5026 1108 5076 ὁ
1140 5024 1345 5077 τούτων
1396 5021 1629 5090 διώκτης
1663 5019 1810 5085 ἄξιος
1858 5018 1918 5071 οὐ
1971 5014 2287 5085 διωχθῆναι,
2346 5012 2458 5066 ἀλλ’

886 5107 1196 5177 ἐλεηθῆναι,
1247 5106 1322 5168 ώς
1371 5107 1498 5165 τοὺς
1535 5105 1631 5173 μὲν
1662 5101 1859 5163 καλοὺς
1900 5100 1987 5152 ἀεὶ⁵
2040 5096 2458 5169 λυμαινόμενος,

885 5192 1014 5253 τοὺς
1043 5189 1101 5242 δέ
1128 5189 1329 5250 κακοὺς
1353 5186 1772 5255 ἀποδεχόμενος.
1805 5182 1865 5234 '0
1893 5182 2077 5236 ΔΙΑΚ.
2109 5181 2298 5243 Οὕτως
2328 5180 2462 5250 ἔχει,

885 5276 962 5339 ώς
996 5275 1242 5343 εἴρηκας.
1278 5270 1395 5323 Κᾶν
1443 5268 1553 5339 γὰρ
1600 5268 1676 5337 μὴ
1707 5263 2096 5333 ἀποδειχθῶσιν
2133 5265 2330 5316 ἐκεῖνοι
2377 5280 2464 5315 σο-

886 5357 977 5424 φοί
1009 5374 1066 5409 τε
1096 5356 1191 5408 καὶ
1218 5354 1385 5422 ἅγιοι,
1411 5352 1485 5414 ῶς
1506 5367 1670 5419 φασιν
1701 5349 1751 5400 οἱ
1778 5346 1982 5409 πολλοὶ,
2014 5346 2168 5407 ἐκτὸς
2207 5345 2465 5415 μέμψεως

888 5441 1039 5493 ἔσται
1066 5440 1099 5504 ὴ
1129 5435 1433 5507 Ὀλυμπιὰς
1452 5436 1515 5487 ἐκ
1540 5433 1646 5485 τῶν
1673 5430 2049 5501 προλαδόντων
2072 5427 2463 5496 συλλογισμῶν,

888 5522 951 5574 τὸ
979 5519 1069 5574 τοῦ
1094 5520 1345 5590 Σωτῆρος
1378 5518 1603 5588 μίμημα
1662 5512 2067 5583 ἐπιδειξαμένη.
2118 5511 2176 5562 '0
2215 5510 2462 5563 'EIIIEK.

888 5605 1002 5659 Καὶ
1033 5602 1189 5656 ποίαν
1228 5602 1397 5671 μείζω
1422 5604 1555 5672 ὁρᾷς
1584 5598 1888 5669 μαρτυρίαν
1915 5596 2025 5648 τῶν
2061 5593 2337 5664 πράξεων.
2368 5592 2466 5659 τὴν

886 5689 983 5742 τοῦ
1008 5687 1358 5755 Εύαγγελίου,
1394 5687 1427 5753 ἢ
1451 5684 1547 5753 τὴν
1579 5682 1865 5750 Θεοφίλου;
1917 5680 1974 5732 '0
2002 5679 2183 5731 ΔΙΑΚ.
2232 5678 2465 5744 Ἀπαγε,

889 5770 1213 5842 παρακαλῶ·
1239 5768 1585 5836 ὡμολόγηται
1631 5764 1739 5833 γὰρ
1788 5762 1937 5832 παρά
1996 5762 2127 5814 πᾶσι
2183 5760 2469 5842 κάκείνους

892 5841 1052 5906 αὑτὸν
1082 5853 1188 5904 ἀπό
1225 5867 1371 5913 τινος
1396 5848 1566 5919 ὀργῆς
1596 5848 1688 5899 καὶ
1719 5845 2010 5915 φιλαρχίας
2063 5841 2338 5914 ἐρρῖφθαι,
2374 5843 2469 5894 καὶ

892 5934 1093 6002 ταύτην
1119 5936 1225 5987 ἀπὸ
1249 5930 1673 6002 δεισιδαιμονίας
1715 5932 1807 5983 καὶ
1841 5928 2039 5998 ἔχθρας
2095 5924 2467 5996 λελοιδορηκέσ

959 6069 982 6098 '1
1021 6070 1143 6116 ﬁdth
1170 6071 1445 6117 articulum.

958 6131 984 6173 δ
1008 6130 1188 6182 Salviu.
1220 6132 1408 6194 conjici!
1431 6132 1658 6184 ἀληθείας.

2536 741 2645 787 ναι,
2667 724 3143 795 προφασισαμένου
3173 727 3380 780 ἐκείνου
3403 726 3525 788 τοὺς
3558 721 3901 794 μονάζοντας.
3926 723 4085 776 Ἀστο

2536 808 2707 875 χήσας
2734 809 2840 879 γὰρ
2862 808 2953 860 ἐπὶ
2968 811 3086 870 ταῖς
3106 808 3491 879 δουλοπρεπέσι
3515 806 3821 866 κολακείαις
3836 804 3914 873 τῷ
3943 807 4111 875 μηδὲν

2536 894 2663 961 παρ’
2694 894 2862 963 αὐτῆς
2889 891 3183 961 είληφέναι,
3218 893 3354 961 πλὴν
3383 893 3683 963 βρωμάτων
3713 890 3746 959 ἢ
3790 886 3997 951 ξενίων,
4030 890 4111 948 εἰς

2536 975 2801 1047 λοιδορίαν
2826 978 3054 1047 ἐτράπτγ
3079 976 3233 1029 τοῦτο
3252 978 3531 1045 γὰραύτοῦ
3546 978 3603 1028 τὸ
3626 976 3743 1038 ἔθος
3765 975 3855 1027 ἐπὶ
3868 971 4108 1025 πάντων.

2609 1057 2759 1115 ΚΕΦ.
2806 1060 2904 1113 1Ζ’.
2938 1090 3006 1098 ~—
3031 1060 3091 1110 '0
3129 1058 3371 1110 'EIIIEK.
3397 1054 3596 1109 'Axous
3624 1059 3826 1119 τοίνυν,
3848 1053 4115 1108 διακόνων

2536 1141 2744 1210 ἄριστε.
2791 1142 2930 1213 Ὀρῶ
2979 1141 3088 1211 γάρ
3131 1158 3188 1193 σε
3244 1142 3513 1212 χρήσιμον
3562 1141 3638 1211 τῷ
3680 1141 3859 1209 κοινῷ*
3898 1140 3956 1191 τὸ
4003 1136 4111 1204 γὰρ

2540 1225 2824 1278 σπουδαῖόν
2854 1243 2944 1277 σου
2975 1227 3030 1276 ἐν
3080 1223 3157 1292 τῷ
3207 1223 3311 1291 νέῳ
3362 1222 3622 1291 ἐχέγγυον
3670 1223 3759 1274 τοῦ
3812 1221 4022 1291 ἔντιμον
4054 1220 4112 1269 ἐν

2536 1306 2684 1376 γήρα
2707 1306 2943 1360 ἔσεσθαι.
2970 1307 3031 1358 υἱ
3055 1306 3244 1374 ἄνδρες
3267 1298 3409 1356 οὗτοι
3437 1303 3493 1369 ἐξ
3518 1304 3739 1356 ἁπαλῶν
3770 1304 3997 1372 ὀνύχων,
4016 1301 4110 1352 καὶ

2538 1387 2880 1455 Χριστιανῶν
2954 1388 3178 1456 γονέων,
3241 1384 3361 1453 Θεῷ
3418 1384 3801 1451 ὑποταγέντες,
3866 1386 3965 1437 οὐκ
4022 1385 4117 1452 ἧν·-
4184 1406 4185 1409 η

2539 1467 2779 1538 έσχοντο,
2813 1471 2931 1523 οὐδὲ
2972 1470 3163 1541 κομιδῇ
3199 1469 3409 1537 πλέοι,τῇ
3447 1467 3763 1536 ματαιότητι
3795 1467 4073 1518 δουλεῦσαι
4095 1504 4113 1527 ,

2538 1552 2658 1603 οὐδὲ
2686 1556 2795 1617 τοῖς
2820 1554 2995 1622 ὄχλοις
3031 1550 3559 1621 συναναστραφῆναι,
3600 1550 3735 1601 ἀλλὰ
3782 1550 4114 1602 καταλαϐόν-

2539 1650 2628 1695 τες
2667 1635 2765 1705 τὴν
2795 1637 2858 1687 ἐκ
2906 1635 3248 1705 μεσημϐρίας
3287 1634 3541 1702 ἀοίκητον
3577 1632 3766 1701 πόρρω
3798 1648 3897 1682 που
3930 1630 4115 1699 κειμέ-

2539 1732 2636 1785 νην
2694 1721 2793 1787 τῆς
2835 1719 3176 1787 οἰκουμένης,
3230 1718 3626 1784 συνεστήσαντο
3683 1713 3943 1775 καλύϐας,
3992 1715 4116 1765 ὅσον

2539 1799 2820 1867 διαφυγεῖν
2849 1800 2943 1870 τὴν
2969 1799 3261 1868 ἐπάχθειαν
3291 1798 3391 1868 τῆς
3426 1797 3655 1869 ἡλιακῆς
3682 1795 3984 1866 λαμπάδος,
4014 1795 4108 1846 καὶ

2539 1881 2638 1950 τὴν
2676 1882 2866 1953 δρόσον
2908 1884 3004 1951 τὴν
3060 1885 3123 1933 ἐκ
3160 1881 3252 1933 τοῦ
3304 1882 3485 1951 ἀέρος.
3522 1882 3610 1933 Ἐν
3652 1874 3739 1943 αἷς
3799 1879 4113 1945 διάγοντες,

2542 1964 2727 2033 εὐχαῖς
2757 1965 2851 2016 καὶ
2893 1958 3279 2032 ἀναγνώ’σ’;λ.ασι
3329 1963 3420 2015 τὸν
3470 1963 3675 2014 ἑαυτῶν
3726 1961 4117 2031 κατηνάλωσαν

2543 2047 2730 2116 χρόνον
2764 2046 2813 2111 ἀ,
2863 2045 3112 2098 τοσοῦτον
3138 2045 3407 2108 θλιϐέντες
3437 2048 3560 2107 τοὺς
3594 2046 3837 2116 καρποὺς
3869 2046 3976 2094 τῶν
4004 2060 4118 2111 χειο

2548 2130 2653 2199 ρῶν
2680 2133 2736 2181 ἐν
2790 2129 2973 2199 ἔργοις
3034 2134 3384 2199 σωματικοῖς,
3416 2130 3537 2181 ὅσον
3588 2130 3667 2191 είς
3695 2128 3899 2197 τροφὴν
3926 2124 4116 2193 εὐτελῆ

2544 2210 2878 2279 ἐπαρκέσαι,
2955 2212 3177 2281 ἄμεινον
3249 2210 3590 2281 ἡγησάμενοι
3657 2206 4118 2275 συναγελάζεσθαι

2542 2294 2764 2363 δορκάσι
2794 2296 2887 2347 καὶ
2918 2295 3197 2364 στρουθοῖς
3224 2296 3257 2365 ἢ
3293 2295 3593 2365 βουδάλοις,
3626 2294 3660 2363 ἢ
3702 2290 4120 2361 συνευωχεῖσθαι

2543 2382 2654 2441 τοῖς
2684 2378 2815 2431 Θεὸν
2854 2378 3137 2445 ἀγνοοῦσιν
3172 2377 3495 2449 ἀνθρώποις.
3556 2377 3771 2430 Τούτων
3822 2379 3851 2429 ὁ
3904 2376 4001 2445 μὲν
4027 2391 4121 2441 γε-

2548 2462 2833 2533 ραιότατος
2890 2463 3034 2530 ἀμφὶ
3085 2461 3154 2514 τὰ
3204 2464 3558 2532 ἐννενήκοντα
3614 2460 3971 2531 παριππάσας
4003 2459 4116 2527 Ξτη,

2547 2544 2957 2614 συνανεστράφη
2991 2544 3069 2613 τῷ
3093 2545 3350 2616 μακαρίῳ
3389 2546 3678 2616 Ἀντωνίῳ,
3716 2543 3889 2613 Ἰέραξ
3921 2541 4119 2594 καλού·

2550 2646 2729 2699 μενος,
2768 2629 2830 2681 τὸ
2864 2628 3052 2699 κύριον
3086 2629 3255 2698 ὄνομα
3283 2630 3447 2681 είσέτι
3480 2629 3575 2681 καὶ
3604 2627 3847 2697 ἐνισχών⁸
3886 2628 3913 2677 ὀ
3935 2626 3981 2676 δ’
4011 2625 4126 2675 ἐτε-

2551 2727 2641 2781 ρος
2680 2710 3006 2780 Ἀμμώνιος,
3039 2712 3136 2764 σὺν
3157 2710 3309 2763 δυσὶν
3340 2710 3586 2778 ἀδελφοῖς
3615 2710 3883 2776 άσκηταῖς
3917 2706 4009 2758 καὶ
4042 2704 4123 2756 ἐνὶ

2549 2794 2850 2861 ἐπισκόπῳ,
2885 2793 2934 2844 οἳ
2982 2791 3076 2844 καὶ
3114 2790 3597 2860 κλοιοφορήσαντες
3650 2790 3741 2841 ἐπὶ
3801 2789 4118 2849 Οὐάλεντος,

2550 2875 2939 2946 ἐξωρίσθησαν,
2968 2875 3043 2937 ώς
3072 2876 3219 2927 πᾶσα
3248 2872 3599 2941 ἐπιγινώσκει
3642 2875 3674 2941 ἡ
3725 2871 4119 2939 Ἀλεξάνδρεια,

2551 2955 2955 3027 ἑξηκοντούτηςο
2982 2956 3210 3008 τοιοῦτοι
3266 2955 3414 3018 ὄντες
3460 2958 3518 3007 ἐν
3552 2954 3771 3022 γνώσει,
3825 2955 3898 3015 ὡς
3951 2952 4117 3021 μηδὲν

2551 3041 2745 3102 αὐτοὺς
2792 3038 3102 3108 διαφεύγειν
3143 3039 3250 3091 τῶν
3302 3040 3359 3090 ἐν
3388 3041 3507 3100 ταῖς
3560 3039 3799 3108 ι’ραφαῖς
3841 3040 3949 3099 τοῖς
3992 3035 4123 3087 πολ-

2550 3124 2662 3187 λοῖς
2691 3124 3104 3193 ἀπορουμένων.
3127 3116 3228 3175 Ὧν
3266 3124 3316 3175 οἱ
3359 3123 3455 3191 μὲν
3484 3121 3577 3174 δύο
3603 3121 3989 3190 ἐκοιμήθησαν,
4030 3135 4124 3169 τε·

2549 3207 2911 3276 λευτήσαντες
2944 3206 3000 3256 ἐν
3030 3203 3622 3276 Κωνσταντινουπόλει·
3667 3202 3971 3271 Ἀμμώνιος
4000 3201 4120 3269 μὲν,

2550 3292 2627 3353 ὠς
2672 3272 2720 3342 οί
2774 3290 2902 3357 περὶ
2952 3286 3219 3357 Αύρήλιον
3279 3272 3372 3337 καὶ
3441 3286 3702 3338 Σισίννιον
3756 3284 4116 3353 διηγήσαντο,

2554 3370 2937 3442 προφητεύσας
2965 3369 3092 3438 περὶ
3120 3369 3217 3439 τὴν
3248 3367 3421 3432 ἔξοδον
3449 3407 3461 3428 ,
3511 3367 3586 3429 ώς
3616 3365 3847 3435 μεγάλου
3878 3364 4117 3432 διωγμοῦ

2553 3453 2938 3524 ἐπιγενομένου
3017 3452 3109 3505 καὶ
3186 3450 3482 3520 σχίσματος
3554 3451 3675 3511 ταῖς
3738 3447 4119 3516 Ἐκκλησίαις,

2553 3537 2829 3606 αἴσχιστον
2853 3535 3004 3595 τέλος
3033 3534 3357 3599 ἀπενεγκεῖν
3388 3533 3513 3592 τοὺς
3565 3530 3792 3592 αἰτίους,
3823 3529 3915 3581 καὶ
3952 3527 4126 3588 οὕτως

2554 3618 2816 3688 ἐνωθῆναι
2841 3618 2940 3680 τὰς
2984 3614 3326 3684 Ἐκκ).ησίας’
3356 3612 3384 3664 ὃ
3409 3612 3473 3682 δὴ
3514 3613 3608 3664 καὶ
3642 3614 3705 3663 ἐκ
3733 3611 3928 3681 μέρους
3960 3610 4124 3675 γεγέ-

2551 3719 2731 3771 νηται,
2783 3701 2876 3753 καὶ
2921 3700 3228 3768 γενήσεται.
3278 3694 3555 3747 Ἐντεῦθεν
3599 3693 3706 3764 γάρ
3737 3710 3896 3745 τινων
3925 3690 3989 3743 τὰ
4023 3690 4132 3743 σώ-

2556 3801 2720 3853 ματα,
2751 3782 3064 3835 ἐπισκόπων
3116 3794 3175 3832 τε
3204 3778 3296 3830 καὶ
3344 3776 3577 3838 λαῖκῶν,
3617 3778 3650 3845 ὴ
3694 3774 3844 3836 νόσος
3885 3773 3910 3811 ἀ
3945 3790 4127 3841 παρα-

2552 3866 2813 3929 λαϐοῦσα,
2852 3864 3118 3925 ποικίλοις
3156 3860 3385 3914 πάθεσιν
3430 3858 3735 3929 ἐμερίζετο,
3776 3856 3995 3927 πυρετῷ
4028 3854 4129 3924 μὲν

2560 3946 2787 4020 μαλακῷ
2822 3946 2892 3997 τὰ
2932 3944 3213 4014 σπλάγχνα
3240 3941 3586 4004 διακαίουσα,
3636 3939 3862 4009 κνησμῷ
3914 3938 3960 3988 δ’
3993 3938 4129 4003 ιΞιφο⁸

2558 4033 2706 4102 ρήτῳ
2734 4030 2831 4098 τὴν
2867 4028 3185 4096 ἐπιφάνειαν
3213 4027 3338 4096 ὅλην
3374 4027 3485 4087 τοῖς
3536 4024 3712 4087 ὄνυξιν
3746 4020 4125 4102 ἐξορύττουσα,

2558 4101 2733 4166 κώλου
2767 4128 2827 4163 τε
2864 4113 3103 4179 συνεχεῖς
3155 4108 3464 4180 ἀλγηδόνες.
3509 4107 3666 4167 Τινὺς
3716 4102 3842 4172 περί
3895 4117 3953 4152 τε
4000 4101 4130 4162 τοὺς

2559 4195 2727 4257 πόδας
2752 4192 3125 4263 ὑδρωπιῶντος
3148 4192 3414 4263 οἰδήματα
3452 4187 3690 4241 πελιδνά·
3714 4186 3897 4253 ἐτέρου
3921 4182 3977 4234 δέ
4012 4181 4133 4251 ῥεύ-

2563 4295 2707 4349 ματα
2738 4276 2863 4347 περὶ
2891 4276 2959 4329 τά
2997 4275 3233 4345 τέσσαρα
3284 4272 3461 4342 ἄρθρα
3505 4268 3703 4338 θερμὸν
3753 4265 3956 4335 ψυχρὸν
3990 4267 4132 4349 τοὺς

2560 4346 2742 4423 κακῶς
2801 4346 3221 4429 ὕπογράψαντας
3269 4353 3563 4412 δακτύλους
3616 4350 3859 4419 ἐφρισσε,
3925 4346 4017 4400 τοῦ
4070 4363 4131 4398 τε

2559 4445 2723 4513 ἤτρου
2751 4440 3044 4511 φλεγμονὴ,
3093 4440 3186 4491 καὶ
3225 4437 3311 4489 διὰ
3342 4435 3529 4503 μορίου
3561 4429 3969 4513 τινδςσηπεδὼν
4000 4430 4131 4481 δυσ-

2557 4512 2721 4578 ωδίαν
2781 4525 2862 4586 είς
2894 4521 3103 4591 μακρὸν
3151 4515 3570 4584 παρατείνουσα,
3617 4512 3900 4584 σκώληκας
3931 4522 3954 4549 ο
3997 4526 4131 4577 γενο

2559 4606 2727 4659 νῶσα.
2774 4602 3101 4675 Ὀρθόπνοιά
3152 4615 3212 4650 τε
3262 4596 3397 4665 πρὸς
3438 4596 3649 4658 τούτοις
3701 4596 3794 4648 καὶ
3845 4593 4130 4651 δύσπνοια,

2558 4690 2655 4743 καὶ
2710 4689 2928 4741 πάντων
2989 4681 3097 4734 τῶν
3157 4678 3333 4749 μελῶν
3391 4680 3680 4741 διατάσεις·
3740 4675 4027 4747 φαντασίαι
4069 4690 4131 4723 τε

2559 4769 2873 4839 νυκτεριναὶ
2898 4769 2977 4827 είς
3010 4763 3177 4824 κύνας
3224 4762 3531 4825 λυττῶντας
3564 4764 3656 4816 καὶ
3710 4761 3955 4832 ξιφήρεις
4000 4756 4134 4839 βαρο

2563 4838 2783 4922 ϐάρους,
2824 4846 3215 4913 ἀλλόγλωσσον,
3255 4846 3546 4916 κυματώδη
3586 4845 3605 4883 ἲ
3640 4844 3823 4913 φωνὴν
3874 4838 4131 4922 ἐξηχςῡῖ-

2564 4918 2675 4996 τες,
2713 4927 3261 5000 μετεσχηματίζοντο,
3294 4926 3498 4980 ἀῦπνον
3525 4928 3616 4979 τὸν
3645 4926 3810 4978 ὕπνον
3839 4918 4134 4975 ἀποτελοῦ-

2569 5035 2674 5069 σιν.
2710 5015 2935 5084 Ἕτερος
2982 5012 3037 5064 δέ
3085 5010 3145 5074 ἐξ
3192 5010 3358 5063 ἵππου
3395 5009 3597 5073 πεσὼν,
3647 5009 3740 5061 καὶ
3778 5003 4037 5072 καυληδὸν
4071 5003 4135 5054 τὸ

2564 5099 2735 5163 δεξιὸν
2760 5095 3030 5160 κατεάξας
3083 5094 3288 5160 σκέλος,
3328 5095 3639 5165 παραυτίκα
3671 5092 3732 5143 τὸ
3765 5089 3863 5158 ζῇν
3889 5087 4135 5155 ἀπέρρη-

2570 5183 2677 5247 ξεν·
2710 5181 2869 5242 ἄλλος
2918 5178 3293 5242 ἀποκλεισθεὶς
3344 5179 3444 5249 τὴν
3501 5176 3705 5246 φωνὴν,
3758 5168 4135 5237 ὀκταμηνιαίῳ

2566 5266 2744 5337 χρόνῳ
2781 5263 2873 5315 ἐπὶ
2923 5260 3107 5330 κλίνης
3156 5262 3520 5333 ἐταριχεύετο,
3556 5257 3691 5327 μηδὲ
3746 5252 3824 5321 τῷ
3868 5251 3980 5337 ίδίῳ
4011 5251 4135 5303 στό-

2569 5336 2698 5421 μάντι
2751 5347 2852 5407 τὰς
2909 5346 3095 5416 χεῖρας
3144 5346 3439 5417 προσάγειν
3493 5338 3869 5406 δεδυνημένος.
3906 5336 4135 5421 Ἕτερος

2566 5419 2676 5497 ζῶν
2708 5430 2775 5484 τὰ
2807 5429 2971 5498 σκέλη
3025 5430 3129 5493 ἕως
3189 5429 3431 5498 γονάτων
3497 5424 3614 5476 κατ’
3654 5422 3833 5487 ὀλίγον
3886 5419 4137 5488 ἐπρίζετο

2568 5516 2660 5568 ἐπὶ
2692 5512 2955 5582 τριετίαν,
3003 5512 3323 5582 ἐρυσιπέλου
3364 5508 3524 5577 δῆθεν
3566 5505 3663 5565 τὰς
3722 5503 3976 5572 ἀφορμάς
4009 5519 4136 5569 γεν-

2568 5598 2784 5659 νῶντος·
2832 5594 2987 5657 ἄλλος
3012 5595 3110 5665 τὴν
3147 5595 3397 5662 γλῶσσαν
3428 5588 3665 5653 οἰδήσας,
3703 5584 3779 5646 ῶς
3822 5600 3972 5653 φασι,
3999 5586 4139 5655 μετά

2568 5678 2769 5750 λάδρου
2799 5678 3054 5750 πυρετοῦ,
3095 5678 3169 5739 ὡς
3195 5676 3515 5741 διάφραγμα
3550 5667 3760 5720 κεῖσθαι
3791 5668 3866 5739 τῷ
3909 5672 4140 5741 στόματι

2631 5817 2653 5879 ‘_
2674 5817 2850 5879 Georg.
2879 5816 3012 5865 addit
3030 5814 3115 5862 τοῦ
3138 5814 3257 5875 βίου,
3295 5870 3307 5879 ι
3362 5869 3375 5879 ι
3507 5868 3528 5876 _

2632 5866 2855 5949 d'GeorE.
2872 5866 3147 5926 ἐπισκόπων
3162 5889 3211 5919 τε
3232 5870 3310 5915 καὶ
3330 5868 3581 5927 κληρικῶν,
3604 5867 3775 5927 ὁμοίως
3794 5870 3943 5916 δὲκαὶ
3961 5866 4141 5914 laid)»

2569 5960 2597 5998 η
2630 5958 2775 6047 miti
2818 6000 3090 6054 σκ‹ι)λήκια,
3130 5990 3259 6052 quod
3319 5990 3377 6037 ad
3424 5986 3714 6042 scripturam
3763 5991 3959 6047 codicis,
4009 5984 4143 6033 01.")-

2573 6066 2711 6102 ὶπνα.
2738 6063 2938 6102 nmnius
2958 6056 3235 6102 accederet.

2573 6066 2590 6099 ἴ
2601 6081 2657 6099 νιν
2667 6081 2693 6099 η
2738 6063 2873 6099 nrnni
2883 6074 2938 6099 ιις
2958 6063 3235 6099 accederet.

2575 6072 2713 6119 ὶηκα,
2738 6073 2938 6123 prOplus
2958 6072 3235 6106 acceuvrm.

2640 6122 2659 6162 ΐ
2683 6123 2816 6185 Lege
2838 6123 2912 6167 καὶ
2936 6116 3208 6178 κυματώδη,
3232 6118 3283 6163 cl
3304 6125 3413 6162 mox
3452 6113 3738 6178 ἐξηχουντας.
