4504 6722
406 585 474 639 57
1387 581 1474 640 DE
1517 582 1666 639 VITA
1710 586 1765 639 S.
1806 582 2082 639 JOANNIS
2119 582 2613 640 CllllYSOSTUMI.
3605 585 3675 641 :38

405 706 509 761 est,
537 695 887 769 TheOphilnm
910 694 1177 752 iracundia
1210 694 1467 764 percitum
1498 697 1546 751 id
1568 698 1762 766 egisse,
1786 694 1873 763 qui
1894 708 1987 747 eos

411 788 630 855 ejecerit
651 826 671 855 ,
696 790 1017 859 quicumque
1048 785 1120 838 illi
1153 783 1385 853 fuerint,
1415 789 1527 843 sive
1566 786 1848 841 orthodoxi
1879 785 1989 839 sive

409 880 650 935 haeretici
685 896 699 932 :
748 893 926 934 nonne
976 878 1270 932 diaconissa
1312 880 1491 935 debuit
1534 880 1655 934 illos
1686 876 1991 945 suscipere?

409 970 586 1026 Ense.
619 971 754 1036 Quid
788 970 947 1038 igitur
976 970 1067 1023 tibi
1097 971 1323 1036 videtur,
1355 971 1491 1026 bene
1520 986 1586 1023 an
1614 967 1753 1021 male
1780 968 1990 1037 egisse?

412 1062 557 1115 Duc.
586 1061 723 1121 Dixi,
748 1058 906 1111 male.
935 1058 1103 1114 Ertsc.
1130 1063 1210 1116 An
1229 1076 1477 1130 umquam
1502 1056 1845 1112 beneficentia
1866 1071 1991 1111 con-

411 1150 725 1205 demnatur?
752 1148 905 1203 Duc.
940 1150 1005 1204 Et
1031 1153 1246 1206 omnino
1266 1151 1501 1220 quidem,
1525 1162 1645 1200 cum
1670 1145 1725 1199 fit
1751 1147 1800 1200 in
1826 1149 1991 1202 malos

409 1253 464 1295 et
499 1239 756 1294 beneficio
786 1239 1047 1311 indignos.
1082 1243 1255 1297 Ense.
1295 1241 1520 1308 Quinam
1558 1237 1713 1307 igitur
1737 1252 1884 1292 erant
1918 1240 1991 1292 illi

411 1334 689 1402 quinquies
714 1330 858 1386 mille
882 1348 1015 1402 quos
1035 1334 1285 1389 Servator
1305 1330 1539 1399 quinque
1562 1326 1874 1382 bordeaeeis
1901 1342 1991 1398 pa-

414 1426 571 1477 nibus
596 1424 871 1491 saturavit,
896 1426 1018 1479 boni
1045 1441 1111 1478 an
1139 1422 1299 1478 mali?
1328 1421 1477 1474 Duc.
1507 1420 1636 1474 Boni
1659 1421 1878 1481 scilicet,
1906 1427 1990 1470 ut-

415 1523 538 1583 pote
566 1530 595 1566 a
621 1514 898 1571 Servatore
927 1517 1127 1571 nutriti.
1161 1514 1253 1567 ΕΡ.
1286 1510 1460 1576 Quare
1498 1512 1654 1581 igitur
1684 1508 1993 1562 hordeaceis

414 1604 549 1672 pasti
577 1614 717 1669 sunt,
753 1608 842 1676 qui
874 1608 997 1661 boni
1024 1602 1241 1658 essent?
1269 1600 1416 1655 Duc.
1446 1601 1525 1655 Ob
1554 1598 1825 1667 penuriam
1858 1597 1994 1649 torte

416 1694 739 1749 triticeorum
760 1736 776 1761 ,
806 1706 898 1749 aut
940 1694 1008 1747 ob
1038 1691 1251 1744 famem.
1285 1689 1377 1742 Ep.
1424 1685 1700 1755 Quomodo
1731 1686 1889 1755 igitur
1925 1682 1994 1738 ob

416 1785 840 1841 incredulitatem
870 1787 1232 1850 increpantur,
1255 1788 1315 1832 ut
1336 1779 1458 1831 boni
1487 1793 1553 1830 an
1579 1786 1636 1830 ut
1660 1777 1814 1830 mali?
1840 1777 1989 1831 Duc.

414 1872 608 1944 Utique
632 1877 789 1941 mali,
817 1874 906 1943 qui
936 1874 1300 1938 increpantur.
1349 1867 1444 1920 ΕΡ.
1480 1868 1557 1919 Αιι
1601 1867 1722 1921 boni
1750 1866 1906 1921 iidem
1939 1875 1994 1922 et

417 1965 539 2018 mali
562 1980 682 2019 esse
708 1962 966 2033 possunt?
994 1960 1148 2013 Duc.
1175 1959 1354 2013 Certe.
1384 1958 1476 2010 Er.
1506 1956 1816 2024 Quomodo?
1840 1958 1987 2011 Duc.

416 2056 750 2111 Deteriorum
793 2052 1010 2123 quidem
1064 2050 1461 2119 comparatione
1505 2049 1663 2114 boni,
1710 2049 1990 2103 meliorum

414 2161 541 2201 vero
600 2145 744 2199 mali.
809 2144 904 2197 ΕΡ.
956 2142 1084 2196 Mire
1137 2140 1335 2193 dixisti.
1380 2138 1490 2194 Hoc
1531 2139 1687 2209 igitur
1727 2139 1885 2193 modo
1939 2147 1993 2192 et

413 2234 659 2287 monachi
692 2234 763 2285 illi
806 2242 860 2285 et
906 2231 1029 2283 boni
1075 2238 1227 2282 erant
1268 2238 1321 2281 et
1364 2228 1506 2282 mali.
1549 2228 1614 2282 Et
1657 2227 1746 2281 illa
1778 2225 1991 2295 quidem

414 2322 721 2375 fidelissima
770 2334 863 2373 eos
909 2328 965 2372 ut
1017 2319 1185 2372 bonos
1233 2318 1460 2387 hospitio
1509 2318 1745 2385 accepit,
1804 2312 1992 2368 mirifi-

412 2426 508 2465 cus
558 2424 685 2463 vero
726 2408 812 2462 ille
863 2416 917 2461 ut
958 2406 1128 2461 malos
1174 2408 1329 2477 ejecit
1375 2424 1388 2459 :
1439 2408 1578 2477 quod
1628 2420 1734 2460 non
1789 2404 1989 2458 debuit.

415 2502 565 2552 Duc.
596 2497 701 2551 Sed
743 2496 884 2551 (licet
926 2497 1019 2551 tibi
1049 2497 1207 2567 quis:
1244 2497 1308 2553 Ut
1352 2496 1628 2551 molestias
1667 2493 1797 2547 mihi
1838 2508 1991 2549 crea-

414 2604 521 2650 rcs,
554 2589 795 2643 inimicos
823 2603 969 2643 meos
999 2589 1297 2656 suscepisti.
1329 2588 1422 2642 ΕΡ.
1455 2586 1684 2641 Prorsus
1714 2584 1873 2653 igitur
1900 2582 1994 2637 de-

414 2682 592 2734 lictum
621 2681 673 2735 in
703 2696 767 2736 eo
801 2690 914 2746 est,
946 2680 1085 2750 quod
1114 2690 1166 2735 et
1195 2680 1437 2733 inimicos
1477 2676 1743 2747 appellat,
1776 2674 1863 2745 qui
1888 2714 1903 2738 ,
1938 2683 1992 2729 ut

411 2770 609 2824 Christi
638 2770 890 2837 imitator,
914 2770 1133 2840 injurias
1159 2770 1431 2824 remittere
1452 2767 1654 2822 debuit.
1687 2766 1833 2821 Duc.
1862 2765 1992 2821 Ubi-

411 2874 535 2913 nam
587 2875 714 2913 vero
736 2861 1101 2930 vituperantur
1127 2860 1361 2930 quinque
1397 2858 1559 2913 millia
1600 2872 1629 2910 a
1674 2856 1989 2922 Servatorc,

410 2959 470 3002 ut
495 2948 716 3003 dixisti?
743 2965 847 3003 non
877 2950 1018 3004 enim
1045 2949 1300 3018 scriptum
1327 2956 1429 3002 est.
1460 2948 1554 3001 ΕΡ.
1576 2946 1709 3002 Cum
1758 2946 1991 3001 secundo

412 3041 719 3110 congregati
774 3040 838 3094 ad
865 3039 1139 3094 Christum
1171 3045 1547 3103 accesserunt,
1578 3046 1633 3092 et
1676 3036 1986 3092 audierunt:

413 3133 652 3199 Qmeritis
680 3147 775 3196 me,
806 3147 907 3183 non
929 3131 1046 3198 quia
1073 3130 1269 3183 vidistis
1311 3129 1457 3198 signa
1504 3137 1552 3181 et
1604 3128 1835 3199 prodigia
1861 3170 1875 3193 ,
1901 3128 1989 3182 sed

409 3225 531 3290 quia
556 3223 894 3275 manducastis
920 3238 981 3275 ea:
1020 3221 1265 3290 panibus,
1296 3230 1342 3275 et
1394 3221 1604 3275 saturati
1647 3223 1761 3275 estis
1808 3221 1984 3295 (Joan.

411 3320 463 3365 t5.
492 3313 604 3382 26).
658 3310 970 3365 Theodorus
1007 3312 1113 3365 ait:
1168 3310 1591 3365 Manifestissima
1626 3326 1713 3365 res
1740 3320 1841 3366 est.
1892 3312 1985 3365 ΕΡ.

409 3403 510 3469 Qui
534 3413 711 3455 autem
738 3402 1098 3470 vituperabilis
1122 3442 1138 3465 ,
1168 3401 1269 3455 hoc
1295 3402 1409 3469 ipso
1427 3410 1479 3454 et
1503 3401 1673 3454 malus
1702 3410 1804 3457 est.
1832 3402 1984 3456 Duc.

413 3492 486 3544 Ita
512 3506 662 3545 sane.
694 3491 787 3544 ΕΡ.
814 3490 977 3545 Malos
1002 3491 1180 3561 igitur,
1209 3506 1276 3544 an
1302 3490 1469 3545 bonos
1513 3492 1656 3560 pavit
1690 3491 1988 3547 Servatur?

413 3584 565 3635 huc.
588 3581 644 3636 ιιι
672 3582 917 3636 confesso
947 3595 1058 3647 est,
1090 3584 1231 3652 quod
1259 3583 1459 3637 malos:
1495 3582 1618 3638 Non
1660 3586 1802 3640 enim
1847 3596 1988 3656 egent

409 3676 497 3739 qui
516 3676 628 3727 sani
656 3685 769 3727 sunt
794 3676 1005 3738 medico,
1026 3677 1113 3729 sed
1140 3678 1223 3743 qui
1252 3677 1381 3731 male
1408 3678 1588 3732 habent
1618 3678 1767 3749 (Luc.
1787 3682 1839 3736 5.
1870 3682 1983 3751 51).

410 3764 585 3817 l-lrisc.
618 3763 752 3828 Quid
794 3763 987 3833 igitur?
1015 3766 1153 3820 male
1197 3765 1321 3821 fecit
1362 3767 1670 3838 Olympias,
1702 3770 1984 3826 Dominum

408 3870 564 3909 suum
606 3856 826 3909 imitata.
881 3855 982 3921 Qui
1030 3858 1157 3927 pluit
1205 3867 1253 3911 et
1304 3860 1462 3913 solem
1504 3862 1627 3915 oriri
1672 3864 1794 3933 facit
1836 3880 1987 3934 super

399 3946 573 4016 justos
601 3953 650 3999 et
679 3946 893 4015 injustas
934 3946 1148 4015 (Matth.
1180 3948 1232 4002 5.
1263 3949 1387 4018 45):
1420 3950 1546 4005 licet
1586 3952 1838 4007 Pharisaei
1888 3968 1984 4008 ex-

407 4035 665 4103 probrent
706 4035 1011 4105 discipulis,
1067 4036 1303 4093 dicentes
1340 4056 1353 4091 :
1398 4040 1640 4111 Magister
1672 4052 1829 4097 vester
1871 4059 1985 4096 cum

407 4124 689 4191 publicanis
736 4133 783 4177 et
833 4127 1176 4195 peccatoribus
1222 4130 1490 4183 manducat
1551 4141 1598 4185 et
1647 4132 1767 4187 bibit
1820 4132 1981 4201 (Ibid.

408 4216 460 4269 9.
516 4216 625 4285 ll).
673 4216 822 4271 Duc.
870 4216 1069 4272 Praeter
1122 4220 1552 4290 intelligentiam,
1609 4233 1667 4278 ut
1719 4225 1905 4291 video,
1953 4242 1984 4280 a

405 4305 587 4359 multis
634 4308 996 4376 vituperantur
1037 4309 1249 4377 quidem
1295 4310 1551 4378 honesta,
1599 4323 1651 4369 et
1694 4318 1865 4384 turpia
1903 4317 1983 4370 di-

404 4396 658 4467 liguntur.
692 4398 783 4451 ΕΡ.
813 4396 921 4451 Cur
973 4398 1071 4451 ista
1125 4400 1279 4467 dicis,
1332 4402 1565 4456 veritatis
1624 4406 1982 4460 amantissime

404 4487 727 4541 Theodore?
774 4487 923 4542 Duc.
976 4488 1107 4554 Quia
1148 4491 1251 4545 nisi
1302 4506 1603 4547 sermonem
1666 4502 1810 4547 tuum
1859 4510 1980 4549 cum

403 4576 804 4630 ratiocinatione
853 4578 1154 4646 aperuisses
1194 4589 1286 4635 aut
1331 4581 1709 4651 explicuisses,
1760 4583 1812 4637 in
1864 4594 1978 4639 sto-

404 4664 567 4718 lidam
620 4665 920 4734 abripiebar
961 4668 1316 4734 sententiam,
1358 4685 1520 4740 scopo
1572 4671 1829 4727 libertatis
1871 4689 1977 4728 non

400 4756 721 4823 attendens,
768 4757 862 4812 sed
894 4756 1169 4827 Theophili
1196 4760 1388 4815 abulis.
1442 4763 1539 4817 ΕΡ.
1569 4764 1705 4831 Quid
1749 4765 1903 4834 igitur
1945 4781 1977 4820 e

399 4845 670 4900 contrario
692 4884 708 4909 ,
752 4846 798 4900 si
837 4846 935 4899 viri
970 4845 1043 4900 illi
1080 4850 1247 4901 sancti
1284 4848 1747 4919 demonstrentur,
1784 4854 1975 4909 nedum

400 4938 563 5002 mali,
615 4936 708 4991 sed
745 4945 800 4992 et
839 4938 928 5006 qui
980 4938 1175 4991 multos
1213 4938 1280 4993 ab
1318 4939 1657 5009 improbitate
1704 4944 1772 4999 ad
1815 4946 1976 4999 virtu-

400 5038 508 5083 tem
557 5028 905 5083 reduxerint?
954 5027 1231 5083 manifeste
1279 5032 1553 5099 apparebit
1593 5035 1803 5091 illorum
1854 5053 1974 5105 per-

397 5128 616 5171 secutor
654 5132 760 5173 non
798 5117 985 5188 dignus
1025 5118 1425 5187 persecutione,
1470 5121 1564 5175 sed
1610 5124 1968 5191 miseratione,

397 5214 455 5259 ut
499 5207 587 5275 qui
615 5206 783 5262 bonos
812 5221 1021 5275 semper
1044 5208 1283 5271 vexavit,
1314 5208 1481 5265 malos
1513 5214 1786 5283 suscipiat.
1822 5213 1969 5269 Duc.

397 5295 470 5349 ita
515 5307 629 5363 est,
669 5308 727 5352 ut
765 5299 917 5354 dicis.
957 5299 1087 5354 Nam
1132 5300 1253 5353 licet
1301 5300 1373 5355 illi
1408 5305 1675 5372 sapientes
1714 5318 1767 5363 et
1804 5310 1971 5363 sancti

398 5399 506 5439 non
536 5385 763 5453 fuerint,
794 5400 847 5443 ut
873 5391 1106 5460 plerique
1154 5390 1370 5457 dicunt,
1416 5404 1565 5450 extra
1603 5401 1972 5468 reprehensio-

398 5488 521 5527 nem
546 5479 649 5531 erit
676 5479 981 5550 Olympias,
1014 5491 1071 5535 ut
1094 5490 1235 5550 patet
1257 5496 1326 5535 ex
1358 5486 1621 5553 superiori
1668 5490 1965 5555 ratiocinio,

392 5580 513 5633 qua:
541 5566 839 5625 Servatoris
870 5572 1213 5628 imitationem
1233 5574 1553 5631 exhibuerit.
1573 5580 1665 5634 ΕΡ.
1695 5582 1966 5647 Quodnam

393 5671 521 5709 vero
535 5666 800 5727 gestorum
821 5664 1027 5720 fidelius
1045 5666 1398 5721 testimonium
1421 5668 1602 5724 vides?
1620 5673 1886 5744 Evangelii
1900 5691 1965 5729 an

394 5747 706 5817 Theophili?
727 5749 876 5807 Duc.
898 5756 1078 5826 Apage
1095 5756 1188 5821 sis,
1210 5772 1417 5827 quaeso:
1443 5769 1649 5815 constat
1669 5764 1808 5817 enim
1827 5766 1967 5833 apud

390 5855 609 5905 omnes,
635 5840 779 5895 illum
808 5842 882 5897 ira
909 5847 1133 5915 quadam
1164 5857 1219 5904 et
1252 5849 1537 5906 ambitione
1563 5852 1844 5922 impulsum
1876 5872 1968 5913 eos

396 5932 702 6002 proiecisse,
721 5941 773 5989 et
799 5932 934 5989 hanc
961 5937 1030 5992 ab
1057 5942 1429 6010 superstitione
1455 5953 1505 5998 et
1524 5940 1645 5999 odio
1671 5944 1961 6013 profectam

2098 711 2237 761 esse,
2267 706 2519 749 causante
2542 694 2837 764 TbeOpbilo
2862 735 2876 757 ,
2906 698 3192 749 monachos
3226 694 3395 762 ipsum
3424 698 3673 749 conviciis

2096 790 2401 859 oppetiisse.
2421 788 2548 843 Cum
2563 789 2703 841 enim
2718 786 2996 841 servilibus
3012 788 3121 841 suis
3136 786 3405 841 blanditiis
3419 786 3547 838 nihil
3560 802 3677 859 pro-

2098 877 2339 938 fecisset,
2364 885 2420 931 et
2444 877 2569 930 nihil
2598 877 2663 931 ab
2688 892 2750 931 ea
2774 884 2966 944 prater
2985 875 3155 929 edulia
3180 885 3233 930 et
3254 878 3406 929 xenia
3436 876 3671 943 accepis-

2096 980 2196 1034 set,
2216 968 2282 1022 ad
2298 969 2531 1022 convicia
2549 970 2709 1023 vertit
2725 982 2783 1023 se
2802 986 2814 1021 :
2834 968 2949 1037 ejus
2969 968 3109 1022 enim
3131 969 3175 1021 is
3190 984 3304 1022 mos
3332 970 3382 1021 in
3405 967 3670 1021 omnibus.

2167 1059 2295 1113 Car.
2328 1074 2452 1111 xvn.
2478 1089 2545 1097 —
2575 1059 2755 1114 Ense.
2798 1059 2933 1113 Audi
2971 1059 3147 1128 igitur,
3190 1057 3529 1111 diaconorutn
3580 1073 3673 1126 op-

2100 1152 2244 1204 time.
2272 1148 2403 1203 Nam
2430 1150 2585 1203 video
2634 1149 2844 1219 publico
2864 1150 3116 1218 prodesse
3157 1158 3243 1203 te:
3302 1147 3392 1201 illa
3428 1146 3570 1201 enim
3621 1148 3674 1201 in

2092 1240 2369 1308 juventute
2392 1239 2622 1307 gravitas
2649 1239 2836 1307 pignus
2864 1237 3126 1307 quoddam
3169 1248 3285 1299 est,
3327 1247 3381 1291 te
3429 1237 3482 1291 in
3521 1250 3676 1290 sene-

2097 1338 2241 1385 ctute
2262 1329 2626 1385 bonorabilem
2651 1329 2783 1384 fore.
2803 1328 2913 1383 Viri
2938 1329 3022 1383 isti
3045 1343 3073 1381 a
3098 1329 3399 1396 parentibus
3414 1326 3673 1381 Christia-

2099 1420 2179 1474 nis
2220 1421 2356 1483 orti,
2398 1430 2448 1474 et
2473 1435 2502 1473 a
2535 1420 2730 1474 teneris
2760 1419 3053 1489 unguiculis
3075 1418 3185 1471 Deo
3232 1416 3427 1472 subditi
3452 1458 3465 1478 .
3517 1431 3673 1469 num-

2098 1525 2254 1579 quam
2286 1511 2426 1578 passi
2451 1517 2605 1574 sunt,
2633 1524 2701 1562 ne
2722 1509 3007 1563 admodum
3029 1507 3243 1579 quidem
3290 1508 3672 1562 adolescentuli

2098 1614 2216 1653 eum
2246 1608 2425 1652 essent
2450 1641 2465 1663 ,
2493 1600 2693 1653 servire
2720 1598 2968 1663 vanitati,
3000 1615 3171 1667 neque
3194 1614 3314 1651 cum
3344 1599 3495 1651 turba
3550 1614 3674 1652 ver-

2099 1690 2205 1743 sari
2225 1729 2241 1755 ,
2271 1688 2365 1742 sed
2395 1699 2713 1759 occupantes
2751 1689 3088 1743 solitudinem
3109 1730 3123 1753 ,
3149 1704 3267 1758 quae
3293 1688 3357 1741 ad
3401 1687 3675 1741 meridiem

2099 1790 2177 1833 est
2200 1820 2215 1845 ,
2245 1779 2429 1848 procul
2455 1779 2523 1832 ab
2554 1779 2828 1832 hominum
2852 1779 3123 1833 domicilio
3154 1779 3333 1841 sitam,
3359 1777 3457 1831 sibi
3479 1779 3677 1831 consti-

2102 1881 2309 1924 luerunt
2336 1870 2539 1940 tuguria
2557 1911 2571 1935 ,
2597 1870 2787 1940 quibus
2819 1879 3019 1923 tantum
3049 1870 3175 1923 solis
3215 1869 3479 1922 radiorum
3506 1866 3675 1921 mole-

2096 1963 2225 2018 stias
2245 1963 2503 2018 evitarent
2527 1964 2731 2017 etaeris
2760 1977 2957 2017 rorem.
2984 1962 3038 2016 ln
3056 1961 3246 2031 quibus
3272 1962 3526 2026 viventes,
3556 1975 3676 2013 ora-

2098 2053 2227 2107 tioni
2257 2062 2414 2122 atque
2446 2052 2661 2107 lectioni
2706 2060 2914 2122 tempus
2934 2067 3085 2105 suum
3122 2048 3521 2119 impenderunt,
3543 2049 3677 2103 adeo

2097 2144 2338 2198 contritis
2363 2143 2497 2197 volis
2523 2160 2774 2197 manuum
2798 2145 2851 2197 in
2868 2142 3118 2211 operibus
3145 2140 3403 2210 corporis,
3420 2148 3673 2208 quantum

2099 2233 2227 2286 satis
2256 2244 2400 2287 esset
2430 2234 2493 2287 ad
2526 2244 2736 2288 tenuem
2761 2234 2953 2287 vietum
2977 2251 2988 2285 :
3019 2232 3206 2285 melius
3232 2230 3331 2283 rati
3350 2230 3526 2284 vivere
3549 2243 3671 2282 cum

2099 2322 2304 2389 capreis
2326 2331 2380 2376 et
2398 2322 2842 2375 struthiocamelis
2890 2332 2943 2375 et
2967 2321 3202 2385 bubalis,
3259 2334 3417 2388 quam
3468 2317 3675 2385 epulari

2099 2426 2218 2466 cum
2250 2410 2550 2466 hominibus
2574 2413 2661 2481 qui
2690 2412 2935 2481 ignorant
2956 2413 3137 2466 Deum.
3171 2411 3368 2464 Horum
3394 2418 3519 2463 natu
3557 2422 3674 2462 ma-

2098 2503 2272 2555 ximus
2290 2542 2305 2568 ,
2334 2503 2613 2571 nonaginta
2645 2502 2809 2558 ferme
2837 2517 3083 2573 egressus
3101 2514 3269 2555 annos
3287 2542 3302 2566 ,
3333 2506 3677 2553 conversatus

2101 2602 2183 2647 est
2206 2607 2323 2646 cum
2355 2591 2509 2645 beato
2538 2594 2787 2658 Antonio,
2826 2593 3017 2646 llierax
3046 2593 3157 2661 ipse
3177 2590 3506 2660 appellatus,
3534 2590 3673 2658 quod

2099 2684 2369 2755 proprium
2398 2699 2593 2738 nomen
2619 2698 2788 2752 usque
2812 2683 2877 2737 ad
2905 2683 3047 2736 hunc
3071 2682 3212 2736 diem
3260 2681 3473 2734 retinet.
3526 2680 3676 2733 Alius

2098 2792 2223 2832 vero
2260 2775 2574 2830 Ammonius
2593 2776 2969 2846 sexagenarius
3009 2788 3129 2828 cum
3175 2772 3381 2827 duobus
3428 2770 3678 2825 fratribus

2096 2865 2371 2920 monachis
2396 2874 2450 2920 et
2479 2879 2585 2919 uno
2604 2864 2854 2934 episcopo
2874 2905 2889 2928 ,
2912 2863 3000 2933 qui
3026 2863 3124 2917 sub
3145 2861 3364 2916 Valente
3386 2875 3505 2915 cum
3526 2859 3675 2914 boias

2098 2957 2372 3020 tulissent,
2421 2955 2768 3021 exsularunt,
2822 2963 2880 3008 ut
2931 2954 3077 3007 novit
3114 2953 3285 3006 omnis
3326 2949 3671 3005 Alexandria:

2097 3057 2240 3101 tanta
2273 3046 2479 3116 przediti
2507 3047 2727 3102 scientia
2747 3086 2763 3113 ,
2788 3045 2993 3099 utnibil
3020 3045 3409 3115 Scripturarum
3459 3058 3552 3097 eos
3594 3042 3671 3095 fu-

2094 3146 2276 3209 geret,
2308 3153 2425 3207 qua:
2451 3136 2713 3206 plerisque
2738 3136 3008 3205 impervia:
3029 3144 3171 3189 sunt.
3202 3134 3282 3187 Ex
3309 3132 3393 3188 his
3419 3132 3524 3187 duo
3553 3132 3671 3201 qui-

2094 3228 2215 3284 dem
2246 3229 2559 3298 quiescunt.
2589 3227 2780 3281 mortui
2831 3225 3287 3294 Constantinopoli
3312 3242 3324 3275 :
3356 3224 3671 3277 Ammonius

2094 3327 2306 3383 autem,
2366 3328 2420 3371 ut
2472 3326 2752 3371 narrarunt
2790 3316 3034 3370 Aurelius
3084 3324 3138 3369 et
3186 3314 3483 3377 Sisinnius,
3530 3314 3670 3367 circa

2096 3410 2216 3463 vita:
2241 3410 2436 3463 exitum
2468 3407 2838 3479 prephetavit,
2875 3415 2997 3477 post
3047 3420 3292 3477 magnam
3343 3404 3669 3473 persecutio-

2095 3514 2215 3554 nem
2246 3508 2299 3553 et
2337 3497 2565 3552 schisma
2596 3498 2649 3551 in
2673 3496 2908 3552 Ecclesia
2937 3496 3221 3566 pessimum
3248 3494 3445 3549 exitum
3484 3506 3669 3561 repor-

2096 3597 2297 3643 taturos
2324 3588 2439 3658 ejus
2464 3596 2741 3651 auctores,
2795 3598 2848 3641 et
2881 3586 2959 3640 sic
3012 3585 3275 3641 Ecclesias
3328 3585 3529 3637 unitum
3582 3583 3662 3636 iri.

2092 3679 2243 3747 Quod
2271 3680 2481 3749 quidem
2511 3694 2574 3733 ex
2606 3689 2751 3748 parte
2781 3678 2973 3732 factum
3000 3685 3111 3741 est,
3142 3685 3197 3731 et
3224 3677 3331 3731 fiet.
3362 3674 3488 3729 Inde
3525 3674 3666 3729 enim

2090 3771 2437 3841 quorumdam
2465 3770 2837 3839 episcoporum
2860 3778 2917 3823 et
2936 3769 3189 3822 laicorum
3210 3781 3431 3836 corpora
3455 3764 3667 3820 morbus

2091 3877 2356 3931 occupans
2378 3903 2394 3929 ,
2414 3862 2577 3916 variis
2598 3860 2873 3917 doloribus
2900 3860 3225 3914 distrahebat
3241 3900 3256 3924 ,
3289 3859 3427 3912 lenta
3453 3856 3665 3928 quidem

2092 3954 2239 4009 febre
2259 3954 2460 4007 viscera
2491 3966 2775 4021 perurens,
2806 3960 2962 4019 atque
2990 3949 3309 4003 intolerabili
3339 3949 3543 4018 pruritu
3587 3956 3662 4001 to:

2093 4054 2197 4099 tam
2214 4044 2453 4113 corporis
2470 4042 2801 4111 superficiem
2832 4041 3095 4110 unguibus
3126 4039 3382 4105 fodicans,
3400 4039 3668 4108 crassique

2092 4133 2327 4188 intestini
2367 4132 2601 4187 continui
2629 4130 2865 4184 dolores.
2899 4131 3019 4183 Alio
3061 4145 3195 4199 aqua
3232 4130 3492 4183 intercute
3522 4128 3669 4182 labo-

2091 4234 2259 4291 rante,
2274 4223 2414 4278 lividi
2428 4222 2618 4293 pedum
2634 4231 2869 4277 tumores
2888 4240 2900 4274 :
2916 4221 3067 4276 alteri
3080 4229 3254 4275 autem
3269 4221 3515 4274 humores
3529 4235 3667 4273 nunc

2089 4317 2272 4381 calidi,
2298 4330 2437 4370 nunc
2465 4313 2661 4385 frigidi,
2685 4328 2781 4383 per
2810 4325 3036 4383 quatuor
3062 4313 3311 4367 articulos
3340 4312 3631 4366 detinentes
3649 4353 3664 4374 ,

2087 4409 2278 4478 digitos
2296 4448 2311 4472 ,
2343 4406 2431 4476 qui
2453 4407 2590 4461 male
2612 4406 3033 4474 subscripserant
3052 4446 3066 4472 ,
3089 4414 3317 4459 tremore
3334 4403 3661 4457 afficiebaut:

2087 4508 2141 4553 et
2165 4497 2462 4551 abdominis
2487 4497 2827 4551 inflammatio
2847 4510 2943 4550 seu
2968 4506 3157 4559 tumor,
3182 4504 3239 4549 et
3254 4510 3348 4563 per
3368 4496 3662 4549 membrum

2084 4585 2350 4657 quoddam
2380 4587 2604 4657 putredo
2640 4586 2927 4656 pessimum
2954 4583 3171 4639 odorem
3224 4585 3407 4652 procul
3455 4584 3661 4653 disper-

2082 4692 2249 4747 gens,
2278 4687 2334 4731 et
2376 4693 2584 4732 vermes
2619 4691 2900 4747 generans.
2956 4675 3217 4729 Prmterea
3254 4674 3565 4743 orthopnma
3609 4684 3663 4727 rt

2084 4768 2376 4836 reSpirandi
2404 4767 2705 4834 difficultas,
2738 4777 2893 4835 atque
2919 4766 3153 4821 omnium
3176 4765 3529 4819 membrorum
3551 4765 3661 4820 dis-

2085 4860 2252 4913 tentio
2286 4878 2299 4913 :
2328 4860 2454 4914 item
2481 4869 2754 4913 nocturna:
2785 4859 3040 4928 imagines
3067 4860 3119 4912 in
3146 4859 3384 4911 rabiosos
3408 4870 3587 4919 canes,
3606 4868 3659 4911 et

2082 4950 2279 5005 strictis
2290 4951 2503 5005 ensibus
2515 4950 2786 5016 barbaros,
2804 4950 3131 5019 peregrinam
3144 4958 3197 5004 et
3210 4949 3561 5003 turbulentam
3573 4963 3659 5003 vo-

2082 5054 2199 5096 cem
2251 5051 2500 5095 sonantes
2537 5040 3043 5096 transformabantur
3077 5042 3372 5097 insomnem
3410 5056 3653 5096 somnum

2084 5133 2472 5202 peragentibus.
2494 5134 2642 5190 Alius
2664 5146 2861 5202 autem,
2879 5135 2969 5206 qui
2997 5149 3062 5188 ex
3085 5149 3221 5203 equo
3240 5133 3512 5198 decidens,
3532 5147 3653 5186 cum

2079 5226 2246 5281 caulis
2275 5226 2327 5279 in
2353 5240 2558 5280 morem
2589 5226 2832 5281 dextrum
2860 5240 2983 5281 crus
3008 5226 3105 5280 sibi
3157 5225 3430 5295 fregisset,
3475 5224 3651 5278 statim

2080 5316 2240 5370 vitam
2267 5317 2506 5385 abrupit:
2538 5317 2672 5370 alius
2694 5358 2708 5381 ,
2757 5317 3037 5370 interclusa
3068 5330 3229 5380 voce,
3274 5325 3394 5370 octo
3445 5327 3655 5368 menses

2080 5406 2131 5460 in
2161 5407 2301 5462 lecto
2332 5419 2627 5463 maceratus
2654 5420 2763 5469 est,
2789 5408 2874 5475 qui
2896 5422 2960 5461 ne
2981 5408 3059 5461 ori
3090 5406 3307 5476 quidem
3337 5420 3432 5459 suo
3464 5421 3653 5459 manus

2077 5496 2362 5553 admovere
2385 5500 2608 5553 valebat.
2634 5499 2796 5551 Alteri
2827 5499 2943 5551 vivo
2964 5514 3115 5553 crura
3155 5499 3221 5553 ad
3273 5513 3444 5568 genua
3476 5512 3643 5566 usque

2077 5588 2330 5654 paulatim
2377 5604 2472 5659 per
2515 5588 2799 5643 triennium
2848 5589 3073 5644 dissecta
3124 5598 3281 5651 sunt,
3331 5588 3648 5659 erysipelate

2078 5676 2323 5732 videlicet
2371 5679 2647 5733 materiam
2696 5678 3107 5749 suppeditante:
3153 5678 3287 5733 alius
3331 5677 3544 5742 inﬂata,
3589 5685 3648 5727 nt

2076 5768 2253 5834 aiunt,
2287 5769 2492 5839 lingua,
2515 5785 2635 5825 cum
2665 5769 2814 5826 febre
2856 5769 3191 5838 vehementi,
3215 5779 3271 5824 ut
3322 5768 3649 5838 gurgulionis

2076 5860 2419 5930 interseptum
2444 5862 2494 5915 in
2526 5878 2619 5918 ore
2645 5872 2785 5919 esset
2804 5860 3052 5916 dentibus
3103 5862 3360 5924 adfixum,
3392 5873 3511 5913 cum
3538 5858 3643 5912 lin-

2077 5967 2175 6019 gua
2204 5953 2255 6007 in
2280 5953 2393 6010 loco
2420 5953 2521 6009 sibi
2543 5970 2570 6009 a
2594 5964 2778 6011 natura
2804 5952 3021 6009 definito
3047 5968 3150 6009 non
3174 5955 3435 6010 haereret.
3464 5950 3515 6005 in
3546 5965 3637 6011 pu-
