4504 6706
874 599 938 656 59
2118 590 2439 651 PALLADII
2478 592 2653 651 DlALf

2347 593 2439 651 Dll
2478 592 2809 655 DIALOGUS
4058 618 4126 672 (ib

870 712 1037 778 gillari
1069 711 1455 767 confessionem
1482 713 1713 780 scripsit.
1739 712 1803 765 Et
1824 726 2043 765 cernere
2064 720 2178 765 erat
2201 708 2449 765 divinitus

872 803 1161 855 immissatn
1192 804 1320 854 iram
1341 842 1354 864 ,
1386 803 1546 855 variis
1570 801 1737 870 poenis
1761 801 1953 854 bellum
1978 800 2309 855 inferentem.
2348 798 2449 861 Qui

871 892 1081 960 quidem
1108 894 1402 944 animarum
1437 895 1697 946 medicum
1726 901 1776 944 ct
1798 891 2133 946 delinitorcm
2162 892 2448 945 exacerba-

873 992 1023 1041 rant,
1053 993 1211 1051 atque
1238 984 1325 1035 Dei
1350 984 1691 1051 interpretem
1727 997 1754 1032 a
1788 982 1971 1035 salutis
2016 984 2224 1036 officina
2276 982 2447 1035 dimo-

872 1084 1085 1138 verant,
1107 1089 1388 1143 corporum
1417 1076 1633 1128 medicis
1648 1074 1714 1127 ad
1730 1075 2063 1129 vexationem
2088 1075 2445 1129 tradebantur:

870 1164 959 1231 qui
990 1163 1227 1217 dolorem
1252 1165 1460 1232 quidem
1492 1165 1665 1218 solitis
1691 1166 1937 1219 remediis
1976 1168 2239 1235 augebant
2260 1206 2275 1230 ,
2308 1165 2447 1217 salu-

874 1261 978 1306 tem
1010 1262 1182 1308 autem
1214 1272 1315 1307 non
1344 1256 1871 1325 procurabant.Quis
1900 1257 2040 1310 enim
2055 1257 2348 1311 medebitur
2376 1256 2445 1321 ei,

872 1345 960 1410 qui
988 1359 1017 1396 a
1062 1345 1168 1397 Deo
1199 1347 1450 1412 punitur?
1476 1357 1533 1399 ut
1557 1348 1630 1400 ait
1657 1347 1945 1416 propheta:
1982 1346 2245 1415 Numquid
2273 1345 2447 1396 medici

870 1433 1217 1499 suscitabnnt,
1265 1445 1310 1486 et
1353 1435 1718 1502 conﬁtebuntur
1758 1436 1844 1488 tibi
1887 1436 2055 1506 (νισι.
2086 1437 2173 1489 87.
2210 1434 2331 1500 ll)?
2359 1433 2449 1487 Sic

872 1537 1060 1577 omnes
1089 1524 1338 1577 Ecclesiae
1368 1536 1468 1577 tua:
1493 1525 1639 1594 pacis
1683 1525 1971 1580 adversarii
2010 1526 2306 1593 perierunt,
2346 1523 2451 1577 Do-

872 1615 1036 1667 mine.
1063 1614 1330 1667 Cteterutu
1362 1616 1531 1670 fertur
1557 1618 1857 1686 sepulcrum
1884 1614 2148 1669 Ammonii
2202 1613 2447 1667 monachi

872 1704 1151 1759 horrorem
1197 1706 1361 1760 febris
1384 1707 1669 1773 expellere.
1705 1707 1952 1774 Sepultus
1995 1721 2122 1759 vero
2168 1714 2250 1759 est
2303 1715 2449 1759 trans

873 1810 1023 1851 mare
1071 1796 1123 1850 in
1179 1800 1436 1867 martyrio
1484 1798 1882 1866 Apostolorum.
1937 1797 2107 1852 Porro
2167 1799 2448 1867 episcopus

874 1884 1160 1939 Dioscorus
1180 1926 1193 1951 ,
1222 1886 1309 1954 qui
1328 1926 1343 1950 ,
1376 1894 1434 1938 ut
1458 1885 1670 1951 dicunt,
1702 1887 1985 1955 plurimum
2009 1887 2171 1941 Deum
2206 1894 2448 1955 precatus

873 1974 1062 2041 fuerat,
1082 1986 1136 2029 ut
1164 1987 1255 2029 aut
1283 1990 1467 2044 pacem
1493 1976 1849 2031 Ecclesiarum
1867 1977 2088 2041 videret,
2108 1985 2195 2028 aut
2216 1990 2449 2028 morere-

873 2074 974 2129 tur,
992 2074 1160 2120 morte
1175 2065 1366 2135 dignus
1379 2065 1587 2120 habitus
1603 2075 1703 2128 est,
1719 2067 1964 2135 quoniam
1980 2064 2205 2117 mundus
2225 2077 2349 2131 pace
2366 2063 2447 2115 di-

871 2173 1009 2227 gnus
1030 2172 1132 2212 non
1158 2168 1271 2211 erat
1297 2176 1310 2211 :
1337 2168 1388 2212 et
1406 2158 1646 2225 sepultus
1669 2159 1716 2209 in
1745 2157 2027 2226 martyrio,
2052 2154 2190 2223 quod
2217 2162 2298 2207 est
2323 2162 2447 2207 ante

874 2257 1077 2316 portam
1099 2265 1111 2298 :
1131 2249 1201 2300 ita
1229 2258 1286 2300 ut
1306 2248 1544 2316 plurima:
1562 2248 1832 2311 mulieres,
1863 2246 2077 2300 omissis
2095 2260 2189 2313 per
2208 2253 2444 2299 sanctam

872 2349 1158 2409 martyrem
1186 2339 1502 2409 juramentis
1531 2381 1547 2405 ,
1580 2354 1672 2407 per
1699 2354 1882 2407 preces
1921 2337 2154 2390 Dioscori
2180 2337 2443 2406 jurarent.

873 2429 950 2484 De
975 2429 1191 2498 reliquis
1221 2438 1395 2483 autem
1423 2428 1697 2483 monachis
1722 2430 1913 2481 multus
1940 2428 2065 2481 mihi
2108 2443 2285 2482 sermo
2323 2442 2448 2482 con-

872 2528 1175 2574 sumeretur
1191 2520 1244 2572 in
1272 2521 1542 2574 narrando
1563 2537 1578 2573 :
1601 2531 1655 2575 et
1682 2530 1733 2574 tu
1755 2520 1982 2575 fortasse
2000 2520 2065 2573 ad
2083 2520 2183 2573 alia
2210 2520 2445 2585 festinas,

871 2625 905 2661 υ
935 2609 1013 2663 vir
1039 2608 1113 2663 tui
1138 2611 1403 2677 nominis,
1436 2610 1735 2665 Theodore.
1763 2610 1915 2665 Duc.
1945 2609 2012 2664 Et
2039 2613 2159 2680 quis
2188 2609 2322 2664 adeo
2368 2610 2450 2663 in-

873 2700 999 2754 l'clix
1019 2741 1033 2763 ,
1058 2709 1114 2754 ut
1128 2701 1522 2756 narrationibus
1543 2701 1610 2756 de
1636 2703 1827 2756 virtute
1844 2702 2016 2756 locum
2045 2716 2148 2755 non
2178 2700 2447 2769 prmbeat?

874 2792 969 2847 Dic
999 2794 1173 2863 igitur,
1197 2808 1409 2862 quaeso,
1443 2803 1497 2847 et
1525 2809 1857 2863 quocumque
1878 2793 2172 2847 rationabili
2199 2806 2446 2846 sermone

872 2884 1105 2937 animum
1133 2898 1310 2937 meum
1330 2898 1357 2936 a
1382 2883 1724 2938 s:ecularibus
1752 2882 2156 2953 cogitationibus
2176 2881 2442 2936 abducito.

874 2972 1046 3027 EPlSC.
1068 2972 1159 3026 Est
1174 2973 1331 3042 igitur
1344 2974 1476 3028 alter
1488 2974 1676 3028 Hierax
1694 2972 1911 3043 profano
1923 2972 2132 3043 quidem
2146 2974 2447 3027 nominatus

872 3062 1122 3124 nomine,
1156 3063 1483 3131 spiritalibus
1527 3074 1703 3118 autem
1726 3064 1961 3117 moribus
2004 3074 2323 3118 exornatus:
2356 3068 2445 3133 qui

874 3152 1103 3219 primum
1127 3151 1338 3220 quidem
1362 3161 1508 3205 extra
1542 3160 1706 3205 totam
1732 3151 2015 3222 rEgyptum
2040 3162 2094 3206 et
2120 3152 2443 3209 Thebaidem

871 3247 925 3301 iu
953 3260 1185 3305 montem
1236 3250 1585 3321 Porphyriten
1623 3250 1767 3304 solus
1810 3259 2133 3315 secesserat,
2153 3257 2208 3303 et
2233 3250 2442 3319 quidem

870 3338 987 3394 sine
1012 3340 1120 3394 ullo
1142 3341 1370 3394 hominis
1394 3340 1572 3394 afﬂatu
1588 3383 1602 3405 ,
1627 3350 1852 3410 quatuor
1879 3354 2046 3393 annos
2065 3340 2441 3407 perseveravit,

873 3430 1001 3484 solis
1041 3441 1321 3486 contentus
1374 3434 1651 3486 virtutibus
1711 3433 1778 3486 ad
1825 3432 2115 3487 solatium:
2163 3441 2345 3501 postea
2393 3434 2444 3486 in

873 3522 1161 3576 solitudine
1229 3523 1412 3577 Nitriae
1456 3523 1637 3592 viginti
1675 3524 1907 3591 quinque
1961 3537 2128 3576 annos
2177 3523 2285 3592 egit
2326 3538 2445 3577 cum

873 3612 1188 3681 supradictis
1205 3611 1626 3669 Patribus.Huic
1651 3612 1920 3667 dmmones
1941 3616 2193 3665 instantes
2213 3652 2228 3677 ,
2257 3622 2313 3666 ut
2336 3612 2447 3680 ipse

875 3703 1030 3757 nobis
1057 3704 1319 3768 narravit,
1350 3704 1638 3772 longmvam
1665 3704 1822 3756 vitam
1852 3703 2242 3771 promittentes,
2262 3716 2291 3753 a
2319 3717 2441 3770 pro-

880 3792 1049 3860 posita
1076 3807 1172 3859 spe
1192 3792 1359 3860 ipsum
1389 3792 1659 3845 dimovere
1683 3791 1997 3855 studebant,
2058 3789 2444 3844 transforman-

879 3893 959 3935 tes
978 3881 1108 3935 sein
1139 3882 1353 3949 angelos
1375 3881 1510 3934 lucis
1529 3920 1544 3945 ,
1576 3880 1845 3934 dicentes:
1868 3880 2251 3950 Quinquaginta
2279 3896 2446 3935 annos

877 3973 1050 4026 adhuc
1070 3973 1305 4026 victurus
1325 3987 1416 4026 es:
1461 3971 1727 4041 quomodo
1774 3971 1825 4025 in
1875 3986 2057 4025 eremo
2106 3970 2446 4039 perdurabis?

881 4063 970 4117 Ille
995 4073 1170 4116 autem
1213 4065 1479 4131 sapienter
1514 4078 1607 4130 per
1652 4063 1805 4116 fidem
1866 4061 2179 4131 respondit,
2226 4062 2442 4115 dicens:

880 4152 1240 4206 Contristastis
1284 4168 1402 4216 me,
1444 4152 1653 4205 brevius
1701 4153 1952 4219 propositi
1987 4152 2087 4204 mei
2108 4160 2315 4219 tempus
2367 4150 2447 4203 di-

880 4251 1089 4297 centes:
1119 4241 1465 4295 ducentorum
1493 4242 1632 4294 enim
1657 4255 1916 4293 annorum
1961 4247 2269 4308 apparatum
2321 4237 2449 4291 mihi

882 4334 933 4385 in
955 4346 1135 4386 eremo
1165 4331 1538 4385 instruxeram.
1572 4329 1723 4396 Quod
1766 4336 1821 4382 ut
1850 4327 2151 4390 audierunt,
2193 4327 2449 4382 ululantes

880 4423 1258 4478 discesserunt.
1290 4422 1356 4476 Et
1394 4421 1532 4475 hunc
1580 4421 1783 4489 ipsum,
1816 4435 1972 4489 quem
2026 4417 2295 4472 daemones
2344 4434 2448 4472 non

879 4522 1304 4575 commoverant,
1334 4512 1638 4566 diuturnum
1666 4512 1713 4565 ei
1739 4512 1858 4564 vita:
1885 4520 2093 4579 tempus
2140 4510 2451 4578 promitten-

880 4617 991 4672 tes,
1018 4615 1076 4660 ut
1103 4608 1271 4659 virum
1302 4607 1354 4659 in
1398 4605 1654 4659 desidiam
1700 4604 2099 4673 pertraherent,
2125 4603 2450 4673 Theophilus

880 4710 1017 4767 papa
1067 4695 1323 4764 Priuenpts
1371 4694 1544 4748 edicto
1591 4694 1817 4763 migrare
1859 4693 2041 4762 jussit,
2085 4702 2138 4747 et
2178 4693 2243 4746 ad
2293 4696 2448 4747 talem

882 4789 1085 4859 redegit
1131 4788 1533 4852 necessitatem,
1583 4796 1641 4840 ut
1692 4785 1757 4839 ad
1784 4784 2100 4839 Comitatum
2148 4784 2251 4838 iret
2294 4802 2307 4837 :
2362 4786 2449 4854 qui

884 4896 1023 4935 nunc
1076 4890 1194 4949 post
1246 4889 1471 4934 mortem
1533 4879 1830 4941 Ammonii,
1890 4890 2093 4930 rursum
2155 4874 2453 4928 desertissi-

884 4987 1022 5026 mam
1060 4972 1395 5026 solitudinem
1436 4972 1671 5041 repetiit,
1716 4968 1878 5023 aratri
1928 4966 2215 5038 evangelici
2259 4967 2454 5019 veritos

884 5061 1185 5131 parabolam
1241 5061 1387 5128 (Luc.
1441 5060 1494 5113 9.
1561 5058 1673 5127 6‘2).
1734 5058 1879 5112 Alius
1936 5072 2117 5112 rursus
2180 5056 2455 5126 presbyter

885 5153 1032 5209 Isaac
1082 5151 1331 5218 nomine,
1389 5151 1679 5218 discipulus
1723 5151 1966 5217 Macarii,
2012 5152 2100 5219 qui
2152 5149 2249 5204 fuit
2298 5149 2456 5204 disci-

884 5245 1039 5315 pulus
1068 5243 1315 5307 Antonii,
1370 5240 1670 5298 solitudinis
1718 5241 2138 5307 amantissimus,
2193 5241 2452 5310 quinqua-

886 5336 1027 5405 ginta
1074 5349 1240 5387 aunos
1284 5349 1483 5403 agens,
1522 5331 1845 5401 Scripturam
1894 5344 2105 5383 omnem
2150 5332 2455 5385 memoriter

886 5436 1107 5489 tenens,
1157 5435 1388 5477 cerastas
1433 5432 1706 5492 serpentes
1757 5420 1808 5474 in
1863 5418 2106 5474 manibus
2150 5419 2263 5472 sine
2315 5422 2453 5487 peri-

884 5515 1008 5571 culo
1036 5523 1249 5584 portans
1269 5555 1284 5579 ,
1314 5528 1378 5566 ex
1411 5516 1589 5567 matris
1618 5523 1767 5567 utero
1804 5513 1981 5581 virgo,
2031 5524 2149 5563 cum
2190 5511 2457 5576 septennis

885 5606 1223 5664 solitudinem
1298 5604 1528 5659 incolere
1586 5604 1864 5672 coepisset,
1937 5610 2051 5669 post
2113 5597 2456 5669 quadraginta

883 5713 1085 5763 aelios,
1134 5712 1254 5750 cum
1298 5695 1561 5766 praedictis
1589 5735 1603 5759 ,
1658 5709 1686 5745 a
1731 5692 2022 5760 Theophilo
2072 5691 2250 5759 Papa,
2297 5690 2456 5743 veluti

886 5790 1098 5853 cribro,
1163 5803 1418 5843 excussus
1470 5798 1570 5843 est.
1632 5787 1779 5842 Alter
1830 5786 1973 5840 Isaac
2035 5786 2344 5857 presbyter,
2406 5794 2459 5839 et

888 5883 1005 5951 ipse
1046 5881 1330 5950 discipulus
1360 5895 1423 5934 ac
1465 5894 1737 5933 successor
1768 5877 1947 5932 Cronii
1997 5878 2324 5948 presbyteri,
2374 5874 2457 5929 di-

890 5972 1074 6043 scipuli
1116 5972 1349 6042 ejusdem
1400 5969 1645 6035 Antonii,
1681 5969 2066 6040 Scripturarnm
2112 5978 2164 6025 et
2216 5971 2326 6038 ipse
2374 5982 2455 6037 pe-

2560 708 2693 764 ritus
2718 727 2873 782 quam
2928 711 3014 779 qui
3058 715 3318 781 maxime,
3378 718 3652 788 hospitalis
3704 722 3746 772 si
3791 725 3905 791 quis
3958 732 4125 799 alius,

2559 801 2694 856 adeo
2723 814 2779 857 ut
2804 818 2908 873 pra:
2936 819 3137 856 summa
3170 808 3492 865 humanitate
3518 811 3799 881 hospitium
3850 814 3900 866 in
3950 834 4128 873 ereum

2559 894 2919 947 construxerit
2948 892 3011 945 ad
3056 894 3385 963 refrigerium
3438 917 3695 970 :rgrorum
3743 906 4122 963 monachorum

2560 994 2610 1036 et
2638 987 3032 1054 peregrinorum
3056 1027 3068 1049 ,
3099 986 3164 1038 ad
3196 988 3496 1046 iuvisendos
3539 994 3721 1048 beatos
3763 994 3950 1050 Patres
4003 1000 4127 1054 illuc

2557 1075 2945 1131 advenientium
2973 1076 3199 1147 (dicitur
3250 1089 3423 1134 autem
3474 1084 3542 1137 ab
3571 1086 3712 1137 omni
3762 1086 3836 1138 ira
3863 1086 4121 1158 alienus),

2558 1167 2883 1236 trigesimum
2910 1185 3100 1222 annum
3133 1183 3251 1222 cum
3281 1173 3475 1238 egisset
3507 1176 3556 1229 in
3587 1191 3798 1231 secessu
3824 1218 3837 1237 ,
3870 1193 3971 1231 uua
3998 1194 4120 1233 cum

2556 1254 2638 1309 his
2659 1269 2876 1312 vexatus
2895 1271 2993 1313 est.
3026 1259 3103 1312 Ex
3136 1259 3214 1311 his
3241 1270 3413 1315 autem
3441 1264 3584 1320 Isaac
3628 1269 3769 1336 prior
3817 1278 4026 1322 centum
4074 1282 4125 1325 et

2556 1347 2928 1417 quinquaginta
2946 1350 3043 1404 sub
3070 1366 3125 1402 se
3148 1351 3433 1406 monachos
3464 1354 3723 1412 habebat:
3774 1362 3923 1427 cujus
3963 1360 4123 1415 disci-

2556 1438 2709 1505 pulos
2731 1448 2931 1506 septem
2963 1450 3051 1493 aut
3067 1448 3185 1492 octo
3205 1442 3482 1510 episcopos
3494 1451 3763 1502 constituit
3778 1450 4123 1517 Theophilus,

2556 1532 2681 1585 dum
2711 1532 3067 1603 TheOphilns,
3100 1532 3200 1586 hoc
3220 1544 3296 1587 est
3324 1574 3338 1598 ,
3375 1535 3465 1588 Dei
3500 1554 3712 1605 amans,
3746 1551 3886 1596 esset
3928 1561 3942 1595 :
3991 1544 4123 1601 alter

2555 1632 2729 1675 autem
2750 1623 3004 1677 ducentos
3031 1631 3085 1676 et
3109 1622 3323 1676 decem:
3353 1625 3504 1693 cujus
3524 1630 3680 1683 etiam
3711 1633 3951 1701 discipuli
4006 1636 4116 1703 plu-

2555 1711 2675 1764 rimi
2702 1713 2963 1782 episcopis
2990 1714 3315 1767 annumerati
3363 1726 3504 1769 sunt.
3537 1718 3598 1772 Hi
3652 1731 3807 1783 sunt,
3850 1739 3981 1792 quos
4030 1743 4100 1780 nu

2554 1800 2674 1854 dius
2702 1804 2886 1857 tertius
2911 1804 3316 1858 memoravimus
3348 1806 3532 1861 lsidori
3559 1812 3848 1881 presbyteri
3889 1829 4046 1869 causa
4092 1834 4121 1870 a

2554 1888 2848 1959 TheOphilo
2873 1893 3014 1963 Papa
3062 1895 3258 1963 ejectos
3307 1910 3371 1948 ex
3426 1912 3628 1952 eremo.
3679 1900 3740 1954 lli
3784 1913 3938 1967 sunt,
3992 1923 4125 1974 quos

2553 1981 2857 2036 sacerdotes
2885 1991 2939 2038 et
2966 1984 3166 2037 diaconi
3193 1982 3592 2051 despexerunt;
3625 1997 3678 2041 et
3696 2005 3833 2056 quos
3877 1993 3927 2045 in
3982 1995 4125 2047 viro.

2555 2085 2671 2122 rum
2693 2071 3052 2127 confusionem
3101 2073 3267 2127 virilis
3315 2075 3505 2128 mulier
3547 2079 3814 2145 suscepit,
3871 2092 4027 2150 atque
4074 2085 4125 2138 in

2552 2160 2920 2229 episcoporum
2987 2164 3478 2219 condemnationem
3574 2168 3762 2222 mulier
3833 2169 4124 2226 diaconissa

2554 2250 2785 2321 hospitio
2834 2256 3075 2323 excepit;
3113 2256 3262 2323 cujus
3313 2255 3425 2308 laus
3465 2257 3515 2308 in
3566 2255 3819 2311 Ecclesiis
3842 2261 4124 2316 multarum

2552 2359 2728 2397 rerum
2772 2359 2929 2398 causa
2972 2347 3303 2401 celebratur:
3353 2348 3741 2402 Samaritanqu
3792 2350 3971 2415 illum,
4014 2357 4119 2422 qui-

2552 2450 2778 2505 cumque
2824 2437 3031 2491 tandem
3065 2438 3153 2491 ille
3190 2440 3291 2504 sit,
3344 2439 3578 2504 imitata,
3624 2442 3711 2509 qui
3762 2457 3792 2494 a
3839 2442 4126 2500 latronibus

2554 2528 2919 2590 vulneratum,
2966 2528 3280 2581 semivivum
3327 2529 3378 2582 in
3419 2529 3680 2584 descensu
3722 2530 3935 2586 Jericho
3977 2534 4124 2588 inve-

2552 2618 2705 2670 niens
2724 2658 2739 2683 ,
2767 2618 2980 2685 proprio
3001 2618 3146 2670 illum
3174 2619 3678 2689 imposuitjumento
3697 2663 3712 2686 ,
3742 2632 3795 2677 et
3837 2623 3901 2681 ad
3950 2626 4126 2679 Stabu~

2553 2705 2658 2757 lum
2688 2719 2853 2773 usque
2902 2706 3047 2770 tulit,
3075 2715 3234 2775 atque
3285 2708 3627 2762 humanitatis
3656 2711 3833 2764 oleum
3860 2726 3978 2765 cum
4030 2715 4125 2766 ad-

2551 2794 2840 2863 stringente
2878 2796 3000 2847 vino
3063 2796 3419 2863 permiscens,
3452 2798 3756 2853 vulneribus
3812 2801 4125 2856 medicinam

2550 2882 2691 2937 fecit.
2717 2883 2783 2937 Et
2810 2883 2925 2938 htec
2952 2885 3161 2954 quidem
3192 2886 3259 2940 de
3289 2886 3402 2940 istis
3430 2887 3566 2941 dicta
3596 2889 3719 2942 sint.
3747 2889 4004 2956 Quantam
4033 2907 4127 2944 au-

2550 2984 2653 3027 tem
2681 2984 2734 3028 et
2762 2975 3103 3043 pecuniarum
3125 2984 3179 3030 et
3203 2976 3519 3045 prmdiorum
3551 2979 3754 3047 copiam
3812 2982 4128 3048 pauperibus

2549 3065 2896 3128 distribuerit,
2916 3081 3021 3118 non
3039 3082 3210 3120 meum
3242 3077 3321 3121 est
3336 3068 3532 3128 dicere,
3556 3070 3648 3122 sed
3667 3086 3846 3123 eorum
3865 3073 3949 3140 qui
3966 3072 4128 3127 bene-

2550 3156 2724 3210 ficium
2752 3166 3101 3224 acceperunt:
3135 3158 3283 3210 exsul
3302 3159 3494 3226 quippe
3513 3174 3631 3212 cum
3657 3175 3831 3214 essem
3853 3203 3865 3223 ,
3896 3162 3942 3213 ei
3975 3164 4126 3215 oneri

2550 3260 2655 3299 non
2679 3245 2772 3299 fui.
2793 3245 2868 3300 De
2893 3260 2955 3298 ea
2990 3260 3118 3299 vero
3141 3246 3263 3299 audi
3296 3248 3419 3315 quid
3463 3248 3785 3315 pra‘clarius.
3818 3249 4128 3305 Parentibus

2550 3335 2755 3401 orbata,
2789 3335 2904 3388 viro
2932 3335 3209 3403 conjuncta
3237 3351 3353 3390 cum
3372 3346 3529 3401 esset,
3561 3337 3631 3389 ita
3650 3337 3758 3391 Deo
3785 3338 4015 3402 volente,
4037 3355 4126 3394 re-

2551 3440 2667 3478 rum
2686 3426 2921 3479 omnium
2942 3426 3162 3494 prmscio
3182 3434 3236 3479 et
3263 3426 3521 3479 lmmanos
3539 3438 3760 3482 eventus
3781 3430 4124 3496 prmvidente,

2552 3516 2639 3569 vix
2682 3514 2865 3585 viginti
2916 3529 3130 3569 menses
3171 3516 3349 3569 carnis
3393 3516 3672 3584 voluptati,
3718 3533 3835 3585 qua:
3879 3519 4127 3572 omnibus

2552 3609 2799 3676 imperat,
2846 3607 3084 3669 servivit,
3112 3621 3232 3660 cum
3260 3608 3478 3661 maritus
3506 3607 3621 3676 ejus
3646 3617 3850 3662 natura:
3888 3608 4123 3662 debitum

2550 3698 2655 3751 cito
2680 3695 3049 3765 persolvisset.
3094 3696 3293 3749 Dicitur
3316 3707 3492 3749 autem
3523 3713 3661 3751 nunc
3688 3700 3849 3752 etiam
3879 3709 3932 3751 et
3976 3700 4127 3768 virgo

2550 3802 2687 3840 esse.
2717 3786 2846 3853 Qua:
2870 3786 3010 3839 enim
3040 3786 3207 3854 potuit
3232 3786 3536 3853 apostolica:
3566 3786 3665 3855 legi
3696 3789 3895 3841 servire
3931 3806 3944 3842 :
4000 3787 4126 3841 Volo

2549 3876 2960 3928 adolescentiores
2973 3875 3145 3928 viduas
3160 3877 3545 3937 nubere,matres
3562 3878 3780 3947 familias
3796 3879 3955 3947 esse(~l
3971 3877 4123 3931 .Tim.

2551 3967 2603 4019 5.
2639 3966 2759 4037 ι4);
2789 3981 2850 4020 ea
2878 3967 3093 4035 quidem
3131 3982 3236 4020 non
3270 3968 3551 4033 sustinuit;
3576 3978 3750 4023 tamen
3782 3983 3901 4022 cum
3931 3984 4125 4037 genero

2551 4064 2606 4108 et
2634 4054 2837 4121 opibus,
2864 4064 3020 4123 atque
3041 4056 3340 4123 cognitione
3365 4056 3590 4124 plurium
3617 4058 3973 4117 scientiarum,
4002 4072 4125 4108 nec-

2554 4158 2656 4195 non
2682 4143 2893 4211 ingenio
2918 4145 3118 4198 liberali
3149 4154 3202 4199 et
3225 4144 3395 4199 forma
3426 4156 3586 4215 atque
3606 4147 3777 4200 atatis
3806 4145 3935 4197 ﬂore
3966 4159 4124 4198 exor-

2554 4245 2673 4287 nata
2701 4246 2859 4301 esset,
2898 4238 3117 4290 secundi
3145 4238 3374 4305 conjugii
3413 4238 3652 4304 laqueos,
3701 4250 3905 4302 caprem
3935 4236 4120 4299 instar,

2552 4325 2819 4389 audacter,
2869 4326 3190 4378 transiliens.
3218 4324 3369 4377 Iusto
3410 4325 3541 4376 enim
3568 4324 3648 4374 (ex
3677 4323 3840 4389 posita
3867 4338 3964 4374 non
4007 4333 4079 4375 est
4106 4366 4119 4384 ,

2554 4417 2640 4469 sed
2666 4417 2844 4485 iugum
2868 4416 3270 4477 detrectantibus,
3321 4416 3565 4482 profanis,
3598 4422 3645 4465 et
3681 4414 3744 4466 iis
3786 4415 3869 4483 qui
3915 4414 4123 4467 libidine

2553 4508 2742 4573 expleri
2771 4524 2869 4559 non
2902 4515 3108 4575 possunt
3134 4506 3207 4573 (l.
3234 4503 3366 4557 Tim.
3398 4505 3447 4555 l.
3469 4500 3554 4571 9).
3575 4501 3803 4572 Contigit
3831 4513 4005 4557 autem
4035 4520 4125 4572 per

2554 4596 2835 4661 quamdam
2868 4595 3077 4645 Satanas
3124 4592 3392 4654 invidiam,
3440 4599 3499 4644 ut
3541 4592 3656 4659 ejus
3700 4602 4014 4661 praematura
4044 4609 4124 4644 vt-

2556 4686 2728 4739 duitas
2756 4685 3020 4737 delatione
3046 4681 3111 4733 ad
3140 4680 3425 4734 Theodosii
3455 4681 3791 4750 Imperatoris
3826 4695 3980 4735 aures
4008 4696 4126 4749 per-

2555 4776 2792 4837 veniret,
2824 4773 2911 4840 qui
2959 4787 3074 4827 eam
3111 4772 3316 4842 Elpidio
3350 4773 3574 4835 cuidam,
3612 4781 3835 4840 cegnato
3875 4786 3990 4832 suo,
4033 4769 4125 4822 Hi-

2560 4880 2745 4936 spano,
2786 4865 2837 4919 in
2864 4865 3256 4918 matrimonium
3295 4863 3422 4918 dare
3443 4867 3704 4933 cupiebat.
3737 4863 3831 4916 llic
3864 4876 3980 4914 eum
4008 4874 4125 4913 eam

2560 4960 2779 5011 multum
2824 4965 3045 5020 orasset,
3079 4971 3178 5010 nec
3220 4955 3505 5025 quidquam
3549 4955 3616 5007 ab
3660 4968 3719 5007 ea
3764 4954 4122 5018 impetrasset,

2558 5050 2741 5104 dolore
2768 5048 2986 5104 allectus
3023 5058 3125 5113 est,
3156 5046 3486 5116 significante
3515 5046 3640 5099 illa:
3670 5043 3725 5097 Si
3757 5057 3841 5095 me
3872 5040 4123 5093 voluisset

2558 5142 2671 5195 Rex
2692 5156 2840 5195 meus
2868 5155 2986 5193 cum
3013 5139 3129 5193 viro
3148 5139 3345 5203 vivere,
3376 5138 3546 5190 virum
3577 5133 3704 5188 mihi
3734 5146 3837 5184 non
3866 5129 4117 5182 abstulis-

2559 5243 2674 5287 set:
2704 5232 2951 5302 quoniam
2974 5240 3145 5282 autem
3176 5244 3259 5283 me
3298 5226 3587 5296 conjngalis
3615 5224 3733 5275 vita:
3764 5220 3981 5274 minimc
4012 5219 4126 5272 ido-

2560 5341 2711 5381 neam
2759 5322 3023 5391 cognovit,
3055 5335 3152 5374 nec
3199 5335 3355 5390 posse
3402 5320 3517 5371 viro
3558 5315 3786 5384 placere,
3836 5321 3889 5364 et
3920 5310 4066 5363 illum
4093 5326 4126 5366 e

2559 5414 2797 5483 corporis
2837 5412 3057 5465 vinculis
3096 5411 3353 5473 liberavit,
3384 5416 3438 5461 et
3466 5420 3553 5459 me
3592 5417 3621 5455 a
3651 5400 3961 5470 gravissimo
3995 5400 4125 5469 jugo

2561 5515 2717 5574 atque
2738 5519 2767 5556 a
2788 5503 2883 5556 viri
2906 5502 3154 5556 servitute
3181 5500 3395 5569 eripuit,
3427 5507 3587 5547 suave
3616 5505 3767 5543 suum
3790 5490 4115 5544 castimonia:

2558 5598 2740 5665 jugum
2784 5594 2944 5647 menti
2982 5608 3113 5647 mea:
3156 5593 3449 5658 imponens.
3502 5582 3626 5634 Post
3673 5579 3773 5633 hoc
3814 5594 4124 5648 responsum

2560 5688 2709 5758 jubet
2732 5687 3057 5741 Theodosius
3075 5682 3333 5739 Praefecto
3359 5676 3522 5737 urbis,
3558 5682 3619 5727 ut
3644 5671 3758 5740 ejus
3784 5672 3920 5725 bona
3948 5686 4125 5726 serva-

2566 5788 2767 5844 rentur,
2794 5778 3083 5849 usquedum
3109 5772 3319 5841 triginta
3350 5765 3522 5821 :etatis
3544 5779 3708 5819 annos
3737 5762 4121 5834 explesset.Qui

2564 5872 2738 5925 statim
2788 5880 2906 5940 post
2950 5862 3287 5934 Imperatoris
3336 5856 3679 5924 mandatum,
3731 5870 3961 5923 eousque
4006 5863 4123 5940 eam

2565 5937 2803 6028 vexavit,
2832 5961 3077 6015 incitatus
3120 5951 3187 6006 ab
3229 5948 3459 6019 Elpidio,
3498 5958 3555 6005 ut
3582 5964 3648 6006 ne
3677 5949 3975 6004 facultatem
4006 5937 4119 6012 qul-
