4526 6698
437 573 508 634 59
1444 575 1529 629 Dl;
1572 577 1725 630 \IT.\
1771 577 1825 630 S.
1879 577 2160 635 JOANNIS
2197 577 2702 634 CHRYSOSJ‘OMI.
3632 579 3701 630 ϐυ

438 691 757 762 ἀντερείδων
805 695 915 755 τοῖς
966 690 1166 753 ὀδοῦσι,
1201 688 1275 759 μὴ
1310 691 1593 761 χωρούσης
1631 697 1728 765 τῆς
1766 692 2016 763 γλώσσης

438 777 498 830 ἐν
529 775 605 845 τῷ
627 776 916 846 ὡρισμένῳ
948 772 1100 840 παρὰ
1151 772 1250 842 τῆς
1297 773 1512 840 φύσεως
1551 777 1719 847 τόπῳ,
1759 779 1818 829 ἐν
1842 774 2013 845 mih?

436 858 650 929 γράψας
685 857 1074 926 ἐξομολόγησιν
1107 857 1363 908 ἐποιεῖτο.
1407 857 1516 909 Καὶ
1556 853 1622 928 ἦν
1657 860 1784 912 ἰδεῖν
1817 859 2013 928 θεήλα-

435 957 526 995 τον
551 944 718 1013 ὀργὴν
749 940 1025 1010 διαφόροις
1051 941 1344 1010 τιμωρίαις
1376 944 1800 1012 στρατηγοῦσαν.
1825 945 1886 994 υἱ
1909 945 2016 1016 γάρ

435 1023 526 1078 τὸν
558 1025 666 1077 τῶν
693 1021 881 1092 ψυχῶν
917 1023 1099 1094 ἰατρὸν
1141 1025 1234 1076 καὶ
1283 1023 1532 1076 ἐπαοιδδν
1581 1026 2012 1094 παροξύναντες.

435 1111 530 1162 καὶ
563 1108 1000 1178 μεταστήσαντες
1045 1107 1139 1161 τοῦ
1194 1107 1298 1176 τῆς
1350 1110 1618 1178 σωτηρίας
1653 1110 2014 1181 ἐργαστηρίου

434 1194 525 1245 τὸν
554 1193 837 1260 ὑποφήτην
864 1192 1074 1256 τούτου,
1105 1195 1218 1255 τοῖς
1244 1191 1353 1244 τῶν
1393 1195 1655 1263 σωμάτων
1693 1197 1898 1266 ἰατροῖς
1937 1195 2016 1247 εἰς

435 1274 691 1341 αἱκισμδν
741 1276 1104 1344 παρεδίδοντο,
1137 1275 1332 1344 ὀδύνην
1387 1276 1485 1344 μὲν
1537 1277 2015 1348 ἐπιχορηγούντων

433 1359 550 1417 τοῖς
606 1357 975 1427 νομιζομένοις
1050 1357 1402 1428 φαρμάκοις,
1473 1361 1744 1429 σωτηρίαν
1813 1359 1858 1410 δ’
1917 1359 2016 1410 οὐκ

435 1436 823 1506 ἐμποιούντων.
859 1441 953 1502 Τίς
997 1441 1106 1511 γάρ
1165 1441 1374 1493 ίάσεται
1402 1440 1491 1493 16v
1541 1442 1642 1494 ὑπὸ
1676 1441 1810 1494 Θεοῦ
1842 1459 2016 1509 τιμω-

437 1519 721 1592 ρούμενον,
775 1523 850 1586 ὡς
901 1525 929 1576 6
971 1525 1260 1594 προφήτης
1294 1522 1460 1591 λέγει’
1515 1527 1612 1593 Μὴ
1654 1527 1837 1593 ἰατροὶ
1869 1527 2014 1578 dra-

435 1605 774 1672 στήσουσι,
832 1611 931 1661 καί
995 1606 1551 1675 ἐξομολογήσονταί
1609 1625 1754 1671 σοι;
1828 1607 2016 1672 υῦτως

437 1686 751 1742 ἀπώλλυντο
804 1691 1005 1752 πάντες
1043 1692 1091 1741 οἱ
1121 1690 1574 1760 ἀντιπράττοντες
1599 1695 1664 1762 τῇ
1699 1693 1888 1761 εἰρήνῃ
1917 1691 2016 1760 τῆς

449 1769 774 1842 Ἐκκλησίας
802 1789 918 1832 σου,
965 1771 1162 1841 Κύριε.
1207 1772 1437 1839 Λέγεται
1488 1774 1544 1827 δέ
1587 1775 1649 1826 τὸ
1681 1774 1872 1844 μνῆμα
1920 1775 2014 1826 τοῦ

439 1854 758 1920 μονάζοντος
805 1855 1116 1925 Ἀμμωνίου
1159 1854 1346 1918 νόσους
1374 1857 1471 1918 τάς
1513 1857 1642 1926 περ)⁵
1683 1858 1836 1926 ῥῖγος
1858 1855 2014 1910 ἐλαύ-

435 1953 566 1990 νειν.
593 1939 869 1992 Τέθαπται
891 1939 947 1991 δέ
974 1940 1030 1990 ἐν
1054 1937 1133 2006 τῷ
1162 1939 1445 2008 μαρτυρίῳ
1479 1939 1588 1993 τῶν
1640 1939 1978 1992 Ἀποστόλων
1997 1981 2010 2002 ,

435 2020 606 2092 πέραν
651 2022 949 2092 θαλάσσης.
1011 2021 1071 2074 '0
1120 2021 1177 2073 δὲ
1229 2022 1523 2086 ἐπίσκοπος
1577 2023 1886 2092 Διόσκορος,
1941 2023 2016 2088 ῶς

436 2122 618 2172 φασιν,
651 2106 948 2176 εὑξάμενος
981 2105 1230 2166 πλεῖστα,
1267 2105 1298 2176 ἢ
1329 2107 1548 2175 εἰρήνην
1587 2107 1712 2160 ίδεῖν
1741 2106 1852 2159 τῶν
1887 2109 2012 2160 Ἐκ-

434 2189 693 2258 κλησιῶν,
722 2189 755 2258 ἢ
786 2188 936 2250 τέλος
968 2188 1032 2240 16
1064 2187 1281 2250 ἑαυτοῦ,
1325 2187 1634 2260 κατηξιώθη
1672 2189 1764 2242 τοῦ
1795 2189 1979 2252 τέλους
1998 2232 2011 2250 ,

435 2271 620 2341 ἐπειδὴ
651 2271 750 2322 οὑκ
774 2266 840 2339 ἦν
872 2269 1019 2333 ἄξιος
1070 2273 1098 2323 ό
1149 2270 1355 2338 κόσμος
1390 2271 1488 2338 τῆς
1537 2272 1777 2342 εἰρήνης.
1808 2274 2013 2340 Ταφεὶς

435 2353 591 2422 ἐντῷ
617 2353 723 2423 πρὸ
749 2353 848 2420 τῆς
876 2353 1048 2421 πύλης
1099 2353 1384 2423 μαρτυρίῳ
1423 2362 1463 2415 ⁸,
1511 2353 1585 2415 ὡς
1625 2354 1720 2417 τάς
1756 2356 2013 2421 πλείστας

433 2437 542 2489 τῶν
567 2434 842 2504 γυναικῶν
893 2435 1296 2504 καταλειψάσας
1337 2437 1437 2506 τῆς
1471 2435 1749 2506 μάρτυρος
1771 2441 1893 2500 τοὺς
1921 2441 2011 2508 ὄρ-

433 2533 586 2579 κους,
636 2517 777 2569 κατά
806 2515 912 2569 τῶν
971 2518 1143 2586 εὐχῶν
1194 2518 1486 2588 Διοσκόρου
1526 2519 1765 2585 ὀμνύειν.
1799 2522 1932 2589 Περὶ
1958 2522 2012 2574 δέ

432 2599 542 2652 τῶν
570 2599 770 2652 λοιπῶν
792 2600 1044 2668 ἀσκητῶν
1069 2599 1231 2663 πολύς
1256 2617 1343 2670 μοι
1375 2601 1534 2668 λόγος
1561 2602 2013 2656 καταναλίσκεται

433 2685 516 2745 είς
563 2681 622 2734 τὸ
655 2681 1041 2752 διηγήσασθαι,
1107 2683 1236 2744 ίσως
1299 2684 1660 2753 ἐπειγομένου
1701 2700 1829 2748 σου,
1894 2703 2018 2757 φερ-

431 2764 616 2835 ώνυμε
645 2765 917 2835 ἄνθρωπε.
958 2766 1014 2818 ὐ
1051 2767 1233 2820 ΔΙΑΚ.
1262 2767 1370 2818 Καὶ
1403 2767 1485 2828 τίς
1517 2767 1660 2820 οὑτω
1681 2769 2015 2839 τρισάθλιος,

431 2852 544 2911 τοῖς
574 2850 672 2920 τῆς
701 2851 901 2920 ἀρετῆς
927 2849 1229 2920 διηγήμασι
1269 2850 1342 2919 μὴ
1376 2850 1550 2914 διδοὺς
1608 2850 1830 2922 χώραν;
1877 2854 2018 2920 Λέγε

430 2933 628 2994 τοίνυν,
667 2933 988 3003 παρακαλῶ,
1013 2936 1108 2986 καὶ
1139 2934 1435 3002 οίιρδήποτε
1465 2935 1608 3004 λόγῳ
1650 2935 1862 3006 εὑλόγῳ
1913 2938 2016 2989 ἀπ-

432 3017 607 3082 άγαγέ
663 3035 761 3087 μου
810 3019 899 3069 τὸν
951 3017 1075 3069 νοῦν
1121 3018 1230 3070 τῶν
1295 3017 1560 3087 βιωτικῶν
1607 3019 1915 3089 νοημάτων.
1960 3021 2018 3073 ’0

443 3099 695 3150 ἘΠΙΣΚ.
732 3100 883 3150 Ἐστι
907 3100 1084 3152 τοίνυν
1111 3100 1298 3170 ἕτερος
1343 3099 1537 3169 Ἰέραξ,
1578 3101 1874 3171 Ἑλληνικῷ
1916 3103 2016 3172 μέν

431 3181 763 3250 καλούμενος
809 3182 1051 3250 ὀνόματι,
1087 3186 1478 3252 πνευματικοῖς
1508 3183 1563 3235 δέ
1605 3186 2012 3255 κεκοσμημένος

430 3265 674 3336 τρόποιςο
704 3265 760 3328 ὂς
790 3266 856 3318 τά
885 3267 980 3334 μὲν
1014 3265 1204 3337 πρῶτα
1257 3266 1363 3332 ἔξω
1393 3267 1577 3336 πάσης
1621 3267 1895 3335 Αἰγύπτου
1923 3271 2014 3322 καὶ

429 3348 695 3418 Θηϐαΐδος
724 3349 780 3400 ἐν
807 3348 883 3417 τῷ
918 3349 1231 3419 Πορφυρίτη
1281 3349 1396 3418 ὄρει
1430 3351 1590 3418 μόνος
1621 3351 1979 3423 ἀναχωρήσας
2000 3393 2014 3414 ,

430 3431 558 3484 ἀνευ
589 3431 756 3495 πνοῆς
790 3430 1158 3500 ἀνθρωπίνης,
1213 3431 1454 3499 τέσσαρα
1495 3433 1865 3504 ἐκαρτέρησεν
1899 3434 2018 3504 ἔτη,

434 3515 625 3584 μόναις
659 3517 779 3574 ταῖς
819 3515 1042 3584 ἀρεταῖς
1105 3513 1440 3583 ἀρκούμενος
1507 3517 1585 3578 είς
1640 3517 2018 3588 παράκλησιν·

432 3598 623 3650 ἔπειτα
651 3596 708 3648 δὲ
755 3597 820 3666 τῇ
868 3597 968 3665 τῆς
1016 3595 1251 3665 Νιτρίας
1302 3597 1493 3666 ἐρήμῳ
1543 3599 1888 3652 εἰκοσιπέντε
1923 3600 2018 3670 ἔτη

433 3684 548 3750 ἅμα
582 3682 689 3742 τοῖς
721 3679 1136 3750 προειρημένοις
1186 3680 1485 3749 Πατράσιν.
1545 3681 1732 3752 Τούτῳ
1763 3682 2019 3752 δαίμονες

435 3765 773 3825 ἐπιστάντες,
804 3763 878 3825 ὡς
935 3763 1096 3825 αὑτὸς
1144 3765 1278 3832 ἡμῖν
1312 3765 1631 3836 διηγήσατο,
1669 3766 2017 3836 πολυχῴνιον

433 3848 580 3917 ζωὴν
623 3847 1032 3909 ὑποϐάλλοντες,
1083 3847 1193 3898 ἀπὸ
1251 3851 1351 3916 τῆς
1399 3850 1770 3921 προκειμένης
1805 3851 2018 3914 ἐλπίδος

437 3930 684 3983 σαλεύειν
715 3927 1059 3991 ἐσπούδαζον,
1101 3931 1710 4000 μετασχηματισθέντες
1741 3933 1820 3994 είς
1849 3934 2017 4000 ἀγγε-

435 4013 559 4076 λους
585 4015 780 4081 φωτόςο
809 4014 1146 4081 Πεντήκοντα
1197 4013 1313 4081 ἐτη,
1345 4013 1615 4081 λέγοντες,
1648 4016 1791 4085 ἔχεις
1828 4015 2017 4086 ζῆσαι,

437 4095 553 4157 πῶς
583 4098 945 4167 καρτερήσεις
976 4097 1032 4147 ἐν
1065 4097 1130 4164 τῇ
1162 4097 1389 4166 ἐρήμῳ;
1428 4096 1485 4148 '0
1513 4097 1569 4148 δέ
1599 4100 1665 4167 τῇ
1701 4099 1912 4151 συνέσει
1935 4099 2023 4151 διὰ

435 4177 536 4248 τῆς
598 4178 836 4242 πίστεως
897 4177 1262 4250 ἀνθυποφέρει
1318 4180 1518 4248 φήσαςο
1563 4181 1900 4251 Ἐλυπήσατέ
1930 4201 2020 4252 με,

437 4260 696 4312 ἐλάττονα
728 4260 828 4329 τῆς
855 4260 1163 4332 προθέσεως
1215 4262 1303 4314 16v
1355 4262 1544 4332 χρόνον
1595 4264 1861 4326 εἰπόντεςο
1909 4264 2023 4316 διας

437 4342 633 4395 κοσίων
677 4340 787 4411 γὰρ
841 4343 980 4395 ἐτῶν
1039 4346 1391 4416 παρασκευήν
1449 4345 1794 4414 ἐποιησάμην
1844 4347 1903 4398 ἐν
1953 4350 2018 4416 τῇ

438 4426 646 4498 ἐρήμῳ.
692 4425 755 4477 Οἱ
803 4425 859 4478 δέ
895 4427 1226 4491 ἀκούσαντες
1258 4427 1459 4497 ῷχοντο
1505 4428 1866 4492 ὀλολύζοντες.
1911 4429 2019 4480 Καὶ

436 4508 624 4562 τοῦτον
653 4506 741 4559 τὸν
774 4508 1038 4568 τοιοῦτον.
1080 4510 1140 4562 ὃν
1171 4512 1220 4563 οἱ
1267 4511 1516 4579 δαίμονες
1550 4511 1648 4563 οὑκ
1694 4509 2016 4574 ἐσάλευσαν,

439 4592 729 4662 πολυμήκη
755 4592 946 4661 χρόνον
977 4595 1057 4654 είς
1077 4595 1311 4664 ἀκηδίαν
1351 4595 1724 4666 σοφισάμενοι,
1758 4594 1784 4645 6
1831 4595 2020 4657 πάπας

438 4676 691 4744 Θεόφιλος
741 4674 828 4728 διὰ
878 4677 1305 4745 προστάγματος
1375 4681 1536 4732 αὑτὸν
1591 4679 2016 4751 μετανέστησεν,

439 4762 535 4814 καί⁵
564 4761 642 4824 είς
703 4759 972 4828 τοσαύτην
1028 4761 1388 4830 περιέστησεν
1447 4765 1730 4833 ἀνάγκην,
1792 4763 1867 4826 ῶς
1930 4765 2019 4818 καὶ

441 4843 800 4917 στρατόπεδον
827 4842 1174 4896 καταλαϐεῖν·
1233 4844 1290 4907 ὃς
1326 4846 1422 4896 νῦν
1454 4848 1595 4915 μετὰ
1637 4847 1734 4917 τήν
1770 4846 2023 4917 κοίμησιν

452 4929 760 4998 Ἀμμωνίου
794 4926 891 4996 τὴν
935 4927 1255 4997 πανέρημον
1310 4927 1472 4980 πάλιν
1534 4931 1864 5000 κατείληφε,
1927 4934 2022 5000 τήν

438 5011 535 5064 τοῦ
599 5011 826 5081 ἀρότρου
882 5009 1200 5080 παραϐολήν
1277 5009 1550 5079 φοϐηθείς.
1619 5013 1811 5076 Ἄλλος
1863 5013 2022 5066 πάλιν

439 5095 807 5165 πρεσϐύτερος
847 5092 1030 5145 Ἰσαάκ
1077 5093 1388 5162 λεγόμενος,
1437 5093 1686 5164 μαθητὴς
1734 5098 2020 5167 Μακαρίου

438 5178 536 5231 τοῦ
571 5178 812 5249 μαθητοῦ
848 5177 1153 5237 Ἀντωνίου,
1193 5177 1493 5248 φιλέρημος
1545 5179 1793 5245 είσάγαν,
1827 5199 2024 5252 πεντη-

438 5262 634 5314 κοστὸν
665 5264 780 5327 ἔτος
808 5263 974 5330 ἄγων,
1006 5259 1148 5312 κατὰ
1184 5259 1422 5314 διάνοιαν
1455 5262 1640 5327 σώζων
1695 5262 1794 5333 τὴν
1838 5266 2022 5317 πᾶσαν

436 5341 687 5417 Γραφῆνν
741 5348 1011 5418 κεράστας
1055 5344 1210 5412 ὄφεις
1239 5346 1296 5397 ἐν
1325 5350 1447 5410 ταῖς
1493 5349 1678 5418 χερσὶν
1723 5348 2022 5411 ἀκινδύνως

436 5423 751 5492 βαστάζων,
779 5430 1042 5499 παρθένος
1065 5431 1128 5482 ἐκ
1165 5431 1398 5498 μήτρας,
1437 5431 1705 5502 ἐπταετής
1738 5433 1763 5471 δ
1786 5433 2020 5486 καταλα-

438 5505 551 5556 ϐὼν
580 5511 679 5579 τὴν
732 5515 957 5584 ἔρημον,
997 5513 1132 5584 μετὰ
1184 5513 1597 5580 τεσσαράκοντα
1640 5518 1730 5586 ἐτη
1790 5518 1882 5569 σὺν
1913 5519 2023 5578 τοῖς

439 5597 862 5660 προειρημένοις
892 5598 1040 5668 παρά
1079 5595 1169 5650 τοῦ
1220 5595 1375 5648 πάπα
1405 5595 1660 5664 Θεοφίλου
1705 5600 2020 5664 ἐσινιάζετο.

441 5671 669 5742 Ἕτερος
706 5677 890 5732 Ἰσαάκ
924 5683 1311 5752 πρεσϐύτερος,
1346 5678 1441 5730 καὶ
1467 5681 1628 5744 αὑτὸς
1659 5685 1909 5754 μαθητὴς
1935 5685 2026 5737 καὶ

439 5754 678 5824 διάδοχος
713 5759 948 5825 Κρονίου
970 5764 1060 5818 τοῦ
1097 5764 1491 5836 πρεσϐυτέρου,
1530 5765 1772 5834 μαθητοῦ
1811 5769 1902 5820 καὶ
1933 5769 2026 5822 αῦ-

439 5838 536 5894 τοῦ
590 5840 909 5906 Ἀντωνίου,
963 5849 1265 5914 γνωστικὸς
1319 5848 1410 5902 καὶ
1464 5847 1623 5911 αὐτὸς
1675 5851 1730 5900 ἐν
1781 5851 2027 5921 Γραιραῖς

505 6029 534 6093 _.‘
556 6027 700 6093 Addi:
726 6028 903 6087 (ἴσως.
929 6032 997 6088 τὼ
1022 6032 1068 6076 ἐν
1090 6040 1142 6076 1'}
1175 6037 1285 6093 Δρυί

509 6091 536 6132 δ
557 6092 734 6156 Georg.
759 6095 1027 6147 πενταιτήτ.

2123 693 2569 763 ὑπερϐαλλόντως
2592 736 2606 759 ,
2664 693 2940 763 φιλόξενος
2968 695 3014 746 εί
3048 694 3141 747 καί
3195 711 3278 758 τις
3315 693 3493 757 ἄλλος,
3528 695 3602 758 ὡς
3630 696 3700 753 δι’

2120 776 2425 846 ὑπερϐολήν
2481 779 2891 850 φιλανθρωπίας
2926 777 3248 848 ξενοδοχεῖον
3291 780 3700 834 κατασκευάσαι

2116 862 2176 912 ἐν
2206 865 2268 932 τῇ
2304 863 2604 932 πανερήμῳ
2653 864 2732 926 είς
2780 862 3042 931 ἀνάψυξιν
3078 863 3170 914 καὶ
3201 862 3308 914 τῶν
3358 861 3702 933 ἀρρωστούν-

2117 961 2225 998 των
2257 945 2529 1015 μοναχῶν,
2587 948 2680 999 καὶ
2713 946 2822 998 τῶν
2870 945 3342 1016 ἐπιχωριαζόντων
3371 946 3536 1009 ξένων
3571 945 3701 1008 θέας

2116 1029 2302 1080 ’ένεκεν
2339 1027 2448 1079 τῶν
2481 1029 2761 1099 μακαρίων
2805 1029 3086 1097 Πατέρων,
3135 1027 3266 1096 φασὶ
3297 1027 3372 1086 δέ,
3406 1029 3573 1097 ὀργῆς
3603 1028 3698 1080 ἀλ-

2116 1111 2346 1182 λότριος,
2389 1113 2704 1180 τριακοστὸν
2744 1111 2863 1172 ἔτος
2905 1112 3052 1176 ἄγων
3117 1113 3174 1162 ἐν
3207 1113 3270 1180 τῇ
3333 1112 3696 1181 ἀναχωρήσει,

2118 1197 2212 1248 σῦν
2257 1194 2469 1256 τούτοις
2519 1197 2889 1264 ἐκακουχεῖτο.
2935 1193 3148 1244 Τούτων
3202 1196 3228 1246 ό
3281 1194 3378 1262 μὲν
3438 1194 3699 1264 πρότερος

2128 1278 2315 1330 Ἰσαάκ
2343 1277 2537 1328 ἑκατὸν
2565 1279 2900 1347 πεντήκοντα
2923 1271 3068 1344 εἶχεν
3101 1276 3188 1341 ὑφ’
3220 1276 3407 1327 ἐαυτὸν
3431 1275 3696 1344 ἀσκητάς·

2115 1357 2173 1414 οὗ
2203 1363 2297 1414 καὶ
2354 1359 2602 1430 μαθητάς
2649 1359 2980 1422 ἐπισκόπους
3027 1359 3359 1415 κατέστησεν
3383 1360 3411 1409 6
3439 1358 3700 1424 Θεόφιλος

2116 1445 2219 1507 ’έως
2247 1444 2439 1512 ἐπτάῆ
2477 1441 2639 1505 ὀκτὼ,
2672 1443 2832 1511 ήνίκα
2857 1441 3101 1509 θεόσιλος
3121 1436 3209 1510 ἦν·
3246 1442 3274 1492 6
3303 1439 3346 1491 δ’
3377 1439 3562 1510 ἔτερος
3587 1439 3702 1491 δια-

2117 1528 2332 1590 κοσίους
2360 1527 2509 1588 δέκα,
2535 1521 2594 1579 οὑ
2624 1526 2716 1576 καὶ
2741 1523 2904 1577 αὑτοῦ
2938 1523 3120 1574 πολλοὶ
3148 1525 3204 1575 ἐν
3247 1523 3566 1585 ἐπισκόποις
3597 1538 3703 1588 μα-

2118 1609 2278 1678 θηταὶ
2309 1609 2827 1680 κατηριθμήθησαν.
2860 1601 3018 1658 Οὗτοί
3057 1608 3183 1667 είσι,
3229 1606 3357 1674 περὶ
3395 1598 3470 1656 ῶν
3507 1604 3699 1675 τρίτην

2117 1695 2334 1762 ἡμέραν
2366 1691 2766 1761 διηγησάμεθα,
2818 1687 3092 1759 Ἰσιδώρου
3127 1689 3285 1758 χάριν
3329 1687 3420 1740 τοῦ
3460 1687 3700 1757 πρεσϐυ·

2119 1779 2280 1846 τέρου
2310 1777 2410 1844 τῆς
2433 1777 2644 1845 ἐρήμου
2671 1773 2900 1842 ὴλάσθαι
2928 1773 3078 1840 παρά
3113 1772 3373 1835 Θεοφίλου
3406 1769 3496 1823 τοῦ
3521 1772 3699 1824 πάπα.

2119 1857 2278 1914 Οὗτοί
2303 1861 2460 1919 εἰσιν,
2495 1856 2588 1918 οὓς
2615 1855 2863 1925 παρεῖδον
2895 1855 3058 1923 ίερεῖς
3091 1854 3184 1904 καὶ
3205 1851 3457 1917 Λ-υῖται,
3490 1853 3586 1906 καὶ
3621 1856 3703 1915 εἰς

2119 1941 2383 2012 αἰσχύνην
2413 1939 2624 2009 ἀνδρῶν
2669 1936 2891 2008 ἀνδρεία
2948 1935 3086 2004 γυνὴ
3139 1933 3455 1998 ὑπεδέξατο,
3500 1935 3609 2012 καί
3627 1937 3704 1996 εἰς

2119 2010 2292 2094 κρῖμα
2341 2010 2664 2075 ἐπισκόπων
2727 2021 2974 2081 διάκονος
3021 2017 3210 2088 θήλεια
3275 2015 3536 2080 ἐξένισεν,
3581 2010 3647 2085 ἧς
3675 2017 3706 2068 6

2119 2108 2338 2167 ἔπαινος
2384 2109 2442 2158 ἐν
2487 2108 2603 2168 ταῖς
2641 2103 2988 2173 Ἐκκλησίαις
3040 2100 3458 2172 ἐμπολιτεύεται
3493 2099 3704 2152 πολλῶν

2118 2191 2324 2252 ἕνεκεν,
2365 2190 2454 2243 16v
2495 2187 2843 2257 Σαμαρείτην
2894 2187 3122 2247 ἐκεῖνον,
3169 2186 3316 2246 ὅστις
3372 2183 3501 2235 ποτέ
3553 2184 3702 2247 ἐστι,

2122 2275 2505 2343 μιμησαμένη,
2535 2273 2594 2333 ὃς
2622 2271 2712 2322 τὸν
2769 2269 2874 2321 ὑπὸ
2911 2268 3121 2338 λῃστῶν
3154 2266 3526 2337 συντριϐέντα,
3575 2267 3707 2336 ἡμι-

2119 2356 2278 2425 θανῆ,
2315 2358 2371 2406 ἐν
2392 2359 2458 2425 τῇ
2491 2354 2785 2406 καταϐάσει
2821 2353 3032 2423 Ἱεριχῶ
3089 2350 3289 2422 εὑρὼν,
3348 2351 3441 2403 ἐπὶ
3477 2350 3540 2403 16
3575 2349 3706 2402 ἴδιον

2119 2437 2445 2491 ἐπεϐίϐασεν
2479 2437 2769 2502 ὑποζύγιον
2805 2437 2964 2505 μέχρι
3015 2435 3110 2487 τοῦ
3173 2434 3488 2504 πανδοχεῖον
3520 2434 3706 2501 ἐνηνο-

2118 2522 2250 2594 χὼς,
2277 2522 2371 2574 καὶ
2411 2521 2473 2571 16
2523 2519 2624 2587 τῆς
2677 2517 3086 2588 φιλανθρωπίας
3136 2518 3313 2570 ἔλαιον
3343 2519 3438 2569 σὺν
3469 2516 3546 2586 τῷ
3577 2515 3702 2567 στύ-

2119 2623 2272 2674 φοντι
2311 2603 2439 2671 οίνῳ
2465 2603 2707 2671 κεράσας
2745 2602 2933 2653 ίάσατο
2963 2602 3029 2652 τά
3065 2601 3356 2670 οίδήματα.
3393 2598 3502 2650 Καὶ
3535 2598 3707 2650 ταῦτα

2121 2690 2220 2759 μὲν
2251 2685 2508 2757 εἰρήσθω.
2537 2685 2710 2754 Ὄσην
2735 2685 2789 2736 δέ
2816 2683 3134 2754 περιουσίαν
3163 2683 3462 2753 χρημάτων
3491 2681 3523 2751 ἦ
3574 2697 3708 2752 κτη-

2123 2774 2306 2841 μάτων
2328 2771 2441 2831 τοῖς
2464 2768 2740 2836 δεομένοις
2797 2767 3089 2831 διένειμεν,
3121 2766 3222 2817 οὑκ
3247 2765 3377 2834 ἐμὸν
3403 2765 3465 2816 τὸ
3491 2763 3671 2831 λέγειν
3688 2804 3704 2826 ,

2119 2854 2254 2905 ἀλλά
2277 2852 2384 2904 τῶν
2424 2847 2484 2902 εῦ
2543 2849 2845 2902 παθόντων·
2889 2849 3179 2918 ὑπερόριος
3204 2848 3312 2917 γάρ
3359 2846 3455 2911 ὢν,
3497 2845 3710 2916 ἀϐαρής

2121 2935 2454 3006 ἐφυλάχθην.
2484 2935 2751 2986 Ἀκουσον
2780 2933 2837 2985 δέ
2883 2933 2983 3002 τῆς
3015 2933 3262 3001 μείζονος
3316 2929 3543 3001 ἀρετῆς.
3595 2930 3713 2998 Ὀρ-

2122 3020 2264 3090 φανὴ
2289 3017 2398 3086 γὰρ
2431 3016 2586 3087 ἀνδρὶ
2641 3014 2971 3083 συναφθεῖσα
3023 3015 3084 3066 οὑ
3141 3012 3495 3084 συνεχωρήθη
3556 3011 3711 3082 παρὰ

2120 3101 2213 3154 τοῦ
2250 3098 2598 3169 προγνώστου
2629 3097 2786 3159 Θεοῦ,
2823 3097 2916 3150 τοῦ
2990 3095 3330 3168 προορῶντος
3355 3095 3455 3157 τὰς
3484 3093 3592 3146 τῶν
3618 3095 3708 3145 ἀν·

2120 3183 2354 3254 Θρῶπων
2383 3181 2639 3244 ἐκϐάσεις
2707 3221 2720 3241 ,
2751 3179 2872 3232 οὑδέ
2899 3178 3072 3232 εἴκοσι
3103 3177 3278 3247 μῆνας
3315 3176 3598 3230 δουλεῦσαι
3643 3179 3707 3246 τῇ

2117 3266 2218 3335 τῆς
2282 3265 2482 3333 σαρκὸς
2539 3263 2698 3332 ήδονῇ
2751 3261 2852 3330 τῆς
2893 3262 3110 3314 πάντων
3165 3259 3576 3330 βασιλευούσης,
3614 3259 3708 3312 τοῦ

2120 3347 2481 3415 συναφθέντος
2538 3346 2676 3414 αὑτῇ
2725 3343 3006 3413 συντόμως
3037 3343 3095 3395 16
3124 3343 3223 3412 τῆς
3282 3341 3500 3411 φύσεως
3548 3341 3709 3412 χρέος

2121 3429 2536 3499 ἀπαιτηθέντος.
2592 3428 2825 3496 Λέγεται
2877 3426 2934 3479 δὲ
2985 3424 3253 3493 παρθένος
3311 3425 3600 3495 ὑπάρχειν,
3636 3424 3713 3486 ὠς

2120 3517 2152 3586 ἡ
2203 3518 2357 3584 φήμη
2409 3512 2671 3564 διδάσκει.
2719 3509 2999 3580 Δυναμένη
3061 3509 3170 3579 γάρ
3226 3507 3304 3578 τῷ
3369 3507 3712 3576 ἀποστολικῷ

2122 3598 2273 3666 νόμῳ
2305 3594 2589 3648 δουλεῦσαι
2622 3593 2719 3662 τῷ.
2747 3593 3045 3659 Βούλομαι
3072 3589 3363 3657 νεωτέρας
3393 3589 3585 3658 χήρας
3609 3606 3712 3658 γα-

2115 3679 2273 3748 μεῖν,
2318 3675 2795 3730 οίκοδεσποτεῖν·
2830 3675 2928 3725 οὑκ
2959 3673 3234 3741 ἠνέσχετο,
3267 3672 3472 3740 καίπερ
3503 3673 3597 3724 καὶ
3620 3671 3712 3740 γέ-

2121 3778 2198 3813 νει
2224 3761 2318 3812 καὶ
2353 3758 2567 3822 πλούτῳ
2619 3757 2714 3809 καὶ
2756 3755 2977 3825 παιδεία
3013 3755 3356 3824 μαθημάτων
3384 3755 3709 3820 πολυτελῶν,

2121 3843 2215 3895 καὶ
2247 3843 2447 3910 εὐφυΐα
2496 3840 2709 3907 φύσεως
2749 3839 2844 3892 καὶ
2890 3837 3085 3900 ἄνθους
3130 3837 3250 3908 ῶρᾳ
3300 3839 3710 3908 κεκοσμημένη,

2119 3925 2376 3995 δορκάδος
2409 3924 2563 3992 δίκην
2591 3922 2684 3974 τοῦ
2715 3921 2968 3990 δευτέρου
3018 3921 3201 3990 γάμου
3234 3921 3333 3989 τὴν
3386 3920 3588 3987 παγίδα
3619 3921 3712 3974 ἀν-

2123 4007 2294 4069 εκτῶς
2322 4005 2773 4076 ὑπερπηδήσασα.
2805 4004 3018 4068 Δικαίῳ
3042 4005 3152 4071 γὰρ
3181 4005 3367 4070 νόμος
3395 4004 3467 4056 οὺ
3500 4003 3710 4066 κεῖται,

2126 4091 2261 4143 ἀλλ’
2309 4085 2769 4150 ἀνυποτάκτοις,
2805 4085 3118 4153 βεϐήλοις,
3184 4086 3537 4152 ἀκορέστρις
3579 4088 3712 4154 περὶ

2128 4173 2374 4242 φθᾳάν.
2433 4172 2631 4241 Ἔτυχε
2690 4170 2747 4223 δέ
2793 4171 2936 4223 κατά
2989 4185 3114 4222 τινα
3172 4169 3365 4238 φθόνον
3425 4171 3714 4223 σατανικδν

2124 4254 2581 4325 δηλατορευθῆναι
2629 4253 2832 4324 ταύτης
2892 4253 2991 4323 τὴν
3021 4253 3196 4322 ἄωρον
3245 4252 3474 4322 χηρείαν
3508 4254 3586 4314 εἰς
3615 4255 3713 4316 τὰς

2124 4339 2292 4401 ἀκοὰς
2321 4338 2598 4390 Θεοδοσίου
2663 4338 2756 4390 τοῦ
2808 4335 3090 4404 βασιλέως,
3115 4335 3173 4398 ὃς
3231 4335 3496 4389 ἔσπευσεν
3545 4335 3711 4404 αὑτὴν

2137 4421 2386 4488 Ἐλπιδίῳ
2413 4421 2518 4472 τινὶ
2570 4421 2824 4484 συγγενεῖ
2861 4418 3056 4469 ἑαυτοῦ
3100 4419 3297 4486 Σπάνῳ
3349 4418 3582 4488 συνάψαι
3636 4419 3715 4481 εἰς

2124 4505 2316 4573 γάμον.
2350 4503 2459 4553 Καὶ
2483 4501 2653 4554 πολλά
2677 4500 2986 4570 λιπαρήσας
3016 4500 3112 4568 τήν
3151 4500 3460 4570 ἄνθρωπον,
3502 4503 3713 4553 ἀποτυ-

2122 4587 2232 4657 χὼν
2261 4584 2528 4655 ἐλυπήθη,
2581 4582 2906 4652 δηλωσάσης
2959 4581 3149 4650 αὑτῆςο
3180 4583 3242 4634 El
3281 4582 3534 4636 ἐϐούλετό
3568 4601 3632 4654 με
3687 4587 3714 4638 6

2122 4669 2253 4742 ἐμὸς
2293 4669 2542 4740 βασιλεὺς
2567 4668 2759 4738 ἄρρενι
2791 4665 2979 4736 συζῇν,
3015 4667 3113 4718 οὑκ
3137 4666 3198 4718 ἄν
3235 4683 3338 4735 μου
3367 4667 3457 4719 τὸν
3499 4667 3716 4738 πρῶτον

2123 4754 2393 4824 ἀφείλετο*
2421 4752 2534 4806 ἀλλ’
2557 4750 2742 4820 ἐπειδὴ
2772 4750 3142 4818 ἀνεπιτήδειόν
3181 4766 3246 4819 με
3272 4749 3350 4819 τῷ
3381 4753 3716 4822 πεφυρμένῳ

2127 4837 2228 4907 βίῳ
2248 4836 2410 4904 ἔγνω,
2443 4841 2514 4906 μὴ
2550 4832 2852 4902 δυναμένην
2887 4832 3040 4902 ἀνδρὶ
3079 4832 3296 4902 ἀρέσαι,
3326 4834 3578 4886 κάκεῖνον
3621 4835 3714 4886 τοῦ

2125 4918 2323 4989 δεσμοῦ
2344 4918 2708 4988 ἠλευθέρωσε,
2746 4912 2891 4981 κάμέ
2923 4913 3017 4966 τοῦ
3062 4913 3368 4986 βαρυτάτου
3402 4913 3567 4982 ζυγοῦ
3623 4915 3716 4966 καὶ

2125 5004 2221 5071 τῆς
2251 5001 2507 5071 ἀνδρικῆς
2540 4996 2783 5058 δουλείας
2818 4997 3118 5067 ἀπήλλαξε,
3155 5000 3244 5050 τὸν
3278 4998 3511 5068 χρηστὸν
3551 4995 3713 5047 αὑτοῦ

2127 5083 2287 5151 ζυγὸν
2319 5084 2412 5152 τῆς
2449 5083 2778 5152 ἐγκρατείας
2817 5083 3028 5146 ἐπιθείς
3057 5101 3158 5152 μου
3207 5085 3271 5151 τῇ
3308 5079 3535 5150 διανοίᾳ.
3560 5079 3715 5132 Μετὰ

2125 5166 2219 5236 τήν
2264 5167 2555 5234 ἀπόκρισιν
2594 5166 2802 5239 ταύτην
2849 5165 3181 5236 προστάσσει
3233 5163 3312 5233 τῷ
3356 5162 3581 5234 ἐπάρχῳ
3618 5162 3716 5230 τῆς

2129 5249 2354 5312 πόλεως,
2399 5248 2751 5318 φρουρεῖσθαι
2811 5249 3013 5317 ταύτης
3065 5249 3134 5300 τά
3187 5247 3513 5318 πράγματα,
3556 5245 3714 5315 μέχρι

2127 5325 2188 5384 οῦ
2221 5331 2496 5403 πληρώσει
2540 5333 2837 5401 τριάκοντα
2890 5331 2984 5402 ἔτη
3030 5330 3128 5401 τήν
3173 5329 3267 5383 τοῦ
3305 5329 3551 5398 σώματος
3597 5328 3711 5398 ήλι·

2129 5413 2272 5468 κίαν.
2332 5418 2427 5478 ’ος
2487 5415 2714 5487 ἐξαυτῆς
2772 5415 2953 5469 λαϐὼν
2998 5415 3096 5485 τὴν
3139 5413 3234 5467 τοῦ
3283 5413 3543 5482 βασιλέως
3601 5413 3710 5465 ἐπιο

2125 5499 2354 5569 τροπήν,
2393 5501 2470 5559 εἰς
2496 5497 2752 5551 τοσοῦτον
2806 5498 2977 5569 αὑτὴν
3014 5496 3246 5557 έθλιϐεν,
3278 5494 3716 5564 ὑποϐαλλόμενος

2126 5581 2232 5633 ὑπὸ
2259 5582 2354 5634 τοῦ
2396 5580 2685 5645 Ἐλπιδίου,
2729 5583 2806 5645 ὡς
2861 5581 2935 5652 μὴ
2975 5581 3116 5649 ἔχειν
3164 5577 3408 5641 ἐξουσίαν
3444 5578 3578 5646 μηδέ
3605 5580 3717 5642 τοῖς

2127 5666 2416 5734 ἐπισήμοις
2451 5666 2836 5735 συντυγχάνειν
2888 5665 2994 5717 τῶν
3050 5662 3384 5722 ἐπισκόπων,
3421 5661 3550 5732 μηδέ
3593 5661 3714 5712 Ἐκ-

2127 5747 2326 5818 κλησία
2360 5747 2753 5818 παραϐάλλειν,
2788 5748 2876 5800 ἵνα
2929 5744 3261 5798 στενωθεῖσα
3296 5746 3402 5798 ὑπὸ
3435 5745 3530 5813 τῆς
3575 5745 3718 5814 ἀκη-

2127 5831 2264 5896 δίας,
2316 5831 2604 5902 καταπέσῃ
2644 5833 2724 5892 είς
2765 5831 2864 5898 τὴν
2905 5831 3120 5902 αἵρεσιν
3163 5830 3256 5884 τοῦ
3288 5831 3486 5899 γάμου.
3540 5827 3604 5880 Ἦ
3661 5827 3719 5882 δέ

2131 5915 2288 5968 πλέον
2339 5913 2588 5984 ἡσθεῖσα,
2645 5913 2732 5965 καὶ
2785 5912 2864 5983 τῷ
2899 5912 3019 5984 Θεῷ
3071 5913 3538 5985 εὑχαριστήσασα,
3594 5911 3720 5967 ἀντ·

2203 6098 2219 6112 ⁹
2245 6093 2428 6144 (index.
2455 6095 2530 6141 τάξ
2551 6110 2644 6141 των
2671 6096 2833 6156 ψυχῶν
2863 6095 2960 6142 ἑκῧ.
