4504 6730
418 610 480 665 61
1405 605 1492 659 DE
1538 604 1686 658 VITA
1729 603 1783 659 S.
1826 601 2101 661 JOANNlS
2136 603 2624 662 ClllHlSOSTOMl.
3618 622 3686 677 ω

422 727 540 778 dem
596 722 811 778 haberet
852 738 969 777 cum
1005 718 1298 788 insignibus
1334 719 1597 788 episcopis
1636 714 1994 786 colloquendi,

424 830 594 884 neque
620 814 685 867 ad
714 814 994 870 ecclesiam
1023 807 1308 863 accedendi
1331 828 1342 862 :
1369 818 1423 863 ut
1451 823 1560 877 pra:
1597 807 1851 877 angustiis
1879 805 1993 857 auia

420 907 489 958 tui
512 922 564 959 ιιι
597 904 831 973 conjugii
867 903 1188 955 voluntatem
1212 901 1499 955 decideret.
1526 899 1610 951 llla
1641 915 1766 953 vero
1789 897 1860 951 ob
1884 896 1996 950 haec

419 999 608 1061 la-tior,
640 1008 693 1051 et
729 995 926 1064 gratias
956 993 1061 1046 Deo
1084 1008 1267 1063 agens,
1313 991 1435 1044 talia
1469 990 1772 1058 Imperatori
1804 1003 1994 1087 renun-

418 1088 566 1140 tiavit
608 1104 620 1138 :
676 1082 989 1151 [inperatori
1031 1083 1261 1136 debitam
1315 1088 1369 1132 et
1412 1094 1695 1148 congruam
1746 1082 1997 1147 episcopo

416 1183 665 1234 virtutem
697 1178 747 1229 in
791 1191 873 1230 me
899 1176 1154 1231 humilem
1202 1171 1509 1232 exhibuisti.
1550 1171 1801 1233 domine;
1845 1185 1996 1221 men-

414 1271 549 1324 dans
572 1283 731 1337 grave
758 1283 890 1321 onus
920 1284 1097 1322 meum
1134 1263 1410 1327 custodiri,
1441 1268 1591 1332 cujus
1616 1277 1799 1317 curam
1836 1260 1997 1313 habe-

414 1360 559 1423 bam,
584 1370 639 1411 ut
662 1359 1141 1413 administraretur.
1168 1356 1335 1422 Majus
1361 1364 1534 1408 autem
1564 1353 1775 1416 feceris,
1799 1352 1842 1403 si
1871 1350 1994 1403 illud

416 1450 736 1518 pauperibus
766 1459 819 1503 ct
863 1449 1119 1503 Ecclesiis
1145 1445 1391 1500 distribui
1426 1445 1669 1513 jusseris.
1716 1442 1827 1510 Ego
1854 1443 1995 1495 enim

415 1541 520 1609 jam
547 1540 742 1595 dudum
774 1557 961 1595 vanam
990 1541 1213 1609 gloriam
1242 1553 1307 1592 cx
1334 1537 1593 1606 ejusmodi
1621 1534 1996 1588 distributione

416 1630 695 1697 deprecata
722 1646 859 1693 sum,
895 1645 961 1683 ne
992 1628 1319 1697 negligerem
1354 1627 1544 1679 anima:
1572 1625 1804 1689 divitias,
1836 1622 1995 1676 rebus

418 1723 641 1775 terrenis
664 1722 933 1788 implicita.
970 1720 1157 1786 Itaque
1185 1716 1517 1785 postmodum
1540 1728 1786 1769 reversus
1807 1728 1834 1765 a
1858 1713 1997 1766 bello

414 1811 667 1866 adversus
693 1812 999 1874 Maximum,
1025 1807 1185 1876 jussit
1206 1821 1319 1860 eam
1346 1808 1605 1860 bonorum
1637 1819 1855 1857 suorum
1896 1819 1994 1872 po-

416 1909 655 1954 testatem
705 1900 926 1962 habere,
977 1897 1156 1951 audita
1197 1897 1401 1950 virtutis
1445 1896 1560 1964 ejus
1611 1894 1991 1963 magnitudine.

417 1995 563 2049 Dntc.
594 1996 779 2049 Merito
809 2010 937 2063 ergo
962 2007 1078 2046 eam
1112 1990 1406 2045 honorabat
1434 1991 1686 2055 Joannes,
1716 2008 1833 2060 quin
1860 1989 1995 2044 hanc

414 2086 533 2138 vita:
563 2087 797 2156 regulam
827 2084 1093 2138 servabat.
1121 2082 1301 2136 EPISC.
1328 2082 1569 2135 Abstinet
1588 2091 1762 2135 autem
1793 2081 1859 2134 ab
1881 2081 1996 2133 ani-

414 2179 589 2243 matis,
611 2187 666 2231 et
694 2178 866 2231 rarius
896 2175 1087 2229 balneo
1114 2174 1299 2227 utitur.
1329 2170 1384 2225 Si
1412 2181 1585 2224 autem
1609 2181 1823 2238 propter
1846 2168 1993 2222 inﬁr-

414 2268 649 2321 mitatem
677 2267 840 2320 utitur
879 2267 1025 2335 (nam
1052 2263 1253 2332 savpius
1284 2260 1560 2314 stomacho
1590 2257 1842 2327 laborat).
1874 2272 1995 2311 cum

415 2361 590 2413 tunica
618 2359 669 2411 in
698 2372 885 2426 aquam
907 2356 1203 2422 descendit,
1222 2370 1279 2409 se
1300 2368 1510 2423 quoque
1538 2354 1725 2421 ipsam,
1750 2359 1806 2405 ut
1828 2350 1993 2415 aiunt,

416 2453 666 2505 reverita.
714 2450 863 2502 Duc.
911 2448 1109 2501 Dicitur
1153 2447 1312 2501 etiam
1363 2445 1473 2513 ipsa
1520 2444 1741 2497 multum
1781 2455 1997 2495 curaSse

418 2545 631 2597 beatum
660 2539 940 2593 Joannem.
973 2537 1149 2591 Ειηςε.
1174 2534 1375 2603 Ecquid
1402 2535 1618 2603 dignum
1647 2532 1763 2599 ejus
1799 2531 1995 2584 virtute

417 2635 470 2686 in
508 2647 629 2685 eum
661 2628 949 2700 prasstitit?
980 2626 1083 2680 nisi
1109 2624 1248 2695 quod
1280 2639 1381 2677 non
1413 2623 1652 2692 permisit
1689 2620 1996 2690 quotidiana

414 2737 533 2775 eum
564 2720 684 2774 cibo
725 2717 947 2771 distrahi
995 2734 1007 2769 :
1051 2714 1193 2785 quod
1234 2714 1448 2785 quidem
1478 2712 1753 2765 minimum
1783 2725 1887 2764 non
1916 2718 1997 2765 est

412 2811 607 2865 Christi
636 2809 915 2879 operariis,
959 2807 1189 2860 interdiu
1220 2812 1485 2872 noctuque
1511 2802 1577 2856 de
1604 2802 1764 2855 rebus
1797 2800 1995 2855 Christi

414 2901 678 2957 sollicitis.
726 2899 987 2952 Similiter
1033 2896 1247 2960 Paulus,
1290 2893 1526 2947 salutans
1557 2892 1850 2955 Persidem,
1878 2906 1995 2959 qua:

415 2993 513 3061 ipsi
547 2993 751 3045 iorteau
774 3003 878 3042 non
902 2987 1161 3041 dissimile
1186 2983 1533 3038 ministerium
1560 2983 1779 3083 prtebuit
1801 2981 1997 3083 :-Salu's

414 3093 533 3144 tate,
558 3080 748 3149 inquit,
788 3079 1020 3131 dilectam
1044 3074 1305 3129 Persidem
1325 3114 1341 3138 ,
1381 3088 1495 3140 qua:
1515 3072 1725 3125 multum
1755 3072 1997 3124 laboravit

413 3174 468 3227 in
514 3172 726 3224 Domino
759 3169 932 3241 (Rom.
954 3167 1041 3220 16.
1068 3165 1179 3231 12).
1231 3162 1418 3217 Omnes
1460 3163 1591 3214 enim
1621 3177 1735 3233 qua:
1760 3178 1855 3214 sua
1880 3170 1997 3213 sunt

412 3270 667 3332 quierunt,
708 3269 751 3314 et
779 3276 879 3312 non
917 3273 1029 3324 qnte
1056 3255 1243 3309 Christi
1282 3253 1538 3324 (Philipp.
1566 3252 1622 3305 2.
1657 3252 1769 3320 21).
1800 3252 1921 3306 Scio
1946 3260 1998 3304 ct

415 3355 629 3408 beatum
647 3350 945 3405 Nectarium
976 3348 1095 3417 plus
1129 3361 1245 3400 eam
1272 3346 1522 3409 coluisse,
1556 3345 1625 3397 ita
1653 3353 1710 3398 ut
1745 3345 1796 3398 in
1826 3345 1996 3397 eccle—

414 3443 648 3498 siasticis
676 3442 834 3495 rebus
860 3441 908 3494 ei
935 3438 1347 3505 obtemperaret.
1381 3435 1607 3490 Sanctos
1625 3450 1755 3489 vero
1779 3434 1999 3502 Amphi-

414 3533 647 3587 lochium
678 3542 729 3585 et
760 3528 1025 3598 Optimum
1054 3535 1106 3580 et
1148 3526 1461 3594 Gregorium
1492 3540 1556 3580 ac
1598 3525 1836 3590 Petrum,
1884 3524 1996 3577 fra-

414 3635 549 3680 trem
600 3622 801 3684 Basilii,
847 3632 1005 3689 atque
1051 3617 1423 3686 Epiphanium,
1472 3614 1633 3685 Cypri
1665 3616 1993 3683 episcopum,

414 3716 541 3786 quid
588 3716 777 3768 attinet
804 3712 1001 3775 dicere,
1056 3711 1243 3779 quibus
1271 3723 1514 3777 agrorum
1548 3707 1913 3776 possessiones
1941 3714 1996 3760 et

414 3805 668 3877 pecunias
718 3802 970 3857 dederit?
1010 3800 1267 3853 Moriente
1316 3808 1490 3852 autem
1537 3796 1994 3865 Constantinopoli

416 3895 647 3964 Optimo,
671 3893 787 3960 ejus
816 3893 976 3946 etiam
1004 3889 1188 3944 oculos
1214 3890 1457 3943 manibus
1486 3888 1596 3941 suis
1620 3887 1830 3941 clausit.
1854 3886 1995 3939 Prm-

418 3997 561 4042 terea
594 3983 923 4038 miserabiles
950 3996 1157 4051 quoque
1185 3980 1303 4033 illos
1339 3995 1443 4033 non
1481 3978 1819 4032 mediocriter
1844 3976 1999 4031 refri-

418 4076 617 4147 geravit
644 4074 695 4127 in
718 4074 987 4137 omnibus,
1024 4070 1367 4133 Antiochum,
1397 4070 1648 4123 Acacium
1677 4078 1731 4123 et
1755 4066 1999 4122 Severia-

420 4181 581 4230 num;
607 4172 787 4230 atque,
826 4170 886 4215 ut
910 4177 1017 4216 uno
1040 4160 1205 4215 verbo
1227 4175 1291 4214 cx
1322 4169 1471 4228 parte
1500 4161 1845 4226 complectar,
1878 4175 1995 4212 om-

422 4274 517 4313 nes
545 4254 947 4327 percgrinantes
972 4253 1217 4315 clericos,
1253 4260 1307 4305 et
1328 4251 1709 4304 monachorum
1740 4265 1802 4303 ac
1838 4251 1997 4318 virgi-

421 4366 548 4404 num
593 4346 847 4401 inﬁnitam
888 4342 1301 4397 multitudinem.
1333 4341 1564 4395 Joannes
1590 4348 1788 4404 tamen,
1814 4349 1995 4407 utpote

422 4444 618 4497 missus
646 4438 731 4508 qui
758 4436 1001 4503 exemplo
1029 4444 1195 4498 esset,
1227 4443 1282 4487 ut
1310 4435 1377 4487 ita
1407 4432 1601 4494 dicam,
1634 4431 1868 4484 venturis
1891 4431 1990 4498 cpi-

422 4532 617 4600 εοωρίε,
638 4526 900 4599 quomodo
920 4524 1097 4577 vivere
1112 4524 1362 4589 debeant,
1381 4520 1690 4576 decreverat
1704 4520 1991 4620 secundum

422 4623 663 4685 Paulum,
696 4618 803 4672 suis
829 4611 1104 4683 stipendiis
1141 4614 1434 4680 prmdicare
1462 4612 1827 4682 paenitentiam
1862 4630 1874 4664 :
1916 4611 1994 4662 ni-

421 4713 493 4765 hil
543 4708 1016 4764 ecclesiasticarum
1060 4718 1237 4755 rerum
1277 4704 1545 4772 attingens
1573 4744 1587 4767 ,
1632 4701 1994 4773 quotidianum

418 4801 696 4855 dumtaxat
736 4799 908 4852 cibum
942 4793 1203 4856 sumebat,
1238 4792 1395 4845 talem
1442 4808 1657 4862 semper
1697 4808 1875 4847 curam
1913 4795 1995 4846 fu-

418 4892 590 4959 giens.
620 4890 782 4942 Aiunt
808 4895 978 4940 autem
1002 4880 1317 4936 verecundia
1349 4880 1485 4935 afﬁci
1520 4883 1712 4947 visum,
1737 4883 1860 4937 dum
1884 4899 1998 4936 scn-

418 4981 558 5035 sibili
582 4987 888 5034 vcsceretur
913 4976 1049 5030 cibo.
1071 4971 1528 5038 Quemadmodum
1552 4976 1695 5026 enim
1728 4975 1777 5027 in
1802 4975 1991 5043 pomis,

418 5084 541 5124 cum
565 5086 628 5125 ea
649 5069 715 5123 ad
737 5082 995 5123 summam
1018 5063 1348 5134 pervenerint
1368 5064 1751 5130 maturitatem,
1773 5067 1824 5120 in
1848 5082 1997 5120 ramo

419 5171 735 5224 permanere
755 5172 859 5211 non
886 5158 1163 5218 sustinent,
1191 5152 1389 5206 domini
1436 5168 1649 5205 manum
1687 5158 1957 5222 poscentia
1981 5176 1993 5210 :

421 5248 498 5300 sic
524 5258 579 5302 et
604 5250 655 5301 in
685 5250 902 5312 sanctis,
926 5262 1045 5301 cum
1072 5258 1227 5313 supra
1258 5242 1471 5297 modum
1497 5244 1789 5299 czelestium
1817 5264 1994 5301 rerum

420 5339 817 5405 pulchritudine
841 5340 979 5408 capti
1013 5348 1155 5403 sunt,
1184 5344 1303 5390 ante
1332 5335 1607 5390 deﬁnitum
1645 5338 1769 5391 vitae
1795 5340 1995 5394 exitum

421 5426 522 5478 frui
546 5432 807 5493 promissa
837 5429 1161 5485 beatitudine
1181 5428 1442 5482 festinant.
1473 5427 1564 5481 Sic
1584 5436 1637 5480 et
1663 5429 1714 5480 in
1742 5427 1997 5485 hci-ilibus

421 5517 671 5583 parvulis.
702 5518 780 5572 llli
818 5521 957 5573 enim
985 5534 1127 5588 saape
1153 5516 1380 5574 crustula
1410 5526 1800 5585 exsliectantes,
1830 5535 1995 5589 appo-

422 5605 552 5658 sitos
598 5606 748 5661 cibos
792 5626 900 5665 non
930 5622 1167 5681 tangunt,
1199 5609 1589 5679 appetitumqne
1623 5608 1892 5677 cohibent,
1942 5624 1999 5667 ut

421 5705 725 5767 exspectata
773 5701 1053 5757 dulcedine
1094 5712 1413 5757 saturentur.
1465 5702 1767 5770 Agnosccnt
1817 5712 1995 5758 autem

424 5788 521 5843 hos
550 5802 843 5854 sermones,
877 5795 965 5859 qui
997 5794 1184 5849 iisdem
1216 5793 1449 5864 vestigiis
1477 5793 1595 5846 vita:
1636 5793 1889 5861 Spiritalis
1917 5796 1999 5849 in-

424 5883 632 5937 sistunt.
672 5876 883 5932 Verbum
916 5885 1055 5937 cnim
1082 5887 1284 5955 sapiens
1310 5888 1353 5939 si
1382 5885 1596 5939 audierit
1620 5885 1772 5951 scius,
1811 5887 1993 5941 lauda-

430 5978 495 6028 bit
516 5972 661 6038 illud,
695 5980 737 6026 et
761 5972 827 6024 ad
846 5989 898 6026 se
927 5973 1129 6042 adjiciat
1159 5976 1339 6045 (Eccli.
1367 5978 1453 6032 21.
1483 5976 1589 6049 18).

2176 718 2304 772 Car.
2346 733 2491 772 xvm.
2515 752 2586 761 —
2608 722 2753 779 Duc.
2784 726 3095 786 Consolatus
3118 747 3178 788 es
3221 750 3341 803 me,
3382 745 3684 798 venerando

2100 807 2280 873 Pater,
2296 810 2386 877 qui
2406 810 2532 863 mihi
2554 826 2795 869 accurate
2813 822 3129 888 narraveris,
3145 835 3192 878 et
3208 827 3390 882 eadem
3410 845 3528 899 qua:
3547 833 3684 889 lania

2104 898 2429 967 vulgaverat,
2454 904 2615 969 gratia
2634 908 2855 974 quadam
2878 910 3167 966 condieris.
3194 916 3305 972 lloc
3332 898 3510 977 autem
3538 923 3683 992 dico,

2104 990 2231 1043 nihil
2263 994 2411 1046 oneri
2443 993 2692 1052 Ecclesia:
2720 1000 2952 1059 futurum
2999 1006 3162 1061 fuisse
3187 1009 3378 1066 vietum
3401 1016 3638 1087 episcOpi
3665 1060 3681 1081 ,

2102 1082 2144 1135 si
2178 1083 2242 1136 ab
2271 1083 2506 1139 Ecclesia
2531 1103 2649 1142 eum
2682 1095 2970 1163 accepisset
3006 1098 3190 1153 beatus
3217 1100 3483 1171 Joannes,
3507 1108 3681 1177 juxta,

2100 1188 2219 1225 eum
2245 1175 2334 1242 qui
2365 1174 2490 1229 dicit
2522 1197 2533 1230 :
2569 1178 2764 1249 Dignus
2802 1183 2943 1236 enim
2988 1196 3060 1239 est
3104 1192 3368 1257 operarius
3420 1174 3530 1251 cibo
3587 1174 3680 1252 suo

2107 1268 2339 1338 (.lIatt/t.
2385 1271 2469 1324 10.
2524 1274 2628 1337 1Ο;
2680 1275 2704 1327 1
2740 1274 2879 1329 Tim.
2916 1276 2966 1330 5.
3009 1277 3124 1347 l8);
3163 1287 3217 1335 et
3274 1295 3513 1336 rursus:
3561 1282 3692 1348 Quis

2102 1361 2268 1425 pascit
2298 1378 2524 1431 gregem,
2546 1375 2595 1417 et
2632 1364 2695 1419 de
2736 1367 2868 1419 lacte
2889 1368 3063 1438 gregis
3084 1385 3189 1422 non
3216 1376 3501 1426 manducet
3520 1376 3547 1428 .9
3571 1375 3690 1442 quis

2102 1450 2307 1515 plantat
2323 1454 2545 1518 vineam,
2567 1456 2692 1510 etde
2710 1458 2887 1526 fructu
2905 1460 3018 1527 ejus
3038 1476 3141 1513 non
3159 1459 3307 1516 edit?
3328 1462 3373 1531 (l
3404 1462 3531 1519 Cor.
3555 1466 3607 1519 9.
3633 1468 3686 1535 7)

2102 1538 2296 1596 Nonne
2316 1543 2446 1607 haec,
2465 1554 2517 1598 et
2542 1548 2709 1599 multa
2725 1548 2828 1600 alia
2853 1549 3149 1618 Scriptura:
3162 1551 3329 1605 sunt?
3352 1551 3530 1607 EPISC.
3550 1554 3688 1608 Con-

2104 1645 2235 1698 grne
2256 1633 2474 1701 quidem
2491 1643 2544 1689 et
2561 1638 2837 1706 sapienter
2857 1639 3076 1694 loeutus
3099 1657 3181 1706 es,
3207 1658 3239 1696 ο
3258 1642 3545 1700 Theodore
3567 1664 3579 1700 :
3605 1647 3685 1700 di-

2103 1717 2207 1769 ctis
2229 1727 2407 1773 autem
2426 1724 2605 1776 verbis
2621 1725 2757 1780 adde
2780 1735 2830 1779 et
2856 1729 3163 1797 sequentia.
3189 1730 3325 1785 Cum
3348 1735 3493 1787 enim
3523 1750 3680 1789 sacra

2103 1807 2188 1860 lex
2215 1810 2416 1863 tribuat
2446 1810 2779 1880 facultatem,
2813 1828 2871 1873 ut
2896 1822 2987 1890 qui
3011 1836 3169 1877 sacra
3202 1824 3437 1889 faciunt,
3474 1842 3593 1896 quae
3616 1828 3683 1883 de

2100 1898 2346 1952 sacrario
2363 1902 2959 1973 suntedant,majorum
2977 1910 3246 1968 honorum
3266 1914 3461 1968 avidus
3480 1914 3682 1971 Paulus

2102 1981 2225 2049 quid
2251 1981 2435 2036 addit?
2462 1983 2583 2039 Non
2614 2005 2731 2043 usus
2758 2007 2871 2044 sum
2914 1996 3006 2048 hac
3028 2009 3268 2065 potestate
3299 2003 3417 2075 (Ib.
3450 2021 3501 2061 υ.
3538 2010 3602 2063 12
3626 2014 3682 2083 ),

2102 2073 2152 2123 in
2180 2076 2561 2141 corporalibus,
2596 2089 2652 2132 ut
2676 2083 2951 2153 Evangelii
2985 2090 3250 2159 particeps
3279 2073 3396 2150 ﬁam
3441 2100 3490 2152 in
3521 2104 3677 2170 spiri—

2103 2163 2293 2217 talibus
2319 2204 2334 2229 ,
2376 2182 2444 2220 ne
2466 2168 2842 2227 oﬂ‘endiculum
2871 2190 3045 2231 essem
3081 2179 3339 2249 infirmis,
3365 2186 3514 2255 juxta
3561 2206 3682 2245 eum

2103 2250 2190 2317 qui
2215 2249 2371 2303 dicit:
2407 2254 2467 2307 Si
2496 2257 2625 2309 enim
2648 2262 2757 2328 quis
2798 2265 2977 2318 viderit
3004 2276 3071 2331 te,
3103 2274 3191 2339 qui
3216 2249 3382 2328 habes.
3398 2278 3677 2346 scientiam,

2104 2339 2156 2392 in
2188 2339 2493 2399 inﬁrmitate
2512 2347 2781 2418 jacentem,
2810 2370 2973 2409 nonne
3013 2363 3316 2415 conscientia
3342 2368 3472 2435 ejus,
3511 2371 3599 2438 qui
3621 2373 3685 2424 sit

2102 2429 2373 2498 infirmus,
2413 2435 2752 2504 aedi/imbitur
2799 2443 2863 2496 ad
2895 2446 3205 2503 imitandum
3254 2429 3468 2508 inﬁrma.
3508 2429 3682 2529 Ibid.

2103 2520 2157 2574 8.
2193 2522 2340 2592 10)?
2380 2523 2433 2579 Si
2476 2530 2616 2581 enim
2662 2546 2749 2585 res
2788 2532 2840 2587 in
2882 2537 3035 2590 nobis
3071 2540 3358 2611 sisterent,
3404 2520 3683 2618 nullusque

2102 2621 2225 2680 post
2263 2627 2363 2668 nos
2406 2616 2472 2669 ad
2502 2620 2677 2687 populi
2704 2636 2885 2677 curam
2924 2640 3268 2687 successurus
3299 2633 3472 2704 foret,
3503 2638 3685 2696 dicere

2103 2703 2285 2758 liceret
2312 2711 2556 2775 pcccanti
2584 2729 2597 2765 :
2628 2711 2880 2771 Vivamus
2902 2757 2917 2782 ,
2949 2729 3006 2772 ut
3034 2722 3236 2789 placet,
3267 2734 3321 2779 et
3344 2703 3685 2789 smcularibus

2114 2794 2274 2847 rebus
2302 2797 2685 2867 indulgeamus.
2714 2804 2974 2871 Quoniam
3005 2820 3180 2865 autem
3210 2817 3296 2884 qui
3329 2829 3447 2886 post
3474 2836 3570 2875 nos
3602 2822 3682 2876 fu-

2104 2885 2204 2937 turi
2235 2896 2378 2950 sunt,
2407 2890 2559 2944 nobis
2589 2902 2645 2945 ut
2683 2897 2949 2963 magistris
2978 2910 3211 2970 utentur,
3249 2885 3418 2977 legem
3442 2922 3678 2968 nostram

2100 2982 2155 3027 et
2175 2978 2608 3033 consuetudinem
2639 2984 2736 3037 sibi
2777 3001 3135 3055 proponentes
3173 3013 3186 3048 :
3238 3012 3343 3051 non
3374 3001 3530 3055 nobis
3554 3003 3682 3072 ipsis

2103 3071 2305 3117 tantum
2332 3067 2508 3123 vivere
2535 3087 2751 3129 necesse
2774 3088 2876 3143 est,
2903 3081 2994 3133 sed
3025 3083 3074 3136 ei
3100 3086 3187 3153 qui
3222 3104 3316 3155 pro
3348 3091 3501 3146 nobis
3530 3109 3676 3148 mor-

2104 3160 2226 3207 tuus
2265 3165 2347 3209 est
2377 3168 2429 3211 et
2459 3165 2779 3232 resurrexit,
2804 3177 2963 3237 atque
2999 3175 3174 3241 populi
3206 3178 3562 3240 inﬁrmitatem
3590 3202 3681 3241 ro-

2102 3243 2352 3301 borantes
2376 3254 2619 3320 exemplo
2646 3266 2826 3312 nostro
2846 3261 2910 3313 ad
2931 3268 3392 3332 temperantiorem
3419 3283 3473 3326 et
3501 3273 3681 3345 fruga-

2103 3336 2286 3391 liorem
2328 3340 2485 3394 vitam
2512 3344 2795 3413 adducere,
2821 3366 2917 3404 nos
2949 3352 3092 3421 ipsos
3116 3359 3466 3428 corripientes
3486 3405 3500 3429 ,
3528 3365 3678 3434 juxta

2103 3443 2225 3482 eum
2270 3433 2359 3500 qui
2407 3434 2565 3489 dicit:
2598 3437 2722 3502 Quis
2769 3450 2840 3494 est
2883 3443 3033 3498 homo
3069 3449 3155 3515 qui
3197 3451 3335 3503 timet
3364 3433 3684 3511 Dominum!

2107 3521 2267 3591 legem
2307 3534 2489 3578 statuet
2534 3529 2580 3580 ei
2608 3530 2660 3582 in
2698 3532 2801 3597 via,
2829 3550 2978 3603 quant
3019 3538 3165 3608 elegit
3203 3541 3392 3609 (Psal.
3435 3546 3522 3599 24.
3559 3548 3676 3618 l2).

2102 3610 2233 3664 Nam
2264 3617 2561 3671 temerariis
2579 3619 2791 3688 quidem
2822 3632 2875 3677 et
2901 3626 3287 3683 miserabilibus
3310 3610 3677 3702 imprudenter

2101 3704 2442 3769 peccantibus
2486 3708 2657 3777 legem
2702 3713 2847 3780 ponit
2885 3715 3167 3783 Dominus,
3216 3724 3365 3790 quasi
3410 3728 3681 3786 servitutis

2101 3795 2342 3860 spiritum
2368 3801 2688 3867 amantibus,
2713 3804 2859 3869 juxta
2891 3808 3219 3875 psalmistam
3244 3814 3493 3871 Davidem
3526 3838 3539 3873 :
3580 3822 3680 3877 Le-

2104 3899 2213 3951 gem
2258 3886 2394 3938 dabit
2450 3888 2695 3945 Dominus
2735 3894 3135 3966 delinquentibus
3179 3906 3229 3958 in
3273 3910 3355 3960 via
3392 3909 3551 3977 (Ibid.
3581 3913 3673 3982 8):

2106 3975 2284 4042 puniet
2310 3986 2486 4031 autem
2514 3988 2951 4052 transgressores.
2991 3991 3178 4047 \‘erum
3204 3997 3378 4064 justus
3399 4016 3676 4059 mensuras

2103 4068 2312 4122 servilis
2341 4070 2470 4139 legis
2495 4088 2901 4145 supergressus,
2929 4084 3050 4151 quia
3081 4085 3247 4157 diligit
3276 4092 3578 4159 Dominum,
3609 4100 3675 4152 ad

2105 4156 2450 4213 hereditatem
2478 4162 2777 4232 adoptionis
2806 4167 3061 4227 festinans
3084 4217 3098 4238 ,
3136 4156 3235 4231 sibi
3270 4180 3368 4249 ipsi
3408 4156 3678 4253 legislator

2103 4257 2215 4300 est:
2247 4250 2415 4317 qualis
2455 4263 2569 4306 erat
2593 4254 2722 4321 Job,
2764 4260 2852 4326 qui
2877 4260 3104 4318 faciebat
3147 4268 3303 4323 simul
3335 4281 3388 4326 et
3430 4250 3677 4333 dicebat:

2104 4335 2288 4406 Pepigi
2306 4341 2472 4408 [trdus
2502 4360 2615 4395 cum
2642 4348 2801 4400 oculis
2831 4353 2971 4416 meis,
3011 4364 3056 4406 et
3098 4373 3196 4410 non
3224 4362 3451 4430 cogitabo
3491 4366 3554 4419 de
3582 4368 3682 4421 vir-

2099 4428 2215 4495 gine
2265 4428 2396 4497 (Job
2438 4433 2525 4485 51.
2561 4434 2659 4504 1).
2707 4439 2981 4505 Quodnam
3023 4457 3200 4500 autem
3245 4428 3360 4503 erat
3403 4454 3531 4508 illud
3576 4456 3677 4511 fte-

2100 4518 2217 4583 dus,
2247 4536 2360 4585 eos,
2384 4524 2469 4589 qui
2504 4526 2783 4581 inordinati
2807 4541 3002 4596 essent,
3034 4536 3097 4587 ad
3120 4540 3486 4596 castimoniam
3513 4548 3678 4601 abdu-

2099 4612 2264 4664 cere?
2291 4611 2546 4667 Similiter
2570 4615 2697 4669 dicit
2723 4618 2915 4672 David:
2943 4622 3141 4687 Juravi,
3175 4639 3220 4679 et
3248 4634 3402 4684 statui
3422 4638 3675 4692 custodire

2094 4700 2290 4769 judicia
2322 4703 2540 4773 justitia:
2576 4716 2673 4760 tua:
2701 4707 2883 4779 (Psal.
2924 4713 3050 4767 118.
3095 4715 3226 4788 1Ο6)
3257 4737 3271 4786 ;
3307 4736 3426 4775 cum
3477 4740 3673 4796 anceps

2103 4802 2154 4845 et
2180 4792 2398 4847 dubiutn
2439 4799 2633 4850 mentis
2662 4802 2990 4869 propositum
3023 4805 3329 4871 juramento
3365 4813 3676 4870 adstrinxis-

2103 4891 2202 4935 set.
2237 4884 2469 4950 Quorum
2507 4898 2711 4955 patrum
2740 4891 2973 4945 imitator
3006 4894 3238 4951 Joannes
3260 4941 3275 4963 ,
3327 4911 3386 4954 ut
3407 4903 3674 4972 legitimus

2100 4972 2241 5027 illius
2264 5014 2278 5038 ,
2307 4990 2412 5028 non
2442 4987 2614 5029 autem
2644 4981 2853 5047 spurius
2880 5024 2894 5047 ,
2923 4994 3311 5051 putrescentcm
3342 4996 3498 5050 variis
3521 5003 3670 5069 cupi-

2101 5062 2347 5117 ditatibus
2391 5063 2661 5120 hominum
2728 5084 2943 5140 gregem
3009 5091 3200 5134 sanare
3248 5081 3559 5142 desiderans
3590 5062 3671 5145 ad

2101 5154 2296 5208 arctius
2334 5156 2454 5210 vita:
2496 5172 2684 5227 genus,
2715 5165 2795 5217 sui
2830 5164 2994 5234 judex
3024 5179 3077 5224 et
3107 5172 3375 5243 legislator
3402 5178 3513 5244 fuit,
3545 5196 3675 5237 con-

2103 5245 2260 5298 stanti
2291 5251 2562 5317 proposito
2591 5266 2651 5307 se
2692 5256 2971 5326 roboraus,
3014 5278 3042 5315 a
3071 5268 3326 5323 conviviis
3368 5281 3421 5325 et
3446 5288 3675 5329 conven-

2104 5337 2240 5391 tibus
2284 5338 2577 5397 facetorum
2602 5387 2617 5411 ,
2646 5347 2985 5405 ridiculorum
3012 5394 3026 5418 ,
3053 5368 3352 5413 scurrarum
3382 5365 3636 5420 recedens
3658 5409 3672 5433 ,

2104 5430 2293 5485 mentis
2342 5447 2452 5487 sua:
2492 5437 2701 5491 oculum
2747 5442 2968 5509 spiritali
2996 5457 3259 5501 armatura
3290 5454 3563 5521 muniens,
3606 5474 3671 5513 ne

2105 5537 2197 5591 per
2243 5524 2428 5592 epulas
2474 5536 2527 5581 et
2586 5529 2985 5600 intempestivos
3048 5552 3319 5595 sermones
3377 5544 3673 5613 ingressum

2105 5622 2252 5665 nacta
2284 5616 2525 5669 vecordia
2552 5658 2565 5680 ,
2599 5620 2964 5676 castimoniam
2994 5626 3215 5693 deleret,
3244 5630 3395 5698 juxta
3436 5651 3556 5690 eum
3587 5641 3673 5707 qui

2104 5704 2261 5757 dicit:
2292 5706 2627 5776 Corrumpunt
2653 5710 2804 5764 bonos
2830 5730 2989 5768 mores
3012 5718 3260 5788 colloquia
3290 5739 3445 5793 prava
3465 5728 3539 5793 (l.
3556 5704 3673 5783 Cor.

2106 5797 2193 5852 15.
2223 5797 2344 5868 55).
2379 5799 2499 5853 ldco
2522 5801 2726 5857 insidiis
2751 5807 3012 5875 appetitus
3035 5819 3148 5866 est:
3181 5817 3355 5883 gravis
3383 5819 3521 5871 enim
3549 5822 3678 5889 ipsis

2105 5898 2237 5954 erat,
2267 5889 2354 5959 qui
2384 5891 2601 5959 luceret,
2638 5906 2692 5949 ut
2718 5896 2930 5953 lucerna
2959 5900 3296 5972 lippientibus
3323 5908 3508 5967 oculs.
3534 5910 3679 5970 Talis

2112 5990 2223 6035 erat
2257 5982 2564 6039 misericors
2588 5986 2867 6056 Jcrcmias,
2899 5994 2986 6062 qui
3020 5994 3311 6065 principum
3341 6007 3393 6053 et
3431 6005 3678 6059 sacerdo-
