4504 6708
804 562 873 616 63
2048 547 2365 605 P.\:.L.\l)ll
2409 545 2741 601 lll.\!.OCUS
4002 555 4067 605 ω

805 681 914 722 tum
939 668 1357 724 incredulitatem
1388 665 1640 739 lacrymis
1678 664 1939 734 deplorat,
1969 676 2019 718 ct
2049 663 2225 716 addit:
2259 663 2385 725 Quis

804 762 943 814 dabit
972 762 1121 829 capiti
1144 776 1249 811 mea
1276 776 1481 826 aquam,
1507 769 1655 825 atque
1680 756 1839 809 oculis
1866 757 1985 808 meis
2008 760 2189 824 fontem
2221 752 2387 820 lacrg-

806 853 1034 906 marum?
1056 862 1102 904 et
1132 851 1340 920 plorabo
1362 851 1442 904 die
1470 868 1528 902 ac
1550 860 1689 901 nocte
1710 847 1952 917 populum
1974 861 2159 899 meum:
2180 860 2381 907 rursus,

810 943 937 1007 Quis
966 943 1102 994 dabit
1134 942 1257 995 mihi
1280 944 1330 995 in
1356 940 1627 995 solitudine
1648 938 1975 990 diversorium
2016 934 2296 989 ultimum?
2341 944 2387 987 et

808 1034 1155 1102 derelinquam
1200 1035 1441 1103 p0pulum
1481 1049 1647 1086 meum
1671 1073 1685 1094 ,
1730 1041 1774 1084 et
1799 1032 2030 1084 recedam
2058 1031 2118 1082 ab
2154 1030 2243 1094 eis,
2272 1030 2388 1095 quia

808 1140 980 1177 omnes
1017 1125 1236 1177 adulteri
1271 1132 1383 1176 sunt
1414 1123 1552 1195 (Jcr,
1590 1122 1645 1177 9.
1680 1124 1733 1181 Ι,
1758 1123 1794 1176 2
1817 1122 1870 1193 );
1918 1131 2114 1175 ccetum
2143 1120 2393 1189 praevari-

808 1225 1049 1267 catorum
1070 1224 1385 1267 conventum
1416 1214 1697 1266 nominans
1728 1213 1976 1265 falsorum
2010 1211 2385 1279 prOphctarum

810 1320 873 1358 ac
892 1304 1255 1368 sacerdotum;
1292 1305 1429 1359 sicut
1452 1304 1574 1359 alibi
1599 1305 1760 1357 Deum
1792 1304 2092 1369 alloquitur,
2124 1316 2226 1355 non
2251 1298 2388 1368 quod

815 1393 905 1447 ille
932 1393 1179 1463 ignoret,
1226 1394 1319 1447 sed
1370 1395 1503 1448 sicut
1536 1407 1631 1445 nos
1660 1407 1780 1445 eum
1824 1391 2015 1443 imitari
2064 1390 2386 1442 debeamus:

814 1480 1048 1547 Domine,
1078 1486 1118 1537 si
1149 1485 1256 1538 sedi
1294 1486 1345 1537 in
1374 1485 1585 1537 concilio
1615 1482 1913 1546 ludentium,
1947 1480 2035 1533 sed
2072 1478 2327 1533 reverebar
2360 1495 2392 1529 a

812 1575 949 1642 facie
972 1585 1093 1627 tua:
1118 1576 1255 1628 solus
1288 1575 1550 1638 sedebam,
1581 1573 1815 1641 quoniam
1862 1570 2198 1623 amaritudine
2227 1569 2393 1637 reple-

824 1674 903 1716 tus
931 1680 1040 1715 sum
1087 1664 1237 1733 (Jer.
1282 1666 1369 1717 i5.
1426 1663 1543 1734 17).
1588 1663 1834 1717 Consona
1884 1663 1962 1717 eis
2008 1664 2167 1715 etiam
2231 1661 2395 1715 David

820 1753 1085 1823 loquitur:
1114 1752 1235 1807 Non
1258 1754 1363 1807 sedi
1381 1771 1495 1807 cum
1514 1755 1726 1807 concilio
1752 1754 2005 1814 vanitatis,
2028 1763 2071 1806 ct
2096 1770 2207 1805 cum
2227 1754 2399 1821 iniqua

814 1844 1097 1913 gerentibus
1150 1861 1250 1897 non
1293 1846 1531 1897 introibo.
1575 1845 1727 1911 Quod
1772 1845 2045 1912 explicans
2084 1844 2261 1897 addit:
2296 1842 2394 1895 Odi

811 1933 1069 1985 ecclesiam
1096 1934 1499 2002 malignantium,
1528 1944 1573 1987 et
1598 1951 1711 1987 cum
1735 1936 1903 2003 impiis
1947 1952 2045 1987 non
2071 1934 2249 1985 sedebo
2272 1948 2291 1983 :
2316 1934 2399 1985 la-

810 2021 935 2075 vabo
970 2022 1101 2075 inter
1144 2024 1434 2076 innocentes
1463 2041 1646 2078 manus
1685 2041 1819 2078 meas
1843 2065 1855 2085 ,
1914 2025 2011 2075 hoc
2031 2033 2149 2084 est,
2196 2022 2397 2074 activas

812 2111 1121 2167 facultates:
1152 2124 1197 2166 et
1234 2116 1554 2167 circumdabo
1583 2115 1741 2166 altare
1760 2124 1921 2177 tuum,
1951 2111 2172 2165 Domine
2211 2112 2229 2181 (
2247 2110 2397 2165 Psal.

812 2205 902 2260 25.
948 2204 1105 2274 4-6).
1139 2205 1236 2271 Qui
1277 2215 1452 2259 autem
1498 2206 1674 2259 minus
1712 2204 1895 2257 altaris
1935 2219 2120 2258 curam
2160 2203 2396 2267 habent,

812 2306 865 2349 et
894 2296 940 2349 ei
972 2304 1116 2365 terga
1144 2305 1378 2359 vertunt,
1411 2311 1517 2351 non
1549 2296 1823 2366 proposito
1844 2337 1858 2360 ,
1888 2295 1983 2351 sed
2014 2297 2117 2350 vita
2148 2309 2263 2357 sua,
2291 2308 2397 2347 non

811 2385 985 2438 solum
1024 2385 1182 2440 illotis
1233 2386 1478 2441 manibus
1519 2395 1574 2441 et
1610 2386 2034 2456 sanguinolentis
2058 2427 2073 2451 ,
2121 2400 2399 2439 munerum

813 2477 1103 2531 donatione
1126 2492 1187 2530 ac
1216 2479 1579 2546 perceptione,
1603 2488 1761 2545 atque
1787 2476 1933 2530 falsis
1953 2476 2401 2541 accusationibus,

816 2565 916 2620 sed
946 2567 1215 2620 lutulentis
1263 2567 1483 2635 pedibus
1513 2566 1852 2620 calcitrantcs
1875 2607 1891 2632 ,
1923 2566 2048 2619 illud
2086 2566 2400 2620 concedant.

815 2654 893 2711 De
916 2656 1105 2726 quibus
1122 2657 1363 2711 Ezechiel
1389 2657 1641 2727 propheta
1666 2657 2077 2725 prmsignilicans
2096 2657 2170 2710 ait
2188 2656 2401 2728 (Ezech.

813 2746 867 2800 8.
911 2747 1104 2815 7-17):
1152 2746 1446 2799 Introduxit
1477 2764 1553 2799 me
1579 2746 1646 2798 ad
1681 2746 1977 2799 vestibulum
2010 2746 2149 2809 atrii,
2185 2754 2232 2798 et
2276 2746 2401 2812 vidi,

813 2843 860 2887 et
879 2851 990 2889 ecce
1020 2839 1248 2905 foramen
1287 2853 1441 2889 unum
1461 2837 1511 2888 in
1529 2838 1740 2906 pariete.
1771 2835 1837 2889 Et
1881 2837 2009 2889 dixit
2036 2835 2102 2888 ad
2125 2851 2238 2889 me:
2268 2834 2403 2888 Per-

815 2925 954 2996 fode,
979 2925 1055 2992 fili
1080 2925 1313 2978 hominis.
1342 2925 1401 2978 Et
1425 2927 1553 2995 fodi,
1577 2942 1637 2978 ac
1666 2927 1789 2989 vidi,
1818 2936 1864 2979 et
1891 2942 2001 2979 ecce
2020 2927 2201 2980 ostium
2222 2942 2399 2980 unum.

818 3013 887 3067 Et
917 3015 1047 3068 dixit
1086 3015 1153 3067 ad
1184 3032 1298 3069 me:
1330 3014 1626 3086 Ingredere,
1660 3027 1705 3069 et
1732 3018 1845 3071 vide
1866 3017 2263 3070 abominationes
2286 3033 2403 3086 pes-

816 3106 993 3170 simas,
1026 3122 1150 3173 quas
1170 3106 1361 3176 faciunt
1389 3107 1490 3159 hic.
1517 3106 1582 3159 Et
1606 3108 1860 3177 ingressus
1886 3125 2017 3173 sum,
2042 3117 2088 3161 et
2113 3124 2224 3161 ecce
2243 3108 2404 3161 omnis

816 3195 1095 3248 similitudo
1124 3197 1317 3264 reptilis
1343 3208 1390 3249 et
1411 3198 1630 3263 jumenti
1647 3240 1661 3261 ,
1712 3207 1760 3251 et
1790 3199 1929 3251 idola
1960 3215 2090 3252 vana
2131 3198 2401 3251 abomina-

824 3286 1005 3340 tiones.
1028 3286 1094 3340 Et
1114 3287 1244 3340 dixit
1266 3288 1426 3340 mihi:
1458 3287 1660 3352 Vidisti,
1685 3288 1763 3356 fili
1786 3289 2025 3355 hominis,
2052 3305 2166 3357 qua:
2190 3290 2409 3343 seniores

818 3378 1001 3433 domus
1030 3377 1198 3432 Israel
1225 3380 1417 3448 faciunt
1448 3382 1498 3431 in
1532 3381 1767 3445 tenebris,
1796 3380 1848 3432 in
1876 3379 2140 3445 cubiculo,
2171 3388 2407 3434 mentem

821 3470 1072 3525 innuons.
1116 3468 1243 3522 Ideo
1273 3471 1542 3523 dixerunt:
1575 3470 1695 3523 Non
1723 3472 1853 3523 ridet
1896 3487 1985 3524 nos
2018 3469 2294 3524 Dominus:
2320 3471 2406 3523 de-

818 3558 1019 3626 reliquit
1057 3558 1307 3612 Dominus
1328 3568 1526 3613 terram.
1567 3559 1632 3612 Et
1662 3560 1791 3612 dixit
1826 3561 1893 3612 ad
1923 3577 2000 3613 me
2024 3576 2042 3613 :
2076 3560 2251 3612 Adhuc
2276 3560 2409 3613 vide-

823 3648 898 3702 bis
922 3648 1315 3703 abominationes
1342 3652 1581 3719 majores,
1616 3667 1743 3720 quas
1793 3652 1876 3703 isti
1902 3654 2119 3720 faciunt.
2145 3651 2215 3704 Et
2243 3652 2410 3704 intro-

824 3738 969 3792 duxit
994 3755 1072 3792 me
1113 3742 1166 3793 in
1190 3742 1347 3793 alium
1390 3742 1575 3807 locum,
1622 3752 1772 3811 atque
1798 3742 2012 3795 ostendit
2042 3744 2203 3797 mihi:
2230 3752 2278 3795 et
2303 3759 2413 3796 ecce

824 3829 893 3882 ibi
922 3831 1155 3885 mulieres
1181 3832 1438 3899 sedebant,
1472 3833 1762 3902 plangentes
1794 3833 2063 3887 'I‘hambos.
2094 3835 2161 3888 Et
2189 3850 2405 3889 rursus:

839 3921 1136 3975 Introduxit
1180 3939 1257 3973 me
1300 3923 1351 3973 in
1379 3922 1583 3975 domum
1617 3922 1820 3976 Domini
1866 3925 2150 3977 interiorem
2175 3940 2193 3977 :
2228 3934 2275 3977 et
2301 3942 2413 3978 ecce

829 4011 899 4064 ibi
928 4012 1101 4081 viginti
1144 4021 1358 4080 quatuor
1388 4012 1605 4065 seniores
1629 4054 1643 4077 ,
1671 4022 1715 4065 et
1746 4013 1901 4084 facies
1927 4030 2095 4065 eorum
2117 4053 2134 4079 ,
2174 4024 2219 4067 et
2258 4014 2411 4067 dorsa

830 4117 1000 4153 eorum
1026 4109 1203 4151 contra
1230 4101 1407 4152 altare.
1442 4100 1508 4153 Et
1539 4102 1666 4153 dixit
1693 4105 1760 4154 ad
1788 4119 1865 4155 me
1887 4118 1905 4155 :
1935 4101 2193 4172 Numquid
2214 4104 2316 4157 leve
2341 4115 2412 4157 est

832 4191 924 4243 hoc
952 4190 1086 4257 quod
1107 4190 1226 4257 facit
1254 4192 1430 4244 domus
1460 4189 1665 4245 Israel?
1686 4192 1864 4247 Coacti
1899 4192 2094 4247 fuimus
2117 4194 2268 4261 hujus
2295 4210 2413 4263 pro-

831 4283 1007 4353 pheta:
1032 4283 1244 4351 capituli
1270 4285 1593 4347 meminisse,
1623 4296 1835 4352 propter
1861 4285 2300 4355 impudentiores,
2324 4286 2415 4353 qui

831 4390 891 4430 se
918 4391 1036 4431 esse
1063 4375 1259 4444 aliquid
1284 4384 1490 4444 putant,
1517 4385 1567 4429 ct
1594 4377 1797 4445 scipsos
1816 4376 2140 4442 dementant,
2171 4393 2234 4431 ac
2252 4378 2418 4432 eccle-

831 4468 1097 4522 siasticam
1141 4482 1322 4536 pacem
1366 4466 1712 4536 perturbant:
1746 4483 1811 4521 eo
1858 4468 1997 4535 quod
2030 4477 2173 4537 terga
2205 4477 2417 4523 vertunt

834 4574 1035 4613 mensa:
1060 4558 1288 4621 Domini,
1316 4557 1507 4621 Quibus
1529 4558 1786 4627 judicium
1808 4574 1908 4609 non
1932 4568 2113 4623 cessat,
2135 4568 2181 4612 et
2205 4560 2417 4629 perditio

836 4665 1007 4701 eorum
1050 4664 1149 4699 non
1188 4645 1424 4697 dormitat
1471 4645 1544 4716 (2
1619 4645 1760 4699 Petr.
1813 4646 1867 4698 '2.
1901 4647 1968 4715 5)
2014 4662 2029 4699 :
2074 4648 2161 4715 qui
2210 4660 2416 4701 terrena

838 4743 1071 4809 sapiunt,
1100 4739 1167 4791 de
1193 4738 1384 4807 quibus
1412 4736 1596 4801 ludas,
1626 4737 1787 4791 frater
1814 4735 2020 4800 Jacobi,
2049 4738 2153 4791 ait:
2186 4736 2255 4788 Ili
2279 4749 2414 4802 sunt,

841 4834 924 4900 qui
969 4833 1020 4885 in
1051 4831 1212 4899 epulis
1242 4829 1416 4881 vestris
1458 4828 1690 4893 macula',
1722 4828 2038 4882 convivantes
2067 4828 2176 4881 sine
2204 4828 2379 4881 timore
2403 4870 2417 4894 ,

854 4923 1145 4989 semetipsos
1169 4930 1464 4989 pascentes:
1496 4921 1648 4973 nubes
1694 4921 1802 4973 sine
1844 4936 1975 4990 aqua
1996 4961 2010 4983 ,
2059 4935 2171 4988 qua:
2207 4936 2239 4972 α
2266 4922 2421 4974 ventis

849 5015 1295 5082 circumferimtur:
1325 5011 1507 5078 [luctus
1538 5012 1629 5079 feri
1675 5012 1851 5076 maris,
1899 5010 2257 5081 despumantes
2304 5028 2423 5065 suas

844 5105 1202 5174 confusiones:
1232 5101 1399 5154 sidera
1442 5103 1684 5161 errantia,
1713 5102 1889 5167 quibus
1918 5102 2082 5171 caligo
2112 5101 2426 5154 tenebramus

846 5204 1042 5248 servata
1062 5202 1131 5246 est
1160 5194 1211 5245 in
1239 5203 1480 5245 internum
1526 5189 1701 5262 (Judte
1731 5207 1777 5244 υ.
1808 5191 1892 5244 12.
1924 5192 2042 5263 15).
2068 5190 2202 5247 Cum
2248 5202 2425 5245 autem

847 5287 1003 5340 nubes
1049 5286 1156 5338 sine
1189 5300 1319 5354 aqua
1357 5286 1604 5351 vocavit,
1657 5285 1848 5337 malam
1877 5299 2062 5338 eorum
2112 5285 2429 5356 signiﬁcavit

851 5379 1183 5451 grandinem,
1211 5379 1379 5432 vinea:
1408 5378 1795 5433 adversariam:
1826 5392 1945 5430 cum
1976 5378 2202 5431 errantia
2230 5378 2422 5441 sidera,

853 5472 1068 5526 insidias
1093 5472 1245 5527 navis
1269 5471 1589 5541 designavit:
1622 5487 1737 5540 qua:
1766 5469 1979 5538 quidem
2014 5471 2162 5524 navis
2189 5480 2243 5524 et
2272 5472 2427 5524 vinea

851 5564 1091 5619 Ecclesia
1114 5574 1213 5618 est.
1242 5564 1495 5631 Quantam
1540 5573 1715 5616 autem
1760 5562 1847 5616 illa
1879 5571 2037 5623 sunt,
2068 5576 2187 5630 qua:
2214 5562 2334 5614 talia
2361 5576 2427 5615 ex

850 5656 1168 5714 necessitate
1193 5655 1619 5726 subsequentur?
1657 5654 1791 5708 Audi
1823 5667 2009 5707 rursus
2047 5653 2290 5707 eumdem
2314 5667 2429 5721 pro-

854 5752 1065 5820 phetam
1107 5748 1439 5804 Ezechielem
1470 5756 1810 5802 narrantem:
1847 5744 1913 5798 Et
1943 5744 2158 5798 ostendit
2200 5744 2343 5805 mihi,
2377 5751 2422 5796 et

850 5862 961 5899 ecce
985 5846 1076 5898 viri
1103 5844 1359 5899 veniebant
1387 5842 1448 5895 de
1472 5844 1549 5894 via
1580 5848 1739 5912 porta:
1763 5836 2059 5909 superioris,
2092 5851 2205 5907 qua!
2225 5836 2430 5906 respicit

846 5944 914 5995 ad
956 5939 1267 6009 Aquilonem,
1309 5946 1353 5989 et
1381 5934 1769 6000 uniuscujusque
1794 5929 1980 5985 securis
2022 5928 2073 5981 in
2104 5945 2258 5981 manu
2298 5928 2422 5995 ejus.

2498 658 2587 712 Vir
2608 674 2799 729 quoque
2819 674 2949 711 unus
2969 661 3020 712 in
3048 663 3213 716 medio
3240 678 3412 717 eorum
3433 661 3635 715 vestitus
3664 662 3836 727 talari,
3864 680 3911 719 et
3939 686 4068 723 zona

2492 749 2719 819 sapphiri
2746 748 2798 802 in
2826 747 3023 801 renibus
3053 751 3182 818 ejus.
3228 752 3294 805 Et
3320 754 3531 823 ingressi
3559 760 3675 804 sunt
3699 792 3713 815 ,
3743 762 3787 803 et
3826 765 4067 811 steterunt

2483 845 2638 911 juxta
2664 843 2823 895 altare
2845 857 3052 894 areum:
3082 851 3128 893 et
3155 842 3319 910 gloria
3342 844 3550 899 Domini
3576 845 3737 899 Israel
3761 849 3981 898 ascendit
4008 854 4071 902 de

2495 932 2763 986 Clterubim
2781 974 2795 998 ,
2838 947 2949 1002 qui:
2972 941 3077 983 erat
3104 932 3155 983 in
3183 932 3306 999 ipsis
3336 933 3405 985 ad
3432 938 3619 989 atrium
3649 936 3845 987 domus.
3876 933 3938 986 Iit
3968 952 4058 988 vo-

2494 1025 2623 1077 cavit
2649 1026 2811 1078 virum
2839 1024 2923 1094 qui
2951 1024 3155 1076 indutus
3186 1032 3289 1075 erat
3318 1024 3489 1089 talari,
3521 1030 3604 1096 qui
3626 1028 3830 1082 habebat
3858 1029 3910 1079 in
3933 1028 4071 1079 lum-

2498 1115 2569 1167 bis
2593 1116 2698 1168 suis
2723 1132 2922 1170 zonam.
2956 1113 3019 1167 Et
3051 1114 3176 1166 dixit
3207 1112 3454 1166 Dominus
3483 1117 3551 1167 ad
3570 1134 3687 1171 eum
3715 1137 3733 1172 :
3758 1118 3935 1172 Transi
3984 1136 4073 1185 per

2496 1208 2711 1259 mediam
2734 1207 2981 1259 civitatem
3004 1202 3307 1266 Jerusalem,
3331 1215 3376 1256 ct
3402 1204 3467 1255 da
3491 1205 3690 1274 signum
3708 1226 3858 1278 super
3878 1210 4069 1279 frontes

2494 1295 2719 1347 virorum
2748 1297 3051 1365 gementium
3092 1305 3139 1347 et
3166 1294 3442 1347 dolentium
3479 1310 3632 1361 super
3660 1301 3852 1353 cunctis
3878 1299 4069 1353 abomi-

2497 1385 2802 1449 nationibus,
2834 1403 2947 1454 qua:
2990 1388 3118 1455 fiunt
3154 1387 3206 1439 in
3248 1385 3409 1438 medio
3438 1402 3631 1439 eorunt.
3674 1387 3740 1440 Et
3768 1391 3870 1445 illis
3906 1392 4073 1456 dixit,

2498 1490 2590 1530 sex
2623 1475 2727 1527 illis
2754 1476 2980 1541 scilicet,
3012 1479 3101 1546 qui
3136 1478 3399 1532 habebant
3421 1491 3636 1531 secures
3657 1518 3671 1538 ,
3697 1478 3947 1536 Audiente
3972 1500 4070 1547 me,

2499 1567 2581 1622 Ite
2605 1570 2655 1620 in
2680 1570 2925 1620 civitatem
2948 1607 2963 1631 ,
2998 1580 3258 1637 sequentes
3300 1586 3411 1624 eum
3435 1610 3450 1634 ,
3499 1569 3745 1623 videlicet
3775 1586 3895 1625 eum
3922 1614 3937 1636 ,
3986 1576 4073 1643 qui

2501 1660 2651 1728 signa
2682 1660 2855 1727 posuit
2878 1673 3041 1727 super
3072 1658 3313 1725 frontes;
3344 1669 3388 1713 et
3415 1661 3673 1727 percutite,
3718 1669 3764 1711 et
3789 1676 3850 1713 ne
3888 1669 4080 1731 parcite

2502 1751 2660 1802 oculis
2689 1752 2876 1813 uestris,
2921 1765 3073 1819 neque
3101 1750 3438 1805 misereamini
3454 1766 3472 1804 :
3501 1767 3686 1813 senem,
3716 1750 4074 1807 adolescentu-

2504 1839 2641 1902 lunt,
2680 1840 2941 1909 virginem,
2970 1840 3226 1909 parvulos,
3276 1850 3323 1892 et
3364 1842 3597 1894 mulieres
3627 1840 3889 1908 interficite
3918 1858 4078 1911 usque

2502 1931 2569 1981 ad
2597 1933 3006 1986 internecionem.
3038 1932 3115 1983 Ad
3145 1947 3314 1984 omnes
3350 1943 3539 1997 autent,
3586 1948 3736 2002 super
3758 1948 3879 2001 quos
3908 1943 3980 1985 est
4006 1936 4079 1985 si-

2500 2040 2677 2093 gnum,
2708 2040 2772 2076 ne
2796 2025 3036 2091 accedite,
3065 2033 3111 2077 et
3135 2041 3165 2075 a
3188 2024 3374 2077 sanctis
3400 2026 3522 2077 meis
3551 2025 3771 2092 incipite.
3812 2022 4080 2092 Carpe-runt

2500 2131 2617 2183 ergo
2664 2132 2697 2167 a
2738 2116 2858 2167 uiris
2904 2115 3214 2177 senioribus,
3262 2116 3348 2183 qui
3394 2125 3534 2167 erant
3566 2118 3618 2168 in
3668 2115 3817 2168 domo
3868 2113 4081 2169 Domini

2502 2204 2715 2278 (Ezech.
2762 2206 2816 2261 9.
2850 2206 3003 2277 1-6).
3033 2206 3088 2260 Si
3114 2207 3231 2276 quis
3272 2216 3449 2261 autem
3477 2215 3623 2275 putet
3653 2208 3765 2260 haec
3790 2206 3855 2261 de
3883 2206 4083 2260 Judazis

2504 2308 2706 2351 tantum
2731 2298 2969 2366 prmdici,
3003 2300 3045 2353 is
3068 2297 3367 2353 Servatoris
3392 2297 3679 2352 adventum
3703 2297 3912 2352 videtur
3933 2298 4086 2367 igno-

2508 2403 2629 2441 rare
2655 2406 2667 2439 :
2693 2404 2798 2441 non
2826 2388 2970 2442 enim
2999 2399 3121 2441 ante
3160 2388 3517 2457 captivitatem
3543 2387 3839 2442 sacerdotio
3876 2387 4086 2441 functus

2503 2487 2584 2531 cst
2616 2476 2884 2530 Ezechiel.
2912 2476 3101 2530 Adhuc
3121 2478 3262 2531 enim
3296 2492 3427 2545 puer
3464 2477 3748 2532 admodum
3792 2492 3915 2531 cum
3943 2478 4081 2532 tribu

2505 2567 2629 2621 Levi
2657 2567 2707 2620 in
2736 2566 3092 2635 captivitatem
3124 2567 3381 2621 abductus
3412 2577 3493 2621 est
3517 2584 3532 2630 ;
3568 2584 3662 2635 per
3685 2567 3776 2621 Dei
3801 2568 4083 2635 dispensa-

2508 2660 2701 2713 tionem
2720 2658 2988 2726 trigesimo
3013 2672 3154 2709 anno
3179 2658 3383 2711 visione
3403 2657 3695 2711 futurorum
3716 2657 3907 2727 dignus
3934 2657 4086 2711 habi-

2508 2758 2589 2802 tus
2618 2759 2695 2802 cst
2718 2790 2733 2813 ,
2775 2747 3025 2801 sacerdos
3053 2748 3104 2799 in
3130 2747 3242 2816 ipsa
3272 2748 3602 2815 captivitate,
3636 2759 3693 2801 ut
3723 2748 3835 2816 ipse
3860 2758 4041 2801 narrat
4069 2766 4085 2802 :

2511 2840 2575 2893 Et
2598 2845 2787 2910 factum
2816 2849 2888 2892 est
2908 2839 2960 2892 in
2982 2839 3234 2908 trigesimo
3255 2854 3410 2902 anno,
3435 2838 3486 2891 in
3511 2854 3676 2891 mense
3694 2848 3893 2907 quarto,
3915 2839 4090 2907 quinta

2509 2932 2723 2984 mensis:
2750 2940 2793 2983 et
2814 2946 2905 3000 ego
2929 2930 3138 2982 erantin
3168 2930 3331 2982 medio
3358 2930 3659 2998 captivitatis
3684 2946 3835 2999 super
3880 2930 4091 2998 fluuium

2510 3020 2711 3075 Cltobar
2736 3020 2957 3092 (Ezech.
2992 3021 3041 3074 ι.
3074 3017 3177 3089 l):
3212 3028 3266 3073 et
3293 3033 3478 3073 rursus
3506 3020 3661 3086 paulo
3700 3027 3851 3086 post:
3900 3016 4092 3072 Factus

2509 3120 2580 3164 est
2606 3126 2769 3163 sermo
2786 3109 2993 3161 Domini
3021 3110 3089 3160 ad
3113 3107 3450 3174 Ezechielem,
3482 3108 3643 3175 ﬁlium
3672 3105 3817 3170 Buzi,
3849 3108 4087 3160 sacerdo-

2511 3212 2607 3254 tem
2626 3203 2679 3254 in
2699 3212 2833 3253 terra
2850 3200 3207 3254 Cltaldarorum
3228 3201 3295 3252 ad
3315 3202 3504 3268 ﬂumen
3520 3197 3720 3255 Chobar
3745 3197 3907 3266 (Ibid.
3936 3214 3986 3252 υ.
4006 3198 4085 3268 '5).

2511 3292 2566 3348 Si
2595 3294 2714 3362 quis
2737 3300 2913 3345 autem
2945 3290 3070 3343 hinc
3099 3291 3149 3343 in
3180 3289 3453 3358 angustias
3477 3288 3745 3352 redactus,
3776 3286 3968 3341 dixerit
3994 3301 4092 3340 no-

2514 3385 2593 3438 bis
2614 3382 2772 3437 :Cum
2792 3382 3120 3451 pnccesserit
3144 3380 3411 3443 Servator,
3442 3381 3529 3450 qui
3546 3389 3595 3434 et
3620 3379 3796 3434 crucis
3808 3380 4014 3448 signum
4042 3380 4095 3432 in

2512 3472 2684 3527 fronte
2700 3472 2857 3534 dedit,
2885 3485 3048 3541 quare
3067 3470 3343 3524 advenisse
3365 3468 3598 3523 creditus
3614 3482 3719 3521 non
3744 3477 3825 3522 est
3846 3467 4098 3522 Servator

2513 3565 2602 3633 qui
2641 3563 2964 3631 Vespasiano
3002 3560 3255 3615 Romanis
3284 3560 3607 3627 imperante,
3637 3557 3835 3612 delevit
3866 3557 4097 3625 quadra—

2512 3656 2717 3725 gesimo
2742 3661 2860 3723 post
2884 3668 3024 3706 anno
3051 3666 3394 3721 synagogam,
3422 3664 3539 3719 qua:
3567 3648 3741 3717 iniqua
3765 3646 4098 3716 patraverat?

2514 3744 2839 3812 suscepimus
2858 3742 3072 3812 quidem
3095 3742 3191 3795 ista
3216 3740 3532 3795 sentientem
3558 3777 3573 3800 ,
3606 3737 3777 3806 ipsum
3822 3745 4001 3789 autem
4032 3744 4092 3787 ut

2518 3835 2639 3888 novi
2684 3832 3194 3886 Testamentililium
3220 3872 3235 3897 ,
3280 3844 3531 3894 oramus,
3565 3838 3621 3881 ut
3665 3827 3823 3880 ﬁdem
3869 3825 4100 3879 habeant

2518 3926 2679 3979 l’aulo
2706 3924 2887 3978 talium
2910 3925 3183 3993 magistro,
3205 3922 3292 3991 qui
3320 3922 3385 3975 de
3406 3920 3653 3974 omnibus
3671 3918 3928 3988 ejusmodi
3950 3918 4100 3971 libris

2515 4016 2676 4070 dicit:
2711 4014 2839 4068 Hau:
2870 4024 3035 4066 autem
3078 4014 3129 4065 in
3160 4014 3325 4082 ﬁgura
3363 4011 3711 4077 contingebant
3736 4010 3873 4074 illis;
3912 4010 4100 4075 scripta

2516 4122 2627 4159 vero
2649 4114 2764 4158 sunt
2789 4104 2857 4157 ad
2884 4103 3249 4171 correptionem
3278 4111 3520 4162 nostram,
3553 4101 3604 4153 in
3625 4116 3749 4169 quos
3779 4101 3903 4167 ﬁnes
3930 4115 4092 4153 sitcu-

2498 4194 2692 4249 vlorum
2743 4193 3057 4249 devenerunt
3103 4192 3177 4263 (ι.
3200 4191 3321 4246 Cor.
3356 4191 3442 4244 to.
3474 4188 3582 4260 ll).
3613 4189 3735 4245 Haec
3759 4199 3932 4244 autem
3960 4188 4100 4252 dico,

2518 4298 2846 4353 nequaquam
2871 4296 3186 4351 apprecans,
3216 4290 3273 4334 ut
3292 4280 3495 4350 gladius
3518 4278 3720 4334 ferreus
3741 4280 3920 4333 veniat
3939 4291 4101 4345 super

2521 4378 2759 4431 inimicos
2791 4375 2904 4438 Dei,
2932 4374 3091 4427 absit.
3127 4372 3309 4440 Neque
3337 4372 3476 4426 enim
3504 4371 3571 4426 de
3597 4372 3774 4441 gladio
3818 4371 3995 4425 ferreo
4022 4369 4100 4422 ιυ-

2521 4467 2699 4536 qttitur
2721 4464 3001 4535 propheta,
3026 4462 3117 4516 sed
3140 4462 3205 4515 de
3230 4462 3333 4514 alia
3364 4461 3585 4531 quadam
3604 4461 3865 4531 punitrice
3886 4459 4102 4525 virtute,

2522 4558 2588 4612 de
2614 4572 2715 4626 qua
2744 4553 2993 4610 Ezechiel
3016 4553 3169 4606 dicit:
3202 4550 3359 4605 Terra
3386 4569 3534 4622 super
3577 4569 3727 4621 quam
3764 4552 3991 4623 gladium
4019 4551 4103 4602 in-

2523 4652 2706 4705 ducam
2755 4650 3027 4720 (inducam
3074 4662 3198 4699 sero
3239 4645 3288 4698 id
3316 4655 3397 4699 est
3428 4640 3785 4714 permittam),
3832 4651 3877 4697 et
3922 4642 4108 4710 ceperit

2524 4744 2742 4814 pOpulus
2763 4753 2910 4794 terra:
2934 4741 3093 4792 virum
3121 4755 3295 4802 unum,
3318 4749 3363 4791 et
3392 4746 3575 4806 ponent
3598 4736 3693 4789 sibi
3719 4735 4105 4803 speculatorem,

2524 4848 2569 4890 et
2592 4837 2766 4889 viderit
2787 4830 3070 4902 speculator
3096 4830 3321 4900 gladium
3341 4832 3634 4892 venientem,
3659 4834 3704 4877 et
3726 4825 3842 4877 tuba
3866 4823 4105 4884 sonuerit,

2526 4940 2573 4984 et
2598 4930 2797 4998 signum
2824 4923 3013 4977 dederit
3039 4923 3223 4993 papqu
3246 4963 3260 4983 ,
3304 4932 3452 4985 atque
3490 4918 3705 4971 audierit
3746 4914 3831 4977 qui
3859 4913 4033 4973 audit,
4062 4921 4109 4964 et

2527 5035 2625 5072 non
2642 5015 2846 5079 caverit;
2862 5014 3056 5067 veniens
3073 5024 3235 5066 autem
3258 5012 3458 5082 gladius
3471 5002 3852 5077 apprehenderit
3872 5001 4109 5070 aliquem:

2530 5109 2826 5178 sanguinem
2854 5106 2964 5173 ejus
3000 5103 3061 5157 ab
3080 5120 3138 5157 eo
3161 5105 3431 5171 requiram,
3460 5101 3577 5169 quia
3604 5113 3704 5149 non
3730 5094 3919 5147 audivit
3944 5108 4111 5145 vocem

2531 5201 2677 5253 tubw.
2710 5198 2777 5252 Et
2812 5210 3029 5250 rursus:
3063 5193 3122 5249 Si
3146 5204 3311 5246 autem
3329 5191 3613 5257 speculator
3640 5186 3815 5239 viderit
3840 5183 4111 5236 venientem

2531 5293 2774 5363 gladium,
2790 5299 2836 5343 et
2857 5287 2972 5341 tuba
2988 5302 3085 5339 non
3102 5285 3350 5348 cecinerit,
3367 5297 3525 5353 neque
3540 5278 3726 5344 populo
3741 5273 4112 5344 signiﬁcaverit;

2534 5382 2730 5436 veniens
2760 5388 2929 5433 autem
2968 5376 3167 5446 gladius
3205 5371 3595 5445 apprehenderit
3628 5369 3879 5433 aliquem:
3907 5367 4111 5433 sangui-

2536 5489 2645 5525 nem
2672 5473 2781 5540 ejus
2807 5472 2869 5522 de
2897 5483 3049 5520 manu
3075 5465 3402 5535 speculatoris
3432 5460 3687 5529 requiram
3712 5498 3724 5518 ,
3750 5455 3866 5524 quia
3892 5471 4003 5507 cum
4039 5456 4115 5507 ui-

2537 5563 2673 5615 deret
2720 5560 2945 5631 gladium
2971 5598 2986 5621 ,
3038 5558 3153 5609 tuba
3182 5572 3282 5609 non
3336 5552 3517 5605 cecinit
3560 5546 3783 5618 (Ezech.
3833 5546 3919 5600 55.
3946 5545 4047 5599 ‘2-6
4067 5550 4108 5613 ).

2541 5651 2814 5719 Ejusmodi
2846 5647 3133 5717 periculmn
3162 5688 3177 5712 ,
3224 5654 3558 5711 nequaquam
3588 5637 3855 5691 dormiens
3886 5635 4111 5691 inﬁdeli-

2540 5742 2659 5795 tatis
2698 5755 2907 5805 somno,
2954 5754 3125 5807 neque
3172 5730 3460 5801 voluptatis
3492 5729 3694 5798 pigritia
3719 5730 3900 5800 piger,
3930 5729 4113 5781 beatus

2536 5831 2766 5886 Joannes
2786 5839 2907 5885 ante
2923 5829 3106 5883 oculos
3132 5823 3353 5883 habens,
3386 5822 3541 5874 altius
3567 5820 3687 5873 tuba
3709 5820 3987 5877 clamabat,
4008 5828 4112 5866 non

2538 5922 2818 5976 obscurum
2850 5919 3013 5975 edens
3039 5928 3249 5979 sonum,
3281 5910 3373 5967 sed
3403 5921 3636 5981 apertam
3664 5912 3817 5982 plane
3838 5903 4113 5962 scientiam
