4526 6692
899 537 971 592 03
2141 537 2454 592 P.‘il.l..\i-‘||
2500 537 2844 594 MALOGUS
4095 541 4164 594 CG

891 643 1238 700 ἐπελθοῦσα
1261 642 1330 697 δὲ
1361 643 1396 710 ἡ
1413 644 1683 712 ῥομφαιά
1709 646 2012 710 καταλάϐῃ
2044 648 2194 708 τινὰ,
2239 646 2302 697 τὸ
2333 641 2474 714 αἷμα

890 729 1079 784 αὑτοῦ
1116 729 1185 782 ἐκ
1216 727 1325 794 τῆς
1354 729 1552 795 χειρὸς
1582 729 1688 784 τοῦ
1719 729 1954 782 σκοποῦ
1999 727 2308 794 ἐκζητήσω
2335 768 2348 791 ,
2383 729 2467 782 ὅτι

893 810 1038 864 ἰδὼν
1087 809 1200 876 τὴν
1242 809 1564 877 ῥομφαίαν,
1613 813 1723 862 οὺιι
1759 809 2078 861 ἐσάλπισε.
2134 809 2335 862 Τοῦτον
2383 811 2472 863 τὸν

892 894 1135 946 κίνδυνον
1179 892 1278 960 οὑχ
1329 890 1515 944 ὑπνῶν
1553 891 1643 944 τὸν
1690 893 1786 960 τῆς
1818 893 2075 954 ἀπιστίας
2119 891 2316 954 ὑπνον,
2351 893 2473 945 οὑδὲ

886 975 1063 1028 ὀκνῶν
1091 973 1184 1026 τὸν
1211 975 1310 1045 τῆς
1337 974 1644 1044 φιληδονίας
1673 974 1829 1026 δκνον
1852 976 1880 1025 ὁ
1913 975 2181 1045 μακάριος
2221 975 2473 1045 Ἰωάννης

888 1059 999 1126 προ
1042 1057 1338 1127 ὀφθαλμῶν
1385 1058 1543 1126 ἔχων,
1598 1055 1932 1127 ὑψηλότερον
1973 1059 2273 1126 σάλπιγγος
2320 1059 2471 1122 ἐϐόα,

887 1140 992 1193 οὑκ
1022 1141 1215 1210 ἄδηλον
1253 1140 1484 1207 φθόγγον
1526 1140 1828 1210 σημαίνων,
1862 1139 1977 1192 ἀλλ’
2011 1141 2230 1212 εὔδηλον
2272 1141 2474 1208 γνῶσιν

893 1224 1149 1294 παρέχων
1174 1223 1272 1291 τῆς
1307 1221 1620 1291 διαϐολικῆς
1657 1222 1930 1292 ῥομφαίας
1957 1263 1971 1286 ,
2019 1224 2315 1294 παρεκάλει
2344 1223 2473 1289 φεύ-

893 1322 1010 1372 γειν
1035 1307 1159 1366 τοὺς
1189 1305 1416 1367 πάντας.
1447 1307 1556 1357 Καὶ
1592 1307 1705 1357 ὅσοι
1739 1305 1832 1373 μὲν
1863 1305 1923 1357 τὸ
1960 1308 2199 1370 συνειδὸς
2230 1305 2470 1377 καθαρὸν

891 1387 1142 1458 καθάπερ
1168 1391 1391 1458 σημεῖον
1425 1389 1518 1440 ἐπί¹
1551 1389 1643 1440 τοῦ
1677 1388 1776 1456 τῆς
1804 1389 1983 1458 ψυχῆς
2019 1390 2268 1460 μετώπου
2295 1390 2471 1459 ἔσχον,

887 1471 1076 1542 χάριτι
1105 1470 1240 1522 θεοῦ
1272 1472 1366 1522 σῦν
1395 1473 1522 1540 ὑμῖν
1555 1473 1665 1533 τοῖς
1710 1476 1922 1535 πιστοῖς
1963 1472 2255 1542 Ῥωμαίοις
2285 1473 2473 1526 διεσώ-

895 1553 1085 1624 θησαν·
1117 1554 1230 1604 ὅσοι
1272 1553 1316 1604 δ’
1365 1550 1430 1604 αῦ
1464 1553 1627 1605 πάλιν
1673 1555 2112 1624 μεμολυμμένον,
2151 1559 2278 1618 τοὺς
2307 1556 2470 1622 λαοὺς

893 1637 988 1689 καὶ
1017 1637 1142 1698 τοὺς
1176 1637 1340 1706 ἱερεῖς
1374 1638 1456 1700 εἰς
1487 1637 1584 1708 τὴν
1599 1639 1719 1690 κατ’
1755 1638 1993 1708 ἀλλήλων
2020 1638 2350 1704 φιλονεικίαν
2381 1642 2470 1706 ἐξ..

891 1718 1154 1782 έκαυσαν,
1189 1719 1277 1772 ἵνα
1302 1722 1414 1782 τοῖς
1446 1723 1642 1782 κοινοῖς
1676 1723 1859 1782 κακοῖς
1879 1721 1940 1772 τὸ
1974 1721 2094 1774 καθ’
2126 1723 2352 1785 ἐαυτοῦς
2383 1741 2473 1775 συ-

892 1807 1213 1857 σκιάσωσιν.
1250 1805 1309 1856 ὐ
1329 1806 1510 1856 ΔΙΛΚ.
1539 1804 1868 1872 Θαυμασίως
1901 1804 1999 1875 μὲν
2029 1808 2276 1876 εἴρηκας.
2315 1809 2472 1878 Ὠμο-

891 1885 1116 1956 λόγηται
1163 1888 1237 1951 δὲ,
1282 1889 1362 1939 ὅτι
1409 1889 1690 1957 ἀμήχανόν
1722 1891 1840 1942 ἐστι
1879 1891 2140 1960 πρᾶγμα,
2189 1891 2473 1960 ἄνθρωπον

889 1971 1177 2040 ἄμεμπτον
1207 1973 1264 2024 ἐν
1293 1970 1369 2041 τῷ
1403 1973 1666 2041 περιγείῳ
1700 1973 1798 2041 βίῳ
1842 1973 2015 2042 τούτῳ
2055 1975 2346 2043 εὑρεθῆναι
2381 1975 2474 2026 τέ-

887 2053 1053 2117 λειον,
1086 2055 1187 2124 τῆς
1217 2055 1443 2126 Γραφῆς
1471 2055 1736 2125 λεγούσης
1765 2055 2044 2124 πολλαχῶς
2066 2073 2077 2084 ·
2119 2060 2212 2121 Τίς
2249 2058 2474 2124 καυχή-

888 2151 1059 2191 σεται
1085 2138 1283 2208 ἁγθνὴν
1313 2139 1479 2206 ἔχειν
1503 2140 1617 2205 τὴν
1651 2139 1928 2205 καρδίανζ
1963 2140 1994 2206 ἣ
2024 2141 2113 2206 τίς
2141 2141 2472 2207 παρῤησιά-

887 2235 1059 2273 σεται
1108 2222 1364 2288 καθαρὸς
1409 2217 1562 2274 εἶναι
1606 2222 1722 2274 ἀπὸ
1753 2222 2074 2290 ἀμαρτίας;
2128 2223 2273 2294 Πλὴν
2323 2225 2474 2292 ὅμως

883 2303 986 2355 οὑκ
1014 2301 1156 2370 ἔγνω
1188 2303 1496 2372 χρήσασθαι
1518 2303 1595 2372 τῷ
1621 2303 1799 2374 καιρῷ
1824 2307 1852 2356 6
1887 2309 2157 2374 μακάριος
2193 2305 2471 2376 Ἰωάννης

885 2389 997 2449 τοῖς
1052 2387 1160 2459 γάρ
1211 2387 1645 2458 κεκρατημένοις
1693 2389 1756 2440 οὑ
1815 2388 1896 2440 δεῖ
1943 2394 2352 2459 παρεγχειρεῖν.
2420 2392 2476 2443 Ὀ

899 2469 1150 2524 ἜΠΙΣΚ.
1195 2470 1420 2533 Ἔοικάς
1478 2488 1606 2540 μοι,
1659 2470 1792 2524 καλὲ
1841 2472 2083 2541 Θεόδωρε
2109 2514 2122 2537 ,
2171 2475 2476 2544 πανοῦργος

882 2551 1169 2622 ὑπάρχειν.
1204 2553 1558 2622 Συμπάθειαν
1589 2553 1728 2624 γάρ,
1754 2554 1831 2615 ὡς
1860 2553 2068 2623 ἔπρεπέ
2105 2571 2208 2615 σοι,
2255 2557 2350 2606 ἀπ’
2378 2556 2478 2624 ἀρ-

883 2635 984 2704 χῆς
1012 2637 1144 2704 ἡμῖν
1175 2635 1612 2705 προϐαλλόμενος
1649 2635 1787 2705 μετά
1813 2652 1959 2698 τινος
2001 2635 2372 2701 κατανύξεως,
2406 2638 2472 2690 ἐκ

883 2717 981 2769 τοῦ
1027 2717 1168 2771 κατά
1214 2719 1406 2788 μικρὸν
1449 2717 1679 2790 εὑρίσκῃ
1735 2716 2126 2787 φιλοσκώπτης
2176 2719 2470 2789 ὑπάρχων

883 2799 1008 2854 οὑτε
1042 2801 1151 2872 γὰρ
1190 2802 1242 2854 οἱ
1271 2801 1615 2871 νομιζόμενοι
1647 2799 1831 2870 ἐχθροὶ
1869 2799 2012 2853 οῦτω
2036 2800 2225 2864 δεινῶς
2257 2801 2326 2854 τὰ
2353 2805 2473 2856 κατ’

883 2882 1049 2936 αὑτὸν
1101 2882 1495 2953 διεμέμψαντο.
1561 2883 1620 2934 '0
1669 2884 1854 2934 AIAK.
1896 2883 2042 2952 Πρὸς
2082 2883 2134 2936 τί
2165 2885 2473 2957 ἠχθέσθης,

886 2965 1188 3036 φιλαλήθης
1219 2965 1478 3030 ἀκούσας,
1523 2967 1736 3035 Πάτερ;
1763 2966 1844 3018 ὅτι
1884 2961 2054 3017 εἷπον·
2089 2967 2164 3018 Ού
2203 2969 2475 3039 προσέσχε

883 3048 964 3120 τῷ
996 3047 1173 3120 καιρῷ
1201 3050 1230 3101 6
1263 3049 1530 3119 μακάριος
1582 3048 1869 3117 Ἰωάννης;
1903 3047 2002 3117 τῆς
2036 3047 2260 3119 Γραφῆς
2287 3049 2477 3117 λεγού-

885 3147 987 3199 σιν,
1005 3145 1024 3164 ο
1070 3131 1174 3184 Ἔν
1199 3131 1408 3196 τόποις
1435 3128 1754 3183 δυναστῶν
1777 3130 1860 3199 μὴ
1883 3131 2217 3199 ὑφίστασοι
2250 3133 2342 3185 καὶ
2371 3133 2476 3186 πάο

884 3214 991 3279 λιν,
1039 3214 1150 3267 Τὸν
1188 3213 1399 3282 καιρὸν
1422 3211 1916 3282 ἐξαγοραζόμενοι
1938 3253 1952 3276 ,
1986 3214 2221 3285 μάλιστα
2247 3216 2341 3269 ἐπὶ
2371 3217 2474 3269 τῶν

885 3298 1210 3369 παραίνεσιν
1243 3297 1275 3368 ή
1311 3296 1580 3367 ὠφέλειαν
1614 3297 1690 3366 μὴ
1723 3297 2056 3366 δεχομένων.
2102 3298 2161 3351 Ὀ
2223 3297 2471 3356 ἘΠΙΣΚ.

881 3379 1161 3450 Μακάριοί
1185 3379 1309 3432 ἐστε
1332 3420 1347 3443 ,
1378 3377 1523 3432 οὑτω
1559 3378 1658 3441 τὰς
1695 3379 1917 3450 Γραφας
1947 3381 2345 3450 ἑρμηνεύοντες
2369 3397 2383 3410 ·
2415 3384 2476 3436 τὸ

881 3465 1017 3534 γὰρ,
1051 3463 1158 3516 Ἐν
1181 3465 1388 3528 τόποις
1408 3460 1730 3514 δυναστῶν
1745 3460 1832 3529 μὴ
1855 3463 2184 3529 ὑφίστασο,
2213 3466 2365 3534 παρά
2399 3467 2478 3536 τῷ

896 3547 1338 3617 Ἐκκλησιαστῇ,
1392 3545 1528 3616 πρὸς
1574 3547 1702 3608 τοὺς
1745 3544 1998 3608 ἀναξίους
2041 3548 2136 3599 καὶ
2183 3547 2478 3614 ἀδυνάτους

884 3628 1185 3702 ἱερωσύνης
1212 3628 1450 3698 εἴρηται,
1483 3629 1568 3680 ἵνα
1613 3627 1688 3698 μὴ
1727 3627 1934 3696 ταύτην
1964 3628 2279 3696 ἀρπάζωσι.
2309 3633 2480 3684 Δυνά-

883 3728 1014 3774 στας
1039 3711 1147 3782 γὰρ
1172 3712 1298 3773 τοὺς
1329 3711 1448 3763 κατ’
1477 3711 1681 3780 ἀρετὴν
1711 3709 2070 3774 διδασκάλους
2105 3711 2254 3778 λέγει
2283 3729 2297 3744 ο
2327 3713 2477 3781 πρῶ-

878 3810 974 3848 τον
1010 3794 1138 3857 τοῦς
1168 3793 1500 3854 ἀποστόλους
1519 3833 1533 3852 ,
1564 3791 1761 3854 οἵτινες
1787 3788 1929 3862 ἦσαν
1957 3794 2252 3858 δυνάσται,
2286 3797 2347 3848 τὸ
2377 3797 2476 3867 τῆς

879 3878 1162 3947 δυνάμεως
1191 3875 1558 3946 ἠμφιεσμένοι
1591 3875 1830 3946 πνεῦμα,
1859 3876 2049 3929 ἔπειτα
2073 3879 2198 3942 τοὺς
2230 3880 2474 3950 μιμητὰς

881 3963 1107 4015 τούτων.
1138 3962 1248 4014 Καὶ
1273 3961 1355 4024 τὸ,
1388 3958 1766 4028 ἑξαγυρὰζειν
1807 3959 1876 4012 δὲ
1899 3963 2003 4013 τὸν
2041 3962 2272 4030 καιρὸν,
2304 3965 2477 4017 τοιοῦ-

884 4045 977 4099 τόν
1007 4046 1176 4108 ἐστιν,
1218 4045 1317 4112 οὑχ
1359 4044 1447 4096 ἶνα
1483 4039 1895 4112 ὑποκριθῶμεν,
1947 4043 2208 4108 κλέπταις
2250 4047 2476 4116 συντρέ-

885 4145 1092 4198 χοντες,
1129 4127 1224 4180 καὶ
1275 4125 1414 4196 μετὰ
1449 4125 1654 4195 μοιχῶν
1682 4126 1780 4195 τήν
1819 4125 2012 4197 μερίδα
2064 4127 2328 4191 τιθέντες,
2361 4129 2476 4182 ἀλλ’

885 4213 973 4267 ἴνα
1017 4212 1159 4266 κατά
1197 4211 1288 4264 τὸν
1335 4209 1525 4280 καιρὸν
1572 4211 1670 4280 τῆς
1703 4211 1978 4281 ἁμαρτίας
2007 4211 2095 4263 διά
2137 4213 2237 4281 τῆς
2279 4213 2477 4282 ἀρετῆς

881 4297 1244 4368 ἀγοράσωμεν
1293 4295 1384 4348 τὸν
1432 4294 1645 4365 καιρὸν,
1682 4294 1758 4364 μὴ
1811 4295 2162 4365 πωλήσαντες
2201 4297 2362 4349 αὑτὸν
2409 4301 2474 4369 τῇ

884 4382 1156 4452 ἁμαρτία.
1196 4382 1254 4432 '0
1304 4380 1361 4433 δέ
1393 4379 1536 4432 κατά
1592 4379 1789 4449 μικρὸν
1828 4379 2006 4448 τούτῳ
2051 4379 2129 4450 τῷ
2159 4381 2346 4451 τρόπῳ
2385 4383 2476 4434 τὸν

883 4465 1074 4536 καιρὸν
1109 4462 1480 4533 ἐξαγοράζων,
1510 4461 1630 4515 ὅλον
1667 4463 1860 4515 ἐαυτοῦ
1891 4463 1951 4515 τὸ
1977 4465 2076 4534 ζῇν
2107 4464 2468 4534 ἐξηγόρασεν,

881 4548 1293 4618 παραχωρήσας
1326 4546 1392 4598 τά
1426 4544 1520 4598 τοῦ
1557 4544 1673 4614 βίου
1710 4545 1860 4614 ἡδέα,
1911 4547 1996 4598 ἵνα
2045 4547 2113 4600 τὰ
2163 4549 2305 4619 ὑπὲρ
2358 4549 2473 4620 βίον

882 4631 1114 4702 εὑρήσῃ.
1147 4629 1362 4697 Ὠσπερ
1388 4628 1481 4680 καὶ
1513 4629 1561 4679 οἱ
1595 4627 1868 4697 μάρτυρες
1899 4631 2258 4699 πεποιήκασι,
2292 4631 2474 4697 δόντες

880 4715 943 4768 τὸ
971 4715 1070 4784 ζῇν
1103 4714 1165 4765 τὸ
1193 4712 1504 4782 αἱμάτινον,
1533 4710 1630 4780 τὴν
1661 4710 1968 4779 ἀφθαρσίαν
2003 4713 2472 4784 ἐκληρονόμησαν,

882 4798 1088 4869 κυρίως
1113 4795 1268 4849 αὑτοὶ
1300 4795 1392 4848 τὸν
1426 4792 1617 4861 καιρὸν
1660 4791 2114 4862 ἐξαγοράσαντες.
2173 4795 2236 4848 El
2289 4797 2346 4849 δὲ
2400 4799 2475 4869 μὴ

880 4881 1022 4935 οῦτω
1053 4881 1226 4934 ταῦτα
1259 4882 1483 4939 νοεῖται,
1515 4877 1728 4929 ἔσονται
1757 4876 1852 4928 καί
1873 4877 1921 4928 οί
1951 4877 2080 4945 περὶ
2112 4878 2352 4931 Μωὺσέα
2383 4881 2476 4933 καὶ

893 4965 1081 5018 Ἦλίαν
1118 4965 1212 5016 καὶ
1270 4961 1511 5030 Μιχαίαν
1567 4960 1659 5012 καὶ
1700 4957 1899 5028 Δανιὴλ
1968 4960 2062 5012 καὶ
2079 4959 2334 5031 Ἰωάννην
2384 4963 2476 5015 τὸν

883 5048 1193 5118 Βαπτιστὴν
1222 5047 1318 5098 καὶ
1363 5043 1589 5096 Ἡσαΐαν
1623 5043 1717 5095 κα)ν
1750 5042 1956 5114 Πέτρον
1988 5044 2083 5095 καὶ
2116 5041 2352 5108 Παῦλον,
2389 5045 2474 5098 ἵνα

884 5132 959 5204 μὴ
988 5129 1238 5192 πλείονας
1264 5127 1404 5181 εἴπω
1423 5167 1438 5189 ,
1486 5125 1576 5178 τὸν
1603 5125 1810 5177 ἑαυτῶν
1841 5119 2032 5195 καιρὸν
2066 5127 2437 5193 ἀγνοήσαντες
2458 5145 2473 5159 ·

881 5216 1067 5287 ἐπειδὴ
1095 5218 1123 5269 6
1171 5213 1271 5284 μὲν
1321 5215 1468 5282 φυγῇ
1499 5210 1596 5281 τὴν
1627 5209 1899 5278 σωτηρίαν
1934 5210 2110 5280 ἐαυτῷ
2163 5210 2472 5281 πορίζεται,

879 5299 969 5352 διά
1001 5300 1092 5350 τδν
1118 5298 1336 5365 ἔλεγχον
1361 5296 1455 5348 τὸν
1481 5293 1619 5366 πρός
1652 5310 1795 5356 τινα,
1823 5293 1880 5344 ἐν
1903 5294 2083 5363 ὄρεσιν
2112 5294 2325 5348 ἐθνικοῦ
2353 5297 2478 5364 πρό-

882 5384 1023 5436 ϐατα
1055 5383 1234 5451 νέμων
1256 5398 1270 5411 ·
1297 5383 1325 5433 6
1357 5381 1411 5432 δὲ
1445 5381 1548 5432 ὑπὸ
1581 5379 1753 5448 κάρου
1794 5380 1860 5447 τῇ
1903 5377 2045 5448 λύπῃ
2081 5379 2358 5443 πιεσθεὶς,
2396 5381 2476 5443 είς

883 5467 1050 5520 ῦπνον
1076 5464 1401 5522 κατέπεσεν,
1441 5461 1565 5514 οὑτε
1593 5461 1774 5530 τοίχου
1815 5461 1847 5530 ἢ
1891 5459 2095 5530 πέτρας
2127 5462 2288 5515 σκιάν
2325 5463 2476 5534 εὑρί-

885 5567 1052 5613 σκων,
1091 5549 1205 5602 ἀλλ’
1253 5546 1360 5600 ὑπὸ
1396 5545 1563 5613 φυτὸν
1592 5544 1936 5614 ἀρκεύθινον,
1973 5543 2001 5595 6
2041 5546 2133 5596 καὶ
2167 5547 2302 5598 αὑτὸ
2333 5545 2475 5615 ἀμυ-

881 5635 1025 5704 δρῶς
1058 5629 1470 5696 κατασκεπάζει
1505 5642 1530 5670 ι
1554 5647 1568 5660 ·
1609 5631 1637 5681 6
1667 5630 1723 5682 δὲ
1762 5630 2022 5701 ἐπρίζετο
2044 5643 2056 5656 '
2088 5631 2115 5680 6
2143 5629 2200 5682 δὲ
2231 5631 2311 5691 είς
2338 5629 2473 5682 λάκ-

885 5736 980 5770 κον
1015 5717 1246 5770 λεόντων
1274 5715 1507 5786 ἐχαλάτο
1533 5714 1674 5785 ὑπὲρ
1702 5715 2010 5776 εὐσεϐείαςο
2035 5714 2062 5764 6
2091 5713 2146 5764 δέ
2177 5717 2233 5768 ἐν
2259 5715 2472 5784 φυλακῇ

887 5802 1050 5874 ἧγουν
1092 5800 1248 5874 μυχῷ
1275 5819 1378 5856 τινι
1407 5802 1628 5872 δέσμιος
1659 5801 2013 5870 ἐφυλάσσετο,
2041 5800 2203 5870 ἄρτον
2238 5802 2476 5870 θλίψεως

951 5989 977 6016 ⁸
1013 5990 1092 6038 Sic
1113 5990 1220 6039 cod.
1245 5994 1400 6038 recte.
1424 5992 1622 6040 Edilum
1664 5988 1817 6038 fueral
1851 5989 2205 6044 κατασκευάζει.
2251 5990 2468 6041 Cololer.

886 6050 999 6112 65‘},
1024 6051 1083 6111 Δ,
1104 6055 1431 6107 κατασκιαζιι.

2581 647 2674 698 καὶ
2712 647 2856 717 ὕδωρ
2903 647 3086 698 στενὸν
3137 645 3550 708 καταδικασθεὶς
3597 646 3914 716 λαμϐάνειν,
3963 651 4027 704 ἵν’
4074 654 4168 705 £79.

2579 729 2790 798 μακρὸν
2819 729 3260 797 κατατηκόμενος
3294 731 3501 800 χρόνον,
3531 727 3618 799 βίᾳ
3659 727 3719 779 τὸ
3746 728 3844 797 ζῇν
3881 733 4165 806 ἀπορρήξῃ

2575 808 2664 860 δια
2695 810 2793 877 τὴν
2827 810 2960 882 πρὸς
2987 809 3212 878 βασιλέα
3240 813 3364 863 τινα
3394 810 3723 882 παρρησίαν.
3759 811 3824 861 Τί
3856 812 3913 863 δέ
3948 831 4036 881 μοι
4078 816 4167 867 λέο

2579 889 2685 953 ξεις
2711 908 2775 941 πε
2787 893 2838 960 ρὶ
2859 893 2948 944 τοῦ
2972 893 3173 960 ἀςύγου
3195 893 3254 944 ἐν
3281 898 3561 964 γεννητοῖς
3585 891 3858 962 γυναικῶν
3893 893 4166 960 Ἰωά·ινου;

2578 969 2684 1043 ἆρα
2720 973 2819 1024 οὐκ
2861 975 3003 1040 ἔγνω
3032 973 3108 1043 τῷ
3137 973 3314 1044 καιρῷ
3347 979 3657 1045 χρήσασθαι
3680 1018 3694 1039 ,
3724 975 3909 1046 ἐπειδὴ
3949 976 4038 1029 διά
4073 979 4168 1031 τὸν

2579 1057 2994 1109 άνεπισκίαστον
3051 1061 3268 1128 ἔλεγχον
3317 1059 3416 1126 τῆς
3477 1060 3717 1130 Ἡρώδου
3780 1061 4022 1132 μοιχείας
4067 1063 4167 1132 τὴν

2579 1139 2816 1208 κεφαλήν
2861 1141 3188 1210 ἀπετμήθη,
3228 1140 3525 1210 κηδόμενος
3563 1143 3658 1194 τοῦ
3700 1145 3938 1215 Ἡρώδου
3973 1143 4048 1206 ὡς
4082 1146 4169 1196 ξα-

2576 1221 2703 1289 τρὸς
2742 1221 3020 1283 νοσοῦντος
3053 1222 3115 1274 τὸ
3145 1221 3362 1276 ἀνίατον
3400 1221 3568 1285 πάθος
3596 1224 3629 1294 ἢ
3659 1228 3834 1280 καίων
3860 1228 3894 1297 ἢ
3917 1227 4164 1297 τέμνωνς

2574 1296 2645 1371 ’ᾳ
2679 1303 2820 1374 λόγῳ
2863 1304 2956 1358 καὶ
2998 1305 3251 1374 Ἰωάννης
3284 1303 3448 1356 ἐλεῶν
3490 1303 3524 1373 ἢ
3563 1305 3756 1372 φιλῶν,
3794 1296 3993 1381 ἠλέγχε
4038 1313 4168 1374 τους

2574 1387 2884 1451 νοσοῦντας.
2913 1390 2974 1442 EE
3004 1387 3060 1440 δὲ
3091 1390 3120 1442 6
3168 1386 3480 1457 Βαπτιστὴς
3513 1387 3604 1440 τδν
3639 1393 3834 1461 καιρὸν
3871 1397 3973 1448 οὐκ
4001 1396 4167 1463 ἔγνω,

2577 1469 2694 1532 πῶς
2726 1471 2818 1522 τὸν
2846 1473 3093 1544 τεχνίτην
3139 1472 3246 1525 τῶν
3279 1471 3490 1524 αἰώνων
3521 1473 3616 1524 καὶ
3657 1477 3888 1546 ποιητὴν
3929 1482 4166 1548 ἐπέγνω,

2578 1556 2773 1624 φήσας⁹
2806 1555 2926 1609 ’Ἰδε
2952 1561 2984 1611 ό
3016 1557 3230 1625 Ἀμνός
3257 1553 3361 1608 τοῦ
3390 1553 3559 1618 Θεοῦ,
3588 1558 3621 1608 ὀ
3641 1556 3823 1625 αἴρων
3852 1561 3962 1627 τὴν
3984 1565 4170 1634 ἁμαρ.

2578 1639 2711 1688 τίαν
2757 1637 2863 1690 τοῦ
2896 1640 3167 1706 κόσμους
3207 1639 3330 1703 Πῶς
3377 1638 3433 1691 δὲ
3478 1639 3577 1691 οὑκ
3616 1638 3758 1706 ἐγνω
3813 1641 4023 1709 Παῦλος
4074 1651 4170 1702 καὶ

2580 1721 2782 1790 Πέτρος
2809 1720 2899 1772 τὸν
2933 1722 3146 1790 καιρὸν,
3173 1726 3223 1775 οί
3255 1723 3436 1775 στῦλοι
3463 1724 3559 1794 τῆς
3602 1723 3962 1794 Ἐκκλησίαςο
3992 1733 4042 1782 οἱ
4074 1732 4172 1784 καὶ

2581 1804 2718 1871 μετά
2752 1802 2982 1855 θάνατον
3019 1803 3290 1868 κλείοντες
3321 1807 3414 1859 καὶ
3443 1807 3750 1873 ἀνοίγοντες
3779 1808 3903 1870 τοῦς
3929 1811 4026 1880 τῆς
4064 1832 4165 1882 με·

2577 1885 2793 1948 τανοίας
2843 1886 3066 1956 καιροὺς
3125 1890 3235 1949 τοῖς
3297 1888 3639 1959 βουλομένοις
3694 1891 3786 1941 καὶ
3840 1891 4168 1960 κρούουσινς

2577 1967 2764 2037 ἐπειδὴ
2797 1969 3033 2038 μάλιστα
3053 1972 3081 2021 6
3122 1970 3222 2038 μὲν
3254 1972 3346 2023 ἐπὶ
3375 1972 3543 2035 πόδας
3578 1971 3902 2044 σταυφῦται
3927 2015 3942 2038 ,
3975 1977 4055 2038 είς
4083 1981 4173 2030 οὑ-

2579 2051 2741 2118 ρανδν
2774 2053 2874 2120 τὴν
2911 2053 3136 2123 πορείαν
3175 2056 3480 2123 σημαίνων,
3513 2060 3541 2110 6
3569 2057 3626 2110 δὲ
3657 2061 4050 2127 καρατομεῖται
4080 2060 4170 2114 διὰ

2575 2135 2673 2203 τὴν
2712 2136 2769 2186 ἐν
2819 2135 3041 2205 Χριστῷ
3076 2138 3416 2207 παρρησίαν,
3453 2139 3540 2193 ἵνα
3581 2140 3682 2207 τῆς
3715 2141 3885 2204 ὅντως
3920 2144 4165 2214 κεφαλῆς

2578 2218 2652 2285 μὴ
2684 2216 2912 2288 ἐκπέσῃ.
2945 2218 3034 2288 Μὴ
3078 2219 3259 2272 τοίνυν
3292 2221 3558 2291 ἀποδέχου
3599 2224 3727 2286 τοῦς
3773 2225 3890 2292 μετ’
3933 2225 4166 2297 ἐπισκήο

2574 2298 2720 2366 ψεως
2746 2299 2843 2370 τὴν
2871 2302 2978 2354 τῶν
3012 2301 3184 2369 ἁγίων
3217 2303 3603 2368 διαϐάλλοντας
3627 2309 3958 2378 παρρησίαν.
4003 2310 4170 2362 Ἐθνιο

2578 2383 2688 2435 κῶν
2712 2383 2819 2456 γάρ
2843 2385 2934 2437 καὶ
2955 2387 3282 2456 οίησισόφων
3368 2390 3624 2459 συνήθεια
3651 2390 3812 2462 αῦτη,
3841 2393 4169 2460 φιλοξωούν·

2577 2483 2684 2517 των
2715 2467 2808 2519 καὶ
2853 2469 3379 2538 φιλοσκωπτούντων
3416 2473 3518 2542 τὴν
3547 2473 3656 2526 τῶν
3698 2476 3996 2546 μαρτύρων
4025 2477 4171 2530 ἀδειο

2575 2547 2714 2601 λίαν.
2747 2551 2884 2604 Οὑτε
2918 2552 3027 2624 γάρ
3066 2553 3340 2624 μάχαιραν
3371 2555 3659 2624 ἀμϐλεῖαν,
3699 2557 3823 2610 οὔτε
3857 2561 4171 2630 παρρησίαν

2574 2631 2853 2701 ἄπρακτον
2878 2631 3019 2688 εἶναι
3043 2636 3144 2689 δεῖ.
3179 2638 3288 2690 Καὶ
3315 2638 3503 2708 ῶσπερ
3532 2639 3623 2692 τοῦ
3660 2640 3832 2714 μύρου
3865 2643 4171 2712 ἀχώριστος

2575 2714 2607 2782 ἡ
2636 2715 2864 2780 εύωδία,
2905 2717 3049 2770 οὑτω
3087 2720 3186 2788 τῆς
3214 2722 3528 2791 παρρησίας
3558 2725 3590 2792 ή
3621 2723 3818 2776 εὑνοια.
3861 2726 3969 2779 Καὶ
3993 2729 4043 2778 εί
4073 2729 4173 2796 μὲν

2580 2795 2860 2862 ίδιωτικῶς
2905 2801 3000 2852 ἐπὶ
3049 2801 3278 2853 οἰκετῶν
3328 2803 3361 2872 ἦ
3412 2803 3582 2871 φίλων
3624 2805 3657 2874 ἢ
3696 2806 3842 2858 ἰδίων
3874 2810 3921 2859 οἱ
3957 2795 4170 2876 ἔλεγχοι

2579 2880 2833 2946 ἐγίνοντο,
2866 2883 2953 2951 ἐφ’
2983 2879 3058 2934 ὧν
3090 2885 3184 2936 καὶ
3206 2884 3268 2936 τὸ
3301 2885 3625 2955 ἐρυθριάσαι
3653 2889 3931 2958 φορτικὸν,
3969 2891 4172 2960 ἐγκλη-

2577 2977 2669 3022 τος
2707 2962 2836 3025 ἴσως
2871 2963 2899 3014 6
2943 2966 3481 3035 παρρησιαζόμενος.
3517 2967 3642 3021 οῦτε
3684 2969 3894 3040 καιρὸν,
3926 2969 4051 3024 οὔτε
4078 2973 4171 3026 τό·

2579 3061 2678 3126 πον
2709 3045 3010 3126 γνωρίσας“
3049 3047 3097 3097 εί
3130 3047 3186 3099 δέ
3218 3047 3472 3118 καθάπερ
3496 3050 3554 3102 ἐν
3585 3052 3838 3123 μακέλλῳ
3868 3056 3932 3123 τῇ
3966 3056 4170 3126 ἐκκληο

2578 3125 2669 3193 σία
2703 3125 2794 3176 καὶ
2835 3127 2885 3177 οἱ
2919 3126 3132 3180 ἔπαινοι
3168 3130 3410 3196 γίνονται
3455 3131 3562 3183 τῶν
3611 3135 4039 3202 κατορθούντων,
4075 3125 4173 3190 καὶ

2573 3210 2622 3259 οἰ
2657 3207 2816 3276 ψόγοι
2845 3208 2955 3261 τῶν
2981 3211 3353 3278 ἀμελούντων,
3377 3213 3431 3266 τί
3454 3217 3842 3286 τραχυνόμεθα
3878 3219 4015 3289 πρὸς
4040 3223 4171 3284 τοὺς

2574 3291 2832 3361 ἐλέγχους
2857 3292 3162 3363 ἀνωνύμως
3190 3297 3286 3348 καὶ
3328 3297 3628 3365 ἐπωφελῶς
3657 3301 3791 3369 ἡμῖν
3813 3302 4168 3370 γινομένουςς

2577 3375 2880 3438 σιτεὺοντες
2926 3376 3027 3440 τάς
3057 3377 3268 3440 αἰτίας,
3315 3382 3376 3432 ού
3414 3380 3729 3451 πειθόμενοι
3765 3383 3842 3452 τῷ
3887 3387 4168 3456 εἰρηκότι·

2575 3457 2707 3510 Ιιᾶν
2739 3457 2802 3510 τὸ
2837 3458 2908 3510 ἐν
2929 3458 3220 3526 μακέλλῳ
3249 3463 3646 3530 πωλούμενον
3685 3465 3940 3529 ἐσθίετε,
3974 3469 4173 3536 μηδὲν

2577 3540 3023 3606 ἀνακρίνοντες.
3059 3539 3121 3593 Εἰ
3162 3543 3219 3594 δὲ
3253 3544 3328 3612 μὴ
3372 3545 3531 3598 τοῦτο
3556 3546 3732 3608 ἔσται,
3765 3547 3977 3602 ἔσονται
4007 3551 4172 3604 πάλιν

2577 3623 2626 3672 οί
2655 3622 2800 3689 άγιοι
2823 3623 3275 3688 σκανδαλίσαντες
3297 3626 3395 3695 μέν
3415 3644 3566 3691 τινας
3593 3631 3780 3692 πόλεις
3803 3632 3834 3701 ἧ
3863 3631 4046 3702 χώρας
4075 3637 4173 3688 ἐπὶ

2577 3708 2686 3767 τοῖς
2708 3705 2970 3774 ἐλέγχοις,
2995 3707 3492 3778 ἐκτραχηλίσαντες
3509 3712 3565 3765 δὲ
3588 3716 3700 3776 τοῖς
3723 3716 3968 3778 ἐπαίνοις
3982 3717 4169 3781 ἄλλας.

2578 3789 2798 3858 Πρῶτος
2819 3790 2846 3840 ὁ
2870 3790 3026 3857 άγιος
3059 3791 3196 3856 Ἰὼϐ,
3219 3793 3474 3864 Φοινίκην
3497 3797 3620 3848 τινά
3642 3796 3943 3851 διαϐάλλων
3963 3799 4170 3868 χώραν,

2575 3871 2650 3933 ὡς
2688 3873 3077 3944 ἐπισπωμένην
3120 3874 3212 3926 τὸν
3255 3875 3404 3944 αὑτῷ
3447 3879 3936 3949 προσπολεμοῦντα
3968 3885 4168 3947 Σατὶν,

2575 3954 2757 4018 καθὼς
2788 3955 2936 4024 λέγει
2961 3972 2973 3984 ·
3009 3955 3430 4025 Μεριτεὺονται
3472 3959 3540 4012 δὲ
3574 3963 3762 4015 αὑτὸν
3794 3963 3937 4032 γένη
3974 3969 4172 4019 Φοινί-

2577 4055 2716 4091 κων.
2751 4037 2983 4092 Ἔπειτα
3004 4041 3244 4110 Μωὺσῆς
3269 4042 3363 4093 καὶ
3385 4043 3432 4092 οἱ
3463 4043 3739 4112 προφῆται
3766 4045 3862 4115 τὴν
3895 4048 4171 4114 Αἴγυπτον

2575 4121 2969 4186 διαϐάλλοντες,
3002 4123 3097 4174 καὶ
3121 4125 3350 4193 κάμινον
3376 4125 3602 4196 σιδηρᾶν
3638 4132 4162 4200 προσαγορεύοντες,

2577 4205 2672 4257 καὶ
2701 4206 2909 4268 σκότος,
2944 4207 3037 4258 καὶ
3062 4205 3160 4276 τὴν
3184 4206 3550 4276 Παλαιστίνην
3581 4210 4046 4280 ἐγκωμιάζοντες,
4073 4221 4168 4270 καὶ

2575 4287 2680 4355 γῆν
2707 4287 3041 4355 ἐπαγγελίας
3068 4288 3494 4354 ἀποκαλοῦντες,
3521 4291 3917 4364 εὑρισκομένην
3936 4297 4036 4366 τὴν
4066 4301 4166 4367 μὲν

2577 4372 2851 4440 Αἴγυπτον
2872 4372 2948 4442 τῷ
2967 4373 3244 4442 σπουδαίῳ
3263 4373 3367 4442 γῆν
3387 4374 3744 4441 ἐπαγγελίας,
3769 4377 3846 4447 τῷ
3861 4379 3916 4432 δὲ
3939 4381 4172 4452 ρᾳθύμῳ

2572 4454 2670 4524 τὴν
2715 4456 3102 4526 Παλαιστίνην,
3147 4457 3208 4508 οὑ
3261 4456 3421 4524 μόνον
3477 4457 3710 4526 κάμινον
3748 4460 3996 4532 σιδηρᾶν,
4030 4463 4171 4517 ἀλλά

2573 4540 2667 4592 καὶ
2693 4541 2880 4603 σκότος
2903 4539 3170 4610 ἐξώτερον
3196 4542 3262 4609 τῇ
3301 4541 3528 4610 ἀπιστία
3549 4557 3562 4569 ·
3593 4542 3754 4595 ὁπότε
3788 4545 3847 4597 οὑ
3883 4545 3952 4599 τά
3985 4547 4166 4618 χωρία

2573 4624 2748 4692 ψεκτὰ
2777 4625 2810 4695 ἢ
2841 4623 3120 4685 ἐπαινετά,
3163 4623 3300 4676 ἀλλά
3324 4623 3390 4677 τά
3417 4624 3844 4696 ἐπιτηδεύματα.
3878 4630 3942 4682 Τί
3986 4631 4044 4683 δέ
4075 4647 4171 4702 μοι

2575 4707 2667 4758 καὶ
2697 4709 2776 4769 είς
2817 4707 2993 4777 μῆκος
3021 4705 3283 4760 ἐκτείνειν
3329 4709 3420 4760 τὸν
3454 4707 3632 4776 λόγον,
3677 4711 3771 4762 καὶ
3814 4711 3889 4780 μὴ
3919 4713 4027 4765 ἀπὸ
4055 4713 4170 4766 τῶν

2577 4789 2856 4859 συντόμων
2910 4788 3214 4859 ἀρχεσθαι;
3264 4785 3412 4861 *Αρά
3460 4807 3524 4859 γε
3581 4795 3610 4845 6
3657 4791 3869 4854 Παῦλος
3892 4795 4170 4860 ψεύστας

2577 4872 2800 4942 Κρῆτας
2833 4871 3144 4936 ἀποκαλῶν,
3187 4872 3281 4925 καὶ
3310 4873 3551 4936 Γαλάτας
3581 4875 3902 4940 ἀνοήτους,
3920 4877 4014 4928 καὶ
4055 4879 4169 4931 Κο-

2577 4955 2816 5028 ρινθίους
2855 4955 3372 5023 περυσιωμένους,
3409 4957 3503 5008 καὶ
3524 4955 3716 5016 ἄλλους
3755 4956 3924 5020 ἄλλα,
3957 4957 4171 5021 τούτοις

2579 5039 2759 5109 μόνοις
2788 5039 3030 5106 συνέγνω
3064 5038 3133 5089 τά
3167 5037 3334 5106 πάθη,
3367 5038 3442 5102 ὡς
3469 5039 3657 5109 μόνοις
3681 5039 3774 5092 τὸν
3802 5039 4024 5109 ἔλεγχον
4072 5044 4170 5094 ἐπ-

2576 5124 2816 5191 αγαγὼν,
2848 5124 2880 5193 ἢ
2908 5123 3004 5175 καὶ
3031 5125 3144 5184 τοῖς
3180 5124 3370 5185 πᾶσιν;
3400 5124 3432 5192 ἢ
3458 5123 3728 5177 ἀνάπαλιν
3749 5123 4006 5188 πιστοὺς
4030 5126 4167 5178 Ῥω-

2579 5209 2773 5277 μαίους
2817 5205 3134 5264 ἀποκαλῶν.
3182 5207 3272 5258 καὶ
3313 5208 3552 5275 μύστας
3593 5207 3896 5274 Ἐφεσίους,
3945 5201 4027 5268 οἷς
4074 5223 4168 5261 κατ

2577 5292 2907 5360 ὑψηλότερον
2935 5287 3273 5349 ἐπιστέλλει,
3313 5289 3408 5341 καὶ
3445 5289 3867 5358 φιλαδέλφους
3902 5288 4169 5343 Θεσσαλο-

2577 5378 2767 5436 νικείς,
2808 5372 2990 5442 μόνοις
3028 5370 3399 5442 περιέγραψεν
3430 5375 3556 5436 τοὺς
3593 5373 3880 5435 ἐπαίνους;
3917 5372 3992 5425 Οὑ
4027 5387 4164 5427 παν-

2574 5474 2701 5519 τωςο
2723 5455 2838 5509 ἀλλ’
2867 5453 2943 5508 ὡς
2974 5455 3422 5526 πνευματοφόρος
3445 5455 3658 5508 τέθεικε
3688 5455 3782 5506 καὶ
3809 5456 3936 5518 τοὺς
3963 5456 4167 5526 ψόγους

2577 5541 2672 5592 καὶ
2715 5541 2841 5601 τοὺς
2897 5537 3173 5601 ἐπαίνους,
3235 5539 3319 5591 ἵνα
3373 5541 3403 5592 6
3454 5539 3552 5607 μὲν
3599 5536 3750 5602 ἄξιος
3776 5537 3883 5590 τῶν
3925 5541 4163 5595 ἐπαίνων

2578 5625 2854 5691 ἐπιγνοὺς,
2887 5622 3094 5694 τονωθῇ
3125 5626 3190 5692 τῇ
3227 5623 3528 5692 προθυμίᾳ,
3558 5623 3586 5673 6
3607 5621 3664 5673 δὲ
3691 5621 3875 5694 ἔτερος
3901 5625 4158 5695 ἐντυχὼν.

2577 5708 2805 5776 ὀδυνηθῇ
2837 5711 2898 5777 τῇ
2937 5708 3264 5777 ὑπομνήσει,
3307 5704 3752 5774 ἀποτριψάμενος
3784 5707 3876 5761 τοῦ
3908 5709 4078 5778 ψόγου
4102 5708 4165 5758 τδ

2578 5792 2767 5845 αἴτιον.
2798 5790 2932 5844 οὔτε
2963 5787 3055 5843 οῦν
3081 5791 3232 5861 μόνοι
3259 5788 3496 5840 Γαλάται
3526 5789 3762 5861 ἀνόητοι,
3791 5792 3915 5844 οὔτε
3947 5793 4163 5861 Κρῆτες

2577 5876 2828 5945 ψεῦσται,
2863 5873 2986 5928 οὑτε
3023 5872 3304 5943 Κορίνθιοι
3332 5871 3704 5942 ὑπερήφανον
3740 5875 4015 5945 πανταχοῦ
4051 5872 4163 5941 γάρ

2577 5961 2646 6012 τά
2675 5960 2852 6012 πάντα
2875 5957 3134 6025 ὑπάρχει,
3166 5955 3260 6006 τοῦ
3300 5955 3429 6023 μίαν
3453 5951 3588 6009 εἶναι
3640 5960 3733 6011 καὶ
3772 5960 3870 6029 τὴν
3913 5956 4164 6025 ἀμαρτάο

2580 6061 2773 6099 νουσαν
2807 6041 2896 6094 καὶ
2947 6039 3045 6107 τὴν
3094 6037 3462 6108 κατορθοῦσαν
3497 6039 3678 6110 φύσιν,
3716 6040 3809 6094 καί
3857 6038 4033 6090 ἐκεῖνο
4067 6038 4164 6089 καὶ
