4504 6730
408 629 477 683 65
1401 614 1484 667 DE
1528 612 1681 665 VITA
1724 609 1761 663 S

403 744 538 795 dans
556 736 797 791 diabolici
815 734 993 807 gladii,
1015 732 1191 798 fugere
1208 740 1390 779 ontues
1409 724 1729 776 hortabatur.
1747 719 1986 786 Quicum—

404 847 507 900 que
522 839 695 884 autem
716 821 1091 883 conscientiam
1107 833 1316 888 puram,
1333 815 1487 869 veluti
1505 816 1709 882 signum
1730 814 1778 863 in
1797 807 1986 860 animae

408 898 599 986 fronte,
634 922 927 973 habuerunt
950 952 965 975 ,
998 925 1090 978 per
1116 909 1335 978 gratiam
1366 905 1454 958 Dei
1483 918 1599 956 cum
1620 902 1770 955 vobis
1792 898 1989 951 Ruina—

406 1013 488 1066 nis
504 1012 743 1066 lldelibus
764 1001 956 1058 servati
974 1010 1095 1054 sunt
1116 1015 1130 1052 ε
1153 998 1240 1069 qui
1260 1012 1384 1051 vero
1406 995 1748 1062 inquinatam,
1766 988 1986 1059 pupulas

404 1120 467 1158 ac
511 1100 815 1157 sacerdotes
857 1095 908 1147 iu
951 1102 1184 1146 mutuum
1214 1097 1481 1144 certamen
1512 1088 1865 1140 accenderunt
1889 1121 1902 1143 ,
1933 1090 1987 1132 ut

407 1194 632 1261 publicis
662 1186 813 1240 malis
853 1198 945 1237 sua
992 1182 1392 1236 obumbrarent.
1431 1177 1574 1229 Duc.
1605 1176 1736 1228 Mire
1772 1169 1983 1261 quidem

406 1260 618 1338 dixisti.
665 1278 883 1331 Constat
922 1284 1095 1328 autem
1125 1272 1235 1325 ﬁeri
1269 1284 1372 1321 non
1410 1282 1596 1336 posse,
1648 1276 1703 1318 ut
1746 1263 1906 1315 homo
1935 1260 1984 1311 in

409 1377 506 1426 huc
531 1384 735 1423 terrena
758 1369 860 1420 vita
894 1360 1376 1434 irreprehensibilis
1402 1373 1615 1427 prorsus
1646 1354 1945 1408 inveniatur
1968 1391 1984 1416 ,

408 1466 619 1517 dicente
657 1458 892 1527 pluribus
934 1458 986 1511 in
1018 1456 1152 1510 locis
1180 1451 1451 1518 Scriptura
1487 1466 1499 1501 :
1532 1448 1653 1511 Quis
1690 1442 1987 1515 gloriabitur

409 1552 653 1604 utendum
678 1566 729 1603 se
754 1550 931 1601 habere
950 1546 1074 1599 cor?
1099 1555 1185 1596 aut
1224 1542 1332 1609 quis
1360 1538 1596 1606 fiduriam
1635 1533 1859 1594 habebit,
1892 1546 1988 1599 pu-

408 1659 522 1695 rum
542 1658 593 1695 se
617 1657 770 1695 essea
797 1650 999 1709 peccato
1022 1636 1203 1708 (Prov.
1231 1632 1322 1685 ‘20.
1351 1631 1442 1696 9)?
1475 1630 1662 1683 \icrum
1697 1644 1799 1680 non
1842 1624 1988 1677 novit

407 1734 485 1786 uti
510 1743 745 1801 tempore
772 1732 824 1785 Β.
853 1730 1086 1784 Joannes
1120 1744 1131 1776 :
1167 1738 1252 1777 res
1279 1723 1417 1775 enim
1444 1721 1757 1773 constitutas
1787 1726 1987 1769 temere

411 1837 623 1877 movere
650 1837 754 1875 non
785 1826 1013 1889 Oportet.
1042 1815 1219 1868 EPISC.
1248 1812 1449 1866 Videris
1477 1810 1626 1874 mihi,
1656 1809 1794 1862 bene
1813 1804 1988 1858 Theo-

408 1911 558 1975 dore,
588 1913 805 1966 nimium
834 1915 1039 1962 astutus
1072 1920 1210 1957 esse.
1237 1903 1366 1955 Cum
1396 1902 1536 1954 enim
1580 1899 1728 1952 initio
1766 1896 1987 1949 misera-

411 2003 607 2057 tionem
634 2044 648 2067 ,
683 2012 738 2054 ut
787 1997 1010 2059 decuit,
1042 1994 1195 2048 nobis
1241 1991 1543 2045 exhibueris
1588 2003 1711 2042 cum
1760 1985 1985 2055 quadam

409 2092 816 2159 compunctione
845 2129 860 2153 ,
889 2086 1012 2140 inde
1036 2083 1284 2153 paulatim
1328 2081 1479 2134 dicax
1520 2080 1703 2133 irrisor
1736 2076 1986 2131 inveniris

403 2185 525 2225 esse
549 2190 563 2226 :
586 2184 762 2237 neque
784 2166 877 2236 qui
897 2164 1226 2233 putabantur
1247 2162 1474 2230 inimici,
1491 2170 1601 2217 tam
1618 2164 1816 2217 acriter
1835 2163 1989 2216 illum

404 2264 809 2329 vituperarunt.
831 2256 982 2309 Duc.
1001 2253 1142 2319 Quid
1161 2252 1674 2322 indignaris,Pater,
1692 2255 1783 2323 qui
1801 2255 1996 2307 verita-

408 2350 480 2404 tis
498 2365 691 2402 amans
704 2347 885 2412 audis,
903 2346 1047 2415 quod
1062 2344 1294 2398 dixerim
1317 2359 1425 2397 non
1443 2354 1767 2398 observasse
1783 2353 1997 2413 tempus

406 2440 625 2493 beatum
647 2436 952 2492 Joannem?
972 2450 1096 2488 cum
1121 2434 1404 2503 Scriptura
1430 2434 1610 2487 dicat:
1645 2432 1713 2485 In
1747 2434 1874 2487 locis
1905 2451 1999 2502 po-

404 2532 631 2584 tentium
653 2546 715 2582 ne
745 2528 1005 2582 subsistas
1030 2528 1216 2596 (Prov.
1243 2526 1334 2578 ‘25.
1359 2526 1437 2595 ti.)
1463 2546 1475 2579 :
1506 2538 1559 2580 et
1591 2542 1808 2591 rursus,
1840 2525 2002 2579 Redi-

408 2632 607 2675 meutes
625 2630 826 2686 tempus
844 2618 1057 2689 (Epltes.
1076 2621 1130 2681 5,
1157 2619 1242 2685 ll’;
1263 2620 1518 2688 Cut.4.5),
1542 2620 1841 2688 praesertim
1859 2619 1910 2672 in
1931 2620 1998 2675 iis

407 2714 501 2782 qui
523 2714 730 2766 monita
754 2713 1156 2782 utilitatemque
1176 2730 1283 2766 non
1305 2712 1616 2765 admittunt.
1645 2712 1823 2767 Ertsc.
1845 2711 1994 2766 Beati

406 2805 565 2867 estis,
587 2806 679 2875 qui
701 2806 782 2859 sic
802 2803 1115 2875 Scripturas
1138 2805 1593 2874 interpretaniini.
1620 2803 1674 2857 ιιι
1691 2805 1833 2857 enim
1853 2806 1994 2873 apud

408 2895 806 2958 Ecclesiasten,
838 2896 902 2951 In
928 2898 1057 2950 locis
1080 2908 1351 2963 potentum
1380 2914 1440 2949 ne
1467 2897 1698 2961 steteris,
1729 2895 1995 2951 adversus

407 2985 663 3054 indignos
684 2994 740 3040 et
766 2984 1055 3054 incapaces
1088 2986 1382 3040 sacerdotii
1405 2986 1610 3039 dictum
1636 2996 1742 3049 est,
1771 3002 1837 3041 ne
1863 2987 1996 3039 illud

407 3076 642 3145 rapiant.
661 3075 919 3130 Potentes
948 3077 1117 3141 enim,
1141 3077 1360 3131 virtutis
1377 3079 1820 3147 magistrosdicit
1849 3098 1861 3133 :
1886 3081 1997 3148 pri-

408 3180 557 3218 mum
582 3165 802 3234 quidem
830 3166 1129 3234 apostolos,
1161 3166 1254 3235 qui
1280 3175 1440 3219 erant
1472 3174 1745 3235 potentes,
1774 3166 1995 3219 virtutis

407 3256 658 3324 spiritum
683 3254 857 3310 induti
881 3269 896 3309 :
930 3255 1127 3311 deinde
1146 3272 1336 3312 eorum
1365 3257 1686 3312 imitatores.
1731 3256 1795 3309 Et
1820 3257 1952 3311 illud
1976 3299 1991 3322 ,

406 3346 678 3401 Redime"
696 3357 916 3413 tempus.
940 3348 1166 3417 perinde
1178 3357 1263 3404 est
1279 3364 1365 3411 ac,
1383 3347 1457 3403 Ne
1472 3349 1767 3419 hypocrita:
1790 3349 1963 3403 simus
1975 3390 1987 3409 .

406 3446 527 3483 cum
558 3430 755 3482 furibus
783 3437 1055 3481 currentes
1079 3469 1095 3491 ,
1123 3436 1317 3481 etcum
1344 3426 1597 3480 adulteris
1641 3435 1842 3494 partem
1883 3441 1981 3493 po-

406 3530 595 3574 nentes
619 3537 633 3583 ;
660 3518 753 3571 Sed
783 3526 838 3572 ut
878 3528 1116 3585 tempore
1154 3532 1249 3570 suo
1298 3526 1507 3584 tempus
1546 3516 1748 3585 peccati
1790 3515 1984 3568 virtute

405 3610 727 3664 rcdimamus
750 3649 764 3673 ,
790 3623 892 3661 non
921 3606 1047 3659 illud
1076 3614 1291 3675 peccato
1320 3605 1631 3659 vendentes.
1663 3605 1763 3671 Qui
1808 3611 1984 3657 autem

408 3706 510 3756 hoc
552 3701 709 3755 modo
757 3700 1008 3769 paulatim
1050 3709 1255 3765 tempus
1301 3697 1535 3762 redimit,
1570 3704 1732 3749 totam
1776 3696 1987 3749 redimit

408 3797 566 3848 vitam
598 3808 746 3847 suam
767 3834 782 3858 ,
812 3801 869 3846 ut
893 3791 1105 3845 omissis
1141 3790 1319 3843 smculi
1357 3790 1717 3858 voluptatibus
1752 3789 1983 3841 czelestia

406 3889 543 3940 dona
569 3886 903 3939 nanciscatur
926 3901 939 3935 :
964 3881 1228 3951 quomodo
1248 3890 1301 3934 et
1322 3889 1582 3950 martyres
1608 3879 1867 3945 fecerunt,
1894 3879 1982 3947 qui

408 3979 544 4031 hanc
558 3990 866 4046 corpoream
887 3975 1046 4026 vitam
1069 3982 1417 4041 exponentes,
1433 3970 1982 4039 incorruptibilitatem

408 4068 680 4122 consecuti
724 4075 1095 4129 sunt,revera
1139 4062 1237 4131 ipsi
1284 4073 1491 4129 tempus
1539 4061 1880 4115 redimentes.
1928 4060 1983 4114 Si

409 4175 537 4214 vero
564 4159 661 4211 ista
689 4172 793 4210 non
822 4158 898 4209 sic
923 4155 1284 4222 intelliguntur
1307 4193 1322 4215 ,
1350 4152 1560 4223 Moyses
1584 4162 1731 4207 certe
1760 4162 1813 4206 et
1844 4152 1986 4206 Elias

408 4259 464 4304 et
490 4248 737 4302 Micha‘as
776 4257 828 4299 et
862 4245 1041 4298 Daniel
1073 4254 1128 4298 et
1152 4243 1387 4297 Joannes
1413 4243 1646 4311 Baptista
1670 4252 1724 4298 et
1750 4242 1910 4297 Isaias
1935 4252 1989 4296 et

413 4340 599 4392 Petrus
622 4348 777 4404 atque
802 4335 1009 4396 Paulus,
1037 4347 1103 4386 ne
1125 4332 1301 4401 plures
1320 4346 1757 4397 commemorem,
1782 4344 1987 4402 tempus

410 4446 565 4483 suum
585 4430 855 4497 ignorasse
876 4425 1230 4478 invenientur:
1245 4422 1493 4491 quoniam
1517 4422 1605 4476 ille
1622 4422 1740 4491 fuga
1762 4423 1983 4477 salutem

409 4519 511 4572 sibi
540 4519 725 4586 qumrit
754 4518 823 4570 ob
849 4514 1315 4583 reprehensionem
1342 4513 1598 4580 alicujus,
1620 4511 1746 4565 dum
1771 4513 1984 4581 gentilis

409 4608 683 4676 cujusdam
715 4622 847 4660 oves
874 4607 923 4658 in
948 4615 1127 4660 monte
1158 4615 1432 4674 pasceret:
1456 4602 1590 4656 alius
1615 4617 1724 4671 pra:
1749 4613 1978 4671 torpore,

410 4702 593 4754 dolore
618 4714 925 4767 oppressus,
959 4699 1011 4751 in
1037 4713 1281 4752 somnum
1314 4698 1507 4753 decidit
1531 4713 1546 4763 ;
1572 4712 1740 4767 neque
1768 4696 1982 4765 parietis

409 4800 498 4844 aut
525 4790 638 4843 saxi
661 4771 932 4841 invehiens
961 4788 1223 4853 umbram,
1253 4789 1346 4842 sed
1370 4788 1716 4857 subjuniperi
1738 4789 1982 4857 virgulto,

409 4881 551 4951 quod
577 4892 631 4935 et
658 4882 826 4949 ipsum
855 4880 991 4933 exile
1011 4887 1145 4945 erat,
1170 4893 1229 4931 se
1254 4880 1477 4933 collocat
1502 4882 1520 4949 (
1542 4882 1576 4934 5
1604 4881 1730 4949 Reg.
1757 4880 1841 4935 l9.
1871 4882 1904 4934 4
1925 4881 1944 4951 )
1969 4898 1981 4933 :

410 4976 545 5029 alius
588 4987 734 5027 serra
786 4971 1105 5025 secabatur:
1138 4970 1271 5023 alius
1303 4985 1398 5037 pro
1443 4976 1637 5038 pietate
1678 4972 1728 5023 in
1779 4972 1985 5025 foveam

412 5065 626 5118 leonum
666 5062 1039 5116 demittebatur
1066 5078 1080 5113 :
1107 5059 1242 5113 alius
1276 5059 1326 5111 in
1366 5073 1614 5122 carcere,
1646 5060 1747 5113 hoc
1786 5069 1866 5113 est
1890 5100 1903 5125 ,
1932 5061 1982 5113 iu

409 5170 570 5222 specu
589 5153 814 5219 quodam
831 5152 1038 5205 vinctus
1056 5151 1384 5214 servabatur,
1404 5163 1590 5218 panem
1610 5148 1980 5214 tribulationis,

410 5254 463 5296 et
496 5257 687 5311 aquam
726 5242 982 5310 angustiae
1027 5256 1240 5295 sumere
1285 5241 1665 5295 condemnatus
1690 5282 1703 5305 ,
1730 5250 1786 5294 ut
1826 5241 1984 5309 longo

412 5346 653 5402 tempore
676 5332 1057 5386 contabescens
1080 5373 1093 5396 ,
1118 5334 1276 5385 vitam
1305 5333 1354 5384 vi
1382 5333 1740 5402 abrumperet,
1772 5343 1984 5401 propter

410 5440 558 5478 suam
587 5426 841 5478 adversus
864 5438 1039 5491 regem
1074 5424 1355 5490 quemdam
1388 5426 1636 5493 loquendi
1666 5426 1979 5479 libertatem.

406 5514 547 5579 Quid
593 5524 771 5570 autem
814 5511 941 5567 mihi
968 5510 1114 5564 dices
1153 5512 1219 5564 de
1256 5512 1492 5577 Joanne,
1527 5514 1617 5583 qui
1666 5515 1804 5569 inter
1834 5524 1983 5568 natos

407 5603 688 5657 mulierum
717 5620 897 5674 parem
914 5618 1017 5657 non
1042 5602 1231 5656 habet?
1251 5617 1317 5654 an
1337 5604 1549 5657 minime
1570 5614 1723 5657 norat
1749 5614 1985 5672 tempore

408 5693 508 5751 uti.
531 5694 783 5761 quoniam
811 5704 1026 5764 propter
1045 5702 1277 5762 apertam
1304 5702 1357 5745 et
1377 5693 1593 5747 minime
1618 5693 1985 5749 adumbratam

409 5786 654 5841 adulterii
702 5787 927 5843 Herodis
957 5787 1365 5855 increpationem
1398 5786 1569 5852 capite
1605 5787 1837 5842 minutus
1862 5796 1945 5842 est
1966 5830 1979 5852 ,

411 5886 687 5940 curans,ut
703 5879 940 5932 medicus
954 5880 1211 5934 Herodem
1227 5877 1497 5933 insanabili
1517 5878 1702 5931 morbo
1714 5876 1980 5944 aﬁectum,

410 5982 500 6030 aut
522 5985 697 6031 urens,
717 5980 807 6024 aut
823 5973 1042 6025 secans?
1059 5973 1169 6039 Qua
1187 5974 1387 6028 ratione
1406 5980 1459 6026 et
1477 5971 1707 6027 Joannes
1724 5973 1982 6027 miserans

1824 602 2099 661 J'OANXIS
2138 602 2630 658 CHRYSOSTOMI.
3601 602 3671 657 σῃ

2099 725 2152 768 et
2188 729 2374 767 amans
2403 753 2417 775 ,
2453 714 2755 781 increpabat
2804 711 3062 764 inﬁrmos.
3107 711 3163 765 Si
3218 722 3393 765 autem
3438 713 3669 769 Joannes

2096 808 2329 874 Baptista
2379 815 2587 871 tempus
2637 821 2738 858 non
2794 812 2992 867 norat,
3040 804 3305 872 quomodo
3356 806 3668 860 szeculorum

2092 899 2334 963 Opiﬁcem
2383 906 2435 950 ct
2482 896 2733 950 factorem
2777 894 2993 965 agnovit
3021 936 3037 953 .
3071 896 3294 949 dicens:
3330 894 3457 948 Ecce
3497 896 3672 965 Agnus

2091 986 2187 1039 Dei
2210 1028 2224 1051 ,
2251 987 2336 1055 qui
2367 987 2496 1038 tollit
2526 995 2728 1054 peccatu
2754 985 2927 1038 mundi
2958 983 3131 1053 (Joan.
3159 987 3208 1038 l.
3239 985 3327 1054 56)
3356 986 3377 1038 ?
3402 985 3671 1054 quomodo

2092 1076 2283 1129 Paulus
2314 1085 2366 1128 et
2391 1075 2600 1138 Petrus,
2631 1075 2892 1127 columine
2923 1073 3197 1133 Ecclesiae,
3228 1084 3430 1141 tempus
3461 1076 3670 1144 ignom-

2090 1169 2216 1222 bant
2243 1207 2258 1231 ,
2292 1167 2380 1235 qui
2422 1168 2577 1219 etiam
2610 1175 2727 1236 post
2773 1176 2994 1218 mortem
3034 1165 3336 1218 volentibus
3369 1174 3525 1233 atque
3556 1165 3670 1233 pul-

2090 1258 2330 1310 santibus
2355 1258 2635 1324 aperiunt,
2667 1264 2719 1310 et
2745 1255 2997 1309 claudunt
3030 1256 3349 1321 ('mnitentiae
3390 1255 3670 1323 tempora?

2090 1349 2336 1416 quoniam
2370 1349 2595 1400 maxime
2639 1347 2725 1399 hic
2753 1345 2898 1399 crnei
2941 1345 3134 1398 afﬁxus
3159 1356 3272 1411 est,
3303 1345 3528 1415 pedibus
3572 1346 3670 1398 ob-

2090 1440 2277 1502 versis,
2312 1439 2449 1490 viam
2478 1438 2529 1489 in
2560 1439 2746 1491 caelum
2775 1438 3112 1507 signiﬁcans;
3147 1438 3232 1492 ille
3255 1439 3426 1507 capite
3456 1446 3669 1491 trunca-

2092 1541 2174 1583 tur
2204 1532 2271 1583 ob
2300 1545 2450 1583 suam
2482 1529 2533 1581 in
2556 1530 2765 1582 Christo
2788 1529 3034 1597 loquendi
3054 1528 3371 1588 libertatem.
3394 1546 3459 1582 ne
3488 1544 3518 1582 a
3544 1544 3671 1583 vero

2089 1620 2355 1673 excideret
2380 1620 2570 1688 capite.
2592 1618 2669 1672 Ne
2685 1619 2841 1687 igitur
2856 1619 3133 1673 admiseris
3148 1633 3262 1683 eos,
3279 1619 3367 1687 qui
3394 1632 3516 1672 cum
3541 1634 3671 1688 qua-

2089 1710 2209 1763 dam
2233 1712 2591 1777 increpatione
2613 1718 2920 1764 sanctorum
2951 1710 3195 1778 loquendi
3222 1710 3523 1765 libertatem
3563 1712 3673 1764 cnl-

2093 1810 2237 1868 pant.
2252 1800 2535 1854 Gentilium
2556 1803 2696 1855 enim
2719 1809 2772 1853 et
2786 1799 2989 1869 judicio
3005 1814 3100 1852 suo
3118 1801 3411 1868 sapientum
3430 1801 3526 1853 ista
3545 1813 3673 1853 cun-

2091 1890 2315 1943 snetudo
2329 1899 2429 1954 est,
2448 1891 2538 1959 qui
2559 1905 2739 1945 amore
2756 1891 2913 1958 hujus
2928 1890 3051 1943 vitae
3068 1889 3225 1943 etiam
3246 1899 3537 1958 martyrum
3554 1905 3674 1944 con-

2089 1979 2340 2032 stantiam
2367 1978 2605 2032 irrident.
2637 1978 2817 2047 Neque
2842 1980 2983 2032 enim
3012 1980 3092 2033 vel
3122 1977 3355 2047 gladium
3383 1979 3627 2033 obtusum
3654 2021 3669 2043 ,

2089 2073 2173 2126 vel
2221 2072 2447 2125 otiosam
2505 2086 2625 2124 esse
2680 2072 2926 2139 loquendi
2981 2072 3275 2125 libertatem
3327 2080 3557 2141 Oportet.
3605 2070 3673 2126 Et

2086 2163 2530 2231 quemadmodum
2568 2163 2638 2217 ab
2669 2172 2937 2231 Unguento
2967 2162 3246 2230 fragrantia
3291 2164 3527 2231 separari
3564 2179 3671 2217 non

2089 2264 2297 2322 potest,
2327 2258 2403 2310 sic
2450 2272 2620 2323 neque
2652 2271 2679 2307 a
2725 2255 2972 2324 loquendi
3004 2254 3249 2309 libertate
3284 2254 3669 2309 benevolentia.

2090 2348 2164 2396 Ae
2206 2345 2249 2397 si
2285 2345 2497 2413 quidem
2542 2361 2721 2399 coram
2754 2346 2963 2398 l’amnlis
2986 2387 3001 2411 ,
3034 2353 3126 2398 aut
3151 2345 3370 2410 amicis,
3400 2354 3492 2400 aut
3520 2345 3631 2401 suis
3653 2387 3668 2410 ,

2091 2435 2430 2502 reprehensio
2450 2439 2618 2501 tit-ret,
2643 2450 2824 2489 coram
2846 2436 3036 2503 quibus
3052 2435 3366 2489 erubescere
3388 2436 3669 2490 molestum

2089 2531 2170 2576 est
2200 2540 2213 2574 :
2242 2522 2375 2578 forte
2403 2524 2735 2578 accusandus
2765 2532 2911 2578 esset
2953 2524 3042 2593 qui
3086 2524 3249 2577 libere
3296 2525 3671 2594 redargueret,

2088 2615 2284 2681 qqupe
2312 2614 2400 2683 qui
2430 2625 2633 2683 tempus
2661 2624 2715 2667 et
2755 2615 2927 2667 locum
2972 2615 3236 2683 ignoraret
3266 2614 3356 2669 :Si
3395 2626 3570 2669 autem
3618 2618 3672 2670 in

2087 2705 2349 2768 Ecclesia,
2374 2706 2519 2759 velut
2538 2706 2587 2758 in
2611 2706 2852 2769 macello,
2874 2706 3160 2773 proborum
3182 2706 3423 2760 encomia
3446 2706 3595 2773 ﬁunt,
3621 2718 3677 2762 et

2087 2797 2477 2865 increpationes
2491 2797 2864 2866 ncgligentium
2874 2796 3016 2864 :quid
3030 2810 3282 2864 exaspera
3290 2812 3339 2849 ιιι
3347 2813 3408 2850 ur
3417 2797 3675 2853 adversus

2086 2888 2493 2956 increpationes,
2506 2903 2624 2956 qure
2640 2887 2756 2940 sine
2772 2887 3005 2950 nomine,
3026 2894 3078 2939 et
3095 2887 3290 2941 utiliter
3307 2886 3461 2940 ﬁunt?
3474 2887 3675 2941 alentes

2085 2980 2326 3040 crimina,
2351 2994 2450 3034 nec
2463 2980 2891 3047 obtemperantes
2911 2980 2979 3041 ei,
2999 2978 3087 3048 qui
3108 2978 3260 3042 dixit,
3288 2976 3448 3030 Omne
3460 2978 3598 3048 quod
3616 2980 3669 3031 in

2088 3070 2295 3124 macello
2311 3073 2462 3134 venit,
2484 3072 2803 3136 manducate,
2827 3071 2956 3123 nihil
2985 3071 3319 3123 discernentes
3336 3070 3353 3134 (
3366 3071 3383 3122 Ι
3436 3068 3556 3124 Cor.
3580 3071 3666 3124 10.

2086 3160 2204 3231 25).
2229 3162 2377 3228 Quod
2401 3164 2499 3217 nisi
2518 3164 2585 3216 ita
2600 3163 2859 3227 sit,sancti
2885 3163 3071 3215 iterum
3087 3161 3671 3217 invenienturcivitatcs

2086 3250 2337 3320 quasdam
2362 3260 2453 3305 aut
2481 3252 2723 3318 regiones
2749 3251 3135 3305 scandalizasse
3162 3252 3232 3305 ob
3261 3251 3670 3321 increpationes,

2084 3342 2217 3393 alias
2258 3356 2383 3394 vero
2417 3341 2657 3394 laudibus
2685 3342 2795 3395 suis
2834 3341 3175 3394 subvenisse.
3208 3341 3415 3396 Primus
3458 3352 3672 3397 sanctus

2083 3430 2185 3484 Job
2216 3431 2503 3485 Phoenicen
2534 3430 2813 3500 quamdam
2858 3430 3131 3499 regionem
3161 3431 3445 3500 obiurgans
3472 3472 3488 3498 ,
3518 3434 3670 3500 quasi

2082 3516 2340 3573 Satanam
2357 3518 2566 3574 hostem
2597 3534 2748 3572 suum
2797 3521 2848 3573 in
2878 3536 2937 3574 se
2963 3521 3316 3575 attrabentcm
3348 3561 3364 3585 ,
3393 3522 3468 3575 sic
3495 3522 3621 3575 dicit
3656 3540 3667 3574 :

2092 3606 2298 3660 Partem
2321 3616 2487 3661 autem
2512 3609 2557 3661 ei
2586 3610 2708 3661 dunt
2750 3618 2918 3675 gentes
2968 3608 3268 3663 Pliwnicum
3299 3608 3437 3681 (Job
3461 3610 3551 3665 40.
3576 3611 3664 3664 25.

2090 3700 2141 3751 in
2188 3698 2363 3753 Graeco
2393 3703 2429 3761 ).
2474 3699 2672 3753 Deinde
2722 3700 2923 3769 Moyses
2965 3710 3016 3753 et
3063 3700 3332 3768 pr0pheta:
3380 3698 3670 3769 [Egyptum

2088 3791 2436 3843 criminantur
2459 3832 2474 3854 ,
2503 3790 2770 3843 fornacem
2804 3789 3024 3843 ferream
3072 3788 3400 3857 appellantes
3438 3797 3493 3841 et
3523 3796 3672 3842 teuc-

2087 3879 2229 3944 bras,
2252 3888 2412 3948 atque
2439 3879 2774 3933 Pubestiuam
2802 3879 3048 3931 laudibus
3068 3878 3346 3943 extollunt,
3372 3887 3672 3948 terramque

2090 3970 2454 4038 promissionis
2480 3980 2671 4023 vocant
2702 3988 2713 4022 :
2747 3985 2866 4023 cum
2898 3970 3161 4040 Egyptns
3183 3970 3476 4023 inveniatur
3502 3970 3669 4038 probo

2089 4060 2301 4130 quidem
2332 4071 2469 4114 terra
2502 4062 2888 4130 promissionis,
2918 4062 3110 4130 ignavo
3134 4070 3311 4114 autem
3345 4061 3618 4114 Palmstina
3650 4103 3664 4125 ,

2092 4164 2197 4203 non
2246 4151 2421 4203 solum
2454 4150 2638 4203 furnax
2682 4149 2850 4203 ferrea
2878 4191 2891 4213 ,
2915 4149 3007 4203 sed
3034 4157 3087 4203 et
3118 4150 3350 4203 tenebrat
3380 4148 3671 4202 exteriores

2093 4241 2417 4296 inﬁdelitatis
2451 4256 2608 4295 causa
2640 4258 2652 4293 :
2680 4241 2927 4308 quoniam
2961 4255 3064 4292 non
3098 4240 3213 4293 loca
3247 4239 3509 4307 vituperio
3534 4280 3549 4304 ,
3581 4248 3673 4292 aut

2091 4332 2246 4387 laude
2286 4332 2443 4402 digna
2477 4341 2635 4396 sunt,
2666 4332 2758 4387 sed
2788 4331 3059 4384 hominum
3104 4330 3299 4385 studia.
3327 4331 3461 4398 Quid
3495 4340 3671 4385 autem

2091 4438 2311 4478 necesse
2338 4424 2465 4476 mihi
2497 4432 2578 4477 est
2602 4438 2902 4476 sermonem
2936 4422 2986 4475 in
3018 4422 3228 4489 longum
3260 4421 3549 4475 extendere
3573 4463 3589 4485 ,
3618 4432 3673 4475 et

2088 4529 2192 4567 non
2222 4528 2251 4565 a
2279 4513 2525 4565 brevibus
2569 4512 2835 4578 incipere?
2862 4510 3124 4577 Numquid
3171 4508 3365 4561 Paulus
3404 4510 3671 4563 mendaces

2087 4603 2342 4659 Cretenses
2371 4602 2494 4672 (Tit.
2526 4605 2576 4657 1.
2621 4602 2709 4667 12)
2738 4601 3011 4669 appellans
3037 4642 3050 4664 ,
3078 4610 3131 4654 et
3152 4599 3364 4655 Galatas
3391 4601 3672 4654 insensatos

2091 4695 2228 4767 (Gal.
2259 4696 2313 4749 5.
2343 4694 2416 4763 1),
2439 4704 2491 4747 et
2517 4693 2822 4747 Corinthios
2847 4693 3051 4761 inﬂatos
3078 4692 3125 4761 (Ι
3143 4731 3155 4743 .
3178 4691 3296 4744 Cor.
3317 4692 3370 4746 5.
3395 4690 3454 4761 2)
3473 4732 3489 4756 ,
3514 4701 3672 4760 atque

2090 4789 2223 4843 alios
2262 4789 2416 4841 aliter
2443 4827 2459 4851 ,
2492 4786 2573 4841 his
2617 4785 2743 4839 solis
2788 4785 2909 4838 vitia
2958 4783 3275 4838 condonavn
3301 4822 3317 4845 ,
3344 4782 3493 4851 quasi
3544 4783 3672 4851 ipsis

2090 4881 2218 4934 solis
2248 4879 2714 4949 reprehensionem
2744 4875 3001 4929 adhibens
3025 4914 3039 4936 ,
3064 4888 3241 4927 nonne
3283 4881 3337 4926 et
3375 4873 3672 4929 omnibus?

2089 4980 2179 5023 aut
2206 4981 2384 5023 contra
2416 4983 2534 5022 cum
2567 4967 2832 5020 Romanos
2862 4964 3039 5033 ﬁdeles
3082 4963 3258 5033 (Rom.
3293 4965 3345 5018 l.
3378 4962 3433 5034 6)
3465 4973 3618 5018 vocat
3653 5005 3669 5029 ,

2088 5069 2143 5112 et
2179 5058 2436 5125 Ephesios
2473 5064 2662 5124 mystas
2691 5049 3313 5123 (Ephes.l.'l8),quibtts
3331 5053 3672 5106 etsublimius

2089 5142 2910 5213 scribit,etfratrumamantesU
2927 5142 3100 5197 Thess.
3135 5145 3187 5197 5.
3225 5144 3309 5213 Η)
3338 5144 3675 5197 Thessaloni-

2088 5253 2292 5297 censes,
2320 5237 2398 5289 his
2423 5238 2550 5289 solis
2572 5236 2757 5291 laudes
2776 5235 3057 5304 adscripsit
3083 5237 3106 5285 '.’
3136 5234 3350 5288 Minime
3376 5250 3503 5287 sane
3533 5251 3547 5299 ;
3576 5235 3670 5289 sed

2089 5339 2145 5384 ut
2173 5329 2395 5396 Spiritus
2420 5329 2587 5382 sancti
2620 5330 2823 5397 plenus,
2847 5338 2899 5382 et
2925 5327 3180 5393 vituperia
3210 5337 3263 5381 et
3292 5326 3475 5380 laudes
3498 5342 3670 5395 appo-

2088 5420 2194 5472 suit
2213 5460 2226 5481 ,
2255 5428 2311 5470 ut
2340 5420 2426 5487 qui
2457 5434 2513 5472 se
2541 5420 2693 5472 laude
2722 5420 2932 5487 dignum
2964 5418 3261 5483 agnoverit,
3293 5417 3476 5483 majori
3504 5417 3668 5469 animi

2089 5508 2365 5562 alacritate
2392 5509 2688 5562 rohoretur.
2722 5508 2864 5559 Alius
2890 5522 3015 5559 vero
3038 5507 3291 5575 vituperia
3321 5506 3519 5573 legens,
3543 5506 3675 5560 sub-

2095 5600 2327 5653 monitus
2353 5599 2563 5662 doleat,
2595 5606 2647 5650 ct
2676 5596 2849 5663 probri
2878 5610 3094 5651 causam
3119 5596 3351 5663 abjiciat.
3378 5594 3490 5648 Non
3514 5595 3675 5665 igitur

2089 5690 2187 5745 soli
2215 5688 2413 5745 Galatm
2441 5686 2688 5741 insensati
2713 5727 2727 5749 ,
2762 5701 2861 5741 nec
2897 5688 3174 5740 Cretenses
3205 5684 3490 5738 mendaces
3521 5724 3536 5748 ,
3573 5699 3671 5737 nec

2089 5784 2346 5839 Corinthii
2374 5779 2584 5849 superbi
2608 5796 2619 5831 :
2644 5779 2839 5849 ubique
2865 5779 3002 5834 enim
3033 5777 3147 5830 haec
3176 5778 3355 5830 omnia
3383 5786 3523 5839 sunt,
3547 5790 3667 5828 cum

2092 5891 2190 5931 una
2237 5876 2305 5928 sit
2351 5884 2531 5930 natura
2563 5914 2577 5938 ,
2608 5888 2727 5942 qua:
2757 5882 2810 5925 et
2839 5879 3016 5939 peccat
3046 5880 3101 5923 et
3128 5879 3275 5926 recte
3301 5869 3445 5938 agit,
3478 5876 3530 5920 et
3559 5868 3672 5920 sive

2097 5971 2197 6026 hoc
2220 5968 2329 6025 sive
2357 5964 2481 6020 illud
2508 5966 2558 6019 in
2583 5979 2640 6019 se
2667 5964 3035 6032 sit,voluntate
3061 5977 3176 6018 sua.
3204 5962 3312 6016 lloc
3336 5961 3493 6030 igitur
3514 5957 3673 6012 modo
