4504 6714
882 556 950 609 ςει
2110 541 2429 600 mmini
2471 540 2805 598 DIALOGL’S
4074 553 4142 608 us

880 669 935 721 in
980 665 1217 721 Ecclesia
1246 664 1409 719 libere
1449 662 1763 730 loquebatur
1789 655 2021 715 Joannes
2055 676 2066 711 :
2098 658 2257 710 immo
2284 655 2459 723 potius

877 757 1234 812 esurientibus
1285 752 1610 824 particbatur
1661 752 1869 805 virtutis
1918 751 2093 804 cibum
2123 790 2137 813 ,
2185 756 2458 817 peccatum

878 847 1172 902 manifestis
1200 843 1703 912 reprehensionibus
1739 842 2100 896 exterminans
2123 883 2138 904 ,
2170 851 2223 895 et
2248 839 2456 892 obtem-

879 955 1072 1010 perans
1109 936 1274 992 Paulo
1298 936 1495 991 dicenti
1528 954 1540 988 :
1572 936 1868 988 Peccantem
1897 950 2067 987 coram
2108 933 2333 988 omnibus
2376 948 2462 983 ar-

878 1049 993 1102 gue,
1018 1040 1071 1083 ut
1096 1040 1141 1084 et
1167 1030 1333 1084 cwteri
1354 1030 1576 1082 timorem
1597 1026 1809 1080 habeant
1827 1026 1900 1096 (1.
1928 1026 2059 1079 Tim.
2081 1028 2134 1081 5.
2160 1024 2272 1095 20).
2294 1024 2459 1076 Porro

879 1123 923 1174 si
953 1120 1041 1190 qui
1070 1120 1333 1190 superbia:
1361 1127 1453 1171 aut
1474 1117 1704 1171 vesania:
1730 1117 1916 1170 morbo
1942 1116 2265 1177 laborantes,
2292 1111 2460 1165 velint

877 1210 1039 1265 etiam
1060 1211 1355 1279 voluptates
1382 1222 1506 1262 snas
1529 1224 1650 1263 cum
1682 1208 1920 1262 laudibus
1940 1206 2153 1271 efferre,
2171 1206 2306 1258 hanc
2334 1219 2466 1257 cou—

881 1304 1211 1358 suetudinem
1235 1316 1340 1354 non
1363 1299 1560 1355 habent
1578 1300 1669 1353 Dei
1686 1300 1949 1364 scrvi.Qui
1964 1299 2105 1351 enim
2123 1297 2461 1365 indignantur

882 1395 953 1448 ob
981 1396 1329 1461 vituperatam
1350 1393 1621 1444 avaritiam
1647 1398 1701 1443 et
1731 1388 2152 1450 fornicationem,
2186 1395 2275 1438 aut
2301 1385 2457 1437 aliam

880 1482 1126 1551 quamvis
1156 1481 1349 1538 fmdom
1380 1480 1645 1534 libidinem
1673 1518 1687 1541 ,
1720 1478 1851 1531 nihil
1877 1477 2018 1529 aliud
2049 1476 2220 1542 reipsa
2253 1475 2455 1535 dicunt,

878 1587 1037 1642 quam
1056 1570 1353 1641 huiusmodi
1376 1570 1731 1637 perniciosum
1765 1567 1907 1620 virus
1936 1564 2129 1619 debere
2156 1563 2457 1616 admittere.

952 1662 1077 1716 Car.
1113 1677 1223 1714 xix.
1255 1689 1328 1700 —
1359 1659 1509 1713 Duc.
1538 1658 1852 1721 Maximam,
1883 1655 2071 1718 Pater,
2119 1653 2287 1708 habeo
2337 1667 2461 1720 gra-

880 1754 1007 1805 tiam
1054 1751 1178 1805 huic
1215 1750 1283 1805 ad
1334 1765 1433 1804 nos
1491 1748 1872 1803 humanissimo
1910 1744 2159 1799 adventui
2206 1752 2338 1799 tuo:
2369 1744 2462 1797 fuit

879 1845 1021 1896 enim
1046 1842 1198 1896 nobis
1217 1842 1360 1895 utilis
1379 1850 1431 1894 et
1454 1838 1716 1899 salutaris,
1735 1845 1893 1905 atque
1912 1836 2033 1887 vitae
2055 1835 2457 1888 monimentum.

879 1934 1013 1987 Cum
1042 1942 1213 1986 autem
1252 1938 1371 1998 post
1410 1928 1642 1997 prolixus
1681 1928 1864 1981 laudes
1894 1926 2207 1981 Theodorus
2231 1926 2463 1993 quievis-

879 2034 979 2088 set,
1029 2038 1091 2077 ex
1133 2020 1466 2074 adstantibus
1508 2018 1698 2087 aliquis
1738 2019 1913 2087 erupit
1956 2018 2007 2070 in
2054 2017 2188 2070 hanc
2229 2032 2457 2068 vocem:

876 2112 1155 2181 Quomodo
1201 2112 1398 2181 igitur,
1444 2110 1648 2178 inquit,
1692 2110 1851 2161 tantis
1891 2118 2178 2159 exornatus
2223 2104 2452 2168 dotibus,

877 2204 1141 2274 superbus
1181 2203 1331 2257 erat?
1378 2202 1548 2253 Ense.
1604 2200 1683 2251 An
1732 2201 1842 2265 ipse
1885 2210 2121 2263 praesens
2170 2194 2456 2262 superbum

877 2313 996 2352 eum
1026 2293 1436 2362 deprehendisti,
1460 2306 1525 2343 an
1551 2291 1685 2343 alius
1709 2290 1797 2343 tibi
1827 2288 2101 2342 narravit?
2128 2289 2219 2342 Ille
2240 2304 2461 2357 respon-

875 2387 953 2440 dit
983 2404 996 2438 :
1026 2383 1144 2437 Non
1175 2383 1295 2436 novi
1337 2382 1531 2445 vii-um,
1563 2382 1666 2447 ait;
1708 2380 1803 2435 sed
1841 2380 2017 2434 audivi
2048 2395 2077 2433 a
2103 2380 2331 2449 quodam
2373 2394 2464 2433 co-

876 2476 1059 2538 riario,
1095 2474 1185 2543 qui
1227 2472 1477 2526 narrabat
1518 2487 1639 2524 raro
1679 2472 1849 2539 ipsum
1887 2471 1966 2523 sui
2012 2470 2221 2537 copiam
2268 2471 2461 2536 facere,

878 2566 979 2621 nisi
1009 2567 1062 2619 in
1093 2564 1341 2626 ecclesia,
1366 2574 1417 2616 et
1440 2562 1661 2615 moleste
1682 2560 1821 2615 ferre
1848 2561 1936 2613 diu
1967 2561 2195 2628 colloqui
2219 2575 2339 2613 cum
2364 2575 2459 2614 vo-

878 2656 1129 2710 lentibus.
1170 2654 1283 2707 Hoc
1313 2667 1441 2707 vero
1466 2652 1735 2719 specimen
1775 2659 1855 2704 est
1895 2648 2156 2717 superbia:
2185 2657 2238 2701 et
2269 2648 2453 2711 fastus,

875 2747 1057 2816 fugere
1101 2757 1417 2813 congressus
1464 2741 1778 2795 volentium.
1835 2740 2010 2794 Ense.
2063 2739 2131 2793 Et
2177 2740 2455 2807 eujusnam

874 2840 1010 2891 alius
1038 2846 1153 2891 erat
1174 2834 1394 2889 Joannis
1420 2833 1733 2901 sapientiam
1764 2832 2081 2900 vituperare,
2104 2847 2260 2901 quam
2287 2830 2460 2885 coria-

875 2931 959 2990 rii,
988 2931 1078 2999 qui
1121 2928 1362 2983 faetorem
1403 2925 1630 2979 officina:
1670 2939 1781 2977 sua:
1814 2924 1970 2977 veluti
2000 2922 2313 2976 familiarem
2340 2938 2455 2975 am-

876 3019 1153 3087 plectitur?
1178 3018 1232 3072 Si
1259 3026 1437 3070 autem
1467 3014 1648 3084 fugere
1679 3014 1879 3076 turbas,
1909 3014 2173 3081 superbia:
2201 3014 2457 3067 indicium

872 3119 975 3175 est,
1005 3110 1109 3164 erit
1126 3119 1179 3163 et
1204 3108 1437 3162 Joannes
1464 3107 1693 3175 Baptista
1722 3107 1998 3174 superbus,
2027 3105 2317 3159 secundum
2340 3120 2457 3159 ser-

876 3215 1091 3255 monem
1118 3209 1287 3264 tuum;
1312 3199 1399 3268 qui
1428 3198 1479 3251 in
1509 3212 1748 3252 eremum
1774 3196 2056 3250 secedebat
2084 3213 2096 3247 :
2121 3197 2223 3250 erit
2248 3204 2303 3249 et
2323 3196 2453 3250 Ser-

876 3304 1030 3345 vator
1059 3308 1073 3344 :
1100 3291 1355 3357 scriptum
1382 3288 1523 3342 enim
1550 3293 1662 3349 est,
1696 3288 1835 3355 quod
1878 3285 2061 3339 Videtis
2088 3287 2255 3339 turbas
2282 3285 2452 3351 Jesus,

871 3383 1094 3437 ascendit
1139 3383 1192 3434 in
1229 3390 1479 3442 montem;
1519 3388 1564 3431 et
1599 3394 1714 3431 cum
1757 3378 2002 3441 sedisset,
2043 3387 2357 3431 accesserunt
2392 3379 2459 3429 ad

874 3492 986 3529 eum
1015 3474 1247 3541 discipuli
1270 3474 1379 3540 ejus
1410 3470 1618 3541 (Matth.
1652 3471 1705 3525 5.
1730 3468 1807 3540 1),
1838 3486 1942 3522 non
1965 3478 2140 3523 autem
2171 3469 2360 3523 turhrc.
2396 3470 2461 3524 Et

875 3580 1059 3621 rursus
1089 3584 1102 3618 :
1142 3564 1326 3618 Videas
1346 3565 1535 3628 turbas,
1563 3563 1761 3615 secessit
1791 3578 2014 3615 seorsum
2052 3561 2226 3634 (Ibid.
2253 3563 2307 3617 8.
2334 3562 2454 3634 18).

875 3658 1042 3722 Quem
1064 3669 1161 3724 pro
1187 3655 1385 3708 viribus
1403 3652 1615 3706 imitans
1628 3653 1859 3719 optimus
1876 3652 2129 3715 Joannes,
2151 3662 2205 3708 et
2224 3654 2336 3723 ipse
2355 3663 2459 3708 tur-

875 3746 957 3800 bis
973 3760 1032 3798 se
1043 3742 1392 3806 subducebat,
1411 3741 1594 3808 eisque
1613 3742 1841 3796 maxime
1856 3741 2239 3808 delectabatur,
2257 3744 2347 3813 qui
2368 3759 2457 3797 ve-

872 3836 1066 3891 raciter
1110 3833 1308 3902 aliquid
1350 3833 1557 3886 discere
1599 3833 1812 3886 vellent.
1860 3833 2008 3888 DIAC.
2054 3834 2197 3890 Bene
2238 3835 2453 3905 quidem

875 3928 1163 3994 Scriptura:
1189 3925 1447 3992 exemplis
1474 3924 1777 3991 persuades.
1802 3926 1936 3991 Quid
1963 3935 2137 3981 antem
2158 3928 2222 3981 ad
2249 3927 2351 3981 hoc
2374 3928 2455 3981 di-

874 4034 1003 4082 ces,
1044 4017 1183 4087 quod
1230 4017 1644 4072 contumeliosus
1686 4016 1849 4072 fuisse
1887 4018 2112 4083 dicitur,
2144 4034 2246 4074 nec
2282 4020 2454 4073 solum

878 4108 1262 4163 multitudinem
1304 4108 1518 4178 fugisse,
1546 4108 1639 4163 sed
1666 4108 1749 4162 vel
1781 4124 1941 4163 unum
1966 4118 2057 4162 aut
2080 4110 2249 4164 duos?
2277 4110 2453 4164 EPISC.

876 4198 1019 4253 Bene
1044 4197 1256 4266 quidem
1282 4199 1472 4252 :etiam
1496 4212 1633 4251 unus
1659 4198 1858 4252 inutilis
1886 4207 1936 4251 et
1961 4208 2143 4268 agyrta
2166 4198 2317 4252 turba
2342 4209 2453 4261 est;

874 4288 1043 4356 qualis
1078 4296 1192 4339 erat
1235 4286 1279 4339 is
1315 4287 1404 4355 qui
1446 4286 1578 4339 dixit
1613 4284 1864 4339 Christo:
1890 4286 2154 4356 Magister,
2183 4303 2362 4356 sequar
2389 4297 2453 4353 te,

875 4393 1182 4446 quocumque
1204 4378 1321 4430 ieris
1356 4374 1461 4445 (Ib.
1497 4387 1544 4426 υ.
1568 4376 1654 4430 19.
1677 4387 1726 4429 et
1749 4376 1821 4430 20
1840 4374 1881 4445 ).
1909 4376 2095 4430 Nonne
2114 4376 2321 4445 fugiens
2348 4386 2458 4431 tur-

876 4469 970 4522 bas
989 4466 1258 4529 Scrvator,
1284 4466 1416 4521 dixit
1441 4484 1454 4519 :
1484 4464 1666 4536 Vulpes
1695 4469 1864 4537 foveas
1900 4467 2109 4533 habent,
2141 4478 2195 4521 et
2222 4468 2456 4537 reliqua?

877 4559 1109 4612 Probare
1133 4568 1309 4612 autem
1341 4557 1468 4610 mihi
1496 4572 1599 4611 non
1628 4566 1801 4626 putes,
1833 4556 2110 4619 Joannem,
2136 4573 2201 4611 ex
2228 4573 2335 4627 quo
2365 4558 2456 4612 ba-

874 4648 1102 4718 ptizatus
1129 4658 1229 4712 est,
1262 4655 1353 4699 aut
1385 4647 1594 4714 jurasse
1614 4687 1630 4710 ,
1662 4655 1753 4699 aut
1784 4661 2100 4715 quemquam
2143 4647 2416 4716 adjurasse
2438 4689 2453 4712 ,

876 4749 967 4793 aut
996 4737 1351 4799 maledixisse,
1381 4745 1471 4789 aut
1493 4736 1793 4799 mentitum,
1822 4745 1913 4788 aut
1943 4737 2287 4804 imprecatum
2313 4752 2455 4802 esse,

881 4842 967 4885 aut
986 4831 1202 4885 facetias
1222 4828 1569 4884 sustinuisse?
1606 4828 1754 4882 ουλε.
1784 4826 1896 4897 Ego
1922 4827 2133 4896 quidem
2163 4842 2335 4896 neque
2364 4826 2460 4880 ho-

880 4938 995 4977 rum
1024 4921 1307 4989 quidquam
1333 4920 1471 4982 dico,
1511 4918 1603 4972 sed
1637 4917 1985 4971 contumelias
2024 4916 2231 4971 fecisse.
2281 4916 2374 4969 Ep.
2415 4916 2459 4970 0

878 5013 1100 5081 optime,
1128 5009 1415 5079 quomodo,
1441 5008 1529 5077 qui
1556 5007 1682 5060 nihil
1712 5008 1898 5062 horum
1922 5010 2166 5077 patravit,
2191 5016 2460 5063 contume-

877 5102 1000 5157 liam
1033 5100 1274 5165 faciebat,
1300 5100 1489 5167 linguae
1517 5111 1628 5150 sua:
1654 5098 1870 5150 minime
1900 5098 2153 5166 parcens?
2195 5098 2290 5152 Est
2316 5099 2459 5153 enim

879 5194 932 5245 in
955 5207 1014 5245 re
1035 5206 1212 5260 parva,
1243 5199 1300 5243 ut
1322 5190 1378 5243 in
1405 5203 1593 5258 magna
1619 5228 1634 5253 ,
1676 5202 1770 5256 par
1807 5198 2100 5257 peccatum.
2134 5191 2282 5245 DIAC.
2322 5189 2460 5257 Quid

880 5298 1008 5352 ergo
1029 5291 1131 5344 est,
1161 5296 1360 5349 quaso,
1382 5280 1522 5348 quod
1553 5279 1841 5347 loquuntur
1866 5279 2140 5334 homines?
2166 5291 2221 5335 et
2245 5279 2460 5349 quando

885 5373 1027 5443 loqui
1057 5370 1334 5426 desinent?
1361 5370 1455 5423 Er.
1488 5370 1566 5425 De
1591 5368 1814 5439 singulis
1851 5369 2010 5438 igitur
2032 5370 2174 5433 audi,
2208 5380 2263 5425 et
2291 5383 2459 5438 nugas

880 5462 1182 5531 huiusmodi
1212 5461 1321 5514 noli
1342 5460 1566 5527 amplius
1590 5460 1739 5530 sequi
1773 5476 1790 5513 :
1817 5460 2015 5513 nullam
2039 5461 2179 5515 enim
2211 5474 2460 5529 umquam

882 5556 1089 5608 veniam
1129 5554 1455 5625 impetrabis.
1490 5553 1759 5617 llomines,
1798 5553 1887 5622 qui
1924 5562 2066 5607 recte
2109 5568 2212 5607 non
2253 5554 2457 5617 vivunt,

884 5656 1027 5699 recta
1049 5646 1249 5715 opinari
1277 5661 1381 5700 non
1407 5654 1661 5715 possunt;
1692 5659 1902 5715 semper
1923 5654 2121 5699 temere
2136 5645 2458 5711 eﬂ‘utientes,

884 5746 939 5791 et
981 5737 1032 5792 in
1075 5735 1127 5791 id
1174 5736 1497 5791 insumentes
1539 5746 1767 5805 tempus,
1796 5746 1851 5791 et
1891 5736 2122 5791 maxime
2152 5754 2310 5803 nunc,
2339 5752 2459 5793 cum

885 5828 1061 5883 nullus
1083 5836 1267 5883 contra
1293 5828 1575 5897 quidquam
1599 5827 1803 5881 hiscere
1823 5827 1997 5883 audet.
2028 5826 2157 5881 Nam
2184 5839 2234 5882 et
2257 5828 2326 5883 de
2344 5827 2461 5883 Ser-

886 5932 1085 5987 vatore,
1119 5921 1205 5990 qui
1241 5919 1380 5974 Deus
1404 5929 1537 5986 erat,
1567 5928 1619 5975 et
1644 5934 1804 5988 supra
1829 5920 2096 5975 hominem
2136 5930 2192 5975 et
2229 5921 2461 5990 prophe-

2567 661 2671 706 tam
2712 657 2952 722 quemvis
2989 658 3199 714 vivebat
3238 668 3396 731 atque
3437 659 3749 728 loquebatur
3791 679 3853 718 ac
3894 666 4141 733 faciebat,

2564 743 2790 797 absurda
2830 745 3183 813 loquebantur
3206 790 3223 814 ,
3262 766 3542 820 porcorum
3572 750 3736 803 instar
3761 762 3813 803 et
3840 768 4143 812 muscarum

2566 831 2679 887 haec
2722 836 2788 889 de
2828 850 2893 888 eo
2930 850 3305 892 coaeervanles
3337 841 3501 895 :illud
3549 841 3687 895 enim
3714 855 3775 895 ea
3804 850 4038 909 tempora
4073 861 4151 902 re-

2564 928 2863 994 quirebant.
2886 928 2987 982 Alii
3016 930 3156 982 enim
3184 930 3456 998 dicebant,
3481 933 3677 1003 Decipit
3697 933 3937 987 mundum
3964 934 4144 1004 (Joan.

2568 1017 2618 1068 7.
2664 1019 2756 1087 12)
2782 1035 2795 1072 :
2824 1020 2913 1074 alii
2950 1036 3091 1085 vero,
3120 1019 3185 1072 In
3221 1018 3494 1075 Beelzebub
3530 1026 3757 1092 principe
3785 1023 4148 1078 dtemoniorum

2564 1110 2699 1177 ejicit
2724 1111 2972 1165 dannonia
2993 1112 3141 1183 (Luc.
3176 1114 3262 1166 11.
3287 1114 3371 1167 15ν
3407 1131 3420 1164 :
3453 1115 3565 1179 alii,
3590 1116 3723 1171 Ecce
3749 1120 3895 1171 homo
3923 1134 4079 1170 vorax
4101 1127 4148 1169 et

2564 1200 2665 1251 uini
2696 1211 2895 1268 potator
2918 1203 3134 1271 (Matth.
3176 1205 3262 1257 ll.
3295 1201 3429 1274 l9):
3458 1206 3579 1268 alii,
3613 1210 3966 1263 Samaritanus
3991 1217 4061 1261 cst
4099 1217 4145 1261 el

2564 1288 2868 1342 dwmonium
2912 1293 3055 1345 habet
3094 1292 3282 1364 (Jaan.
3306 1294 3358 1346 8.
3389 1295 3517 1363 48).
3561 1296 3627 1349 Ει
3666 1301 3789 1367 quid
3834 1317 3917 1356 me
3960 1300 4148 1355 attinet

2566 1377 2775 1431 illorum
2803 1379 3029 1450 ineptias
3057 1385 3304 1454 colligere
3330 1399 3393 1438 ac
3428 1392 3743 1443 recensere?
3773 1392 3922 1446 Adeo
3954 1401 4008 1446 ut
4034 1394 4147 1460 ipse

2565 1469 2835 1535 Servator,
2866 1474 2966 1527 ista
2986 1478 3181 1539 scietis,
3210 1476 3349 1531 dicat
3375 1478 3629 1545 apostolis
3654 1497 3665 1531 :
3694 1482 3851 1545 Quem
3878 1502 3954 1537 me
3977 1488 4149 1537 dicunt

2566 1558 2789 1613 homines
2818 1578 2924 1614 esse
2945 1563 3138 1617 Filium
3160 1567 3371 1620 hominis
3398 1569 3414 1635 (
3441 1566 3626 1623 Matth.
3659 1570 3742 1623 16-
3785 1574 3870 1625 15.
3908 1584 3954 1627 et
4008 1577 4150 1645 14)?

2564 1651 2659 1704 Cui
2705 1656 3027 1721 respondent
3065 1657 3330 1727 discipuli,
3375 1662 3619 1716 meliores
3661 1663 3727 1717 de
3763 1680 3828 1718 eo
3870 1669 4151 1735 opiniones

2567 1743 2898 1800 referentes:
2931 1747 3034 1801 Alii
3073 1753 3275 1819 quidem
3320 1753 3515 1817 Ellam,
3558 1756 3646 1807 alii
3684 1772 3798 1810 vero
3832 1756 4148 1828 Jeremiam,

2568 1838 2657 1888 alii
2713 1836 2964 1892 Joannem
3015 1839 3299 1911 Baptista»:
3353 1844 3525 1898 dicunt
3571 1863 3589 1899 :
3637 1846 4150 1914 improbissimorum

2568 1930 2765 1984 scilicet
2807 1947 3083 1987 sermones
3126 1936 3540 2006 supprimentes.
3579 1939 3723 2006 Quos
3765 1955 3946 1994 rursus
3980 1943 4149 1997 inter-

2567 2028 2755 2086 rogat,
2794 2037 2888 2075 eos
2928 2024 2996 2076 ab
3040 2024 3341 2080 hominibus
3380 2043 3667 2097 segregans
3704 2029 3843 2101 (non
3872 2033 4012 2085 enim
4038 2050 4154 2086 am-

2564 2110 2703 2175 plius
2724 2120 2877 2163 erant
2899 2121 3079 2167 mente
3100 2123 3154 2167 et
3169 2117 3489 2183 cogitatione
3512 2118 3772 2185 homines,
3791 2120 3883 2174 sed
3906 2120 3995 2173 filii
4020 2122 4111 2176 Dei
4135 2142 4148 2177 :

2566 2198 2716 2252 Dedit
2759 2202 2902 2255 enim
2946 2204 3099 2257 nobis
3130 2204 3361 2259 Verbum
3397 2218 3689 2275 potestatem
3723 2211 3856 2277 ﬁlias
3902 2211 3997 2264 Dei
4039 2214 4151 2279 ﬁeri

2567 2288 2760 2361 [Joan.
2785 2296 2837 2346 1.
2870 2293 2995 2365 12])
3024 2312 3036 2348 :
3069 2294 3170 2349 Vos
3193 2308 3361 2351 autem
3393 2315 3540 2367 quem
3567 2317 3646 2353 me
3678 2318 3784 2355 esse
3802 2303 4003 2357 dicitis?
4041 2305 4148 2359 Re-

2566 2385 2831 2452 spondent
2846 2402 2953 2440 non
2967 2404 3172 2451 omnes,
3190 2391 3282 2443 sed
3295 2390 3442 2445 solus
3460 2391 3670 2455 Petrus,
3692 2402 3893 2449 mentes
3910 2396 4147 2449 omnium

2569 2476 2922 2546 interpretans
2947 2499 2959 2534 :
2991 2480 3065 2533 Tu
3080 2498 3131 2534 es
3151 2481 3399 2545 Christus,
3423 2483 3588 2537 Filius
3614 2484 3707 2538 Dei
3742 2488 3857 2539 vivi.
3880 2487 4042 2556 Cujus
4060 2503 4150 2542 re-

2566 2571 2746 2636 sponsi
2787 2572 3156 2626 rectitudinem
3188 2574 3416 2642 probans
3443 2575 3716 2640 Servator,
3751 2579 4107 2645 pretiuntiavit
4131 2618 4149 2643 ,

2564 2657 2785 2713 dicens:
2822 2659 2897 2713 Tu
2925 2679 2976 2715 es
3018 2661 3232 2725 Petrus,
3261 2675 3306 2716 et
3331 2682 3481 2733 super
3510 2667 3640 2719 hanc
3664 2676 3888 2735 petram,
3919 2667 4018 2723 hoc
4045 2678 4149 2731 est,

2563 2750 2952 2804 confessimicm
2974 2750 3125 2814 hanc,
3146 2754 3409 2821 wdi/icabo
3433 2754 3710 2808 Ecclesium
3728 2773 3907 2818 meum,
3929 2767 3975 2809 et
3991 2769 4154 2823 porta!

2561 2837 2751 2907 inferni
2798 2856 2900 2893 non
2933 2843 3273 2909 praevalebunt
3301 2845 3536 2897 advcrsus
3563 2862 3671 2898 eam
3703 2845 3911 2909 (.llatth.
3940 2848 4024 2900 lli.
4059 2849 4149 2902 15.

2567 2929 2655 2984 16.
2690 2941 2736 2983 et
2775 2932 2896 3000 18).
2942 2933 3021 2984 Ad
3067 2932 3204 2986 haue
3258 2934 3417 3001 igitur
3457 2938 3691 3004 regulam
3738 2938 4026 2990 etiamnum
4071 2940 4152 2988 in.

2566 3023 2768 3085 venies,
2800 3037 2903 3074 non
2930 3024 2979 3075 in
3008 3022 3211 3077 Joanne
3235 3025 3426 3089 solum,
3460 3026 3552 3079 sed
3580 3026 3629 3080 in
3660 3027 3903 3079 omnibus
3928 3038 3980 3079 et
4007 3027 4151 3079 vituo

2569 3113 2713 3179 peria
2741 3122 2795 3165 et
2826 3112 3030 3166 laudes.
3072 3112 3139 3167 Et
3161 3114 3299 3167 sicut
3326 3129 3419 3181 per
3445 3115 3493 3166 id
3525 3116 3777 3179 temporis
3803 3116 3937 3168 male
3962 3116 4149 3184 loque-

2564 3202 2755 3255 bantur
2781 3202 2849 3256 de
2868 3203 3084 3256 Christo
3105 3214 3263 3272 atque
3291 3206 3545 3272 aposmiis
3578 3205 3792 3273 Ephesii
3819 3206 4106 3260 clamantes
4129 3224 4147 3260 :

2568 3290 2642 3345 Hi
2662 3301 2798 3355 sunt,
2829 3292 2915 3360 qui
2943 3292 3288 3345 subverterunt
3322 3294 3489 3347 orbem
3518 3302 3765 3347 terrarum
3788 3294 3920 3362 (Act.
3954 3296 4040 3349 17.
4065 3297 4145 3364 6),

2565 3398 2704 3435 nunc
2728 3392 2904 3437 autem
2950 3392 3233 3438 cessarunt
3262 3385 3398 3437 male
3440 3385 3612 3452 loqui,
3653 3385 3957 3453 glorificatis
3982 3387 4145 3455 ipsis:

2567 3474 2645 3525 sic
2684 3474 2921 3540 reperies
2965 3483 3084 3541 post
3126 3473 3263 3527 hanc
3307 3476 3740 3543 generationem,
3789 3475 4048 3531 Joannem
4093 3487 4149 3533 ut

2568 3574 2856 3634 martyrem
2888 3564 3203 3617 honoratum
3249 3564 3348 3629 iri,
3390 3566 3610 3619 mortuis
3637 3566 3735 3629 iis,
3777 3568 3867 3635 qui
3892 3568 4008 3636 ejus
4036 3570 4141 3623 lau-

2566 3652 2719 3707 dibus
2760 3653 3021 3708 adversati
3050 3664 3209 3707 snnt:
3240 3664 3293 3708 et
3321 3656 3636 3725 quicumque
3661 3657 3802 3710 suilli
3843 3668 3936 3710 aut
3972 3659 4146 3712 canini

2561 3754 2705 3807 sunt,
2734 3746 2941 3811 dicent,
2970 3744 3168 3814 Decipit
3200 3745 3466 3810 mundum,
3496 3754 3549 3798 et
3570 3755 3758 3801 cmtera
3785 3765 3799 3800 :
3829 3749 4148 3818 quicumque

2559 3844 2736 3887 autem
2762 3835 3045 3902 discipuli,
3082 3850 3208 3889 vere
3244 3844 3298 3888 et
3323 3836 3554 3889 scienter
3592 3837 3760 3903 ipsum
3794 3840 4143 3907 perquirunt,

2560 3924 2821 3989 dicentes,
2849 3924 2928 3977 Tu
2948 3941 3000 3977 es
3019 3923 3268 3988 Christus,
3292 3924 3460 3978 Filius
3487 3924 3581 3978 Dei
3612 3925 3726 3979 vivi.
3759 3925 3815 3979 Si
3843 3938 4018 3981 autem
4046 3928 4148 3981 sub

2561 4014 2846 4068 Servatore
2876 4014 3089 4068 Christo
3124 4014 3262 4068 inter
3304 4023 3380 4067 tot
3413 4014 3579 4067 millia
3614 4013 3906 4079 hominum,
3944 4017 4147 4070 duode-

2562 4105 2665 4158 cim
2698 4105 2847 4157 initio
2874 4104 3072 4157 inventi
3112 4113 3269 4168 sunt,
3306 4107 3393 4173 qui
3422 4102 3692 4157 Christum
3727 4104 3956 4158 scienter
3983 4120 4146 4173 agno-

2563 4194 2736 4247 verint
2754 4235 2768 4258 ,
2796 4209 2915 4248 cum
2945 4194 3178 4262 plerique
3202 4208 3388 4248 omnes
3413 4195 3702 4248 etiamnum
3729 4194 3988 4249 delirent:
4019 4195 4145 4263 quid

2561 4286 2629 4340 de
2650 4285 2855 4339 Joanne
2893 4286 3049 4340 anxie
3087 4285 3460 4354 disquirimus,
3492 4285 3736 4347 homine,
3766 4286 3857 4353 qui
3897 4284 3961 4338 ad
3986 4284 4144 4338 Chri-

2560 4378 2628 4431 sti
2658 4378 2875 4431 salivam
2915 4393 3022 4432 non
3059 4378 3303 4431 accessit.
3341 4377 3477 4443 Quid
3519 4387 3697 4431 autem
3734 4377 3883 4441 dico,
3916 4377 3981 4431 ad
4017 4379 4147 4431 sali-

2562 4469 2718 4520 vam?
2747 4482 2816 4522 ne
2843 4466 2909 4520 ad
2940 4467 3199 4519 fimbriam
3226 4466 3462 4535 quidem,
3506 4467 3705 4521 Omnes
3754 4468 3893 4521 enim
3935 4478 4142 4537 gentes,

2564 4569 2617 4610 ut
2644 4558 2715 4609 ait
2746 4558 2926 4620 Isaias,
2949 4555 3231 4624 Tamquam
3270 4556 3405 4608 stilla
3442 4557 3624 4621 sitular,
3653 4568 3702 4611 et
3728 4569 3783 4610 ut
3811 4558 3970 4610 saliva
3994 4575 4146 4626 repu-

2565 4649 2800 4701 tabuntur
2828 4646 2981 4715 (lsai.
3016 4647 3106 4701 40.
3134 4645 3246 4717 15).
3276 4646 3391 4713 Quo
3424 4656 3598 4701 autem
3630 4647 3790 4702 modo
3814 4648 3989 4702 dixisti
4015 4662 4145 4702 con-

2567 4738 2836 4790 tumeliam
2861 4752 2985 4790 eum
3030 4735 3238 4801 fecisse,
3270 4736 3527 4804 ejusmodi
3554 4744 3637 4789 est
3674 4754 3686 4788 :
3719 4736 3891 4804 primo
3928 4737 4142 4804 quidem

2566 4843 2854 4898 numquam
2873 4836 3227 4881 consueverat
3242 4827 3412 4881 cuivis
3436 4826 3591 4881 obvio
3615 4826 3815 4880 facetus
3836 4836 3890 4879 et
3911 4826 4147 4879 urbanus

2564 4935 2703 4983 eSse,
2728 4919 2895 4972 multo
2921 4918 3094 4971 minus
3114 4918 3488 4971 contumeliam
3512 4916 3685 4968 facere
3717 4932 3729 4966 :
3754 4917 3797 4967 si
3825 4928 3952 4967 vero
3978 4930 4145 4982 quos-

2564 5013 2684 5066 dam
2710 5027 2740 5065 e
2759 5011 3027 5081 germanis
3060 5009 3333 5076 discipulis
3359 5008 3492 5070 suis,
3515 5014 3604 5057 aut
3643 5004 3878 5066 clericis,
3908 5018 3999 5057 aut
4033 5008 4147 5073 epi-

2565 5103 2759 5169 scopis,
2778 5100 3021 5163 vidisset,
3040 5107 3258 5166 propter
3288 5094 3508 5161 alicujus
3536 5094 3610 5148 rei
3628 5094 4021 5157 abstinentiam,
4054 5105 4148 5148 aut

2569 5206 2782 5262 propter
2799 5201 3003 5244 rectum
3020 5202 3292 5255 corporea:
3320 5186 3539 5252 alicujus
3565 5186 3773 5239 virtutis
3803 5201 3935 5255 opus
3953 5200 4146 5251 super-

2569 5284 2709 5345 bire;
2743 5281 2886 5349 ipsos
2922 5277 3228 5345 objurgans,
3257 5275 3535 5328 contrariis
3578 5274 3881 5327 nominibus
3912 5272 4148 5339 appella-

2568 5372 2656 5425 bat
2682 5388 2696 5424 :
2725 5368 2885 5425 veluti
2930 5381 3080 5436 aqua:
3120 5374 3359 5435 potorem
3400 5366 3689 5428 ebriosum,
3717 5373 3770 5419 et
3799 5364 3927 5417 nihil
3977 5363 4147 5430 possi-

2566 5462 2778 5520 dentem
2810 5457 3041 5514 habendi
3068 5456 3184 5525 plits
3200 5456 3471 5525 cupidum,
3484 5467 3538 5511 et
3558 5453 3955 5510 misericordem
3973 5453 4144 5511 furem

2570 5556 2870 5609 nominans.
2902 5553 3027 5606 llaec
3043 5552 3183 5608 enim
3208 5553 3435 5621 gratiosa
3462 5561 3546 5606 est
3585 5550 3929 5604 institutionis
3975 5552 4143 5607 forma

2569 5665 2690 5719 erga
2714 5661 2870 5703 veros
2888 5646 3196 5713 discipulos,
3226 5661 3320 5714 per
3340 5660 3401 5700 ea
3431 5658 3549 5713 qua:
3571 5658 3675 5696 non
3708 5643 3903 5707 insunt,
3931 5660 3993 5699 ea
4024 5661 4144 5715 qua:

2572 5740 2750 5794 insunt
2767 5736 3079 5807 approbare.
3101 5734 3365 5791 Caeterum
3413 5733 3515 5787 hoc
3554 5742 3754 5788 certum
3801 5746 3901 5801 est,
3943 5745 4146 5804 tempe-

2572 5844 2777 5885 rantem
2804 5828 3193 5882 adolescentem
3224 5825 3389 5894 pluris
3416 5824 3730 5892 aestimabat,
3762 5842 3917 5895 quam
3947 5828 4141 5880 intem-

2570 5933 2842 5994 perantem
2865 5935 3066 5987 senem,
3090 5929 3143 5975 et
3163 5933 3344 5973 senem
3391 5916 3624 5974 discendi
3664 5918 3934 5990 cupidum,
3980 5930 4138 5987 quam
