4526 6694
423 547 493 601 ογ
1451 542 1539 594 DE
1579 541 1739 595 Vl'l'A
1776 542 1833 595 δ.
1873 538 2160 596 JOANNIS
2197 541 2709 607 CHRYSOSTOMI.
3064 586 3067 587 ν
3641 562 3709 616 68

423 658 584 714 τοῦτο
609 656 667 710 ἐν
696 655 774 728 τῷ
802 656 951 729 αὑτῷ
978 655 1271 726 γινομένην
1297 654 1476 723 οἰκείᾳ
1506 652 1852 725 προαιρέσει.
1877 654 2016 708 T06-

420 760 503 814 τῳ
541 741 722 797 τοίνυν
751 742 828 814 τῷ
855 742 1046 812 τρόπῳ
1075 740 1133 789 ἐν
1167 738 1231 806 τῇ
1252 735 1551 805 Ἐκκλησία
1578 736 2017 808 ἐπαρρησιάζετο

421 828 451 879 6
488 828 761 900 Ἰωάννης·
803 825 1005 897 μᾶλλον
1047 821 1103 874 δὲ
1151 818 1473 886 ἐκρεοκόπει
1507 820 1608 889 τὴν
1654 822 1857 894 ἀρετὴν
1902 822 2017 881 τοῖς

423 912 703 976 πεινῶσιν,
746 904 1153 977 ἐξοστρακίζων
1183 912 1205 933 ⁸
1238 902 1338 974 τὴν
1371 904 1648 976 ἁμαρτίαν
1694 908 1808 967 τοῖς
1854 918 2018 972 φανε-

425 1001 541 1068 ροῖς
581 997 857 1065 ἐλέγχοις,
893 988 1217 1058 πειθόμενος
1254 987 1332 1059 τῷ
1368 988 1632 1059 εἰρηκότι·
1682 987 1794 1042 Τὸν
1829 987 2017 1054 ἀμαρ-

421 1082 681 1137 τάνοντα
707 1075 966 1131 ἐνώπιον
1001 1072 1244 1126 πάντων
1275 1072 1509 1142 ἔλεγχε,
1544 1074 1645 1127 ἵνα
1676 1072 1777 1124 καί
1806 1071 1861 1123 οἱ
1884 1071 2012 1122 λοι-

422 1168 525 1221 ποὶ
560 1165 749 1235 φόϐον
783 1158 990 1226 ἔχωσι.
1038 1156 1102 1208 Et
1132 1155 1189 1209 δέ
1223 1174 1366 1221 τινες
1396 1157 1488 1210 ἐπὶ
1534 1156 1789 1211 πλεῖστον
1837 1152 2011 1223 ὑπερ-

420 1249 660 1320 ηφανίαν
676 1244 710 1314 ἢ
728 1240 1044 1312 ἀφροσύνην
1078 1239 1379 1305 νοσοῦντες,
1411 1240 1690 1313 βούλονται
1716 1235 1897 1290 αὑτῶν
1919 1238 2014 1291 καὶ

421 1333 521 1394 τὰς
550 1325 743 1398 ἡδονάς
774 1322 1242 1393 ἐγκωμιάζεσθαι,
1272 1325 1476 1396 ταύτην
1505 1324 1605 1394 τὴν
1636 1319 1927 1390 συνήθειαν
1962 1321 2013 1373 οί

419 1413 516 1467 τοῦ
545 1409 677 1463 Θεοῦ
700 1406 875 1460 δοῦλοι
912 1408 1013 1460 οὐκ
1058 1406 1291 1478 ἔχουσιν.
1324 1410 1386 1462 Oi
1419 1407 1531 1477 γὰρ
1572 1401 2013 1471 ἀγανακτοῦντες

419 1496 516 1548 ἐπὶ
557 1484 636 1564 τῷ
681 1492 834 1563 ψόγῳ
884 1492 982 1563 τῆς
1032 1492 1346 1558 πλεονεξίας
1374 1491 1471 1545 καὶ
1504 1489 1606 1556 τῆς
1631 1486 1885 1559 πορνείας
1914 1488 2012 1541 καὶ

419 1580 586 1648 ἄλλης
630 1579 777 1641 τινὸς
819 1579 1022 1649 μιαρᾶς
1054 1579 1270 1648 ἡδονῆς,
1320 1576 1475 1628 οὐδὲν
1520 1572 1649 1627 ἄλλο
1676 1570 1896 1639 λέγουσι
1921 1571 2013 1624 δυ-

417 1664 603 1732 νάμει,
642 1662 675 1731 ἢ
702 1663 762 1715 τὸ
782 1662 893 1716 δεῖν
930 1663 1293 1733 ἀποδέχεσθαι
1320 1658 1494 1713 ταῦτα
1524 1655 1829 1726 δηλητήρια
1856 1652 2008 1707 ὄντα.

491 1748 648 1800 ΚΕΦ.
681 1747 867 1801 ΙΘ¹.-
893 1748 952 1801 '0
987 1748 1169 1800 AIAK.
1209 1745 1385 1817 Χάρις
1421 1740 1675 1811 πλείστη,
1700 1738 1909 1810 Πάτερ,
1942 1739 2008 1809 τῇ

419 1831 651 1902 ἐνδημίᾳ
694 1830 793 1900 τῆς
841 1831 942 1902 σῆς
974 1828 1351 1900 φιλαδελφίας·
1395 1825 1691 1895 γεγένηται
1733 1821 1843 1892 γάρ
1878 1822 2011 1892 ἡμῖν

416 1914 740 1987 όνησιφόρος
767 1915 861 1969 καὶ
899 1915 1245 1986 μνημόσυνον
1276 1913 1377 1983 τῆς
1406 1911 1573 1981 ζωῆς.
1604 1904 2011 1976 ἨΟ-’σχάσαντος

414 1997 475 2052 δὲ
517 1999 655 2069 μετά
690 1999 817 2062 τοὺς
856 1998 1086 2061 πολλοὺς
1130 1997 1390 2059 ἐπαίνους
1430 1993 1526 2047 τοῦ
1557 1988 1860 2062 Θεοδώρου,
1895 1988 2006 2041 τῶν

417 2084 703 2155 παρόντων
730 2101 813 2147 τις
841 2082 1039 2155 ἔρρηξε
1072 2084 1243 2154 ῥῆμα,
1292 2081 1487 2148 λέγων·
1525 2076 1651 2139 Πῶς
1682 2070 1774 2128 οῦν
1820 2071 2011 2127 τοσού-

413 2153 532 2232 τοις
570 2153 950 2239 προτερήμασι
995 2153 1432 2235 κεκοσμημένος,
1489 2161 1841 2231 ὑπερήφανος
1896 2153 2005 2229 ῆν;

427 2252 487 2305 '0
515 2252 761 2305 ’EHIEK.
788 2249 962 2312 Αὑτὸς
985 2249 1177 2320 παρὼν
1214 2247 1386 2314 ἔγνως
1418 2245 1581 2298 αὑτὸν
1630 2243 2006 2313 ὑπερήφανον,

414 2337 449 2405 ἦ
487 2336 646 2397 ἄλλος
695 2351 779 2387 σοι
808 2334 1166 2403 ἀφηγήσατο;
1214 2331 1274 2382 Ὀ
1317 2330 1376 2383 δὲ
1422 2327 1719 2399 ἀπεκρίθη·
1750 2327 1866 2379 Οὐκ
1891 2320 2011 2378 οἶδα

414 2418 510 2471 τὸν
550 2416 740 2486 ἄνδρα,
788 2415 975 2485 φησίν·
1018 2414 1134 2467 ἀλλ’
1165 2414 1378 2484 ῆκουσα
1401 2410 1556 2480 παρά
1583 2425 1730 2471 τινος
1755 2405 2013 2478 βυρσοδέο

414 2502 542 2569 ψου.
570 2499 929 2569 διηγουμένου
960 2498 1044 2551 ὃτι
1076 2497 1322 2559 σπανίως
1351 2490 1420 2566 ῆν
1450 2491 1600 2563 αὑτῷ
1633 2488 2006 2554 συναγελάσαι

412 2583 540 2654 δίχα
562 2585 660 2654 τῆς
706 2582 1058 2652 Ἐκκλησίας,
1100 2595 1438 2650 στενοχωρου
1447 2577 1598 2647 μένῳ
1622 2575 1685 2627 τὸ
1702 2571 2013 2640 συνδιάγειν

416 2668 512 2721 ἐπὶ
541 2666 676 2720 πολὺ
697 2670 810 2729 τοῖς
861 2664 1232 2736 βουλομένοις.
1274 2661 1447 2715 Τοῦτο
1491 2659 1550 2713 δὲ
1590 2657 1791 2727 δεῖγμα
1842 2656 2014 2725 ὑπερ-

414 2752 577 2823 οψίας
623 2752 718 2805 καὶ
762 2750 956 2820 τύφου,
989 2748 1051 2802 τὸ
1101 2747 1326 2817 φεύγειν
1368 2746 1467 2808 τὰς
1517 2742 1626 2797 τῶν
1673 2738 2012 2823 βουλομένων

418 2822 726 2899 συνουσίας.
756 2835 816 2888 '0
845 2832 1100 2887 ’EIIIEK.
1131 2832 1243 2885 Καὶ
1267 2828 1413 2891 τίνος
1440 2824 1509 2898 ἦν
1540 2825 1701 2881 ἄλλου
1729 2822 2010 2893 ψέξαιτὴν

429 2918 677 2972 Ἰωάννου
716 2916 1054 2986 φιλοσοφίαν,
1082 2914 1115 2985 ἢ
1143 2910 1472 2985 βυρσοδέψου
1502 2908 1599 2963 τοῦ
1632 2908 1728 2961 καὶ
1767 2905 1867 2977 τὴν
1887 2904 2014 2958 δυσ-

413 3001 583 3055 ωδίαν
638 3000 734 3054 τοῦ
773 3000 905 3053 ἰδίου
931 2996 1298 3069 ἐργαστηρίου
1333 2994 1634 3064 σύντροφον
1664 2986 1832 3044 οὖσαν
1868 2989 2011 3042 ἀπο-

413 3084 708 3155 δεχομένου
729 3101 745 3150 ;
770 3082 836 3135 Εί
872 3082 929 3136 δέ
956 3083 1156 3151 δεῖγμα
1180 3078 1483 3148 ὑπεροψίας
1516 3076 1579 3128 τὸ
1612 3074 1836 3145 φεύγειν
1880 3073 2011 3136 τοὺς

416 3169 629 3238 ὄχλους,
663 3166 817 3220 ἐσται
852 3164 948 3219 καὶ
1000 3165 1029 3217 6
1054 3161 1370 3231 Βαπτιστὴς
1399 3159 1657 3229 Ἰωάννης
1690 3155 2013 3227 ὑπερόπτης

417 3252 560 3306 κατὰ
588 3250 681 3303 τὸν
714 3249 875 3317 λόγον
904 3246 997 3300 τὸν
1020 3244 1133 3312 σὺν,
1160 3242 1464 3314 ὑποχωρῶν
1492 3242 1571 3305 εἰς
1602 3240 1702 3304 τὰς
1745 3239 2009 3309 ἐρήμους

417 3335 611 3388 ἔπειτα
642 3334 700 3387 δὲ
722 3333 819 3387 καὶ
845 3332 874 3384 6
894 3330 1109 3401 Σωτήρ·
1131 3326 1553 3397 ἀναγέγραπται
1583 3322 1712 3394 γὰρ,
1736 3322 1821 3375 ὅτι
1842 3320 2015 3376 Ἰδὼν

416 3418 563 3484 τοὺς
588 3415 815 3486 ὄχλους
840 3417 873 3468 ὀ
924 3411 1183 3481 Ἰησοῦς,
1217 3408 1402 3476 ἀνέϐη
1434 3409 1523 3473 είς
1555 3405 1621 3459 τὸ
1659 3405 1828 3472 ὄρος·
1869 3406 2013 3457 καθ-

419 3502 677 3565 ίσαντος
708 3498 778 3552 δὲ
807 3495 997 3551 αὑτοῦ
1016 3536 1032 3561 ,
1084 3491 1442 3563 προσῆλθον
1478 3488 1639 3555 αὐτῷ
1667 3490 1720 3542 οι
1751 3487 2014 3556 μαθηταὶ

418 3585 630 3649 αὑτοῦ,
666 3582 763 3636 καὶ
816 3582 918 3652 οὑχ
975 3581 1024 3633 οί
1077 3579 1246 3650 ὄχλοι.
1280 3577 1393 3631 Καὶ
1441 3575 1627 3629 πάλιν·
1661 3572 1834 3629 Ἰδὼν
1873 3571 2017 3638 τοὺς

418 3669 679 3736 ὄχλους,
732 3664 1083 3734 ἀνεχώρησε
1136 3661 1264 3716 κατ’
1310 3661 1488 3715 ἰδίαν.
1523 3660 1619 3713 Ὃν
1678 3656 2017 3729 μιμούμενος

418 3754 566 3806 κατά
594 3751 825 3822 δύναμιν
853 3751 882 3802 6
907 3748 1072 3811 καλὸς
1096 3746 1372 3815 Ἰωάννης,
1416 3743 1509 3797 καὶ
1537 3740 1701 3804 αὑτὸς
1738 3737 2017 3822 ὑπεχώρει

417 3837 548 3899 τοὺς
580 3821 793 3904 ὄχλους,
824 3830 1186 3901 συνηδόμενος
1206 3830 1320 3890 τοῖς
1352 3825 1497 3879 κατὰ
1525 3823 1784 3894 ἀλήθειαν
1823 3821 2016 3892 μαθεῖν

417 3938 473 3973 τι
508 3917 875 3989 βουλομένοις.
906 3914 965 3966 '0
991 3913 1177 3965 AIAK.
1208 3908 1408 3971 Καλῶς
1440 3906 1683 3989 μὲνγὰρ
1728 3904 1839 3958 ἀπὸ
1874 3922 2016 3989 γρα-

419 3988 598 4074 φικῶς
627 3997 1090 4071 παραδειγμάτων
1114 3993 1345 4054 πείθεις·
1374 3991 1427 4044 τί
1449 3990 1512 4074 δὲ,
1536 3988 1684 4074 ἐχεις
1714 3990 1912 4074 εἰπεῖν,
1933 3988 2016 4041 ὃτι

420 4069 684 4158 ὑϐριστὴς
711 4069 802 4155 ῆν,
826 4081 923 4135 καὶ
952 4080 1014 4133 οὑ
1051 4077 1213 4150 μόνον
1254 4075 1383 4138 τοὺς
1432 4072 1664 4158 πολλοὺς
1710 4069 2008 4142 ὑπεχώρει,

416 4155 558 4224 ἀλλὰ
595 4155 689 4222 καὶ
716 4167 814 4219 ἐνα
836 4162 1078 4228 mea);
1117 4162 1176 4215 Ὀ
1199 4159 1455 4215 ἘΠΙΣΚ.
1484 4155 1740 4211 Μάλιστα
1780 4155 1880 4226 μὲν
1924 4155 2019 4208 και

394 4248 505 4319 ,εἷς
555 4249 839 4322 ἀνωφελὴς
874 4248 970 4302 καὶ
1012 4244 1259 4316 ἀγύρτης
1302 4242 1460 4312 ὄχλος
1503 4241 1673 4306 ἐστὶν,
1714 4234 1827 4322 οἶος
1874 4232 1945 4309 ἦν
1991 4239 2020 4290 6

415 4336 593 4391 είπὼν
647 4321 727 4407 τῷ
779 4332 979 4404 Ἰησοῦ·
1040 4327 1414 4393 Διδάσκαλε,
1460 4321 1860 4407 ἀκολουθήσω
1916 4338 2016 4407 σοι

418 4422 576 4476 ὅπου
606 4400 716 4475 ἐὰν
735 4400 990 4487 ἀπέρχῃ.
1010 4415 1086 4469 Οὐ
1117 4412 1305 4482 φυγὼν
1334 4411 1425 4465 τὸν
1446 4409 1601 4480 ὄχλον
1618 4408 1647 4459 6
1677 4405 1868 4477 Σωτὴρ
1896 4400 2017 4457 εἷπε

416 4507 504 4571 τὸ,
528 4508 596 4560 Αἱ
619 4504 951 4569 ἀλώπεκες,
981 4501 1077 4555 καὶ
1106 4499 1177 4552 τά
1209 4498 1367 4566 ἐξῆς;
1398 4495 1513 4548 Οὐκ
1544 4492 1689 4565 έχεις
1709 4489 1767 4542 δέ
1790 4506 1863 4571 με
1893 4490 2011 4541 πεῖ-

420 4568 539 4653 σαί,
568 4590 650 4642 ὅτι
679 4587 811 4640 ποτὲ
842 4586 1102 4653 Ἰωάννης
1131 4581 1224 4651 ἀφ’
1251 4575 1314 4634 οῦ
1349 4574 1678 4641 ἐϐαπτίσθη,
1714 4571 1748 4641 ἢ
1776 4568 2015 4641 ὤμοσεν,

416 4676 455 4747 ἢ
484 4673 744 4744 ὥρκισεν,
774 4671 808 4741 ἢ
843 4668 1235 4737 κατελάλησεν,
1256 4664 1290 4734 ἢ
1317 4660 1603 4747 ἐψεύσατο,
1614 4655 1675 4747 ζῆ*
1700 4654 2018 4747 κατηράσα-

418 4738 504 4821 το,
607 4738 957 4825 εὐτραπέλων
980 4751 1277 4820 ἠνέσχετο;
1307 4748 1365 4799 '0
1393 4741 1571 4830 MAR:

418 4818 567 4913 λέγω
612 4818 820 4896 τούτων
866 4854 946 4901 τι,
990 4818 1221 4889 ἀλλ’τδτι
1264 4828 1513 4913 ὑϐριζεν.
1551 4826 1613 4878 ὐ
1655 4818 2022 4913 ἹὶΖΙΙξΣΞΚζἿ]

422 4906 695 5000 βέλτιστε,
735 4924 835 4978 καὶ
854 4924 885 4975 6
907 4918 1114 4973 τούτων
1147 4916 1312 5000 μηδὲν
1338 4912 1607 5000 ποιησαςέ
1626 4908 1749 4971 πῶς
1770 4906 2021 5000 ὕϐριζεν,

419 4991 661 5081 ἀφειδῶν
707 5008 813 5079 τῆς
854 5003 1112 5075 γλώσσης
1145 5000 1247 5070 τῆς
1283 4993 1519 5081 ἑαυτοῦηξ
1552 4991 2020 5081 Έγμξξαξξγδξρ

420 5070 521 5150 κᾶι
541 5070 815 5167 μεγάληίό
854 5070 1133 5163 μολυσμὺς
1156 5085 1273 5147 ἶσος
1294 5080 1463 5167 ἐστίν.
1481 5078 1567 5167 ⁸ὐ
1611 5075 1799 5129 ΔΙΑΚ.
1815 5074 1894 5167 ’Τί
1925 5070 2020 5167 οὖν

421 5160 565 5243 ἐστι,
602 5160 940 5251 παρακαλῶ,
983 5173 1020 5227 ἃ
1048 5169 1301 5225 λαλοῦσιν
1326 5168 1377 5219 οἱ
1404 5162 1709 5251 ἀνθρωττοι·
1744 5161 1842 5212 καὶ
1888 5160 2019 5251 πότε

422 5243 729 5318 παύσονται
760 5260 855 5314 τοῦ
899 5258 1118 5321 λαλεῦις
1165 5254 1224 5307 Ὀ
1259 5245 1503 5304 ἘΠΙΣΚ.
1538 5247 1803 5297 Ἀκουσον
1837 5243 2019 5297 τοίνυν

421 5348 557 5417 περὶ
604 5346 844 5407 πάντων,
890 5342 986 5396 καὶ
1032 5338 1231 5412 μηκέτι
1271 5334 1407 5387 ἕπου
1443 5331 1565 5392 ταῖς
1598 5325 1933 5417 *φλυαρίαις
1952 5329 2016 5417 οὐ

418 5410 534 5501 γάρ
573 5431 717 5495 ’ἐξεις
761 5410 1060 5495 ἀπολογίαν
1097 5410 1382 5477 οὐδέποτε.
1426 5416 1491 5501 Οί
1523 5412 1803 5501 ἄνθρωποι
1842 5410 2019 5501 ὀρθῶς

424 5493 518 5581 μὴ’
553 5493 795 5581 βιοῦντες
815 5553 829 5575 ,
869 5493 1039 5582 ὀρθάς
1086 5508 1187 5561 οὑκ
1228 5504 1410 5573 ἔχουσι
1440 5498 1538 5560 τὰς
1570 5493 1898 5582 ὑπολήψεις,
1930 5496 2020 5549 ἀεὶ

422 5597 887 5664 εἰκαιολογοῦντες
909 5581 1002 5648 καὶ
1025 5594 1104 5655 εἰς
1136 5588 1293 5643 τοῦτο
1343 5582 1698 5655 σχολάζοντες
1721 5622 1736 5645 ,
1779 5581 2020 5651 μάλιστα

421 5677 524 5730 νῦν
543 5678 755 5741 οὑδενὺς
786 5678 1092 5748 τολμῶντος
1144 5673 1272 5729 ἄλλο
1315 5688 1366 5723 τι
1420 5668 1620 5735 λέγειν.
1658 5664 1769 5716 Καὶ
1800 5665 1894 5716 ἐπὶ
1922 5664 2018 5717 τοῦ

423 5762 681 5831 Σωτῆρος
733 5762 843 5831 γάρ
893 5762 1061 5824 Θεοῦ,
1109 5759 1203 5812 καὶ
1247 5756 1384 5826 ὑπὲρ
1416 5752 1703 5822 ἄνθρωπον
1738 5751 1834 5803 καὶ
1878 5751 2022 5821 ὑπὲρ

422 5847 715 5919 προφήτην
770 5846 938 5897 αὑτοῦ
991 5846 1086 5898 καὶ
1136 5842 1377 5914 βιοῦντος
1440 5838 1533 5890 καὶ
1587 5832 1873 5898 λαλοῦντος
1926 5836 2019 5888 καὶ

493 6003 518 6032 ⁸
543 5998 658 6051 Cod.
685 5995 813 6046 Med.
840 5994 1141 6049 ἐξοσταίζων.
1163 5990 1389 6043 Correxit
1412 5989 1559 6053 Bigot.

754 6093 1024 6152 PATROL.
1072 6088 1189 6149 Gn.
1241 6092 1494 6153 XLV“.

2123 656 2382 728 δρῶντος,
2430 663 2697 721 ἀλλόκοτα
2746 666 2991 732 ἐλάλουν,
3039 669 3237 742 χοίρων
3277 671 3432 741 δίκην
3467 674 3498 743 ἢ
3537 676 3711 744 μυιῶν

2120 745 2192 798 τὰ
2217 749 2346 820 περὶ⁵
2369 748 2535 802 αὑτοῦ
2573 752 3039 823 συναθροίζοντες·
3088 755 3248 809 τοῦτο
3285 756 3395 827 γάρ
3440 758 3630 828 ἤθελον
3660 762 3710 815 οἱ

2121 839 2241 893 τότε
2268 842 2470 912 καιροί.
2503 843 2566 896 Οἱ
2587 844 2686 914 μὲν
2712 845 2820 915 γὰρ
2854 845 3059 915 ἔλεγον·
3090 847 3299 916 Πλανᾷ
3318 848 3427 902 τὸν
3454 850 3708 920 κόσμον·

2119 933 2169 984 οἱ
2202 933 2296 997 δὲ,
2335 933 2434 987 Ἐν
2479 936 2843 998 Βεελζεϐοὺλ
2902 939 3151 1009 ἄρχοντι
3206 941 3327 996 τῶν
3385 941 3713 1013 δαιμονίων

2118 1026 2406 1082 ἐκϐάλλει
2462 1028 2535 1083 τὰ
2584 1030 2888 1103 δαιμόνια·
2943 1034 3122 1104 ἕτεροι
3150 1077 3165 1099 ,
3206 1034 3361 1109 Ἰδοὺ
3398 1037 3709 1106 ἄνθρωπος

2116 1118 2307 1188 φάγος
2332 1120 2432 1174 καὶ
2462 1123 2805 1193 οἰνοπότης·
2839 1126 3010 1189 ἄλλοι,
3046 1126 3417 1196 Σαμαρείτης
3440 1128 3707 1193 ἐστὶ,καὶ

2113 1209 2426 1280 δαιμόνιον
2455 1213 2600 1283 ἔχει.
2655 1217 2766 1269 Καὶ
2797 1218 2850 1270 τί
2887 1236 2954 1289 με
2988 1220 3070 1273 δεῖ
3110 1220 3291 1288 λέγειν
3335 1221 3709 1289 συναγαγόντα

2114 1302 2244 1367 τοὺς
2275 1304 2504 1371 ὑθλους;
2545 1308 2633 1372 Ὠς
2669 1309 2765 1361 καὶ
2789 1310 2952 1362 αὑτὸν
2972 1311 3061 1364 τὸν
3090 1313 3318 1383 Σωτῆρα
3344 1312 3523 1366 εἰδότα
3550 1313 3710 1367 τοῦτο

2112 1396 2294 1465 λέγειν
2314 1400 2429 1463 τοῖς
2447 1399 2784 1465 ἀποστόλοις·
2810 1402 2947 1457 Τίνα
2956 1420 3033 1472 με
3048 1402 3335 1472 λέγουσιν
3347 1409 3399 1460 οἱ
3411 1405 3711 1475 ἅνθρωποι

2113 1485 2266 1544 εἶναι
2286 1492 2393 1545 τὸν
2431 1492 2570 1547 Υίὸν
2586 1494 2690 1547 τοῦ
2721 1494 3062 1564 ἀνθρώπου;
3090 1490 3162 1568 ᾮ
3183 1498 3705 1568 προσαποκρίνονται

2113 1583 2163 1636 οί
2206 1582 2471 1653 μαθηταὶ.
2499 1586 2600 1649 τάς
2628 1588 3009 1659 εὑφημοτέρας
3048 1591 3178 1659 περὶ
3219 1590 3386 1643 αὑτοῦ
3409 1590 3705 1661 ὑπολήψεις

2111 1675 2479 1747 διηγούμενοι,
2498 1681 2560 1731 Οἱ
2568 1678 2684 1746 μὲν
2702 1678 3004 1742 ἰιλίαν,οὶ
3016 1679 3084 1734 δὲ
3109 1683 3415 1752 Ἱερεμίαν,
3442 1684 3618 1739 ἄλλοι
3640 1684 3707 1738 δὲ

2114 1766 2406 1836 Ἰωάννην
2434 1770 2541 1823 τὸν
2568 1771 2926 1842 Βαπτιστὴν
2951 1774 3263 1844 φήσαντες
3285 1793 3299 1807 ·
3334 1779 3709 1848 ἡσυχάσαντες

2114 1859 2223 1913 τῶν
2255 1862 2605 1917 ἐπιπλεῖστον
2632 1866 2853 1935 φαύλων
2872 1868 3002 1931 τοὺς
3022 1867 3236 1936 λόγους.
3267 1868 3374 1931 Οὓς
3395 1870 3709 1941 ἀντεπερω-

2113 1953 2203 2023 τᾷ,
2255 1952 2601 2027 διαχωρίζων
2644 1958 2753 2011 τῶν
2808 1960 3113 2031 ἀνθρώπων
3162 1963 3368 2033 (οὐκέτι
3419 1962 3527 2034 γὰρ
3565 1958 3708 2033 ἦσαν

2111 2046 2212 2117 τὴν
2242 2046 2471 2119 γνώμην
2510 2048 2811 2121 ἄνθρωποι,
2852 2051 2968 2105 ἀλλ’
3000 2054 3105 2107 υἱοὶ
3140 2054 3298 2108 Θεοῦ·
3326 2054 3554 2109 Ἔδωκε
3597 2056 3708 2127 γάρ

2113 2142 2245 2210 ἡμῖν
2282 2144 2311 2195 6
2356 2142 2530 2208 Λόγος
2573 2144 2901 2210 ἐξουσίαν,
2948 2146 3131 2201 τέκνα
3168 2149 3318 2202 Θεοῦ
3380 2149 3705 2216 γενέσθαι)·

2125 2232 2140 2251 ⁹
2150 2230 2323 2302 Υμεῒς
2338 2232 2407 2286 δὲ
2419 2233 2554 2286 τινα
2563 2250 2641 2303 με
2655 2234 2862 2303 λέγετε
2874 2230 3047 2289 εἶναι.
3067 2236 3127 2291 'A
3134 2238 3474 2310 ποκρίνονται
3486 2241 3545 2293 οὑ
3567 2242 3704 2295 πάν-

2119 2340 2229 2386 τες,
2244 2323 2380 2376 ἀλλά
2398 2324 2559 2393 μόνος
2578 2326 2607 2377 6
2630 2326 2856 2397 Πέτρος,
2883 2327 3200 2398 ἑρμηνεύων
3213 2330 3314 2401 τὴν
3334 2328 3553 2385 πάντων
3568 2331 3702 2401 γνώ-

2124 2430 2251 2484 μην·
2272 2413 2355 2466 Σὺ
2372 2410 2428 2467 εἴ
2447 2418 2480 2468 ὁ
2502 2417 2780 2482 Χριστὸς,
2808 2419 2841 2471 ὁ
2876 2418 3008 2483 Υἱὸς
3030 2419 3135 2473 τοῦ
3160 2421 3308 2475 Θεοῦ
3329 2421 3434 2475 τοῦ
3465 2420 3699 2486 ζῶντος.

2117 2510 2226 2578 Ἧς
2248 2515 2595 2586 ἀποκρίσεως
2623 2514 3026 2586 ἀποδεχόμενος
3056 2514 3117 2568 τδ
3132 2514 3294 2586 όρθδν
3311 2516 3340 2569 6
3366 2515 3579 2586 Σωτὴρ,
3597 2518 3708 2568 ἀπ-

2117 2610 2378 2680 εφήνατο,
2415 2606 2606 2663 εἰπών·
2637 2607 2722 2662 Σὺ
2759 2608 2817 2661 εἷ
2850 2606 3096 2675 Πέτρος,
3138 2605 3238 2661 καὶ
3278 2605 3375 2659 ἐπὶ
3414 2606 3597 2673 ταύτῃ
3632 2604 3710 2675 τῇ

2115 2701 2604 2773 πέτρᾳ,τουτέστι,
2636 2703 2701 2775 τῇ
2728 2701 3011 2773 ὁμολογίᾳ,
3039 2697 3417 2769 οἰκοδομήσω
3445 2716 3562 2769 μου
3594 2697 3712 2765 τὴν

2113 2794 2508 2862 Ἐκκλησίαν,
2540 2793 2641 2848 καὶ
2675 2795 2865 2849 πύλαι
2904 2792 3053 2861 ᾅδου
3094 2793 3166 2847 οὺ
3218 2792 3712 2861 κατισχύσουσιν

2110 2884 2319 2955 αὐτῆς.
2367 2886 2557 2956 Τούτῳ
2607 2885 2787 2939 τοίνυν
2833 2882 2913 2956 τῷ
2954 2883 3270 2956 χαρακτῆρι
3326 2882 3583 2954 εὑρήσεις
3614 2879 3711 2934 καὶ

2111 2979 2229 3043 νῦν,
2281 2980 2343 3032 οὑ
2384 2979 2545 3049 μόνον
2596 2978 2689 3031 ἐπὶ
2728 2979 3004 3042 Ἰωάννου,
3050 2975 3189 3031 ἀλλά
3218 2975 3315 3029 καὶ
3344 2975 3441 3028 ἐπὶ
3488 2975 3709 3029 πάντων

2110 3071 2238 3132 τοὺς
2274 3068 2475 3139 ψόγους
2527 3068 2625 3121 καὶ
2680 3068 2808 3131 τοὺς
2857 3067 3137 3131 ἐπαίνους.
3181 3065 3295 3119 Καὶ
3347 3063 3538 3134 ὥσπερ
3583 3063 3705 3117 κατ’

2111 3159 2293 3213 ἐκεῖνο
2313 3157 2510 3231 καιροῦ
2542 3156 2731 3221 κακῶς
2774 3154 3019 3210 ἐλαλεῖτο
3062 3154 3133 3208 τὰ
3171 3155 3302 3226 περὶ
3333 3150 3429 3205 τοῦ
3468 3150 3709 3224 Χριστοῦ

2112 3247 2210 3301 καὶ
2236 3245 2345 3300 τῶν
2376 3244 2717 3311 ἀποστόλων,
2754 3243 3004 3316 βοώντων
3033 3243 3322 3313 Ἐφεσίων·
3351 3237 3533 3299 Οὗτοι
3551 3244 3714 3296 εἰσιν

2113 3343 2167 3394 οι
2191 3339 2735 3406 ἀναστατώσαντες
2754 3337 2870 3406 τὴν
2890 3337 3259 3407 οἰκουμένην
3276 3355 3289 3368 ·
3332 3337 3609 3391 πέπαυται
3651 3336 3711 3390 δὲ

2116 3432 2235 3500 νῦν,
2273 3431 2648 3504 δοξαζομένων
2683 3429 2895 3485 αὑτῶν·
2937 3429 3112 3494 οὑτως
3144 3431 3403 3502 εὑρήσεις
3449 3430 3586 3502 μετὰ
3611 3428 3711 3501 τὴν

2116 3524 2312 3593 γενεὰν
2340 3522 2566 3594 ταύτην,
2588 3521 2665 3586 ὡς
2697 3521 2953 3594 μάρτυρα
2977 3521 3290 3593 τιμώμενον
3321 3521 3412 3576 τὸν
3430 3522 3707 3594 Ἰωάννην,

2117 3614 2530 3671 καταλυθέντων
2575 3613 2686 3667 τῶν
2730 3613 3128 3685 ἀντικειμένων
3182 3616 3305 3678 ταῖς
3362 3614 3494 3684 περὶ
3542 3613 3707 3668 αὑτοῦ

2116 3709 2435 3778 εὐφημίαις·
2450 3708 2547 3761 καὶ
2562 3708 2677 3760 ὅσοι
2693 3706 2790 3777 μὲν
2801 3705 3104 3777 χοιρώδεις,
3129 3706 3161 3777 ἢ
3184 3704 3445 3770 κυνώδεις
3474 3707 3707 3776 φήσουσι

2115 3800 2194 3863 τὸ,
2213 3797 2425 3866 Πλανᾷ
2448 3798 2556 3852 τὸν
2585 3798 2840 3867 κόσμον,
2866 3798 2962 3852 καὶ
2993 3796 3064 3851 τὰ
3086 3797 3233 3868 ἑξῆς·
3254 3798 3435 3853 ὅσοιδέ
3451 3798 3708 3874 μαθηταὶ,

2114 3892 2353 3963 γνησίως
2384 3894 2478 3947 καὶ
2508 3892 2893 3963 ἐπιστημόνως
2921 3891 3084 3947 αὑτὸν
3120 3891 3495 3963 ἐκζητοῦντες,
3524 3893 3606 3956 τὸ,
3627 3892 3711 3946 Σὺ

2114 3979 2175 4038 εἶ
2205 3986 2238 4037 ό
2267 3970 2523 4053 Χριστός
2572 3986 2605 4037 ό
2642 3984 2776 4048 Υἱὸς
2814 3981 2923 4035 τοῦ
2976 3982 3127 4036 Θεοῦ
3156 3982 3265 4035 τοῦ
3292 3981 3530 4049 ζῶντος.
3558 3984 3623 4036 El
3653 3984 3712 4037 δὲ

2117 4077 2209 4130 ἐπὶ
2244 4074 2339 4129 τοῦ
2384 4074 2641 4146 Σωτῆρος
2690 4071 2927 4145 Χριστοῦ
2983 4074 3041 4126 ἐν
3102 4071 3395 4136 τοσαύταις
3453 4075 3712 4145 μυριάσιν

2119 4169 2328 4241 ἀνδρῶν
2360 4167 2568 4223 δώδεκα
2601 4165 2861 4237 εὕρηνται
2894 4167 2951 4219 ἐν
2974 4166 3118 4237 ἀρχῇ
3144 4166 3191 4218 οἱ
3221 4165 3311 4218 τὸν
3335 4164 3546 4235 Ἰησοῦν
3568 4184 3712 4235 γνω-

2125 4263 2395 4335 ρίσαντες,
2426 4259 2535 4314 τῶν
2569 4258 2781 4313 πολλῶν
2810 4260 2982 4312 εἰσέτι
3020 4260 3114 4313 καὶ
3158 4254 3256 4313 νῦν
3287 4259 3711 4331 φλυαρούντων·

2118 4353 2172 4405 τί
2205 4346 2714 4420 ἀκριϐολογούμεθα
2751 4348 2882 4419 περὶ
2919 4347 3172 4401 Ἰωάννου
3194 4388 3210 4409 ,
3245 4347 3536 4419 ἀνθρώπου
3576 4347 3713 4421 πρὸς

2118 4446 2211 4498 τὸν
2235 4442 2407 4496 σίελον
2431 4440 2526 4495 τοῦ
2558 4438 2798 4512 Χριστοῦ
2837 4438 2916 4512 μὴ
2939 4439 3125 4506 ὄντος
3165 4439 3231 4493 Τί
3264 4440 3322 4493 δέ
3364 4439 3528 4508 λέγω,
3575 4439 3715 4510 πρὸς

2116 4538 2208 4590 τὸν
2246 4535 2453 4599 σίελον;
2482 4534 2619 4606 πρὸς
2636 4533 2698 4587 τὸ
2726 4532 3057 4605 κράσπεδον.
3082 4533 3286 4587 Πάντα
3312 4533 3421 4605 γὰρ
3448 4533 3520 4587 τὰ
3536 4534 3712 4599 ἔθνη.

2121 4629 2265 4684 κατὰ
2302 4629 2395 4682 τὸν
2423 4629 2675 4690 Ἡσαΐαν,
2707 4627 2791 4691 ὡς
2817 4623 3063 4695 σταγὼν
3096 4623 3215 4679 ἀπὸ
3247 4622 3461 4687 κάδου,
3501 4623 3603 4677 καί
3631 4623 3714 4690 ὡς

2123 4724 2338 4789 σίελος
2361 4718 2861 4791 λογισθήσσνται.
2897 4718 2998 4771 ’ον
3030 4715 3089 4770 δὲ
3120 4716 3323 4786 τρόπον
3351 4712 3511 4780 εἶπας
3550 4716 3714 4769 αὑτὸν

2124 4815 2396 4890 ὑϐρίζειν,
2417 4812 2661 4877 τοιοῦτός
2689 4813 2858 4865 ἐστιν.
2899 4808 3127 4880 Πρῶτον
3157 4808 3257 4879 μὲν
3290 4806 3400 4878 γάρ
3427 4808 3713 4877 ἀμήχανον

2124 4910 2193 4985 ἦν
2220 4913 2457 4985 πρᾶγμα
2481 4908 2621 4979 πρὸς
2640 4906 2733 4961 τὸν
2779 4903 3012 4974 τυχόντα
3046 4899 3488 4985 χαριεντίζεσθαι
3523 4900 3711 4985 αὑτὸν,

2127 4984 2354 5069 μήτιγε
2387 4994 2453 5065 δὴ
2476 4993 2569 5045 καὶ
2603 4989 2844 5061 ὑϐρίσαι·
2875 4986 3002 5041 εἶδέ
3026 4984 3131 5039 πού
3159 5002 3312 5049 τινας
3336 4984 3444 5038 τῶν
3470 4984 3710 5055 γνησίων

2121 5087 2287 5144 αὑτοῦ
2328 5083 2605 5158 μαθητῶν,
2638 5080 2995 5153 ῆκληρικῶν,
3022 5080 3056 5153 ἢ
3089 5079 3423 5143 ἐπισκόπων,
3457 5073 3595 5129 εἶδεν
3615 5076 3710 5127 ἐπὶ

2122 5185 2301 5254 ἀποχῇ
2355 5196 2521 5242 τινος,
2576 5175 2610 5247 ἢ
2671 5174 3059 5246 κατορθώματι
3129 5171 3447 5243 σωματικῆς
3507 5168 3710 5240 ἀρετῆς

2126 5268 2689 5347 μεγαλοφρονοῦντας,
2718 5268 2778 5322 τὸ
2809 5266 3051 5322 ἐναντίον
3076 5266 3215 5337 πρὸς
3252 5264 3453 5327 αὑτοὺς
3477 5262 3710 5316 ἐπισκώ-

2123 5346 2269 5413 πτων
2308 5355 2595 5418 ἀπεκάλει,
2625 5353 2702 5418 ώς
2745 5352 2836 5405 τὸν
2862 5350 3161 5423 ὑδροπότην
3214 5349 3468 5421 μέθυσον,
3497 5348 3589 5401 καὶ
3617 5346 3710 5400 τόν

2122 5452 2406 5522 ἁκτήμονα
2461 5444 2812 5514 πλεονέκτην,
2861 5442 2957 5496 καὶ
3006 5440 3099 5494 τὸν
3153 5440 3426 5510 ἐλεήμονα
3469 5438 3710 5507 κλέπτην

2123 5548 2317 5615 λέγων.
2337 5538 2492 5606 Εἶδος
2524 5539 2633 5610 γὰρ
2658 5536 2847 5607 χαρίεν
2873 5534 2971 5591 καὶ
3014 5532 3173 5587 τοῦτο
3196 5530 3544 5595 διδασκαλίας
3571 5531 3709 5603 πρὸς

2123 5642 2248 5704 τοὺς
2276 5636 2553 5709 γνησίους.
2582 5630 2671 5685 διὰ
2694 5629 2801 5682 τῶν
2832 5627 2907 5700 μὴ
2930 5626 3240 5699 προσόντων
3263 5622 3557 5695 κυροῦντος
3582 5624 3611 5664 b
3651 5624 3710 5675 τὸ

2125 5731 2345 5801 προσόν.
2389 5728 2462 5779 Τὸ
2505 5725 2561 5777 δέ
2614 5722 2835 5794 ἀληθὲς,
2891 5720 3053 5790 ἐτίμα
3111 5716 3365 5788 σώφρονα
3422 5717 3538 5769 νέον
3568 5714 3706 5782 ὑπὲρ

2125 5822 2420 5875 ἀκόλαστον
2453 5816 2702 5886 γέροντα,
2740 5813 2836 5869 καὶ
2861 5812 3089 5883 γέροντα
3114 5807 3389 5882 φιλομαθῆ
3414 5806 3553 5872 ὑπὲρ
3577 5802 3710 5861 νεώ-

2191 5973 2214 6013 b
2239 5964 2368 6021 Edili
2389 5963 2653 6030 κυροῦντες.

3299 6068 3339 6132 8
