4504 6734
435 582 502 636 δι’
1459 575 1547 628 [ιε
1590 573 1742 627 VITA
1782 575 1842 629 S.
1881 571 2160 629 JOANNIS
2199 571 2690 632 CllR‘iSOSTUMl.
3637 581 3703 634 70

434 695 826 750 adolescentem
857 695 1220 759 indoetum,et
1244 689 1458 744 idiotam
1485 689 1614 746 nihil
1634 690 2014 761 possidentem,

433 803 594 854 quam
617 788 830 844 doctum
858 786 1097 860 pecunia:
1121 781 1355 844 avidum.
1386 793 1543 853 atque
1573 784 1880 839 srecularem
1909 781 2017 832 vir-

437 888 552 934 tute
585 884 878 951 praeditum,
906 894 1067 949 quam
1087 875 1401 931 monachum
1430 879 1654 933 inertem
1682 893 1744 932 ac
1762 877 2014 930 otiosum.

434 974 564 1039 Qua:
591 971 729 1030 forte
740 969 1086 1028 contumelias
1097 979 1286 1024 vocant
1298 970 1390 1040 qui
1409 971 1641 1025 honores
1653 974 1952 1023 sectantur:
1969 976 2022 1018 et

434 1064 796 1130 quidem,cuin
811 1060 1083 1127 Scriptura
1095 1062 1437 1116 contumelias
1449 1062 1783 1129 aliquatenus
1801 1056 2015 1120 habeat,

433 1154 637 1211 Joanne
659 1153 874 1224 quidem
903 1151 1112 1208 dicente
1153 1155 1215 1208 iis
1234 1196 1248 1220 ,
1279 1155 1366 1223 qui
1396 1154 1463 1206 ad
1504 1168 1562 1206 se
1588 1147 1930 1212 accedebant,
1965 1156 2017 1200 ut

435 1250 771 1302 docerentur.
810 1241 1074 1299 Genimina
1117 1246 1433 1316 viperarum,
1476 1243 1586 1312 quis
1629 1239 1763 1293 vobis
1807 1239 2019 1292 ostendit

437 1345 610 1409 [rigere
637 1354 668 1388 a
709 1345 912 1388 ventura
952 1337 1029 1390 ira
1062 1335 1208 1408 (Luc.
1241 1338 1294 1392 5.
1326 1335 1413 1403 7)?
1442 1344 1496 1388 et
1537 1331 1701 1385 Paulo
1743 1344 1926 1384 rursus
1967 1330 2017 1384 in

438 1431 584 1483 Actis
603 1428 974 1495 Apostolorum
997 1430 1204 1485 dicente
1227 1427 1458 1498 pontiﬁci
1481 1443 1495 1478 :
1523 1423 1771 1476 Percutiet
1792 1433 1838 1476 te
1858 1422 2017 1486 Deus,

436 1521 603 1588 paries
637 1519 863 1575 dealbate
888 1521 1020 1591 (Act.
1057 1521 1146 1576 ‘35.
1171 1523 1228 1590 3)
1254 1539 1266 1573 :
1299 1528 1353 1573 ct
1381 1517 1591 1571 dicente
1620 1515 1809 1570 alicubi
1838 1515 2020 1570 Serva-

438 1620 551 1661 ture
579 1608 811 1664 Judzeis:
842 1611 1106 1666 Generatio
1133 1625 1288 1678 prava
1318 1616 1365 1660 et
1401 1605 1632 1659 adultera
1654 1606 1854 1674 signum
1885 1620 2020 1672 quae-

436 1698 500 1749 rit
527 1697 737 1769 (Matth.
764 1702 848 1756 12.
875 1703 964 1771 '59)
993 1719 1006 1754 :
1036 1711 1089 1754 et
1113 1699 1237 1754 alibi
1262 1699 1465 1751 cunctis
1485 1695 1739 1765 apostolis
1763 1712 1778 1748 '.
1813 1694 1858 1747 0
1879 1695 2022 1748 stulti

435 1797 484 1841 et
509 1790 641 1843 tardi
668 1793 815 1846 corde
842 1791 992 1860 (Luc.
1023 1790 1114 1844 24.
1145 1786 1237 1861 25)
1263 1807 1276 1842 :
1301 1799 1355 1843 et
1383 1788 1508 1842 alibi
1539 1782 2018 1841 PetrumSatanam

438 1883 779 1938 nominante:
818 1882 955 1936 Vade
979 1891 1092 1952 post
1123 1879 1444 1944 me,Satana,
1467 1879 1704 1945 quoniam
1722 1875 2021 1930 scandalum

437 1974 561 2026 mihi
581 1992 633 2028 es
658 1975 848 2045 (Matth
895 1973 981 2028 16.
1007 1972 1098 2043 23)
1128 1990 1141 2024 :
1168 1987 1287 2026 cum
1311 1971 1452 2025 nulla
1477 1969 1653 2039 gravis
1673 1983 1829 2022 causa
1853 1977 2017 2030 esset,

437 2064 508 2118 ob
535 2080 692 2134 quam
723 2066 805 2120 lite
831 2064 1166 2119 contumelia:
1203 2062 1412 2116 fierent.
1439 2061 1616 2128 Itaque
1643 2075 1764 2114 cum
1807 2055 2020 2112 silentio

439 2156 680 2211 discendi
708 2157 1029 2211 desiderium
1056 2155 1462 2222 amplectamur,
1489 2153 1578 2220 qui
1605 2166 1708 2205 non
1737 2162 2021 2220 possumus

439 2249 704 2315 spiritales
730 2247 1036 2316 dijudicarc.
1065 2245 1246 2314 Neque
1282 2246 1423 2296 enim
1461 2242 1583 2296 odio
1608 2242 1861 2296 habentes
1892 2256 2022 2294 con-

439 2338 683 2391 tumelias
724 2336 954 2398 faciunt,
995 2349 1168 2401 neque
1210 2331 1374 2385 inflati
1418 2331 1756 2384 solitudinem
1799 2338 2020 2383 sectan-

439 2437 544 2492 tur,
575 2426 750 2478 omnia
795 2425 946 2477 utilia
983 2438 1049 2476 ex
1087 2421 1310 2475 caritate
1346 2420 1620 2474 facientes.
1660 2420 1828 2488 Hujus
1865 2418 2024 2488 igitur

439 2517 516 2570 rei
559 2515 728 2584 gratia
767 2516 926 2568 etiam
970 2512 1040 2577 ii,
1100 2513 1188 2581 qui
1234 2512 1286 2564 in
1331 2511 1497 2564 sacris
1535 2509 1823 2579 Scripturis
1871 2508 2024 2578 probi

439 2616 496 2660 et
532 2604 756 2659 studiosi
795 2603 948 2658 nobis
998 2602 1148 2656 relati
1197 2610 1357 2667 sunt,
1399 2599 1732 2655 indoctorum
1782 2613 2026 2669 congres-

439 2711 558 2751 sum
585 2695 782 2765 fugisse
811 2704 865 2750 et
888 2694 1183 2749 declinasse
1221 2694 1574 2756 inveniuntur,
1606 2709 1671 2745 ne
1706 2692 1852 2760 lapsu
1894 2701 2024 2744 tem-

442 2787 586 2856 poris
626 2786 696 2839 ob
729 2799 846 2838 eam
876 2783 1311 2839 consuetudinem
1341 2794 1430 2836 aut
1458 2782 1654 2852 aliquid
1682 2782 1890 2836 virtutis
1924 2785 2020 2835 de-

440 2879 752 2946 perderent,
793 2887 882 2932 aut
928 2877 1197 2947 quidpiam
1243 2891 1428 2931 eorum
1467 2875 1821 2944 improbitatis
1866 2875 1918 2928 in
1964 2889 2023 2930 se

438 2972 784 3026 attralterer.‘«..
814 2969 971 3026 Sarra
1003 2971 1150 3040 pricr
1195 2977 1439 3038 precatur
1465 2970 1635 3023 virum
1679 2984 1831 3022 suum
1861 2971 2022 3024 Abra-

441 3063 690 3125 hamum,
746 3070 802 3115 ut
862 3061 1026 3114 lilium
1083 3061 1289 3115 ancilla:
1339 3061 1512 3115 adhuc
1565 3060 2020 3115 adolescentulum

437 3153 708 3207 communi
736 3153 848 3206 lare
875 3161 1123 3206 arceret:
1158 3151 1430 3222 indignum
1465 3152 1606 3206 enim
1640 3150 1892 3220 putabat,
1931 3155 2024 3222 qui

439 3259 563 3297 cum
597 3243 705 3298 ﬁlio
737 3258 839 3298 suo
877 3242 1056 3297 lsaaco
1081 3242 1322 3310 luderet,
1366 3258 1434 3297 ne
1474 3242 1608 3298 forte
1650 3244 1846 3297 mutuis
1875 3243 2024 3298 oble-

438 3335 722 3388 ctamentis
751 3335 802 3387 in
830 3334 948 3402 ejus
975 3349 1150 3388 mores
1176 3349 1240 3388 ac
1265 3333 1436 3388 studia
1462 3335 1839 3389 attraheretur.
1861 3335 2025 3390 JaCob

441 3440 572 3479 vero
595 3435 650 3479 et
685 3426 797 3493 ipse
828 3425 948 3495 fuga
973 3425 1195 3479 salutem
1240 3425 1452 3494 quaerit,
1496 3425 1548 3478 in
1594 3425 2025 3494 Mesopotamiam

443 3514 924 3582 peregrinationem
946 3514 1266 3584 suscipiens.
1297 3514 1490 3576 EtLot
1517 3515 1584 3569 ab
1608 3515 1810 3586 angelis
1837 3517 2029 3570 suade-

442 3615 530 3660 tur
557 3607 854 3675 demigrare
879 3607 947 3661 ab
975 3606 1150 3675 impiis
1189 3606 1499 3661 Sodomitis.
1546 3605 1652 3662 Sed
1697 3617 1752 3664 et
1794 3608 2024 3682 Moyses,

444 3709 498 3751 ut
523 3700 667 3766 prius
692 3700 829 3763 dixi,
861 3715 1082 3770 magnus
1100 3701 1188 3770 qui
1221 3699 1338 3763 fuit,
1384 3709 1438 3756 et
1464 3700 1606 3757 filius
1640 3701 1762 3758 filiae
1793 3703 2027 3758 Pharao-

442 3790 526 3843 nis
547 3789 648 3843 dici
681 3790 964 3855 recusavit,
987 3801 1252 3852 monetur.
1273 3800 1331 3844 ut
1354 3792 1568 3846 secedat
1591 3807 1619 3845 a
1644 3801 1869 3864 tyranno
1886 3794 2029 3864 ejus-

440 3894 546 3949 que
575 3879 870 3943 satellibus,
904 3891 957 3934 et
983 3880 1266 3946 excitatur,
1297 3891 1354 3936 ut
1378 3883 1478 3938 sibi
1508 3887 1908 3941 consentientes
1937 3903 2026 3942 se-

440 3986 561 4025 cum
588 3972 836 4037 abducat,
864 3984 916 4026 et
945 3971 1014 4026 de
1038 3973 1181 4026 exitu
1209 3975 1424 4043 cogitet.
1445 3974 1556 4030 lmo
1577 3977 1736 4032 etiam
1759 3979 2027 4048 propheta:

442 4062 807 4131 improborum
834 4063 1220 4118 multitudinem
1248 4067 1532 4131 evitantes,
1566 4067 1617 4121 in
1645 4068 1868 4124 desertis
1894 4070 2029 4124 locis

443 4157 639 4222 smpius
657 4154 923 4223 vixerunt,
948 4154 1015 4210 de
1030 4155 1228 4226 quibus
1245 4157 1530 4226 Apostolus
1555 4161 1628 4212 ait
1652 4174 1666 4210 :
1689 4157 1758 4212 In
1789 4158 2027 4212 solitudi-

442 4244 588 4299 nibus
607 4254 852 4310 errantes,
884 4245 934 4298 in
957 4244 1208 4300 montibus
1232 4257 1280 4299 es
1297 4248 1570 4316 speluncis,
1598 4257 1745 4318 atque
1768 4249 1820 4300 in
1857 4264 2029 4302 caver-

442 4336 524 4388 nis
545 4347 688 4389 terra:
710 4335 866 4406 (Heb.
892 4337 979 4400 ll,
1007 4336 1120 4406 '58),
1145 4339 1214 4390 ob
1237 4338 1522 4407 impiorum
1547 4337 1748 4391 scilicet
1767 4338 2026 4393 commix-

444 4428 643 4480 tionem
673 4445 686 4481 :
713 4427 948 4498 alioquin
973 4428 1222 4492 scientes,
1237 4444 1398 4499 quam
1427 4428 1580 4482 facile
1609 4429 2027 4497 possumusne-

446 4517 572 4572 tudo
600 4517 804 4583 fallere,
831 4527 888 4571 et
913 4519 1068 4572 simul
1096 4529 1474 4575 conversantes
1506 4520 1560 4573 in
1585 4518 1774 4574 eadem
1817 4531 2026 4588 pertra-

445 4611 600 4667 here.
630 4609 814 4680 Neque
838 4610 893 4665 id
918 4612 1109 4676 modo;
1140 4627 1326 4668 verum
1365 4613 1488 4682 quia
1519 4613 1631 4681 ipse
1660 4626 1757 4681 per
1797 4627 1856 4666 se
1901 4628 2029 4669 cono

443 4716 657 4772 gressus
675 4701 1039 4770 vituperabilis
1059 4713 1142 4756 est
1179 4711 1337 4770 atque
1357 4703 1630 4765 exitiosus,
1650 4711 1906 4771 prmterea
1935 4721 2031 4759 au-

446 4807 553 4852 tem
595 4802 651 4851 et
689 4796 876 4866 turpis.
902 4793 1015 4849 Non
1045 4796 1186 4848 enim
1207 4809 1237 4848 a
1265 4805 1447 4850 natura
1472 4797 1650 4862 habet,
1673 4794 1724 4850 id
1753 4797 1896 4866 quod
1921 4814 2028 4854 non

443 4889 700 4955 oblectat,
729 4887 1012 4951 sustinere,
1044 4886 1152 4940 imo
1178 4901 1244 4940 ne
1271 4886 1353 4939 vel
1403 4887 1671 4941 modicum
1724 4886 1798 4942 illi
1846 4888 2031 4945 immo.

443 4983 551 5036 rari
584 4999 598 5034 :
634 4995 754 5034 nam
785 4980 958 5034 simile
978 4977 1138 5032 simili
1163 4991 1374 5045 semper
1398 4992 1578 5031 carum
1606 4986 1782 5045 est,ut
1809 4980 2025 5037 dicitur:

447 5073 610 5126 Omne
628 5071 818 5125 animal
829 5069 991 5124 simile
1001 5067 1162 5138 diligit
1175 5065 1364 5136 (Eccli.
1377 5069 1395 5120 l
1409 5067 1581 5136 3J9);
1595 5069 1837 5124 dissimili
1851 5081 2028 5128 autem

445 5164 718 5218 inimicum
743 5173 844 5229 est,
859 5170 1017 5232 atque
1035 5160 1286 5214 alienum.
1310 5159 1439 5224 Quis
1452 5162 1594 5214 enim
1612 5177 1862 5231 umquam
1888 5164 2031 5218 indu-

443 5265 530 5310 cet
546 5256 991 5324 co‘.umbam,qu:e
1008 5267 1168 5323 grana
1188 5251 1332 5321 legit,
1345 5261 1436 5305 aut
1454 5257 1886 5324 turturem,pasci
1906 5273 2028 5312 cum

445 5345 623 5401 milvis
641 5355 732 5400 aut
745 5346 924 5400 corvis
935 5341 1246 5406 carnivoris,
1257 5350 1349 5395 aut
1364 5341 1706 5398 berbivorum
1722 5360 1966 5402 anserem
1977 5357 2032 5403 et

443 5449 628 5503 gruem
655 5453 775 5492 cum
800 5435 1093 5490 vulturibus
1124 5434 1322 5489 ossium
1364 5433 1644 5487 voracibus
1673 5438 2030 5506 congregari?

445 5525 575 5592 Quae
600 5526 741 5580 enim
770 5530 996 5584 societas
1027 5528 1129 5582 luci
1150 5525 1215 5582 ad
1240 5525 1510 5590 tenebras,
1533 5533 1626 5578 aut
1648 5525 1827 5582 virtuti
1851 5530 1916 5582 ad
1945 5531 2026 5584 vi-

448 5618 578 5668 tium
597 5657 611 5676 ,
639 5627 692 5668 et
719 5619 900 5686 probis
925 5619 992 5673 ad
1021 5619 1327 5688 improbos?
1357 5617 1508 5670 Duc.
1548 5615 1826 5683 Quomodo
1869 5619 2030 5689 igitur

446 5701 908 5772 Apostolusdicit:
942 5708 1131 5763 Factus
1174 5727 1286 5763 sum
1325 5706 1551 5762 omnibus
1595 5707 1801 5771 omnia;
1827 5707 2028 5764 Iudaeis

449 5807 703 5864 tamquam
737 5795 951 5852 Judteus
973 5841 989 5865 ,
1019 5811 1070 5854 ut
1108 5800 1322 5855 Judtcos
1378 5800 1763 5868 lucrifacerem;
1810 5801 2026 5868 inﬁrmis

447 5899 701 5962 tamquam
729 5887 980 5955 inﬁrmus,
1004 5901 1055 5942 ut
1077 5893 1422 5962 lucrifacerem
1443 5892 1703 5960 inﬁrmos;
1730 5890 1794 5943 iis
1809 5892 1894 5959 qui
1919 5893 2027 5946 sine

451 5986 558 6051 lege
590 5989 752 6046 erant,
783 5987 1033 6047 tanquam
1062 5981 1105 6034 si
1131 5982 1239 6035 sine
1267 5984 1374 6052 lege
1399 5999 1577 6051 essem,
1601 5990 1652 6036 ut
1678 5981 2026 6051 lucrifacercm

2129 703 2232 754 eos,
2261 691 2345 759 qui
2369 692 2475 744 sine
2505 692 2612 760 lego
2650 700 2791 742 erant
2817 691 2892 758 (Ι.
2936 689 3050 743 Cor.
3083 690 3134 745 9.
3158 692 3244 747 20.
3269 692 3402 757 2|)?
3444 694 3534 748 ΕΡ.
3566 697 3703 749 Istud

2130 785 2510 841 testimonium.
2530 796 2562 834 ο
2593 782 2823 836 virorum
2852 783 3071 851 optime,
3097 785 3225 839 nihil
3252 784 3317 840 ad
3347 802 3410 839 ea
3433 802 3550 855 qua:
3569 786 3707 840 dieta

2128 879 2284 936 sunt,
2312 871 2537 925 confert.
2579 871 2691 924 Non
2745 874 2885 927 enim
2932 874 3124 928 Paulus
3160 876 3326 939 dixit,
3352 876 3544 932 Factus
3590 893 3706 931 sum

2131 962 2517 1032 negligentibus
2547 963 2814 1033 negligens
2831 1004 2848 1030 ,
2871 975 2961 1019 aut
2981 965 3207 1034 garrulis
3230 968 3472 1035 garrulus
3491 1008 3506 1031 ,
3535 968 3711 1022 avaris

2128 1068 2338 1124 avarus,
2367 1063 2458 1105 aut
2502 1054 2626 1122 quid
2657 1055 2996 1124 bujusmodi;
3030 1056 3157 1120 sed,
3191 1055 3385 1110 Factus
3426 1071 3542 1110 sum
3566 1069 3710 1110 tam-

2129 1161 2289 1211 quam
2314 1142 2414 1197 ltoc
2444 1143 2525 1196 vel
2575 1144 2739 1213 illud,
2779 1160 2885 1199 non
2927 1146 3027 1200 hoc
3051 1146 3398 1211 :illutlenint,
3431 1146 3709 1215 Tamquam

2129 1235 2250 1299 hoc,
2277 1250 2382 1288 non
2413 1234 2556 1288 idem
2585 1246 2700 1302 est,
2724 1251 2786 1290 ac
2817 1236 2936 1290 hoc.
2969 1237 3093 1292 Tale
3131 1249 3307 1294 autem
3333 1247 3446 1307 est,
3475 1239 3614 1309 quod
3643 1240 3711 1293 ab

2130 1329 2588 1398 Apostolotit,aut
2610 1327 2837 1382 dicitur:
2866 1329 3015 1398 cujus
3044 1328 3450 1398 condescensus,
3473 1329 3573 1385 etsi
3600 1345 3708 1386 non

2128 1433 2373 1488 magnum
2399 1419 2814 1476 emolumentum
2837 1421 2888 1475 in
2913 1436 2972 1476 se
2997 1420 3262 1486 habebat,
3293 1422 3492 1475 nullum
3518 1422 3706 1477 saltem

2129 1508 2387 1563 inferebat
2410 1509 2809 1564 detrimentum.
2843 1509 3033 1565 Factus
3060 1512 3194 1565 enim
3220 1527 3331 1564 sum
3354 1509 3550 1564 Judteis
3575 1521 3709 1564 tant-

2126 1617 2276 1668 quam
2317 1600 2570 1665 Judteus,
2619 1611 2670 1653 ut
2689 1599 2900 1655 Judteos
2936 1603 3298 1672 lucrifacerem.
3328 1603 3540 1658 Etenim
3585 1617 3707 1658 cum

2129 1709 2194 1746 ex
2220 1691 2417 1745 Judzeis
2456 1701 2628 1757 esset,
2668 1693 3014 1748 circumcisus
3061 1705 3211 1749 erat:
3243 1695 3508 1764 quomodo
3553 1695 3710 1766 igitur

2132 1782 2291 1848 dicit,
2321 1780 2604 1853 Tamquam
2633 1781 2845 1838 Judteus
2864 1825 2879 1849 ,
2911 1795 2964 1839 et
3005 1784 3391 1846 non,Jud:eus?
3415 1786 3527 1842 Una
3565 1788 3706 1842 enim

2131 1875 2408 1930 sabbatum
2433 1875 2709 1931 celebrans
2736 1885 2790 1931 et
2823 1894 2925 1930 una
2957 1877 3205 1948 jejunans
3245 1879 3439 1948 saepius
3473 1879 3708 1933 invenie-

2129 1967 2302 2034 batur,
2353 1982 2458 2021 non
2515 1976 2692 2021 tamen
2731 1968 2930 2022 violans
2957 1978 3219 2037 praiccpla
3261 1968 3605 2024 Servatoris:
3653 1980 3711 2022 ut

2124 2060 2506 2114 consuetudine
2529 2074 2650 2114 cum
2675 2060 2755 2114 eis
2782 2068 2835 2113 et
2861 2060 3112 2114 comitatu
3138 2060 3202 2112 ad
3238 2059 3602 2128 perfectiorem
3620 2074 3712 2114 co-

2125 2152 2413 2220 gnitionem
2449 2165 2543 2206 eos
2580 2152 2871 2205 attraheret
2899 2167 2914 2203 :
2941 2150 3080 2204 sicut
3117 2148 3305 2204 medici
3348 2148 3578 2213 faciunt,
3619 2151 3708 2217 qui

2129 2241 2286 2308 a‘gris
2315 2255 2421 2293 non
2447 2255 2658 2308 semper
2681 2241 2906 2305 adsunt,
2940 2257 3038 2296 nec
3063 2241 3250 2295 eodem
3273 2255 3377 2310 quo
3404 2241 3502 2311 ipsi
3525 2240 3712 2294 morbo

2130 2329 2411 2395 laborant,
2442 2346 2616 2399 neque
2643 2330 2827 2386 iisdem
2856 2333 3262 2402 appetitionibus
3286 2333 3568 2403 agitantur.
3599 2332 3712 2387 Hoc

2129 2420 2273 2474 enim
2302 2421 2422 2474 vita:
2444 2420 2742 2476 institutum
2771 2423 3024 2491 magistro
3047 2424 3292 2477 c0nveuit
3312 2464 3326 2486 ,
3358 2433 3564 2492 tempus
3591 2438 3711 2477 cum

2131 2511 2465 2577 multitudine
2507 2526 2611 2566 non
2663 2522 2850 2576 terere,
2890 2511 2987 2568 sed
3031 2513 3204 2582 quiete
3233 2522 3288 2566 et
3335 2513 3557 2568 sollicite
3588 2529 3712 2584 per-

2130 2602 2342 2669 quirere
2383 2602 2580 2655 variam
2633 2617 2838 2656 morum
2888 2613 3044 2672 atque
3088 2604 3417 2672 ingeniorum
3461 2603 3709 2658 differen-

2131 2691 2298 2756 tiam,
2357 2692 2492 2746 sicut
2542 2692 2696 2761 periti
2747 2692 2937 2747 medici
3001 2692 3220 2747 faciunt.
3275 2693 3405 2747 Nam
3454 2695 3526 2746 illi
3570 2710 3712 2763 saepe

2127 2783 2278 2837 libris
2339 2784 2717 2851 immorantes,
2762 2787 3071 2841 morborum
3130 2801 3318 2841 causas
3377 2787 3712 2857 prauiicunt,

2127 2885 2181 2928 et
2226 2874 2458 2929 remedia
2513 2875 2746 2941 tradunt,
2784 2885 2990 2932 tantum
3037 2892 3158 2932 cum
3202 2877 3359 2946 :egris
3396 2889 3710 2943 versantes,

2129 2973 2384 3033 quantum
2415 2965 2611 3019 sufficit
2628 2965 2695 3020 ad
2721 2965 3089 3022 inveniendam
3117 2982 3333 3022 causam
3359 2969 3550 3033 morbi,
3575 2979 3627 3022 et
3647 2969 3712 3022 ad

2131 3054 2422 3109 remedium
2457 3055 2813 3110 adhibendum
2837 3098 2853 3123 ,
2887 3072 2986 3111 nec
3021 3074 3140 3111 cum
3176 3058 3304 3126 ipsis
3333 3057 3571 3112 ludentes
3614 3073 3714 3112 nec

2131 3146 2471 3214 prandentes.
2505 3145 2628 3200 ilico
2655 3148 2796 3201 enim
2827 3147 3044 3202 medica:
3073 3148 3282 3202 virtutis
3323 3147 3578 3217 professio
3609 3164 3712 3203 non

2129 3247 2230 3299 est,
2248 3251 2368 3291 cum
2385 3237 2538 3307 aegris
2549 3237 2820 3293 convivari
2837 3247 2928 3292 aut
2955 3239 3155 3304 ludere,
3179 3239 3272 3294 sed
3284 3249 3515 3311 :egrotan
3524 3251 3625 3296 tem
3645 3243 3713 3296 ad

2129 3325 2406 3381 sanitatem
2437 3327 2711 3383 reducere.
2726 3329 2917 3384 Desine
2939 3331 3116 3399 igitur,
3134 3346 3336 3400 quaeso,
3362 3342 3420 3388 et
3445 3332 3512 3386 de
3542 3332 3624 3388 his
3645 3348 3714 3388 no

2130 3418 2358 3487 amplius
2375 3418 2612 3490 disquire
2629 3461 2642 3482 ,
2670 3435 2792 3475 cum
2819 3421 2989 3474 virtus
3026 3435 3314 3493 numquam
3336 3423 3576 3478 vincatur
3603 3428 3716 3479 oris

2129 3509 2347 3566 cil'renis
2377 3509 2651 3569 hominum
2678 3511 2980 3584 vituperiis;
3013 3514 3106 3569 sed
3151 3514 3328 3585 potius
3369 3515 3495 3569 mihi
3533 3517 3716 3581 crede,

2130 3612 2184 3656 et
2223 3602 2438 3658 auribus
2488 3604 2591 3658 tuis
2639 3605 2894 3660 ostiarum
2938 3605 3240 3674 przestitue,
3278 3613 3338 3660 ut
3384 3621 3452 3660 ne
3497 3622 3711 3661 omnem

2131 3708 2430 3748 sermonem
2478 3693 2791 3759 admittant,
2834 3703 2994 3765 atque
3039 3696 3177 3750 intra
3231 3697 3498 3765 penetrale
3548 3697 3714 3752 susci-

2133 3782 2298 3851 piant,
2324 3783 2415 3852 qui
2447 3793 2679 3838 mentem
2706 3792 2850 3838 tuam
2879 3786 3170 3853 perturbet.
3195 3785 3260 3840 Et
3287 3785 3417 3840 mihi
3447 3788 3715 3854 permitte,

2131 3888 2190 3928 ea
2212 3889 2332 3944 quae
2353 3873 2476 3930 huic
2495 3875 2787 3930 narrationi
2803 3876 3000 3931 desunt
3019 3877 3310 3948 adimplere
3330 3895 3343 3931 :
3361 3876 3552 3932 festino
3573 3878 3713 3932 enim

2132 3964 2236 4020 iter
2252 3980 2429 4020 meum
2451 3965 2730 4036 perlicere.
2759 3966 2910 4022 Tunc
2939 3967 3250 4022 Theodorus
3271 3968 3465 4037 inquit:
3489 3968 3714 4024 Ubinam

2131 4071 2258 4113 sunt
2280 4059 2514 4128 episcopi
2539 4100 2557 4124 ,
2585 4059 2677 4129 qui
2701 4074 2824 4114 cum
2845 4061 3043 4115 nostris
3072 4060 3216 4115 missi
3245 4068 3397 4125 sunt,
3428 4060 3675 4132 Eulysius
3694 4101 3713 4128 ,

2135 4147 2421 4215 Palladius,
2439 4148 2692 4219 Cyriacus
2717 4159 2774 4204 et
2794 4149 3136 4205 Demetrius?
3160 4151 3386 4206 obscure
3410 4152 3603 4221 quippe
3620 4169 3714 4208 au-

2132 4238 2362 4294 divimus
2379 4239 2431 4294 in
2456 4240 2700 4295 exsilium
2721 4241 2913 4295 missos
2938 4256 3077 4297 esse.
3105 4241 3280 4296 Ense.
3310 4241 3366 4296 Si
3387 4242 3561 4312 priora
3584 4243 3668 4295 illa
3688 4285 3705 4308 ,

2137 4347 2257 4399 qua:
2276 4347 2306 4385 a
2324 4332 2477 4386 nobis
2491 4331 2705 4386 audiisti
2718 4332 2786 4387 de
2805 4332 2961 4388 beato
2973 4333 3343 4397 Joannc,clara
3359 4346 3405 4388 et
3426 4334 3705 4392 manifesta
3745 4335 3752 4347 ‘

2137 4424 2229 4478 tibi
2247 4425 2538 4490 sunt,nihil
2569 4425 2817 4480 habentia
2839 4426 3120 4490 mendacii,
3139 4436 3296 4495 atque
3325 4427 3369 4480 si
3395 4441 3579 4480 eorum
3604 4444 3710 4483 tne-

2135 4515 2334 4570 ministi
2356 4554 2374 4580 ,
2406 4516 2636 4571 narrabo
2663 4517 2821 4570 etiam
2844 4531 2906 4570 ea
2923 4555 2938 4577 ,
2963 4516 3030 4570 de
3060 4516 3251 4585 quibus
3279 4532 3364 4572 me
3394 4519 3710 4588 interrogas.

2205 4606 2335 4660 CAP.
2364 4623 2453 4661 xx.
2481 4637 2552 4648 —
2575 4606 2723 4662 Duc.
2760 4606 2834 4660 lta
2860 4605 3075 4661 abunde
3098 4623 3381 4676 persuasus
3413 4624 3554 4676 sum,
3580 4622 3714 4664 ωηι-

2135 4714 2291 4766 quam
2309 4698 2354 4752 si
2368 4714 2601 4768 praesens
2618 4701 2747 4754 locis
2767 4700 2896 4769 ipsis
2915 4699 3220 4756 adfuissem.
3237 4701 3517 4757 Sufficiens
3533 4714 3710 4759 autem

2138 4807 2271 4845 meae
2293 4793 2652 4861 persuasionis
2678 4793 2932 4847 indicium
2959 4793 3051 4847 tibi
3075 4794 3145 4848 sit
3172 4795 3394 4849 attentio
3421 4796 3485 4850 ad
3508 4812 3567 4850 ea
3592 4813 3712 4866 qua:

2134 4884 2274 4939 dicta
2297 4893 2439 4950 sunt,
2461 4899 2687 4956 quorum
2714 4885 2885 4941 adhuc
2906 4887 3122 4940 auribus
3141 4888 3472 4944 insonantem
3508 4906 3712 4944 metuo-

2137 4978 2269 5028 riam
2299 4975 2499 5030 habens
2522 5016 2536 5040 ,
2564 4975 2698 5029 forte
2724 4975 2924 5044 scriptu
2949 4991 3010 5031 ea
3033 4977 3296 5032 mandabo
3327 4977 3377 5032 in
3405 4980 3711 5035 membrana

2135 5069 2333 5137 optima
2353 5076 2649 5122 atramento
2681 5065 2970 5137 descripta.
2999 5069 3067 5124 ad
3097 5071 3404 5125 memoriam
3436 5072 3709 5128 hominum

2134 5160 2308 5214 anatis
2326 5169 2543 5224 nostrae,
2565 5169 2722 5228 atque
2738 5159 3017 5215 utilitatem
3040 5176 3225 5216 eorum
3243 5163 3330 5231 qui
3349 5165 3709 5233 episcopatum

2135 5249 2468 5314 desiderant;
2495 5260 2552 5303 ut
2569 5251 2676 5305 sint
2704 5252 2998 5307 secundum
3024 5252 3234 5306 beatum
3256 5253 3513 5309 Joannem
3540 5266 3594 5310 et
3617 5272 3712 5310 eos

2136 5340 2290 5409 hujus
2331 5340 2606 5410 temporis,
2657 5342 2746 5412 qui
2800 5357 2895 5411 pro
2950 5343 3172 5396 veritate
3218 5353 3508 5414 martyrum
3567 5345 3706 5400 viam

2135 5430 2364 5486 aemulati
2407 5439 2552 5494 sunt,
2607 5442 2698 5486 aut
2743 5431 2994 5487 desinant
3037 5447 3174 5487 onus
3217 5450 3376 5504 supra
3405 5436 3544 5490 vires
3585 5452 3710 5491 suas

2136 5533 2366 5590 portare,
2406 5522 2594 5576 laicam
2639 5533 2694 5578 et
2723 5524 2944 5592 periculi
2985 5533 3258 5593 expertem
3308 5525 3465 5579 vitam
3506 5527 3711 5597 ample-

2134 5625 2356 5668 t-teutcs.
2385 5612 2610 5668 Przcstat
2625 5616 2765 5670 enim
2788 5616 2926 5685 apud
2944 5619 3140 5686 peritos
3164 5617 3564 5686 gubernatores,
3585 5620 3710 5675 dato

2137 5706 2292 5760 naulo
2317 5715 2558 5761 vectores
2583 5708 2760 5762 salvos
2782 5709 3031 5773 evadere,
3054 5724 3213 5777 quam
3240 5710 3706 5779 gubernatorislo-

2137 5814 2253 5852 eum
2280 5806 2583 5862 sumentes,
2614 5814 2800 5852 navem
2827 5814 2946 5852 cum
2985 5799 3249 5854 mercibus
3274 5801 3545 5871 naufragio
3583 5817 3708 5871 per-

2136 5890 2283 5945 dere.
2316 5889 2407 5942 llis
2435 5887 2594 5960 igitur
2625 5891 2693 5946 de
2727 5892 2880 5946 beato
2900 5891 3107 5946 Joanne
3136 5895 3407 5962 expositis.
3439 5895 3706 5964 quomodo

2137 5982 2456 6038 severiorem
2484 5981 2647 6037 vitam
2675 5983 2990 6050 exercuerit,
3017 5993 3069 6039 et
3089 5984 3356 6054 quomodo
3379 5983 3430 6039 iu
3459 5983 3712 6040 Ecclesia
