4504 6706
787 560 846 614 7i
2062 549 2377 611 PALLADII
2418 549 2758 613 DIALOCUS
3989 564 4060 621 τε

790 671 1077 736 refulserit,
1100 671 1213 726 sive
1238 668 1603 733 Antiochensi,
1631 667 1742 723 sive
1758 664 2367 737 Constantanpolitana,

787 774 843 820 et
862 763 1129 835 quomodo
1158 772 1430 833 promotus
1451 761 1626 827 fuerit,
1648 770 1739 814 aut
1772 769 1902 829 quot
1934 762 2153 817 insidias
2183 774 2369 828 passus

790 856 981 920 fuerit,
1011 864 1168 922 atque
1196 868 1382 908 omnes
1406 853 1543 908 inter
1570 867 1633 907 ea
1661 852 1981 907 acerbitates
2001 894 2017 917 ,
2041 867 2158 921 quac
2179 850 2245 905 ab
2272 850 2364 903 im-

792 946 969 1015 probis
1014 944 1238 999 moleste
1279 945 1564 999 elaborata:
1606 949 1751 1008 sunt,
1793 957 1913 996 cum
1941 940 2139 999 dixeris
2165 951 2217 996 et
2252 954 2372 1009 qua:

792 1036 1145 1108 Porphyrium
1177 1045 1447 1104 spectant,
1494 1040 1549 1087 et
1588 1031 1902 1087 Eunuchum
1948 1033 2142 1104 Ephesi
2170 1028 2373 1100 episco-

793 1143 952 1198 pum;
991 1128 1228 1192 enuntia,
1259 1140 1466 1195 precor,
1500 1126 1658 1181 nobis
1691 1125 1892 1196 reliqua
1928 1143 1941 1179 :
1987 1135 2040 1181 et
2063 1124 2275 1195 quinam
2314 1123 2368 1175 in

794 1232 1009 1275 carcere
1039 1217 1228 1273 mortui
1254 1217 1391 1283 sint,
1418 1219 1633 1287 quinam
1663 1218 1714 1271 in
1742 1217 1985 1272 exsilium
2014 1217 2117 1271 acti
2142 1256 2156 1279 ,
2187 1229 2371 1269 eorum

793 1311 1027 1381 quicum
1061 1308 1266 1364 Joanne
1306 1308 1775 1363 communicabant
1817 1326 1831 1361 :
1868 1310 2067 1376 justum
2107 1306 2247 1361 enim
2292 1306 2375 1359 es”!

790 1404 947 1458 etiam
978 1402 1166 1457 horum
1193 1402 1502 1457 memoriam
1526 1400 1700 1454 facere
1726 1399 1791 1452 ad
1818 1398 2147 1454 excitandam
2177 1397 2374 1450 alaeri-

789 1503 948 1549 tatem
974 1493 1284 1547 viventium.
1313 1491 1368 1546 Si
1395 1490 1534 1545 enim
1558 1490 1610 1543 in
1638 1488 1719 1543 his
1744 1488 2087 1542 sarcularibus
2112 1487 2271 1542 rebus
2287 1486 2366 1541 fa-

787 1584 937 1649 muli,
974 1583 1062 1653 qui
1094 1598 1189 1652 pro
1215 1582 1446 1637 dominis
1484 1582 1536 1635 in
1574 1594 1843 1635 carcerem
1872 1578 2249 1649 conjiciuntur,
2278 1588 2372 1634 aut

790 1674 1141 1729 verberantur
1163 1714 1180 1740 ,
1210 1682 1302 1727 aut
1328 1679 1637 1740 torquentur
1655 1710 1671 1735 ,
1699 1669 2125 1724 benevolentiam
2156 1669 2375 1725 liberta-

791 1777 1007 1836 temque
1052 1764 1119 1818 ab
1154 1765 1280 1833 ipsis
1322 1769 1761 1831 consequuntur:
1811 1769 2010 1832 quanto
2065 1760 2235 1831 magis
2283 1762 2373 1831 qui

792 1866 1010 1926 propter
1050 1855 1317 1909 Christum
1363 1852 1639 1922 suppliciis
1680 1851 2005 1918 afficiuntur,
2054 1851 2199 1921 digni
2248 1863 2373 1906 sunt

790 1950 995 2005 honore
1032 1948 1415 2015 ecclesiastico,
1463 1957 1623 2018 atque
1657 1947 2070 2002 benevolentia?
2097 1947 2164 2001 de
2183 1946 2372 2015 quibus

794 2038 1087 2111 Apostolus
1105 2040 1213 2095 ait:
1262 2040 1453 2095 Vinctis
1497 2040 1642 2110 quasi
1682 2040 1833 2094 simul
1875 2039 2025 2091 vincti
2076 2035 2228 2107 (Heb.
2278 2036 2366 2092 l0.

788 2133 879 2203 ’54)
909 2174 924 2197 ,
970 2142 1128 2203 atque
1187 2132 1254 2187 iis
1300 2133 1389 2201 qui
1445 2130 1766 2186 vexabantur
1793 2170 1809 2195 ,
1855 2128 2005 2197 quasi
2068 2126 2370 2183 vexationis

792 2225 1148 2294 socii,utpote
1192 2233 1246 2287 et
1273 2223 1370 2293 ipsi
1418 2223 1471 2276 in
1523 2234 1749 2289 corpore
1796 2218 2093 2274 constituti.
2137 2217 2372 2273 Pretiosa

787 2314 929 2368 enim
958 2324 1032 2370 est
1081 2315 1133 2377 in
1176 2322 1441 2382 conspectu
1487 2310 1695 2365 Domini
1756 2326 1891 2364 mors
1934 2317 2222 2365 sanctorum
2261 2308 2372 2379 ejus

786 2397 957 2465 (Psal.
1002 2404 1275 2475 “5.15).
1319 2402 1416 2457 Ep.
1472 2401 1684 2471 Optime
1733 2400 1916 2455 dixisti
1965 2417 1979 2454 ε
2037 2400 2159 2455 audi
2189 2399 2367 2470 igitur.

788 2498 1037 2569 Episcopi
1073 2496 1313 2567 quidem,
1358 2506 1416 2550 ut
1460 2496 1609 2549 initio
1657 2493 1795 2548 fama
1847 2494 2096 2563 vulgavit,
2126 2493 2179 2547 in
2226 2507 2371 2548 mare

789 2588 1016 2644 demersi
1041 2595 1199 2642 sunt:
1223 2595 1283 2641 ut
1315 2596 1492 2642 autem
1526 2599 1583 2639 se
1614 2584 1774 2638 habet
1800 2584 2015 2648 veritas,
2046 2583 2097 2636 in
2126 2582 2369 2636 exsilium

786 2679 1127 2751 longinquum
1175 2679 1311 2749 pulsi
1338 2688 1461 2732 sunt
1504 2677 1558 2731 in
1587 2676 1836 2730 barbaras
1886 2676 2158 2743 regiones,
2191 2674 2370 2743 ibique

785 2772 945 2827 ctiam
998 2784 1137 2825 nunc
1200 2784 1232 2823 a
1285 2768 1452 2824 servis
1511 2766 1737 2836 publicis
1783 2764 2170 2820 custodiuntur.
2234 2762 2366 2817 Nam

784 2880 905 2919 cum
953 2861 1186 2919 venisset
1250 2860 1465 2931 quidam
1532 2858 1832 2922 diaconus,
1884 2857 1975 2926 qui
2029 2856 2187 2910 simul
2242 2870 2365 2910 cum

785 2957 865 3012 eis
891 2954 992 3011 iter
1018 2954 1233 3019 iecerat,
1261 2950 1461 3015 retulit,
1487 2948 1767 3021 Cyriacum
1803 2946 2018 3017 quidem
2046 2946 2367 3001 Emesenum
2406 2958 2415 2964 ‘

785 3045 1048 3118 Palmyraa
1076 3045 1126 3099 in
1157 3043 1439 3098 Persarum
1460 3040 1682 3094 castello
1710 3053 1850 3102 esse,
1880 3037 2147 3106 octoginta
2176 3036 2369 3090 millia-

756 3160 759 3161 ν
787 3138 935 3192 ribus
963 3136 1099 3191 ultra
1130 3134 1373 3189 Emesam
1409 3150 1423 3186 :
1453 3131 1724 3202 Eulysium
1755 3129 2031 3194 similiter,
2060 3128 2367 3198 episcopum

787 3229 1010 3294 Bostraa,
1036 3226 1255 3282 ulterius
1281 3225 1469 3279 itinere
1489 3223 1645 3276 trium
1673 3220 1875 3275 dierum
1904 3220 1956 3273 in
1990 3219 2210 3274 castello
2234 3221 2367 3273 Ara-

786 3319 934 3387 bum,
963 3317 1196 3388 Misphas
1220 3315 1386 3381 dicto,
1415 3312 1695 3370 Saracenis
1732 3310 2009 3381 adjacente
2033 3327 2046 3363 :
2072 3309 2365 3365 Palladium

786 3411 1093 3483 episcopum
1122 3409 1177 3463 in
1207 3407 1397 3463 vicinia
1440 3405 1771 3477 Blemmyum
1804 3412 1896 3458 aut
1926 3401 2243 3472 EthiOpum
2271 3417 2337 3456 cu
2362 3437 2368 3443 -

787 3504 994 3569 stodiri,
1038 3502 1092 3557 in
1129 3501 1325 3570 oppido
1359 3497 1536 3570 Syene
1565 3496 1707 3553 dicto
1742 3513 1755 3549 :
1791 3494 2117 3550 Demetrium
2148 3492 2371 3547 interius

789 3598 842 3652 in
865 3594 1011 3658 0asi,
1035 3592 1315 3647 Mazicibus
1337 3589 1612 3661 proxima;
1643 3596 1767 3643 sunt
1787 3586 1929 3642 enim
1958 3594 2010 3640 ct
2032 3584 2150 3640 alia:
2169 3584 2367 3639 0ases:

789 3687 1133 3757 Serapionem
1164 3692 1342 3738 autem
1375 3690 1494 3753 post
1527 3681 1831 3735 innumeras
1860 3678 2063 3747 absque
2092 3677 2195 3731 ulla
2241 3692 2369 3747 pro-

791 3781 1005 3837 batione
1035 3777 1329 3833 calumnias
1349 3816 1364 3841 ,
1409 3788 1617 3829 summa
1644 3788 1764 3827 cum
1793 3771 2029 3842 judicum
2060 3770 2371 3826 crudelitate

791 3890 1009 3940 caesum,
1041 3871 1107 3928 ad
1137 3869 1504 3927 excussionem
1530 3882 1697 3937 usque
1725 3866 1983 3930 dentium,
2016 3872 2074 3918 ut
2104 3863 2237 3917 fama
2264 3873 2368 3929 est,

792 3968 849 4022 in
876 3964 1102 4036 patriam
1130 3975 1280 4015 suam
1316 3959 1642 4029 relegaront.
1672 3955 1906 4011 Hilarius
1925 3996 1941 4020 ,
1967 3954 2051 4008 vir
2079 3961 2294 4007 sanctus
2320 3961 2373 4005 et

795 4071 982 4121 senex,
1005 4054 1058 4109 in
1082 4052 1324 4107 intimum
1347 4050 1572 4104 Pontum
1594 4047 1779 4119 pulsus
1797 4054 1899 4111 est,
1919 4045 2085 4116 plagis
2105 4044 2371 4109 concisus,

795 4163 903 4205 non
932 4162 963 4201 a
983 4144 1183 4216 judice,
1213 4141 1307 4197 sed
1334 4156 1363 4195 a
1389 4142 1535 4195 clero
1569 4156 1582 4192 :
1610 4137 1701 4207 qui
1744 4137 1928 4191 decem
1953 4144 2009 4190 et
2035 4142 2156 4189 octo
2185 4132 2377 4187 abhinc

794 4240 950 4297 annis
985 4252 1173 4310 panem
1202 4251 1307 4290 non
1339 4233 1595 4305 gustavit,
1629 4231 1775 4286 olera
1814 4228 1925 4283 sola
1963 4235 2019 4283 et
2054 4227 2376 4282 frumentum

794 4342 1004 4389 coctum
1033 4328 1217 4385 edens.
1262 4325 1526 4381 Antonius
1574 4323 1625 4376 in
1657 4320 1924 4390 speluncis
1959 4318 2250 4373 Palmstinae
2288 4330 2377 4370 se-

796 4426 969 4496 ipsum
1011 4418 1312 4476 conclusit:
1353 4414 1666 4470 Timotheus
1714 4412 2010 4473 Maronem,
2055 4416 2109 4464 ct
2145 4407 2378 4462 Joannes

796 4514 977 4586 Lydia:
1005 4510 1237 4582 episc0pi
1262 4551 1277 4575 ,
1310 4509 1363 4562 in
1406 4504 1711 4561 Macedonia
1737 4516 1859 4558 esse
1900 4500 2149 4556 dicuntur
2179 4517 2192 4552 :
2226 4497 2377 4551 Rho-

796 4605 926 4671 don,
957 4603 1237 4673 episcopus
1263 4599 1435 4659 Asiae,
1467 4594 1753 4665 Mitylenen
1784 4589 2050 4661 profectus
2080 4598 2163 4645 est
2194 4604 2206 4640 :
2240 4586 2378 4643 Gre-

799 4694 1014 4766 gorius,
1054 4691 1237 4762 Lydia:
1262 4689 1577 4760 cpiscopus,
1619 4685 1672 4739 in
1717 4682 1945 4753 Phrygia
1984 4694 2102 4735 esse
2138 4678 2331 4733 dicitur
2363 4695 2377 4731 :

805 4787 985 4844 ‘irisso
1009 4792 1207 4847 autem,
1231 4779 1396 4836 frater
1421 4774 1662 4841 Palladii,
1690 4773 1922 4829 Ecclesia
1950 4785 2045 4827 sua
2072 4770 2212 4825 ultro
2231 4770 2383 4824 dere—

804 4881 963 4944 aicta,
1005 4878 1059 4931 in
1088 4874 1261 4945 agello
1290 4886 1387 4927 suo
1428 4869 1602 4940 degit,
1635 4876 1830 4922 terram
1872 4862 2099 4934 propriis
2141 4861 2383 4916 manibus

803 4968 1030 5024 fodiens.
1074 4963 1379 5033 Lampetius
1403 4976 1552 5025 vero,
1597 4967 1655 5013 ut
1682 4957 1849 5023 aiunt,
1882 4955 1934 5010 in
1979 4952 2174 5025 oppido
2202 4951 2383 5023 Lydize

803 5075 832 5113 a
864 5055 1094 5129 quodam
1124 5052 1413 5108 Eleuthero
1436 5049 1667 5119 adjutus,
1700 5044 2015 5103 lectionibus
2044 5052 2198 5099 vacat
2226 5060 2240 5097 :
2271 5042 2381 5096 Eu-

802 5148 994 5221 genius
1020 5146 1071 5201 in
1100 5144 1267 5215 patria
1295 5150 1379 5198 est
1406 5158 1419 5195 :
1451 5137 1705 5209 Elpidius,
1742 5151 1962 5207 magnus
1992 5135 2081 5191 ille
2109 5132 2384 5189 Laodicea:

804 5241 973 5314 Syria:
1001 5238 1301 5308 episcopus,
1336 5243 1387 5289 et
1412 5232 1644 5302 Pappus,
1684 5244 1779 5300 per
1808 5238 1973 5283 totum
2000 5225 2285 5282 triennium
2315 5223 2384 5278 de

804 5333 951 5389 scala
997 5330 1183 5386 domus
1238 5344 1348 5383 suac
1396 5342 1500 5382 non
1554 5321 1945 5379 descenderunt
1992 5317 2384 5389 precationibus

808 5433 1055 5481 vacantes
1098 5439 1110 5475 :
1156 5418 1460 5476 Heraclidas
1511 5416 1774 5487 Ephesius
1827 5412 2225 5482 quadriennium
2271 5408 2384 5478 jam

808 5513 1127 5572 Nicomedia:
1170 5512 1223 5566 in
1268 5524 1479 5565 carcere
1527 5507 1761 5562 inclusus
1803 5512 1905 5557 est.
1952 5501 2159 5570 Reliqui
2201 5509 2382 5554 autem

807 5605 1043 5677 episcopi
1069 5604 1136 5659 de
1162 5602 1533 5659 communione
1562 5597 1783 5654 Joannis
1802 5635 1817 5659 ,
1848 5594 1990 5648 omni
2019 5608 2114 5661 spe
2155 5592 2382 5659 abjecta,

806 5698 896 5753 alii
925 5694 1138 5766 quidem
1175 5693 1631 5748 communicarunt
1661 5687 1854 5749 Attico,
1885 5694 1938 5740 et
1962 5684 2013 5738 in
2042 5684 2173 5738 alias
2209 5682 2383 5736 Thra-

807 5790 904 5843 cia:
927 5784 1201 5842 Ecclesias
1247 5782 1484 5837 translati
1533 5787 1703 5840 sunt;
1751 5777 1837 5830 alii
1883 5790 2008 5831 vero
2048 5774 2383 5829 delitescunt.

809 5878 1109 5933 Anatolium
1132 5875 1281 5931 aiunt
1302 5888 1421 5929 esse
1447 5874 1499 5928 in
1526 5871 1731 5928 Galliis.
1762 5868 1928 5923 Porro
1953 5866 2385 5937 presbyterorum

810 5968 901 6025 alii
922 5985 973 6023 in
995 5968 1242 6024 Arabiam
1269 5972 1324 6023 et
1349 5964 1682 6021 Palaestinam
1705 5959 1971 6016 amandati
1994 5966 2119 6015 sunt
2142 5974 2154 6012 :
2178 5953 2388 6025 Tigrius

2478 667 2530 723 in
2561 670 2994 741 Mesopotamiam
3026 672 3287 744 relegatus
3322 682 3403 729 cst
3434 691 3448 729 :
3481 673 3754 743 Philippus
3793 679 3844 734 in
3886 681 4059 736 Ponto

2475 761 2624 815 exsul
2657 771 2897 817 mortuus
2924 772 3004 817 est
3034 780 3047 816 :
3074 763 3402 835 Theophilus
3429 766 3479 820 in
3498 764 3852 835 Paphlagonia
3880 770 4053 841 degit:

2475 848 2726 915 Joannes,
2759 851 2957 908 Ethrii
2985 854 3143 919 illius,
3173 855 3430 911 Cinsarea:
3457 856 3753 911 construxit
3784 870 4056 915 monaste-

2478 942 2616 997 rium
2645 963 2657 996 :
2683 945 3009 1012 Stephanum
3036 947 3085 1001 in
3111 949 3359 1003 Arabiam
3390 950 3703 1020 relegatum,
3726 964 3757 1003 e
3779 951 4057 1007 custodum

2478 1037 2726 1091 manibus
2754 1037 3098 1105 abstractum,
3143 1040 3307 1095 Isauri
3340 1042 3392 1095 in
3422 1042 3653 1097 Taurum
3702 1041 4055 1097 dimiserunt:

2478 1125 2786 1181 Sallustium
2832 1126 2884 1180 in
2926 1128 3082 1182 Creta
3112 1146 3233 1186 esse
3274 1133 3475 1189 dicunt.
3525 1135 3712 1190 Audivi
3756 1134 4058 1205 Philippum

2477 1218 2819 1281 monachum,
2850 1226 2905 1273 et
2930 1222 3295 1291 presbyterum
3326 1224 3662 1294 Scholarum,
3690 1229 3741 1282 in
3772 1228 4056 1298 Campania

2477 1317 2755 1379 aegrotare.
2796 1308 3127 1379 Sophronius
3155 1311 3410 1368 diaconus
3441 1317 3494 1369 iit
3524 1318 3810 1374 Thebaidis
3836 1335 4057 1375 carcere

2477 1400 2745 1455 detinetur
2776 1419 2788 1453 :
2822 1401 3016 1456 Paulus
3044 1400 3332 1468 diaconus,
3370 1411 3634 1462 meonomi
3660 1410 3890 1479 adjutor,
3920 1412 4061 1467 dici-

2479 1501 2565 1548 tur
2591 1494 2643 1548 in
2669 1494 2844 1549 Africa
2872 1493 3075 1549 versari
3108 1513 3122 1548 :
3156 1494 3289 1547 alius
3317 1495 3528 1563 Paulus,
3557 1499 3812 1557 diaconus
3834 1505 4061 1557 Anasta-

2478 1584 2592 1650 siie,
2618 1585 2998 1655 Hierosolymis
3023 1584 3151 1638 vivit
3182 1602 3194 1637 :
3226 1584 3517 1652 Helladius,
3543 1590 3823 1660 presbyter
3848 1592 4059 1660 Palatii,

2478 1677 2531 1732 in
2562 1678 2733 1748 agello
2759 1692 2856 1732 suo
2884 1675 3143 1746 Bithynia:
3164 1676 3323 1731 vitam
3350 1677 3473 1748 agit.
3504 1678 3690 1733 Plures
3717 1691 3892 1736 autem
3911 1681 4059 1737 Con-

2479 1770 2821 1838 stantinopoli
2842 1769 3159 1824 delitescunt
3184 1785 3197 1821 :
3220 1768 3307 1823 alii
3340 1771 3391 1823 in
3422 1771 3622 1839 patrias
3646 1788 3769 1827 suas
3790 1774 4058 1831 abierunt.

2475 1859 2749 1925 Silvanus,
2779 1871 2993 1915 sanctus
3018 1861 3298 1929 episcopus
3318 1901 3332 1925 ,
3362 1861 3573 1919 Troade
3599 1866 3833 1935 piscatur
3850 1906 3866 1930 ,
3896 1875 3950 1920 et
3974 1867 4060 1936 pi-

2475 1957 2622 2002 scatu
2652 1950 2781 2003 vivit
2814 1969 2827 2005 :
2871 1950 3169 2021 Stephanus
3197 1952 3490 2007 monachus
3511 1994 3525 2017 ,
3572 1956 3662 2022 qui
3698 1954 4059 2011 Romanorum

2473 2038 2725 2108 epistolas
2774 2040 3000 2105 detulit,
3050 2042 3120 2097 ob
3166 2041 3218 2095 id
3271 2042 3443 2111 ipsum
3489 2044 3818 2111 verberatus,
3872 2046 4061 2101 decem

2474 2143 2686 2185 menses
2721 2130 3180 2201 Constantinopoli
3227 2133 3281 2185 in
3307 2147 3523 2188 carcere
3548 2135 3710 2187 vitam
3755 2136 3880 2205 egit.
3924 2137 4059 2191 Cum

2473 2230 2650 2278 autem
2691 2223 2738 2277 ei
2767 2224 3070 2278 communio
3101 2225 3367 2294 proposita
3411 2234 3588 2291 esset,
3620 2236 3674 2281 et
3712 2242 3816 2281 non
3846 2228 4064 2298 acquie-

2475 2314 2659 2381 visset,
2684 2313 2937 2369 lateribus
2966 2325 3020 2369 et
3053 2325 3267 2384 pectore
3289 2316 3604 2386 ungularum
3636 2316 3885 2372 violentia
3919 2318 4063 2373 lace-

2476 2404 2635 2468 ratis,
2664 2404 2814 2473 cujus
2841 2404 2917 2458 rei
2945 2405 3059 2474 ipse
3082 2405 3325 2460 oculatus
3353 2406 3501 2459 testis
3526 2404 3623 2471 fui,
3655 2405 3852 2461 Christi
3878 2408 4059 2477 provi-

2475 2493 2652 2548 dentia
2694 2494 2748 2548 in
2792 2494 3019 2549 secunda
3051 2494 3277 2549 fortasse
3316 2497 3603 2550 certamina
3632 2507 3901 2563 servatus,
3938 2507 4061 2567 post

2475 2583 2739 2640 decimum
2765 2586 3056 2640 curationis
3082 2600 3191 2640 suae
3220 2601 3480 2649 mensem,
3507 2585 3772 2641 Pelusium
3796 2588 4061 2657 relegatus

2474 2683 2576 2730 est.
2621 2675 2970 2729 Provincialis
2996 2675 3209 2744 quidam
3235 2676 3406 2739 miles,
3452 2690 3516 2729 ex
3543 2675 3754 2729 Scholia
3784 2677 4053 2743 Palatinis,

2473 2772 2751 2818 accusatus
2778 2773 3043 2833 tamquam
3069 2763 3292 2818 Joannis
3321 2763 3513 2828 fautor,
3542 2773 3661 2832 post
3687 2765 3816 2818 varii
3847 2767 4059 2834 generis

2472 2852 2653 2923 plagas
2678 2860 2732 2907 et
2752 2852 3112 2907 atrocissimas
3141 2852 3448 2907 abrasiones
3470 2852 3652 2907 Petras
3681 2853 3830 2907 exsul
3859 2854 4055 2910 missus

2474 2954 2576 3000 est.
2624 2944 2818 3014 Elpidii
2848 2959 2975 2998 vero
3020 2943 3317 3014 presbyteri
3365 2942 3609 3010 famulus,
3650 2945 4057 3015 quinquaginta,

2476 3047 2533 3091 ut
2561 3038 2728 3103 aiunt,
2759 3037 2935 3091 aureis
2959 3035 3276 3101 conductus,
3305 3044 3365 3090 ut
3387 3045 3625 3089 sanctum
3650 3035 3914 3091 Joannem
3934 3037 4059 3093 dolo

2474 3128 2797 3183 interficeret
2836 3144 2850 3181 :
2882 3141 3003 3181 cum
3031 3124 3395 3194 deprehensus
3425 3135 3568 3179 esset
3595 3133 3706 3180 tres
3732 3126 3934 3195 gladios
3960 3128 4057 3180 ha-

2473 3220 2617 3285 bere,
2642 3227 2845 3289 septem
2872 3232 2938 3272 ex
2965 3217 3027 3271 iis
3056 3218 3145 3286 qui
3175 3217 3347 3286 ipsum
3373 3216 3851 3285 apprehenderant,
3875 3218 4058 3287 singil-

2471 3312 2618 3366 latim
2671 3309 2982 3379 pereussit:
3028 3322 3251 3376 quorum
3298 3314 3525 3375 quatuor
3568 3306 3819 3361 continuo
3864 3308 4065 3377 scpulti

2473 3411 2618 3467 sunt,
2646 3402 2733 3455 alii
2763 3409 2940 3455 autem
2969 3407 3079 3453 tres
3105 3406 3223 3468 post
3247 3397 3550 3452 diuturnam
3571 3398 3900 3453 curationem
3921 3399 4054 3453 salvi

2476 3501 2783 3556 evaserunt,
2815 3490 3060 3546 absoluto
3088 3488 3372 3544 homicida.
3404 3488 3598 3543 Beatus
3624 3489 3927 3559 Eutrapius,
3958 3505 4057 3559 pn-

2477 3599 2568 3640 rus
2594 3600 2624 3638 a
2652 3580 2983 3645 mulieribus,
3012 3590 3217 3645 cantor,
3250 3578 3567 3633 verberibus
3586 3592 3777 3644 cmsus,
3804 3588 3860 3634 et
3884 3580 4064 3634 lateri-

2476 3675 2574 3731 bus
2600 3688 2662 3727 ac
2691 3671 2864 3726 fronte
2907 3684 3077 3739 usque
3113 3668 3247 3723 adeo
3274 3667 3570 3732 laceratus,
3605 3675 3662 3721 ut
3696 3675 3750 3722 et
3776 3668 4063 3736 supercilia

2474 3778 2686 3835 quoque
2711 3761 2895 3818 evulsa
2922 3760 3063 3825 sint,
3096 3758 3300 3813 facibus
3325 3767 3596 3827 postremo
3621 3756 3688 3810 ad
3720 3757 3908 3824 latera,
3937 3767 4062 3827 post

2474 3869 2596 3910 ossa
2625 3853 2822 3908 nudata
2843 3891 2859 3916 ,
2897 3851 3167 3919 utrimque
3210 3847 3439 3903 admotis
3480 3846 3604 3901 oleo
3629 3847 3834 3917 plenis,
3862 3846 3914 3901 in
3944 3848 4063 3916 ipso

2478 3946 2703 4017 equuleo
2721 3944 2954 3998 animam
2983 3939 3277 4005 exhalavit,
3310 3938 3589 4008 mediaque
3618 3946 3777 3992 nocte
3818 3937 4065 4007 sepultus

2478 4046 2561 4092 est
2599 4052 2629 4090 a
2666 4034 2908 4099 clericis,
2937 4033 3025 4101 qui
3072 4032 3174 4085 hoc
3214 4037 3518 4099 patrarant;
3558 4041 3680 4082 cum
3722 4027 3860 4081 Deus
3901 4026 4061 4080 morti

2481 4128 2596 4199 ejus
2619 4125 2979 4181 testimonium
3023 4122 3338 4192 praebuisset
3366 4119 3572 4174 visione
3599 4119 3962 4190 psallentium,
3990 4118 4065 4172 ob

2482 4218 2783 4276 Servatoris
2833 4215 3095 4285 passionis
3135 4212 3582 4267 conformitatem.
3638 4210 3839 4266 Retulit
3883 4220 4061 4263 autem

2484 4314 2744 4368 diaconus
2778 4309 2866 4379 qui
2893 4306 2961 4360 ab
2981 4305 3244 4376 episcopis
3272 4303 3449 4368 rediit,
3470 4317 3503 4358 a
3525 4302 3762 4357 Praefecti
3786 4300 4063 4365 militibus,

2482 4404 2571 4476 qui
2599 4417 2693 4459 eos
2721 4400 3076 4462 deduxerunt,
3104 4409 3271 4466 usque
3304 4394 3439 4449 adeo
3466 4393 3615 4463 jussu
3641 4393 3937 4463 aliquorum
3965 4404 4061 4442 ve-

2483 4504 2669 4559 xatos,
2702 4502 2762 4547 ut
2802 4490 2939 4546 mori
2967 4496 3213 4558 optarent
3240 4494 3294 4540 ct
3332 4484 3513 4540 vivere
3553 4492 3879 4540 recusarent.
3926 4479 4059 4535 Nam

2483 4586 2775 4657 pecunias,
2807 4596 2938 4652 quas
2964 4581 3016 4634 iu
3056 4588 3297 4647 sumptus
3323 4576 3528 4631 itineris
3556 4575 3656 4629 sibi
3685 4579 4062 4642 sumpserant,

2486 4679 2694 4748 penitus
2738 4675 2988 4741 abreptas
3033 4671 3170 4725 inter
3213 4684 3270 4725 se
3316 4670 3493 4739 partiti
3523 4676 3678 4731 sunt,
3719 4666 3852 4721 etin
3882 4675 4062 4717 macra

2481 4770 2721 4837 jumenta
2747 4779 2843 4820 eos
2870 4762 3187 4832 injicientes,
3214 4761 3361 4817 bidui
3388 4762 3488 4815 iter
3518 4774 3623 4813 uno
3650 4757 3735 4811 die
3764 4755 4060 4809 faciebant:

2486 4859 2650 4914 multa
2681 4865 2836 4911 nocte
2879 4855 2929 4908 in
2960 4853 3249 4909 diversoria
3296 4850 3726 4911 introducentcs,
3768 4854 3823 4898 et
3855 4857 4064 4897 summo

2487 4961 2643 5003 mane
2668 4955 2792 5001 ante
2831 4944 3001 4999 lucem
3037 4943 3382 5007 reducentes,
3416 4942 3485 4994 ita
3513 4947 3569 4992 ut
3597 4951 3663 4990 ne
3693 4937 3915 4987 miseras
3943 4931 4063 5000 qui-

2487 5038 2608 5094 dem
2639 5050 2792 5091 escas
2820 5034 3127 5091 stomachus
3152 5034 3383 5089 retinere
3411 5037 3610 5100 posset.
3642 5024 3907 5093 Turpibus
3932 5038 4067 5092 pra:-

2488 5135 2632 5182 terea
2662 5134 2716 5181 et
2757 5124 3048 5180 inhonestis
3069 5123 3247 5179 verbis
3286 5136 3381 5176 eos
3425 5119 3681 5186 impetere
3726 5128 3832 5168 non
3875 5126 4064 5182 parce-

2488 5218 2635 5274 bant.
2680 5215 2910 5271 Palladio
2939 5215 3097 5270 etiam
3138 5213 3389 5268 famulum
3420 5206 3752 5263 abstulerunt
3775 5244 3790 5265 ,
3820 5203 3924 5256 vim
3964 5202 4063 5271 ipsi

2488 5309 2807 5374 inferentes,
2838 5318 2895 5363 ut
2934 5307 3154 5363 tabellas
3194 5304 3505 5372 deponeret.
3538 5294 3861 5351 Demetrium
3887 5301 4064 5349 autem

2489 5419 2623 5458 unus
2672 5417 2703 5457 e
2742 5401 3120 5458 deductoribus
3162 5408 3331 5465 usque
3371 5390 3505 5444 adeo
3547 5385 3779 5452 vexavit,
3820 5394 3879 5440 ut
3904 5386 4067 5442 multa

2489 5501 2646 5548 nocte
2674 5492 2884 5563 Bizyam
2916 5487 3253 5561 pervenerit;
3295 5481 3384 5552 qui
3415 5477 3590 5532 statim
3616 5476 3938 5546 gravissimis
3966 5476 4066 5532 do-

2491 5586 2691 5643 loribus
2735 5594 2846 5641 toto
2884 5597 3109 5653 corpore
3150 5576 3415 5632 cruciatus
3443 5568 3649 5624 vivendi
3694 5568 3851 5624 linem
3896 5568 4064 5624 fecit:

2493 5679 2562 5733 ita
2593 5686 2651 5732 ut
2678 5677 2852 5732 cuncti
2876 5676 3042 5730 Deum
3069 5672 3407 5725 venerantes,
3433 5670 3781 5729 agnoscerent
3803 5676 3918 5713 eam
3945 5671 4066 5714 esse

2490 5783 2702 5841 pcenam
2750 5766 3061 5837 injuriarum
3096 5780 3109 5811 :
3142 5771 3262 5811 cum
3309 5750 3639 5824 praedixisset
3679 5752 3728 5806 ei
3778 5747 4063 5806 Palladius,

2492 5871 2551 5917 ut
2576 5861 2743 5917 redux
2767 5857 2983 5927 quidam
3021 5848 3316 5907 commilito
3345 5846 3578 5899 narravit
3610 5861 3623 5897 :
3655 5842 3809 5899 Aliud
3834 5843 3934 5895 iter
3958 5850 4064 5891 non

2497 5952 2731 6018 incedcs,
2756 5947 2850 6005 sed
2870 5941 3245 6000 miserabiliter
3268 5937 3530 5993 morieris.
3563 5934 3812 5992 Ecclesiis
3840 5936 4065 5995 namque
