4526 6698
518 536 575 592 71
1499 540 1592 599 DE
1629 541 1793 599 VITA
1832 541 1893 598 S.
1932 537 2218 596 JOANMS
2256 538 2762 605 CHRYSOSTOMI.
3730 555 3799 611 72

521 646 1028 716 ςινουπολιτῶν,καὶ
1052 653 1202 715 ὅπως
1228 649 1369 722 ήχθη
1401 662 1451 715 ι,
1483 652 1577 706 καὶ
1596 652 1745 716 ὅπως
1773 653 2093 708 συνεσκευάο

515 731 641 803 σθη,
680 735 778 788 καὶ
837 736 1015 791 πάντα
1048 737 1117 789 τά
1144 733 1234 789 διὰ
1273 734 1441 806 μέσου
1480 734 1676 808 πικρά,
1715 735 1752 790 ἃ
1798 738 1949 810 παρὰ
1984 736 2094 791 τῶν

514 815 852 890 πλημμελῶν
903 818 1207 890 φιλοπόνως
1247 817 1663 889 γεγεώργηται,
1711 821 1881 876 εἰπών
1928 839 1988 875 τε
2023 821 2095 873 τὰ

512 903 655 957 κατά
706 904 797 959 τὸν
854 902 1164 974 Πορφύριον
1191 942 1206 965 ,
1255 902 1479 957 καὶτὸν
1520 902 1746 973 Ἐφέσου
1802 904 2091 976 Εὐνοῦχον,

511 984 846 1055 ἀπάγγειλον
894 988 1028 1056 ἡμῖν
1073 985 1143 1038 τά
1186 984 1462 1040 λείποντα.
1506 986 1663 1053 Τίνες
1697 990 1753 1044 δὲ
1783 993 1842 1045 ἐν
1876 988 2092 1059 φυλακῇ

510 1068 910 1140 ἐτελεύτησαν;
960 1066 1104 1132 τίνες
1150 1085 1210 1121 τε
1267 1068 1640 1142 ἐξωρίσθησαν
1685 1072 1795 1127 τῶν
1844 1071 2092 1125 Ἰωάννου

511 1150 876 1215 κοινωνικῶνς
911 1149 1120 1204 δίκαιον
1166 1151 1275 1224 γὰρ
1316 1152 1423 1207 τῶν
1452 1155 1709 1210 τοιούτων
1736 1155 1927 1227 μνείας
1972 1156 2093 1207 ἐπι-

509 1234 681 1287 τελεῖν
720 1235 802 1297 εἰς
833 1233 1145 1305 προθυμίαν
1203 1236 1311 1291 τῶν
1349 1237 1588 1304 ζώντων.
1641 1242 1705 1293 El
1746 1243 1856 1309 γάρ
1892 1240 1951 1292 ἐν
1977 1239 2091 1303 τοῖς

511 1316 785 1385 βιωτικοῖς
841 1316 1055 1383 τούτοις
1104 1321 1394 1394 πράγμασι
1452 1325 1640 1388 παῖδες
1676 1324 1726 1378 οί
1782 1322 1925 1392 ὑπὲρ
1979 1322 2090 1377 τῶν

506 1398 784 1452 δεσποτῶν
824 1402 1228 1475 συγκλειόμενοι
1278 1407 1313 1479 ἢ
1357 1407 1685 1478 τυπτόμενοι
1730 1405 1763 1476 ἢ
1822 1404 2086 1474 ξεόμενοιν

507 1482 721 1547 εὐνοίας
770 1486 868 1540 καὶ
924 1486 1237 1560 ἐλευθερίας
1293 1491 1428 1562 παρ’
1482 1492 1662 1545 αὐτῶν
1719 1488 2087 1554 ἀπολαύουσι,

507 1567 662 1637 πόσῳ
697 1569 859 1626 πλέον
897 1572 947 1625 οἰ
993 1573 1084 1627 διὰ
1108 1575 1342 1648 Χριστὸν
1361 1576 1785 1647 τιμωρούμενοι,
1820 1571 1962 1637 ἄξιοι
1997 1574 2089 1628 καὶ

506 1650 673 1721 τιμῆς
703 1653 1167 1728 ἐκκλησιαπικῆς
1197 1658 1292 1711 καὶ
1316 1657 1529 1721 εὐνοίας
1555 1656 1724 1721 είσίν;
1752 1655 1882 1727 περὶ
1897 1648 1971 1709 ὧν
1994 1656 2088 1710 καὶ

503 1734 533 1786 6
581 1734 898 1801 Ἀπόστολος
924 1737 1090 1806 λέγει·
1139 1741 1179 1792 Τ
1178 1738 1265 1805 ο“ς
1308 1739 1578 1811 δεσμίοις
1608 1740 1689 1804 ὡς
1726 1737 2089 1809 συνδεδεμέ-

504 1832 620 1883 νοι,
646 1823 760 1883 τοῖς
780 1821 1240 1892 κακουχουμένοις
1268 1822 1645 1894 συγκακουχού
1655 1839 1805 1893 μενοι
1825 1863 1840 1887 ,
1882 1824 1958 1887 ὡς
1995 1824 2090 1877 καὶ

505 1900 661 1953 αὐτοὶ
679 1904 737 1955 ἐν
764 1903 975 1972 σώματι
1004 1904 1174 1969 ὄντες.
1208 1906 1406 1977 Τίμιος
1433 1907 1541 1978 γάρ
1567 1906 1847 1961 ἐναντίον
1864 1907 2087 1974 Κυρίου

504 1986 540 2037 ό
578 1985 833 2053 θάνατος
864 1986 985 2041 τῶν
1012 1989 1201 2043 ὁσίων
1227 1990 1436 2045 αὑτοῦ.
1474 1991 1534 2043 '0
1561 1989 1809 2044 ’EIIIZK.
1854 1991 2087 2061 Ἀριστα

500 2065 686 2134 εἶπας·
713 2072 909 2126 οὐκοῦν
931 2074 1186 2128 ἄκουσον.
1214 2077 1277 2129 Oi
1302 2076 1402 2147 μὲν
1430 2074 1751 2139 ἐπίσκοποι,
1778 2074 1856 2137 ὡς
1894 2075 1994 2145 μὲν
2026 2077 2085 2129 ἐν

500 2153 756 2226 ἀρχαῖςή
790 2158 945 2227 φήμη
980 2158 1378 2229 περιέδραμεν,
1410 2160 1492 2221 εἰς
1535 2157 1809 2212 Θάλασσαν
1848 2157 2081 2211 ἐποντώ-

503 2236 706 2307 θησαν·
745 2239 819 2303 ώς
849 2240 906 2291 δὲ
933 2243 962 2293 ὀ
995 2240 1204 2312 ἀληθὴς
1247 2241 1493 2312 περιέχει
1532 2240 1710 2309 λόγος,
1761 2241 1842 2303 εἰς
1869 2239 2087 2311 ἐξορίαν

501 2320 792 2393 ὑπερόριον
821 2322 1207 2393 ἀπεστάλησαν
1245 2325 1302 2376 ἐν
1327 2326 1451 2386 ταῖς
1477 2324 1843 2395 βαρϐαρικαῖς
1864 2322 2084 2387 ζώναις,

499 2403 606 2457 ὐπὸ
630 2404 839 2474 δημίων
873 2406 1042 2458 εἰσέτι
1066 2408 1160 2458 καὶ
1185 2405 1280 2459 νῦν
1304 2407 1725 2477 φρουρούμενοι.
1753 2404 1955 2459 Ἐλθὼν
1980 2407 2087 2478 γάρ

495 2504 584 2549 τις
606 2488 823 2541 συνοδεύ
834 2506 931 2552 σας
959 2490 1144 2552 αὐτοῖς
1166 2490 1413 2553 διάκονος
1433 2491 1779 2561 ἀφηγήσατο,
1806 2490 2085 2561 Κυριακὸν

500 2571 598 2638 μὲν
628 2570 719 2623 τὸν
753 2570 992 2643 Ἐμέσης
1035 2572 1299 2644 ἐνδοτέρω
1348 2574 1680 2644 ὀγδοήκοντα
1729 2573 1971 2644 σημείων
2005 2577 2087 2640 εἰς

497 2655 819 2726 Παλμῦραν,
859 2658 920 2711 τὸ
967 2657 1075 2712 τῶν
1117 2658 1346 2729 Περσῶν
1392 2658 1672 2731 φρούριον,
1722 2655 1882 2711 εἶναι·
1908 2657 2083 2711 Εὐλύ-

497 2756 611 2793 σιον
660 2740 717 2793 δὲ
761 2741 1007 2813 Βόστρης
1040 2742 1138 2813 τῆς
1179 2741 1430 2813 Ἀράϐων
1459 2741 1728 2813 ἐσώτερον
1773 2741 1891 2795 ὁδὸν
1911 2741 2082 2814 τριῶν

493 2822 719 2893 ἡμερῶν
769 2824 971 2893 ὁμοίως
1022 2827 1103 2888 εἰς
1146 2825 1406 2897 φρούριον
1448 2827 1672 2894 Μισφᾶς
1707 2824 2076 2895 καλούμενον,

495 2905 722 2976 πλησίον
758 2907 866 2959 τῶν
913 2908 1277 2980 Σαρακηνῶν·
1322 2907 1618 2962 Παλλάδιον
1664 2908 1721 2961 δέ
1772 2908 2079 2978 Βλεμμύων

491 2988 527 3061 ἢ
575 2990 850 3043 Αἰθιόπων
892 2990 920 3030 δ
968 2992 1033 3043 ἐκ
1089 2993 1348 3058 γειτόνων
1412 2990 1767 3062 φρουρεῖσθαι
1833 2992 2011 3062 Συήνη
2048 3002 2072 3031 c

493 3071 830 3142 καλούμενον
875 3072 936 3147 τὸ
978 3074 1197 3143 χωρίον·
1242 3075 1554 3145 Δημήτριον
1582 3074 1691 3126 ἔσω
1737 3074 1819 3135 εἰς
1861 3074 2076 3137 Ὄασιν,

492 3156 590 3227 τὴν
616 3156 832 3225 γείτονα
851 3157 959 3211 τῶν
984 3157 1267 3223 Μαζίκων·
1295 3158 1402 3211 εἰσὶ
1420 3157 1529 3228 γάρ
1550 3158 1646 3211 καὶ
1671 3155 2077 3221 ἀλλαιὈάσεις·

492 3240 824 3309 Σαραπίωνα
844 3240 923 3305 δὲ,
952 3240 1092 3311 μετὰ
1116 3240 1317 3312 μυρίας
1351 3240 1776 3304 ἀναποδείκτους
1809 3257 2079 3311 συκοφαν-

490 3325 632 3388 τίας,
670 3324 914 3394 ὠμότητι
943 3323 1212 3377 δικαστῶν
1248 3323 1678 3396 καθυϐρίσαντες
1702 3325 1983 3395 αἰκισμοῖς
2016 3323 2078 3378 τὸ

492 3408 657 3478 σῶμα
684 3409 878 3478 μέχρις
897 3408 1143 3478 ἐκκοπῆς
1162 3407 1272 3462 τῶν
1302 3407 1554 3474 ὀδόντων,
1577 3408 1655 3472 ὡς
1680 3408 1856 3477 λόγος,
1878 3409 1960 3472 εἰς
1977 3408 2077 3481 τὴν

496 3490 632 3543 ἰδίαν
650 3491 883 3561 πατρίδα
902 3490 1261 3563 περιώρισαν.
1291 3488 1535 3563 Ἰλάριος,
1552 3492 1654 3561 ἀνῆ
1661 3510 1693 3563 ρ
1711 3492 1885 3560 ἅγιος,
1909 3509 2078 3564 γεγη-

494 3575 701 3646 ρακὼς,
723 3579 801 3638 εἰς
814 3576 1011 3629 Πόντον
1030 3577 1129 3647 τὴν
1145 3577 1408 3631 ἐνδοτάτω
1428 3576 1768 3646 ἐξαπεστάλη
1791 3575 1929 3646 μετά
1940 3576 2077 3648 πλη-

491 3660 616 3725 γάς,
634 3659 694 3711 οὐ
716 3659 994 3723 δικαστοῦ,
1017 3660 1153 3713 ἀλλὰ
1173 3660 1266 3712 τοῦ
1288 3659 1512 3731 κλήρου,
1528 3659 1588 3722 ὃς
1607 3658 2074 3714 ὀκτωκαιδέκατον

490 3741 612 3804 ἐτος
640 3742 774 3812 ἔχει,
819 3743 893 3815 μή
942 3745 1277 3813 γευσάμενος
1325 3743 1514 3815 ἄρτου,
1558 3742 1729 3813 ψιλῶν
1757 3743 2071 3816 λαχάνωνῆ

489 3826 735 3881 κολύϐων
771 3828 1223 3898 μεταλαμϐάνων.
1256 3827 1545 3891 ’Λντώνιος
1573 3830 1630 3881 ἐν
1658 3827 1947 3897 σπηλαίοις
1974 3829 2074 3899 τῆς

491 3910 856 3981 Παλαιστίνης
872 3912 1061 3965 ἐαυτὸν
1084 3910 1367 3982 ἐξώρισεν·
1390 3910 1656 3981 Τιμόθεος
1676 3914 1705 3965 6
1725 3912 2074 3983 Μαρωνείας,

490 3994 584 4046 καὶ
622 3993 876 4062 Ἰωάννης
928 3994 957 4046 6
998 3994 1100 4064 τῆς
1133 3994 1353 4059 Λυδίας,
1398 3994 1616 4062 λέγεται
1645 3996 1703 4047 ἐν
1730 3996 2071 4067 Μακεδονίᾳ·

502 4077 698 4129 Ῥόδων
730 4079 758 4129 6
798 4077 900 4147 τῆς
933 4078 1122 4140 Ἀσίας
1143 4117 1158 4141 ,
1200 4076 1470 4149 ἐπορεύθη
1510 4079 1568 4130 ἐν
1598 4078 1912 4151 Μιτυλήνῃ·
1935 4080 2077 4151 Γρη-

487 4161 671 4229 γὸριος
713 4162 741 4213 ὁ
792 4161 891 4231 τῆς
932 4161 1169 4225 Λυδίας,
1206 4160 1424 4229 λέγεται
1471 4162 1529 4214 ἐν
1563 4162 1798 4233 Φρυγίᾳ·
1826 4162 2076 4235 Βρίσσων

487 4244 545 4296 δὲ
571 4245 599 4296 6
632 4243 858 4313 ἁδελφὸς
886 4245 1213 4310 Παλλαδίου,
1246 4244 1490 4309 ἀποστάς
1515 4246 1782 4309 ἑκουσίως
1826 4248 1928 4317 τῆς
1949 4249 2077 4301 ἐαυε-

487 4325 583 4381 τοῦ
614 4326 955 4397 Ἐκκλησίας,
1016 4329 1071 4381 ἐν
1133 4328 1211 4399 τῷ
1260 4328 1490 4401 ἀγριδίῳ
1529 4329 1697 4383 αὐτοῦ
1723 4329 1923 4397 διάγει,
1957 4334 2076 4396 ταῖς

486 4409 676 4481 χερσὶν
709 4410 901 4463 ἐαυτοῦ
938 4411 1037 4483 τὴν
1071 4412 1178 4482 γῆν
1205 4411 1551 4481 μεταλλεύων
1575 4409 1634 4448 ἀ·
1663 4412 1975 4482 Λαμπέτιος
1994 4413 2072 4478 δὲ,

486 4494 564 4557 ὥς
596 4509 790 4561 φασιν,
828 4494 885 4546 ἐν
930 4492 1117 4564 χωρίῳ
1159 4494 1358 4557 Λυδίας
1394 4495 1547 4568 παρά
1584 4512 1729 4558 τινος
1757 4494 2074 4566 Ἐλευθέρου

487 4575 974 4646 ἐπικουρούμενος,
1010 4579 1123 4640 τοῖς
1154 4576 1547 4649 ἀναγνώσμασι
1577 4579 1831 4650 προσέχει
1856 4594 1870 4609 ⁸
1902 4578 2075 4647 Εὐγέ-

486 4658 598 4723 νιός
633 4661 777 4711 ἐστιν
808 4660 865 4711 ὲν
905 4662 970 4729 τῇ
1015 4656 1275 4730 πατρίδι·
1323 4660 1589 4725 Ἐλπίδιος
1618 4664 1646 4715 6
1679 4662 1853 4733 μέγας
1883 4661 2077 4716 Λαοδι-

486 4742 641 4804 κείας
662 4741 760 4811 τῆς
792 4740 989 4813 Συρίας
1014 4742 1128 4811 ἅμα
1152 4741 1391 4811 Πάππῳ,
1430 4743 1557 4814 τρία
1583 4744 1917 4816 πληροῦνται
1956 4744 2071 4813 ἐτη,

483 4826 585 4895 τήν
626 4825 869 4894 κλίμακα
917 4823 1018 4893 τῆς
1046 4823 1253 4887 οἰκείας
1292 4824 1351 4876 οὐ
1405 4825 1704 4894 κατῆλθον,
1746 4830 2077 4898 προσευχαῖς

486 4908 876 4978 σχολάζοντες·
918 4906 1275 4977 ’Πρακλειδᾶς
1308 4908 1345 4971 ,6
1398 4905 1648 4973 Ἐφέσιος
1685 4909 1743 4961 ἐν
1782 4912 1849 4980 τῇ
1884 4911 2074 4982 εἱρκτῇ

484 4993 586 5063 τῆς
622 4991 991 5061 Νικομηδείας
1019 4989 1426 5058 ἐγκέκλεισται,
1456 4992 1749 5060 τετραετής
1787 4993 1903 5045 ἐστι
1944 4994 2073 5064 χρό-

484 5093 595 5140 νος.
635 5076 699 5129 Ol
733 5075 790 5128 δέ
825 5075 1002 5128 λοιποὶ
1028 5073 1136 5126 τῶν
1172 5072 1501 5127 κοινωνικῶν
1532 5073 1869 5137 ἐπισκόπων,
1894 5076 1943 5127 οἰ
1977 5078 2077 5146 μὲν

486 5158 785 5213 ἀνέλπιστα
824 5158 1222 5230 ἐνθυμηθέντες
1246 5196 1260 5220 ,
1295 5154 1656 5226 ἐκοινώνησαν
1697 5156 1928 5227 ’Λττικῷ
1952 5200 1967 5225 ,
1995 5162 2077 5225 εἰς

485 5243 683 5311 ἐτέρας
724 5242 1107 5313 μετατεθέντες
1154 5239 1482 5310 Ἑκκλησίας
1515 5240 1615 5309 τῆς
1653 5239 1904 5312 Θρᾴκης·
1932 5246 1980 5297 οἰ
2020 5245 2076 5299 δέ

486 5325 671 5394 ἀδηλοί
703 5328 839 5379 εἰσιν
859 5343 873 5355 ·
912 5325 1217 5380 Ἀνατόλιον
1252 5324 1306 5376 δέ
1338 5340 1499 5392 φασιν
1532 5318 1671 5375 εἶναι
1708 5323 1766 5375 ἐν
1798 5324 2071 5390 Γαλλίαις.

487 5407 610 5460 Τῶν
645 5410 700 5462 δέ
739 5410 1127 5481 πρεσϐυτέρων
1163 5410 1212 5463 οἱ
1240 5409 1337 5477 μὲν
1358 5408 1437 5470 εἰς
1472 5406 1728 5477 Ἀραϐίαν
1752 5409 1844 5461 καὶ
1874 5410 2076 5463 Παλαι-

490 5490 673 5561 στίνην
704 5494 1143 5564 περιωρίσθησαν
1167 5509 1179 5521 ·
1205 5492 1423 5563 Τίγριος
1446 5488 1503 5543 δέ
1532 5491 1610 5552 εἰς
1643 5491 1741 5559 τὴν
1782 5491 1955 5563 μέσην
1975 5494 2074 5565 τὴν

489 5572 754 5642 Ποταμῶν
790 5578 1158 5648 περιωρίσθη·
1192 5577 1453 5636 Φίλιππος
1498 5573 1847 5643 ἐτελεύτησε,
1887 5578 2075 5646 φυγὼν

485 5655 547 5709 ἐν
586 5657 773 5730 Πόντῳ
802 5676 815 5689 ·
848 5660 1104 5729 Θεόφιλος
1144 5662 1319 5730 διάγει
1363 5662 1419 5713 ἐν
1460 5656 1805 5737 Παελαγονίᾳ
1834 5676 1859 5701 ι
1890 5662 2066 5717 Ἰωάν-

551 5804 577 5868 fl
599 5803 801 5868 (jon‘icit
820 5806 1050 5868 προήχθη.
1074 5790 1235 5867 Βίεοι.

550 5862 581 5903 ι»
603 5866 781 5926 Georg.
803 5862 899 5913 τῶν
920 5862 1174 5917 Αἰθιόπων.

551 5930 577 5991 (ξ
604 5928 734 5991 Lege
757 5929 821 5983 εἰς
842 5929 1036 5991 Συήνην.

549 5988 579 6032 ο
601 5988 780 6054 (ἔσυρε.
804 5990 1122 6052 ἐργαζόμενος.

2198 669 2296 739 νης
2338 655 2369 708 6
2412 656 2507 739 τοῦ
2556 659 2778 733 Λίθρίου
2834 664 3193 737 μοναστήριον
3275 667 3670 739 συνεκρότησεν
3735 671 3795 725 ἐν

2196 733 2506 819 βαισαρείᾳ
2527 749 2572 819 ε·
2609 733 2881 812 Στέφανον
2910 747 2991 808 εἰς
3040 733 3296 817 ’Ᾰραϐίαν
3319 733 3662 819 ἐξορισθέντα
3685 751 3794 802 τῶν

2194 813 2403 896 δημίων
2430 817 2755 875 ἀπέσπασαν
2780 826 2830 876 οἰ
2865 813 3141 896 Ἰσαυροί,
3180 813 3549 892 ἀπολύσαντες
3575 828 3679 883 ἀνά
3704 828 3796 881 τὸν

2196 895 2408 980 Ταῦρον
2429 914 2443 928 ·
2479 899 2804 959 Σαλούστιόν
2833 922 2997 974 φασιν
3028 895 3099 958 ἐν
3141 910 3206 978 τῇ
3255 909 3447 980 Κρήτῃ
3472 927 3485 940 ·
3526 908 3797 961 Φίλιππον

2193 975 2285 1030 τὸν
2316 980 2563 1050 ἀσκητὴν
2582 1022 2597 1044 ,
2633 984 2728 1036 καὶ
2756 985 3126 1058 πρεσϐύτερον
3166 975 3273 1040 τῶν
3305 975 3509 1058 σχολῶν
3533 1030 3547 1051 ,
3576 988 3795 1059 ἥκουσα

2193 1058 2583 1131 ἀρρωστοῦντα
2608 1064 2667 1115 ἐν
2698 1065 3024 1137 Καμπανίᾳ.
3055 1066 3364 1137 Σωφρόνιος
3399 1068 3428 1120 ό
3460 1067 3707 1130 διάκονος
3736 1068 3799 1119 ἐν

2193 1138 2406 1211 φυλακῇ
2458 1140 2577 1193 ἐστι
2619 1142 2720 1211 τῆς
2772 1143 3073 1215 Θηϐαΐδος·
3120 1146 3330 1210 Παῦλος
3364 1148 3393 1199 6
3430 1144 3738 1209 διάκονος,·
3766 1148 3797 1197 6

2194 1218 2388 1289 βοηθὸς
2426 1220 2521 1273 τοῦ
2571 1222 2893 1292 οἰκονόμου,
2943 1223 3162 1292 λέγεται
3204 1227 3262 1277 ἐν
3303 1225 3538 1297 Ἀφρικῇ
3577 1240 3593 1257 ·
3637 1223 3795 1287 ἄλλος

2192 1299 2423 1363 Παῦλος,
2461 1302 2491 1352 6
2518 1300 2621 1372 τῆς
2660 1302 3037 1369 Ἀναστασίας,
3079 1303 3227 1356 ἐστὶν
3260 1305 3317 1356 ἐν
3348 1303 3752 1374 Ἰεροσολύμοις
3774 1320 3792 1334 ·

2202 1380 2476 1443 Ἐλλάδιος
2529 1384 2558 1435 ὀ
2606 1382 3013 1456 πρεσϐύτερος,
3065 1386 3095 1437 ό
3138 1382 3232 1437 τοῦ
3275 1383 3579 1446 Παλατίου,
3612 1385 3792 1451 διάγει

2186 1458 2247 1511 ἐν
2281 1460 2511 1533 ἀγριδίῳ
2535 1461 2637 1532 τῆς
2666 1463 2917 1527 Βιθυνίας
2956 1464 3092 1534 ἰδίῳ.
3128 1463 3357 1528 Πλείους
3380 1463 3437 1516 δὲ
3463 1463 3796 1534 κρύπτονται
3843 1481 3846 1484 ’

2191 1544 2249 1596 ἐν
2274 1541 2870 1604 Κωνσταντινουπόλει,
2902 1542 3133 1596 ἀλλοιδέ
3168 1543 3414 1614 ἀπῆλθον
3443 1546 3523 1608 εἰς
3555 1542 3655 1607 τὰς
3684 1560 3793 1596 παο
3888 1581 3890 1583 ›

2190 1624 2399 1694 τρίδας.
2453 1621 2714 1686 Σιλϐανὸς
2755 1621 2813 1687 δὲ
2856 1623 2885 1676 6
2932 1623 3087 1691 ἆγιος
3129 1625 3427 1689 ἐπίσκοπος
3468 1625 3526 1677 ἐν
3578 1623 3793 1695 Τρωάδ.

2192 1705 2370 1767 ἐστὶν,
2403 1701 2635 1758 ἁλιεύων
2662 1703 2756 1757 καὶ
2786 1704 2895 1769 ζῶν
2922 1720 2937 1735 ·
2979 1704 3251 1773 Στέφανος
3273 1707 3301 1758 6
3325 1706 3571 1776 ἀσκητὴς
3589 1746 3604 1766 ,
3635 1707 3663 1759 6
3691 1705 3793 1769 τὰς

2200 1783 2489 1854 Ῥωμαίων
2527 1784 2817 1847 ἐπιστολὰς
2843 1784 3206 1854 διακομίσας,
3246 1786 3306 1839 ἐν
3351 1786 3794 1839 Κωνσταντινου-

2190 1863 2376 1926 πόλει,
2429 1861 2621 1916 τούτου
2660 1862 2827 1917 αὐτοῦ
2866 1864 3051 1918 ἕνεκεν
3091 1865 3390 1937 τυπτηθεὶς
3412 1905 3427 1926 ,
3474 1864 3568 1917 ἐπὶ
3616 1864 3793 1934 μῆνας

2187 1944 2320 1997 δέκα
2356 1944 2438 2006 εἰς
2474 1943 2575 2012 τὴν
2623 1940 2848 2013 εἱρκτὴν
2890 1942 3115 2015 ἐϐλήθη.
3154 1944 3527 2015 Προταθείσης
3558 1944 3603 1997 δ’
3639 1943 3793 2013 αὐτῷ

2187 2024 2474 2088 κοινωνίας
2494 2064 2509 2088 ,
2548 2024 2625 2089 ὡς
2661 2023 2764 2076 οὐκ
2790 2022 3052 2093 ἐπείσθη,
3098 2023 3308 2088 ξεσθείς
3342 2024 3568 2091 εἰσάγαν
3594 2025 3694 2089 τάς
3729 2040 3791 2076 τε

2187 2103 2429 2173 πλευράς
2456 2103 2553 2156 καὶ
2583 2102 2645 2155 τὸ
2678 2100 2877 2170 στῆθος
2895 2141 2911 2163 ,
2938 2094 3015 2156 ὧν
3044 2102 3155 2171 ἐγὼ
3194 2103 3470 2172 αὐτόπτης
3497 2104 3787 2174 ἐγενόμην,

2186 2184 2252 2251 τῇ
2280 2181 2377 2233 τοῦ
2408 2180 2648 2252 Χριστοῦ
2676 2181 2968 2254 ἐπιμελείᾳ
3010 2181 3300 2246 διασωθεὶς
3336 2184 3465 2245 ἴσως
3500 2184 3578 2246 εἰς
3610 2182 3794 2236 δευτέ⁴

2190 2275 2317 2328 ρους
2352 2258 2607 2326 ἀγῶνας,
2646 2260 2783 2328 μετά
2839 2260 2971 2314 δέκα
3030 2262 3208 2332 μῆνας
3238 2261 3339 2331 τῆς
3372 2261 3668 2332 θεραπείας
3699 2261 3792 2327 ἐξ-

2188 2336 2404 2407 ωρίσθη
2444 2339 2527 2401 εἰς
2558 2338 2620 2391 τὸ
2650 2337 2970 2408 Πηλούσιον.
2996 2339 3381 2410 Προϐικιάλιός
3410 2358 3495 2403 τις
3526 2340 3795 2412 στρατιώ·

2185 2432 2288 2486 της
2312 2416 2423 2470 τῶν
2446 2418 2578 2490 περὶ
2601 2417 2695 2473 τὸν
2729 2417 2954 2488 βασιλέα
2981 2418 3189 2489 σχολῶν
3206 2461 3221 2483 ,
3249 2419 3562 2491 διαϐληθεὶς
3592 2420 3669 2482 ὡς
3700 2437 3792 2489 φι-

2185 2494 2355 2567 λητὴς
2395 2497 2644 2552 Ἰωάννου
2671 2541 2686 2565 ,
2738 2498 2878 2569 μετά
2908 2498 3123 2568 πληγὰς
3153 2499 3531 2571 πολυτρόπους
3570 2500 3664 2553 καί¹
3707 2498 3793 2564 ξε-

2187 2576 2325 2643 σμδν
2354 2576 2549 2647 ἀφειδῆ
2574 2578 2845 2650 ἐξωρίσθη
2875 2580 2955 2644 εἰς
2987 2580 3221 2652 Πέτρας.
3254 2580 3486 2650 Οἰκέτης
3508 2580 3567 2634 δὲ
3604 2579 3790 2633 Ἐλπι-

2182 2654 2296 2708 δίου
2332 2654 2428 2709 τοῦ
2476 2656 2874 2729 πρεσϐυτέρου,
2913 2659 3234 2729 μισθωθεὶς,
3267 2658 3343 2723 ῶς
3376 2677 3548 2727 φασι,
3587 2659 3789 2728 πεντή-

2182 2751 2350 2788 κοντα
2387 2736 2777 2807 νομισμάτων,
2826 2737 2912 2790 ἵνα
2945 2736 3037 2789 τὸν
3080 2737 3235 2805 ἅγιον
3274 2737 3528 2808 Ἰωάννην
3567 2737 3789 2806 δολοφο-

2179 2814 2351 2887 νήσῃ,
2402 2814 2679 2884 φωραθεὶς
2731 2815 2827 2868 ἐπὶ
2878 2815 3054 2887 τούτῳ
3098 2818 3247 2888 τρεῖς
3290 2816 3429 2885 ἔχων
3469 2812 3781 2887 ῥομφαίας,

2179 2890 2375 2945 ἔπαισε
2404 2894 2531 2957 τοὺς
2564 2893 2895 2963 κατέχοντας
2921 2894 3085 2947 αὐτὸν
3115 2894 3256 2948 κατὰ
3303 2895 3468 2966 μέρος
3497 2895 3637 2949 ἐπτά
3658 2912 3670 2924 °
3703 2888 3782 2948 ὧν

2179 2972 2229 3023 οἱ
2257 2972 2356 3041 μὲν
2389 2972 2657 3044 τέσσαρες
2678 2975 2993 3046 παραυτίκα
3016 2974 3296 3043 ἐτάφησαν
3314 2993 3328 3005 ·
3360 2977 3410 3028 οἰ
3434 2975 3492 3028 δὲ
3516 2978 3665 3047 τρεῖς
3690 2976 3784 3028 ἐπὶ

2183 3053 2368 3107 ἰκανὸν
2409 3051 2601 3123 χρόνον
2630 3053 3051 3124 ἐπιμεληθέντες
3083 3052 3404 3125 ἐσώθησαν,
3436 3053 3531 3106 τοῦ
3578 3053 3781 3122 φονέως

2179 3130 2566 3197 ἀπολυθέντος.
2626 3134 2930 3205 Εὐτρόπιος
2982 3136 3011 3187 6
3064 3135 3375 3207 μακάριος,
3408 3136 3647 3208 ἀφθορος
3673 3134 3780 3189 ἀπὸ

2179 3213 2493 3281 γυναικῶν,
2540 3213 2789 3286 ψάλτης,
2838 3214 3136 3285 τυπτηθεὶς
3170 3216 3264 3269 καὶ
3305 3214 3514 3280 ξεσθείς
3552 3218 3779 3285 είσάγαν

2178 3290 2278 3356 τάς
2310 3289 2552 3364 πλευράς
2581 3293 2678 3346 σὺν
2712 3293 2791 3363 τῷ
2822 3292 3060 3364 μετώπῳ
3079 3334 3094 3354 ,
3129 3294 3205 3356 ώς
3236 3295 3452 3359 καὶτὰς
3477 3294 3650 3367 ὀφρῦς
3684 3314 3784 3349 κα-

2180 3370 2587 3441 τασπασθῆναι,
2617 3371 2918 3441 λαμπάδων
2947 3372 3098 3443 αὐτῴ
3120 3372 3426 3427 τελευταῖον
3457 3377 3576 3436 ταῖς
3613 3373 3781 3428 πλευ-

2180 3454 2301 3523 ραῖς
2323 3451 2713 3522 ἀμφοτέρωθεν
2736 3454 2964 3521 γυμνοῖς
3005 3452 3213 3514 ὀστέοις
3251 3451 3737 3523 προσπιλωθεισῶν
3758 3454 3777 3493 ί

2178 3530 2612 3600 ἐλαιοκομουσῶν
2633 3532 2679 3594 8,
2719 3530 3082 3601 προσεκπνέει
3139 3531 3218 3601 τῷ
3268 3529 3429 3602 ξύλῳ,
3462 3533 3652 3600 ταφεὶς
3687 3549 3780 3603 με·

2176 3610 2445 3680 σονυκτίῳ
2472 3609 2624 3679 παρὰ
2647 3608 2757 3662 τῶν
2782 3608 2943 3662 τοῦτο
2969 3610 3287 3679 δρασάντων
3315 3611 3626 3680 ίερατικῶν,
3656 3629 3781 3665 συν-

2174 3689 2730 3760 επιμαρτυρήσαντος
2757 3688 2850 3740 τοῦ
2875 3688 3011 3742 Θεοῦ
3040 3688 3117 3759 τῷ
3144 3688 3362 3760 θανάτῳ
3390 3689 3631 3761 ὀπτασίᾳ
3650 3691 3781 3761 ψαλ.

2173 3768 2373 3823 λόντων
2403 3768 2491 3821 διὰ
2518 3767 2581 3821 τὸ
2616 3766 2939 3838 σύμμορφον
2971 3768 3063 3821 τοῦ
3122 3769 3395 3839 σωτηρίου
3435 3770 3660 3834 πάθους.
3686 3774 3780 3824 Δι-

2175 3850 2423 3919 ηγήσατο
2446 3848 2504 3902 δέ
2534 3849 2564 3901 ὀ
2591 3846 2866 3912 ἀναλύσας
2892 3848 3141 3912 διάκονος
3183 3848 3292 3902 ἀπὸ
3329 3848 3438 3903 τῶν
3466 3851 3780 3904 ἐπισκόπων

2175 3930 2258 3983 ὅτι
2286 3930 2336 3981 οἰ
2370 3929 2663 3999 ἐπαρχικοὶ
2706 3929 2757 3981 οἱ
2797 3928 3077 3997 διάγοντες
3119 3929 3316 3992 αὐτοὺς
3372 3932 3464 3983 ἐπὶ
3519 3931 3778 3985 τοσοῦτον

2176 4008 2399 4079 ἐθλιψαν
2435 4008 2555 4061 κατ’
2590 4007 2811 4070 ἐντολάς
2841 4027 3027 4073 τινων,
3062 4010 3139 4072 ὡς
3161 4008 3416 4080 εὔχεσθαι
3454 4011 3653 4075 αὐτοὺς
3687 4011 3786 4065 θά-

2175 4107 2335 4144 νατον
2378 4087 2661 4154 ἐπελθεῖν,
2703 4089 2798 4142 καὶ
2849 4089 2910 4143 τὸ
2951 4088 3050 4161 ζῇν
3097 4089 3499 4159 παραιτεῖσθαι.
3546 4089 3630 4143 Τά
3677 4091 3777 4161 μὲν

2175 4170 2286 4243 γὰρ
2312 4172 2370 4223 ἐν
2399 4167 2688 4241 ἀργυρίοις
2714 4167 3077 4238 ἀναλώματα,
3112 4168 3149 4223 ἃ
3180 4167 3324 4222 κατὰ
3354 4167 3452 4239 τὴν
3482 4170 3601 4223 ὁδὸν
3630 4170 3776 4239 εἰλή-

2176 4267 2406 4321 φεισαν,
2455 4250 2546 4317 ὐφ’
2592 4247 2650 4300 ἓν
2689 4247 3134 4312 ἀποσπάσαντες,
3176 4250 3257 4311 εἰς
3290 4248 3555 4318 ἀλλήλους
3586 4249 3773 4321 διεμε-

2180 4329 2447 4402 ρίσθησαν
2467 4330 2519 4392 ιι,
2549 4329 2737 4399 ξηροῖς
2770 4327 2827 4381 δὲ
2855 4330 2969 4391 τοῖς
3005 4326 3305 4395 ὀνοζυγίοις
3338 4329 3772 4400 ἐπιρρίπτοντες,

2174 4410 2286 4464 τῶν
2310 4410 2406 4463 δύο
2427 4408 2651 4479 ἡμερῶν
2675 4407 2776 4478 τὴν
2796 4407 2916 4465 ὁδὸν
2945 4406 3077 4477 μίαν
3100 4407 3339 4471 ἐποίουν,
3361 4406 3584 4477 βαθεῖαν
3609 4410 3777 4463 ἐσπέο

2176 4506 2278 4561 ραν
2320 4488 2663 4555 εἰσάγοντες,
2704 4486 2798 4539 καὶ
2827 4485 3010 4557 ὄρθρῳ
3040 4486 3302 4555 σκοτεινῷ
3329 4486 3652 4554 ἐξάγοντες,
3695 4487 3772 4553 ὡς

2177 4567 2314 4638 μηδέ
2345 4566 2443 4629 τάς
2477 4564 2669 4628 ἀθλίας
2691 4565 2902 4635 τροφάς
2924 4563 3180 4633 κατέχειν
3206 4564 3297 4617 τὸν
3317 4566 3609 4636 στόμαχον.
3643 4568 3772 4639 Ῥή-

2177 4645 2312 4717 μασί
2338 4662 2399 4698 τε
2433 4646 2681 4717 αἰσχροῖς
2698 4645 2792 4697 καὶ
2815 4643 3071 4715 ἀσέμνοις
3101 4643 3385 4714 βάλλοντες
3405 4646 3507 4699 οὐκ
3535 4646 3775 4716 ἐφείδονο

2174 4743 2253 4780 το.
2277 4724 2577 4780 Παλλαδίου
2604 4723 2661 4777 δέ
2690 4722 2787 4775 καὶ
2813 4723 2905 4778 τὸν
2927 4723 3092 4776 παῖδα
3120 4723 3433 4793 ἀφείλαντο,
3454 4724 3771 4796 βιασάμενοι

2175 4804 2339 4858 αὐτὸν
2378 4804 2473 4857 καί⁵
2514 4805 2894 4875 γραμματεῖον
2938 4802 3216 4858 ἐκθέσθαι.
3256 4805 3569 4876 Δημήτριον
3600 4806 3656 4858 δέ
3690 4806 3773 4871 εἰς

2174 4881 2426 4937 τοσοῦτον
2452 4881 2665 4951 ἐθλιψεν
2692 4876 2771 4944 εἷς
2806 4882 2913 4935 τῶν
2936 4881 3255 4950 διαγόντων,
3287 4882 3363 4945 ὡς
3394 4885 3488 4937 καὶ
3515 4884 3720 4958 Ζιϐύνῃ
3745 4886 3762 4928 ί

2178 4962 2397 5035 βαθεῖαν
2440 4962 2679 5033 ἐσπέραν
2729 4959 3008 5022 ἐπελθεῖν,
3067 4961 3122 5023 ὃς
3165 4961 3318 5033 παρά
3364 4961 3530 5025 πόδας
3579 4965 3661 5026 εἰς
3707 4964 3770 5017 τὸ

2178 5041 2340 5113 σῶμα
2387 5038 2754 5108 ἐϐασανίσθη,
2802 5038 3093 5102 ἐπωδύνως
3151 5040 3212 5092 τὸ
3267 5040 3368 5111 ζῇν
3412 5041 3766 5114 ἀπορρήξας,

2174 5122 2251 5186 ῶς
2296 5121 2422 5184 τοὺς
2467 5117 2875 5181 ἐπιθειάζοντας
2926 5117 3213 5189 γνωρίζειν
3256 5119 3355 5190 τὴν
3400 5120 3511 5172 τῶν
3557 5120 3768 5192 ὕϐρεων

2124 5221 2148 5243 ο·
2176 5202 2369 5269 ποινήν
2394 5215 2409 5231 ·
2444 5197 2796 5269 προειπόντος
2834 5195 2983 5266 αὐτῷ
3026 5198 3119 5251 καὶ
3158 5198 3479 5263 Παλλαδίου,
3519 5200 3593 5263 ώς
3618 5200 3647 5251 6
3676 5201 3765 5253 ἐλ-

2176 5278 2285 5333 θὼν
2311 5279 2609 5349 διηγήσατο
2640 5274 3052 5346 συστρατιώτης
3077 5316 3091 5339 ,
3135 5278 3218 5329 ὅτι
3270 5277 3471 5347 Ἀλλην
3516 5278 3633 5330 ὀδδν
3666 5280 3765 5350 οὐχ

2175 5357 2451 5422 ὀδεύσεις,
2498 5354 2731 5425 οἰκτρῶς
2772 5354 3123 5426 τελευτήσας.
3161 5355 3458 5428 Ἐκκλησίᾳ
3513 5359 3610 5427 μὲν
3654 5357 3765 5431 γάρ

2237 5499 2257 5520 ⁶
2282 5497 2463 5557 Georg.
2488 5500 2536 5542 ἐν
2556 5493 2730 5557 Καρίᾳ.

2250 5557 2267 5596 ΐ
2318 5554 2465 5607 νοτῐε
2505 5554 2772 5619 legendam
2818 5555 3253 5619 προσπελαθεισῶν,
3299 5555 3464 5604 thema
3505 5554 3639 5605 enim
3682 5573 3764 5605 m-

2174 5623 2275 5670 λὸω
2295 5623 2387 5669 huc
2408 5618 2649 5679 quadrare
2672 5630 2765 5679 non
2788 5623 2970 5678 potest.

2240 5686 2263 5721 Β
2291 5684 2383 5754 εἰς.
2394 5678 2545 5754 ευὶὲὶο
2563 5678 2830 5750 recentiqr,
2846 5678 3149 5754 pro‘eo‘gu’od
3162 5678 3400 5754 antealeg
3408 5679 3599 5754 ebg‘luh
3614 5680 3763 5754 ἐλαιό-

2176 5761 2336 5805 κωμος
2356 5743 2436 5789 ὧν.
2469 5741 2649 5801 Georg.
2664 5739 2957 5805 "coAnjec’erat
2976 5739 3442 5805 μὲλαίῳμομουσῶν.
3468 5739 3592 5805 011Ῐρ
3615 5739 3656 5805 εξ
3684 5742 3761 5805 lege

2175 5800 2319 5865 gaiur
2340 5800 2751 5865 ἐλαιογεμουσῶνῖ
2769 5800 3041 5865 οοωροεῇο
3076 5800 3211 5851 enim
3236 5800 3302 5852 ω
3322 5817 3481 5865 genus
3496 5800 3529 5852 'a
3557 5802 3763 5852 Palladii

2178 5856 2439 5919 firmitate
2461 5856 2664 5912 thi'nime
2676 5856 2958 5914 abhorreht.
2980 5856 3118 5912 Εοιτ.

2240 5928 2267 5965 h
2293 5928 2472 5990 (georg.
2496 5925 2914 5990 διεμερίσαντοηξι
2953 5937 3067 5990 ῐῃοι
3093 5926 3357 5989 ὑποζυγίοις
3377 5939 3465 5989 pro
3486 5926 3759 5990 ὀνοζυγίοις.

2254 5994 2268 6029 ί
2303 5986 2448 6039 ιτοηῖ
2468 5986 2800 6051 Βιζύῃ.’Βὶευι
2840 5986 2949 6037 Mox
2974 5987 3153 6052 Georg.
3192 5986 3364 6051 γνῶναι
3379 5986 3485 6051 ’ρτο
3503 5986 3763 6061 γνωρίζειν.
