4504 6724
455 585 524 640 73
1477 582 1565 638 DE
1605 581 1768 638 VITA
1807 579 1864 636 S.
1904 578 2183 639 JOAl‘lNIS
2217 580 2708 644 CHRYSOSTOMI.
3649 594 3721 650 τι

453 702 598 756 viros
643 708 854 756 sanctos
897 699 1115 754 omnino
1152 694 1577 764 apprOpinquare
1620 708 1725 747 nou
1766 691 2030 759 sinebant,

453 792 778 848 divertentes
806 800 898 844 aut
925 791 975 843 in
1005 785 1235 851 stabula,
1267 784 1354 838 ubi
1381 794 1679 839 scortorum
1708 792 1824 837 erat
1853 784 2001 839 multi

452 885 617 952 tudo;
647 895 737 939 aut
764 886 812 937 in
844 878 1317 938 Samaritanorum,
1350 876 1435 930 vel
1473 874 1777 931 Judzcorum
1803 889 2032 947 synago-

451 993 568 1047 gas,
595 978 857 1048 praecipue
887 970 1038 1026 Tarsi
1069 988 1082 1023 :
1113 970 1183 1024 ita
1210 979 1264 1024 ut
1297 969 1406 1023 illic
1435 968 1487 1022 in
1515 969 1784 1038 angustias
1810 968 2029 1034 redacti,

451 1073 610 1124 etiam
637 1065 778 1121 aliud
808 1061 934 1132 quid
964 1061 1293 1130 cogitarent,
1323 1058 1465 1130 quod
1494 1068 1610 1114 erat
1650 1060 1868 1114 minime
1898 1073 2034 1128 pra:-

452 1161 783 1215 meditatum.
817 1154 966 1209 Unus
1009 1162 1184 1208 autem
1214 1168 1277 1208 ex
1307 1153 1569 1224 episcopis
1595 1152 1730 1209 dixit
1759 1171 1771 1207 :
1801 1151 1938 1220 Quid
1963 1151 2032 1207 ob

451 1247 741 1304 diversoria
786 1246 1102 1300 tristamur?
1145 1262 1269 1301 num
1305 1247 1446 1302 enim
1493 1247 1545 1302 in
1594 1247 1746 1302 nobis
1787 1255 1900 1312 est,
1941 1244 2032 1300 ubi

449 1342 803 1400 diversemur,
848 1346 905 1391 ut
949 1339 1159 1407 propria
1183 1339 1453 1394 voluntate
1495 1339 1743 1394 indecore
1790 1346 2029 1408 agentes,

451 1443 637 1500 pinnas
664 1428 851 1482 demus
871 1429 896 1482 ‘l
922 1445 990 1484 an
1019 1431 1270 1500 ignoratis
1291 1430 1406 1487 ha:e
1425 1431 1599 1485 omnia
1618 1431 1726 1500 jam
1749 1430 2032 1499 contigisse

447 1539 510 1576 ac
538 1520 714 1575 futura
743 1536 878 1588 esse,
904 1539 1024 1577 cum
1047 1523 1187 1580 Deus
1214 1525 1268 1579 in
1291 1523 1374 1579 his
1401 1522 1648 1578 omnibus
1667 1519 2032 1592 glorificetur?

449 1614 619 1680 Quam
642 1613 819 1668 multa:
845 1630 908 1670 ex
939 1615 1040 1670 illis
1063 1616 1432 1671 meretricibus
1455 1630 1575 1686 qua:
1596 1614 1688 1669 Dei
1710 1613 2032 1668 oblivionem

449 1720 723 1780 ceperant,
750 1722 844 1766 aut
864 1713 932 1768 ab
959 1713 1109 1767 initio
1136 1728 1258 1767 eum
1286 1729 1351 1767 ne
1390 1719 1582 1767 norant
1611 1709 1846 1782 quidem,
1878 1708 2034 1763 nobis

451 1805 579 1859 visis
606 1805 676 1858 ita
707 1805 933 1868 vexatis,
967 1805 1019 1858 in
1047 1805 1290 1860 timorem
1321 1807 1411 1860 Dei
1453 1816 1505 1861 et
1535 1805 1910 1875 cogitationem
1936 1818 2033 1857 ve-

451 1905 662 1960 nerunt,
698 1895 919 1950 fortasse
948 1897 1000 1950 in
1026 1896 1214 1952 melius
1242 1913 1538 1962 conversae,
1562 1906 1654 1951 aut
1695 1897 1882 1952 saltem
1922 1913 2032 1953 non

451 1986 713 2056 prolapsa:
753 1987 804 2040 in
846 1987 1040 2056 pejus?
1066 1985 1180 2042 Non
1219 2004 1404 2057 parum
1435 1998 1518 2043 est
1543 1987 1787 2043 rationali
1814 1989 2028 2057 animm,

451 2094 571 2148 qua:
593 2094 623 2132 a
657 2078 1143 2147 perturbationibus
1167 2090 1415 2146 vexatur,
1448 2081 1532 2136 vel
1559 2081 1824 2136 modicum
1855 2083 2029 2151 respi-

451 2185 594 2234 rare,
617 2170 754 2236 quod
777 2179 860 2223 est
879 2170 1207 2224 castimonia:
1229 2170 1520 2224 fomentum
1546 2189 1558 2224 :
1583 2171 1718 2226 adeo
1741 2183 1794 2225 ut
1813 2173 2027 2236 dixerit,

449 2262 536 2329 qui
569 2260 680 2314 haec
704 2262 970 2321 sustinuit,
995 2277 1268 2315 sacrorum
1307 2261 1569 2330 interpres
1595 2263 1821 2315 Paulus:
1844 2262 2030 2317 Christi

451 2353 608 2404 bonus
632 2350 756 2403 odor
779 2366 952 2404 sumus
972 2351 1025 2402 in
1044 2351 1121 2403 his
1146 2353 1230 2420 qui
1254 2351 1382 2404 salvi
1403 2353 1554 2419 fiunt,
1572 2361 1619 2405 et
1643 2354 1696 2406 in
1714 2354 1791 2405 his
1817 2354 1901 2422 qui
1919 2370 2035 2422 per-

449 2453 568 2494 eunt
600 2441 677 2511 (2.
699 2440 816 2496 Cor.
846 2441 899 2494 2.
927 2442 1014 2510 15)
1041 2482 1056 2507 ,
1088 2459 1146 2495 eo
1171 2443 1306 2511 quod
1337 2444 1678 2512 spectaculum
1717 2444 1836 2510 facti
1861 2460 2034 2500 sumus

448 2532 643 2602 angelis
682 2540 730 2585 et
767 2531 1050 2585 hominibus
1077 2533 1095 2602 (
1119 2533 1167 2586 1.
1192 2531 1310 2587 Cor.
1336 2534 1391 2588 4.
1419 2533 1514 2605 9).
1545 2533 1624 2588 Eo
1662 2542 1840 2589 autem
1866 2550 2033 2606 usque

450 2622 781 2678 crudelitatis
807 2633 1166 2692 proruperunt
1190 2623 1426 2678 locorum
1459 2625 1671 2679 illorum
1701 2626 1934 2697 episcOpi
1965 2627 2033 2683 de

447 2713 822 2767 communione
868 2711 1148 2783 Theophili
1200 2730 1292 2782 per
1337 2723 1503 2769 totum
1546 2714 1847 2783 Orientem,
1894 2717 2031 2773 sicut

447 2803 629 2857 retulit
671 2804 962 2860 monachus
1001 2806 1088 2876 qui
1128 2805 1251 2860 inde
1277 2806 1453 2871 rediit,
1486 2815 1542 2861 ut
1574 2807 1812 2877 pleriqtte
1839 2823 2028 2864 eorum

448 2909 554 2946 non
593 2893 752 2948 modo
793 2893 1026 2949 debitam
1059 2895 1438 2950 humanitatem
1471 2898 1668 2951 nostris
1713 2914 1819 2952 non
1866 2899 2024 2954 exhi-

449 2984 660 3038 buerint
678 3025 693 3049 ,
737 3000 916 3039 verum
945 2985 1082 3040 datis
1110 2989 1418 3042 muneribus
1446 2988 1801 3044 Praetorianos
1829 2989 2026 3046 milites

448 3075 792 3143 induxerint,
841 3087 897 3130 ut
941 3092 1036 3132 eos
1077 3079 1227 3134 ocius
1263 3095 1295 3134 e
1332 3081 1633 3134 civitatibus
1677 3082 2023 3150 expellerent.

445 3167 586 3223 Sunt
611 3179 788 3223 autem
819 3169 906 3238 qui
940 3169 1050 3224 haec
1076 3170 1343 3240 prmcipue
1368 3172 1560 3236 fecere,
1586 3172 1735 3226 Tarsi
1763 3182 1818 3227 et.
1842 3175 2031 3229 Antio-

444 3260 581 3314 Chia:
607 3261 840 3330 episcopi
859 3301 874 3324 ,
904 3271 1062 3331 atque
1103 3262 1356 3332 Eulogius
1383 3264 1643 3319 Caesarea:
1687 3265 2022 3332 Palaestina;

444 3359 571 3406 ante
615 3367 802 3406 omnes
846 3360 1022 3407 autem
1067 3354 1349 3423 episcopus
1381 3358 1602 3427 Ancyra:
1631 3366 1685 3412 et
1711 3358 2026 3415 Ammonius

444 3443 663 3508 Pelusii,
693 3443 881 3512 partim
908 3443 1080 3511 donis,
1111 3446 1301 3515 partim
1328 3446 1510 3510 minis,
1539 3447 1858 3504 deductores
1885 3451 2024 3505 mili-

444 3543 525 3588 tes
567 3533 823 3590 adversus
863 3549 958 3590 eos
999 3537 1166 3608 magis
1210 3549 1623 3607 exasperantes,
1673 3550 1728 3594 ut
1764 3557 1830 3598 ne
1877 3544 2024 3600 laicis

442 3626 657 3694 quidem
709 3640 804 3681 eos
855 3628 1102 3698 excipere
1152 3630 1450 3685 volentibus
1503 3630 1555 3685 id
1608 3633 2016 3702 permitterent:

442 3719 580 3771 sicut
622 3719 673 3772 in
699 3717 985 3773 Catbolicis
1013 3720 1197 3776 scribit
1242 3722 1307 3776 ad
1333 3721 1515 3777 Caium
1563 3725 1748 3781 beatus
1789 3726 2020 3782 Joannes

439 3808 694 3864 adversus
737 3809 1018 3880 quemdam
1057 3812 1399 3884 episcopum,
1449 3815 1863 3885 hOSpitalitatem
1907 3819 2018 3873 Caii

441 3900 663 3956 laudans
682 3941 696 3964 ,
724 3917 954 3971 eumque
981 3918 1162 3968 orans,
1193 3920 1260 3959 ne
1288 3907 1560 3976 improbos
1591 3909 1869 3980 episcopos
1894 3911 2018 3966 imi-

440 4002 599 4048 tetur.
649 3994 737 4050 Sic
776 4005 953 4051 autem
985 3996 1142 4052 verba
1182 4014 1240 4053 se
1285 3999 1486 4055 habent
1518 4019 1530 4054 :
1568 4001 1691 4058 Caio
1735 4005 2014 4072 carissimo,

436 4101 582 4155 quem
611 4101 702 4156 ego
726 4086 884 4157 diligo
909 4088 961 4140 in
986 4089 1206 4142 veritate.
1237 4089 1527 4159 Carissime,
1556 4094 1619 4148 de
1642 4094 1870 4149 omnibus
1895 4112 2014 4149 ora-

436 4179 619 4232 tionem
647 4178 777 4246 facio
803 4196 1042 4248 prospere
1062 4190 1106 4234 te
1129 4182 1327 4252 ingredi
1349 4193 1395 4238 et
1424 4187 1604 4251 valere,
1629 4190 1754 4243 sicut
1781 4208 2016 4260 prospere

435 4269 540 4338 agit
567 4270 735 4322 anima
765 4281 874 4325 tua.
906 4271 1121 4326 Gavisus
1160 4291 1271 4328 sum
1299 4276 1444 4330 valde
1469 4280 1777 4336 venientibus
1806 4283 2012 4351 quibus-

434 4361 575 4428 dam,
601 4370 649 4415 et
671 4364 992 4419 narrantibus
1023 4366 1180 4430 mihi,
1210 4367 1346 4436 quod
1371 4368 1423 4422 in
1450 4371 1656 4426 veritate
1681 4374 1906 4428 ambulas
1927 4417 1939 4436 ,
1968 4385 2014 4428 et

433 4453 486 4504 in
505 4452 682 4520 quibus
702 4465 899 4510 sanctos
919 4458 1154 4522 refecisti.
1185 4456 1354 4526 Majas
1377 4459 1453 4513 his
1477 4477 1574 4515 non
1598 4463 1752 4518 habeo
1772 4465 2011 4535 gaudium

434 4543 510 4610 (3.
533 4541 686 4596 Joan.
719 4545 871 4614 1-4).
902 4547 969 4600 Et
993 4549 1141 4602 addit
1169 4566 1182 4602 :
1217 4549 1415 4621 Scripsi
1448 4551 1722 4619 Ecclesiae;
1747 4557 1833 4608 sed
1859 4558 1902 4610 is
1925 4558 2012 4626 qui

432 4641 570 4685 amat
611 4635 890 4702 primatum
927 4654 1095 4706 gerere
1133 4640 1185 4692 in
1225 4642 1296 4695 eis
1326 4641 1644 4714 Diotrepltes,
1691 4661 1790 4698 non
1836 4647 2011 4714 recipit

431 4741 545 4788 nos,
583 4726 742 4779 verbis
777 4727 1010 4797 malignis
1041 4731 1285 4799 garriens,
1321 4743 1367 4786 et
1394 4737 1537 4802 quasi
1574 4753 1673 4789 non
1697 4737 1742 4789 ei
1776 4740 1870 4790 ista
1894 4737 2008 4804 suf-

431 4818 642 4885 ﬁciant;
678 4833 834 4886 neque
859 4819 966 4887 ipse
994 4821 1205 4888 suscipit
1231 4825 1434 4889 fratres,
1463 4835 1510 4877 et
1533 4843 1622 4880 eos
1646 4828 1733 4895 qui
1754 4829 2013 4896 suscipere

431 4908 625 4974 volunt,
652 4908 902 4978 prohibet,
923 4909 1047 4961 etde
1071 4910 1280 4964 ecclesia
1307 4914 1456 4982 ejicit.
1487 4915 1686 4972 Deinde
1710 4934 1893 4973 rursus
1910 4920 2007 4973 ad-

431 5008 616 5052 monet
644 5017 660 5053 :
687 4997 970 5062 Carissime,
1001 5000 1106 5052 noli
1129 5001 1318 5053 imitari
1341 5002 1528 5055 malum
1553 5020 1574 5056 :
1607 5006 1697 5073 qui
1730 5009 1859 5061 enim
1883 5008 2006 5064 bene

431 5089 576 5157 facit,
616 5105 680 5142 ex
716 5088 826 5143 Deo
874 5100 984 5153 est;
1012 5090 1098 5160 qui
1150 5093 1284 5145 male
1328 5093 1481 5160 facit,
1531 5111 1633 5148 non
1671 5097 1797 5150 vidit
1837 5098 2004 5155 Deum

431 5176 591 5246 (Ibid.
609 5194 660 5234 υ.
684 5181 812 5236 9-11
843 5183 882 5251 ).
924 5182 1072 5236 Hunc
1095 5191 1268 5234 autem
1297 5192 1497 5238 textum
1523 5187 1590 5240 de
1614 5189 1778 5244 veteri
1801 5193 2003 5249 malitia

426 5268 691 5339 integrum
730 5273 1018 5336 attulimus,
1069 5282 1126 5326 ut
1165 5273 1320 5343 hujus
1364 5278 1621 5346 temporis
1653 5279 2002 5352 Diotrephum

424 5359 694 5430 ingenium
724 5380 1130 5435 exponeremus.
1171 5366 1433 5422 Caeterum
1465 5368 1711 5428 laudabat
1739 5385 1794 5429 et
1835 5377 2000 5434 mira-

425 5449 581 5506 batur
606 5456 852 5510 secundae
880 5457 1224 5527 Cappadocire
1267 5458 1576 5529 episcopos,
1609 5474 1668 5518 ut
1705 5467 1794 5536 qui
1827 5469 1997 5538 pluri-

423 5541 526 5594 mis
550 5557 668 5598 cum
710 5547 955 5619 lacrymis
995 5549 1389 5603 condoluissent
1418 5555 1687 5610 exsulibus
1711 5559 1998 5629 episcopis,

422 5634 720 5698 prmsertim
758 5639 1092 5694 mitissimum
1126 5639 1461 5694 Theodorum
1485 5683 1499 5706 ,
1532 5643 1836 5713 Tyanorum
1881 5653 1998 5721 epi-

420 5735 661 5790 scopum,
691 5735 744 5778 et
768 5727 1078 5797 Bosporium
1109 5732 1343 5787 Colonia:
1362 5775 1376 5799 ,
1412 5733 1498 5802 qui
1529 5737 1994 5807 quadragesimum

420 5819 662 5865 octavum
685 5813 736 5866 in
758 5818 1060 5889 episcopatu
1082 5824 1268 5894 agebat
1291 5839 1521 5892 annum;
1550 5834 1602 5879 et
1624 5825 1990 5899 Serapionem,

418 5902 711 5960 Ostracina:
736 5909 1062 5978 episcopum,
1087 5915 1177 5983 qui
1202 5915 1549 5986 quadraginta
1570 5916 1802 5987 quinque
1823 5935 1992 5976 annos

419 6011 611 6053 munus
650 5999 980 6069 episcopatus
1021 6005 1255 6072 gerebat.
1287 6007 1418 6061 Cum
1452 6008 1769 6078 aliquauuliu
1810 6009 1990 6066 Theo-

2138 701 2301 758 dorus
2330 716 2438 772 prae
2464 712 2678 772 stupore
2702 703 3073 769 obmutuisset,
3102 704 3236 760 dixit
3263 724 3278 760 :
3304 704 3442 775 Quid
3468 708 3624 778 igitur
3647 709 3716 765 ad

2139 793 2254 848 haec
2280 794 2518 848 dicemus
2540 836 2552 859 ,
2572 791 2772 852 Pater?
2811 796 2946 852 Num
2976 794 3108 850 hora
3144 797 3255 868 jam
3285 799 3572 856 novissima
3611 811 3714 866 est,

2138 893 2192 939 et
2218 883 2466 949 defectio,
2492 887 2780 942 secundum
2802 887 3047 954 Paulum,
3071 902 3165 957 per
3189 889 3285 944 ista
3307 891 3512 946 initium
3540 893 3714 960 capit:

2142 972 2210 1028 Ut
2256 974 2470 1029 demum
2527 977 2770 1030 reveletur
2819 979 2955 1047 filius
3018 976 3312 1049 perditionis
3333 1021 3349 1043 ,
3401 981 3718 1037 adversarius

2138 1068 2216 1138 (2.
2243 1068 2422 1123 Thess.
2449 1067 2503 1122 2.
2529 1069 2629 1137 5)?
2665 1069 2797 1123 Nam
2829 1071 2998 1126 malos
3024 1086 3279 1142 prospere
3305 1086 3492 1141 agere,
3517 1082 3574 1128 et
3601 1073 3718 1129 haec

2138 1170 2384 1229 patrare,
2415 1168 2468 1212 et
2496 1158 2690 1214 durare
2725 1169 2780 1214 et
2807 1162 3126 1230 praevalere,
3159 1173 3213 1218 et
3247 1163 3419 1219 bonos
3456 1166 3626 1234 premi
3655 1179 3717 1218 ac

2137 1251 2376 1322 spoliari,
2403 1249 2550 1304 illum
2579 1252 3007 1322 appropinquare
3031 1267 3152 1307 cum
3178 1253 3399 1310 horrore
3427 1269 3515 1308 me
3533 1254 3720 1310 admo-

2137 1352 2246 1396 net.
2278 1341 2454 1396 Ense.
2485 1340 2764 1397 Proximus
2789 1341 3004 1413 quidem
3031 1350 3116 1397 est
3146 1341 3263 1397 linis
3283 1384 3298 1406 ,
3328 1343 3718 1413 sapientissime

2137 1432 2435 1498 Theodore,
2463 1432 2612 1503 juxta
2639 1449 2762 1489 eum
2789 1435 2877 1505 qui
2908 1435 2983 1489 ait
3012 1452 3025 1488 :
3055 1432 3233 1489 Filioli
3252 1476 3267 1498 ,
3296 1436 3564 1490 novissima
3591 1438 3717 1490 hara

2137 1534 2208 1578 est
2233 1525 2251 1594 (
2277 1526 2327 1578 1.
2349 1524 2505 1578 Joan.
2529 1525 2584 1579 2.
2609 1525 2706 1594 18)
2738 1543 2752 1580 :
2785 1535 2840 1580 et
2865 1526 3022 1595 juxta
3053 1525 3181 1580 illud
3207 1543 3220 1578 :
3251 1525 3392 1581 Exiit
3418 1528 3718 1595 paterfami-

2137 1613 2234 1667 lias
2278 1616 2414 1667 circa
2457 1614 2777 1667 undecimam
2825 1615 3003 1668 horam
3051 1617 3330 1671 conducere
3367 1618 3626 1688 operarios
3665 1619 3720 1672 in

2137 1705 2335 1758 vineam
2372 1720 2518 1757 suam
2550 1704 2764 1773 (Matth.
2787 1704 2878 1760 20.
2903 1705 2957 1776 1)
2985 1722 3001 1761 :
3031 1705 3159 1761 hora
3200 1717 3374 1762 autem
3403 1708 3717 1764 duodecima

2138 1795 2320 1849 ultima
2358 1805 2462 1850 est.
2493 1795 2552 1850 Si
2590 1811 2716 1851 vero
2755 1805 2878 1854 ante
2920 1798 3334 1869 quadringentos
3372 1814 3540 1854 annos
3577 1800 3718 1854 dicta

2137 1895 2219 1940 est
2248 1885 2315 1940 ab
2343 1887 2600 1956 Apostolo
2647 1887 2862 1953 ultima,
2909 1891 3078 1945 multo
3109 1890 3275 1961 magis
3318 1905 3460 1946 nunc
3504 1899 3719 1960 propter

2137 1979 2253 2034 haec
2277 1980 2476 2033 omnia.
2506 1978 2709 2035 Deinde
2735 1979 2850 2034 lucc
2874 1980 2940 2035 ab
2962 1981 3110 2035 initio
3135 1982 3474 2052 contigerunt
3497 1981 3720 2037 Domino

2135 2072 2498 2142 permittente,
2541 2070 2608 2125 ad
2649 2071 2977 2126 exercendos
3002 2084 3245 2139 sanctos,
3288 2086 3409 2129 eum
3433 2089 3526 2130 eos
3553 2089 3725 2144 expe.

2134 2171 2271 2217 teret
2312 2161 2575 2225 diabolus,
2617 2163 2756 2218 sicut
2796 2162 2872 2217 ait
2911 2162 3164 2218 Servator
3203 2181 3214 2216 :
3260 2161 3473 2227 Simon,
3516 2164 3719 2230 Simon,

2135 2253 2369 2323 expetivit
2403 2269 2492 2306 vos
2516 2253 2762 2318 Satanas,
2808 2263 2862 2307 ut
2903 2253 3142 2308 cribraret
3172 2255 3301 2307 sicut
3343 2254 3605 2308 triticum:
3632 2270 3722 2323 ego

2135 2353 2302 2396 autem
2325 2345 2500 2413 rogavi
2541 2361 2631 2411 pro
2655 2355 2722 2409 te,
2748 2354 2800 2397 ut
2832 2361 2934 2399 non
2963 2345 3167 2413 deficiat
3200 2346 3326 2415 fides
3350 2357 3436 2400 tua
3457 2344 3608 2416 (Luc.
3630 2346 3721 2400 22.

2135 2432 2224 2487 Si.
2247 2433 2363 2502 52).
2405 2433 2586 2503 Neque
2610 2449 2737 2489 vero
2764 2451 2859 2504 pro
2889 2438 3004 2491 solo
3034 2437 3191 2492 Petro
3231 2440 3433 2510 rogavit
3453 2439 3720 2505 Christus,

2136 2522 2231 2577 sed
2277 2538 2372 2592 pro
2418 2523 2671 2579 omnibus
2717 2524 2917 2580 Christi
2965 2526 3122 2581 fidem
3165 2529 3483 2586 habentibus
3530 2550 3542 2584 :
3590 2529 3719 2586 nihil

2134 2613 2278 2670 aliud
2303 2614 2636 2685 significante
2665 2616 2864 2681 cribro,
2903 2633 3064 2688 quam
3092 2619 3277 2674 orbem
3310 2630 3592 2684 terrarum.
3623 2640 3720 2678 vo-

2134 2705 2393 2775 luptatum
2439 2722 2502 2761 ac
2547 2706 2795 2762 dolorum
2843 2709 3094 2778 plenum,
3140 2726 3234 2780 per
3271 2727 3389 2782 qua:
3426 2715 3588 2769 veluti
3629 2730 3724 2786 per

2132 2796 2390 2853 foramina
2452 2800 2650 2855 terreni
2711 2799 2960 2856 homines
3006 2801 3059 2855 in
3122 2818 3306 2858 orcum
3356 2805 3608 2860 excidunt
3653 2807 3721 2862 ab

2130 2891 2304 2947 alente
2332 2893 2526 2956 tritico,
2551 2892 2679 2947 dum
2707 2894 2853 2948 velut
2879 2909 2910 2948 a
2944 2893 3291 2952 foraminibus
3318 2909 3674 2954 secernuntur
3701 2919 3713 2953 :

2129 2982 2250 3037 aliis
2289 2982 2503 3051 quidem
2533 2983 2897 3040 diffluentibus
2926 2985 3086 3040 veluti
3119 3002 3213 3055 per
3263 2987 3503 3043 foramen
3546 2990 3716 3061 inglu-

2130 3072 2255 3126 viei.
2297 3072 2524 3136 Quorum
2547 3072 2686 3128 Deus
2719 3085 2890 3128 venter
2926 3085 3000 3129 est
3039 3075 3310 3147 (Philipp.
3334 3079 3388 3133 3.
3416 3081 3559 3151 19);
3601 3083 3716 3138 aliis

2130 3173 2306 3216 autem
2333 3179 2430 3231 per
2458 3164 2787 3234 voluptatum
2813 3165 3112 3232 illecebras,
3142 3166 3208 3222 de
3231 3168 3421 3238 quibus
3447 3171 3708 3241 pr0pheta

2127 3253 2222 3317 ait,
2239 3252 2438 3324 Spiritu
2453 3255 2801 3325 fornicationis
2815 3256 3006 3310 seducti
3016 3271 3132 3311 sunt
3145 3275 3165 3311 :
3181 3275 3340 3328 neque
3354 3262 3485 3314 enim
3502 3264 3717 3332 fornica-

2131 3353 2260 3398 tores
2277 3385 2292 3410 ,
2315 3362 2472 3412 neque
2489 3346 2729 3412 adulteri,
2751 3363 2912 3416 neque
2930 3348 3126 3416 molles,
3149 3366 3359 3421 regnum
3376 3349 3474 3406 Dei
3494 3355 3716 3423 posside-

2127 3436 2249 3490 bunt
2271 3438 2317 3505 (1
2334 3477 2348 3491 .
2372 3436 2487 3490 Cor.
2511 3438 2564 3491 6.
2591 3437 2682 3508 10)
2708 3455 2721 3490 :
2745 3438 2864 3493 aliis
2889 3454 2984 3509 per
3007 3440 3284 3495 avaritiam
3311 3459 3326 3494 :
3352 3443 3558 3499 scilicet
3589 3447 3710 3514 qui-

2126 3544 2353 3598 cumque
2378 3529 2694 3584 idololatria:
2713 3530 2994 3600 conjugem
3019 3531 3119 3586 sibi
3141 3531 3531 3602 desponsaruut
3555 3555 3568 3590 :
3594 3537 3714 3592 aliis

2126 3634 2220 3689 per
2249 3621 2381 3674 iram
2405 3629 2462 3676 et
2481 3620 2734 3686 furorem,
2766 3623 2856 3691 qui
2884 3622 3078 3677 ferales
3104 3623 3350 3679 tenebras
3380 3637 3712 3694 amaverunt,

2122 3712 2190 3766 de
2222 3712 2411 3781 quibus
2439 3713 2677 3768 Joannes
2704 3732 2718 3766 :
2747 3713 2848 3778 Qui
2870 3715 2974 3767 odit
3001 3719 3208 3785 fratrem
3231 3733 3397 3782 suum,
3420 3720 3472 3772 in
3500 3720 3713 3774 tenebris

2119 3811 2193 3856 est
2235 3818 2388 3871 usque
2409 3802 2578 3855 adhuc
2604 3803 2678 3872 (1.
2699 3800 2856 3857 Ιοαη.
2902 3802 2951 3856 2.
2985 3804 3074 3872 9):
3102 3803 3192 3859 Ira
3215 3807 3380 3874 enim,
3405 3820 3460 3862 ut
3481 3812 3554 3863 ait
3578 3809 3713 3864 Pro-

2120 3895 2422 3948 verbiorum
2451 3905 2658 3962 auctor,
2685 3895 2849 3965 perdit
2867 3896 3016 3950 etiam
3036 3899 3286 3969 sapientes
3301 3899 3479 3972 (Prov.
3503 3903 3588 3958 15.
3613 3904 3670 3972 1)
3690 3922 3704 3958 :

2120 3984 2236 4038 aliis
2263 4001 2357 4054 per
2386 3985 2643 4041 incuriam
2670 3997 2724 4041 et
2767 3987 3092 4044 oblivionem
3119 4030 3136 4055 ,
3167 3992 3218 4046 in
3252 3996 3524 4050 memoria:
3567 3996 3705 4066 vigi-

2121 4074 2282 4130 lantia
2325 4091 2428 4131 non
2478 4078 2828 4146 perdurantes
2856 4121 2872 4144 ,
2922 4093 2976 4135 et
3011 4081 3136 4136 illud
3180 4094 3460 4152 precantes
3490 4085 3708 4142 dicunt:

2122 4166 2420 4223 Dormitavit
2463 4171 2637 4224 anima
2668 4188 2782 4225 mea
2823 4188 2932 4242 prce
2982 4174 3131 4228 ttedio
3184 4176 3202 4243 (
3235 4173 3376 4230 Psal.
3408 4176 3531 4232 118.
3565 4177 3704 4250 28).

2119 4262 2264 4330 Quos
2297 4265 2559 4319 miserans
2591 4265 2887 4335 Scriptura,
2917 4268 3026 4321 ait:
3065 4266 3154 4322 Va:
3179 4270 3316 4324 vobis
3350 4273 3435 4338 qui
3481 4272 3705 4339 perdidi-

2117 4358 2208 4410 stis
2234 4359 2564 4426 patientiam!
2592 4369 2640 4412 et
2673 4359 2794 4427 quid
2813 4360 3007 4428 facietis
3027 4401 3042 4425 ,
3066 4377 3179 4413 cum
3215 4362 3434 4416 visitabit
3447 4362 3697 4420 Dominus

2118 4445 2301 4515 (Eccli.
2323 4448 2376 4499 2.
2408 4448 2596 4516 16.17)
2614 4451 2637 4500 ?
2657 4449 2774 4503 aliis
2808 4463 2902 4516 per
2944 4449 3360 4503 irrationabilcm
3381 4455 3694 4506 ostentatio-

2115 4554 2260 4602 nem,
2289 4538 2357 4592 de
2379 4540 2571 4608 quibus
2598 4539 2877 4593 Psalmista
2910 4539 3228 4608 praedicebat
3257 4559 3270 4594 :
3305 4541 3555 4607 Quoniam
3593 4545 3697 4597 dis-

2112 4629 2295 4700 sipavit
2319 4627 2462 4684 Deus
2482 4647 2599 4684 ossa
2621 4629 2906 4684 hominibus
2946 4630 3290 4702 placentium(
3322 4631 3467 4686 Psat.
3488 4629 3578 4688 52.
3608 4635 3699 4700 6i;

2111 4720 2231 4775 aliis
2271 4735 2368 4788 per
2390 4722 2748 4792 arrogantiam
2777 4731 2830 4776 et
2862 4721 3055 4777 fastum
3076 4765 3091 4789 ,
3115 4723 3256 4793 quod
3293 4733 3376 4778 est
3404 4726 3650 4798 superbia
3683 4746 3698 4781 :

2112 4829 2248 4885 quos
2271 4815 2438 4870 veluti
2485 4814 2687 4869 ordinis
2731 4814 3037 4869 desertores
3077 4813 3334 4884 propheta
3381 4817 3694 4873 insimulat:

2112 4907 2334 4978 Superbi
2357 4908 2528 4978 inique
2554 4908 2764 4978 agebant
2799 4923 3148 4976 usquequaque
3172 4925 3189 4970 ς
3216 4923 3248 4960 a
3283 4905 3392 4978 lege
3421 4919 3589 4963 autem
3609 4922 3698 4968 tua

2110 5016 2214 5054 non
2227 5001 2469 5054 declinavi
2489 4999 2656 5070 (Psal.
2676 4999 2798 5053 118.
2818 4999 2927 5068 51).
2954 4998 3378 5070 Unumquodque
3395 5011 3571 5060 autem
3593 5004 3692 5060 ho-

2109 5106 2229 5146 rum
2260 5092 2505 5146 vitiorum
2538 5090 2688 5159 plura
2728 5089 2830 5142 alia
2873 5089 3269 5160 subsequuntur
3297 5109 3310 5144 :
3339 5090 3533 5147 fastum
3562 5095 3697 5150 invi-

2107 5183 2216 5252 dia,
2239 5184 2509 5239 avaritiam
2539 5181 2740 5247 odium,
2774 5182 3100 5239 illiberalitas
3140 5184 3471 5240 mendacium
3501 5203 3515 5252 ;
3545 5187 3695 5242 furo-

2107 5291 2222 5332 rem
2250 5277 2325 5331 ira
2356 5275 2436 5330 vel
2466 5274 2928 5339 excandescentia,
2957 5276 3314 5341 contumelia,
3344 5278 3688 5346 invidentize;

2108 5368 2507 5424 fornicationem
2555 5367 2752 5421 oblivio
2774 5409 2790 5434 ,
2843 5368 3102 5422 securitas
3125 5411 3138 5432 ,
3170 5370 3396 5440 pigritia,
3427 5371 3526 5426 zeli
3561 5371 3686 5429 Itoni

2105 5461 2361 5524 defectus,
2391 5459 2694 5528 inutilisque
2739 5460 2948 5529 vigilia;
2996 5476 3182 5514 vanam
3243 5461 3464 5530 gloriam
3507 5466 3689 5519 curio-

2109 5555 2258 5616 sitas,
2294 5551 2564 5622 perceptio
2591 5550 2879 5617 donorum,
2911 5565 3121 5620 pompa,
3150 5551 3540 5620 simulationes,
3565 5573 3691 5625 per-

2105 5659 2352 5700 sonarum
2392 5641 2750 5709 acceptiones,
2779 5641 3034 5705 fallaciae;
3065 5641 3370 5710 superbiam
3396 5643 3684 5710 dementia,

2105 5733 2573 5799 immisericordize,
2604 5734 2762 5804 impia
2791 5732 2946 5797 facta,
2977 5731 3173 5785 mentis
3187 5734 3502 5799 emotiones,
3527 5744 3687 5804 atque

2105 5828 2237 5883 alias
2262 5827 2400 5890 alim,
2433 5840 2500 5880 ne
2523 5827 2700 5895 plures
2725 5839 3031 5891 recensens,
3049 5839 3352 5880 sermonem
3385 5825 3524 5880 hunc
3553 5841 3668 5882 one

2106 5933 2217 5975 rem
2244 5959 2258 5982 ,
2308 5931 2426 5972 cum
2475 5917 2687 5973 abunde
2716 5917 3136 5972 demonstratum
3180 5916 3267 5980 sit,
3307 5916 3450 5986 quod
3479 5916 3680 5974 dictum

2108 6021 2206 6067 est.
2254 6007 2546 6080 Unicuique
2594 6021 2768 6066 autem
2812 6008 3001 6064 horum
3061 6008 3307 6064 vitiorum
3361 6012 3685 6069 contrariam
