4504 6702
805 578 866 632 75
2065 551 2376 613 PALLADH
2417 551 2753 614 DIALOGUS
3990 570 4058 622 τε

801 690 1047 743 virtutem
1075 685 1215 739 Deus
1234 680 1483 751 opposuit
1513 693 1522 729 τ
1550 675 1696 731 verbi
1737 675 1905 744 gratia
1932 716 1945 739 ,
1973 673 2196 727 luxuria:
2221 671 2379 724 casu-

802 791 989 840 tatem,
1032 775 1292 847 gulositati
1337 770 1779 843 temperantiam,
1809 769 2045 821 avaritia:
2089 764 2376 834 justitiam,

801 873 894 926 ira:
927 871 1214 932 lenitatem,
1235 865 1458 919 tristitim
1482 863 1749 934 gaudium,
1776 860 2026 914 oblivioni
2051 856 2378 920 memoriam,

804 959 1062 1013 socordiae
1089 957 1420 1027 patientiam,
1457 953 1736 1009 dementia:
1776 951 2133 1022 prudentiam,
2161 946 2380 1018 ignavia:

805 1051 1191 1113 fortitudinem,
1219 1048 1435 1102 vanitati
1464 1044 1838 1109 humilitatem,
1870 1052 1923 1096 et
1962 1043 2078 1094 aliis
2101 1041 2229 1093 alias
2260 1054 2273 1090 :
2298 1038 2379 1090 his

812 1137 1055 1189 amnibus
1083 1135 1313 1187 divinam
1343 1130 1672 1197 Scriptorum
1699 1146 1713 1181 :
1743 1128 1839 1182 soli
1875 1137 2049 1179 autem
2093 1123 2243 1177 fastui
2276 1121 2383 1174 vir-

813 1235 978 1280 tutem
1007 1222 1323 1277 contrariam
1351 1235 1456 1274 non
1502 1219 1649 1274 dedit
1672 1218 1742 1272 ob
1771 1217 2201 1286 exsuperantiam
2243 1213 2379 1277 vitii,

813 1317 1034 1383 seipsutn
1067 1314 1138 1366 illi
1180 1327 1482 1374 reservans,
1508 1311 1642 1363 sicut
1682 1309 1814 1362 dixit
1845 1325 1856 1360 :
1889 1308 2026 1360 Deus
2052 1305 2276 1374 superbis
2302 1320 2384 1356 re-

811 1407 935 1460 sistit
972 1405 1110 1474 (Jac.
1153 1405 1204 1458 4.
1247 1404 1279 1458 6
1309 1406 1326 1472 )
1361 1423 1374 1456 :
1405 1403 1541 1455 sicut
1571 1401 1730 1454 etiam
1771 1400 1884 1467 ipse
1911 1397 2167 1467 prapheta
2197 1410 2385 1463 preca-

811 1512 922 1562 mr,
955 1496 1180 1550 dicens:
1216 1493 1347 1546 Leva
1392 1507 1567 1545 manus
1596 1502 1709 1544 tuas
1750 1490 1802 1542 in
1847 1488 2106 1557 superbius
2142 1502 2314 1539 eorum
2333 1487 2386 1538 in

811 1590 957 1642 tinem
985 1589 1002 1656 (
1031 1585 1175 1639 Psal.
1206 1587 1294 1640 75.
1327 1586 1360 1640 5
1393 1585 1410 1654 )
1451 1600 1464 1636 :
1496 1592 1550 1638 et
1575 1596 1758 1637 rursus
1776 1623 1792 1648 ,
1817 1579 1993 1634 Redde
2013 1577 2386 1631 retributionem

812 1680 1031 1749 superbis
1062 1681 1078 1749 (
1116 1678 1252 1732 Psal.
1275 1679 1363 1734 95.
1391 1677 1428 1730 2
1455 1678 1497 1747 ).
1531 1677 1597 1731 Et
1647 1673 2090 1745 quemadmodum
2122 1687 2184 1726 ex
2217 1670 2387 1724 fructu

811 1773 966 1826 arbor
1001 1769 1359 1840 cognoscitur,
1393 1779 1450 1822 ut
1473 1769 1550 1821 ait
1574 1767 1834 1820 Dominus
1865 1783 1877 1818 :
1910 1764 1993 1819 Ex
2028 1765 2272 1834 fructibus
2299 1779 2386 1815 eo-

811 1878 924 1916 runt
944 1863 1248 1932 cognoscetis
1277 1877 1358 1913 eos
1390 1861 1408 1930 (
1435 1859 1619 1912 Matth.
1665 1860 1718 1912 7.
1755 1858 1853 1925 16)
1881 1875 1896 1909 :
1929 1858 1998 1910 ita
2027 1856 2388 1924 unusquisque

812 1949 1083 1999 hominum
1105 1987 1118 2007 ,
1152 1947 1262 1997 sive
1305 1944 1407 1996 Sint
1433 1943 1598 1996 sancti
1625 1983 1640 2009 ,
1667 1942 1780 1996 sive
1806 1942 2064 1996 dicantur.
2097 1942 2184 1995 Sic
2211 1953 2386 1994 autem

813 2037 1009 2106 ubique
1035 2046 1161 2089 sunt
1187 2035 1548 2103 improborum
1573 2034 1951 2102 prosperitates
1980 2033 2211 2086 immotze
2237 2075 2251 2097 ,
2282 2032 2389 2086 Deo

815 2143 938 2197 erga
967 2127 1110 2196 ipsos
1155 2126 1418 2195 patienter
1446 2134 1652 2194 agente.
1683 2125 1794 2178 Hoc
1819 2125 1959 2178 enim
1991 2123 2158 2190 ipsum
2187 2122 2338 2177 decet
2372 2141 2384 2176 :

812 2218 884 2271 ita
916 2226 975 2271 ut
1018 2217 1184 2270 sancti
1214 2217 1437 2284 idipsum
1466 2231 1531 2269 ex
1562 2228 1786 2283 persona
1815 2227 1998 2267 eorum
2019 2255 2034 2279 ,
2077 2214 2164 2282 qui
2188 2228 2387 2268 vexan-

814 2318 919 2373 tur,
951 2307 1322 2375 proclamarint
1345 2306 1409 2358 ad
1428 2304 1846 2359 consolationem
1873 2305 2111 2359 omnium
2126 2314 2385 2366 nostrum,

811 2401 900 2474 qui
924 2413 1063 2460 nunc
1094 2397 1340 2473 patimur.
1393 2395 1604 2458 Primus
1650 2396 1920 2472 patientia:
1946 2395 2088 2449 ﬁlius
2114 2394 2234 2458 Job,
2266 2395 2390 2465 qttid

811 2507 931 2567 post
956 2497 1120 2552 multa
1151 2498 1225 2551 ait
1252 2497 1276 2550 ἲ
1316 2497 1442 2566 quid
1467 2497 1657 2552 enim?
1687 2494 1954 2568 Numquid
1980 2513 2043 2549 ex
2085 2487 2284 2547 homine
2321 2510 2392 2544 re-

809 2589 1073 2658 prehensio
1119 2587 1268 2641 meo?
1304 2589 1624 2659 inculpatum
1663 2603 1722 2642 se
1771 2602 1890 2641 esse
1939 2585 2260 2656 significans.
2324 2583 2390 2636 Et

811 2695 968 2745 quare
1003 2694 1105 2731 non
1123 2680 1315 2732 irascar
1335 2679 1362 2732 γ
1386 2681 1472 2747 qui
1500 2678 1762 2747 adspicitis
1800 2694 1895 2740 me,
1927 2676 2266 2735 admiremini,
2299 2689 2392 2741 po-

813 2778 984 2821 nentes
1008 2785 1211 2820 manum
1237 2784 1386 2835 super
1404 2768 1683 2821 maxillam.
1705 2767 1766 2821 Si
1782 2767 1914 2819 enim
1937 2764 2226 2818 recordatus
2246 2764 2388 2830 [uero

819 2860 1051 2928 religiose
1089 2859 1212 2921 vixi,
1241 2869 1286 2911 et
1314 2859 1513 2911 dolores
1537 2858 1752 2911 obtinent
1774 2872 1975 2910 carnem
2011 2871 2192 2908 meam.
2218 2853 2392 2917 Quare

821 2948 966 3018 impii
993 2950 1158 3002 vivunt
1183 2991 1197 3014 ,
1243 2959 1288 3001 et
1329 2950 1662 3002 inveterarunt
1688 2950 1740 3001 in
1760 2947 1986 3002 divitiis?
2013 2946 2193 3002 Semen
2223 2963 2392 2999 eorum

815 3044 1091 3092 secundum
1133 3040 1386 3103 animant,
1421 3040 1514 3106 ﬁlii
1539 3050 1705 3093 autem
1743 3057 1914 3094 eorum
1950 3041 2004 3091 in
2039 3039 2198 3092 oculis
2232 3048 2390 3092 sunt:

819 3134 1001 3186 domus
1029 3149 1201 3186 eorum
1227 3133 1483 3184 abundant
1508 3173 1522 3197 ,
1551 3134 1701 3185 timor
1741 3143 1903 3186 autem
1948 3131 2128 3184 nullibi
2157 3147 2177 3184 :
2217 3132 2396 3200 ﬂagel-

821 3225 927 3277 lum
948 3223 1041 3277 Dei
1059 3240 1158 3276 non
1185 3233 1256 3276 est
1281 3240 1434 3291 super
1458 3225 1593 3278 illos.
1617 3224 1720 3278 Bos
1749 3241 1918 3278 eorum
1946 3239 2046 3276 nou
2075 3224 2397 3276 immaturum

821 3315 1010 3385 peperit
1041 3329 1059 3366 .'
1084 3323 1278 3366 servata
1303 3322 1375 3366 est
1398 3313 1459 3364 ab
1485 3323 1630 3379 testu,
1659 3316 1712 3367 in
1741 3323 1910 3367 ventre
1936 3313 2124 3366 habens
2154 3329 2254 3366 non
2285 3315 2396 3382 fru-

821 3404 985 3458 strata
1003 3412 1094 3458 est.
1129 3401 1338 3456 Manent
1367 3410 1532 3455 autem
1557 3405 1685 3457 sicut
1714 3418 1826 3457 oves
1856 3415 2130 3472 perpetua.
2165 3402 2397 3473 Infantes

819 3512 996 3550 eorum
1023 3494 1294 3559 adludunt,
1325 3504 1540 3548 tenentes
1559 3495 1854 3566 psalterium
1874 3505 1918 3550 et
1944 3496 2211 3559 citharam,
2235 3503 2281 3549 et
2311 3496 2400 3549 la:-

831 3588 1003 3641 lantur
1031 3588 1083 3639 in
1126 3601 1244 3640 voce
1277 3586 1462 3654 psalmi
1497 3602 1517 3640 :
1546 3597 1954 3640 consummarunt
1981 3588 2033 3640 in
2071 3588 2211 3641 bonis
2249 3588 2399 3640 vitam

830 3692 1002 3737 sitam,
1036 3684 1083 3728 et
1108 3675 1161 3727 in
1183 3675 1356 3742 requie
1375 3674 1570 3741 inferni
1600 3675 2013 3728 obdormierunt.
2051 3675 2188 3729 Dicit
2223 3688 2400 3732 autem

833 3765 1055 3818 Domino
1083 3781 1101 3817 :
1127 3763 1321 3817 Recede
1360 3781 1392 3814 a
1417 3780 1517 3826 me,
1547 3765 1658 3817 vias
1681 3773 1799 3817 tuas
1832 3765 1966 3818 scire
1987 3766 2108 3818 nolo
2140 3766 2282 3837 (Job.
2308 3768 2400 3836 21,

829 3857 1013 3926 4-H).
1041 3856 1177 3909 Huic
1200 3870 1440 3910 consona
1462 3858 1726 3911 malorum
1749 3858 1991 3913 tolerans
2010 3869 2064 3913 et
2090 3860 2398 3916 divinorum

824 3949 1155 4018 jndiciorum
1187 3963 1365 4018 praeco
1399 3948 1564 4002 David
1583 3950 1679 4014 ait,
1706 3949 1862 4018 juxta
1887 3950 2022 4005 illud
2048 3971 2060 4006 :
2089 3950 2399 4008 Misericor-

828 4041 973 4094 diam
998 4051 1048 4095 et
1069 4042 1330 4110 judicium
1355 4042 1579 4095 cantabo
1603 4042 1720 4104 tibi,
1750 4042 1990 4096 Domine.
2029 4045 2202 4110 Quam
2233 4047 2398 4102 bonus

829 4133 973 4186 Deus
1008 4131 1198 4186 Israeli
1237 4133 1389 4185 rectis
1431 4134 1584 4186 corde
1613 4131 2053 4204 (Psal.100.1.et
2079 4137 2163 4190 72.
2197 4138 2267 4207 1).
2299 4138 2404 4192 Mei

830 4237 1003 4279 autem
1016 4240 1142 4292 pene
1154 4226 1281 4277 moti
1293 4234 1413 4278 sunt
1431 4223 1604 4290 pedes,
1617 4238 1742 4288 pene
1752 4225 1910 4293 ιη’αεὶ
1926 4236 2047 4279 sunt
2063 4244 2272 4296 gressus
2299 4232 2400 4282 mei

833 4315 1008 4385 (Psal.
1031 4316 1116 4368 72.
1140 4315 1216 4384 2).
1242 4314 1390 4368 Cur?
1412 4315 1551 4380 Quia
1579 4317 1744 4368 zelavi
1769 4333 1924 4384 super
1948 4319 2183 4388 iniquos,
2218 4337 2398 4388 pacem

827 4416 1158 4474 peccatorum
1185 4404 1380 4458 videns.
1415 4403 1478 4456 Et
1509 4404 1634 4458 alzbi
1667 4420 1888 4470 rursus,
1921 4421 2052 4475 opes
2079 4423 2268 4462 eorum
2305 4409 2405 4461 da-

830 4512 1048 4558 mnans,
1062 4496 1195 4550 dicit
1215 4515 1226 4549 :
1245 4496 1404 4549 Boves
1424 4512 1602 4549 eorum
1619 4513 1834 4562 crasste,
1854 4513 1969 4552 oves
1985 4515 2164 4553 eorum
2181 4501 2399 4570 fatosce,

829 4590 1157 4642 abundantes
1179 4590 1234 4641 in
1249 4589 1540 4656 egressibus
1566 4591 1698 4651 suis,
1723 4593 2089 4659 promptuaria
2105 4610 2286 4646 eorum
2302 4594 2406 4663 ple-

830 4698 921 4746 na,
953 4680 1250 4732 eructantia
1266 4695 1330 4732 ex
1350 4680 1444 4730 hoc
1463 4681 1516 4731 in
1539 4679 1670 4732 illud
1693 4697 1710 4733 :
1735 4681 1862 4747 ﬁlia!
1876 4699 2054 4736 eorum
2079 4688 2403 4752 composites,

829 4772 1028 4821 circum
1045 4779 1269 4830 ornatae,
1293 4768 2175 4840 utsimilitudotempli(Psal.145.
2201 4776 2287 4830 14.
2316 4777 2400 4831 15.

830 4859 939 4928 12).
969 4859 1072 4914 Sed
1089 4868 1142 4914 et
1163 4861 1359 4912 malam
1383 4875 1571 4915 eorum
1591 4863 1944 4917 concordiam
1963 4873 2015 4919 et
2031 4879 2217 4934 pacem
2232 4868 2407 4922 admi-

831 4967 960 5005 rans
974 4952 1143 5004 addit:
1165 4949 1284 5003 Non
1299 4962 1372 5005 est
1391 4953 1592 5007 clamor
1603 4956 1654 5008 in
1663 4955 1852 5022 plateis
1867 4973 2237 5028 eorum,neque
2251 4961 2407 5014 ruina

831 5044 1072 5095 maceria:
1089 5042 1142 5094 in
1158 5041 1400 5097 domibus
1420 5061 1600 5098 eorum
1620 5046 1796 5113 (Ibid.
1816 5065 1863 5103 υ.
1888 5049 1975 5104 14.
1997 5059 2046 5104 et
2068 5051 2177 5111 15).
2201 5051 2404 5109 Deinde

829 5130 1146 5199 vituperans
1169 5140 1478 5200 corruptam
1502 5135 1643 5202 vulgi
1667 5137 2000 5203 opinionem,
2031 5142 2106 5194 ait
2137 5161 2147 5195 :
2174 5142 2402 5198 Beatum

835 5219 1067 5271 dixerunt
1094 5221 1357 5288 populum,
1385 5223 1468 5276 cui
1495 5225 1601 5278 haec
1633 5235 1767 5280 sunt.
1808 5229 1874 5282 Et
1900 5230 2046 5286 addit
2073 5251 2086 5287 :
2117 5233 2302 5290 Beatus
2323 5253 2407 5305 po-

838 5311 986 5377 pulus
1014 5353 1029 5378 ,
1061 5314 1206 5383 cujus
1252 5313 1498 5370 Dominus
1544 5317 1703 5373 Jacob
1741 5321 1944 5392 adjutor
1983 5325 2114 5392 ejus.
2160 5327 2225 5380 Et
2251 5344 2315 5382 ne
2339 5344 2405 5384 eo

837 5416 1000 5469 usque
1030 5405 1220 5460 sistens
1249 5409 1550 5464 testimonia
1577 5451 1590 5472 ,
1633 5410 1820 5466 faciam
1842 5455 1854 5477 ,
1888 5423 1944 5467 ut
1967 5416 2405 5483 pericliteturim-

838 5491 1065 5558 perfecta
1097 5497 1264 5552 oratio
1291 5541 1305 5564 ,
1336 5499 1456 5554 audi
1503 5517 1687 5556 rursus
1731 5503 2002 5560 Abbacum
2033 5522 2152 5561 cum
2176 5511 2402 5579 quodam

832 5582 1044 5653 planctu
1073 5599 1229 5656 super
1258 5589 1557 5660 bujusmodi
1602 5593 1979 5663 indignantem,
2008 5614 2073 5654 ac
2103 5600 2362 5656 dicentem
2387 5622 2400 5658 :

836 5672 1119 5743 Usquequo,
1151 5676 1383 5746 Domine,
1414 5685 1640 5738 clamabo
1661 5727 1674 5748 ,
1705 5686 1950 5756 injuriam
1975 5693 2166 5758 patiens
2185 5734 2200 5756 ,
2233 5703 2280 5748 et
2306 5713 2404 5750 non

832 5767 1109 5837 emudies(
1144 5767 1339 5824 Hebae.
1369 5775 1418 5827 1.
1448 5777 1480 5828 Ξ
1531 5808 1554 5817 -
1576 5780 1607 5830 lt
1635 5777 1685 5846 )?
1717 5779 1934 5845 injurias
1984 5783 2123 5835 extim
2159 5786 2402 5852 proximi,

832 5871 952 5947 suas
984 5863 1282 5930 appellavit.
1319 5866 1381 5918 fit
1405 5866 1620 5924 fratrum
1649 5885 1832 5924 amans
1861 5873 2002 5926 addit
2027 5893 2038 5927 :
2083 5875 2407 5947 Vociferabor

831 5946 900 5999 ad
924 5957 990 6012 te,
1032 5961 1195 6007 etnon
1221 5957 1452 6011 salvebis.
1486 5959 1653 6025 Quare
1676 5963 1932 6016 Ostendiin
1965 5967 2087 6018 mihi
2126 5946 2318 6026 labores
2357 5980 2405 6027 et

2496 666 2702 722 doleres
2737 665 2904 722 videre
2925 668 2979 722 in
2999 685 3290 728 arumnam
3313 692 3375 730 ac
3399 677 3716 748 impietatem
3733 687 3759 740 .9
3774 703 3839 740 ea;
3856 691 4073 750 adverso

2497 761 2596 812 mei
2617 760 3201 830 factumestjudicium,
3222 768 3447 836 etjudca:
3469 771 3678 838 accipit.
3700 772 3907 832 Idcirco
3921 782 4072 836 dissi-

2493 859 2620 912 pata
2654 861 2731 902 est
2777 851 2881 914 ler,
2927 860 2975 903 et
3023 867 3124 902 non
3176 856 3481 919 perducitur
3517 860 3778 928 judicium
3829 865 3879 915 in
3918 869 4073 934 ﬁnem

2493 940 2618 1007 quia
2666 942 2857 1008 impius
2905 943 3150 1008 prwralet
3201 947 3452 1003 adversus
3499 951 3705 1020 justum
3743 955 3863 1022 (Job
3916 958 4000 1011 17.
4043 964 4074 1015 9

2495 1025 2638 1093 sqq.)
2661 1024 2859 1080 Eodem
2887 1028 3077 1094 spiritu
3101 1027 3261 1080 etiam
3285 1034 3836 1093 misericordissimus
3856 1054 4074 1097 sancto-

2493 1125 2637 1170 rum,
2655 1110 2941 1173 Jeremias.
2963 1115 3220 1169 haesitans
3239 1133 3352 1186 ί)Γῶ
3369 1123 3511 1187 aliis,
3529 1127 3725 1179 clamat
3747 1147 3758 1180 :
3779 1127 3967 1184 Justus
3996 1149 4072 1195 es,

2493 1192 2736 1259 Domine,
2754 1200 3001 1266 quoniam
3027 1199 3166 1264 apud
3190 1210 3236 1254 te
3267 1203 3616 1272 defensionem
3642 1213 3914 1268 instituant
3941 1232 3960 1270 :
3985 1192 4072 1269 ve;

2493 1291 2790 1335 rumtamen
2820 1284 3029 1350 judicia
3063 1285 3250 1352 loquar
3283 1291 3351 1340 ad
3386 1304 3462 1354 te,
3499 1295 3736 1352 Domine.
3775 1303 3955 1367 Quare
3990 1307 4073 1358 via

2488 1380 2823 1461 peccatorum
2860 1379 3237 1461 prosperatur?
3265 1379 3534 1461 abundant
3574 1404 3773 1461 omna,
3809 1396 3897 1460 qui
3930 1411 4067 1461 pra:-

2485 1448 2794 1498 uaricantur
2817 1448 3297 1514 prwvaricationes.
3338 1448 3608 1507 Plantasti
3631 1473 3715 1510 eos
3737 1448 3768 1521 ,'
3785 1448 3831 1513 el
3860 1448 4063 1521 radices

2483 1535 2840 1604 egerunt(hoc
2862 1545 2965 1598 est,
2991 1537 3219 1589 licenter
3240 1537 3474 1602 vivunt),
3499 1552 3545 1593 et
3573 1543 3806 1610 fecerunt
3831 1551 4063 1618 fructum

2486 1626 2629 1679 (non
2670 1629 2831 1697 plane
2865 1629 3131 1698 spiritus)
3170 1646 3182 1682 :
3221 1632 3542 1700 propinquus
3576 1651 3629 1688 es
3662 1639 3743 1690 ori
3773 1657 3978 1705 eorum,
4014 1655 4063 1698 et

2487 1718 2636 1784 longe
2667 1735 2700 1769 a
2728 1719 2944 1772 renibus
2987 1735 3164 1772 eorum
3198 1718 3349 1783 (Jer.
3382 1723 3466 1776 12.
3510 1728 3555 1778 l.
3597 1725 3688 1794 2).
3743 1729 3836 1784 His
3881 1743 4063 1788 autem

2489 1794 2714 1844 oumino
2741 1796 2891 1860 paria
2921 1796 3138 1863 sapiens
3161 1797 3425 1864 propheta
3468 1797 3777 1869 Soplionias
3804 1803 3934 1876 [imo
3961 1808 4074 1860 Ma-

2489 1879 2722 1950 lachias]
2754 1922 2768 1943 ,
2813 1883 3061 1938 homines
3109 1892 3165 1936 ut
3197 1887 3495 1942 maledicos
3529 1891 3787 1959 culpsns,
3836 1899 3928 1964 qui
3980 1896 4071 1951 Dei

2490 1967 2893 2034 providentiam
2923 1981 3202 2032 accusant.
3225 1982 3557 2043 sanctosque
3588 1979 3820 2034 miseros
3853 1984 4065 2044 dicunt,

2493 2057 2560 2096 ex
2575 2059 2808 2112 persona
2829 2048 3038 2101 Domini
3063 2049 3167 2102 ait:
3190 2047 3518 2117 Ingravastis
3531 2068 3687 2119 super
3711 2071 3792 2108 me
3811 2072 4073 2113 sermones

2494 2144 2723 2200 vestros,
2752 2140 2826 2190 ait
2858 2139 3110 2193 Dominus
3133 2181 3146 2200 ,
3185 2151 3232 2193 et
3272 2141 3484 2196 dixistis
3517 2159 3534 2196 :
3586 2143 3647 2196 In
3680 2163 3780 2214 quo
3808 2158 3992 2203 contra
4023 2163 4072 2204 te

2497 2220 2664 2274 locuti
2691 2229 2921 2280 sumus?
2956 2226 3179 2280 Dixistis
3229 2243 3246 2280 :
3294 2227 3493 2289 Vanus,
3532 2231 3623 2298 qui
3653 2234 3809 2284 servit
3846 2231 3972 2287 Deo.
4005 2235 4073 2288 Et

2493 2307 2614 2373 quid
2643 2308 2860 2374 amplius
2898 2310 3065 2362 nobis.
3123 2310 3241 2379 quia
3279 2310 3632 2364 custodivimus
3661 2313 3897 2365 mandata
3925 2315 4032 2383 ejus
4055 2357 4070 2376 ,

2495 2406 2540 2448 et
2582 2398 2698 2465 quia
2759 2399 3127 2454 ambulavintus
3171 2401 3423 2466 supplices
3481 2412 3598 2454 ante
3645 2404 3823 2472 faciem
3869 2402 4075 2458 Domini

2497 2489 2851 2556 omnipotentis
2875 2492 2900 2542 ?
2929 2500 2973 2544 et
3002 2507 3136 2544 nunc
3163 2509 3256 2546 nos
3285 2492 3623 2559 beatiﬁcamus
3648 2495 3855 2557 alienos,
3883 2506 3927 2548 et
3946 2498 4073 2550 aedi-

2495 2580 2714 2651 ﬁcantur
2748 2596 2953 2644 omnes,
3005 2583 3093 2650 qui
3131 2584 3323 2652 faciunt
3368 2583 3636 2650 injustitias
3667 2625 3681 2644 ,
3713 2595 3759 2636 et
3793 2587 4073 2640 restiterunt

2495 2677 2626 2743 Deo,
2657 2691 2702 2731 et
2744 2674 2930 2732 seruati
2966 2684 3103 2727 sunt.
3147 2674 3272 2727 Haec
3298 2675 3550 2742 obloquuti
3596 2685 3748 2740 sunt,
3793 2679 3877 2744 qui
3904 2678 4074 2730 timent

2494 2768 2793 2834 Dominum,
2817 2765 3158 2839 unusquisque
3176 2765 3243 2816 ad
3261 2765 3543 2832 proximum
3560 2782 3704 2818 suunt
3732 2767 3748 2833 (
3762 2767 3883 2818 Mal.
3909 2769 3963 2821 5.
3985 2769 4076 2822 15-

2496 2861 2635 2931 16).
2658 2861 2859 2928 Quibus
2897 2856 3092 2913 similia
3154 2856 3339 2920 infert,
3374 2857 3584 2924 pietatis
3619 2872 3811 2924 przrco,
3844 2857 4074 2911 Paulus:

2498 2951 2629 3004 Mali
2653 2961 2821 3004 autem
2849 2953 3073 3006 homines
3099 2963 3143 3005 et
3186 2947 3473 3005 seductores
3530 2949 3791 3016 proﬁcient
3820 2949 3869 3000 in
3897 2951 4039 3017 pejus
4057 2988 4072 3010 ,

2499 3054 2753 3110 errantes,
2784 3046 2829 3096 ei
2862 3045 2913 3097 in
2959 3061 3175 3097 errorem
3222 3045 3469 3096 ntiltcrttes
3521 3039 3538 3107 (
3569 3039 3622 3091 2.
3668 3038 3799 3091 Tim.
3847 3041 3996 3093 5.15
4032 3040 4072 3109 ).

2504 3135 2708 3190 Deinde
2765 3144 3072 3190 sanctorum
3130 3135 3384 3189 vilitatem
3425 3130 3747 3198 designans,
3800 3131 3911 3182 ait:
3940 3129 4077 3182 Puto

2501 3227 2632 3279 enim
2663 3225 2801 3296 quod
2831 3225 2967 3280 Deus
2987 3243 3077 3278 nos
3102 3225 3354 3294 apostolos
3383 3223 3679 3280 novissimos
3703 3222 4074 3284 demonstravit,

2499 3317 2644 3384 quasi
2672 3317 2822 3370 morti
2866 3317 3138 3370 destinatos
3168 3333 3185 3370 :
3230 3318 3346 3386 quia
3369 3319 3710 3387 spectaculum
3751 3314 3874 3387 facti
3904 3329 4076 3365 sumus

2500 3408 2689 3461 mundo
2714 3416 2760 3461 et
2784 3408 2974 3478 angelis
3007 3416 3052 3460 et
3079 3407 3376 3461 hominibus.
3404 3407 3541 3460 Nunt
3570 3425 3724 3475 usque
3751 3409 3802 3460 in
3831 3408 3960 3460 hanc
3994 3404 4079 3455 ho-

2500 3515 2612 3551 ram
2651 3507 2699 3550 et
2745 3499 2989 3551 esurimus
3015 3508 3061 3550 et
3086 3498 3277 3551 silimus
3324 3507 3371 3551 et
3417 3500 3539 3551 nudi
3567 3516 3736 3552 sumus
3777 3509 3821 3553 et
3851 3495 4077 3566 colaphis

2501 3591 2742 3643 credimur
2771 3598 2816 3642 et
2866 3590 3121 3643 instabiles
3165 3607 3340 3643 sumus
3392 3599 3437 3643 et
3490 3591 3765 3660 fatigamur
3815 3599 4076 3658 operantes

2503 3679 2734 3733 manibus
2784 3680 2968 3732 nostris
3013 3695 3031 3732 :
3079 3693 3360 3746 corporeas
3403 3695 3665 3732 :crumnas
3714 3681 4073 3734 dinumerans.

2502 3770 2880 3832 Maledicimur,
2915 3779 2961 3822 et
2993 3769 3357 3832 benedicimus;
3377 3770 3802 3839 persequutionem
3833 3771 4074 3839 patimur,

2500 3871 2546 3915 et
2595 3862 2935 3926 sustinemus;
2977 3860 3402 3929 blasphemamur,
3446 3870 3492 3913 et
3545 3860 3895 3926 obsecramus;
3942 3872 4075 3913 tam—

2500 3968 2650 4020 quam
2679 3961 3007 4021 purgamenta
3039 3951 3214 4003 mundi
3257 3952 3380 4018 facti
3415 3968 3619 4015 sumus,
3666 3953 3883 4004 omnium
3910 3953 4078 4019 perip-

2501 4061 2637 4098 sema
2687 4060 2840 4112 usque
2899 4044 3114 4112 adhuc(
3166 4046 3215 4097 1.
3243 4043 3359 4098 Cor.
3391 4045 3444 4098 4.
3497 4043 3720 4113 9-15);
3771 4059 3890 4096 cum
3939 4043 4078 4096 Deus

2503 4137 2692 4200 bonus,
2713 4146 2766 4191 ct
2781 4137 2972 4204 justus,
2997 4137 3285 4190 secundum
3308 4151 3529 4189 arcanas
3552 4134 3807 4204 quasdam
3821 4135 4073 4199 rationes,

2504 4227 2658 4280 stadii
2687 4227 2869 4291 instar,
2895 4227 3149 4280 mundum
3172 4228 3464 4294 explicarit,
3483 4235 3537 4278 et
3566 4225 3731 4276 nostri
3757 4223 3954 4276 arbitrii
3980 4238 4077 4277 nos

2506 4317 2708 4382 fecerit,
2734 4325 2794 4371 ut
2817 4319 3024 4386 pr0pria
3050 4319 3317 4369 voluntate
3345 4331 3454 4367 rem
3499 4314 3887 4382 aggredientes,
3908 4313 4078 4381 justas

2507 4422 2692 4477 poenas
2718 4407 3158 4469 solvamus,sicut
3179 4405 3285 4457 Lex
3309 4405 3414 4456 ait:
3441 4403 3725 4457 I’osuiante
3748 4404 3921 4473 {aciem
3943 4416 4079 4457 tuam

2505 4498 2658 4550 vitam
2723 4506 2770 4549 et
2812 4503 3022 4547 mortem
3061 4494 3233 4563 :elige
3273 4493 3404 4561 quod
3442 4493 3514 4546 eis
3555 4493 3574 4564 (
3613 4493 3773 4546 Eccli.
3816 4495 3899 4548 15.
3945 4495 4078 4563 18).

2507 4589 2616 4642 Cur
2641 4597 2816 4641 autem
2845 4587 3080 4655 posuerit
3106 4627 3120 4650 ,
3164 4601 3269 4639 non
3299 4596 3380 4640 est
3423 4586 3576 4653 hujus
3606 4588 3856 4656 temporis
3883 4587 4080 4651 dicere,

2511 4679 2612 4731 nisi
2655 4676 2793 4746 quod
2826 4677 3015 4744 posuit.
3055 4676 3236 4744 Neque
3263 4676 3403 4730 enim
3444 4678 3714 4746 sapientia:
3745 4677 3954 4739 fuisset,
3988 4691 4084 4729 nos

2514 4767 2948 4822 inconvertibiles
2984 4781 3102 4821 esse
3129 4765 3294 4821 factos
3317 4809 3332 4833 ,
3357 4767 3513 4822 nullis
3544 4768 3826 4838 pr0positis
3855 4769 4086 4836 prmmiis

2512 4870 2565 4915 et
2607 4867 2785 4914 mente
2817 4875 2919 4912 non
2952 4869 3096 4914 recte
3123 4869 3348 4923 agente:
3383 4859 3780 4914 inconvertibile
3820 4862 3957 4913 enim
3985 4859 4086 4911 soli

2513 4953 2622 5008 Deo
2646 4950 2970 5020 sempiterno
3021 4952 3283 5021 congruit.
3317 4951 3466 5004 Duc.
3498 4950 3758 5002 Pratclare
3783 4956 3836 5002 et
3870 4949 4084 5017 sapien-

2513 5053 2592 5100 ter
2625 5041 2920 5109 occurristi,
2948 5042 3124 5105 Pater,
3165 5042 3501 5110 praasentium
3535 5041 3722 5094 mentis
3762 5040 3941 5094 oculos
3968 5041 4088 5093 illu-

2511 5134 2737 5201 minans,
2765 5135 2854 5207 qui
2883 5135 2940 5190 in
2968 5134 3052 5188 his
3082 5147 3296 5202 semper
3316 5130 3587 5186 offendunt
3609 5129 3678 5183 ob
3698 5130 4086 5198 Scripturarum

2512 5226 2828 5296 imperitiam
2877 5245 2889 5280 :
2927 5235 2979 5281 et
3023 5226 3143 5294 quia
3178 5223 3268 5277 diu
3312 5222 3643 5292 gymnasium
3679 5221 3910 5275 Ecclesia
3952 5222 4046 5276 fuit
4071 5263 4087 5287 ,

2514 5327 2741 5382 victores
2768 5340 2893 5381 suos
2943 5322 3236 5377 ostendens
3273 5322 3415 5371 v'uos
3436 5333 3498 5372 ac
3524 5318 3790 5382 mulieres,
3835 5321 4088 5375 anteactis

2514 5417 2842 5487 temporibus
2872 5455 2886 5478 ,
2913 5412 3110 5468 Christi
3160 5424 3372 5463 carnem
3413 5424 3516 5462 non
3561 5409 3723 5478 gratis
3772 5409 4086 5465 comedisse.

2513 5510 2806 5564 Contristat
2851 5515 3026 5558 autem
3071 5518 3168 5557 nos
3209 5511 3382 5556 vestra
3416 5500 3730 5554 instabilitas
3775 5515 3868 5554 seu
3909 5517 4088 5570 pcrses

2513 5613 2718 5673 quutto,
2745 5609 2904 5666 atque
2929 5596 3279 5650 Ecclesiarum
3296 5594 3586 5647 subversio.
3607 5592 3704 5645 Er.
3728 5590 3800 5664 (α)
3833 5592 3988 5648 Miror
4013 5605 4085 5659 te,

2514 5693 2749 5745 virorum
2803 5688 3213 5740 honoratissimo
3236 5726 3251 5750 ,
3285 5683 3582 5744 Theodore,
3614 5683 3701 5752 qui
3745 5685 4086 5755 multiplicem

2518 5784 2798 5836 utilitatem
2827 5779 3105 5834 confessus
3127 5792 3308 5831 rursus
3331 5775 3594 5829 contraria
3626 5775 3875 5845 loqueris.
3901 5778 4090 5831 Beatos

2518 5873 2657 5928 enim
2687 5887 2784 5926 nos
2812 5871 3106 5941 prmdicans
3132 5879 3191 5922 ut
3213 5868 3460 5933 victores,
3494 5866 3819 5923 miserabiles
3860 5870 3990 5922 dicis
4029 5876 4087 5920 ut

2583 5980 2654 6041 (η)
2688 5980 2767 6026 ttic
2789 5977 2952 6039 incipit
2975 5973 3295 6038 fragmentum
3316 5973 3549 6036 Cujaciau.
3572 5976 3622 6024 in
3643 5973 3760 6024 edit.
3783 5979 3856 6023 Fr.
3881 5972 4056 6021 Due-aet.
