  <div class='ocr_page' id='page_1' title='image "/cluster/home/n/w/nwhite01/storage/ocr_20150623/47/hvd.32044025239690/130.png"; bbox 0 0 4526 6696; ppageno 0'>
   <div class='ocr_carea' id='block_1_1' title="bbox 420 543 3677 632">
    <p class='ocr_par' dir='ltr' id='par_1_1' title="bbox 420 543 3677 632">
     <span class='ocr_line' id='line_1_1' title="bbox 420 543 3677 632; baseline -0.012 0"><span class='ocrx_word' id='word_1_1' title='bbox 420 574 497 632; x_wconf 76' lang='lat'><em>75</em></span> <span class='ocrx_word' id='word_1_2' title='bbox 1413 564 1504 617; x_wconf 83' lang='lat' dir='ltr'><strong>DE</strong></span> <span class='ocrx_word' id='word_1_3' title='bbox 1545 560 1705 614; x_wconf 77' lang='lat' dir='ltr'><em>VITA</em></span> <span class='ocrx_word' id='word_1_4' title='bbox 1745 558 1804 612; x_wconf 90' lang='lat' dir='ltr'><em>S.</em></span> <span class='ocrx_word' id='word_1_5' title='bbox 1844 552 2128 612; x_wconf 76' lang='lat' dir='ltr'><em>JOANNIS</em></span> <span class='ocrx_word' id='word_1_6' title='bbox 2166 547 2667 608; x_wconf 74' lang='lat' dir='ltr'><em>CHRYSOSTOMI.</em></span> <span class='ocrx_word' id='word_1_7' title='bbox 3605 543 3677 597; x_wconf 73' lang='lat'><strong>76</strong></span> 
     </span>
    </p>
   </div>
   <div class='ocr_carea' id='block_1_2' title="bbox 421 676 2010 757">
    <p class='ocr_par' dir='ltr' id='par_1_2' title="bbox 421 676 2010 757">
     <span class='ocr_line' id='line_1_2' title="bbox 421 676 2010 757; baseline -0.015 -7"><span class='ocrx_word' id='word_1_8' title='bbox 421 694 626 750; x_wconf 74' lang='grc' dir='ltr'><em>τίδικον</em></span> <span class='ocrx_word' id='word_1_9' title='bbox 682 689 870 755; x_wconf 68' lang='grc' dir='ltr'><em>ἔταξεν</em></span> <span class='ocrx_word' id='word_1_10' title='bbox 939 683 1174 757; x_wconf 82' lang='grc' dir='ltr'><em>ἀρετὴν,</em></span> <span class='ocrx_word' id='word_1_11' title='bbox 1221 684 1297 749; x_wconf 80' lang='grc' dir='ltr'><em>ὡς</em></span> <span class='ocrx_word' id='word_1_12' title='bbox 1340 685 1407 754; x_wconf 83' lang='grc' dir='ltr'><em>τῇ</em></span> <span class='ocrx_word' id='word_1_13' title='bbox 1473 679 1694 750; x_wconf 71' lang='grc' dir='ltr'><em>λαγνείᾳ</em></span> <span class='ocrx_word' id='word_1_14' title='bbox 1755 676 1856 747; x_wconf 80' lang='grc' dir='ltr'><em>τὴν</em></span> <span class='ocrx_word' id='word_1_15' title='bbox 1906 692 2010 727; x_wconf 88' lang='grc' dir='ltr'><em>σω-</em></span> 
     </span>
    </p>
   </div>
   <div class='ocr_carea' id='block_1_3' title="bbox 422 757 1992 849">
    <p class='ocr_par' dir='ltr' id='par_1_3' title="bbox 422 757 1992 849">
     <span class='ocr_line' id='line_1_3' title="bbox 422 757 1992 849; baseline -0.017 -15"><span class='ocrx_word' id='word_1_16' title='bbox 422 775 718 849; x_wconf 74' lang='grc' dir='ltr'><em>φροσύνην,</em></span> <span class='ocrx_word' id='word_1_17' title='bbox 752 776 820 842; x_wconf 82' lang='grc' dir='ltr'><em>τῇ</em></span> <span class='ocrx_word' id='word_1_18' title='bbox 850 767 1156 837; x_wconf 70' lang='grc' dir='ltr'><em>λαιμαργία</em></span> <span class='ocrx_word' id='word_1_19' title='bbox 1188 767 1283 838; x_wconf 84' lang='grc' dir='ltr'><em>τὴν</em></span> <span class='ocrx_word' id='word_1_20' title='bbox 1325 764 1672 833; x_wconf 77' lang='grc' dir='ltr'><em>ἐγκράτειαν,</em></span> <span class='ocrx_word' id='word_1_21' title='bbox 1700 762 1768 831; x_wconf 80' lang='grc' dir='ltr'><em>τῇ</em></span> <span class='ocrx_word' id='word_1_22' title='bbox 1810 757 1992 810; x_wconf 88' lang='grc' dir='ltr'><em>πλεον-</em></span> 
     </span>
    </p>
   </div>
   <div class='ocr_carea' id='block_1_4' title="bbox 421 844 1993 936">
    <p class='ocr_par' dir='ltr' id='par_1_4' title="bbox 421 844 1993 936">
     <span class='ocr_line' id='line_1_4' title="bbox 421 844 1993 936; baseline -0.017 -20"><span class='ocrx_word' id='word_1_23' title='bbox 421 844 540 936; x_wconf 72' lang='grc' dir='ltr'><em>εξία</em></span> <span class='ocrx_word' id='word_1_24' title='bbox 590 844 689 932; x_wconf 82' lang='grc' dir='ltr'><em>τὴν</em></span> <span class='ocrx_word' id='word_1_25' title='bbox 749 852 1124 924; x_wconf 87' lang='grc' dir='ltr'><em>δικαιοσύνην,</em></span> <span class='ocrx_word' id='word_1_26' title='bbox 1188 856 1254 924; x_wconf 84' lang='grc' dir='ltr'><em>τῇ</em></span> <span class='ocrx_word' id='word_1_27' title='bbox 1312 852 1450 920; x_wconf 82' lang='grc' dir='ltr'><em>ὀργῇ</em></span> <span class='ocrx_word' id='word_1_28' title='bbox 1518 847 1615 919; x_wconf 80' lang='grc' dir='ltr'><em>τὴν</em></span> <span class='ocrx_word' id='word_1_29' title='bbox 1673 844 1993 917; x_wconf 75' lang='grc' dir='ltr'>πραΰτητα,</span> 
     </span>
    </p>
   </div>
   <div class='ocr_carea' id='block_1_5' title="bbox 421 926 1998 1021">
    <p class='ocr_par' dir='ltr' id='par_1_5' title="bbox 421 926 1998 1021">
     <span class='ocr_line' id='line_1_5' title="bbox 421 926 1998 1021; baseline -0.016 -20"><span class='ocrx_word' id='word_1_30' title='bbox 421 926 489 1021; x_wconf 67' lang='grc' dir='ltr'>τῇ</span> <span class='ocrx_word' id='word_1_31' title='bbox 714 941 812 1010; x_wconf 79' lang='grc' dir='ltr'><em>τὴν</em></span> <span class='ocrx_word' id='word_1_32' title='bbox 859 937 1055 1021; x_wconf 72' lang='grc' dir='ltr'><em>χαρὰν,</em></span> <span class='ocrx_word' id='word_1_33' title='bbox 1093 941 1159 1009; x_wconf 81' lang='grc' dir='ltr'><em>τῇ</em></span> <span class='ocrx_word' id='word_1_34' title='bbox 1189 935 1328 1021; x_wconf 64' lang='grc' dir='ltr'><em>λήθῃ</em></span> <span class='ocrx_word' id='word_1_35' title='bbox 1370 933 1469 1021; x_wconf 62' lang='grc' dir='ltr'><em>τῂν</em></span> <span class='ocrx_word' id='word_1_36' title='bbox 1497 934 1737 1021; x_wconf 61' lang='grc' dir='ltr'><em>μνῄμην,</em></span> <span class='ocrx_word' id='word_1_37' title='bbox 1766 930 1833 1021; x_wconf 70' lang='grc' dir='ltr'><em>τῇ</em></span> <span class='ocrx_word' id='word_1_38' title='bbox 1865 926 1998 994; x_wconf 84' lang='grc' dir='ltr'><em>ἀκη-</em></span> 
     </span>
    </p>
   </div>
   <div class='ocr_carea' id='block_1_6' title="bbox 420 1010 1995 1105">
    <p class='ocr_par' dir='ltr' id='par_1_6' title="bbox 420 1010 1995 1105">
     <span class='ocr_line' id='line_1_6' title="bbox 420 1010 1995 1105; baseline -0.019 -19"><span class='ocrx_word' id='word_1_39' title='bbox 420 1010 507 1105; x_wconf 68' lang='grc' dir='ltr'><em>δίᾲ</em></span> <span class='ocrx_word' id='word_1_40' title='bbox 559 1010 666 1097; x_wconf 34' lang='grc' dir='ltr'><em>τὴν,</em></span> <span class='ocrx_word' id='word_1_41' title='bbox 704 1020 1023 1105; x_wconf 67' lang='grc' dir='ltr'><em>ὑπομονὴν,</em></span> <span class='ocrx_word' id='word_1_42' title='bbox 1085 1023 1150 1091; x_wconf 78' lang='grc' dir='ltr'><em>τῇ</em></span> <span class='ocrx_word' id='word_1_43' title='bbox 1205 1015 1482 1087; x_wconf 79' lang='grc' dir='ltr'><em>ἀφροσύνῃ</em></span> <span class='ocrx_word' id='word_1_44' title='bbox 1540 1015 1638 1085; x_wconf 85' lang='grc' dir='ltr'><em>τὴν</em></span> <span class='ocrx_word' id='word_1_45' title='bbox 1703 1010 1995 1081; x_wconf 76' lang='grc' dir='ltr'><em>φρόνησιν,</em></span> 
     </span>
    </p>
   </div>
   <div class='ocr_carea' id='block_1_7' title="bbox 422 1095 2000 1185">
    <p class='ocr_par' dir='ltr' id='par_1_7' title="bbox 422 1095 2000 1185">
     <span class='ocr_line' id='line_1_7' title="bbox 422 1095 2000 1185; baseline -0.015 -18"><span class='ocrx_word' id='word_1_46' title='bbox 422 1095 493 1185; x_wconf 52' lang='lat' dir='ltr'><em>&quot;cf;</em></span> <span class='ocrx_word' id='word_1_47' title='bbox 531 1110 704 1179; x_wconf 76' lang='grc' dir='ltr'><em>δειλίᾳ</em></span> <span class='ocrx_word' id='word_1_48' title='bbox 742 1108 839 1177; x_wconf 82' lang='grc' dir='ltr'><em>τὴν</em></span> <span class='ocrx_word' id='word_1_49' title='bbox 885 1095 1168 1176; x_wconf 71' lang='grc' dir='ltr'><em>ἀνδρείαν,</em></span> <span class='ocrx_word' id='word_1_50' title='bbox 1204 1103 1270 1171; x_wconf 85' lang='grc' dir='ltr'><em>τῇ</em></span> <span class='ocrx_word' id='word_1_51' title='bbox 1320 1099 1590 1169; x_wconf 75' lang='grc' dir='ltr'><em>κενοδοξία</em></span> <span class='ocrx_word' id='word_1_52' title='bbox 1616 1098 1715 1168; x_wconf 77' lang='grc' dir='ltr'><em>τὴν</em></span> <span class='ocrx_word' id='word_1_53' title='bbox 1748 1108 2000 1146; x_wconf 87' lang='grc' dir='ltr'><em>ταπεινο-</em></span> 
     </span>
    </p>
   </div>
   <div class='ocr_carea' id='block_1_8' title="bbox 425 1174 1999 1266">
    <p class='ocr_par' dir='ltr' id='par_1_8' title="bbox 425 1174 1999 1266">
     <span class='ocr_line' id='line_1_8' title="bbox 425 1174 1999 1266; baseline -0.016 -17"><span class='ocrx_word' id='word_1_54' title='bbox 425 1174 721 1266; x_wconf 48' lang='grc' dir='ltr'><em>φ’ροσύνην,</em></span> <span class='ocrx_word' id='word_1_55' title='bbox 776 1174 869 1244; x_wconf 53' lang='grc' dir='ltr'><em>έαι</em></span> <span class='ocrx_word' id='word_1_56' title='bbox 923 1174 1055 1259; x_wconf 79' lang='grc' dir='ltr'><em>ἄλλῃ</em></span> <span class='ocrx_word' id='word_1_57' title='bbox 1106 1185 1311 1255; x_wconf 79' lang='grc' dir='ltr'><em>ἄλλην’</em></span> <span class='ocrx_word' id='word_1_58' title='bbox 1346 1184 1545 1245; x_wconf 78' lang='grc' dir='ltr'>πάσαις</span> <span class='ocrx_word' id='word_1_59' title='bbox 1593 1182 1650 1266; x_wconf 63' lang='grc' dir='ltr'><em>δε</em></span> <span class='ocrx_word' id='word_1_60' title='bbox 1699 1178 1797 1266; x_wconf 83' lang='grc' dir='ltr'><em>τὴν</em></span> <span class='ocrx_word' id='word_1_61' title='bbox 1853 1174 1999 1266; x_wconf 76' lang='grc' dir='ltr'><em>θείαν</em></span> 
     </span>
    </p>
   </div>
   <div class='ocr_carea' id='block_1_9' title="bbox 423 1261 1999 1352">
    <p class='ocr_par' dir='ltr' id='par_1_9' title="bbox 423 1261 1999 1352">
     <span class='ocr_line' id='line_1_9' title="bbox 423 1261 1999 1352; baseline -0.013 -20"><span class='ocrx_word' id='word_1_62' title='bbox 423 1261 684 1352; x_wconf 48' lang='grc' dir='ltr'><em>Ῠραφήνλ</em></span> <span class='ocrx_word' id='word_1_63' title='bbox 714 1277 857 1346; x_wconf 83' lang='grc' dir='ltr'><em>μόνῳ</em></span> <span class='ocrx_word' id='word_1_64' title='bbox 882 1276 938 1328; x_wconf 79' lang='grc' dir='ltr'><em>δὲ</em></span> <span class='ocrx_word' id='word_1_65' title='bbox 964 1272 1042 1342; x_wconf 81' lang='grc' dir='ltr'><em>τῷ</em></span> <span class='ocrx_word' id='word_1_66' title='bbox 1072 1269 1228 1338; x_wconf 84' lang='grc' dir='ltr'><em>τύφῳ</em></span> <span class='ocrx_word' id='word_1_67' title='bbox 1259 1268 1356 1321; x_wconf 76' lang='grc' dir='ltr'><em>οὐκ</em></span> <span class='ocrx_word' id='word_1_68' title='bbox 1396 1268 1595 1320; x_wconf 75' lang='grc' dir='ltr'><em>ἔδωκεν</em></span> <span class='ocrx_word' id='word_1_69' title='bbox 1625 1262 1825 1335; x_wconf 69' lang='grc' dir='ltr'><em>ἀρετὴν</em></span> <span class='ocrx_word' id='word_1_70' title='bbox 1853 1261 1999 1314; x_wconf 86' lang='grc' dir='ltr'><em>ἀντι-</em></span> 
     </span>
    </p>
   </div>
   <div class='ocr_carea' id='block_1_10' title="bbox 426 1343 2003 1431">
    <p class='ocr_par' dir='ltr' id='par_1_10' title="bbox 426 1343 2003 1431">
     <span class='ocr_line' id='line_1_10' title="bbox 426 1343 2003 1431; baseline -0.013 -17"><span class='ocrx_word' id='word_1_71' title='bbox 426 1343 685 1431; x_wconf 81' lang='grc' dir='ltr'><em>κειμένην</em></span> <span class='ocrx_word' id='word_1_72' title='bbox 707 1358 793 1411; x_wconf 77' lang='grc' dir='ltr'><em>διὰ</em></span> <span class='ocrx_word' id='word_1_73' title='bbox 820 1343 920 1426; x_wconf 67' lang='grc' dir='ltr'><em>τὴν</em></span> <span class='ocrx_word' id='word_1_74' title='bbox 958 1358 1060 1409; x_wconf 80' lang='grc' dir='ltr'><em>ὐπε</em></span> <span class='ocrx_word' id='word_1_75' title='bbox 1072 1352 1400 1423; x_wconf 80' lang='grc' dir='ltr'><em>ρϐάλλουσαν</em></span> <span class='ocrx_word' id='word_1_76' title='bbox 1424 1349 1643 1408; x_wconf 87' lang='grc' dir='ltr'><em>κακίαν,</em></span> <span class='ocrx_word' id='word_1_77' title='bbox 1679 1344 1871 1399; x_wconf 77' lang='grc' dir='ltr'><em>ἑαυτὸν</em></span> <span class='ocrx_word' id='word_1_78' title='bbox 1906 1343 2003 1395; x_wconf 66' lang='grc' dir='ltr'><em>αύο</em></span> 
     </span>
    </p>
   </div>
   <div class='ocr_carea' id='block_1_11' title="bbox 2120 659 3678 738">
    <p class='ocr_par' dir='ltr' id='par_1_11' title="bbox 2120 659 3678 738">
     <span class='ocr_line' id='line_1_11' title="bbox 2120 659 3678 738; baseline -0.008 -15"><span class='ocrx_word' id='word_1_79' title='bbox 2120 669 2233 724; x_wconf 90' lang='grc' dir='ltr'><em>σίον</em></span> <span class='ocrx_word' id='word_1_80' title='bbox 2261 666 2560 738; x_wconf 75' lang='grc' dir='ltr'><em>ὠνόμαζεν.</em></span> <span class='ocrx_word' id='word_1_81' title='bbox 2593 667 2704 720; x_wconf 76' lang='grc' dir='ltr'><em>Καὶ</em></span> <span class='ocrx_word' id='word_1_82' title='bbox 2745 663 3067 733; x_wconf 75' lang='grc' dir='ltr'>φιλάδελφος</span> <span class='ocrx_word' id='word_1_83' title='bbox 3092 662 3190 725; x_wconf 84' lang='grc' dir='ltr'><em>ὢν,</em></span> <span class='ocrx_word' id='word_1_84' title='bbox 3226 659 3496 729; x_wconf 76' lang='grc' dir='ltr'>ἐπιφέρει·</span> <span class='ocrx_word' id='word_1_85' title='bbox 3527 661 3678 725; x_wconf 76' lang='grc' dir='ltr'><em>Βοή-</em></span> 
     </span>
    </p>
   </div>
   <div class='ocr_carea' id='block_1_12' title="bbox 2104 744 3678 823">
    <p class='ocr_par' dir='ltr' id='par_1_12' title="bbox 2104 744 3678 823">
     <span class='ocr_line' id='line_1_12' title="bbox 2104 744 3678 823; baseline -0.006 -16"><span class='ocrx_word' id='word_1_86' title='bbox 2104 769 2287 823; x_wconf 90' lang='grc' dir='ltr'><em>σομαι</em></span> <span class='ocrx_word' id='word_1_87' title='bbox 2339 752 2489 821; x_wconf 81' lang='grc' dir='ltr'><em>πρὸς</em></span> <span class='ocrx_word' id='word_1_88' title='bbox 2534 751 2629 817; x_wconf 90' lang='grc' dir='ltr'><em>σὲ,</em></span> <span class='ocrx_word' id='word_1_89' title='bbox 2670 749 2771 803; x_wconf 81' lang='grc' dir='ltr'><em>καὶ</em></span> <span class='ocrx_word' id='word_1_90' title='bbox 2830 749 2903 800; x_wconf 89' lang='grc' dir='ltr'><em>οὐ</em></span> <span class='ocrx_word' id='word_1_91' title='bbox 2944 746 3029 815; x_wconf 79' lang='grc' dir='ltr'><em>μὴ</em></span> <span class='ocrx_word' id='word_1_92' title='bbox 3082 745 3309 812; x_wconf 81' lang='grc' dir='ltr'><em>σώσῃς.</em></span> <span class='ocrx_word' id='word_1_93' title='bbox 3360 744 3535 798; x_wconf 88' lang='grc' dir='ltr'><em>Ἰνατί</em></span> <span class='ocrx_word' id='word_1_94' title='bbox 3574 762 3678 813; x_wconf 85' lang='grc' dir='ltr'><em>μοι</em></span> 
     </span>
    </p>
   </div>
   <div class='ocr_carea' id='block_1_13' title="bbox 2104 825 3676 902">
    <p class='ocr_par' dir='ltr' id='par_1_13' title="bbox 2104 825 3676 902">
     <span class='ocr_line' id='line_1_13' title="bbox 2104 825 3676 902; baseline -0.006 -15"><span class='ocrx_word' id='word_1_95' title='bbox 2104 837 2339 902; x_wconf 65' lang='grc' dir='ltr'><em>ἔδειξας</em></span> <span class='ocrx_word' id='word_1_96' title='bbox 2378 836 2626 900; x_wconf 86' lang='grc' dir='ltr'><em>κόπους,</em></span> <span class='ocrx_word' id='word_1_97' title='bbox 2670 832 2771 886; x_wconf 86' lang='grc' dir='ltr'><em>καὶ</em></span> <span class='ocrx_word' id='word_1_98' title='bbox 2798 831 3029 894; x_wconf 80' lang='grc' dir='ltr'><em>πόνους</em></span> <span class='ocrx_word' id='word_1_99' title='bbox 3072 828 3417 882; x_wconf 83' lang='grc' dir='ltr'><em>ἐπιϐλέπειν</em></span> <span class='ocrx_word' id='word_1_100' title='bbox 3448 825 3549 879; x_wconf 81' lang='grc' dir='ltr'><em>ἐπὶ</em></span> <span class='ocrx_word' id='word_1_101' title='bbox 3575 843 3676 879; x_wconf 84' lang='grc' dir='ltr'><em>τα-</em></span> 
     </span>
    </p>
   </div>
   <div class='ocr_carea' id='block_1_14' title="bbox 2104 909 3679 987">
    <p class='ocr_par' dir='ltr' id='par_1_14' title="bbox 2104 909 3679 987">
     <span class='ocr_line' id='line_1_14' title="bbox 2104 909 3679 987; baseline -0.01 -10"><span class='ocrx_word' id='word_1_102' title='bbox 2104 920 2434 987; x_wconf 73' lang='grc' dir='ltr'><em>λαιπωρίαν</em></span> <span class='ocrx_word' id='word_1_103' title='bbox 2454 918 2550 971; x_wconf 76' lang='grc' dir='ltr'><em>καὶ</em></span> <span class='ocrx_word' id='word_1_104' title='bbox 2583 915 2898 979; x_wconf 87' lang='grc' dir='ltr'><em>ἀσέϐειαν;</em></span> <span class='ocrx_word' id='word_1_105' title='bbox 2926 912 2996 977; x_wconf 79' lang='grc' dir='ltr'><em>ἐξ</em></span> <span class='ocrx_word' id='word_1_106' title='bbox 3022 912 3295 977; x_wconf 75' lang='grc' dir='ltr'><em>ἐναντίας</em></span> <span class='ocrx_word' id='word_1_107' title='bbox 3322 928 3441 979; x_wconf 90' lang='grc' dir='ltr'><em>μου</em></span> <span class='ocrx_word' id='word_1_108' title='bbox 3472 909 3679 978; x_wconf 81' lang='grc' dir='ltr'><em>γέγονε</em></span> 
     </span>
    </p>
   </div>
   <div class='ocr_carea' id='block_1_15' title="bbox 2105 991 3681 1072">
    <p class='ocr_par' dir='ltr' id='par_1_15' title="bbox 2105 991 3681 1072">
     <span class='ocr_line' id='line_1_15' title="bbox 2105 991 3681 1072; baseline -0.009 -16"><span class='ocrx_word' id='word_1_109' title='bbox 2105 1005 2323 1072; x_wconf 80' lang='grc' dir='ltr'><em>κρίσις,</em></span> <span class='ocrx_word' id='word_1_110' title='bbox 2347 1000 2445 1054; x_wconf 79' lang='grc' dir='ltr'><em>καὶ</em></span> <span class='ocrx_word' id='word_1_111' title='bbox 2482 1004 2513 1054; x_wconf 92' lang='grc' dir='ltr'><em>ό</em></span> <span class='ocrx_word' id='word_1_112' title='bbox 2546 1000 2751 1067; x_wconf 78' lang='grc' dir='ltr'><em>κριτὴς</em></span> <span class='ocrx_word' id='word_1_113' title='bbox 2770 998 3077 1067; x_wconf 85' lang='grc' dir='ltr'><em>λαμϐάνει.</em></span> <span class='ocrx_word' id='word_1_114' title='bbox 3124 995 3226 1048; x_wconf 89' lang='grc' dir='ltr'><em>Διὰ</em></span> <span class='ocrx_word' id='word_1_115' title='bbox 3254 994 3428 1047; x_wconf 86' lang='grc' dir='ltr'><em>τοῦτο</em></span> <span class='ocrx_word' id='word_1_116' title='bbox 3451 991 3681 1047; x_wconf 72' lang='grc' dir='ltr'><em>διεσκέ-</em></span> 
     </span>
    </p>
   </div>
   <div class='ocr_carea' id='block_1_16' title="bbox 2105 1077 3677 1154">
    <p class='ocr_par' dir='ltr' id='par_1_16' title="bbox 2105 1077 3677 1154">
     <span class='ocr_line' id='line_1_16' title="bbox 2105 1077 3677 1154; baseline -0.006 -15"><span class='ocrx_word' id='word_1_117' title='bbox 2105 1088 2323 1141; x_wconf 86' lang='grc' dir='ltr'><em>δασται</em></span> <span class='ocrx_word' id='word_1_118' title='bbox 2343 1087 2548 1154; x_wconf 83' lang='grc' dir='ltr'><em>νόμος,</em></span> <span class='ocrx_word' id='word_1_119' title='bbox 2587 1084 2687 1138; x_wconf 79' lang='grc' dir='ltr'><em>καὶ</em></span> <span class='ocrx_word' id='word_1_120' title='bbox 2715 1086 2787 1136; x_wconf 87' lang='grc' dir='ltr'><em>οὺ</em></span> <span class='ocrx_word' id='word_1_121' title='bbox 2808 1081 3138 1150; x_wconf 74' lang='grc' dir='ltr'><em>διεξάγεται</em></span> <span class='ocrx_word' id='word_1_122' title='bbox 3158 1081 3246 1143; x_wconf 85' lang='grc' dir='ltr'><em>είς</em></span> <span class='ocrx_word' id='word_1_123' title='bbox 3278 1077 3454 1142; x_wconf 83' lang='grc' dir='ltr'><em>τέλος</em></span> <span class='ocrx_word' id='word_1_124' title='bbox 3479 1077 3677 1145; x_wconf 86' lang='grc' dir='ltr'><em>κρῖμα,</em></span> 
     </span>
    </p>
   </div>
   <div class='ocr_carea' id='block_1_17' title="bbox 2107 1161 3680 1238">
    <p class='ocr_par' dir='ltr' id='par_1_17' title="bbox 2107 1161 3680 1238">
     <span class='ocr_line' id='line_1_17' title="bbox 2107 1161 3680 1238; baseline -0.006 -16"><span class='ocrx_word' id='word_1_125' title='bbox 2107 1171 2195 1223; x_wconf 83' lang='grc' dir='ltr'><em>ὅτι</em></span> <span class='ocrx_word' id='word_1_126' title='bbox 2234 1175 2267 1225; x_wconf 92' lang='grc' dir='ltr'><em>ό</em></span> <span class='ocrx_word' id='word_1_127' title='bbox 2295 1170 2521 1238; x_wconf 79' lang='grc' dir='ltr'><em>ἀσεϐὴς</em></span> <span class='ocrx_word' id='word_1_128' title='bbox 2570 1168 3073 1223; x_wconf 80' lang='grc' dir='ltr'><em>καταδυναστεύει</em></span> <span class='ocrx_word' id='word_1_129' title='bbox 3131 1163 3239 1218; x_wconf 86' lang='grc' dir='ltr'><em>τὸν</em></span> <span class='ocrx_word' id='word_1_130' title='bbox 3292 1162 3545 1216; x_wconf 87' lang='grc' dir='ltr'><em>δίκαιον.</em></span> <span class='ocrx_word' id='word_1_131' title='bbox 3591 1161 3680 1230; x_wconf 70' lang='grc' dir='ltr'><em>Τῷ·</em></span> 
     </span>
    </p>
   </div>
   <div class='ocr_carea' id='block_1_18' title="bbox 2108 1243 3683 1325">
    <p class='ocr_par' dir='ltr' id='par_1_18' title="bbox 2108 1243 3683 1325">
     <span class='ocr_line' id='line_1_18' title="bbox 2108 1243 3683 1325; baseline -0.006 -20"><span class='ocrx_word' id='word_1_132' title='bbox 2108 1253 2257 1324; x_wconf 77' lang='grc' dir='ltr'><em>αὐτῷ</em></span> <span class='ocrx_word' id='word_1_133' title='bbox 2284 1253 2555 1325; x_wconf 86' lang='grc' dir='ltr'><em>πνεύματι</em></span> <span class='ocrx_word' id='word_1_134' title='bbox 2591 1255 2619 1306; x_wconf 94' lang='lat'><em>6</em></span> <span class='ocrx_word' id='word_1_135' title='bbox 2666 1248 3113 1323; x_wconf 85' lang='grc' dir='ltr'><em>συμπαθέστατος</em></span> <span class='ocrx_word' id='word_1_136' title='bbox 3160 1248 3266 1299; x_wconf 85' lang='grc' dir='ltr'><em>τῶν</em></span> <span class='ocrx_word' id='word_1_137' title='bbox 3307 1247 3479 1313; x_wconf 83' lang='grc' dir='ltr'>ἁγίων</span> <span class='ocrx_word' id='word_1_138' title='bbox 3516 1243 3683 1313; x_wconf 85' lang='grc' dir='ltr'><em>Ἰερε-</em></span> 
     </span>
    </p>
   </div>
   <div class='ocr_carea' id='block_1_19' title="bbox 2111 1324 3685 1409">
    <p class='ocr_par' dir='ltr' id='par_1_19' title="bbox 2111 1324 3685 1409">
     <span class='ocr_line' id='line_1_19' title="bbox 2111 1324 3685 1409; baseline -0.007 -19"><span class='ocrx_word' id='word_1_139' title='bbox 2111 1339 2258 1409; x_wconf 87' lang='grc' dir='ltr'><em>μίας,</em></span> <span class='ocrx_word' id='word_1_140' title='bbox 2291 1324 2584 1409; x_wconf 79' lang='grc' dir='ltr'><em>ἐπαπορῶν</em></span> <span class='ocrx_word' id='word_1_141' title='bbox 2617 1335 2755 1407; x_wconf 83' lang='grc' dir='ltr'><em>ὑπὲρ</em></span> <span class='ocrx_word' id='word_1_142' title='bbox 2792 1333 2988 1396; x_wconf 79' lang='grc' dir='ltr'><em>ἄλλων,</em></span> <span class='ocrx_word' id='word_1_143' title='bbox 3046 1330 3166 1401; x_wconf 79' lang='grc' dir='ltr'><em>βοᾷ·</em></span> <span class='ocrx_word' id='word_1_144' title='bbox 3207 1330 3438 1394; x_wconf 87' lang='grc' dir='ltr'><em>Δίκαιος</em></span> <span class='ocrx_word' id='word_1_145' title='bbox 3467 1324 3540 1390; x_wconf 79' lang='grc' dir='ltr'><em>εἴ,</em></span> <span class='ocrx_word' id='word_1_146' title='bbox 3567 1328 3685 1380; x_wconf 88' lang='grc' dir='ltr'><em>Κύ-</em></span> 
     </span>
    </p>
   </div>
   <div class='ocr_carea' id='block_1_20' title="bbox 424 1412 3686 1514">
    <p class='ocr_par' dir='ltr' id='par_1_20' title="bbox 424 1412 3686 1514">
     <span class='ocr_line' id='line_1_20' title="bbox 424 1412 3686 1514; baseline -0.009 -19"><span class='ocrx_word' id='word_1_147' title='bbox 424 1412 763 1514; x_wconf 59' lang='grc' dir='ltr'><em>τῇφυλάξας</em></span> <span class='ocrx_word' id='word_1_148' title='bbox 786 1484 799 1506; x_wconf 94' lang='grc'><em>,</em></span> <span class='ocrx_word' id='word_1_149' title='bbox 831 1412 1016 1501; x_wconf 79' lang='grc' dir='ltr'><em>καθὼς</em></span> <span class='ocrx_word' id='word_1_150' title='bbox 1045 1412 1289 1506; x_wconf 69' lang='grc' dir='ltr'><em>είρηκεν·</em></span> <span class='ocrx_word' id='word_1_151' title='bbox 1328 1435 1391 1487; x_wconf 92' lang='lat'><em>&#39;0</em></span> <span class='ocrx_word' id='word_1_152' title='bbox 1420 1432 1564 1496; x_wconf 84' lang='grc' dir='ltr'><em>Θεὸς</em></span> <span class='ocrx_word' id='word_1_153' title='bbox 1593 1425 2004 1514; x_wconf 72' lang='grc' dir='ltr'><em>ύπερηφάνρις</em></span> <span class='ocrx_word' id='word_1_154' title='bbox 2101 1441 2213 1491; x_wconf 90' lang='grc' dir='ltr'><em>ριε,</em></span> <span class='ocrx_word' id='word_1_155' title='bbox 2249 1423 2337 1476; x_wconf 82' lang='grc' dir='ltr'><em>ὅτι</em></span> <span class='ocrx_word' id='word_1_156' title='bbox 2375 1420 2831 1491; x_wconf 70' lang='grc' dir='ltr'><em>ἀπολογήσομαι</em></span> <span class='ocrx_word' id='word_1_157' title='bbox 2882 1418 3032 1485; x_wconf 85' lang='grc' dir='ltr'><em>πρὸς</em></span> <span class='ocrx_word' id='word_1_158' title='bbox 3063 1414 3157 1468; x_wconf 90' lang='grc' dir='ltr'><em>σέ·</em></span> <span class='ocrx_word' id='word_1_159' title='bbox 3214 1412 3382 1479; x_wconf 76' lang='grc' dir='ltr'><em>πλὴν</em></span> <span class='ocrx_word' id='word_1_160' title='bbox 3434 1413 3686 1481; x_wconf 84' lang='grc' dir='ltr'><em>κρίματα</em></span> 
     </span>
    </p>
   </div>
   <div class='ocr_carea' id='block_1_21' title="bbox 427 1507 2003 1585">
    <p class='ocr_par' dir='ltr' id='par_1_21' title="bbox 427 1507 2003 1585">
     <span class='ocr_line' id='line_1_21' title="bbox 427 1507 2003 1585; baseline -0.015 -3"><span class='ocrx_word' id='word_1_161' title='bbox 427 1507 873 1581; x_wconf 63' lang='grc' dir='ltr'><em>ἀντιτάσσεται·</em></span> <span class='ocrx_word' id='word_1_162' title='bbox 909 1524 986 1585; x_wconf 80' lang='grc' dir='ltr'><em>ὡς</em></span> <span class='ocrx_word' id='word_1_163' title='bbox 1030 1522 1059 1573; x_wconf 97' lang='lat'><em>6</em></span> <span class='ocrx_word' id='word_1_164' title='bbox 1091 1518 1251 1581; x_wconf 77' lang='grc' dir='ltr'><em>αὐτὸς</em></span> <span class='ocrx_word' id='word_1_165' title='bbox 1293 1515 1527 1570; x_wconf 80' lang='grc' dir='ltr'>ἱκετεύει</span> <span class='ocrx_word' id='word_1_166' title='bbox 1560 1514 1868 1583; x_wconf 81' lang='grc' dir='ltr'><em>προφήτης,</em></span> <span class='ocrx_word' id='word_1_167' title='bbox 1913 1507 2003 1559; x_wconf 88' lang='grc' dir='ltr'><em>λέ-</em></span> 
     </span>
    </p>
   </div>
   <div class='ocr_carea' id='block_1_22' title="bbox 428 1597 2004 1679">
    <p class='ocr_par' dir='ltr' id='par_1_22' title="bbox 428 1597 2004 1679">
     <span class='ocr_line' id='line_1_22' title="bbox 428 1597 2004 1679; baseline -0.015 -14"><span class='ocrx_word' id='word_1_168' title='bbox 428 1627 562 1679; x_wconf 77' lang='grc' dir='ltr'><em>γων’</em></span> <span class='ocrx_word' id='word_1_169' title='bbox 604 1613 869 1677; x_wconf 86' lang='grc' dir='ltr'><em>Ἔπαρον</em></span> <span class='ocrx_word' id='word_1_170' title='bbox 895 1607 1002 1670; x_wconf 85' lang='grc' dir='ltr'><em>τὰς</em></span> <span class='ocrx_word' id='word_1_171' title='bbox 1038 1602 1238 1671; x_wconf 79' lang='grc' dir='ltr'><em>χεῖράς</em></span> <span class='ocrx_word' id='word_1_172' title='bbox 1265 1617 1380 1655; x_wconf 81' lang='grc' dir='ltr'><em>σου</em></span> <span class='ocrx_word' id='word_1_173' title='bbox 1410 1598 1511 1652; x_wconf 78' lang='grc' dir='ltr'><em>ἐπὶ</em></span> <span class='ocrx_word' id='word_1_174' title='bbox 1556 1597 1662 1662; x_wconf 86' lang='grc' dir='ltr'><em>τὰς</em></span> <span class='ocrx_word' id='word_1_175' title='bbox 1692 1599 2004 1662; x_wconf 80' lang='grc' dir='ltr'><em>ὑπερηφα-</em></span> 
     </span>
    </p>
   </div>
   <div class='ocr_carea' id='block_1_23' title="bbox 428 1678 2007 1760">
    <p class='ocr_par' dir='ltr' id='par_1_23' title="bbox 428 1678 2007 1760">
     <span class='ocr_line' id='line_1_23' title="bbox 428 1678 2007 1760; baseline -0.012 -13"><span class='ocrx_word' id='word_1_176' title='bbox 428 1678 568 1760; x_wconf 87' lang='grc' dir='ltr'><em>νίας</em></span> <span class='ocrx_word' id='word_1_177' title='bbox 613 1692 813 1748; x_wconf 82' lang='grc' dir='ltr'><em>αὐτῶν</em></span> <span class='ocrx_word' id='word_1_178' title='bbox 865 1693 953 1755; x_wconf 87' lang='grc' dir='ltr'><em>είς</em></span> <span class='ocrx_word' id='word_1_179' title='bbox 986 1688 1183 1753; x_wconf 88' lang='grc' dir='ltr'><em>τέλος·</em></span> <span class='ocrx_word' id='word_1_180' title='bbox 1236 1687 1331 1739; x_wconf 73' lang='grc' dir='ltr'><em>καὶ</em></span> <span class='ocrx_word' id='word_1_181' title='bbox 1377 1682 1562 1739; x_wconf 84' lang='grc' dir='ltr'><em>πάλιν.</em></span> <span class='ocrx_word' id='word_1_182' title='bbox 1602 1680 1841 1743; x_wconf 76' lang='grc' dir='ltr'><em>Ἀπόδος</em></span> <span class='ocrx_word' id='word_1_183' title='bbox 1866 1678 2007 1731; x_wconf 88' lang='grc' dir='ltr'><em>ἀντ-</em></span> 
     </span>
    </p>
   </div>
   <div class='ocr_carea' id='block_1_24' title="bbox 429 1758 2005 1839">
    <p class='ocr_par' dir='ltr' id='par_1_24' title="bbox 429 1758 2005 1839">
     <span class='ocr_line' id='line_1_24' title="bbox 429 1758 2005 1839; baseline -0.012 -8"><span class='ocrx_word' id='word_1_184' title='bbox 429 1758 729 1831; x_wconf 72' lang='grc' dir='ltr'><em>απόδοσιν</em></span> <span class='ocrx_word' id='word_1_185' title='bbox 756 1773 881 1838; x_wconf 85' lang='grc' dir='ltr'><em>τοῖς</em></span> <span class='ocrx_word' id='word_1_186' title='bbox 918 1770 1349 1839; x_wconf 78' lang='grc' dir='ltr'><em>ὑπερηφάνοις.</em></span> <span class='ocrx_word' id='word_1_187' title='bbox 1399 1766 1511 1819; x_wconf 55' lang='grc' dir='ltr'><em>Καὶ¹</em></span> <span class='ocrx_word' id='word_1_188' title='bbox 1533 1763 1721 1833; x_wconf 85' lang='grc' dir='ltr'><em>ὥσπερ</em></span> <span class='ocrx_word' id='word_1_189' title='bbox 1748 1762 1855 1815; x_wconf 83' lang='grc' dir='ltr'><em>ἀπὸ</em></span> <span class='ocrx_word' id='word_1_190' title='bbox 1908 1758 2005 1812; x_wconf 89' lang='grc' dir='ltr'><em>τοῦ</em></span> 
     </span>
    </p>
   </div>
   <div class='ocr_carea' id='block_1_25' title="bbox 431 1839 2003 1927">
    <p class='ocr_par' dir='ltr' id='par_1_25' title="bbox 431 1839 2003 1927">
     <span class='ocr_line' id='line_1_25' title="bbox 431 1839 2003 1927; baseline -0.011 -16"><span class='ocrx_word' id='word_1_191' title='bbox 431 1857 646 1927; x_wconf 88' lang='grc' dir='ltr'><em>καρποῦ</em></span> <span class='ocrx_word' id='word_1_192' title='bbox 669 1856 730 1908; x_wconf 83' lang='grc' dir='ltr'><em>τὸ</em></span> <span class='ocrx_word' id='word_1_193' title='bbox 753 1855 967 1925; x_wconf 80' lang='grc' dir='ltr'>δένδρον</span> <span class='ocrx_word' id='word_1_194' title='bbox 1020 1852 1365 1924; x_wconf 80' lang='grc' dir='ltr'><em>γνωρίζεται,</em></span> <span class='ocrx_word' id='word_1_195' title='bbox 1392 1850 1467 1907; x_wconf 82' lang='grc' dir='ltr'><em>ὡς</em></span> <span class='ocrx_word' id='word_1_196' title='bbox 1517 1849 1547 1900; x_wconf 93' lang='lat'><em>6</em></span> <span class='ocrx_word' id='word_1_197' title='bbox 1592 1844 1793 1915; x_wconf 83' lang='grc' dir='ltr'><em>Κύριος</em></span> <span class='ocrx_word' id='word_1_198' title='bbox 1824 1839 2003 1927; x_wconf 56' lang='grc' dir='ltr'><em>εἶπεν</em></span> 
     </span>
    </p>
   </div>
   <div class='ocr_carea' id='block_1_26' title="bbox 445 1926 2003 2006">
    <p class='ocr_par' dir='ltr' id='par_1_26' title="bbox 445 1926 2003 2006">
     <span class='ocr_line' id='line_1_26' title="bbox 445 1926 2003 2006; baseline -0.01 -13"><span class='ocrx_word' id='word_1_199' title='bbox 445 1926 547 1993; x_wconf 77' lang='grc' dir='ltr'><em>Ἐκ</em></span> <span class='ocrx_word' id='word_1_200' title='bbox 604 1938 725 1991; x_wconf 87' lang='grc' dir='ltr'><em>τῶν</em></span> <span class='ocrx_word' id='word_1_201' title='bbox 760 1935 1001 2006; x_wconf 80' lang='grc' dir='ltr'><em>καρπῶν</em></span> <span class='ocrx_word' id='word_1_202' title='bbox 1045 1933 1242 1990; x_wconf 84' lang='grc' dir='ltr'><em>αὐτῶν</em></span> <span class='ocrx_word' id='word_1_203' title='bbox 1297 1928 1703 1999; x_wconf 73' lang='grc' dir='ltr'><em>ἐπιγνώσεσθε</em></span> <span class='ocrx_word' id='word_1_204' title='bbox 1761 1926 2003 1990; x_wconf 77' lang='grc' dir='ltr'><em>αὐτούς’</em></span> 
     </span>
    </p>
   </div>
   <div class='ocr_carea' id='block_1_27' title="bbox 431 2006 2003 2086">
    <p class='ocr_par' dir='ltr' id='par_1_27' title="bbox 431 2006 2003 2086">
     <span class='ocr_line' id='line_1_27' title="bbox 431 2006 2003 2086; baseline -0.011 -12"><span class='ocrx_word' id='word_1_205' title='bbox 431 2021 606 2084; x_wconf 73' lang='grc' dir='ltr'><em>οὕτως</em></span> <span class='ocrx_word' id='word_1_206' title='bbox 627 2021 855 2083; x_wconf 72' lang='grc' dir='ltr'><em>ἕκαστος</em></span> <span class='ocrx_word' id='word_1_207' title='bbox 900 2019 1008 2073; x_wconf 85' lang='grc' dir='ltr'><em>τῶν</em></span> <span class='ocrx_word' id='word_1_208' title='bbox 1061 2016 1386 2086; x_wconf 81' lang='grc' dir='ltr'><em>ἀνθρώπων,</em></span> <span class='ocrx_word' id='word_1_209' title='bbox 1440 2011 1550 2064; x_wconf 84' lang='grc' dir='ltr'><em>εἴτε</em></span> <span class='ocrx_word' id='word_1_210' title='bbox 1601 2010 1766 2063; x_wconf 77' lang='grc' dir='ltr'><em>ὄντων</em></span> <span class='ocrx_word' id='word_1_211' title='bbox 1813 2006 2003 2075; x_wconf 81' lang='grc' dir='ltr'>ἁγίων,</span> 
     </span>
    </p>
   </div>
   <div class='ocr_carea' id='block_1_28' title="bbox 433 2089 2007 2173">
    <p class='ocr_par' dir='ltr' id='par_1_28' title="bbox 433 2089 2007 2173">
     <span class='ocr_line' id='line_1_28' title="bbox 433 2089 2007 2173; baseline -0.011 -14"><span class='ocrx_word' id='word_1_212' title='bbox 433 2107 542 2159; x_wconf 74' lang='grc' dir='ltr'><em>εἴτε</em></span> <span class='ocrx_word' id='word_1_213' title='bbox 586 2104 680 2157; x_wconf 80' lang='grc' dir='ltr'><em>καὶ</em></span> <span class='ocrx_word' id='word_1_214' title='bbox 706 2104 1031 2173; x_wconf 84' lang='grc' dir='ltr'><em>λεγομένων.</em></span> <span class='ocrx_word' id='word_1_215' title='bbox 1061 2101 1219 2155; x_wconf 84' lang='grc' dir='ltr'><em>Οῦτω</em></span> <span class='ocrx_word' id='word_1_216' title='bbox 1264 2097 1321 2150; x_wconf 81' lang='grc' dir='ltr'><em>δὲ</em></span> <span class='ocrx_word' id='word_1_217' title='bbox 1352 2093 1583 2147; x_wconf 81' lang='grc' dir='ltr'><em>πάντοτέ</em></span> <span class='ocrx_word' id='word_1_218' title='bbox 1628 2095 1763 2145; x_wconf 78' lang='grc' dir='ltr'><em>εἰσιν</em></span> <span class='ocrx_word' id='word_1_219' title='bbox 1805 2092 1861 2145; x_wconf 88' lang='grc' dir='ltr'><em>αἱ</em></span> <span class='ocrx_word' id='word_1_220' title='bbox 1898 2089 2007 2143; x_wconf 87' lang='grc' dir='ltr'><em>τῶν</em></span> 
     </span>
    </p>
   </div>
   <div class='ocr_carea' id='block_1_29' title="bbox 432 2176 2007 2255">
    <p class='ocr_par' dir='ltr' id='par_1_29' title="bbox 432 2176 2007 2255">
     <span class='ocr_line' id='line_1_29' title="bbox 432 2176 2007 2255; baseline -0.01 -14"><span class='ocrx_word' id='word_1_221' title='bbox 432 2187 619 2242; x_wconf 80' lang='grc' dir='ltr'><em>κακῶν</em></span> <span class='ocrx_word' id='word_1_222' title='bbox 667 2187 909 2240; x_wconf 81' lang='grc' dir='ltr'><em>ἄσειστοι</em></span> <span class='ocrx_word' id='word_1_223' title='bbox 943 2181 1259 2255; x_wconf 84' lang='grc' dir='ltr'><em>εὐημερίαι,</em></span> <span class='ocrx_word' id='word_1_224' title='bbox 1284 2178 1379 2231; x_wconf 91' lang='grc' dir='ltr'><em>τοῦ</em></span> <span class='ocrx_word' id='word_1_225' title='bbox 1408 2176 1541 2230; x_wconf 85' lang='grc' dir='ltr'><em>Θεοῦ</em></span> <span class='ocrx_word' id='word_1_226' title='bbox 1576 2178 1660 2229; x_wconf 76' lang='grc' dir='ltr'><em>ἐπ’</em></span> <span class='ocrx_word' id='word_1_227' title='bbox 1688 2177 1870 2237; x_wconf 63' lang='grc' dir='ltr'><em>αὐτοῖς</em></span> <span class='ocrx_word' id='word_1_228' title='bbox 1903 2190 2007 2243; x_wconf 81' lang='grc' dir='ltr'><em>μα-</em></span> 
     </span>
    </p>
   </div>
   <div class='ocr_carea' id='block_1_30' title="bbox 431 2255 2011 2339">
    <p class='ocr_par' dir='ltr' id='par_1_30' title="bbox 431 2255 2011 2339">
     <span class='ocr_line' id='line_1_30' title="bbox 431 2255 2011 2339; baseline -0.011 -16"><span class='ocrx_word' id='word_1_229' title='bbox 431 2270 858 2339; x_wconf 84' lang='grc' dir='ltr'><em>κροθυμοῦντος.</em></span> <span class='ocrx_word' id='word_1_230' title='bbox 901 2266 1071 2319; x_wconf 86' lang='grc' dir='ltr'><em>Τοῦτο</em></span> <span class='ocrx_word' id='word_1_231' title='bbox 1120 2262 1230 2333; x_wconf 76' lang='grc' dir='ltr'><em>γὰρ</em></span> <span class='ocrx_word' id='word_1_232' title='bbox 1282 2260 1431 2329; x_wconf 78' lang='grc' dir='ltr'><em>αὑτῷ</em></span> <span class='ocrx_word' id='word_1_233' title='bbox 1474 2260 1705 2329; x_wconf 80' lang='grc' dir='ltr'>πρέπει,</span> <span class='ocrx_word' id='word_1_234' title='bbox 1753 2257 1829 2319; x_wconf 81' lang='grc' dir='ltr'><em>ὡς</em></span> <span class='ocrx_word' id='word_1_235' title='bbox 1882 2255 2011 2314; x_wconf 68' lang='grc' dir='ltr'><em>τοὺς</em></span> 
     </span>
    </p>
   </div>
   <div class='ocr_carea' id='block_1_31' title="bbox 432 2337 2011 2420">
    <p class='ocr_par' dir='ltr' id='par_1_31' title="bbox 432 2337 2011 2420">
     <span class='ocr_line' id='line_1_31' title="bbox 432 2337 2011 2420; baseline -0.012 -14"><span class='ocrx_word' id='word_1_236' title='bbox 432 2337 623 2420; x_wconf 84' lang='grc' dir='ltr'><em>ἁγίους</em></span> <span class='ocrx_word' id='word_1_237' title='bbox 661 2352 793 2404; x_wconf 72' lang='grc' dir='ltr'><em>αὐτὸ</em></span> <span class='ocrx_word' id='word_1_238' title='bbox 843 2348 1002 2402; x_wconf 88' lang='grc' dir='ltr'><em>τοῦτο</em></span> <span class='ocrx_word' id='word_1_239' title='bbox 1056 2347 1120 2399; x_wconf 82' lang='grc' dir='ltr'><em>ὲκ</em></span> <span class='ocrx_word' id='word_1_240' title='bbox 1172 2342 1464 2412; x_wconf 77' lang='grc' dir='ltr'><em>προσώπου</em></span> <span class='ocrx_word' id='word_1_241' title='bbox 1523 2340 1632 2393; x_wconf 83' lang='grc' dir='ltr'><em>τῶν</em></span> <span class='ocrx_word' id='word_1_242' title='bbox 1680 2337 2011 2407; x_wconf 83' lang='grc' dir='ltr'><em>θλιϐομένων</em></span> 
     </span>
    </p>
   </div>
   <div class='ocr_carea' id='block_1_32' title="bbox 433 2419 2014 2506">
    <p class='ocr_par' dir='ltr' id='par_1_32' title="bbox 433 2419 2014 2506">
     <span class='ocr_line' id='line_1_32' title="bbox 433 2419 2014 2506; baseline -0.011 -19"><span class='ocrx_word' id='word_1_243' title='bbox 433 2436 869 2506; x_wconf 84' lang='grc' dir='ltr'><em>προαναφωνείν,</em></span> <span class='ocrx_word' id='word_1_244' title='bbox 897 2434 977 2493; x_wconf 81' lang='grc' dir='ltr'><em>είς</em></span> <span class='ocrx_word' id='word_1_245' title='bbox 1009 2429 1168 2500; x_wconf 84' lang='grc' dir='ltr'><em>ὴμῶν</em></span> <span class='ocrx_word' id='word_1_246' title='bbox 1196 2427 1306 2480; x_wconf 88' lang='grc' dir='ltr'><em>τῶν</em></span> <span class='ocrx_word' id='word_1_247' title='bbox 1346 2424 1443 2480; x_wconf 92' lang='grc' dir='ltr'><em>νῦν</em></span> <span class='ocrx_word' id='word_1_248' title='bbox 1492 2422 1813 2493; x_wconf 82' lang='grc' dir='ltr'><em>πασχόντων</em></span> <span class='ocrx_word' id='word_1_249' title='bbox 1837 2419 2014 2489; x_wconf 85' lang='grc' dir='ltr'><em>παρά-</em></span> 
     </span>
    </p>
   </div>
   <div class='ocr_carea' id='block_1_33' title="bbox 434 2503 2013 2587">
    <p class='ocr_par' dir='ltr' id='par_1_33' title="bbox 434 2503 2013 2587">
     <span class='ocr_line' id='line_1_33' title="bbox 434 2503 2013 2587; baseline -0.011 -17"><span class='ocrx_word' id='word_1_250' title='bbox 434 2503 646 2587; x_wconf 87' lang='grc' dir='ltr'><em>κλησιν.</em></span> <span class='ocrx_word' id='word_1_251' title='bbox 680 2515 903 2585; x_wconf 84' lang='grc' dir='ltr'><em>Πρῶτος</em></span> <span class='ocrx_word' id='word_1_252' title='bbox 934 2516 962 2567; x_wconf 90' lang='lat'><em>6</em></span> <span class='ocrx_word' id='word_1_253' title='bbox 988 2514 1084 2583; x_wconf 86' lang='grc' dir='ltr'><em>τῆς</em></span> <span class='ocrx_word' id='word_1_254' title='bbox 1111 2509 1391 2579; x_wconf 82' lang='grc' dir='ltr'>ὑπομονῆς</span> <span class='ocrx_word' id='word_1_255' title='bbox 1445 2506 1560 2570; x_wconf 83' lang='grc' dir='ltr'><em>υἱὸς</em></span> <span class='ocrx_word' id='word_1_256' title='bbox 1617 2503 1737 2557; x_wconf 84' lang='grc' dir='ltr'><em>Ἰὼϐ</em></span> <span class='ocrx_word' id='word_1_257' title='bbox 1783 2503 1836 2555; x_wconf 89' lang='grc' dir='ltr'><em>τί</em></span> <span class='ocrx_word' id='word_1_258' title='bbox 1882 2518 2013 2570; x_wconf 84' lang='grc' dir='ltr'><em>φησι</em></span> 
     </span>
    </p>
   </div>
   <div class='ocr_carea' id='block_1_34' title="bbox 437 2584 2017 2671">
    <p class='ocr_par' dir='ltr' id='par_1_34' title="bbox 437 2584 2017 2671">
     <span class='ocr_line' id='line_1_34' title="bbox 437 2584 2017 2671; baseline -0.011 -17"><span class='ocrx_word' id='word_1_259' title='bbox 437 2584 576 2671; x_wconf 81' lang='grc' dir='ltr'><em>μετά</em></span> <span class='ocrx_word' id='word_1_260' title='bbox 607 2584 811 2661; x_wconf 82' lang='grc' dir='ltr'><em>πολλά;</em></span> <span class='ocrx_word' id='word_1_261' title='bbox 838 2598 890 2650; x_wconf 87' lang='grc' dir='ltr'><em>τί</em></span> <span class='ocrx_word' id='word_1_262' title='bbox 920 2598 1055 2666; x_wconf 84' lang='grc' dir='ltr'><em>γάρ;</em></span> <span class='ocrx_word' id='word_1_263' title='bbox 1116 2594 1213 2661; x_wconf 79' lang='grc' dir='ltr'><em>Μὴ</em></span> <span class='ocrx_word' id='word_1_264' title='bbox 1259 2592 1328 2657; x_wconf 80' lang='grc' dir='ltr'><em>ἐξ</em></span> <span class='ocrx_word' id='word_1_265' title='bbox 1358 2588 1670 2657; x_wconf 87' lang='grc' dir='ltr'><em>ἀνθρώπου</em></span> <span class='ocrx_word' id='word_1_266' title='bbox 1703 2588 1739 2654; x_wconf 78' lang='grc' dir='ltr'><em>ὴ</em></span> <span class='ocrx_word' id='word_1_267' title='bbox 1772 2584 2017 2671; x_wconf 12' lang='grc' dir='ltr'><em>γὲλεγξίς</em></span> 
     </span>
    </p>
   </div>
   <div class='ocr_carea' id='block_1_35' title="bbox 429 2670 2017 2753">
    <p class='ocr_par' dir='ltr' id='par_1_35' title="bbox 429 2670 2017 2753">
     <span class='ocr_line' id='line_1_35' title="bbox 429 2670 2017 2753; baseline -0.011 -15"><span class='ocrx_word' id='word_1_268' title='bbox 429 2670 581 2753; x_wconf 61' lang='lat' dir='ltr'><em>ﬁcu;</em></span> <span class='ocrx_word' id='word_1_269' title='bbox 608 2684 668 2736; x_wconf 82' lang='grc' dir='ltr'><em>τὸ</em></span> <span class='ocrx_word' id='word_1_270' title='bbox 704 2682 996 2753; x_wconf 77' lang='grc' dir='ltr'><em>ἄμεμπτον</em></span> <span class='ocrx_word' id='word_1_271' title='bbox 1028 2678 1426 2745; x_wconf 78' lang='grc' dir='ltr'><em>αἰνιττόμενος.</em></span> <span class='ocrx_word' id='word_1_272' title='bbox 1463 2676 1540 2727; x_wconf 87' lang='grc' dir='ltr'><em>Ἦ</em></span> <span class='ocrx_word' id='word_1_273' title='bbox 1573 2672 1670 2724; x_wconf 87' lang='grc' dir='ltr'><em>διὰ</em></span> <span class='ocrx_word' id='word_1_274' title='bbox 1721 2670 1779 2724; x_wconf 88' lang='grc' dir='ltr'><em>τί</em></span> <span class='ocrx_word' id='word_1_275' title='bbox 1805 2670 1878 2753; x_wconf 85' lang='grc' dir='ltr'><em>οὐ</em></span> <span class='ocrx_word' id='word_1_276' title='bbox 1913 2671 2017 2721; x_wconf 85' lang='grc' dir='ltr'><em>θυ-</em></span> 
     </span>
    </p>
   </div>
   <div class='ocr_carea' id='block_1_36' title="bbox 430 2752 2011 2836">
    <p class='ocr_par' dir='ltr' id='par_1_36' title="bbox 430 2752 2011 2836">
     <span class='ocr_line' id='line_1_36' title="bbox 430 2752 2011 2836; baseline -0.011 -15"><span class='ocrx_word' id='word_1_277' title='bbox 430 2752 821 2836; x_wconf 83' lang='grc' dir='ltr'><em>μωθήσομαι;</em></span> <span class='ocrx_word' id='word_1_278' title='bbox 873 2761 1310 2829; x_wconf 75' lang='grc' dir='ltr'><em>είσϐλέψαντες</em></span> <span class='ocrx_word' id='word_1_279' title='bbox 1337 2761 1426 2822; x_wconf 86' lang='grc' dir='ltr'><em>είς</em></span> <span class='ocrx_word' id='word_1_280' title='bbox 1476 2755 1601 2821; x_wconf 86' lang='grc' dir='ltr'><em>ἐμὲ,</em></span> <span class='ocrx_word' id='word_1_281' title='bbox 1633 2752 2011 2836; x_wconf 74' lang='grc' dir='ltr'><em>θαυμάσατε,</em></span> 
     </span>
    </p>
   </div>
   <div class='ocr_carea' id='block_1_37' title="bbox 436 2833 2011 2918">
    <p class='ocr_par' dir='ltr' id='par_1_37' title="bbox 436 2833 2011 2918">
     <span class='ocr_line' id='line_1_37' title="bbox 436 2833 2011 2918; baseline -0.013 -13"><span class='ocrx_word' id='word_1_282' title='bbox 436 2833 603 2918; x_wconf 48' lang='grc' dir='ltr'><em>ἀεῖρα</em></span> <span class='ocrx_word' id='word_1_283' title='bbox 635 2848 838 2914; x_wconf 83' lang='grc' dir='ltr'><em>θέντες</em></span> <span class='ocrx_word' id='word_1_284' title='bbox 871 2846 971 2899; x_wconf 82' lang='grc' dir='ltr'><em>ἐπὶ</em></span> <span class='ocrx_word' id='word_1_285' title='bbox 1017 2844 1271 2911; x_wconf 88' lang='grc' dir='ltr'><em>σιαγόνι.</em></span> <span class='ocrx_word' id='word_1_286' title='bbox 1323 2839 1459 2893; x_wconf 84' lang='grc' dir='ltr'><em>Ἐάν</em></span> <span class='ocrx_word' id='word_1_287' title='bbox 1482 2855 1547 2892; x_wconf 87' lang='grc' dir='ltr'><em>τε</em></span> <span class='ocrx_word' id='word_1_288' title='bbox 1580 2838 1690 2906; x_wconf 79' lang='grc' dir='ltr'><em>γὰρ</em></span> <span class='ocrx_word' id='word_1_289' title='bbox 1721 2833 2011 2918; x_wconf 85' lang='grc' dir='ltr'><em>μνησθῶ,</em></span> 
     </span>
    </p>
   </div>
   <div class='ocr_carea' id='block_1_38' title="bbox 435 2917 2010 2997">
    <p class='ocr_par' dir='ltr' id='par_1_38' title="bbox 435 2917 2010 2997">
     <span class='ocr_line' id='line_1_38' title="bbox 435 2917 2010 2997; baseline -0.01 -12"><span class='ocrx_word' id='word_1_290' title='bbox 435 2917 801 2991; x_wconf 76' lang='grc' dir='ltr'><em>ἐσπούδακα,</em></span> <span class='ocrx_word' id='word_1_291' title='bbox 845 2929 1058 2997; x_wconf 78' lang='grc' dir='ltr'><em>έχουσι</em></span> <span class='ocrx_word' id='word_1_292' title='bbox 1095 2924 1163 2979; x_wconf 84' lang='grc' dir='ltr'><em>δέ</em></span> <span class='ocrx_word' id='word_1_293' title='bbox 1198 2941 1319 2993; x_wconf 90' lang='grc' dir='ltr'><em>μου</em></span> <span class='ocrx_word' id='word_1_294' title='bbox 1376 2922 1482 2987; x_wconf 87' lang='grc' dir='ltr'><em>τὰς</em></span> <span class='ocrx_word' id='word_1_295' title='bbox 1508 2918 1741 2987; x_wconf 82' lang='grc' dir='ltr'><em>σάρκας</em></span> <span class='ocrx_word' id='word_1_296' title='bbox 1781 2917 2010 2971; x_wconf 90' lang='grc' dir='ltr'><em>ὀδύναι.</em></span> 
     </span>
    </p>
   </div>
   <div class='ocr_carea' id='block_1_39' title="bbox 436 3000 2014 3077">
    <p class='ocr_par' dir='ltr' id='par_1_39' title="bbox 436 3000 2014 3077">
     <span class='ocr_line' id='line_1_39' title="bbox 436 3000 2014 3077; baseline -0.01 -10"><span class='ocrx_word' id='word_1_297' title='bbox 436 3014 542 3067; x_wconf 84' lang='grc' dir='ltr'><em>Διὰ</em></span> <span class='ocrx_word' id='word_1_298' title='bbox 574 3014 631 3067; x_wconf 90' lang='grc' dir='ltr'><em>τί</em></span> <span class='ocrx_word' id='word_1_299' title='bbox 656 3012 894 3077; x_wconf 90' lang='grc' dir='ltr'><em>ἀσεϐεῖς</em></span> <span class='ocrx_word' id='word_1_300' title='bbox 928 3010 1086 3073; x_wconf 85' lang='grc' dir='ltr'><em>ζῶσι,</em></span> <span class='ocrx_word' id='word_1_301' title='bbox 1124 3006 1567 3061; x_wconf 86' lang='grc' dir='ltr'><em>πεπαλαίωνται</em></span> <span class='ocrx_word' id='word_1_302' title='bbox 1611 3001 1680 3055; x_wconf 89' lang='grc' dir='ltr'><em>δὲ</em></span> <span class='ocrx_word' id='word_1_303' title='bbox 1725 3001 1795 3053; x_wconf 86' lang='grc' dir='ltr'><em>ὲν</em></span> <span class='ocrx_word' id='word_1_304' title='bbox 1821 3000 2014 3053; x_wconf 86' lang='grc' dir='ltr'><em>πλού-</em></span> 
     </span>
    </p>
   </div>
   <div class='ocr_carea' id='block_1_40' title="bbox 438 3080 2016 3163">
    <p class='ocr_par' dir='ltr' id='par_1_40' title="bbox 438 3080 2016 3163">
     <span class='ocr_line' id='line_1_40' title="bbox 438 3080 2016 3163; baseline -0.011 -13"><span class='ocrx_word' id='word_1_305' title='bbox 438 3111 559 3159; x_wconf 83' lang='grc' dir='ltr'><em>τφ;</em></span> <span class='ocrx_word' id='word_1_306' title='bbox 603 3096 657 3148; x_wconf 88' lang='grc' dir='ltr'><strong><em>Ὀ</em></strong></span> <span class='ocrx_word' id='word_1_307' title='bbox 684 3096 910 3163; x_wconf 80' lang='grc' dir='ltr'><em>σπόρος</em></span> <span class='ocrx_word' id='word_1_308' title='bbox 938 3092 1137 3146; x_wconf 83' lang='grc' dir='ltr'><em>αὐτῶν</em></span> <span class='ocrx_word' id='word_1_309' title='bbox 1167 3089 1319 3143; x_wconf 83' lang='grc' dir='ltr'><em>κατὰ</em></span> <span class='ocrx_word' id='word_1_310' title='bbox 1355 3085 1588 3155; x_wconf 74' lang='grc' dir='ltr'><em>ψυχὴν.</em></span> <span class='ocrx_word' id='word_1_311' title='bbox 1637 3085 1709 3137; x_wconf 85' lang='grc' dir='ltr'><em>τὰ</em></span> <span class='ocrx_word' id='word_1_312' title='bbox 1741 3082 1808 3135; x_wconf 86' lang='grc' dir='ltr'><em>δὲ</em></span> <span class='ocrx_word' id='word_1_313' title='bbox 1834 3080 2016 3134; x_wconf 86' lang='grc' dir='ltr'><em>τέκνα</em></span> 
     </span>
    </p>
   </div>
   <div class='ocr_carea' id='block_1_41' title="bbox 439 3165 2018 3245">
    <p class='ocr_par' dir='ltr' id='par_1_41' title="bbox 439 3165 2018 3245">
     <span class='ocr_line' id='line_1_41' title="bbox 439 3165 2018 3245; baseline -0.011 -11"><span class='ocrx_word' id='word_1_314' title='bbox 439 3179 638 3233; x_wconf 83' lang='grc' dir='ltr'><em>αὐτῶν</em></span> <span class='ocrx_word' id='word_1_315' title='bbox 693 3178 762 3230; x_wconf 87' lang='grc' dir='ltr'><em>ἐν</em></span> <span class='ocrx_word' id='word_1_316' title='bbox 817 3174 1163 3245; x_wconf 76' lang='grc' dir='ltr'><em>ὀφθαλμοῖς·</em></span> <span class='ocrx_word' id='word_1_317' title='bbox 1197 3174 1253 3226; x_wconf 86' lang='grc' dir='ltr'><em>οί</em></span> <span class='ocrx_word' id='word_1_318' title='bbox 1292 3168 1443 3224; x_wconf 77' lang='grc' dir='ltr'><em>οἶκοι</em></span> <span class='ocrx_word' id='word_1_319' title='bbox 1500 3165 1697 3221; x_wconf 86' lang='grc' dir='ltr'><em>αὐτῶν</em></span> <span class='ocrx_word' id='word_1_320' title='bbox 1730 3165 2018 3233; x_wconf 82' lang='grc' dir='ltr'><em>εὐθηνοῦ-</em></span> 
     </span>
    </p>
   </div>
   <div class='ocr_carea' id='block_1_42' title="bbox 438 3248 2019 3329">
    <p class='ocr_par' dir='ltr' id='par_1_42' title="bbox 438 3248 2019 3329">
     <span class='ocr_line' id='line_1_42' title="bbox 438 3248 2019 3329; baseline -0.011 -13"><span class='ocrx_word' id='word_1_321' title='bbox 438 3277 564 3325; x_wconf 92' lang='grc' dir='ltr'><em>σιν,</em></span> <span class='ocrx_word' id='word_1_322' title='bbox 598 3262 782 3329; x_wconf 84' lang='grc' dir='ltr'><em>φόϐος</em></span> <span class='ocrx_word' id='word_1_323' title='bbox 808 3259 874 3312; x_wconf 81' lang='grc' dir='ltr'><em>δὲ</em></span> <span class='ocrx_word' id='word_1_324' title='bbox 896 3257 1182 3327; x_wconf 82' lang='grc' dir='ltr'><em>οὺδαμοῦ’</em></span> <span class='ocrx_word' id='word_1_325' title='bbox 1214 3253 1438 3325; x_wconf 80' lang='grc' dir='ltr'><em>μάστιξ</em></span> <span class='ocrx_word' id='word_1_326' title='bbox 1468 3251 1688 3319; x_wconf 84' lang='grc' dir='ltr'><em>Κυρίου</em></span> <span class='ocrx_word' id='word_1_327' title='bbox 1715 3251 1826 3302; x_wconf 78' lang='grc' dir='ltr'><em>οὐκ</em></span> <span class='ocrx_word' id='word_1_328' title='bbox 1846 3248 2019 3301; x_wconf 77' lang='grc' dir='ltr'><em>ἐστιν</em></span> 
     </span>
    </p>
   </div>
   <div class='ocr_carea' id='block_1_43' title="bbox 439 3333 2015 3408">
    <p class='ocr_par' dir='ltr' id='par_1_43' title="bbox 439 3333 2015 3408">
     <span class='ocr_line' id='line_1_43' title="bbox 439 3333 2015 3408; baseline -0.01 -10"><span class='ocrx_word' id='word_1_329' title='bbox 439 3346 533 3398; x_wconf 80' lang='grc' dir='ltr'><em>ἐπ’</em></span> <span class='ocrx_word' id='word_1_330' title='bbox 591 3344 833 3408; x_wconf 86' lang='grc' dir='ltr'><em>αὐτούς.</em></span> <span class='ocrx_word' id='word_1_331' title='bbox 883 3342 945 3396; x_wconf 86' lang='grc' dir='ltr'><strong>Ἠ</strong></span> <span class='ocrx_word' id='word_1_332' title='bbox 1000 3340 1159 3406; x_wconf 83' lang='grc' dir='ltr'><em>,ϐοῦς</em></span> <span class='ocrx_word' id='word_1_333' title='bbox 1201 3337 1403 3392; x_wconf 81' lang='grc' dir='ltr'><em>αὐτῶν</em></span> <span class='ocrx_word' id='word_1_334' title='bbox 1453 3338 1565 3389; x_wconf 85' lang='grc' dir='ltr'><em>οὐκ</em></span> <span class='ocrx_word' id='word_1_335' title='bbox 1611 3333 2015 3401; x_wconf 67' lang='grc' dir='ltr'><em>ῶμοτόκησενα</em></span> 
     </span>
    </p>
   </div>
   <div class='ocr_carea' id='block_1_44' title="bbox 438 3415 2020 3492">
    <p class='ocr_par' dir='ltr' id='par_1_44' title="bbox 438 3415 2020 3492">
     <span class='ocr_line' id='line_1_44' title="bbox 438 3415 2020 3492; baseline -0.009 -11"><span class='ocrx_word' id='word_1_336' title='bbox 438 3427 692 3492; x_wconf 81' lang='grc' dir='ltr'><em>διεσώθη</em></span> <span class='ocrx_word' id='word_1_337' title='bbox 714 3425 782 3479; x_wconf 89' lang='grc' dir='ltr'><em>δὲ</em></span> <span class='ocrx_word' id='word_1_338' title='bbox 809 3424 927 3479; x_wconf 86' lang='grc' dir='ltr'><em>ἀπὸ</em></span> <span class='ocrx_word' id='word_1_339' title='bbox 956 3425 1277 3489; x_wconf 86' lang='grc' dir='ltr'><em>καύματος·</em></span> <span class='ocrx_word' id='word_1_340' title='bbox 1306 3421 1376 3475; x_wconf 82' lang='grc' dir='ltr'><em>ἐν</em></span> <span class='ocrx_word' id='word_1_341' title='bbox 1402 3418 1612 3487; x_wconf 80' lang='grc' dir='ltr'><em>γαστρὶ</em></span> <span class='ocrx_word' id='word_1_342' title='bbox 1638 3418 1871 3485; x_wconf 75' lang='grc' dir='ltr'><em>ἔχουσα</em></span> <span class='ocrx_word' id='word_1_343' title='bbox 1909 3415 2020 3468; x_wconf 79' lang='grc' dir='ltr'><em>οὐκ</em></span> 
     </span>
    </p>
   </div>
   <div class='ocr_carea' id='block_1_45' title="bbox 440 3496 2024 3579">
    <p class='ocr_par' dir='ltr' id='par_1_45' title="bbox 440 3496 2024 3579">
     <span class='ocr_line' id='line_1_45' title="bbox 440 3496 2024 3579; baseline -0.009 -14"><span class='ocrx_word' id='word_1_344' title='bbox 440 3511 736 3579; x_wconf 74' lang='grc' dir='ltr'><em>ἔσφαλεν.</em></span> <span class='ocrx_word' id='word_1_345' title='bbox 762 3507 1033 3563; x_wconf 72' lang='grc' dir='ltr'><em>Μένουσι</em></span> <span class='ocrx_word' id='word_1_346' title='bbox 1063 3506 1132 3560; x_wconf 88' lang='grc' dir='ltr'><em>δὲ</em></span> <span class='ocrx_word' id='word_1_347' title='bbox 1161 3505 1366 3571; x_wconf 85' lang='grc' dir='ltr'><em>ὥσπερ</em></span> <span class='ocrx_word' id='word_1_348' title='bbox 1404 3503 1666 3572; x_wconf 89' lang='grc' dir='ltr'><em>πρόϐατα</em></span> <span class='ocrx_word' id='word_1_349' title='bbox 1686 3499 1913 3552; x_wconf 70' lang='grc' dir='ltr'><em>αἰώνια.</em></span> <span class='ocrx_word' id='word_1_350' title='bbox 1948 3496 2024 3551; x_wconf 78' lang='grc' dir='ltr'><em>Τὰ</em></span> 
     </span>
    </p>
   </div>
   <div class='ocr_carea' id='block_1_46' title="bbox 438 3581 2023 3657">
    <p class='ocr_par' dir='ltr' id='par_1_46' title="bbox 438 3581 2023 3657">
     <span class='ocr_line' id='line_1_46' title="bbox 438 3581 2023 3657; baseline -0.009 -10"><span class='ocrx_word' id='word_1_351' title='bbox 438 3595 508 3647; x_wconf 87' lang='grc' dir='ltr'><em>δὲ</em></span> <span class='ocrx_word' id='word_1_352' title='bbox 568 3592 776 3646; x_wconf 85' lang='grc' dir='ltr'><em>παιδία</em></span> <span class='ocrx_word' id='word_1_353' title='bbox 840 3590 1039 3645; x_wconf 82' lang='grc' dir='ltr'><em>αὐτῶν</em></span> <span class='ocrx_word' id='word_1_354' title='bbox 1079 3585 1587 3657; x_wconf 70' lang='grc' dir='ltr'><em>προσπαίζουσιν,</em></span> <span class='ocrx_word' id='word_1_355' title='bbox 1640 3581 2023 3636; x_wconf 86' lang='grc' dir='ltr'><em>ἀναλαϐόντα</em></span> 
     </span>
    </p>
   </div>
   <div class='ocr_carea' id='block_1_47' title="bbox 437 3660 2021 3745">
    <p class='ocr_par' dir='ltr' id='par_1_47' title="bbox 437 3660 2021 3745">
     <span class='ocr_line' id='line_1_47' title="bbox 437 3660 2021 3745; baseline -0.009 -16"><span class='ocrx_word' id='word_1_356' title='bbox 437 3674 778 3745; x_wconf 59' lang='grc' dir='ltr'><em>⁴ψαλτήριον</em></span> <span class='ocrx_word' id='word_1_357' title='bbox 800 3674 897 3730; x_wconf 76' lang='grc' dir='ltr'><em>καὶ</em></span> <span class='ocrx_word' id='word_1_358' title='bbox 933 3672 1200 3739; x_wconf 85' lang='grc' dir='ltr'><em>κιθάραν,</em></span> <span class='ocrx_word' id='word_1_359' title='bbox 1241 3668 1340 3723; x_wconf 74' lang='grc' dir='ltr'><em>καὶ</em></span> <span class='ocrx_word' id='word_1_360' title='bbox 1386 3666 1807 3735; x_wconf 82' lang='grc' dir='ltr'><em>εὐφραίνονται</em></span> <span class='ocrx_word' id='word_1_361' title='bbox 1849 3660 2021 3731; x_wconf 77' lang='grc' dir='ltr'><em>φωνῇ</em></span> 
     </span>
    </p>
   </div>
   <div class='ocr_carea' id='block_1_48' title="bbox 438 3745 2022 3828">
    <p class='ocr_par' dir='ltr' id='par_1_48' title="bbox 438 3745 2022 3828">
     <span class='ocr_line' id='line_1_48' title="bbox 438 3745 2022 3828; baseline -0.009 -16"><span class='ocrx_word' id='word_1_362' title='bbox 438 3758 707 3828; x_wconf 68' lang='grc' dir='ltr'><em>ψαλμοῦ·</em></span> <span class='ocrx_word' id='word_1_363' title='bbox 738 3755 1149 3810; x_wconf 85' lang='grc' dir='ltr'><em>συνετέλεσαν</em></span> <span class='ocrx_word' id='word_1_364' title='bbox 1171 3753 1242 3804; x_wconf 86' lang='grc' dir='ltr'><em>ἐν</em></span> <span class='ocrx_word' id='word_1_365' title='bbox 1282 3749 1526 3819; x_wconf 83' lang='grc' dir='ltr'><em>ἀγαθοῖς</em></span> <span class='ocrx_word' id='word_1_366' title='bbox 1566 3747 1681 3815; x_wconf 79' lang='grc' dir='ltr'><em>τὴν</em></span> <span class='ocrx_word' id='word_1_367' title='bbox 1720 3745 1875 3812; x_wconf 80' lang='grc' dir='ltr'><em>ζωὴν</em></span> <span class='ocrx_word' id='word_1_368' title='bbox 1916 3747 2022 3799; x_wconf 85' lang='grc' dir='ltr'><em>αὺ-</em></span> 
     </span>
    </p>
   </div>
   <div class='ocr_carea' id='block_1_49' title="bbox 438 3829 2018 3906">
    <p class='ocr_par' dir='ltr' id='par_1_49' title="bbox 438 3829 2018 3906">
     <span class='ocr_line' id='line_1_49' title="bbox 438 3829 2018 3906; baseline -0.01 -10"><span class='ocrx_word' id='word_1_369' title='bbox 438 3843 579 3905; x_wconf 81' lang='grc' dir='ltr'><em>τῶν,</em></span> <span class='ocrx_word' id='word_1_370' title='bbox 607 3842 680 3894; x_wconf 85' lang='grc' dir='ltr'><em>ἐν</em></span> <span class='ocrx_word' id='word_1_371' title='bbox 703 3840 772 3893; x_wconf 87' lang='grc' dir='ltr'><em>δὲ</em></span> <span class='ocrx_word' id='word_1_372' title='bbox 803 3838 877 3906; x_wconf 80' lang='grc' dir='ltr'><em>τῇ</em></span> <span class='ocrx_word' id='word_1_373' title='bbox 903 3836 1239 3892; x_wconf 81' lang='grc' dir='ltr'><em>ἀναπαύσει</em></span> <span class='ocrx_word' id='word_1_374' title='bbox 1270 3833 1377 3887; x_wconf 86' lang='grc' dir='ltr'><em>τοῦ</em></span> <span class='ocrx_word' id='word_1_375' title='bbox 1406 3832 1557 3899; x_wconf 81' lang='grc' dir='ltr'><em>ᾅδου</em></span> <span class='ocrx_word' id='word_1_376' title='bbox 1585 3829 2018 3898; x_wconf 83' lang='grc' dir='ltr'><em>ἐκοιμήθησαν.</em></span> 
     </span>
    </p>
   </div>
   <div class='ocr_carea' id='block_1_50' title="bbox 441 3911 2022 3994">
    <p class='ocr_par' dir='ltr' id='par_1_50' title="bbox 441 3911 2022 3994">
     <span class='ocr_line' id='line_1_50' title="bbox 441 3911 2022 3994; baseline -0.01 -15"><span class='ocrx_word' id='word_1_377' title='bbox 441 3924 613 3994; x_wconf 87' lang='grc' dir='ltr'><em>Λέγει</em></span> <span class='ocrx_word' id='word_1_378' title='bbox 663 3923 731 3978; x_wconf 87' lang='grc' dir='ltr'><em>δὲ</em></span> <span class='ocrx_word' id='word_1_379' title='bbox 781 3922 861 3988; x_wconf 85' lang='grc' dir='ltr'><em>τῷ</em></span> <span class='ocrx_word' id='word_1_380' title='bbox 900 3920 1114 3987; x_wconf 84' lang='grc' dir='ltr'><em>Κυρίῳ,</em></span> <span class='ocrx_word' id='word_1_381' title='bbox 1179 3919 1439 3973; x_wconf 81' lang='grc' dir='ltr'><em>Ἀπόστα</em></span> <span class='ocrx_word' id='word_1_382' title='bbox 1488 3916 1589 3969; x_wconf 81' lang='grc' dir='ltr'><em>ἀπ’</em></span> <span class='ocrx_word' id='word_1_383' title='bbox 1630 3912 1799 3981; x_wconf 82' lang='grc' dir='ltr'><em>ἐμοῦ,</em></span> <span class='ocrx_word' id='word_1_384' title='bbox 1841 3911 2022 3994; x_wconf 90' lang='grc' dir='ltr'><em>όδούς</em></span> 
     </span>
    </p>
   </div>
   <div class='ocr_carea' id='block_1_51' title="bbox 442 3993 2023 4071">
    <p class='ocr_par' dir='ltr' id='par_1_51' title="bbox 442 3993 2023 4071">
     <span class='ocr_line' id='line_1_51' title="bbox 442 3993 2023 4071; baseline -0.012 -7"><span class='ocrx_word' id='word_1_385' title='bbox 442 3993 561 4063; x_wconf 85' lang='grc' dir='ltr'><em>σου</em></span> <span class='ocrx_word' id='word_1_386' title='bbox 587 4007 806 4062; x_wconf 75' lang='grc' dir='ltr'><em>ειδέναι</em></span> <span class='ocrx_word' id='word_1_387' title='bbox 839 4008 910 4059; x_wconf 83' lang='grc' dir='ltr'><em>οὐ</em></span> <span class='ocrx_word' id='word_1_388' title='bbox 937 4006 1257 4071; x_wconf 77' lang='grc' dir='ltr'><em>βούλομαι.</em></span> <span class='ocrx_word' id='word_1_389' title='bbox 1305 3999 1494 4070; x_wconf 83' lang='grc' dir='ltr'><em>Τούτῳ</em></span> <span class='ocrx_word' id='word_1_390' title='bbox 1525 3996 1734 4068; x_wconf 79' lang='grc' dir='ltr'>συνῳδὰ</span> <span class='ocrx_word' id='word_1_391' title='bbox 1775 3997 1802 4049; x_wconf 81' lang='grc' dir='ltr'><em>ό</em></span> <span class='ocrx_word' id='word_1_392' title='bbox 1846 3993 2023 4057; x_wconf 76' lang='grc' dir='ltr'><em>ἀνεξί·</em></span> 
     </span>
    </p>
   </div>
   <div class='ocr_carea' id='block_1_52' title="bbox 443 4077 2021 4158">
    <p class='ocr_par' dir='ltr' id='par_1_52' title="bbox 443 4077 2021 4158">
     <span class='ocr_line' id='line_1_52' title="bbox 443 4077 2021 4158; baseline -0.012 -11"><span class='ocrx_word' id='word_1_393' title='bbox 443 4110 636 4158; x_wconf 87' lang='grc' dir='ltr'><em>κακος,</em></span> <span class='ocrx_word' id='word_1_394' title='bbox 691 4092 785 4145; x_wconf 73' lang='grc' dir='ltr'><em>καὶ</em></span> <span class='ocrx_word' id='word_1_395' title='bbox 835 4089 940 4142; x_wconf 88' lang='grc' dir='ltr'><em>τῶν</em></span> <span class='ocrx_word' id='word_1_396' title='bbox 998 4086 1159 4140; x_wconf 90' lang='grc' dir='ltr'><em>θείων</em></span> <span class='ocrx_word' id='word_1_397' title='bbox 1192 4085 1360 4157; x_wconf 82' lang='grc' dir='ltr'><em>ᾀστὴς</em></span> <span class='ocrx_word' id='word_1_398' title='bbox 1412 4082 1716 4155; x_wconf 78' lang='grc' dir='ltr'>χριμάτων,</span> <span class='ocrx_word' id='word_1_399' title='bbox 1762 4077 2021 4140; x_wconf 78' lang='grc' dir='ltr'><em>κατὰτὸ,</em></span> 
     </span>
    </p>
   </div>
   <div class='ocr_carea' id='block_1_53' title="bbox 447 4160 2023 4241">
    <p class='ocr_par' dir='ltr' id='par_1_53' title="bbox 447 4160 2023 4241">
     <span class='ocr_line' id='line_1_53' title="bbox 447 4160 2023 4241; baseline -0.014 -9"><span class='ocrx_word' id='word_1_400' title='bbox 447 4179 669 4231; x_wconf 83' lang='grc' dir='ltr'><em>Ἕλεον</em></span> <span class='ocrx_word' id='word_1_401' title='bbox 692 4173 791 4227; x_wconf 74' lang='grc' dir='ltr'><em>καὶ</em></span> <span class='ocrx_word' id='word_1_402' title='bbox 825 4172 1029 4241; x_wconf 83' lang='grc' dir='ltr'><em>κρίσιν</em></span> <span class='ocrx_word' id='word_1_403' title='bbox 1059 4169 1283 4238; x_wconf 76' lang='grc' dir='ltr'><em>ᾄσομαι</em></span> <span class='ocrx_word' id='word_1_404' title='bbox 1326 4182 1446 4226; x_wconf 87' lang='grc' dir='ltr'><em>σοι,</em></span> <span class='ocrx_word' id='word_1_405' title='bbox 1494 4166 1691 4231; x_wconf 86' lang='grc' dir='ltr'><em>Κύριε,</em></span> <span class='ocrx_word' id='word_1_406' title='bbox 1722 4160 1889 4215; x_wconf 59' lang='grc' dir='ltr'><em>Δαυῖδ</em></span> <span class='ocrx_word' id='word_1_407' title='bbox 1918 4178 2023 4241; x_wconf 42' lang='grc' dir='ltr'><em>φηέ</em></span> 
     </span>
    </p>
   </div>
   <div class='ocr_carea' id='block_1_54' title="bbox 446 4240 2024 4325">
    <p class='ocr_par' dir='ltr' id='par_1_54' title="bbox 446 4240 2024 4325">
     <span class='ocr_line' id='line_1_54' title="bbox 446 4240 2024 4325; baseline -0.011 -13"><span class='ocrx_word' id='word_1_408' title='bbox 446 4277 553 4314; x_wconf 89' lang='grc' dir='ltr'><em>σιν.</em></span> <span class='ocrx_word' id='word_1_409' title='bbox 592 4260 691 4324; x_wconf 78' lang='grc' dir='ltr'><em>Ὠς</em></span> <span class='ocrx_word' id='word_1_410' title='bbox 711 4240 932 4325; x_wconf 86' lang='grc' dir='ltr'><em>ἀγαθὸς</em></span> <span class='ocrx_word' id='word_1_411' title='bbox 960 4258 992 4308; x_wconf 87' lang='grc' dir='ltr'><em>ὀ</em></span> <span class='ocrx_word' id='word_1_412' title='bbox 1027 4254 1171 4319; x_wconf 83' lang='grc' dir='ltr'><em>Θεὸς</em></span> <span class='ocrx_word' id='word_1_413' title='bbox 1197 4249 1274 4317; x_wconf 86' lang='grc' dir='ltr'><em>τῷ</em></span> <span class='ocrx_word' id='word_1_414' title='bbox 1308 4247 1547 4318; x_wconf 81' lang='grc' dir='ltr'><em>Ἰσραὴλ</em></span> <span class='ocrx_word' id='word_1_415' title='bbox 1575 4246 1701 4311; x_wconf 86' lang='grc' dir='ltr'><em>τοῖς</em></span> <span class='ocrx_word' id='word_1_416' title='bbox 1720 4242 1925 4297; x_wconf 87' lang='grc' dir='ltr'><em>εὺθέσι</em></span> <span class='ocrx_word' id='word_1_417' title='bbox 1948 4240 2024 4309; x_wconf 73' lang='grc' dir='ltr'><em>τῇ</em></span> 
     </span>
    </p>
   </div>
   <div class='ocr_carea' id='block_1_55' title="bbox 444 4327 2023 4409">
    <p class='ocr_par' dir='ltr' id='par_1_55' title="bbox 444 4327 2023 4409">
     <span class='ocr_line' id='line_1_55' title="bbox 444 4327 2023 4409; baseline -0.013 -13"><span class='ocrx_word' id='word_1_418' title='bbox 444 4341 678 4409; x_wconf 79' lang='grc' dir='ltr'><em>καρδίᾳ.</em></span> <span class='ocrx_word' id='word_1_419' title='bbox 724 4338 902 4409; x_wconf 82' lang='grc' dir='ltr'><em>Ἑμοῦ</em></span> <span class='ocrx_word' id='word_1_420' title='bbox 932 4337 1000 4391; x_wconf 86' lang='grc' dir='ltr'><em>δὲ</em></span> <span class='ocrx_word' id='word_1_421' title='bbox 1032 4335 1190 4404; x_wconf 82' lang='grc' dir='ltr'><em>παρὰ</em></span> <span class='ocrx_word' id='word_1_422' title='bbox 1235 4333 1454 4403; x_wconf 83' lang='grc' dir='ltr'><em>μικρὸν</em></span> <span class='ocrx_word' id='word_1_423' title='bbox 1490 4328 1918 4409; x_wconf 82' lang='grc' dir='ltr'><em>ἐσαλεύθησαν</em></span> <span class='ocrx_word' id='word_1_424' title='bbox 1967 4327 2023 4377; x_wconf 83' lang='grc' dir='ltr'><em>οἱ</em></span> 
     </span>
    </p>
   </div>
   <div class='ocr_carea' id='block_1_56' title="bbox 445 4407 2014 4489">
    <p class='ocr_par' dir='ltr' id='par_1_56' title="bbox 445 4407 2014 4489">
     <span class='ocr_line' id='line_1_56' title="bbox 445 4407 2014 4489; baseline -0.01 -12"><span class='ocrx_word' id='word_1_425' title='bbox 445 4407 649 4489; x_wconf 75' lang='grc' dir='ltr'><em>πόδεςο</em></span> <span class='ocrx_word' id='word_1_426' title='bbox 685 4407 823 4489; x_wconf 82' lang='grc' dir='ltr'><em>παρ’</em></span> <span class='ocrx_word' id='word_1_427' title='bbox 854 4422 1061 4487; x_wconf 90' lang='grc' dir='ltr'><em>ὀλίγον</em></span> <span class='ocrx_word' id='word_1_428' title='bbox 1098 4418 1352 4487; x_wconf 77' lang='grc' dir='ltr'><em>ἐξεχύθη</em></span> <span class='ocrx_word' id='word_1_429' title='bbox 1402 4413 1473 4468; x_wconf 89' lang='grc' dir='ltr'><em>τὰ</em></span> <span class='ocrx_word' id='word_1_430' title='bbox 1519 4407 1849 4480; x_wconf 84' lang='grc' dir='ltr'><em>διαϐήματά</em></span> <span class='ocrx_word' id='word_1_431' title='bbox 1876 4425 2014 4477; x_wconf 90' lang='grc' dir='ltr'><em>μου.</em></span> 
     </span>
    </p>
   </div>
   <div class='ocr_carea' id='block_1_57' title="bbox 446 4491 2023 4570">
    <p class='ocr_par' dir='ltr' id='par_1_57' title="bbox 446 4491 2023 4570">
     <span class='ocr_line' id='line_1_57' title="bbox 446 4491 2023 4570; baseline -0.012 -11"><span class='ocrx_word' id='word_1_432' title='bbox 446 4506 547 4559; x_wconf 75' lang='grc' dir='ltr'><em>Διὰ</em></span> <span class='ocrx_word' id='word_1_433' title='bbox 570 4505 658 4570; x_wconf 87' lang='grc' dir='ltr'><em>τί;</em></span> <span class='ocrx_word' id='word_1_434' title='bbox 699 4506 822 4556; x_wconf 87' lang='grc' dir='ltr'><em>Ὅτι</em></span> <span class='ocrx_word' id='word_1_435' title='bbox 851 4502 1123 4570; x_wconf 80' lang='grc' dir='ltr'><em>ἐζήλωσα</em></span> <span class='ocrx_word' id='word_1_436' title='bbox 1154 4502 1251 4555; x_wconf 77' lang='grc' dir='ltr'><em>ἐπὶ</em></span> <span class='ocrx_word' id='word_1_437' title='bbox 1297 4498 1421 4564; x_wconf 87' lang='grc' dir='ltr'><em>τοῖς</em></span> <span class='ocrx_word' id='word_1_438' title='bbox 1458 4496 1721 4565; x_wconf 89' lang='grc' dir='ltr'><em>ἀνόμοις,</em></span> <span class='ocrx_word' id='word_1_439' title='bbox 1775 4491 2023 4559; x_wconf 78' lang='grc' dir='ltr'><em>εἰρήνην</em></span> 
     </span>
    </p>
   </div>
   <div class='ocr_carea' id='block_1_58' title="bbox 447 4571 2025 4659">
    <p class='ocr_par' dir='ltr' id='par_1_58' title="bbox 447 4571 2025 4659">
     <span class='ocr_line' id='line_1_58' title="bbox 447 4571 2025 4659; baseline -0.011 -16"><span class='ocrx_word' id='word_1_440' title='bbox 447 4585 812 4659; x_wconf 79' lang='grc' dir='ltr'><em>ἁμαρτωλῶν</em></span> <span class='ocrx_word' id='word_1_441' title='bbox 839 4585 1097 4654; x_wconf 88' lang='grc' dir='ltr'><em>θεωρῶν.</em></span> <span class='ocrx_word' id='word_1_442' title='bbox 1126 4586 1237 4639; x_wconf 77' lang='grc' dir='ltr'><em>Καὶ</em></span> <span class='ocrx_word' id='word_1_443' title='bbox 1265 4586 1323 4637; x_wconf 82' lang='grc' dir='ltr'><em>ὲν</em></span> <span class='ocrx_word' id='word_1_444' title='bbox 1354 4582 1526 4652; x_wconf 79' lang='grc' dir='ltr'><em>ἑτέρῳ</em></span> <span class='ocrx_word' id='word_1_445' title='bbox 1552 4579 1714 4632; x_wconf 85' lang='grc' dir='ltr'><em>πάλιν</em></span> <span class='ocrx_word' id='word_1_446' title='bbox 1733 4575 1824 4629; x_wconf 78' lang='grc' dir='ltr'><em>τὸν</em></span> <span class='ocrx_word' id='word_1_447' title='bbox 1862 4571 2025 4659; x_wconf 71' lang='grc' dir='ltr'><em>πλοῦ-</em></span> 
     </span>
    </p>
   </div>
   <div class='ocr_carea' id='block_1_59' title="bbox 446 4656 2022 4735">
    <p class='ocr_par' dir='ltr' id='par_1_59' title="bbox 446 4656 2022 4735">
     <span class='ocr_line' id='line_1_59' title="bbox 446 4656 2022 4735; baseline -0.013 -8"><span class='ocrx_word' id='word_1_448' title='bbox 446 4656 539 4727; x_wconf 68' lang='grc' dir='ltr'><em>τὸν</em></span> <span class='ocrx_word' id='word_1_449' title='bbox 565 4669 741 4724; x_wconf 81' lang='grc' dir='ltr'><em>αὐτῶν</em></span> <span class='ocrx_word' id='word_1_450' title='bbox 767 4668 1067 4722; x_wconf 81' lang='grc' dir='ltr'><em>διαϐάλλων</em></span> <span class='ocrx_word' id='word_1_451' title='bbox 1092 4668 1259 4735; x_wconf 82' lang='grc' dir='ltr'><em>λέγει·</em></span> <span class='ocrx_word' id='word_1_452' title='bbox 1305 4670 1369 4720; x_wconf 81' lang='grc' dir='ltr'><em>οι</em></span> <span class='ocrx_word' id='word_1_453' title='bbox 1398 4666 1547 4730; x_wconf 85' lang='grc' dir='ltr'><em>,βόες</em></span> <span class='ocrx_word' id='word_1_454' title='bbox 1568 4658 1766 4717; x_wconf 86' lang='grc' dir='ltr'><em>αὐτῶν</em></span> <span class='ocrx_word' id='word_1_455' title='bbox 1788 4656 2022 4727; x_wconf 81' lang='grc' dir='ltr'><em>παχεῖς,</em></span> 
     </span>
    </p>
   </div>
   <div class='ocr_carea' id='block_1_60' title="bbox 448 4740 2028 4824">
    <p class='ocr_par' dir='ltr' id='par_1_60' title="bbox 448 4740 2028 4824">
     <span class='ocr_line' id='line_1_60' title="bbox 448 4740 2028 4824; baseline -0.01 -14"><span class='ocrx_word' id='word_1_456' title='bbox 448 4757 524 4811; x_wconf 86' lang='grc' dir='ltr'><em>τὰ</em></span> <span class='ocrx_word' id='word_1_457' title='bbox 570 4754 832 4824; x_wconf 89' lang='grc' dir='ltr'><em>πρόϐατα</em></span> <span class='ocrx_word' id='word_1_458' title='bbox 892 4750 1091 4805; x_wconf 82' lang='grc' dir='ltr'><em>αὐτῶν</em></span> <span class='ocrx_word' id='word_1_459' title='bbox 1142 4748 1486 4809; x_wconf 86' lang='grc' dir='ltr'><em>πολυτόκα,</em></span> <span class='ocrx_word' id='word_1_460' title='bbox 1532 4745 1921 4813; x_wconf 62' lang='grc' dir='ltr'><em>πληθύνοηντα</em></span> <span class='ocrx_word' id='word_1_461' title='bbox 1956 4740 2028 4794; x_wconf 83' lang='grc' dir='ltr'><em>ἐν</em></span> 
     </span>
    </p>
   </div>
   <div class='ocr_carea' id='block_1_61' title="bbox 449 4824 2025 4906">
    <p class='ocr_par' dir='ltr' id='par_1_61' title="bbox 449 4824 2025 4906">
     <span class='ocr_line' id='line_1_61' title="bbox 449 4824 2025 4906; baseline -0.011 -12"><span class='ocrx_word' id='word_1_462' title='bbox 449 4839 581 4906; x_wconf 79' lang='grc' dir='ltr'><em>ταῖς</em></span> <span class='ocrx_word' id='word_1_463' title='bbox 609 4836 840 4902; x_wconf 79' lang='grc' dir='ltr'><em>ἐξόδοις</em></span> <span class='ocrx_word' id='word_1_464' title='bbox 885 4832 1102 4887; x_wconf 86' lang='grc' dir='ltr'><em>αὐτῶν·</em></span> <span class='ocrx_word' id='word_1_465' title='bbox 1164 4834 1237 4885; x_wconf 86' lang='grc' dir='ltr'><em>τὰ</em></span> <span class='ocrx_word' id='word_1_466' title='bbox 1293 4830 1501 4900; x_wconf 84' lang='grc' dir='ltr'><em>ταμεῖα</em></span> <span class='ocrx_word' id='word_1_467' title='bbox 1550 4828 1750 4883; x_wconf 85' lang='grc' dir='ltr'><em>αὐτῶν</em></span> <span class='ocrx_word' id='word_1_468' title='bbox 1796 4824 2025 4891; x_wconf 81' lang='grc' dir='ltr'><em>πλήρη,</em></span> 
     </span>
    </p>
   </div>
   <div class='ocr_carea' id='block_1_62' title="bbox 449 4907 2029 4993">
    <p class='ocr_par' dir='ltr' id='par_1_62' title="bbox 449 4907 2029 4993">
     <span class='ocr_line' id='line_1_62' title="bbox 449 4907 2029 4993; baseline -0.013 -14"><span class='ocrx_word' id='word_1_469' title='bbox 449 4922 880 4993; x_wconf 80' lang='grc' dir='ltr'><em>ἐξερευγόμενα</em></span> <span class='ocrx_word' id='word_1_470' title='bbox 905 4919 975 4972; x_wconf 85' lang='grc' dir='ltr'><em>ἐκ</em></span> <span class='ocrx_word' id='word_1_471' title='bbox 1015 4916 1229 4971; x_wconf 91' lang='grc' dir='ltr'><em>τούτου</em></span> <span class='ocrx_word' id='word_1_472' title='bbox 1264 4916 1352 4980; x_wconf 89' lang='grc' dir='ltr'><em>είς</em></span> <span class='ocrx_word' id='word_1_473' title='bbox 1380 4913 1577 4967; x_wconf 76' lang='grc' dir='ltr'><em>τοῦτο’</em></span> <span class='ocrx_word' id='word_1_474' title='bbox 1611 4914 1671 4964; x_wconf 82' lang='grc' dir='ltr'><em>αἱ</em></span> <span class='ocrx_word' id='word_1_475' title='bbox 1708 4907 2029 4993; x_wconf 80' lang='grc' dir='ltr'><em>θυγατέρες</em></span> 
     </span>
    </p>
   </div>
   <div class='ocr_carea' id='block_1_63' title="bbox 450 4992 2029 5070">
    <p class='ocr_par' dir='ltr' id='par_1_63' title="bbox 450 4992 2029 5070">
     <span class='ocr_line' id='line_1_63' title="bbox 450 4992 2029 5070; baseline -0.012 -8"><span class='ocrx_word' id='word_1_476' title='bbox 450 5007 653 5062; x_wconf 85' lang='grc' dir='ltr'><em>αὐτῶν</em></span> <span class='ocrx_word' id='word_1_477' title='bbox 672 4992 1257 5070; x_wconf 67' lang='grc' dir='ltr'><em>κεκαλλωπισμέναι,</em></span> <span class='ocrx_word' id='word_1_478' title='bbox 1316 4992 1895 5065; x_wconf 85' lang='grc' dir='ltr'><em>περικεκοσμημέναι</em></span> <span class='ocrx_word' id='word_1_479' title='bbox 1947 4992 2029 5057; x_wconf 87' lang='grc' dir='ltr'><em>ὡς</em></span> 
     </span>
    </p>
   </div>
   <div class='ocr_carea' id='block_1_64' title="bbox 452 5075 2029 5162">
    <p class='ocr_par' dir='ltr' id='par_1_64' title="bbox 452 5075 2029 5162">
     <span class='ocr_line' id='line_1_64' title="bbox 452 5075 2029 5162; baseline -0.011 -15"><span class='ocrx_word' id='word_1_480' title='bbox 452 5092 717 5162; x_wconf 80' lang='grc' dir='ltr'><em>ὁμοίωμα</em></span> <span class='ocrx_word' id='word_1_481' title='bbox 741 5086 913 5142; x_wconf 86' lang='grc' dir='ltr'><em>ναοῦ.</em></span> <span class='ocrx_word' id='word_1_482' title='bbox 950 5083 1108 5137; x_wconf 83' lang='grc' dir='ltr'><em>Ἀλλὰ</em></span> <span class='ocrx_word' id='word_1_483' title='bbox 1130 5082 1224 5136; x_wconf 73' lang='grc' dir='ltr'><em>καὶ</em></span> <span class='ocrx_word' id='word_1_484' title='bbox 1253 5079 1352 5151; x_wconf 82' lang='grc' dir='ltr'><em>τὴν</em></span> <span class='ocrx_word' id='word_1_485' title='bbox 1373 5077 1548 5149; x_wconf 86' lang='grc' dir='ltr'><em>κακὴν</em></span> <span class='ocrx_word' id='word_1_486' title='bbox 1575 5076 1752 5162; x_wconf 74' lang='grc' dir='ltr'><em>αύτῶν</em></span> <span class='ocrx_word' id='word_1_487' title='bbox 1775 5075 2029 5146; x_wconf 85' lang='grc' dir='ltr'><em>ὁμόνοιαν</em></span> 
     </span>
    </p>
   </div>
   <div class='ocr_carea' id='block_1_65' title="bbox 454 5159 2027 5245">
    <p class='ocr_par' dir='ltr' id='par_1_65' title="bbox 454 5159 2027 5245">
     <span class='ocr_line' id='line_1_65' title="bbox 454 5159 2027 5245; baseline -0.011 -17"><span class='ocrx_word' id='word_1_488' title='bbox 454 5159 552 5229; x_wconf 75' lang='grc' dir='ltr'><em>καὶ</em></span> <span class='ocrx_word' id='word_1_489' title='bbox 574 5174 795 5245; x_wconf 79' lang='grc' dir='ltr'><em>εἰρήνην</em></span> <span class='ocrx_word' id='word_1_490' title='bbox 822 5169 1132 5241; x_wconf 78' lang='grc' dir='ltr'><em>θαυμάζων.</em></span> <span class='ocrx_word' id='word_1_491' title='bbox 1168 5164 1439 5235; x_wconf 77' lang='grc' dir='ltr'>ἐπιφέρει·</span> <span class='ocrx_word' id='word_1_492' title='bbox 1473 5163 1594 5215; x_wconf 85' lang='grc' dir='ltr'><em>Οὐκ</em></span> <span class='ocrx_word' id='word_1_493' title='bbox 1623 5159 1757 5245; x_wconf 73' lang='grc' dir='ltr'><em>έστι</em></span> <span class='ocrx_word' id='word_1_494' title='bbox 1794 5161 2027 5229; x_wconf 82' lang='grc' dir='ltr'><em>κραυγὴ</em></span> 
     </span>
    </p>
   </div>
   <div class='ocr_carea' id='block_1_66' title="bbox 451 5242 2027 5323">
    <p class='ocr_par' dir='ltr' id='par_1_66' title="bbox 451 5242 2027 5323">
     <span class='ocr_line' id='line_1_66' title="bbox 451 5242 2027 5323; baseline -0.01 -13"><span class='ocrx_word' id='word_1_495' title='bbox 451 5258 526 5309; x_wconf 84' lang='grc' dir='ltr'><em>ἐν</em></span> <span class='ocrx_word' id='word_1_496' title='bbox 551 5242 689 5323; x_wconf 76' lang='grc' dir='ltr'><em>ταῖς</em></span> <span class='ocrx_word' id='word_1_497' title='bbox 721 5254 1028 5318; x_wconf 82' lang='grc' dir='ltr'><em>πλατείαις</em></span> <span class='ocrx_word' id='word_1_498' title='bbox 1056 5248 1271 5313; x_wconf 83' lang='grc' dir='ltr'><em>αὐτῶν,</em></span> <span class='ocrx_word' id='word_1_499' title='bbox 1322 5245 1465 5301; x_wconf 86' lang='grc' dir='ltr'><em>οὐδὲ</em></span> <span class='ocrx_word' id='word_1_500' title='bbox 1494 5242 1853 5312; x_wconf 84' lang='grc' dir='ltr'><em>κατάπτωμα</em></span> <span class='ocrx_word' id='word_1_501' title='bbox 1879 5260 2027 5312; x_wconf 82' lang='grc' dir='ltr'><em>φρα-</em></span> 
     </span>
    </p>
   </div>
   <div class='ocr_carea' id='block_1_67' title="bbox 453 5324 2030 5406">
    <p class='ocr_par' dir='ltr' id='par_1_67' title="bbox 453 5324 2030 5406">
     <span class='ocr_line' id='line_1_67' title="bbox 453 5324 2030 5406; baseline -0.01 -14"><span class='ocrx_word' id='word_1_502' title='bbox 453 5338 611 5406; x_wconf 74' lang='grc' dir='ltr'><em>γμοῦ</em></span> <span class='ocrx_word' id='word_1_503' title='bbox 647 5341 716 5392; x_wconf 84' lang='grc' dir='ltr'><em>ἐν</em></span> <span class='ocrx_word' id='word_1_504' title='bbox 746 5338 869 5404; x_wconf 86' lang='grc' dir='ltr'><em>τοῖς</em></span> <span class='ocrx_word' id='word_1_505' title='bbox 899 5339 1086 5401; x_wconf 81' lang='grc' dir='ltr'><em>οἴκοις</em></span> <span class='ocrx_word' id='word_1_506' title='bbox 1113 5331 1326 5388; x_wconf 84' lang='grc' dir='ltr'><em>αὐτῶν.</em></span> <span class='ocrx_word' id='word_1_507' title='bbox 1359 5325 1492 5382; x_wconf 77' lang='grc' dir='ltr'><em>Εἶτα</em></span> <span class='ocrx_word' id='word_1_508' title='bbox 1528 5328 1626 5397; x_wconf 83' lang='grc' dir='ltr'><em>τὴν</em></span> <span class='ocrx_word' id='word_1_509' title='bbox 1679 5327 1787 5379; x_wconf 87' lang='grc' dir='ltr'><em>τῶν</em></span> <span class='ocrx_word' id='word_1_510' title='bbox 1820 5324 2030 5379; x_wconf 79' lang='grc' dir='ltr'><em>πολλῶν</em></span> 
     </span>
    </p>
   </div>
   <div class='ocr_carea' id='block_1_68' title="bbox 454 5408 2032 5491">
    <p class='ocr_par' dir='ltr' id='par_1_68' title="bbox 454 5408 2032 5491">
     <span class='ocr_line' id='line_1_68' title="bbox 454 5408 2032 5491; baseline -0.006 -20"><span class='ocrx_word' id='word_1_511' title='bbox 454 5420 756 5475; x_wconf 80' lang='grc' dir='ltr'><em>διαϐάλλων</em></span> <span class='ocrx_word' id='word_1_512' title='bbox 788 5418 1183 5491; x_wconf 72' lang='grc' dir='ltr'><em>διεφθαρμένην</em></span> <span class='ocrx_word' id='word_1_513' title='bbox 1206 5412 1377 5478; x_wconf 77' lang='grc' dir='ltr'><em>δόξαν,</em></span> <span class='ocrx_word' id='word_1_514' title='bbox 1410 5411 1593 5481; x_wconf 61' lang='grc' dir='ltr'><em>φησίν</em></span> <span class='ocrx_word' id='word_1_515' title='bbox 1629 5408 2032 5491; x_wconf 80' lang='grc' dir='ltr'><em>Ἐμακάρισαν</em></span> 
     </span>
    </p>
   </div>
   <div class='ocr_carea' id='block_1_69' title="bbox 455 5490 2033 5570">
    <p class='ocr_par' dir='ltr' id='par_1_69' title="bbox 455 5490 2033 5570">
     <span class='ocr_line' id='line_1_69' title="bbox 455 5490 2033 5570; baseline -0.005 -17"><span class='ocrx_word' id='word_1_516' title='bbox 455 5501 567 5553; x_wconf 81' lang='grc' dir='ltr'><em>τὸν</em></span> <span class='ocrx_word' id='word_1_517' title='bbox 591 5504 766 5565; x_wconf 82' lang='grc' dir='ltr'><em>λαόν,</em></span> <span class='ocrx_word' id='word_1_518' title='bbox 800 5498 849 5570; x_wconf 85' lang='grc' dir='ltr'>ᾧ</span> <span class='ocrx_word' id='word_1_519' title='bbox 887 5490 1070 5557; x_wconf 78' lang='grc' dir='ltr'><em>τιιῦτά</em></span> <span class='ocrx_word' id='word_1_520' title='bbox 1117 5501 1303 5554; x_wconf 86' lang='grc' dir='ltr'><em>ἐστιν.</em></span> <span class='ocrx_word' id='word_1_521' title='bbox 1354 5494 1456 5548; x_wconf 77' lang='grc' dir='ltr'><em>Καὶ</em></span> <span class='ocrx_word' id='word_1_522' title='bbox 1503 5492 1784 5562; x_wconf 70' lang='grc' dir='ltr'><em>ἐπιφέρεισ</em></span> <span class='ocrx_word' id='word_1_523' title='bbox 1831 5490 2033 5545; x_wconf 78' lang='grc' dir='ltr'><em>Μακά-</em></span> 
     </span>
    </p>
   </div>
   <div class='ocr_carea' id='block_1_70' title="bbox 450 5576 2030 5654">
    <p class='ocr_par' dir='ltr' id='par_1_70' title="bbox 450 5576 2030 5654">
     <span class='ocr_line' id='line_1_70' title="bbox 450 5576 2030 5654; baseline -0.005 -18"><span class='ocrx_word' id='word_1_524' title='bbox 450 5599 583 5651; x_wconf 87' lang='grc' dir='ltr'><em>ριος</em></span> <span class='ocrx_word' id='word_1_525' title='bbox 604 5588 637 5638; x_wconf 91' lang='grc' dir='ltr'><em>ό</em></span> <span class='ocrx_word' id='word_1_526' title='bbox 659 5587 829 5652; x_wconf 83' lang='grc' dir='ltr'><em>λαὸς,</em></span> <span class='ocrx_word' id='word_1_527' title='bbox 861 5583 933 5642; x_wconf 86' lang='grc' dir='ltr'><em>οὗ</em></span> <span class='ocrx_word' id='word_1_528' title='bbox 964 5587 1177 5654; x_wconf 85' lang='grc' dir='ltr'><em>Κύριος</em></span> <span class='ocrx_word' id='word_1_529' title='bbox 1197 5586 1228 5636; x_wconf 88' lang='grc' dir='ltr'><em>ό</em></span> <span class='ocrx_word' id='word_1_530' title='bbox 1261 5579 1403 5646; x_wconf 76' lang='grc' dir='ltr'><em>Θεὸς</em></span> <span class='ocrx_word' id='word_1_531' title='bbox 1444 5577 1651 5633; x_wconf 87' lang='grc' dir='ltr'><em>Ἰακὼϐ</em></span> <span class='ocrx_word' id='word_1_532' title='bbox 1670 5576 1901 5643; x_wconf 70' lang='grc' dir='ltr'><em>,ϐοηθὸς</em></span> <span class='ocrx_word' id='word_1_533' title='bbox 1923 5578 2030 5629; x_wconf 86' lang='grc' dir='ltr'><em>αύ-</em></span> 
     </span>
    </p>
   </div>
   <div class='ocr_carea' id='block_1_71' title="bbox 460 5658 2031 5741">
    <p class='ocr_par' dir='ltr' id='par_1_71' title="bbox 460 5658 2031 5741">
     <span class='ocr_line' id='line_1_71' title="bbox 460 5658 2031 5741; baseline -0.007 -20"><span class='ocrx_word' id='word_1_534' title='bbox 460 5666 588 5721; x_wconf 87' lang='grc' dir='ltr'><em>τοῦ.</em></span> <span class='ocrx_word' id='word_1_535' title='bbox 624 5668 732 5720; x_wconf 74' lang='grc' dir='ltr'><em>Καὶ</em></span> <span class='ocrx_word' id='word_1_536' title='bbox 758 5669 844 5721; x_wconf 82' lang='grc' dir='ltr'><em>ἵνα</em></span> <span class='ocrx_word' id='word_1_537' title='bbox 873 5669 947 5740; x_wconf 81' lang='grc' dir='ltr'><em>μὴ</em></span> <span class='ocrx_word' id='word_1_538' title='bbox 992 5669 1153 5741; x_wconf 82' lang='grc' dir='ltr'>μέχρι</span> <span class='ocrx_word' id='word_1_539' title='bbox 1195 5664 1381 5720; x_wconf 66' lang='grc' dir='ltr'><em>τούτου</em></span> <span class='ocrx_word' id='word_1_540' title='bbox 1443 5662 1644 5730; x_wconf 78' lang='grc' dir='ltr'><em>στήσας</em></span> <span class='ocrx_word' id='word_1_541' title='bbox 1676 5658 1775 5721; x_wconf 75' lang='grc' dir='ltr'><em>τὰς</em></span> <span class='ocrx_word' id='word_1_542' title='bbox 1818 5676 2031 5731; x_wconf 81' lang='grc' dir='ltr'><em>μαρτυ-</em></span> 
     </span>
    </p>
   </div>
   <div class='ocr_carea' id='block_1_72' title="bbox 463 5742 2033 5819">
    <p class='ocr_par' dir='ltr' id='par_1_72' title="bbox 463 5742 2033 5819">
     <span class='ocr_line' id='line_1_72' title="bbox 463 5742 2033 5819; baseline -0.006 -18"><span class='ocrx_word' id='word_1_543' title='bbox 463 5749 604 5812; x_wconf 85' lang='grc' dir='ltr'><em>οίας,</em></span> <span class='ocrx_word' id='word_1_544' title='bbox 634 5751 968 5805; x_wconf 76' lang='grc' dir='ltr'><em>ἐπικίνδυνον</em></span> <span class='ocrx_word' id='word_1_545' title='bbox 1026 5750 1292 5816; x_wconf 75' lang='grc' dir='ltr'><em>ἀποδείξω</em></span> <span class='ocrx_word' id='word_1_546' title='bbox 1322 5750 1387 5819; x_wconf 80' lang='grc' dir='ltr'><em>τῇ</em></span> <span class='ocrx_word' id='word_1_547' title='bbox 1426 5743 1641 5813; x_wconf 71' lang='grc' dir='ltr'><em>ἀτελείᾳ</em></span> <span class='ocrx_word' id='word_1_548' title='bbox 1698 5743 1790 5795; x_wconf 73' lang='grc' dir='ltr'><em>τὸν</em></span> <span class='ocrx_word' id='word_1_549' title='bbox 1852 5742 2033 5809; x_wconf 87' lang='grc' dir='ltr'><em>λόγον,</em></span> 
     </span>
    </p>
   </div>
   <div class='ocr_carea' id='block_1_73' title="bbox 462 5824 2037 5905">
    <p class='ocr_par' dir='ltr' id='par_1_73' title="bbox 462 5824 2037 5905">
     <span class='ocr_line' id='line_1_73' title="bbox 462 5824 2037 5905; baseline -0.008 -17"><span class='ocrx_word' id='word_1_550' title='bbox 462 5834 627 5901; x_wconf 82' lang='grc' dir='ltr'><em>ἄκουε</em></span> <span class='ocrx_word' id='word_1_551' title='bbox 648 5832 807 5885; x_wconf 79' lang='grc' dir='ltr'><em>πάλιν</em></span> <span class='ocrx_word' id='word_1_552' title='bbox 833 5833 970 5902; x_wconf 80' lang='grc' dir='ltr'><em>μετὰ</em></span> <span class='ocrx_word' id='word_1_553' title='bbox 1000 5832 1423 5905; x_wconf 79' lang='grc' dir='ltr'><em>στερνοκτυπίας</em></span> <span class='ocrx_word' id='word_1_554' title='bbox 1448 5827 1589 5889; x_wconf 71' lang='grc' dir='ltr'><em>τινος</em></span> <span class='ocrx_word' id='word_1_555' title='bbox 1616 5825 1707 5877; x_wconf 73' lang='grc' dir='ltr'><em>ἐπὶ</em></span> <span class='ocrx_word' id='word_1_556' title='bbox 1732 5828 1846 5888; x_wconf 83' lang='grc' dir='ltr'><em>τοῖς</em></span> <span class='ocrx_word' id='word_1_557' title='bbox 1866 5824 2037 5876; x_wconf 87' lang='grc' dir='ltr'><em>τοιού-</em></span> 
     </span>
    </p>
   </div>
   <div class='ocr_carea' id='block_1_74' title="bbox 462 5906 2032 5985">
    <p class='ocr_par' dir='ltr' id='par_1_74' title="bbox 462 5906 2032 5985">
     <span class='ocr_line' id='line_1_74' title="bbox 462 5906 2032 5985; baseline -0.006 -17"><span class='ocrx_word' id='word_1_558' title='bbox 462 5932 578 5980; x_wconf 81' lang='grc' dir='ltr'><em>τοις</em></span> <span class='ocrx_word' id='word_1_559' title='bbox 600 5914 690 5967; x_wconf 81' lang='grc' dir='ltr'><em>τὸν</em></span> <span class='ocrx_word' id='word_1_560' title='bbox 724 5914 1046 5985; x_wconf 77' lang='grc' dir='ltr'><em>Ἀμϐακοὺμ</em></span> <span class='ocrx_word' id='word_1_561' title='bbox 1092 5913 1590 5985; x_wconf 85' lang='grc' dir='ltr'><em>ἀποδυσφοροῦντα,</em></span> <span class='ocrx_word' id='word_1_562' title='bbox 1633 5909 1728 5962; x_wconf 78' lang='grc' dir='ltr'><em>καὶ</em></span> <span class='ocrx_word' id='word_1_563' title='bbox 1782 5906 2032 5975; x_wconf 76' lang='grc' dir='ltr'><em>λέγονταο</em></span> 
     </span>
    </p>
   </div>
   <div class='ocr_carea' id='block_1_75' title="bbox 466 5989 2035 6065">
    <p class='ocr_par' dir='ltr' id='par_1_75' title="bbox 466 5989 2035 6065">
     <span class='ocr_line' id='line_1_75' title="bbox 466 5989 2035 6065; baseline -0.007 -14"><span class='ocrx_word' id='word_1_564' title='bbox 466 5999 619 6064; x_wconf 86' lang='grc' dir='ltr'><em>Ἕως</em></span> <span class='ocrx_word' id='word_1_565' title='bbox 638 5996 802 6060; x_wconf 87' lang='grc' dir='ltr'><em>πότε,</em></span> <span class='ocrx_word' id='word_1_566' title='bbox 837 5998 1032 6064; x_wconf 84' lang='grc' dir='ltr'><em>Κύριε,</em></span> <span class='ocrx_word' id='word_1_567' title='bbox 1076 5999 1433 6065; x_wconf 83' lang='grc' dir='ltr'><em>κεκράξομαι</em></span> <span class='ocrx_word' id='word_1_568' title='bbox 1480 5993 1889 6060; x_wconf 80' lang='grc' dir='ltr'><em>ἀδικούμενος,</em></span> <span class='ocrx_word' id='word_1_569' title='bbox 1934 5989 2035 6042; x_wconf 77' lang='grc' dir='ltr'><em>καὶ</em></span> 
     </span>
    </p>
   </div>
   <div class='ocr_carea' id='block_1_76' title="bbox 466 6073 2033 6154">
    <p class='ocr_par' dir='ltr' id='par_1_76' title="bbox 466 6073 2033 6154">
     <span class='ocr_line' id='line_1_76' title="bbox 466 6073 2033 6154; baseline -0.01 -13"><span class='ocrx_word' id='word_1_570' title='bbox 466 6083 545 6141; x_wconf 77' lang='lat'><strong>06</strong></span> <span class='ocrx_word' id='word_1_571' title='bbox 573 6081 659 6154; x_wconf 78' lang='grc' dir='ltr'><em>μὴ</em></span> <span class='ocrx_word' id='word_1_572' title='bbox 699 6082 1062 6151; x_wconf 79' lang='grc' dir='ltr'><em>είσακούσῃ;</em></span> <span class='ocrx_word' id='word_1_573' title='bbox 1100 6081 1235 6145; x_wconf 85' lang='grc' dir='ltr'><em>ἰδίας</em></span> <span class='ocrx_word' id='word_1_574' title='bbox 1262 6082 1370 6152; x_wconf 76' lang='grc' dir='ltr'><em>γὰρ</em></span> <span class='ocrx_word' id='word_1_575' title='bbox 1401 6080 1613 6143; x_wconf 87' lang='grc' dir='ltr'><em>ἀδικίας</em></span> <span class='ocrx_word' id='word_1_576' title='bbox 1642 6076 1738 6141; x_wconf 77' lang='grc' dir='ltr'><em>τὰς</em></span> <span class='ocrx_word' id='word_1_577' title='bbox 1774 6075 1869 6129; x_wconf 87' lang='grc' dir='ltr'><em>τοῦ</em></span> <span class='ocrx_word' id='word_1_578' title='bbox 1899 6073 2033 6145; x_wconf 79' lang='grc' dir='ltr'><em>πλη-</em></span> 
     </span>
    </p>
   </div>
   <div class='ocr_carea' id='block_1_77' title="bbox 2109 1495 3687 1574">
    <p class='ocr_par' dir='ltr' id='par_1_77' title="bbox 2109 1495 3687 1574">
     <span class='ocr_line' id='line_1_77' title="bbox 2109 1495 3687 1574; baseline -0.008 -13"><span class='ocrx_word' id='word_1_579' title='bbox 2109 1508 2361 1574; x_wconf 79' lang='grc' dir='ltr'><em>λαλήσω</em></span> <span class='ocrx_word' id='word_1_580' title='bbox 2388 1506 2537 1573; x_wconf 84' lang='grc' dir='ltr'><em>πρὸς</em></span> <span class='ocrx_word' id='word_1_581' title='bbox 2563 1505 2658 1565; x_wconf 84' lang='grc' dir='ltr'><em>σὲ,</em></span> <span class='ocrx_word' id='word_1_582' title='bbox 2684 1503 2883 1571; x_wconf 87' lang='grc' dir='ltr'><em>Κύριε.</em></span> <span class='ocrx_word' id='word_1_583' title='bbox 2918 1501 2980 1555; x_wconf 88' lang='grc' dir='ltr'><em>Τί</em></span> <span class='ocrx_word' id='word_1_584' title='bbox 3000 1498 3141 1564; x_wconf 87' lang='grc' dir='ltr'><em>όδὸς</em></span> <span class='ocrx_word' id='word_1_585' title='bbox 3174 1495 3409 1552; x_wconf 88' lang='grc' dir='ltr'><em>ἀσεϐῶν</em></span> <span class='ocrx_word' id='word_1_586' title='bbox 3444 1496 3687 1550; x_wconf 83' lang='grc' dir='ltr'><em>εὐοδοῦ-</em></span> 
     </span>
    </p>
   </div>
   <div class='ocr_carea' id='block_1_78' title="bbox 2110 1579 3691 1658">
    <p class='ocr_par' dir='ltr' id='par_1_78' title="bbox 2110 1579 3691 1658">
     <span class='ocr_line' id='line_1_78' title="bbox 2110 1579 3691 1658; baseline -0.007 -15"><span class='ocrx_word' id='word_1_587' title='bbox 2110 1608 2240 1655; x_wconf 85' lang='grc' dir='ltr'><em>ται;</em></span> <span class='ocrx_word' id='word_1_588' title='bbox 2289 1591 2642 1658; x_wconf 82' lang='grc' dir='ltr'><em>εὐθήνησαν</em></span> <span class='ocrx_word' id='word_1_589' title='bbox 2687 1586 2912 1651; x_wconf 85' lang='grc' dir='ltr'><em>πάντες</em></span> <span class='ocrx_word' id='word_1_590' title='bbox 2971 1586 3027 1636; x_wconf 79' lang='grc' dir='ltr'><em>οἱ</em></span> <span class='ocrx_word' id='word_1_591' title='bbox 3081 1581 3434 1645; x_wconf 85' lang='grc' dir='ltr'><em>ἀθετοῦντες</em></span> <span class='ocrx_word' id='word_1_592' title='bbox 3479 1579 3691 1644; x_wconf 80' lang='grc' dir='ltr'><em>ἀθετή-</em></span> 
     </span>
    </p>
   </div>
   <div class='ocr_carea' id='block_1_79' title="bbox 2108 1663 3691 1743">
    <p class='ocr_par' dir='ltr' id='par_1_79' title="bbox 2108 1663 3691 1743">
     <span class='ocr_line' id='line_1_79' title="bbox 2108 1663 3691 1743; baseline -0.006 -16"><span class='ocrx_word' id='word_1_593' title='bbox 2108 1691 2287 1743; x_wconf 86' lang='grc' dir='ltr'><em>ματα,</em></span> <span class='ocrx_word' id='word_1_594' title='bbox 2311 1674 2649 1741; x_wconf 81' lang='grc' dir='ltr'><em>ἐφύτευσας</em></span> <span class='ocrx_word' id='word_1_595' title='bbox 2702 1669 2946 1735; x_wconf 84' lang='grc' dir='ltr'><em>αὐτοὺς,</em></span> <span class='ocrx_word' id='word_1_596' title='bbox 2984 1665 3087 1721; x_wconf 77' lang='grc' dir='ltr'><em>καὶ</em></span> <span class='ocrx_word' id='word_1_597' title='bbox 3119 1663 3533 1734; x_wconf 74' lang='grc' dir='ltr'><em>ἑρριζώθησανο</em></span> <span class='ocrx_word' id='word_1_598' title='bbox 3569 1665 3691 1719; x_wconf 75' lang='grc' dir='ltr'><em>ἀντὶ</em></span> 
     </span>
    </p>
   </div>
   <div class='ocr_carea' id='block_1_80' title="bbox 2113 1747 3689 1823">
    <p class='ocr_par' dir='ltr' id='par_1_80' title="bbox 2113 1747 3689 1823">
     <span class='ocr_line' id='line_1_80' title="bbox 2113 1747 3689 1823; baseline -0.006 -14"><span class='ocrx_word' id='word_1_599' title='bbox 2113 1756 2232 1817; x_wconf 88' lang='grc' dir='ltr'><em>τοῦ,</em></span> <span class='ocrx_word' id='word_1_600' title='bbox 2270 1755 2561 1818; x_wconf 84' lang='grc' dir='ltr'><em>ἀκωλύτως</em></span> <span class='ocrx_word' id='word_1_601' title='bbox 2583 1756 2849 1823; x_wconf 65' lang='grc' dir='ltr'><em>διάγουσιν</em></span> <span class='ocrx_word' id='word_1_602' title='bbox 2879 1750 2980 1805; x_wconf 79' lang='grc' dir='ltr'><em>καὶ</em></span> <span class='ocrx_word' id='word_1_603' title='bbox 3002 1748 3305 1815; x_wconf 83' lang='grc' dir='ltr'><em>ἐποίησαν</em></span> <span class='ocrx_word' id='word_1_604' title='bbox 3335 1748 3589 1814; x_wconf 83' lang='grc' dir='ltr'><em>καρπὸν,</em></span> <span class='ocrx_word' id='word_1_605' title='bbox 3627 1747 3689 1800; x_wconf 82' lang='grc' dir='ltr'><em>ού</em></span> 
     </span>
    </p>
   </div>
   <div class='ocr_carea' id='block_1_81' title="bbox 2116 1829 3696 1906">
    <p class='ocr_par' dir='ltr' id='par_1_81' title="bbox 2116 1829 3696 1906">
     <span class='ocr_line' id='line_1_81' title="bbox 2116 1829 3696 1906; baseline -0.007 -13"><span class='ocrx_word' id='word_1_606' title='bbox 2116 1840 2336 1900; x_wconf 82' lang='grc' dir='ltr'><em>πάντως</em></span> <span class='ocrx_word' id='word_1_607' title='bbox 2363 1837 2690 1906; x_wconf 81' lang='grc' dir='ltr'><em>πνεύματος.</em></span> <span class='ocrx_word' id='word_1_608' title='bbox 2734 1835 2949 1905; x_wconf 74' lang='grc' dir='ltr'><em>Ἐγγύς</em></span> <span class='ocrx_word' id='word_1_609' title='bbox 2989 1829 3047 1887; x_wconf 84' lang='grc' dir='ltr'><em>εἷ</em></span> <span class='ocrx_word' id='word_1_610' title='bbox 3085 1832 3194 1886; x_wconf 86' lang='grc' dir='ltr'><em>τοῦ</em></span> <span class='ocrx_word' id='word_1_611' title='bbox 3240 1831 3538 1900; x_wconf 86' lang='grc' dir='ltr'><em>στόματος</em></span> <span class='ocrx_word' id='word_1_612' title='bbox 3589 1834 3696 1884; x_wconf 85' lang='grc' dir='ltr'><em>αὐ-</em></span> 
     </span>
    </p>
   </div>
   <div class='ocr_carea' id='block_1_82' title="bbox 2114 1912 3696 1988">
    <p class='ocr_par' dir='ltr' id='par_1_82' title="bbox 2114 1912 3696 1988">
     <span class='ocr_line' id='line_1_82' title="bbox 2114 1912 3696 1988; baseline -0.006 -12"><span class='ocrx_word' id='word_1_613' title='bbox 2114 1922 2253 1985; x_wconf 88' lang='grc' dir='ltr'><em>τῶν,</em></span> <span class='ocrx_word' id='word_1_614' title='bbox 2292 1921 2393 1977; x_wconf 77' lang='grc' dir='ltr'><em>καὶ</em></span> <span class='ocrx_word' id='word_1_615' title='bbox 2441 1920 2640 1988; x_wconf 74' lang='grc' dir='ltr'><em>πόρρω</em></span> <span class='ocrx_word' id='word_1_616' title='bbox 2688 1917 2807 1972; x_wconf 79' lang='grc' dir='ltr'><em>ἀπὸ</em></span> <span class='ocrx_word' id='word_1_617' title='bbox 2852 1917 2971 1969; x_wconf 88' lang='grc' dir='ltr'><em>τῶν</em></span> <span class='ocrx_word' id='word_1_618' title='bbox 3020 1914 3259 1985; x_wconf 86' lang='grc' dir='ltr'><em>νεφρῶν</em></span> <span class='ocrx_word' id='word_1_619' title='bbox 3312 1912 3533 1969; x_wconf 83' lang='grc' dir='ltr'><em>αὐτῶν.</em></span> <span class='ocrx_word' id='word_1_620' title='bbox 3566 1915 3696 1966; x_wconf 75' lang='grc' dir='ltr'><em>Ἀν-</em></span> 
     </span>
    </p>
   </div>
   <div class='ocr_carea' id='block_1_83' title="bbox 2114 1995 3698 2077">
    <p class='ocr_par' dir='ltr' id='par_1_83' title="bbox 2114 1995 3698 2077">
     <span class='ocr_line' id='line_1_83' title="bbox 2114 1995 3698 2077; baseline -0.007 -18"><span class='ocrx_word' id='word_1_621' title='bbox 2114 2023 2307 2077; x_wconf 86' lang='grc' dir='ltr'><em>τικρυς</em></span> <span class='ocrx_word' id='word_1_622' title='bbox 2332 2004 2388 2058; x_wconf 84' lang='grc' dir='ltr'><em>δὲ</em></span> <span class='ocrx_word' id='word_1_623' title='bbox 2415 2002 2839 2072; x_wconf 74' lang='grc' dir='ltr'><em>ἰσοδυναμοῦντα</em></span> <span class='ocrx_word' id='word_1_624' title='bbox 2867 1999 3075 2063; x_wconf 88' lang='grc' dir='ltr'><em>τούτοις</em></span> <span class='ocrx_word' id='word_1_625' title='bbox 3103 2001 3132 2051; x_wconf 91' lang='lat'><em>6</em></span> <span class='ocrx_word' id='word_1_626' title='bbox 3176 1996 3338 2065; x_wconf 74' lang='grc' dir='ltr'><em>σοφὸς</em></span> <span class='ocrx_word' id='word_1_627' title='bbox 3374 1995 3636 2065; x_wconf 81' lang='grc' dir='ltr'><em>Σοφονίας</em></span> <span class='ocrx_word' id='word_1_628' title='bbox 3668 1997 3698 2049; x_wconf 90' lang='lat'><em>6</em></span> 
     </span>
    </p>
   </div>
   <div class='ocr_carea' id='block_1_84' title="bbox 2116 2078 3699 2159">
    <p class='ocr_par' dir='ltr' id='par_1_84' title="bbox 2116 2078 3699 2159">
     <span class='ocr_line' id='line_1_84' title="bbox 2116 2078 3699 2159; baseline -0.008 -18"><span class='ocrx_word' id='word_1_629' title='bbox 2116 2089 2425 2159; x_wconf 73' lang='grc' dir='ltr'><em>προφήτης,</em></span> <span class='ocrx_word' id='word_1_630' title='bbox 2463 2086 2540 2149; x_wconf 83' lang='grc' dir='ltr'><em>ὡς</em></span> <span class='ocrx_word' id='word_1_631' title='bbox 2563 2083 2912 2154; x_wconf 82' lang='grc' dir='ltr'><em>κακηγόρους</em></span> <span class='ocrx_word' id='word_1_632' title='bbox 2960 2082 3088 2142; x_wconf 78' lang='grc' dir='ltr'><em>τοὺς</em></span> <span class='ocrx_word' id='word_1_633' title='bbox 3115 2078 3435 2149; x_wconf 78' lang='grc' dir='ltr'><em>ἀνθρώπους</em></span> <span class='ocrx_word' id='word_1_634' title='bbox 3476 2078 3699 2133; x_wconf 75' lang='grc' dir='ltr'><em>δῑαϐάλ-</em></span> 
     </span>
    </p>
   </div>
   <div class='ocr_carea' id='block_1_85' title="bbox 2114 2162 3700 2241">
    <p class='ocr_par' dir='ltr' id='par_1_85' title="bbox 2114 2162 3700 2241">
     <span class='ocr_line' id='line_1_85' title="bbox 2114 2162 3700 2241; baseline -0.008 -16"><span class='ocrx_word' id='word_1_635' title='bbox 2114 2175 2243 2235; x_wconf 91' lang='grc' dir='ltr'><em>λων,</em></span> <span class='ocrx_word' id='word_1_636' title='bbox 2271 2173 2346 2234; x_wconf 89' lang='grc' dir='ltr'><em>ὡς</em></span> <span class='ocrx_word' id='word_1_637' title='bbox 2373 2170 2473 2241; x_wconf 83' lang='grc' dir='ltr'><em>τὴν</em></span> <span class='ocrx_word' id='word_1_638' title='bbox 2501 2170 2758 2239; x_wconf 85' lang='grc' dir='ltr'><em>πρόνοιαν</em></span> <span class='ocrx_word' id='word_1_639' title='bbox 2786 2164 3195 2237; x_wconf 79' lang='grc' dir='ltr'><em>μεμφομένους,</em></span> <span class='ocrx_word' id='word_1_640' title='bbox 3223 2163 3319 2215; x_wconf 74' lang='grc' dir='ltr'><em>καὶ</em></span> <span class='ocrx_word' id='word_1_641' title='bbox 3352 2163 3478 2225; x_wconf 81' lang='grc' dir='ltr'><em>τοὺς</em></span> <span class='ocrx_word' id='word_1_642' title='bbox 3511 2162 3700 2229; x_wconf 84' lang='grc' dir='ltr'><em>ἁγίους</em></span> 
     </span>
    </p>
   </div>
   <div class='ocr_carea' id='block_1_86' title="bbox 2116 2245 3702 2320">
    <p class='ocr_par' dir='ltr' id='par_1_86' title="bbox 2116 2245 3702 2320">
     <span class='ocr_line' id='line_1_86' title="bbox 2116 2245 3702 2320; baseline -0.006 -12"><span class='ocrx_word' id='word_1_643' title='bbox 2116 2254 2518 2318; x_wconf 78' lang='grc' dir='ltr'><em>ταλανίςοντας,</em></span> <span class='ocrx_word' id='word_1_644' title='bbox 2554 2253 2618 2304; x_wconf 81' lang='grc' dir='ltr'><em>ὲκ</em></span> <span class='ocrx_word' id='word_1_645' title='bbox 2651 2249 2947 2320; x_wconf 82' lang='grc' dir='ltr'><em>προσώπου</em></span> <span class='ocrx_word' id='word_1_646' title='bbox 2983 2248 3193 2318; x_wconf 88' lang='grc' dir='ltr'><em>Κυρίου</em></span> <span class='ocrx_word' id='word_1_647' title='bbox 3242 2245 3430 2316; x_wconf 73' lang='grc' dir='ltr'><em>φησίνο</em></span> <span class='ocrx_word' id='word_1_648' title='bbox 3468 2246 3702 2312; x_wconf 84' lang='grc' dir='ltr'><em>Ἐϐαρύ-</em></span> 
     </span>
    </p>
   </div>
   <div class='ocr_carea' id='block_1_87' title="bbox 2118 2327 3703 2402">
    <p class='ocr_par' dir='ltr' id='par_1_87' title="bbox 2118 2327 3703 2402">
     <span class='ocr_line' id='line_1_87' title="bbox 2118 2327 3703 2402; baseline -0.006 -13"><span class='ocrx_word' id='word_1_649' title='bbox 2118 2353 2261 2390; x_wconf 89' lang='grc' dir='ltr'><em>νατε</em></span> <span class='ocrx_word' id='word_1_650' title='bbox 2280 2335 2371 2387; x_wconf 76' lang='grc' dir='ltr'><em>ἐπ’</em></span> <span class='ocrx_word' id='word_1_651' title='bbox 2399 2334 2503 2398; x_wconf 87' lang='grc' dir='ltr'><em>ἐμὲ</em></span> <span class='ocrx_word' id='word_1_652' title='bbox 2535 2333 2679 2398; x_wconf 88' lang='grc' dir='ltr'><em>τοὺς</em></span> <span class='ocrx_word' id='word_1_653' title='bbox 2701 2334 2918 2402; x_wconf 81' lang='grc' dir='ltr'><em>λόγους</em></span> <span class='ocrx_word' id='word_1_654' title='bbox 2939 2329 3128 2399; x_wconf 86' lang='grc' dir='ltr'><em>ὑμῶν,</em></span> <span class='ocrx_word' id='word_1_655' title='bbox 3152 2329 3312 2398; x_wconf 81' lang='grc' dir='ltr'><em>λέγει</em></span> <span class='ocrx_word' id='word_1_656' title='bbox 3336 2327 3575 2396; x_wconf 81' lang='grc' dir='ltr'><em>Κύριος,</em></span> <span class='ocrx_word' id='word_1_657' title='bbox 3603 2327 3703 2381; x_wconf 81' lang='grc' dir='ltr'><em>καὶ</em></span> 
     </span>
    </p>
   </div>
   <div class='ocr_carea' id='block_1_88' title="bbox 2120 2410 3705 2483">
    <p class='ocr_par' dir='ltr' id='par_1_88' title="bbox 2120 2410 3705 2483">
     <span class='ocr_line' id='line_1_88' title="bbox 2120 2410 3705 2483; baseline -0.006 -11"><span class='ocrx_word' id='word_1_658' title='bbox 2120 2420 2347 2483; x_wconf 77' lang='grc' dir='ltr'><em>εἴπατε,</em></span> <span class='ocrx_word' id='word_1_659' title='bbox 2389 2418 2494 2471; x_wconf 85' lang='grc' dir='ltr'><em>Ἐν</em></span> <span class='ocrx_word' id='word_1_660' title='bbox 2537 2418 2654 2469; x_wconf 88' lang='grc' dir='ltr'><em>τίνι</em></span> <span class='ocrx_word' id='word_1_661' title='bbox 2694 2415 3193 2481; x_wconf 76' lang='grc' dir='ltr'><em>κατελαλήσαμεν</em></span> <span class='ocrx_word' id='word_1_662' title='bbox 3240 2410 3389 2465; x_wconf 86' lang='grc' dir='ltr'><em>κατὰ</em></span> <span class='ocrx_word' id='word_1_663' title='bbox 3419 2410 3705 2473; x_wconf 64' lang='lat'><em>1708;131-</em></span> 
     </span>
    </p>
   </div>
   <div class='ocr_carea' id='block_1_89' title="bbox 2122 2493 3700 2566">
    <p class='ocr_par' dir='ltr' id='par_1_89' title="bbox 2122 2493 3700 2566">
     <span class='ocr_line' id='line_1_89' title="bbox 2122 2493 3700 2566; baseline -0.004 -11"><span class='ocrx_word' id='word_1_664' title='bbox 2122 2517 2293 2566; x_wconf 88' lang='grc' dir='ltr'><em>πατε,</em></span> <span class='ocrx_word' id='word_1_665' title='bbox 2320 2498 2581 2565; x_wconf 84' lang='grc' dir='ltr'><em>Μάταιος</em></span> <span class='ocrx_word' id='word_1_666' title='bbox 2610 2502 2644 2552; x_wconf 88' lang='grc' dir='ltr'><em>ὀ</em></span> <span class='ocrx_word' id='word_1_667' title='bbox 2681 2498 2986 2551; x_wconf 87' lang='grc' dir='ltr'><em>δουλεύων</em></span> <span class='ocrx_word' id='word_1_668' title='bbox 3042 2494 3185 2559; x_wconf 75' lang='grc' dir='ltr'><em>Θεῷο</em></span> <span class='ocrx_word' id='word_1_669' title='bbox 3247 2494 3346 2546; x_wconf 81' lang='grc' dir='ltr'><em>καὶ</em></span> <span class='ocrx_word' id='word_1_670' title='bbox 3394 2494 3449 2546; x_wconf 89' lang='grc' dir='ltr'><em>τί</em></span> <span class='ocrx_word' id='word_1_671' title='bbox 3488 2493 3700 2557; x_wconf 86' lang='grc' dir='ltr'><em>πλέον,</em></span> 
     </span>
    </p>
   </div>
   <div class='ocr_carea' id='block_1_90' title="bbox 2124 2575 3702 2653">
    <p class='ocr_par' dir='ltr' id='par_1_90' title="bbox 2124 2575 3702 2653">
     <span class='ocr_line' id='line_1_90' title="bbox 2124 2575 3702 2653; baseline -0.006 -14"><span class='ocrx_word' id='word_1_672' title='bbox 2124 2585 2214 2639; x_wconf 83' lang='grc' dir='ltr'><em>ὅτι</em></span> <span class='ocrx_word' id='word_1_673' title='bbox 2270 2582 2658 2653; x_wconf 82' lang='grc' dir='ltr'><em>ἐφυλάξαμεν</em></span> <span class='ocrx_word' id='word_1_674' title='bbox 2702 2583 2777 2635; x_wconf 83' lang='grc' dir='ltr'><em>τὰ</em></span> <span class='ocrx_word' id='word_1_675' title='bbox 2838 2577 3266 2649; x_wconf 82' lang='grc' dir='ltr'><em>προστάγματα</em></span> <span class='ocrx_word' id='word_1_676' title='bbox 3332 2575 3521 2631; x_wconf 87' lang='grc' dir='ltr'><em>αὐτοῦ</em></span> <span class='ocrx_word' id='word_1_677' title='bbox 3541 2617 3557 2641; x_wconf 93' lang='grc'><em>,</em></span> <span class='ocrx_word' id='word_1_678' title='bbox 3604 2577 3702 2630; x_wconf 76' lang='grc' dir='ltr'><em>καὶ</em></span> 
     </span>
    </p>
   </div>
   <div class='ocr_carea' id='block_1_91' title="bbox 2122 2658 3704 2735">
    <p class='ocr_par' dir='ltr' id='par_1_91' title="bbox 2122 2658 3704 2735">
     <span class='ocr_line' id='line_1_91' title="bbox 2122 2658 3704 2735; baseline -0.005 -13"><span class='ocrx_word' id='word_1_679' title='bbox 2122 2668 2272 2722; x_wconf 90' lang='grc' dir='ltr'><em>διότι</em></span> <span class='ocrx_word' id='word_1_680' title='bbox 2302 2667 2712 2735; x_wconf 70' lang='grc' dir='ltr'><em>ἐπορεύθημεν</em></span> <span class='ocrx_word' id='word_1_681' title='bbox 2757 2662 2945 2718; x_wconf 73' lang='grc' dir='ltr'><em>ἱκέται</em></span> <span class='ocrx_word' id='word_1_682' title='bbox 2974 2662 3095 2716; x_wconf 87' lang='grc' dir='ltr'><em>ἀπὸ</em></span> <span class='ocrx_word' id='word_1_683' title='bbox 3125 2658 3452 2729; x_wconf 87' lang='grc' dir='ltr'><em>προσώπου</em></span> <span class='ocrx_word' id='word_1_684' title='bbox 3483 2660 3704 2727; x_wconf 85' lang='grc' dir='ltr'><em>Κυρίου</em></span> 
     </span>
    </p>
   </div>
   <div class='ocr_carea' id='block_1_92' title="bbox 2122 2740 3708 2819">
    <p class='ocr_par' dir='ltr' id='par_1_92' title="bbox 2122 2740 3708 2819">
     <span class='ocr_line' id='line_1_92' title="bbox 2122 2740 3708 2819; baseline -0.006 -14"><span class='ocrx_word' id='word_1_685' title='bbox 2122 2751 2642 2819; x_wconf 84' lang='grc' dir='ltr'><em>παντοκράτορος;</em></span> <span class='ocrx_word' id='word_1_686' title='bbox 2672 2746 2783 2803; x_wconf 80' lang='grc' dir='ltr'><em>Καὶ</em></span> <span class='ocrx_word' id='word_1_687' title='bbox 2811 2746 2930 2800; x_wconf 87' lang='grc' dir='ltr'><em>νῦν</em></span> <span class='ocrx_word' id='word_1_688' title='bbox 2956 2743 3129 2815; x_wconf 79' lang='grc' dir='ltr'><em>ἡμεῖς</em></span> <span class='ocrx_word' id='word_1_689' title='bbox 3170 2740 3570 2812; x_wconf 80' lang='grc' dir='ltr'><em>μακαρίζομεν</em></span> <span class='ocrx_word' id='word_1_690' title='bbox 3597 2744 3708 2796; x_wconf 82' lang='grc' dir='ltr'><em>ἀλ-</em></span> 
     </span>
    </p>
   </div>
   <div class='ocr_carea' id='block_1_93' title="bbox 2121 2824 3707 2901">
    <p class='ocr_par' dir='ltr' id='par_1_93' title="bbox 2121 2824 3707 2901">
     <span class='ocr_line' id='line_1_93' title="bbox 2121 2824 3707 2901; baseline -0.008 -13"><span class='ocrx_word' id='word_1_691' title='bbox 2121 2834 2419 2901; x_wconf 85' lang='grc' dir='ltr'><em>λοτρίους,</em></span> <span class='ocrx_word' id='word_1_692' title='bbox 2460 2833 2560 2887; x_wconf 79' lang='grc' dir='ltr'><em>καὶ</em></span> <span class='ocrx_word' id='word_1_693' title='bbox 2607 2828 3136 2898; x_wconf 85' lang='grc' dir='ltr'><em>ἀνοικοδομοῦνται</em></span> <span class='ocrx_word' id='word_1_694' title='bbox 3186 2824 3402 2891; x_wconf 82' lang='grc' dir='ltr'><em>πάντες</em></span> <span class='ocrx_word' id='word_1_695' title='bbox 3465 2824 3707 2878; x_wconf 83' lang='grc' dir='ltr'><em>ποιοῦν-</em></span> 
     </span>
    </p>
   </div>
   <div class='ocr_carea' id='block_1_94' title="bbox 2122 2906 3707 2987">
    <p class='ocr_par' dir='ltr' id='par_1_94' title="bbox 2122 2906 3707 2987">
     <span class='ocr_line' id='line_1_94' title="bbox 2122 2906 3707 2987; baseline -0.008 -15"><span class='ocrx_word' id='word_1_696' title='bbox 2122 2935 2221 2984; x_wconf 88' lang='grc' dir='ltr'><em>τες</em></span> <span class='ocrx_word' id='word_1_697' title='bbox 2244 2918 2619 2987; x_wconf 81' lang='grc' dir='ltr'><em>ἀνομήματα,</em></span> <span class='ocrx_word' id='word_1_698' title='bbox 2662 2915 2761 2968; x_wconf 78' lang='grc' dir='ltr'><em>καὶ</em></span> <span class='ocrx_word' id='word_1_699' title='bbox 2808 2911 3198 2980; x_wconf 89' lang='grc' dir='ltr'><em>ἀντέστησαν</em></span> <span class='ocrx_word' id='word_1_700' title='bbox 3246 2908 3387 2973; x_wconf 85' lang='grc' dir='ltr'><em>Θεῷ,</em></span> <span class='ocrx_word' id='word_1_701' title='bbox 3426 2908 3526 2961; x_wconf 77' lang='grc' dir='ltr'><em>καὶ</em></span> <span class='ocrx_word' id='word_1_702' title='bbox 3558 2906 3707 2962; x_wconf 84' lang='grc' dir='ltr'><em>ἐσώ-</em></span> 
     </span>
    </p>
   </div>
   <div class='ocr_carea' id='block_1_95' title="bbox 2124 2990 3709 3067">
    <p class='ocr_par' dir='ltr' id='par_1_95' title="bbox 2124 2990 3709 3067">
     <span class='ocr_line' id='line_1_95' title="bbox 2124 2990 3709 3067; baseline -0.005 -12"><span class='ocrx_word' id='word_1_703' title='bbox 2124 3004 2344 3067; x_wconf 83' lang='grc' dir='ltr'><em>θησαν.</em></span> <span class='ocrx_word' id='word_1_704' title='bbox 2393 3000 2585 3055; x_wconf 83' lang='grc' dir='ltr'><em>Ταῦτα</em></span> <span class='ocrx_word' id='word_1_705' title='bbox 2627 2997 3055 3063; x_wconf 87' lang='grc' dir='ltr'><em>κατελάλησαν</em></span> <span class='ocrx_word' id='word_1_706' title='bbox 3090 2997 3146 3048; x_wconf 84' lang='grc' dir='ltr'><em>οί</em></span> <span class='ocrx_word' id='word_1_707' title='bbox 3211 2992 3570 3063; x_wconf 86' lang='grc' dir='ltr'><em>φοϐούμενοι</em></span> <span class='ocrx_word' id='word_1_708' title='bbox 3601 2990 3709 3047; x_wconf 85' lang='grc' dir='ltr'><em>τὸν</em></span> 
     </span>
    </p>
   </div>
   <div class='ocr_carea' id='block_1_96' title="bbox 2125 3069 3708 3151">
    <p class='ocr_par' dir='ltr' id='par_1_96' title="bbox 2125 3069 3708 3151">
     <span class='ocr_line' id='line_1_96' title="bbox 2125 3069 3708 3151; baseline -0.007 -14"><span class='ocrx_word' id='word_1_709' title='bbox 2125 3086 2376 3151; x_wconf 82' lang='grc' dir='ltr'><em>Κύριον,</em></span> <span class='ocrx_word' id='word_1_710' title='bbox 2428 3083 2688 3147; x_wconf 75' lang='grc' dir='ltr'><em>ἕκαστος</em></span> <span class='ocrx_word' id='word_1_711' title='bbox 2736 3079 2885 3149; x_wconf 85' lang='grc' dir='ltr'><em>πρὸς</em></span> <span class='ocrx_word' id='word_1_712' title='bbox 2918 3078 3027 3131; x_wconf 85' lang='grc' dir='ltr'><em>τὸν</em></span> <span class='ocrx_word' id='word_1_713' title='bbox 3068 3076 3337 3143; x_wconf 86' lang='grc' dir='ltr'><em>πλησίον</em></span> <span class='ocrx_word' id='word_1_714' title='bbox 3378 3074 3585 3128; x_wconf 86' lang='grc' dir='ltr'><em>αὑτοῦ.</em></span> <span class='ocrx_word' id='word_1_715' title='bbox 3613 3069 3708 3136; x_wconf 81' lang='grc' dir='ltr'><em>Οἷς</em></span> 
     </span>
    </p>
   </div>
   <div class='ocr_carea' id='block_1_97' title="bbox 2125 3157 3704 3237">
    <p class='ocr_par' dir='ltr' id='par_1_97' title="bbox 2125 3157 3704 3237">
     <span class='ocr_line' id='line_1_97' title="bbox 2125 3157 3704 3237; baseline -0.007 -16"><span class='ocrx_word' id='word_1_716' title='bbox 2125 3168 2191 3221; x_wconf 82' lang='grc' dir='ltr'><em>τά</em></span> <span class='ocrx_word' id='word_1_717' title='bbox 2221 3167 2361 3220; x_wconf 73' lang='grc' dir='ltr'><em>αὐτὰ</em></span> <span class='ocrx_word' id='word_1_718' title='bbox 2395 3166 2648 3237; x_wconf 80' lang='grc' dir='ltr'>ἐπιφέρει</span> <span class='ocrx_word' id='word_1_719' title='bbox 2678 3167 2707 3217; x_wconf 95' lang='lat'><em>6</em></span> <span class='ocrx_word' id='word_1_720' title='bbox 2738 3161 2913 3235; x_wconf 80' lang='grc' dir='ltr'><em>κῆρυξ</em></span> <span class='ocrx_word' id='word_1_721' title='bbox 2956 3162 3057 3232; x_wconf 85' lang='grc' dir='ltr'><em>τῆς</em></span> <span class='ocrx_word' id='word_1_722' title='bbox 3102 3158 3412 3223; x_wconf 83' lang='grc' dir='ltr'><em>εὐσεϐείας,</em></span> <span class='ocrx_word' id='word_1_723' title='bbox 3460 3157 3670 3220; x_wconf 80' lang='grc' dir='ltr'><em>Παῦλος</em></span> <span class='ocrx_word' id='word_1_724' title='bbox 3690 3173 3704 3187; x_wconf 91' lang='grc'><strong>·</strong></span> 
     </span>
    </p>
   </div>
   <div class='ocr_carea' id='block_1_98' title="bbox 2125 3244 3711 3320">
    <p class='ocr_par' dir='ltr' id='par_1_98' title="bbox 2125 3244 3711 3320">
     <span class='ocr_line' id='line_1_98' title="bbox 2125 3244 3711 3320; baseline -0.006 -14"><span class='ocrx_word' id='word_1_725' title='bbox 2125 3252 2381 3320; x_wconf 80' lang='grc' dir='ltr'><em>Πονηροὶ</em></span> <span class='ocrx_word' id='word_1_726' title='bbox 2427 3250 2497 3304; x_wconf 84' lang='grc' dir='ltr'><em>δὲ</em></span> <span class='ocrx_word' id='word_1_727' title='bbox 2546 3250 2842 3317; x_wconf 81' lang='grc' dir='ltr'><em>ἅνθρωποι</em></span> <span class='ocrx_word' id='word_1_728' title='bbox 2885 3246 2983 3300; x_wconf 81' lang='grc' dir='ltr'><em>καί</em></span> <span class='ocrx_word' id='word_1_729' title='bbox 3028 3249 3238 3315; x_wconf 78' lang='grc' dir='ltr'><em>γόητες</em></span> <span class='ocrx_word' id='word_1_730' title='bbox 3285 3244 3711 3312; x_wconf 67' lang='grc' dir='ltr'><em>προκόψουσιν</em></span> 
     </span>
    </p>
   </div>
   <div class='ocr_carea' id='block_1_99' title="bbox 2126 3323 3711 3403">
    <p class='ocr_par' dir='ltr' id='par_1_99' title="bbox 2126 3323 3711 3403">
     <span class='ocr_line' id='line_1_99' title="bbox 2126 3323 3711 3403; baseline -0.006 -14"><span class='ocrx_word' id='word_1_731' title='bbox 2126 3336 2227 3389; x_wconf 78' lang='grc' dir='ltr'><em>ἐπὶ</em></span> <span class='ocrx_word' id='word_1_732' title='bbox 2252 3337 2321 3389; x_wconf 81' lang='grc' dir='ltr'><em>τὸ</em></span> <span class='ocrx_word' id='word_1_733' title='bbox 2360 3334 2582 3403; x_wconf 84' lang='grc' dir='ltr'><em>χεῖρον,</em></span> <span class='ocrx_word' id='word_1_734' title='bbox 2617 3330 2969 3397; x_wconf 87' lang='grc' dir='ltr'><em>πλανῶντες</em></span> <span class='ocrx_word' id='word_1_735' title='bbox 3002 3329 3100 3382; x_wconf 82' lang='grc' dir='ltr'><em>καὶ</em></span> <span class='ocrx_word' id='word_1_736' title='bbox 3139 3328 3537 3397; x_wconf 84' lang='grc' dir='ltr'><em>πλανώμενοι.</em></span> <span class='ocrx_word' id='word_1_737' title='bbox 3572 3323 3711 3380; x_wconf 81' lang='grc' dir='ltr'><em>Εἶτα</em></span> 
     </span>
    </p>
   </div>
   <div class='ocr_carea' id='block_1_100' title="bbox 2130 3410 3711 3492">
    <p class='ocr_par' dir='ltr' id='par_1_100' title="bbox 2130 3410 3711 3492">
     <span class='ocr_line' id='line_1_100' title="bbox 2130 3410 3711 3492; baseline -0.006 -19"><span class='ocrx_word' id='word_1_738' title='bbox 2130 3420 2226 3492; x_wconf 79' lang='grc' dir='ltr'><em>τὴν</em></span> <span class='ocrx_word' id='word_1_739' title='bbox 2257 3420 2530 3473; x_wconf 82' lang='grc' dir='ltr'><em>εὐτέλειαν</em></span> <span class='ocrx_word' id='word_1_740' title='bbox 2550 3417 2658 3471; x_wconf 84' lang='grc' dir='ltr'><em>τῶν</em></span> <span class='ocrx_word' id='word_1_741' title='bbox 2680 3416 2852 3484; x_wconf 81' lang='grc' dir='ltr'><em>ἁγίων</em></span> <span class='ocrx_word' id='word_1_742' title='bbox 2886 3415 3164 3485; x_wconf 83' lang='grc' dir='ltr'><em>σημαίνει,</em></span> <span class='ocrx_word' id='word_1_743' title='bbox 3192 3412 3387 3480; x_wconf 75' lang='grc' dir='ltr'><em>λέγων’</em></span> <span class='ocrx_word' id='word_1_744' title='bbox 3415 3410 3577 3465; x_wconf 88' lang='grc' dir='ltr'><em>Δοκῶ</em></span> <span class='ocrx_word' id='word_1_745' title='bbox 3600 3411 3711 3481; x_wconf 82' lang='grc' dir='ltr'><em>γὰρ</em></span> 
     </span>
    </p>
   </div>
   <div class='ocr_carea' id='block_1_101' title="bbox 2131 3492 3710 3569">
    <p class='ocr_par' dir='ltr' id='par_1_101' title="bbox 2131 3492 3710 3569">
     <span class='ocr_line' id='line_1_101' title="bbox 2131 3492 3710 3569; baseline -0.007 -11"><span class='ocrx_word' id='word_1_746' title='bbox 2131 3504 2221 3558; x_wconf 86' lang='grc' dir='ltr'><em>ὄτι</em></span> <span class='ocrx_word' id='word_1_747' title='bbox 2254 3506 2286 3557; x_wconf 85' lang='grc' dir='ltr'><em>ὀ</em></span> <span class='ocrx_word' id='word_1_748' title='bbox 2318 3502 2463 3567; x_wconf 86' lang='grc' dir='ltr'><em>Θεὸς</em></span> <span class='ocrx_word' id='word_1_749' title='bbox 2491 3498 2650 3569; x_wconf 76' lang='grc' dir='ltr'><em>ἡμᾶς</em></span> <span class='ocrx_word' id='word_1_750' title='bbox 2679 3499 2819 3565; x_wconf 86' lang='grc' dir='ltr'><em>τοὺς</em></span> <span class='ocrx_word' id='word_1_751' title='bbox 2863 3497 3246 3561; x_wconf 85' lang='grc' dir='ltr'><em>ἀποστόλους</em></span> <span class='ocrx_word' id='word_1_752' title='bbox 3271 3492 3571 3563; x_wconf 83' lang='grc' dir='ltr'><em>ἐσχάτους</em></span> <span class='ocrx_word' id='word_1_753' title='bbox 3606 3495 3710 3547; x_wconf 83' lang='grc' dir='ltr'><em>ἐπ-</em></span> 
     </span>
    </p>
   </div>
   <div class='ocr_carea' id='block_1_102' title="bbox 2130 3576 3711 3650">
    <p class='ocr_par' dir='ltr' id='par_1_102' title="bbox 2130 3576 3711 3650">
     <span class='ocr_line' id='line_1_102' title="bbox 2130 3576 3711 3650; baseline -0.007 -10"><span class='ocrx_word' id='word_1_754' title='bbox 2130 3586 2383 3650; x_wconf 81' lang='grc' dir='ltr'><em>έδειξεν,</em></span> <span class='ocrx_word' id='word_1_755' title='bbox 2402 3586 2485 3650; x_wconf 86' lang='grc' dir='ltr'><em>ὡς</em></span> <span class='ocrx_word' id='word_1_756' title='bbox 2511 3582 2950 3646; x_wconf 53' lang='grc' dir='ltr'><em>ἐπιθανατίους</em></span> <span class='ocrx_word' id='word_1_757' title='bbox 2973 3580 3061 3632; x_wconf 85' lang='grc' dir='ltr'><em>ὅτι</em></span> <span class='ocrx_word' id='word_1_758' title='bbox 3079 3577 3328 3644; x_wconf 86' lang='grc' dir='ltr'><em>θέατρον</em></span> <span class='ocrx_word' id='word_1_759' title='bbox 3340 3576 3711 3646; x_wconf 84' lang='grc' dir='ltr'><em>ἐγενήθημεν</em></span> 
     </span>
    </p>
   </div>
   <div class='ocr_carea' id='block_1_103' title="bbox 2128 3660 3707 3738">
    <p class='ocr_par' dir='ltr' id='par_1_103' title="bbox 2128 3660 3707 3738">
     <span class='ocr_line' id='line_1_103' title="bbox 2128 3660 3707 3738; baseline -0.006 -13"><span class='ocrx_word' id='word_1_760' title='bbox 2128 3669 2211 3735; x_wconf 83' lang='grc' dir='ltr'><em>τῷ</em></span> <span class='ocrx_word' id='word_1_761' title='bbox 2242 3671 2448 3738; x_wconf 86' lang='grc' dir='ltr'><em>κόσμῳ</em></span> <span class='ocrx_word' id='word_1_762' title='bbox 2487 3667 2587 3721; x_wconf 80' lang='grc' dir='ltr'><em>καὶ</em></span> <span class='ocrx_word' id='word_1_763' title='bbox 2643 3667 2920 3734; x_wconf 82' lang='grc' dir='ltr'><em>ἀγγέλοις</em></span> <span class='ocrx_word' id='word_1_764' title='bbox 2982 3663 3080 3716; x_wconf 84' lang='grc' dir='ltr'><em>καὶ</em></span> <span class='ocrx_word' id='word_1_765' title='bbox 3135 3660 3490 3729; x_wconf 89' lang='grc' dir='ltr'><em>ἀνθρώποις.</em></span> <span class='ocrx_word' id='word_1_766' title='bbox 3519 3660 3707 3729; x_wconf 83' lang='grc' dir='ltr'><em>Μέχρι</em></span> 
     </span>
    </p>
   </div>
   <div class='ocr_carea' id='block_1_104' title="bbox 2130 3742 3710 3824">
    <p class='ocr_par' dir='ltr' id='par_1_104' title="bbox 2130 3742 3710 3824">
     <span class='ocr_line' id='line_1_104' title="bbox 2130 3742 3710 3824; baseline -0.006 -17"><span class='ocrx_word' id='word_1_767' title='bbox 2130 3755 2239 3824; x_wconf 86' lang='grc' dir='ltr'><em>γὰρ</em></span> <span class='ocrx_word' id='word_1_768' title='bbox 2271 3752 2382 3821; x_wconf 84' lang='grc' dir='ltr'><em>τῆς</em></span> <span class='ocrx_word' id='word_1_769' title='bbox 2434 3751 2567 3819; x_wconf 80' lang='grc' dir='ltr'><em>ἄρτι</em></span> <span class='ocrx_word' id='word_1_770' title='bbox 2609 3748 2765 3818; x_wconf 82' lang='grc' dir='ltr'><em>ὧρας</em></span> <span class='ocrx_word' id='word_1_771' title='bbox 2803 3748 2901 3801; x_wconf 78' lang='grc' dir='ltr'><em>καὶ</em></span> <span class='ocrx_word' id='word_1_772' title='bbox 2966 3744 3263 3813; x_wconf 85' lang='grc' dir='ltr'><em>πεινῶμεν</em></span> <span class='ocrx_word' id='word_1_773' title='bbox 3307 3744 3404 3797; x_wconf 78' lang='grc' dir='ltr'><em>καὶ</em></span> <span class='ocrx_word' id='word_1_774' title='bbox 3443 3742 3710 3813; x_wconf 66' lang='grc' dir='ltr'><em>διψῶμεν</em></span> 
     </span>
    </p>
   </div>
   <div class='ocr_carea' id='block_1_105' title="bbox 2128 3825 3711 3905">
    <p class='ocr_par' dir='ltr' id='par_1_105' title="bbox 2128 3825 3711 3905">
     <span class='ocr_line' id='line_1_105' title="bbox 2128 3825 3711 3905; baseline -0.006 -16"><span class='ocrx_word' id='word_1_775' title='bbox 2128 3837 2227 3889; x_wconf 74' lang='grc' dir='ltr'><em>καὶ</em></span> <span class='ocrx_word' id='word_1_776' title='bbox 2257 3835 2704 3905; x_wconf 81' lang='grc' dir='ltr'><em>γυμνητεύομεν</em></span> <span class='ocrx_word' id='word_1_777' title='bbox 2745 3830 2845 3883; x_wconf 81' lang='grc' dir='ltr'><em>καὶ</em></span> <span class='ocrx_word' id='word_1_778' title='bbox 2890 3827 3327 3897; x_wconf 66' lang='grc' dir='ltr'><em>κολαφιζόμεθα</em></span> <span class='ocrx_word' id='word_1_779' title='bbox 3372 3825 3471 3879; x_wconf 79' lang='grc' dir='ltr'><em>καὶ</em></span> <span class='ocrx_word' id='word_1_780' title='bbox 3523 3826 3711 3881; x_wconf 84' lang='grc' dir='ltr'><em>ἀστα-</em></span> 
     </span>
    </p>
   </div>
   <div class='ocr_carea' id='block_1_106' title="bbox 2132 3908 3710 3987">
    <p class='ocr_par' dir='ltr' id='par_1_106' title="bbox 2132 3908 3710 3987">
     <span class='ocr_line' id='line_1_106' title="bbox 2132 3908 3710 3987; baseline -0.008 -16"><span class='ocrx_word' id='word_1_781' title='bbox 2132 3919 2352 3987; x_wconf 87' lang='grc' dir='ltr'><em>τοῦμεν</em></span> <span class='ocrx_word' id='word_1_782' title='bbox 2384 3917 2483 3971; x_wconf 77' lang='grc' dir='ltr'><em>καὶ</em></span> <span class='ocrx_word' id='word_1_783' title='bbox 2542 3912 2862 3981; x_wconf 85' lang='grc' dir='ltr'><em>κοπιῶμεν,</em></span> <span class='ocrx_word' id='word_1_784' title='bbox 2932 3909 3305 3980; x_wconf 77' lang='grc' dir='ltr'><em>ἐργαζόμενοι</em></span> <span class='ocrx_word' id='word_1_785' title='bbox 3356 3908 3481 3974; x_wconf 84' lang='grc' dir='ltr'><em>ταῖς</em></span> <span class='ocrx_word' id='word_1_786' title='bbox 3535 3908 3710 3975; x_wconf 76' lang='grc' dir='ltr'><em>ἰδίαις</em></span> 
     </span>
    </p>
   </div>
   <div class='ocr_carea' id='block_1_107' title="bbox 2133 3991 3704 4071">
    <p class='ocr_par' dir='ltr' id='par_1_107' title="bbox 2133 3991 3704 4071">
     <span class='ocr_line' id='line_1_107' title="bbox 2133 3991 3704 4071; baseline -0.007 -15"><span class='ocrx_word' id='word_1_787' title='bbox 2133 4003 2366 4071; x_wconf 58' lang='grc' dir='ltr'><em>χερσίν</em></span> <span class='ocrx_word' id='word_1_788' title='bbox 2409 3999 2507 4064; x_wconf 85' lang='grc' dir='ltr'><em>τὰς</em></span> <span class='ocrx_word' id='word_1_789' title='bbox 2557 3995 2877 4068; x_wconf 78' lang='grc' dir='ltr'><em>σωματικὰς</em></span> <span class='ocrx_word' id='word_1_790' title='bbox 2927 3993 3242 4060; x_wconf 79' lang='grc' dir='ltr'><em>καταλέγων</em></span> <span class='ocrx_word' id='word_1_791' title='bbox 3305 3991 3704 4062; x_wconf 85' lang='grc' dir='ltr'><em>ταλαιπωρίας.</em></span> 
     </span>
    </p>
   </div>
   <div class='ocr_carea' id='block_1_108' title="bbox 2132 4074 3708 4152">
    <p class='ocr_par' dir='ltr' id='par_1_108' title="bbox 2132 4074 3708 4152">
     <span class='ocr_line' id='line_1_108' title="bbox 2132 4074 3708 4152; baseline -0.008 -13"><span class='ocrx_word' id='word_1_792' title='bbox 2132 4084 2589 4152; x_wconf 85' lang='grc' dir='ltr'><em>Λοιδορούμενοι</em></span> <span class='ocrx_word' id='word_1_793' title='bbox 2645 4077 3044 4148; x_wconf 83' lang='grc' dir='ltr'><em>εὐλογοῦμεν,</em></span> <span class='ocrx_word' id='word_1_794' title='bbox 3095 4075 3439 4142; x_wconf 89' lang='grc' dir='ltr'><em>διωκόμενοι</em></span> <span class='ocrx_word' id='word_1_795' title='bbox 3490 4074 3708 4143; x_wconf 83' lang='grc' dir='ltr'><em>ἀνεχό-</em></span> 
     </span>
    </p>
   </div>
   <div class='ocr_carea' id='block_1_109' title="bbox 2128 4155 3709 4238">
    <p class='ocr_par' dir='ltr' id='par_1_109' title="bbox 2128 4155 3709 4238">
     <span class='ocr_line' id='line_1_109' title="bbox 2128 4155 3709 4238; baseline -0.011 -16"><span class='ocrx_word' id='word_1_796' title='bbox 2128 4170 2301 4238; x_wconf 88' lang='grc' dir='ltr'><em>μεθα,</em></span> <span class='ocrx_word' id='word_1_797' title='bbox 2324 4164 2868 4234; x_wconf 80' lang='grc' dir='ltr'><em>βλασφημούμενοι</em></span> <span class='ocrx_word' id='word_1_798' title='bbox 2916 4156 3407 4228; x_wconf 81' lang='grc' dir='ltr'><em>παρακαλοῦμεν,</em></span> <span class='ocrx_word' id='word_1_799' title='bbox 3442 4155 3521 4220; x_wconf 88' lang='grc' dir='ltr'><em>ὡς</em></span> <span class='ocrx_word' id='word_1_800' title='bbox 3540 4172 3709 4238; x_wconf 83' lang='grc' dir='ltr'><em>περι-</em></span> 
     </span>
    </p>
   </div>
   <div class='ocr_carea' id='block_1_110' title="bbox 2131 4237 3710 4317">
    <p class='ocr_par' dir='ltr' id='par_1_110' title="bbox 2131 4237 3710 4317">
     <span class='ocr_line' id='line_1_110' title="bbox 2131 4237 3710 4317; baseline -0.008 -13"><span class='ocrx_word' id='word_1_801' title='bbox 2131 4237 2475 4317; x_wconf 81' lang='grc' dir='ltr'><em>καθάρματα</em></span> <span class='ocrx_word' id='word_1_802' title='bbox 2550 4246 2657 4301; x_wconf 88' lang='grc' dir='ltr'><em>τοῦ</em></span> <span class='ocrx_word' id='word_1_803' title='bbox 2723 4247 2953 4313; x_wconf 87' lang='grc' dir='ltr'><em>κόσμου</em></span> <span class='ocrx_word' id='word_1_804' title='bbox 3015 4239 3411 4310; x_wconf 84' lang='grc' dir='ltr'><em>ἐγενήθημεν,</em></span> <span class='ocrx_word' id='word_1_805' title='bbox 3468 4237 3710 4291; x_wconf 84' lang='grc' dir='ltr'><em>πάντων</em></span> 
     </span>
    </p>
   </div>
   <div class='ocr_carea' id='block_1_111' title="bbox 2131 4321 3707 4401">
    <p class='ocr_par' dir='ltr' id='par_1_111' title="bbox 2131 4321 3707 4401">
     <span class='ocr_line' id='line_1_111' title="bbox 2131 4321 3707 4401; baseline -0.007 -15"><span class='ocrx_word' id='word_1_806' title='bbox 2131 4333 2440 4401; x_wconf 72' lang='grc' dir='ltr'><em>περίψημα</em></span> <span class='ocrx_word' id='word_1_807' title='bbox 2487 4331 2601 4396; x_wconf 78' lang='grc' dir='ltr'><em>ἕως</em></span> <span class='ocrx_word' id='word_1_808' title='bbox 2633 4330 2788 4397; x_wconf 69' lang='grc' dir='ltr'><em>ἄρτια</em></span> <span class='ocrx_word' id='word_1_809' title='bbox 2819 4325 2913 4379; x_wconf 87' lang='grc' dir='ltr'><em>τοῦ</em></span> <span class='ocrx_word' id='word_1_810' title='bbox 2944 4324 3151 4392; x_wconf 79' lang='grc' dir='ltr'><em>ἀγαθοῦ</em></span> <span class='ocrx_word' id='word_1_811' title='bbox 3197 4324 3290 4375; x_wconf 72' lang='grc' dir='ltr'><em>καὶ</em></span> <span class='ocrx_word' id='word_1_812' title='bbox 3337 4321 3547 4375; x_wconf 82' lang='grc' dir='ltr'><em>δικαίου</em></span> <span class='ocrx_word' id='word_1_813' title='bbox 3572 4321 3707 4375; x_wconf 82' lang='grc' dir='ltr'><em>Θεοῦ</em></span> 
     </span>
    </p>
   </div>
   <div class='ocr_carea' id='block_1_112' title="bbox 2132 4404 3709 4483">
    <p class='ocr_par' dir='ltr' id='par_1_112' title="bbox 2132 4404 3709 4483">
     <span class='ocr_line' id='line_1_112' title="bbox 2132 4404 3709 4483; baseline -0.01 -12"><span class='ocrx_word' id='word_1_814' title='bbox 2132 4417 2274 4471; x_wconf 86' lang='grc' dir='ltr'><em>κατά</em></span> <span class='ocrx_word' id='word_1_815' title='bbox 2300 4416 2453 4479; x_wconf 84' lang='grc' dir='ltr'><em>τινὰς</em></span> <span class='ocrx_word' id='word_1_816' title='bbox 2501 4415 2845 4483; x_wconf 77' lang='grc' dir='ltr'><em>ἀπορρήτους</em></span> <span class='ocrx_word' id='word_1_817' title='bbox 2882 4410 3093 4475; x_wconf 85' lang='grc' dir='ltr'><em>λόγους,</em></span> <span class='ocrx_word' id='word_1_818' title='bbox 3132 4406 3349 4458; x_wconf 87' lang='grc' dir='ltr'><em>σταδίου</em></span> <span class='ocrx_word' id='word_1_819' title='bbox 3392 4405 3568 4475; x_wconf 76' lang='grc' dir='ltr'><em>δίκην,</em></span> <span class='ocrx_word' id='word_1_820' title='bbox 3618 4404 3709 4456; x_wconf 76' lang='grc' dir='ltr'><em>τὸν</em></span> 
     </span>
    </p>
   </div>
   <div class='ocr_carea' id='block_1_113' title="bbox 2130 4488 3709 4570">
    <p class='ocr_par' dir='ltr' id='par_1_113' title="bbox 2130 4488 3709 4570">
     <span class='ocr_line' id='line_1_113' title="bbox 2130 4488 3709 4570; baseline -0.01 -17"><span class='ocrx_word' id='word_1_821' title='bbox 2130 4500 2333 4570; x_wconf 83' lang='grc' dir='ltr'><em>κόσμον</em></span> <span class='ocrx_word' id='word_1_822' title='bbox 2381 4497 2734 4557; x_wconf 75' lang='grc' dir='ltr'><em>ἐκτείνοντος,</em></span> <span class='ocrx_word' id='word_1_823' title='bbox 2788 4492 2884 4546; x_wconf 69' lang='grc' dir='ltr'><em>καὶ</em></span> <span class='ocrx_word' id='word_1_824' title='bbox 2945 4490 3324 4555; x_wconf 76' lang='grc' dir='ltr'><em>αὐτεξουσίους</em></span> <span class='ocrx_word' id='word_1_825' title='bbox 3359 4488 3504 4556; x_wconf 81' lang='grc' dir='ltr'><em>ἡμᾶς</em></span> <span class='ocrx_word' id='word_1_826' title='bbox 3552 4492 3709 4556; x_wconf 74' lang='grc' dir='ltr'><em>ποιή·</em></span> 
     </span>
    </p>
   </div>
   <div class='ocr_carea' id='block_1_114' title="bbox 2134 4569 3708 4649">
    <p class='ocr_par' dir='ltr' id='par_1_114' title="bbox 2134 4569 3708 4649">
     <span class='ocr_line' id='line_1_114' title="bbox 2134 4569 3708 4649; baseline -0.011 -13"><span class='ocrx_word' id='word_1_827' title='bbox 2134 4598 2343 4648; x_wconf 87' lang='grc' dir='ltr'><em>σαντος,</em></span> <span class='ocrx_word' id='word_1_828' title='bbox 2380 4581 2469 4633; x_wconf 84' lang='grc' dir='ltr'><em>ἵνα</em></span> <span class='ocrx_word' id='word_1_829' title='bbox 2514 4577 2693 4649; x_wconf 79' lang='grc' dir='ltr'><em>οἰκείᾳ</em></span> <span class='ocrx_word' id='word_1_830' title='bbox 2739 4576 2949 4647; x_wconf 79' lang='grc' dir='ltr'><em>αἱρέσει</em></span> <span class='ocrx_word' id='word_1_831' title='bbox 2980 4576 3093 4635; x_wconf 88' lang='grc' dir='ltr'><em>τοῖς</em></span> <span class='ocrx_word' id='word_1_832' title='bbox 3132 4571 3450 4640; x_wconf 83' lang='grc' dir='ltr'><em>πράγμασιν</em></span> <span class='ocrx_word' id='word_1_833' title='bbox 3483 4569 3708 4622; x_wconf 64' lang='grc' dir='ltr'><em>ἐπιϐάλς</em></span> 
     </span>
    </p>
   </div>
   <div class='ocr_carea' id='block_1_115' title="bbox 2132 4651 3709 4729">
    <p class='ocr_par' dir='ltr' id='par_1_115' title="bbox 2132 4651 3709 4729">
     <span class='ocr_line' id='line_1_115' title="bbox 2132 4651 3709 4729; baseline -0.008 -10"><span class='ocrx_word' id='word_1_834' title='bbox 2132 4667 2336 4729; x_wconf 84' lang='grc' dir='ltr'><em>λοντες,</em></span> <span class='ocrx_word' id='word_1_835' title='bbox 2371 4662 2586 4726; x_wconf 87' lang='grc' dir='ltr'><em>δικαίας</em></span> <span class='ocrx_word' id='word_1_836' title='bbox 2622 4662 2723 4725; x_wconf 84' lang='grc' dir='ltr'><em>τὰς</em></span> <span class='ocrx_word' id='word_1_837' title='bbox 2771 4660 2999 4721; x_wconf 78' lang='grc' dir='ltr'><em>εὐθύνας</em></span> <span class='ocrx_word' id='word_1_838' title='bbox 3033 4657 3423 4727; x_wconf 79' lang='grc' dir='ltr'><em>παράσχωμεν,</em></span> <span class='ocrx_word' id='word_1_839' title='bbox 3468 4651 3651 4715; x_wconf 84' lang='grc' dir='ltr'><em>καθὼς</em></span> <span class='ocrx_word' id='word_1_840' title='bbox 3680 4654 3709 4707; x_wconf 91' lang='lat'><em>6</em></span> 
     </span>
    </p>
   </div>
   <div class='ocr_carea' id='block_1_116' title="bbox 2134 4734 3710 4820">
    <p class='ocr_par' dir='ltr' id='par_1_116' title="bbox 2134 4734 3710 4820">
     <span class='ocr_line' id='line_1_116' title="bbox 2134 4734 3710 4820; baseline -0.006 -25"><span class='ocrx_word' id='word_1_841' title='bbox 2134 4751 2297 4820; x_wconf 85' lang='grc' dir='ltr'><em>νόμος</em></span> <span class='ocrx_word' id='word_1_842' title='bbox 2324 4748 2494 4815; x_wconf 81' lang='grc' dir='ltr'><em>λέγει·</em></span> <span class='ocrx_word' id='word_1_843' title='bbox 2527 4746 2763 4801; x_wconf 84' lang='grc' dir='ltr'><em>Τέθεικα</em></span> <span class='ocrx_word' id='word_1_844' title='bbox 2790 4743 2903 4811; x_wconf 84' lang='grc' dir='ltr'><em>πρὸ</em></span> <span class='ocrx_word' id='word_1_845' title='bbox 2931 4738 3254 4808; x_wconf 88' lang='grc' dir='ltr'><em>προσώπου</em></span> <span class='ocrx_word' id='word_1_846' title='bbox 3276 4754 3392 4791; x_wconf 93' lang='grc' dir='ltr'><em>σου</em></span> <span class='ocrx_word' id='word_1_847' title='bbox 3406 4736 3529 4820; x_wconf 5' lang='grc' dir='ltr'><em>,τὴν</em></span> <span class='ocrx_word' id='word_1_848' title='bbox 3547 4734 3710 4820; x_wconf 48' lang='lat' dir='ltr'><em>{chr</em></span> 
     </span>
    </p>
   </div>
   <div class='ocr_carea' id='block_1_117' title="bbox 2137 4818 3706 4890">
    <p class='ocr_par' dir='ltr' id='par_1_117' title="bbox 2137 4818 3706 4890">
     <span class='ocr_line' id='line_1_117' title="bbox 2137 4818 3706 4890; baseline -0.011 -4"><span class='ocrx_word' id='word_1_849' title='bbox 2137 4818 2235 4885; x_wconf 76' lang='grc' dir='ltr'><em>καὶ</em></span> <span class='ocrx_word' id='word_1_850' title='bbox 2267 4830 2377 4885; x_wconf 80' lang='grc' dir='ltr'><em>τόν</em></span> <span class='ocrx_word' id='word_1_851' title='bbox 2410 4828 2688 4890; x_wconf 86' lang='grc' dir='ltr'><em>θάνατον,</em></span> <span class='ocrx_word' id='word_1_852' title='bbox 2715 4823 2956 4887; x_wconf 75' lang='grc' dir='ltr'><em>ἐκλέξαι</em></span> <span class='ocrx_word' id='word_1_853' title='bbox 2992 4821 3023 4874; x_wconf 84' lang='grc' dir='ltr'>ὃ</span> <span class='ocrx_word' id='word_1_854' title='bbox 3074 4819 3287 4886; x_wconf 87' lang='grc' dir='ltr'><em>θέλεις.</em></span> <span class='ocrx_word' id='word_1_855' title='bbox 3330 4819 3429 4871; x_wconf 81' lang='grc' dir='ltr'>Διὰ</span> <span class='ocrx_word' id='word_1_856' title='bbox 3465 4818 3594 4870; x_wconf 79' lang='grc' dir='ltr'><em>τίδὲ</em></span> <span class='ocrx_word' id='word_1_857' title='bbox 3620 4819 3706 4870; x_wconf 82' lang='grc' dir='ltr'><em>τέ-</em></span> 
     </span>
    </p>
   </div>
   <div class='ocr_carea' id='block_1_118' title="bbox 2138 4907 3707 4985">
    <p class='ocr_par' dir='ltr' id='par_1_118' title="bbox 2138 4907 3707 4985">
     <span class='ocr_line' id='line_1_118' title="bbox 2138 4907 3707 4985; baseline -0.011 -12"><span class='ocrx_word' id='word_1_858' title='bbox 2138 4920 2339 4983; x_wconf 89' lang='grc' dir='ltr'><em>θεικεν,</em></span> <span class='ocrx_word' id='word_1_859' title='bbox 2375 4919 2436 4973; x_wconf 83' lang='grc' dir='ltr'><em>ού</em></span> <span class='ocrx_word' id='word_1_860' title='bbox 2470 4917 2564 4970; x_wconf 89' lang='grc' dir='ltr'><em>τοῦ</em></span> <span class='ocrx_word' id='word_1_861' title='bbox 2587 4913 2850 4985; x_wconf 85' lang='grc' dir='ltr'><em>παρόντος</em></span> <span class='ocrx_word' id='word_1_862' title='bbox 2895 4908 3090 4981; x_wconf 89' lang='grc' dir='ltr'><em>καιροῦ</em></span> <span class='ocrx_word' id='word_1_863' title='bbox 3130 4908 3194 4962; x_wconf 82' lang='grc' dir='ltr'><em>τὸ</em></span> <span class='ocrx_word' id='word_1_864' title='bbox 3235 4909 3436 4977; x_wconf 86' lang='grc' dir='ltr'><em>λέγειν,</em></span> <span class='ocrx_word' id='word_1_865' title='bbox 3459 4907 3596 4977; x_wconf 82' lang='grc' dir='ltr'><em>πλὴν</em></span> <span class='ocrx_word' id='word_1_866' title='bbox 3625 4908 3707 4959; x_wconf 81' lang='grc' dir='ltr'><em>ὅτι</em></span> 
     </span>
    </p>
   </div>
   <div class='ocr_carea' id='block_1_119' title="bbox 2136 4995 3707 5074">
    <p class='ocr_par' dir='ltr' id='par_1_119' title="bbox 2136 4995 3707 5074">
     <span class='ocr_line' id='line_1_119' title="bbox 2136 4995 3707 5074; baseline -0.012 -9"><span class='ocrx_word' id='word_1_867' title='bbox 2136 5011 2418 5073; x_wconf 79' lang='grc' dir='ltr'><em>τέθεικεν;</em></span> <span class='ocrx_word' id='word_1_868' title='bbox 2451 5007 2525 5059; x_wconf 80' lang='grc' dir='ltr'><em>Οὐ</em></span> <span class='ocrx_word' id='word_1_869' title='bbox 2548 5002 2658 5074; x_wconf 85' lang='grc' dir='ltr'><em>γὰρ</em></span> <span class='ocrx_word' id='word_1_870' title='bbox 2688 5000 2850 5069; x_wconf 76' lang='grc' dir='ltr'><em>σοφὸν</em></span> <span class='ocrx_word' id='word_1_871' title='bbox 2874 4995 2942 5070; x_wconf 80' lang='grc' dir='ltr'><em>ἦν</em></span> <span class='ocrx_word' id='word_1_872' title='bbox 2993 4998 3056 5052; x_wconf 81' lang='grc' dir='ltr'><em>τὸ</em></span> <span class='ocrx_word' id='word_1_873' title='bbox 3100 4999 3403 5068; x_wconf 82' lang='grc' dir='ltr'><em>ἀτρέπτους</em></span> <span class='ocrx_word' id='word_1_874' title='bbox 3431 4998 3579 5067; x_wconf 78' lang='grc' dir='ltr'><em>ἡμᾶς</em></span> <span class='ocrx_word' id='word_1_875' title='bbox 3612 5011 3707 5062; x_wconf 79' lang='grc' dir='ltr'><em>γε⁴</em></span> 
     </span>
    </p>
   </div>
   <div class='ocr_carea' id='block_1_120' title="bbox 2136 5085 3706 5163">
    <p class='ocr_par' dir='ltr' id='par_1_120' title="bbox 2136 5085 3706 5163">
     <span class='ocr_line' id='line_1_120' title="bbox 2136 5085 3706 5163; baseline -0.011 -11"><span class='ocrx_word' id='word_1_876' title='bbox 2136 5099 2343 5159; x_wconf 84' lang='grc' dir='ltr'><em>νέσθαι,</em></span> <span class='ocrx_word' id='word_1_877' title='bbox 2372 5094 2547 5150; x_wconf 84' lang='grc' dir='ltr'><em>ἄθλων</em></span> <span class='ocrx_word' id='word_1_878' title='bbox 2572 5093 2634 5145; x_wconf 84' lang='grc' dir='ltr'><em>οὐ</em></span> <span class='ocrx_word' id='word_1_879' title='bbox 2675 5089 3073 5163; x_wconf 89' lang='grc' dir='ltr'><em>προκειμένων,</em></span> <span class='ocrx_word' id='word_1_880' title='bbox 3103 5090 3198 5142; x_wconf 70' lang='grc' dir='ltr'><em>καὶ</em></span> <span class='ocrx_word' id='word_1_881' title='bbox 3222 5087 3446 5156; x_wconf 88' lang='grc' dir='ltr'><em>γνώμης</em></span> <span class='ocrx_word' id='word_1_882' title='bbox 3485 5085 3545 5137; x_wconf 85' lang='grc' dir='ltr'><em>οὐ</em></span> <span class='ocrx_word' id='word_1_883' title='bbox 3574 5101 3706 5137; x_wconf 81' lang='grc' dir='ltr'><em>κατ-</em></span> 
     </span>
    </p>
   </div>
   <div class='ocr_carea' id='block_1_121' title="bbox 2136 5175 3708 5262">
    <p class='ocr_par' dir='ltr' id='par_1_121' title="bbox 2136 5175 3708 5262">
     <span class='ocr_line' id='line_1_121' title="bbox 2136 5175 3708 5262; baseline -0.012 -20"><span class='ocrx_word' id='word_1_884' title='bbox 2136 5188 2419 5262; x_wconf 84' lang='grc' dir='ltr'><em>ορθούσης.</em></span> <span class='ocrx_word' id='word_1_885' title='bbox 2486 5184 2633 5257; x_wconf 81' lang='grc' dir='ltr'><em>μόνῳ</em></span> <span class='ocrx_word' id='word_1_886' title='bbox 2669 5182 2747 5253; x_wconf 83' lang='grc' dir='ltr'><em>τῷ</em></span> <span class='ocrx_word' id='word_1_887' title='bbox 2768 5180 2897 5252; x_wconf 87' lang='grc' dir='ltr'><em>θείῳ</em></span> <span class='ocrx_word' id='word_1_888' title='bbox 2926 5181 3019 5233; x_wconf 72' lang='grc' dir='ltr'><em>καὶ</em></span> <span class='ocrx_word' id='word_1_889' title='bbox 3047 5178 3197 5244; x_wconf 75' lang='grc' dir='ltr'><em>ἀϊδίς)</em></span> <span class='ocrx_word' id='word_1_890' title='bbox 3233 5175 3708 5246; x_wconf 73' lang='grc' dir='ltr'><em>προσαρμόσαντες</em></span> 
     </span>
    </p>
   </div>
   <div class='ocr_carea' id='block_1_122' title="bbox 2137 5262 3709 5346">
    <p class='ocr_par' dir='ltr' id='par_1_122' title="bbox 2137 5262 3709 5346">
     <span class='ocr_line' id='line_1_122' title="bbox 2137 5262 3709 5346; baseline -0.011 -17"><span class='ocrx_word' id='word_1_891' title='bbox 2137 5276 2228 5330; x_wconf 90' lang='grc' dir='ltr'><em>τοῦ</em></span> <span class='ocrx_word' id='word_1_892' title='bbox 2266 5274 2563 5346; x_wconf 86' lang='grc' dir='ltr'><em>ἀτρέπτου.</em></span> <span class='ocrx_word' id='word_1_893' title='bbox 2593 5273 2651 5326; x_wconf 89' lang='lat'><strong>&#39;0</strong></span> <span class='ocrx_word' id='word_1_894' title='bbox 2678 5272 2861 5324; x_wconf 81' lang='lat' dir='ltr'><strong>AIAK.</strong></span> <span class='ocrx_word' id='word_1_895' title='bbox 2888 5264 2962 5321; x_wconf 87' lang='grc' dir='ltr'><em>Εῦ</em></span> <span class='ocrx_word' id='word_1_896' title='bbox 2991 5284 3054 5335; x_wconf 91' lang='grc' dir='ltr'><em>γε</em></span> <span class='ocrx_word' id='word_1_897' title='bbox 3088 5266 3183 5319; x_wconf 71' lang='grc' dir='ltr'><em>καὶ</em></span> <span class='ocrx_word' id='word_1_898' title='bbox 3212 5263 3509 5334; x_wconf 74' lang='grc' dir='ltr'><em>φιλοσόφως</em></span> <span class='ocrx_word' id='word_1_899' title='bbox 3539 5262 3709 5331; x_wconf 80' lang='grc' dir='ltr'><em>ὑπήν-</em></span> 
     </span>
    </p>
   </div>
   <div class='ocr_carea' id='block_1_123' title="bbox 2136 5350 3705 5444">
    <p class='ocr_par' dir='ltr' id='par_1_123' title="bbox 2136 5350 3705 5444">
     <span class='ocr_line' id='line_1_123' title="bbox 2136 5350 3705 5444; baseline -0.016 -17"><span class='ocrx_word' id='word_1_900' title='bbox 2136 5386 2330 5444; x_wconf 82' lang='grc' dir='ltr'><em>τησας.</em></span> <span class='ocrx_word' id='word_1_901' title='bbox 2353 5364 2557 5435; x_wconf 86' lang='grc' dir='ltr'><em>Πάτερ,</em></span> <span class='ocrx_word' id='word_1_902' title='bbox 2584 5358 2919 5433; x_wconf 77' lang='grc' dir='ltr'><em>ὀμματώσας</em></span> <span class='ocrx_word' id='word_1_903' title='bbox 2947 5356 3044 5427; x_wconf 73' lang='grc' dir='ltr'><em>τὴν</em></span> <span class='ocrx_word' id='word_1_904' title='bbox 3064 5354 3239 5425; x_wconf 70' lang='grc' dir='ltr'><em>ψυχὴν</em></span> <span class='ocrx_word' id='word_1_905' title='bbox 3263 5351 3370 5404; x_wconf 83' lang='grc' dir='ltr'><em>τῶν</em></span> <span class='ocrx_word' id='word_1_906' title='bbox 3400 5350 3705 5418; x_wconf 87' lang='grc' dir='ltr'><em>παρόντων,</em></span> 
     </span>
    </p>
   </div>
   <div class='ocr_carea' id='block_1_124' title="bbox 2140 5438 3703 5521">
    <p class='ocr_par' dir='ltr' id='par_1_124' title="bbox 2140 5438 3703 5521">
     <span class='ocr_line' id='line_1_124' title="bbox 2140 5438 3703 5521; baseline -0.017 -7"><span class='ocrx_word' id='word_1_907' title='bbox 2140 5438 2202 5515; x_wconf 77' lang='grc' dir='ltr'>ὲν</span> <span class='ocrx_word' id='word_1_908' title='bbox 2228 5457 2440 5519; x_wconf 82' lang='grc' dir='ltr'><em>τούτοις</em></span> <span class='ocrx_word' id='word_1_909' title='bbox 2469 5454 2555 5508; x_wconf 69' lang='grc' dir='ltr'><em>ἀεὶ</em></span> <span class='ocrx_word' id='word_1_910' title='bbox 2578 5447 3029 5521; x_wconf 89' lang='grc' dir='ltr'><em>προσκοπτόντων</em></span> <span class='ocrx_word' id='word_1_911' title='bbox 3058 5444 3145 5497; x_wconf 83' lang='grc' dir='ltr'><em>διὰ</em></span> <span class='ocrx_word' id='word_1_912' title='bbox 3172 5438 3401 5510; x_wconf 84' lang='grc' dir='ltr'><em>Γραφῶν</em></span> <span class='ocrx_word' id='word_1_913' title='bbox 3428 5438 3703 5509; x_wconf 90' lang='grc' dir='ltr'><em>ἀπειρίαν·</em></span> 
     </span>
    </p>
   </div>
   <div class='ocr_carea' id='block_1_125' title="bbox 2141 5525 3705 5613">
    <p class='ocr_par' dir='ltr' id='par_1_125' title="bbox 2141 5525 3705 5613">
     <span class='ocr_line' id='line_1_125' title="bbox 2141 5525 3705 5613; baseline -0.019 -9"><span class='ocrx_word' id='word_1_914' title='bbox 2141 5549 2235 5605; x_wconf 72' lang='grc' dir='ltr'><em>καὶ</em></span> <span class='ocrx_word' id='word_1_915' title='bbox 2256 5549 2339 5602; x_wconf 85' lang='grc' dir='ltr'><em>ὅτι</em></span> <span class='ocrx_word' id='word_1_916' title='bbox 2361 5540 2659 5613; x_wconf 86' lang='grc' dir='ltr'><em>γυμνάσιον</em></span> <span class='ocrx_word' id='word_1_917' title='bbox 2690 5536 2896 5605; x_wconf 80' lang='grc' dir='ltr'><em>ὑπέστη</em></span> <span class='ocrx_word' id='word_1_918' title='bbox 2932 5534 3018 5586; x_wconf 86' lang='grc' dir='ltr'><em>διὰ</em></span> <span class='ocrx_word' id='word_1_919' title='bbox 3046 5528 3270 5600; x_wconf 85' lang='grc' dir='ltr'><em>μακρῶν</em></span> <span class='ocrx_word' id='word_1_920' title='bbox 3299 5526 3408 5580; x_wconf 86' lang='grc' dir='ltr'><em>τῶν</em></span> <span class='ocrx_word' id='word_1_921' title='bbox 3437 5526 3643 5597; x_wconf 84' lang='grc' dir='ltr'><em>χρόνων</em></span> <span class='ocrx_word' id='word_1_922' title='bbox 3672 5525 3705 5595; x_wconf 83' lang='grc' dir='ltr'><strong>ή</strong></span> 
     </span>
    </p>
   </div>
   <div class='ocr_carea' id='block_1_126' title="bbox 2154 5611 3704 5701">
    <p class='ocr_par' dir='ltr' id='par_1_126' title="bbox 2154 5611 3704 5701">
     <span class='ocr_line' id='line_1_126' title="bbox 2154 5611 3704 5701; baseline -0.02 -12"><span class='ocrx_word' id='word_1_923' title='bbox 2154 5611 2468 5701; x_wconf 77' lang='grc' dir='ltr'><em>Ἐκκλησία,</em></span> <span class='ocrx_word' id='word_1_924' title='bbox 2502 5621 2824 5686; x_wconf 80' lang='grc' dir='ltr'><em>ἀναδείξασα</em></span> <span class='ocrx_word' id='word_1_925' title='bbox 2850 5620 2975 5681; x_wconf 75' lang='grc' dir='ltr'><em>τοὺς</em></span> <span class='ocrx_word' id='word_1_926' title='bbox 3003 5616 3199 5685; x_wconf 76' lang='grc' dir='ltr'><em>ἑαυτῆς</em></span> <span class='ocrx_word' id='word_1_927' title='bbox 3230 5614 3572 5684; x_wconf 79' lang='grc' dir='ltr'><em>στεφανίτας,</em></span> <span class='ocrx_word' id='word_1_928' title='bbox 3611 5611 3704 5664; x_wconf 73' lang='grc' dir='ltr'><em>ἄν·</em></span> 
     </span>
    </p>
   </div>
   <div class='ocr_carea' id='block_1_127' title="bbox 2141 5699 3682 5794">
    <p class='ocr_par' dir='ltr' id='par_1_127' title="bbox 2141 5699 3682 5794">
     <span class='ocr_line' id='line_1_127' title="bbox 2141 5699 3682 5794; baseline -0.017 -18"><span class='ocrx_word' id='word_1_929' title='bbox 2141 5724 2275 5794; x_wconf 89' lang='grc' dir='ltr'><em>δρας</em></span> <span class='ocrx_word' id='word_1_930' title='bbox 2304 5736 2363 5771; x_wconf 88' lang='grc' dir='ltr'><em>τε</em></span> <span class='ocrx_word' id='word_1_931' title='bbox 2386 5716 2478 5769; x_wconf 76' lang='grc' dir='ltr'><em>καὶ</em></span> <span class='ocrx_word' id='word_1_932' title='bbox 2500 5714 2783 5781; x_wconf 85' lang='grc' dir='ltr'><em>γυναῖκας,</em></span> <span class='ocrx_word' id='word_1_933' title='bbox 2819 5707 2879 5761; x_wconf 81' lang='grc' dir='ltr'><em>ού</em></span> <span class='ocrx_word' id='word_1_934' title='bbox 2902 5704 3108 5776; x_wconf 85' lang='grc' dir='ltr'><em>δωρεὰν</em></span> <span class='ocrx_word' id='word_1_935' title='bbox 3137 5705 3195 5757; x_wconf 83' lang='grc' dir='ltr'><em>ὲν</em></span> <span class='ocrx_word' id='word_1_936' title='bbox 3245 5706 3354 5767; x_wconf 85' lang='grc' dir='ltr'><em>τοῖς</em></span> <span class='ocrx_word' id='word_1_937' title='bbox 3382 5700 3554 5755; x_wconf 79' lang='grc' dir='ltr'><em>ὀπίσω</em></span> <span class='ocrx_word' id='word_1_938' title='bbox 3583 5699 3682 5770; x_wconf 75' lang='grc' dir='ltr'><em>χρό</em></span> 
     </span>
    </p>
   </div>
   <div class='ocr_carea' id='block_1_128' title="bbox 2143 5786 3711 5875">
    <p class='ocr_par' dir='ltr' id='par_1_128' title="bbox 2143 5786 3711 5875">
     <span class='ocr_line' id='line_1_128' title="bbox 2143 5786 3711 5875; baseline -0.016 -13"><span class='ocrx_word' id='word_1_939' title='bbox 2143 5786 2254 5870; x_wconf 80' lang='grc' dir='ltr'><em>νοις</em></span> <span class='ocrx_word' id='word_1_940' title='bbox 2274 5800 2509 5875; x_wconf 85' lang='grc' dir='ltr'><em>Χριστοῦ</em></span> <span class='ocrx_word' id='word_1_941' title='bbox 2561 5797 2761 5868; x_wconf 84' lang='grc' dir='ltr'><em>σαρκὸς</em></span> <span class='ocrx_word' id='word_1_942' title='bbox 2797 5793 3235 5862; x_wconf 81' lang='grc' dir='ltr'><em>καταφαγόντας.</em></span> <span class='ocrx_word' id='word_1_943' title='bbox 3275 5790 3447 5844; x_wconf 87' lang='grc' dir='ltr'><em>Λυπεί</em></span> <span class='ocrx_word' id='word_1_944' title='bbox 3478 5786 3534 5839; x_wconf 80' lang='grc' dir='ltr'><em>δὲ</em></span> <span class='ocrx_word' id='word_1_945' title='bbox 3565 5786 3711 5855; x_wconf 61' lang='grc' dir='ltr'><em>ἡμᾶν,</em></span> 
     </span>
    </p>
   </div>
   <div class='ocr_carea' id='block_1_129' title="bbox 2145 5874 3716 5968">
    <p class='ocr_par' dir='ltr' id='par_1_129' title="bbox 2145 5874 3716 5968">
     <span class='ocr_line' id='line_1_129' title="bbox 2145 5874 3716 5968; baseline -0.016 -19"><span class='ocrx_word' id='word_1_946' title='bbox 2145 5899 2178 5968; x_wconf 83' lang='grc' dir='ltr'>ἡ</span> <span class='ocrx_word' id='word_1_947' title='bbox 2213 5893 2363 5964; x_wconf 87' lang='grc' dir='ltr'><em>ὑμῶν</em></span> <span class='ocrx_word' id='word_1_948' title='bbox 2398 5886 2794 5948; x_wconf 81' lang='grc' dir='ltr'><em>ἀκαταστασία,</em></span> <span class='ocrx_word' id='word_1_949' title='bbox 2829 5883 2923 5937; x_wconf 72' lang='grc' dir='ltr'><em>καὶ</em></span> <span class='ocrx_word' id='word_1_950' title='bbox 2959 5884 2994 5954; x_wconf 81' lang='grc' dir='ltr'><strong>ἡ</strong></span> <span class='ocrx_word' id='word_1_951' title='bbox 3034 5881 3140 5935; x_wconf 86' lang='grc' dir='ltr'><em>τῶν</em></span> <span class='ocrx_word' id='word_1_952' title='bbox 3185 5874 3515 5947; x_wconf 81' lang='grc' dir='ltr'><em>Ἐκκλησιῶν</em></span> <span class='ocrx_word' id='word_1_953' title='bbox 3541 5875 3716 5928; x_wconf 73' lang='grc' dir='ltr'><em>κατά·-</em></span> 
     </span>
    </p>
   </div>
   <div class='ocr_carea' id='block_1_130' title="bbox 2144 5962 3715 6044">
    <p class='ocr_par' dir='ltr' id='par_1_130' title="bbox 2144 5962 3715 6044">
     <span class='ocr_line' id='line_1_130' title="bbox 2144 5962 3715 6044; baseline -0.015 -8"><span class='ocrx_word' id='word_1_954' title='bbox 2144 5962 2316 6044; x_wconf 82' lang='grc' dir='ltr'><em>λυσις.</em></span> <span class='ocrx_word' id='word_1_955' title='bbox 2358 5980 2415 6034; x_wconf 88' lang='lat'><em>&#39;0</em></span> <span class='ocrx_word' id='word_1_956' title='bbox 2455 5977 2702 6032; x_wconf 68' lang='lat' dir='ltr'><em>’EIIIEK.</em></span> <span class='ocrx_word' id='word_1_957' title='bbox 2744 5977 2763 5996; x_wconf 78' lang='grc'>⁶</span> <span class='ocrx_word' id='word_1_958' title='bbox 2793 5971 3068 6041; x_wconf 67' lang='grc' dir='ltr'><em>(θαυμάζω</em></span> <span class='ocrx_word' id='word_1_959' title='bbox 3120 5984 3234 6026; x_wconf 88' lang='grc' dir='ltr'><em>σου.</em></span> <span class='ocrx_word' id='word_1_960' title='bbox 3284 5963 3492 6035; x_wconf 83' lang='grc' dir='ltr'><em>ἀνδρῶν</em></span> <span class='ocrx_word' id='word_1_961' title='bbox 3524 5962 3715 6031; x_wconf 78' lang='grc' dir='ltr'><em>τιμιώ-</em></span> 
     </span>
    </p>
   </div>
   <div class='ocr_carea' id='block_1_131' title="bbox 2145 6055 3711 6141">
    <p class='ocr_par' dir='ltr' id='par_1_131' title="bbox 2145 6055 3711 6141">
     <span class='ocr_line' id='line_1_131' title="bbox 2145 6055 3711 6141; baseline -0.016 -14"><span class='ocrx_word' id='word_1_962' title='bbox 2145 6088 2272 6127; x_wconf 78' lang='grc' dir='ltr'><em>τατε</em></span> <span class='ocrx_word' id='word_1_963' title='bbox 2303 6069 2565 6141; x_wconf 80' lang='grc' dir='ltr'><em>Θεόδωρε,</em></span> <span class='ocrx_word' id='word_1_964' title='bbox 2602 6063 2789 6119; x_wconf 68' lang='grc' dir='ltr'><em>τοῦτο</em></span> <span class='ocrx_word' id='word_1_965' title='bbox 2823 6056 3110 6115; x_wconf 77' lang='grc' dir='ltr'><em>πολλοστὸν</em></span> <span class='ocrx_word' id='word_1_966' title='bbox 3137 6056 3236 6128; x_wconf 81' lang='grc' dir='ltr'><em>τὴν</em></span> <span class='ocrx_word' id='word_1_967' title='bbox 3284 6055 3550 6127; x_wconf 82' lang='grc' dir='ltr'><em>ὠφέλειαν</em></span> <span class='ocrx_word' id='word_1_968' title='bbox 3582 6055 3711 6121; x_wconf 69' lang='grc' dir='ltr'><em>ὁμο-ρ</em></span> 
     </span>
    </p>
   </div>
  </div>
