  <div class='ocr_page' id='page_1' title='image "/cluster/home/n/w/nwhite01/storage/ocr_20150623/47/hvd.32044025239690/132.png"; bbox 0 0 4504 6768; ppageno 0'>
   <div class='ocr_carea' id='block_1_1' title="bbox 447 597 3718 662">
    <p class='ocr_par' dir='ltr' id='par_1_1' title="bbox 447 597 3718 662">
     <span class='ocr_line' id='line_1_1' title="bbox 447 597 3718 662; baseline -0.003 0"><span class='ocrx_word' id='word_1_1' title='bbox 447 605 514 662; x_wconf 80' lang='grc' dir='ltr'><strong>’Π</strong></span> <span class='ocrx_word' id='word_1_2' title='bbox 1433 601 1520 656; x_wconf 83' lang='lat' dir='ltr'><strong>DE</strong></span> <span class='ocrx_word' id='word_1_3' title='bbox 1557 600 1715 655; x_wconf 72' lang='lat' dir='ltr'><strong>VITA</strong></span> <span class='ocrx_word' id='word_1_4' title='bbox 1756 599 1809 652; x_wconf 89' lang='lat' dir='ltr'><strong>S.</strong></span> <span class='ocrx_word' id='word_1_5' title='bbox 1851 597 2129 653; x_wconf 67' lang='lat' dir='ltr'><strong>ltlANNIS</strong></span> <span class='ocrx_word' id='word_1_6' title='bbox 2165 597 2652 655; x_wconf 74' lang='lat' dir='ltr'><strong>CHRYSOS&#39;I&#39;OML</strong></span> <span class='ocrx_word' id='word_1_7' title='bbox 3652 601 3718 652; x_wconf 78' lang='lat'><strong>78</strong></span> 
     </span>
    </p>
   </div>
   <div class='ocr_carea' id='block_1_2' title="bbox 444 710 2024 791">
    <p class='ocr_par' dir='ltr' id='par_1_2' title="bbox 444 710 2024 791">
     <span class='ocr_line' id='line_1_2' title="bbox 444 710 2024 791; baseline -0.009 -15"><span class='ocrx_word' id='word_1_8' title='bbox 444 722 692 790; x_wconf 80' lang='lat' dir='ltr'><strong>expulsos</strong></span> <span class='ocrx_word' id='word_1_9' title='bbox 719 760 734 785; x_wconf 93' lang='lat'><strong>,</strong></span> <span class='ocrx_word' id='word_1_10' title='bbox 765 719 1014 791; x_wconf 88' lang='lat' dir='ltr'><strong>quoniam</strong></span> <span class='ocrx_word' id='word_1_11' title='bbox 1072 714 1324 769; x_wconf 88' lang='lat' dir='ltr'><strong>Ecclesiis</strong></span> <span class='ocrx_word' id='word_1_12' title='bbox 1359 714 1545 784; x_wconf 76' lang='lat' dir='ltr'><strong>privati</strong></span> <span class='ocrx_word' id='word_1_13' title='bbox 1603 726 1806 766; x_wconf 89' lang='lat' dir='ltr'><strong>sumus.</strong></span> <span class='ocrx_word' id='word_1_14' title='bbox 1861 710 2024 773; x_wconf 81' lang='lat' dir='ltr'><strong>idem,</strong></span> 
     </span>
    </p>
   </div>
   <div class='ocr_carea' id='block_1_3' title="bbox 443 803 2030 882">
    <p class='ocr_par' dir='ltr' id='par_1_3' title="bbox 443 803 2030 882">
     <span class='ocr_line' id='line_1_3' title="bbox 443 803 2030 882; baseline -0.008 -15"><span class='ocrx_word' id='word_1_15' title='bbox 443 811 571 867; x_wconf 86' lang='lat' dir='ltr'><strong>mihi</strong></span> <span class='ocrx_word' id='word_1_16' title='bbox 618 814 720 882; x_wconf 83' lang='lat' dir='ltr'><strong>pati</strong></span> <span class='ocrx_word' id='word_1_17' title='bbox 775 810 974 864; x_wconf 88' lang='lat' dir='ltr'><strong>videris</strong></span> <span class='ocrx_word' id='word_1_18' title='bbox 999 847 1014 869; x_wconf 90' lang='lat'><strong>,</strong></span> <span class='ocrx_word' id='word_1_19' title='bbox 1044 807 1182 874; x_wconf 87' lang='lat' dir='ltr'><strong>quod</strong></span> <span class='ocrx_word' id='word_1_20' title='bbox 1236 807 1459 870; x_wconf 92' lang='lat' dir='ltr'><strong>rustici,</strong></span> <span class='ocrx_word' id='word_1_21' title='bbox 1491 806 1579 874; x_wconf 92' lang='lat' dir='ltr'><strong>qui</strong></span> <span class='ocrx_word' id='word_1_22' title='bbox 1631 803 1872 873; x_wconf 87' lang='lat' dir='ltr'><strong>Olympia</strong></span> <span class='ocrx_word' id='word_1_23' title='bbox 1909 818 2030 871; x_wconf 86' lang='lat' dir='ltr'><strong>spe-</strong></span> 
     </span>
    </p>
   </div>
   <div class='ocr_carea' id='block_1_4' title="bbox 443 895 2031 965">
    <p class='ocr_par' dir='ltr' id='par_1_4' title="bbox 443 895 2031 965">
     <span class='ocr_line' id='line_1_4' title="bbox 443 895 2031 965; baseline -0.007 -8"><span class='ocrx_word' id='word_1_24' title='bbox 443 914 590 957; x_wconf 88' lang='lat' dir='ltr'><strong>ctant</strong></span> <span class='ocrx_word' id='word_1_25' title='bbox 619 920 630 955; x_wconf 96' lang='lat'><strong>:</strong></span> <span class='ocrx_word' id='word_1_26' title='bbox 668 904 741 956; x_wconf 85' lang='lat' dir='ltr'><strong>illi</strong></span> <span class='ocrx_word' id='word_1_27' title='bbox 772 902 915 956; x_wconf 91' lang='lat' dir='ltr'><strong>enim</strong></span> <span class='ocrx_word' id='word_1_28' title='bbox 943 912 1037 951; x_wconf 91' lang='lat' dir='ltr'><strong>ore</strong></span> <span class='ocrx_word' id='word_1_29' title='bbox 1066 896 1229 961; x_wconf 98' lang='lat' dir='ltr'><strong>hiant,</strong></span> <span class='ocrx_word' id='word_1_30' title='bbox 1262 899 1586 965; x_wconf 76' lang='lat' dir='ltr'><strong>perlibenter</strong></span> <span class='ocrx_word' id='word_1_31' title='bbox 1625 895 1874 948; x_wconf 90' lang='lat' dir='ltr'><strong>videntes</strong></span> <span class='ocrx_word' id='word_1_32' title='bbox 1900 912 2031 962; x_wconf 78' lang='lat' dir='ltr'><strong>pra-—</strong></span> 
     </span>
    </p>
   </div>
   <div class='ocr_carea' id='block_1_5' title="bbox 442 985 2028 1063">
    <p class='ocr_par' dir='ltr' id='par_1_5' title="bbox 442 985 2028 1063">
     <span class='ocr_line' id='line_1_5' title="bbox 442 985 2028 1063; baseline -0.007 -14"><span class='ocrx_word' id='word_1_33' title='bbox 442 999 545 1049; x_wconf 86' lang='lat' dir='ltr'><strong>tnia</strong></span> <span class='ocrx_word' id='word_1_34' title='bbox 578 1037 591 1056; x_wconf 80' lang='lat'><strong>.</strong></span> <span class='ocrx_word' id='word_1_35' title='bbox 643 997 1004 1063; x_wconf 83' lang='lat' dir='ltr'><strong>lacrytnanlur</strong></span> <span class='ocrx_word' id='word_1_36' title='bbox 1048 1000 1221 1043; x_wconf 90' lang='lat' dir='ltr'><strong>autem</strong></span> <span class='ocrx_word' id='word_1_37' title='bbox 1278 988 1657 1042; x_wconf 87' lang='lat' dir='ltr'><strong>miserabiliter</strong></span> <span class='ocrx_word' id='word_1_38' title='bbox 1701 985 1768 1038; x_wconf 90' lang='lat' dir='ltr'><strong>ad</strong></span> <span class='ocrx_word' id='word_1_39' title='bbox 1819 996 2028 1039; x_wconf 88' lang='lat' dir='ltr'><strong>certan-</strong></span> 
     </span>
    </p>
   </div>
   <div class='ocr_carea' id='block_1_6' title="bbox 443 1077 2031 1153">
    <p class='ocr_par' dir='ltr' id='par_1_6' title="bbox 443 1077 2031 1153">
     <span class='ocr_line' id='line_1_6' title="bbox 443 1077 2031 1153; baseline -0.005 -15"><span class='ocrx_word' id='word_1_40' title='bbox 443 1088 572 1139; x_wconf 90' lang='lat' dir='ltr'><strong>tium</strong></span> <span class='ocrx_word' id='word_1_41' title='bbox 603 1085 800 1153; x_wconf 89' lang='lat' dir='ltr'><strong>plagas.</strong></span> <span class='ocrx_word' id='word_1_42' title='bbox 849 1080 976 1134; x_wconf 84' lang='lat' dir='ltr'><strong>Mihi</strong></span> <span class='ocrx_word' id='word_1_43' title='bbox 1020 1089 1193 1134; x_wconf 89' lang='lat' dir='ltr'><strong>autem</strong></span> <span class='ocrx_word' id='word_1_44' title='bbox 1235 1089 1454 1150; x_wconf 67' lang='lat' dir='ltr'><strong>prmstat</strong></span> <span class='ocrx_word' id='word_1_45' title='bbox 1490 1077 1653 1130; x_wconf 83' lang='lat' dir='ltr'><strong>valles</strong></span> <span class='ocrx_word' id='word_1_46' title='bbox 1682 1086 1736 1131; x_wconf 88' lang='lat' dir='ltr'><strong>et.</strong></span> <span class='ocrx_word' id='word_1_47' title='bbox 1787 1077 1944 1130; x_wconf 89' lang='lat' dir='ltr'><strong>silvas</strong></span> <span class='ocrx_word' id='word_1_48' title='bbox 1978 1087 2031 1130; x_wconf 87' lang='lat' dir='ltr'><strong>et</strong></span> 
     </span>
    </p>
   </div>
   <div class='ocr_carea' id='block_1_7' title="bbox 442 1169 2028 1244">
    <p class='ocr_par' dir='ltr' id='par_1_7' title="bbox 442 1169 2028 1244">
     <span class='ocr_line' id='line_1_7' title="bbox 442 1169 2028 1244; baseline -0.005 -14"><span class='ocrx_word' id='word_1_49' title='bbox 442 1179 615 1231; x_wconf 89' lang='lat' dir='ltr'><strong>maria</strong></span> <span class='ocrx_word' id='word_1_50' title='bbox 645 1174 920 1244; x_wconf 85' lang='lat' dir='ltr'><strong>pervagari</strong></span> <span class='ocrx_word' id='word_1_51' title='bbox 944 1189 1063 1225; x_wconf 92' lang='lat' dir='ltr'><strong>cum</strong></span> <span class='ocrx_word' id='word_1_52' title='bbox 1089 1175 1308 1227; x_wconf 90' lang='lat' dir='ltr'><strong>veritate</strong></span> <span class='ocrx_word' id='word_1_53' title='bbox 1332 1215 1347 1238; x_wconf 94' lang='lat'><strong>,</strong></span> <span class='ocrx_word' id='word_1_54' title='bbox 1377 1186 1534 1240; x_wconf 93' lang='lat' dir='ltr'><strong>quam</strong></span> <span class='ocrx_word' id='word_1_55' title='bbox 1563 1169 1781 1222; x_wconf 92' lang='lat' dir='ltr'><strong>multam</strong></span> <span class='ocrx_word' id='word_1_56' title='bbox 1810 1169 2028 1237; x_wconf 79' lang='lat' dir='ltr'><strong>gloriam</strong></span> 
     </span>
    </p>
   </div>
   <div class='ocr_carea' id='block_1_8' title="bbox 442 1261 2027 1335">
    <p class='ocr_par' dir='ltr' id='par_1_8' title="bbox 442 1261 2027 1335">
     <span class='ocr_line' id='line_1_8' title="bbox 442 1261 2027 1335; baseline -0.001 -18"><span class='ocrx_word' id='word_1_57' title='bbox 442 1266 724 1335; x_wconf 72' lang='lat' dir='ltr'><strong>prmseutis</strong></span> <span class='ocrx_word' id='word_1_58' title='bbox 763 1265 1028 1319; x_wconf 87' lang='lat' dir='ltr'><strong>felicitatis</strong></span> <span class='ocrx_word' id='word_1_59' title='bbox 1076 1264 1358 1320; x_wconf 73' lang='lat' dir='ltr'><strong>habentem</strong></span> <span class='ocrx_word' id='word_1_60' title='bbox 1391 1304 1405 1327; x_wconf 94' lang='lat'><strong>,</strong></span> <span class='ocrx_word' id='word_1_61' title='bbox 1435 1261 1711 1315; x_wconf 88' lang='lat' dir='ltr'><strong>mendacio</strong></span> <span class='ocrx_word' id='word_1_62' title='bbox 1737 1261 2027 1330; x_wconf 87' lang='lat' dir='ltr'><strong>subjaccre.</strong></span> 
     </span>
    </p>
   </div>
   <div class='ocr_carea' id='block_1_9' title="bbox 452 1351 2030 1421">
    <p class='ocr_par' dir='ltr' id='par_1_9' title="bbox 452 1351 2030 1421">
     <span class='ocr_line' id='line_1_9' title="bbox 452 1351 2030 1421; baseline -0.001 -15"><span class='ocrx_word' id='word_1_63' title='bbox 452 1356 744 1409; x_wconf 72' lang='lat' dir='ltr'><strong>Veritatem</strong></span> <span class='ocrx_word' id='word_1_64' title='bbox 775 1357 917 1408; x_wconf 91' lang='lat' dir='ltr'><strong>enim</strong></span> <span class='ocrx_word' id='word_1_65' title='bbox 961 1355 1160 1408; x_wconf 83' lang='lat' dir='ltr'><strong>habens</strong></span> <span class='ocrx_word' id='word_1_66' title='bbox 1181 1398 1194 1418; x_wconf 89' lang='lat'><strong>,</strong></span> <span class='ocrx_word' id='word_1_67' title='bbox 1225 1355 1432 1408; x_wconf 84' lang='lat' dir='ltr'><strong>habebo</strong></span> <span class='ocrx_word' id='word_1_68' title='bbox 1459 1353 1634 1404; x_wconf 86' lang='lat' dir='ltr'><strong>omnia</strong></span> <span class='ocrx_word' id='word_1_69' title='bbox 1663 1369 1678 1416; x_wconf 87' lang='lat'><strong>;</strong></span> <span class='ocrx_word' id='word_1_70' title='bbox 1707 1353 1899 1405; x_wconf 89' lang='lat' dir='ltr'><strong>etenim</strong></span> <span class='ocrx_word' id='word_1_71' title='bbox 1930 1351 2030 1421; x_wconf 88' lang='lat' dir='ltr'><strong>ipsi</strong></span> 
     </span>
    </p>
   </div>
   <div class='ocr_carea' id='block_1_10' title="bbox 443 1443 2031 1512">
    <p class='ocr_par' dir='ltr' id='par_1_10' title="bbox 443 1443 2031 1512">
     <span class='ocr_line' id='line_1_10' title="bbox 443 1443 2031 1512; baseline -0.005 -8"><span class='ocrx_word' id='word_1_72' title='bbox 443 1450 683 1504; x_wconf 79' lang='lat' dir='ltr'><strong>serviunt</strong></span> <span class='ocrx_word' id='word_1_73' title='bbox 735 1448 910 1499; x_wconf 82' lang='lat' dir='ltr'><strong>omnia</strong></span> <span class='ocrx_word' id='word_1_74' title='bbox 957 1465 968 1497; x_wconf 89' lang='lat'><strong>:</strong></span> <span class='ocrx_word' id='word_1_75' title='bbox 1010 1449 1344 1500; x_wconf 84' lang='lat' dir='ltr'><strong>mendacium</strong></span> <span class='ocrx_word' id='word_1_76' title='bbox 1376 1458 1504 1497; x_wconf 84' lang='lat' dir='ltr'><strong>vero</strong></span> <span class='ocrx_word' id='word_1_77' title='bbox 1528 1443 1823 1512; x_wconf 89' lang='lat' dir='ltr'><strong>possidens,</strong></span> <span class='ocrx_word' id='word_1_78' title='bbox 1851 1459 1917 1495; x_wconf 90' lang='lat' dir='ltr'><strong>ne</strong></span> <span class='ocrx_word' id='word_1_79' title='bbox 1946 1457 2031 1496; x_wconf 90' lang='lat' dir='ltr'><strong>me</strong></span> 
     </span>
    </p>
   </div>
   <div class='ocr_carea' id='block_1_11' title="bbox 445 1531 2029 1606">
    <p class='ocr_par' dir='ltr' id='par_1_11' title="bbox 445 1531 2029 1606">
     <span class='ocr_line' id='line_1_11' title="bbox 445 1531 2029 1606; baseline -0.004 -16"><span class='ocrx_word' id='word_1_80' title='bbox 445 1539 619 1605; x_wconf 90' lang='lat' dir='ltr'><strong>ipsum</strong></span> <span class='ocrx_word' id='word_1_81' title='bbox 651 1535 865 1606; x_wconf 87' lang='lat' dir='ltr'><strong>quidem</strong></span> <span class='ocrx_word' id='word_1_82' title='bbox 894 1535 1117 1597; x_wconf 89' lang='lat' dir='ltr'><strong>habebo,</strong></span> <span class='ocrx_word' id='word_1_83' title='bbox 1148 1551 1268 1590; x_wconf 89' lang='lat' dir='ltr'><strong>cum</strong></span> <span class='ocrx_word' id='word_1_84' title='bbox 1311 1534 1451 1587; x_wconf 91' lang='lat' dir='ltr'><strong>illius</strong></span> <span class='ocrx_word' id='word_1_85' title='bbox 1481 1547 1587 1585; x_wconf 92' lang='lat' dir='ltr'><strong>non</strong></span> <span class='ocrx_word' id='word_1_86' title='bbox 1617 1531 1738 1584; x_wconf 84' lang='lat' dir='ltr'><strong>sim.</strong></span> <span class='ocrx_word' id='word_1_87' title='bbox 1770 1531 2029 1584; x_wconf 81' lang='lat' dir='ltr'><strong>Caeterum</strong></span> 
     </span>
    </p>
   </div>
   <div class='ocr_carea' id='block_1_12' title="bbox 446 1622 2026 1696">
    <p class='ocr_par' dir='ltr' id='par_1_12' title="bbox 446 1622 2026 1696">
     <span class='ocr_line' id='line_1_12' title="bbox 446 1622 2026 1696; baseline -0.002 -18"><span class='ocrx_word' id='word_1_88' title='bbox 446 1629 722 1682; x_wconf 75' lang='lat' dir='ltr'><strong>veritatem</strong></span> <span class='ocrx_word' id='word_1_89' title='bbox 758 1626 962 1680; x_wconf 82' lang='lat' dir='ltr'><strong>habens</strong></span> <span class='ocrx_word' id='word_1_90' title='bbox 986 1669 1001 1691; x_wconf 94' lang='lat'><strong>,</strong></span> <span class='ocrx_word' id='word_1_91' title='bbox 1035 1643 1138 1680; x_wconf 90' lang='lat' dir='ltr'><strong>non</strong></span> <span class='ocrx_word' id='word_1_92' title='bbox 1176 1625 1489 1696; x_wconf 87' lang='lat' dir='ltr'><strong>simpliciter</strong></span> <span class='ocrx_word' id='word_1_93' title='bbox 1509 1637 1625 1677; x_wconf 88' lang='lat' dir='ltr'><strong>eam</strong></span> <span class='ocrx_word' id='word_1_94' title='bbox 1651 1622 1847 1676; x_wconf 90' lang='lat' dir='ltr'><strong>habere</strong></span> <span class='ocrx_word' id='word_1_95' title='bbox 1875 1624 1993 1675; x_wconf 76' lang='lat' dir='ltr'><strong>volo</strong></span> <span class='ocrx_word' id='word_1_96' title='bbox 2012 1665 2026 1685; x_wconf 90' lang='lat'><strong>,</strong></span> 
     </span>
    </p>
   </div>
   <div class='ocr_carea' id='block_1_13' title="bbox 446 1713 2028 1779">
    <p class='ocr_par' dir='ltr' id='par_1_13' title="bbox 446 1713 2028 1779">
     <span class='ocr_line' id='line_1_13' title="bbox 446 1713 2028 1779; baseline -0.004 -7"><span class='ocrx_word' id='word_1_97' title='bbox 446 1729 506 1772; x_wconf 86' lang='lat' dir='ltr'><strong>ut.</strong></span> <span class='ocrx_word' id='word_1_98' title='bbox 532 1719 802 1772; x_wconf 90' lang='lat' dir='ltr'><strong>dominam</strong></span> <span class='ocrx_word' id='word_1_99' title='bbox 834 1729 922 1771; x_wconf 91' lang='lat' dir='ltr'><strong>aut</strong></span> <span class='ocrx_word' id='word_1_100' title='bbox 946 1733 1148 1772; x_wconf 88' lang='lat' dir='ltr'><strong>servam</strong></span> <span class='ocrx_word' id='word_1_101' title='bbox 1177 1727 1267 1771; x_wconf 88' lang='lat' dir='ltr'><strong>aut</strong></span> <span class='ocrx_word' id='word_1_102' title='bbox 1288 1716 1538 1779; x_wconf 83' lang='lat' dir='ltr'><strong>vicinam,</strong></span> <span class='ocrx_word' id='word_1_103' title='bbox 1563 1713 1658 1769; x_wconf 88' lang='lat' dir='ltr'><strong>sed</strong></span> <span class='ocrx_word' id='word_1_104' title='bbox 1687 1723 1746 1767; x_wconf 89' lang='lat' dir='ltr'><strong>ut</strong></span> <span class='ocrx_word' id='word_1_105' title='bbox 1770 1728 2028 1776; x_wconf 88' lang='lat' dir='ltr'><strong>sororem,</strong></span> 
     </span>
    </p>
   </div>
   <div class='ocr_carea' id='block_1_14' title="bbox 443 1807 2029 1879">
    <p class='ocr_par' dir='ltr' id='par_1_14' title="bbox 443 1807 2029 1879">
     <span class='ocr_line' id='line_1_14' title="bbox 443 1807 2029 1879; baseline -0.006 -13"><span class='ocrx_word' id='word_1_106' title='bbox 443 1821 498 1866; x_wconf 89' lang='lat' dir='ltr'><strong>et</strong></span> <span class='ocrx_word' id='word_1_107' title='bbox 527 1813 570 1865; x_wconf 92' lang='lat' dir='ltr'><strong>si</strong></span> <span class='ocrx_word' id='word_1_108' title='bbox 619 1811 734 1865; x_wconf 79' lang='lat' dir='ltr'><strong>fieri</strong></span> <span class='ocrx_word' id='word_1_109' title='bbox 767 1811 952 1878; x_wconf 87' lang='lat' dir='ltr'><strong>possit,</strong></span> <span class='ocrx_word' id='word_1_110' title='bbox 977 1819 1038 1864; x_wconf 93' lang='lat' dir='ltr'><strong>ut</strong></span> <span class='ocrx_word' id='word_1_111' title='bbox 1075 1810 1376 1879; x_wconf 84' lang='lat' dir='ltr'><strong>conjugem,</strong></span> <span class='ocrx_word' id='word_1_112' title='bbox 1411 1810 1579 1877; x_wconf 89' lang='lat' dir='ltr'><strong>ipsius</strong></span> <span class='ocrx_word' id='word_1_113' title='bbox 1598 1807 1866 1872; x_wconf 86' lang='lat' dir='ltr'><strong>voluptate</strong></span> <span class='ocrx_word' id='word_1_114' title='bbox 1892 1807 1988 1859; x_wconf 86' lang='lat' dir='ltr'><strong>frui</strong></span> <span class='ocrx_word' id='word_1_115' title='bbox 2013 1849 2029 1872; x_wconf 89' lang='lat'><strong>,</strong></span> 
     </span>
    </p>
   </div>
   <div class='ocr_carea' id='block_1_15' title="bbox 444 1895 2028 1971">
    <p class='ocr_par' dir='ltr' id='par_1_15' title="bbox 444 1895 2028 1971">
     <span class='ocr_line' id='line_1_15' title="bbox 444 1895 2028 1971; baseline -0.004 -16"><span class='ocrx_word' id='word_1_116' title='bbox 444 1911 497 1955; x_wconf 86' lang='lat' dir='ltr'><strong>et</strong></span> <span class='ocrx_word' id='word_1_117' title='bbox 525 1909 710 1971; x_wconf 88' lang='lat' dir='ltr'><strong>postea</strong></span> <span class='ocrx_word' id='word_1_118' title='bbox 742 1900 990 1954; x_wconf 90' lang='lat' dir='ltr'><strong>heredem</strong></span> <span class='ocrx_word' id='word_1_119' title='bbox 1011 1942 1026 1964; x_wconf 93' lang='lat'><strong>,</strong></span> <span class='ocrx_word' id='word_1_120' title='bbox 1055 1910 1320 1968; x_wconf 86' lang='lat' dir='ltr'><strong>tamquam</strong></span> <span class='ocrx_word' id='word_1_121' title='bbox 1364 1899 1633 1969; x_wconf 88' lang='lat' dir='ltr'><strong>propriam</strong></span> <span class='ocrx_word' id='word_1_122' title='bbox 1670 1913 1909 1951; x_wconf 80' lang='lat' dir='ltr'><strong>uxorem.</strong></span> <span class='ocrx_word' id='word_1_123' title='bbox 1941 1895 2028 1948; x_wconf 84' lang='lat' dir='ltr'><strong>Fi-</strong></span> 
     </span>
    </p>
   </div>
   <div class='ocr_carea' id='block_1_16' title="bbox 445 1987 2029 2058">
    <p class='ocr_par' dir='ltr' id='par_1_16' title="bbox 445 1987 2029 2058">
     <span class='ocr_line' id='line_1_16' title="bbox 445 1987 2029 2058; baseline -0.004 -13"><span class='ocrx_word' id='word_1_124' title='bbox 445 1993 511 2045; x_wconf 91' lang='lat' dir='ltr'><strong>lia</strong></span> <span class='ocrx_word' id='word_1_125' title='bbox 537 1994 680 2046; x_wconf 90' lang='lat' dir='ltr'><strong>enim</strong></span> <span class='ocrx_word' id='word_1_126' title='bbox 709 2001 791 2045; x_wconf 91' lang='lat' dir='ltr'><strong>est</strong></span> <span class='ocrx_word' id='word_1_127' title='bbox 819 1991 1041 2043; x_wconf 78' lang='lat' dir='ltr'><strong>sincera:</strong></span> <span class='ocrx_word' id='word_1_128' title='bbox 1084 1990 1226 2043; x_wconf 89' lang='lat' dir='ltr'><strong>illius</strong></span> <span class='ocrx_word' id='word_1_129' title='bbox 1275 1991 1510 2043; x_wconf 77' lang='lat' dir='ltr'><strong>veritatis</strong></span> <span class='ocrx_word' id='word_1_130' title='bbox 1538 2030 1554 2056; x_wconf 92' lang='lat'><strong>,</strong></span> <span class='ocrx_word' id='word_1_131' title='bbox 1585 1989 1736 2057; x_wconf 89' lang='lat' dir='ltr'><strong>cujus</strong></span> <span class='ocrx_word' id='word_1_132' title='bbox 1762 2003 1923 2058; x_wconf 82' lang='lat' dir='ltr'><strong>gener</strong></span> <span class='ocrx_word' id='word_1_133' title='bbox 1953 1987 2029 2040; x_wconf 87' lang='lat' dir='ltr'><strong>vir</strong></span> 
     </span>
    </p>
   </div>
   <div class='ocr_carea' id='block_1_17' title="bbox 445 2078 2029 2150">
    <p class='ocr_par' dir='ltr' id='par_1_17' title="bbox 445 2078 2029 2150">
     <span class='ocr_line' id='line_1_17' title="bbox 445 2078 2029 2150; baseline 0.001 -19"><span class='ocrx_word' id='word_1_134' title='bbox 445 2083 665 2150; x_wconf 88' lang='lat' dir='ltr'><strong>probus.</strong></span> <span class='ocrx_word' id='word_1_135' title='bbox 694 2081 794 2148; x_wconf 88' lang='lat' dir='ltr'><strong>Qui</strong></span> <span class='ocrx_word' id='word_1_136' title='bbox 822 2082 964 2135; x_wconf 93' lang='lat' dir='ltr'><strong>enim</strong></span> <span class='ocrx_word' id='word_1_137' title='bbox 990 2081 1091 2134; x_wconf 91' lang='lat' dir='ltr'><strong>hoc</strong></span> <span class='ocrx_word' id='word_1_138' title='bbox 1136 2081 1461 2148; x_wconf 81' lang='lat' dir='ltr'><strong>signaculum</strong></span> <span class='ocrx_word' id='word_1_139' title='bbox 1491 2079 1727 2149; x_wconf 87' lang='lat' dir='ltr'><strong>possidet</strong></span> <span class='ocrx_word' id='word_1_140' title='bbox 1753 2120 1768 2144; x_wconf 91' lang='lat'><strong>,</strong></span> <span class='ocrx_word' id='word_1_141' title='bbox 1805 2078 2029 2147; x_wconf 85' lang='lat' dir='ltr'><strong>repube-</strong></span> 
     </span>
    </p>
   </div>
   <div class='ocr_carea' id='block_1_18' title="bbox 445 2170 2028 2242">
    <p class='ocr_par' dir='ltr' id='par_1_18' title="bbox 445 2170 2028 2242">
     <span class='ocr_line' id='line_1_18' title="bbox 445 2170 2028 2242; baseline -0.003 -15"><span class='ocrx_word' id='word_1_142' title='bbox 445 2175 566 2238; x_wconf 84' lang='lat' dir='ltr'><strong>seit,</strong></span> <span class='ocrx_word' id='word_1_143' title='bbox 586 2188 871 2242; x_wconf 88' lang='lat' dir='ltr'><strong>numquam</strong></span> <span class='ocrx_word' id='word_1_144' title='bbox 901 2173 1127 2227; x_wconf 82' lang='lat' dir='ltr'><strong>senescit</strong></span> <span class='ocrx_word' id='word_1_145' title='bbox 1154 2188 1251 2225; x_wconf 91' lang='lat' dir='ltr'><strong>nec</strong></span> <span class='ocrx_word' id='word_1_146' title='bbox 1283 2174 1578 2237; x_wconf 86' lang='lat' dir='ltr'><strong>marcescit,</strong></span> <span class='ocrx_word' id='word_1_147' title='bbox 1608 2173 1728 2241; x_wconf 84' lang='lat' dir='ltr'><strong>igne</strong></span> <span class='ocrx_word' id='word_1_148' title='bbox 1755 2170 2028 2225; x_wconf 87' lang='lat' dir='ltr'><strong>ardentio-</strong></span> 
     </span>
    </p>
   </div>
   <div class='ocr_carea' id='block_1_19' title="bbox 445 2262 2031 2331">
    <p class='ocr_par' dir='ltr' id='par_1_19' title="bbox 445 2262 2031 2331">
     <span class='ocr_line' id='line_1_19' title="bbox 445 2262 2031 2331; baseline 0 -15"><span class='ocrx_word' id='word_1_149' title='bbox 445 2279 557 2318; x_wconf 84' lang='lat' dir='ltr'><strong>rem</strong></span> <span class='ocrx_word' id='word_1_150' title='bbox 583 2262 790 2318; x_wconf 81' lang='lat' dir='ltr'><strong>habens</strong></span> <span class='ocrx_word' id='word_1_151' title='bbox 820 2267 1016 2324; x_wconf 82' lang='lat' dir='ltr'><strong>zelum,</strong></span> <span class='ocrx_word' id='word_1_152' title='bbox 1049 2264 1342 2317; x_wconf 77' lang='lat' dir='ltr'><strong>acutiorem</strong></span> <span class='ocrx_word' id='word_1_153' title='bbox 1369 2264 1541 2331; x_wconf 87' lang='lat' dir='ltr'><strong>gladio</strong></span> <span class='ocrx_word' id='word_1_154' title='bbox 1571 2278 1870 2316; x_wconf 89' lang='lat' dir='ltr'><strong>sermonem</strong></span> <span class='ocrx_word' id='word_1_155' title='bbox 1893 2302 1908 2323; x_wconf 92' lang='lat'><strong>,</strong></span> <span class='ocrx_word' id='word_1_156' title='bbox 1956 2263 2031 2316; x_wconf 86' lang='lat' dir='ltr'><strong>le-</strong></span> 
     </span>
    </p>
   </div>
   <div class='ocr_carea' id='block_1_20' title="bbox 444 2352 2030 2422">
    <p class='ocr_par' dir='ltr' id='par_1_20' title="bbox 444 2352 2030 2422">
     <span class='ocr_line' id='line_1_20' title="bbox 444 2352 2030 2422; baseline 0.001 -19"><span class='ocrx_word' id='word_1_157' title='bbox 444 2353 645 2404; x_wconf 76' lang='lat' dir='ltr'><strong>viorem</strong></span> <span class='ocrx_word' id='word_1_158' title='bbox 670 2353 840 2419; x_wconf 90' lang='lat' dir='ltr'><strong>aquila</strong></span> <span class='ocrx_word' id='word_1_159' title='bbox 868 2354 1025 2405; x_wconf 90' lang='lat' dir='ltr'><strong>vitam</strong></span> <span class='ocrx_word' id='word_1_160' title='bbox 1062 2371 1074 2406; x_wconf 92' lang='lat'><strong>:</strong></span> <span class='ocrx_word' id='word_1_161' title='bbox 1102 2352 1322 2422; x_wconf 82' lang='lat' dir='ltr'><strong>impigre</strong></span> <span class='ocrx_word' id='word_1_162' title='bbox 1350 2354 1513 2405; x_wconf 84' lang='lat' dir='ltr'><strong>currit</strong></span> <span class='ocrx_word' id='word_1_163' title='bbox 1540 2353 1602 2405; x_wconf 84' lang='lat' dir='ltr'><strong>ad</strong></span> <span class='ocrx_word' id='word_1_164' title='bbox 1631 2352 2030 2420; x_wconf 86' lang='lat' dir='ltr'><strong>Scripturarum</strong></span> 
     </span>
    </p>
   </div>
   <div class='ocr_carea' id='block_1_21' title="bbox 446 2440 2025 2503">
    <p class='ocr_par' dir='ltr' id='par_1_21' title="bbox 446 2440 2025 2503">
     <span class='ocr_line' id='line_1_21' title="bbox 446 2440 2025 2503; baseline 0 -11"><span class='ocrx_word' id='word_1_165' title='bbox 446 2440 846 2492; x_wconf 81' lang='lat' dir='ltr'><strong>meditationem</strong></span> <span class='ocrx_word' id='word_1_166' title='bbox 874 2482 888 2503; x_wconf 97' lang='lat'><strong>,</strong></span> <span class='ocrx_word' id='word_1_167' title='bbox 924 2441 1067 2494; x_wconf 88' lang='lat' dir='ltr'><strong>velut</strong></span> <span class='ocrx_word' id='word_1_168' title='bbox 1108 2441 1172 2494; x_wconf 94' lang='lat' dir='ltr'><strong>ad</strong></span> <span class='ocrx_word' id='word_1_169' title='bbox 1227 2452 1448 2494; x_wconf 86' lang='lat' dir='ltr'><strong>matrem</strong></span> <span class='ocrx_word' id='word_1_170' title='bbox 1489 2443 1678 2494; x_wconf 80' lang='lat' dir='ltr'><strong>domus</strong></span> <span class='ocrx_word' id='word_1_171' title='bbox 1716 2440 2025 2494; x_wconf 88' lang='lat' dir='ltr'><strong>custodem:</strong></span> 
     </span>
    </p>
   </div>
   <div class='ocr_carea' id='block_1_22' title="bbox 447 2527 2024 2597">
    <p class='ocr_par' dir='ltr' id='par_1_22' title="bbox 447 2527 2024 2597">
     <span class='ocr_line' id='line_1_22' title="bbox 447 2527 2024 2597; baseline -0.001 -17"><span class='ocrx_word' id='word_1_172' title='bbox 447 2527 606 2581; x_wconf 83' lang='lat' dir='ltr'><strong>ﬂoret</strong></span> <span class='ocrx_word' id='word_1_173' title='bbox 633 2528 831 2597; x_wconf 87' lang='lat' dir='ltr'><strong>jugiter</strong></span> <span class='ocrx_word' id='word_1_174' title='bbox 858 2528 1008 2582; x_wconf 68' lang='lat' dir='ltr'><strong>lzetus</strong></span> <span class='ocrx_word' id='word_1_175' title='bbox 1031 2570 1043 2591; x_wconf 93' lang='lat'><strong>,</strong></span> <span class='ocrx_word' id='word_1_176' title='bbox 1073 2545 1174 2582; x_wconf 90' lang='lat' dir='ltr'><strong>non</strong></span> <span class='ocrx_word' id='word_1_177' title='bbox 1203 2530 1407 2597; x_wconf 87' lang='lat' dir='ltr'><strong>capitur</strong></span> <span class='ocrx_word' id='word_1_178' title='bbox 1441 2540 1579 2583; x_wconf 91' lang='lat' dir='ltr'><strong>metu</strong></span> <span class='ocrx_word' id='word_1_179' title='bbox 1608 2570 1623 2594; x_wconf 95' lang='lat'><strong>,</strong></span> <span class='ocrx_word' id='word_1_180' title='bbox 1660 2529 1914 2595; x_wconf 77' lang='lat' dir='ltr'><strong>gloriatur</strong></span> <span class='ocrx_word' id='word_1_181' title='bbox 1943 2530 2024 2580; x_wconf 90' lang='lat' dir='ltr'><strong>in-</strong></span> 
     </span>
    </p>
   </div>
   <div class='ocr_carea' id='block_1_23' title="bbox 445 2616 2026 2686">
    <p class='ocr_par' dir='ltr' id='par_1_23' title="bbox 445 2616 2026 2686">
     <span class='ocr_line' id='line_1_23' title="bbox 445 2616 2026 2686; baseline 0.001 -16"><span class='ocrx_word' id='word_1_182' title='bbox 445 2616 703 2686; x_wconf 87' lang='lat' dir='ltr'><strong>trepidus,</strong></span> <span class='ocrx_word' id='word_1_183' title='bbox 732 2633 887 2671; x_wconf 90' lang='lat' dir='ltr'><strong>sacro</strong></span> <span class='ocrx_word' id='word_1_184' title='bbox 923 2616 1101 2671; x_wconf 90' lang='lat' dir='ltr'><strong>furore</strong></span> <span class='ocrx_word' id='word_1_185' title='bbox 1150 2618 1426 2686; x_wconf 88' lang='lat' dir='ltr'><strong>tripudiat,</strong></span> <span class='ocrx_word' id='word_1_186' title='bbox 1465 2621 1730 2673; x_wconf 89' lang='lat' dir='ltr'><strong>neminem</strong></span> <span class='ocrx_word' id='word_1_187' title='bbox 1774 2619 1900 2680; x_wconf 90' lang='lat' dir='ltr'><strong>odit,</strong></span> <span class='ocrx_word' id='word_1_188' title='bbox 1927 2619 2026 2672; x_wconf 85' lang='lat' dir='ltr'><strong>mi-</strong></span> 
     </span>
    </p>
   </div>
   <div class='ocr_carea' id='block_1_24' title="bbox 443 2707 2027 2776">
    <p class='ocr_par' dir='ltr' id='par_1_24' title="bbox 443 2707 2027 2776">
     <span class='ocr_line' id='line_1_24' title="bbox 443 2707 2027 2776; baseline 0.001 -18"><span class='ocrx_word' id='word_1_189' title='bbox 443 2716 650 2760; x_wconf 85' lang='lat' dir='ltr'><strong>seratur</strong></span> <span class='ocrx_word' id='word_1_190' title='bbox 694 2722 786 2761; x_wconf 92' lang='lat' dir='ltr'><strong>eos</strong></span> <span class='ocrx_word' id='word_1_191' title='bbox 823 2707 914 2775; x_wconf 89' lang='lat' dir='ltr'><strong>qui</strong></span> <span class='ocrx_word' id='word_1_192' title='bbox 964 2707 1162 2762; x_wconf 71' lang='lat' dir='ltr'><strong>smculo</strong></span> <span class='ocrx_word' id='word_1_193' title='bbox 1208 2711 1527 2770; x_wconf 90' lang='lat' dir='ltr'><strong>abutuntur.</strong></span> <span class='ocrx_word' id='word_1_194' title='bbox 1563 2709 1745 2761; x_wconf 93' lang='lat' dir='ltr'><strong>beatos</strong></span> <span class='ocrx_word' id='word_1_195' title='bbox 1772 2707 1900 2761; x_wconf 84' lang='lat' dir='ltr'><strong>dicit</strong></span> <span class='ocrx_word' id='word_1_196' title='bbox 1939 2707 2027 2776; x_wconf 92' lang='lat' dir='ltr'><strong>qui</strong></span> 
     </span>
    </p>
   </div>
   <div class='ocr_carea' id='block_1_25' title="bbox 443 2796 2025 2867">
    <p class='ocr_par' dir='ltr' id='par_1_25' title="bbox 443 2796 2025 2867">
     <span class='ocr_line' id='line_1_25' title="bbox 443 2796 2025 2867; baseline 0.004 -20"><span class='ocrx_word' id='word_1_197' title='bbox 443 2796 543 2848; x_wconf 83' lang='lat' dir='ltr'><strong>sibi</strong></span> <span class='ocrx_word' id='word_1_198' title='bbox 571 2797 754 2848; x_wconf 86' lang='lat' dir='ltr'><strong>vivunt</strong></span> <span class='ocrx_word' id='word_1_199' title='bbox 783 2798 1042 2862; x_wconf 89' lang='lat' dir='ltr'><strong>contenti,</strong></span> <span class='ocrx_word' id='word_1_200' title='bbox 1074 2799 1312 2850; x_wconf 91' lang='lat' dir='ltr'><strong>tristatur</strong></span> <span class='ocrx_word' id='word_1_201' title='bbox 1341 2799 1563 2867; x_wconf 81' lang='lat' dir='ltr'><strong>Spiritali</strong></span> <span class='ocrx_word' id='word_1_202' title='bbox 1604 2798 1814 2852; x_wconf 76' lang='lat' dir='ltr'><strong>tristitia</strong></span> <span class='ocrx_word' id='word_1_203' title='bbox 1839 2798 1908 2851; x_wconf 88' lang='lat' dir='ltr'><strong>ob</strong></span> <span class='ocrx_word' id='word_1_204' title='bbox 1932 2813 2025 2853; x_wconf 83' lang='lat' dir='ltr'><strong>ec-</strong></span> 
     </span>
    </p>
   </div>
   <div class='ocr_carea' id='block_1_26' title="bbox 443 2887 2019 2957">
    <p class='ocr_par' dir='ltr' id='par_1_26' title="bbox 443 2887 2019 2957">
     <span class='ocr_line' id='line_1_26' title="bbox 443 2887 2019 2957; baseline 0.002 -18"><span class='ocrx_word' id='word_1_205' title='bbox 443 2887 864 2940; x_wconf 83' lang='lat' dir='ltr'><strong>clesiasticarum</strong></span> <span class='ocrx_word' id='word_1_206' title='bbox 895 2888 1192 2942; x_wconf 87' lang='lat' dir='ltr'><strong>socordiam</strong></span> <span class='ocrx_word' id='word_1_207' title='bbox 1231 2904 1243 2940; x_wconf 91' lang='lat'><strong>:</strong></span> <span class='ocrx_word' id='word_1_208' title='bbox 1287 2888 1355 2942; x_wconf 91' lang='lat' dir='ltr'><strong>de</strong></span> <span class='ocrx_word' id='word_1_209' title='bbox 1398 2889 1590 2957; x_wconf 90' lang='lat' dir='ltr'><strong>quibus</strong></span> <span class='ocrx_word' id='word_1_210' title='bbox 1609 2889 2019 2957; x_wconf 83' lang='lat' dir='ltr'><strong>aitApostolus:</strong></span> 
     </span>
    </p>
   </div>
   <div class='ocr_carea' id='block_1_27' title="bbox 445 2976 2024 3048">
    <p class='ocr_par' dir='ltr' id='par_1_27' title="bbox 445 2976 2024 3048">
     <span class='ocr_line' id='line_1_27' title="bbox 445 2976 2024 3048; baseline 0.002 -19"><span class='ocrx_word' id='word_1_211' title='bbox 445 2976 514 3029; x_wconf 74' lang='lat' dir='ltr'><strong>Et</strong></span> <span class='ocrx_word' id='word_1_212' title='bbox 542 2976 790 3044; x_wconf 81' lang='lat' dir='ltr'><strong>Spiritum</strong></span> <span class='ocrx_word' id='word_1_213' title='bbox 815 2988 1039 3031; x_wconf 81' lang='lat' dir='ltr'><strong>sanctum</strong></span> <span class='ocrx_word' id='word_1_214' title='bbox 1082 2979 1234 3031; x_wconf 82' lang='lat' dir='ltr'><strong>nolite</strong></span> <span class='ocrx_word' id='word_1_215' title='bbox 1269 2980 1563 3031; x_wconf 77' lang='lat' dir='ltr'><strong>contristare</strong></span> <span class='ocrx_word' id='word_1_216' title='bbox 1584 3020 1598 3042; x_wconf 92' lang='lat'><strong>,</strong></span> <span class='ocrx_word' id='word_1_217' title='bbox 1643 2980 1695 3030; x_wconf 90' lang='lat' dir='ltr'><strong>in</strong></span> <span class='ocrx_word' id='word_1_218' title='bbox 1719 2995 1813 3048; x_wconf 86' lang='lat' dir='ltr'><strong>quo</strong></span> <span class='ocrx_word' id='word_1_219' title='bbox 1839 2980 2024 3048; x_wconf 80' lang='lat' dir='ltr'><strong>signati</strong></span> 
     </span>
    </p>
   </div>
   <div class='ocr_carea' id='block_1_28' title="bbox 443 3067 2023 3138">
    <p class='ocr_par' dir='ltr' id='par_1_28' title="bbox 443 3067 2023 3138">
     <span class='ocr_line' id='line_1_28' title="bbox 443 3067 2023 3138; baseline 0.003 -20"><span class='ocrx_word' id='word_1_220' title='bbox 443 3067 560 3118; x_wconf 79' lang='lat' dir='ltr'><strong>estis</strong></span> <span class='ocrx_word' id='word_1_221' title='bbox 593 3068 643 3117; x_wconf 85' lang='lat' dir='ltr'><strong>in</strong></span> <span class='ocrx_word' id='word_1_222' title='bbox 675 3067 804 3117; x_wconf 83' lang='lat' dir='ltr'><strong>diem</strong></span> <span class='ocrx_word' id='word_1_223' title='bbox 834 3067 1188 3134; x_wconf 79' lang='lat' dir='ltr'><strong>redemptionis</strong></span> <span class='ocrx_word' id='word_1_224' title='bbox 1212 3068 1229 3138; x_wconf 89' lang='lat'><strong>(</strong></span> <span class='ocrx_word' id='word_1_225' title='bbox 1254 3068 1438 3136; x_wconf 76' lang='lat' dir='ltr'><strong>Ephes.</strong></span> <span class='ocrx_word' id='word_1_226' title='bbox 1473 3070 1526 3124; x_wconf 73' lang='grc'><strong>4.</strong></span> <span class='ocrx_word' id='word_1_227' title='bbox 1557 3069 1658 3138; x_wconf 81' lang='grc'><strong>50)</strong></span> <span class='ocrx_word' id='word_1_228' title='bbox 1700 3083 1714 3121; x_wconf 90' lang='lat'><strong>:</strong></span> <span class='ocrx_word' id='word_1_229' title='bbox 1746 3071 2023 3123; x_wconf 74' lang='lat' dir='ltr'><strong>contristat</strong></span> 
     </span>
    </p>
   </div>
   <div class='ocr_carea' id='block_1_29' title="bbox 443 3158 2004 3228">
    <p class='ocr_par' dir='ltr' id='par_1_29' title="bbox 443 3158 2004 3228">
     <span class='ocr_line' id='line_1_29' title="bbox 443 3158 2004 3228; baseline 0.004 -20"><span class='ocrx_word' id='word_1_230' title='bbox 443 3167 621 3209; x_wconf 90' lang='lat' dir='ltr'><strong>autem</strong></span> <span class='ocrx_word' id='word_1_231' title='bbox 648 3158 898 3225; x_wconf 89' lang='lat' dir='ltr'><strong>Spiritum</strong></span> <span class='ocrx_word' id='word_1_232' title='bbox 947 3159 1036 3227; x_wconf 90' lang='lat' dir='ltr'><strong>qui</strong></span> <span class='ocrx_word' id='word_1_233' title='bbox 1081 3167 1226 3226; x_wconf 86' lang='lat' dir='ltr'><strong>terga</strong></span> <span class='ocrx_word' id='word_1_234' title='bbox 1271 3161 1319 3212; x_wconf 93' lang='lat' dir='ltr'><strong>ei</strong></span> <span class='ocrx_word' id='word_1_235' title='bbox 1357 3159 1448 3212; x_wconf 83' lang='lat' dir='ltr'><strong>dat</strong></span> <span class='ocrx_word' id='word_1_236' title='bbox 1477 3175 1568 3228; x_wconf 88' lang='lat' dir='ltr'><strong>per</strong></span> <span class='ocrx_word' id='word_1_237' title='bbox 1610 3160 2004 3228; x_wconf 83' lang='lat' dir='ltr'><strong>negligentiam.</strong></span> 
     </span>
    </p>
   </div>
   <div class='ocr_carea' id='block_1_30' title="bbox 445 3246 2016 3318">
    <p class='ocr_par' dir='ltr' id='par_1_30' title="bbox 445 3246 2016 3318">
     <span class='ocr_line' id='line_1_30' title="bbox 445 3246 2016 3318; baseline 0.001 -18"><span class='ocrx_word' id='word_1_238' title='bbox 445 3246 647 3317; x_wconf 82' lang='lat' dir='ltr'><strong>Ecquid</strong></span> <span class='ocrx_word' id='word_1_239' title='bbox 675 3249 848 3301; x_wconf 89' lang='lat' dir='ltr'><strong>omnia</strong></span> <span class='ocrx_word' id='word_1_240' title='bbox 881 3250 1212 3318; x_wconf 87' lang='lat' dir='ltr'><strong>percenseo?</strong></span> <span class='ocrx_word' id='word_1_241' title='bbox 1243 3251 1467 3302; x_wconf 87' lang='lat' dir='ltr'><strong>moritur</strong></span> <span class='ocrx_word' id='word_1_242' title='bbox 1502 3266 1622 3304; x_wconf 91' lang='lat' dir='ltr'><strong>cum</strong></span> <span class='ocrx_word' id='word_1_243' title='bbox 1667 3251 1910 3305; x_wconf 89' lang='lat' dir='ltr'><strong>libertate</strong></span> <span class='ocrx_word' id='word_1_244' title='bbox 1935 3252 2016 3304; x_wconf 86' lang='lat' dir='ltr'><strong>ln-</strong></span> 
     </span>
    </p>
   </div>
   <div class='ocr_carea' id='block_1_31' title="bbox 441 3338 2019 3409">
    <p class='ocr_par' dir='ltr' id='par_1_31' title="bbox 441 3338 2019 3409">
     <span class='ocr_line' id='line_1_31' title="bbox 441 3338 2019 3409; baseline 0.003 -20"><span class='ocrx_word' id='word_1_245' title='bbox 441 3338 636 3405; x_wconf 86' lang='lat' dir='ltr'><strong>quendi</strong></span> <span class='ocrx_word' id='word_1_246' title='bbox 663 3379 678 3401; x_wconf 91' lang='lat'><strong>,</strong></span> <span class='ocrx_word' id='word_1_247' title='bbox 709 3339 918 3392; x_wconf 90' lang='lat' dir='ltr'><strong>nemine</strong></span> <span class='ocrx_word' id='word_1_248' title='bbox 967 3340 1279 3392; x_wconf 88' lang='lat' dir='ltr'><strong>contristalo</strong></span> <span class='ocrx_word' id='word_1_249' title='bbox 1309 3349 1500 3408; x_wconf 70' lang='lat' dir='ltr'><strong>praztcr</strong></span> <span class='ocrx_word' id='word_1_250' title='bbox 1528 3339 1794 3394; x_wconf 64' lang='lat' dir='ltr'><strong>dtemones</strong></span> <span class='ocrx_word' id='word_1_251' title='bbox 1814 3381 1829 3404; x_wconf 90' lang='lat'><strong>,</strong></span> <span class='ocrx_word' id='word_1_252' title='bbox 1860 3349 1914 3394; x_wconf 89' lang='lat' dir='ltr'><strong>et</strong></span> <span class='ocrx_word' id='word_1_253' title='bbox 1931 3341 2019 3409; x_wconf 89' lang='lat' dir='ltr'><strong>qui</strong></span> 
     </span>
    </p>
   </div>
   <div class='ocr_carea' id='block_1_32' title="bbox 442 3428 2020 3499">
    <p class='ocr_par' dir='ltr' id='par_1_32' title="bbox 442 3428 2020 3499">
     <span class='ocr_line' id='line_1_32' title="bbox 442 3428 2020 3499; baseline 0.003 -20"><span class='ocrx_word' id='word_1_254' title='bbox 442 3428 571 3497; x_wconf 89' lang='lat' dir='ltr'><strong>ipsis</strong></span> <span class='ocrx_word' id='word_1_255' title='bbox 595 3428 817 3496; x_wconf 83' lang='lat' dir='ltr'><strong>proximi</strong></span> <span class='ocrx_word' id='word_1_256' title='bbox 846 3438 1003 3483; x_wconf 90' lang='lat' dir='ltr'><strong>sunt:</strong></span> <span class='ocrx_word' id='word_1_257' title='bbox 1033 3429 1265 3483; x_wconf 89' lang='lat' dir='ltr'><strong>abundat</strong></span> <span class='ocrx_word' id='word_1_258' title='bbox 1292 3430 1364 3482; x_wconf 94' lang='lat' dir='ltr'><strong>illi</strong></span> <span class='ocrx_word' id='word_1_259' title='bbox 1389 3440 1615 3499; x_wconf 86' lang='lat' dir='ltr'><strong>tempus,</strong></span> <span class='ocrx_word' id='word_1_260' title='bbox 1645 3447 1750 3484; x_wconf 92' lang='lat' dir='ltr'><strong>non</strong></span> <span class='ocrx_word' id='word_1_261' title='bbox 1772 3446 2020 3484; x_wconf 88' lang='lat' dir='ltr'><strong>consum-</strong></span> 
     </span>
    </p>
   </div>
   <div class='ocr_carea' id='block_1_33' title="bbox 440 3517 2014 3591">
    <p class='ocr_par' dir='ltr' id='par_1_33' title="bbox 440 3517 2014 3591">
     <span class='ocr_line' id='line_1_33' title="bbox 440 3517 2014 3591; baseline 0.003 -22"><span class='ocrx_word' id='word_1_262' title='bbox 440 3517 544 3586; x_wconf 84' lang='lat' dir='ltr'><strong>psit</strong></span> <span class='ocrx_word' id='word_1_263' title='bbox 571 3519 686 3574; x_wconf 91' lang='lat' dir='ltr'><strong>dies</strong></span> <span class='ocrx_word' id='word_1_264' title='bbox 720 3521 771 3574; x_wconf 91' lang='lat' dir='ltr'><strong>in</strong></span> <span class='ocrx_word' id='word_1_265' title='bbox 816 3519 1108 3574; x_wconf 77' lang='lat' dir='ltr'><strong>malefactis</strong></span> <span class='ocrx_word' id='word_1_266' title='bbox 1139 3537 1153 3572; x_wconf 92' lang='lat'><strong>:</strong></span> <span class='ocrx_word' id='word_1_267' title='bbox 1181 3521 1469 3589; x_wconf 81' lang='lat' dir='ltr'><strong>duplicavit</strong></span> <span class='ocrx_word' id='word_1_268' title='bbox 1496 3521 1672 3575; x_wconf 90' lang='lat' dir='ltr'><strong>datam</strong></span> <span class='ocrx_word' id='word_1_269' title='bbox 1705 3522 2014 3591; x_wconf 88' lang='lat' dir='ltr'><strong>pecuniam,</strong></span> 
     </span>
    </p>
   </div>
   <div class='ocr_carea' id='block_1_34' title="bbox 440 3607 2017 3679">
    <p class='ocr_par' dir='ltr' id='par_1_34' title="bbox 440 3607 2017 3679">
     <span class='ocr_line' id='line_1_34' title="bbox 440 3607 2017 3679; baseline 0.001 -19"><span class='ocrx_word' id='word_1_270' title='bbox 440 3607 808 3679; x_wconf 87' lang='lat' dir='ltr'><strong>bonorumque</strong></span> <span class='ocrx_word' id='word_1_271' title='bbox 850 3625 1070 3678; x_wconf 90' lang='lat' dir='ltr'><strong>operum</strong></span> <span class='ocrx_word' id='word_1_272' title='bbox 1100 3611 1352 3678; x_wconf 68' lang='lat' dir='ltr'><strong>prtemisit</strong></span> <span class='ocrx_word' id='word_1_273' title='bbox 1389 3625 1579 3663; x_wconf 90' lang='lat' dir='ltr'><strong>usuras</strong></span> <span class='ocrx_word' id='word_1_274' title='bbox 1599 3651 1614 3674; x_wconf 93' lang='lat'><strong>,</strong></span> <span class='ocrx_word' id='word_1_275' title='bbox 1647 3610 1858 3664; x_wconf 90' lang='lat' dir='ltr'><strong>modico</strong></span> <span class='ocrx_word' id='word_1_276' title='bbox 1886 3621 2017 3664; x_wconf 89' lang='lat' dir='ltr'><strong>tem-</strong></span> 
     </span>
    </p>
   </div>
   <div class='ocr_carea' id='block_1_35' title="bbox 438 3700 2017 3772">
    <p class='ocr_par' dir='ltr' id='par_1_35' title="bbox 438 3700 2017 3772">
     <span class='ocr_line' id='line_1_35' title="bbox 438 3700 2017 3772; baseline 0.002 -21"><span class='ocrx_word' id='word_1_277' title='bbox 438 3714 568 3767; x_wconf 89' lang='lat' dir='ltr'><strong>pore</strong></span> <span class='ocrx_word' id='word_1_278' title='bbox 611 3700 878 3769; x_wconf 72' lang='lat' dir='ltr'><strong>longmvos</strong></span> <span class='ocrx_word' id='word_1_279' title='bbox 903 3700 1143 3772; x_wconf 85' lang='lat' dir='ltr'><strong>implevit</strong></span> <span class='ocrx_word' id='word_1_280' title='bbox 1178 3716 1346 3753; x_wconf 89' lang='lat' dir='ltr'><strong>annos</strong></span> <span class='ocrx_word' id='word_1_281' title='bbox 1378 3717 1392 3763; x_wconf 87' lang='lat'><strong>;</strong></span> <span class='ocrx_word' id='word_1_282' title='bbox 1442 3709 1811 3754; x_wconf 89' lang='lat' dir='ltr'><strong>testamentum</strong></span> <span class='ocrx_word' id='word_1_283' title='bbox 1849 3701 2017 3754; x_wconf 86' lang='lat' dir='ltr'><strong>bono-</strong></span> 
     </span>
    </p>
   </div>
   <div class='ocr_carea' id='block_1_36' title="bbox 439 3790 2019 3859">
    <p class='ocr_par' dir='ltr' id='par_1_36' title="bbox 439 3790 2019 3859">
     <span class='ocr_line' id='line_1_36' title="bbox 439 3790 2019 3859; baseline 0.002 -20"><span class='ocrx_word' id='word_1_284' title='bbox 439 3804 556 3840; x_wconf 87' lang='lat' dir='ltr'><strong>rum</strong></span> <span class='ocrx_word' id='word_1_285' title='bbox 589 3805 690 3842; x_wconf 90' lang='lat' dir='ltr'><strong>uon</strong></span> <span class='ocrx_word' id='word_1_286' title='bbox 721 3792 940 3856; x_wconf 88' lang='lat' dir='ltr'><strong>scribit;</strong></span> <span class='ocrx_word' id='word_1_287' title='bbox 986 3794 1168 3846; x_wconf 71' lang='lat' dir='ltr'><strong>vivens</strong></span> <span class='ocrx_word' id='word_1_288' title='bbox 1197 3791 1361 3858; x_wconf 87' lang='lat' dir='ltr'><strong>enim,</strong></span> <span class='ocrx_word' id='word_1_289' title='bbox 1395 3802 1447 3846; x_wconf 89' lang='lat' dir='ltr'><strong>ct</strong></span> <span class='ocrx_word' id='word_1_290' title='bbox 1473 3790 1703 3844; x_wconf 91' lang='lat' dir='ltr'><strong>sentiens</strong></span> <span class='ocrx_word' id='word_1_291' title='bbox 1726 3805 1786 3844; x_wconf 92' lang='lat' dir='ltr'><strong>ea</strong></span> <span class='ocrx_word' id='word_1_292' title='bbox 1813 3791 2019 3859; x_wconf 89' lang='lat' dir='ltr'><strong>disper-</strong></span> 
     </span>
    </p>
   </div>
   <div class='ocr_carea' id='block_1_37' title="bbox 439 3878 2015 3951">
    <p class='ocr_par' dir='ltr' id='par_1_37' title="bbox 439 3878 2015 3951">
     <span class='ocr_line' id='line_1_37' title="bbox 439 3878 2015 3951; baseline 0.004 -23"><span class='ocrx_word' id='word_1_293' title='bbox 439 3879 525 3929; x_wconf 88' lang='lat' dir='ltr'><strong>sit.</strong></span> <span class='ocrx_word' id='word_1_294' title='bbox 581 3878 805 3933; x_wconf 87' lang='lat' dir='ltr'><strong>Pulsavit</strong></span> <span class='ocrx_word' id='word_1_295' title='bbox 849 3897 992 3934; x_wconf 89' lang='lat' dir='ltr'><strong>mors</strong></span> <span class='ocrx_word' id='word_1_296' title='bbox 1032 3884 1332 3951; x_wconf 88' lang='lat' dir='ltr'><strong>corpusculi</strong></span> <span class='ocrx_word' id='word_1_297' title='bbox 1382 3881 1622 3937; x_wconf 79' lang='lat' dir='ltr'><strong>ostium?</strong></span> <span class='ocrx_word' id='word_1_298' title='bbox 1674 3883 1816 3948; x_wconf 91' lang='lat' dir='ltr'><strong>prius</strong></span> <span class='ocrx_word' id='word_1_299' title='bbox 1861 3897 2015 3950; x_wconf 88' lang='lat' dir='ltr'><strong>quam</strong></span> 
     </span>
    </p>
   </div>
   <div class='ocr_carea' id='block_1_38' title="bbox 439 3971 2006 4039">
    <p class='ocr_par' dir='ltr' id='par_1_38' title="bbox 439 3971 2006 4039">
     <span class='ocr_line' id='line_1_38' title="bbox 439 3971 2006 4039; baseline 0.005 -18"><span class='ocrx_word' id='word_1_300' title='bbox 439 3979 666 4023; x_wconf 85' lang='lat' dir='ltr'><strong>mortem</strong></span> <span class='ocrx_word' id='word_1_301' title='bbox 715 3971 898 4024; x_wconf 77' lang='lat' dir='ltr'><strong>viderit</strong></span> <span class='ocrx_word' id='word_1_302' title='bbox 935 3988 1051 4039; x_wconf 62' lang='lat' dir='ltr'><strong>quae</strong></span> <span class='ocrx_word' id='word_1_303' title='bbox 1079 3972 1206 4025; x_wconf 87' lang='lat' dir='ltr'><strong>foris</strong></span> <span class='ocrx_word' id='word_1_304' title='bbox 1250 3982 1368 4036; x_wconf 89' lang='lat' dir='ltr'><strong>est,</strong></span> <span class='ocrx_word' id='word_1_305' title='bbox 1399 3972 1614 4035; x_wconf 70' lang='lat' dir='ltr'><strong>clamat,</strong></span> <span class='ocrx_word' id='word_1_306' title='bbox 1669 3971 2006 4026; x_wconf 79' lang='lat' dir='ltr'><strong>Discedamus</strong></span> 
     </span>
    </p>
   </div>
   <div class='ocr_carea' id='block_1_39' title="bbox 443 4059 2016 4130">
    <p class='ocr_par' dir='ltr' id='par_1_39' title="bbox 443 4059 2016 4130">
     <span class='ocr_line' id='line_1_39' title="bbox 443 4059 2016 4130; baseline 0.003 -20"><span class='ocrx_word' id='word_1_307' title='bbox 443 4059 586 4124; x_wconf 88' lang='lat' dir='ltr'><strong>hinc,</strong></span> <span class='ocrx_word' id='word_1_308' title='bbox 617 4059 863 4114; x_wconf 86' lang='lat' dir='ltr'><strong>accinens</strong></span> <span class='ocrx_word' id='word_1_309' title='bbox 892 4078 906 4111; x_wconf 92' lang='lat'><strong>:</strong></span> <span class='ocrx_word' id='word_1_310' title='bbox 941 4060 1056 4113; x_wconf 85' lang='lat' dir='ltr'><strong>llcu</strong></span> <span class='ocrx_word' id='word_1_311' title='bbox 1097 4062 1240 4126; x_wconf 87' lang='lat' dir='ltr'><strong>mihi,</strong></span> <span class='ocrx_word' id='word_1_312' title='bbox 1295 4064 1416 4130; x_wconf 86' lang='lat' dir='ltr'><strong>quia</strong></span> <span class='ocrx_word' id='word_1_313' title='bbox 1441 4062 1688 4118; x_wconf 73' lang='lat' dir='ltr'><strong>incolatu:</strong></span> <span class='ocrx_word' id='word_1_314' title='bbox 1726 4079 1862 4114; x_wconf 86' lang='lat' dir='ltr'><strong>meus</strong></span> <span class='ocrx_word' id='word_1_315' title='bbox 1897 4079 2016 4130; x_wconf 84' lang='lat' dir='ltr'><strong>pro-</strong></span> 
     </span>
    </p>
   </div>
   <div class='ocr_carea' id='block_1_40' title="bbox 438 4149 2014 4224">
    <p class='ocr_par' dir='ltr' id='par_1_40' title="bbox 438 4149 2014 4224">
     <span class='ocr_line' id='line_1_40' title="bbox 438 4149 2014 4224; baseline 0.005 -23"><span class='ocrx_word' id='word_1_316' title='bbox 438 4149 670 4219; x_wconf 85' lang='lat' dir='ltr'><strong>longatus</strong></span> <span class='ocrx_word' id='word_1_317' title='bbox 711 4160 781 4203; x_wconf 84' lang='lat' dir='ltr'><strong>est</strong></span> <span class='ocrx_word' id='word_1_318' title='bbox 818 4152 835 4221; x_wconf 88' lang='lat'><strong>(</strong></span> <span class='ocrx_word' id='word_1_319' title='bbox 862 4150 1001 4204; x_wconf 87' lang='lat' dir='ltr'><strong>Psal.</strong></span> <span class='ocrx_word' id='word_1_320' title='bbox 1029 4152 1148 4206; x_wconf 88' lang='grc'><strong>119.</strong></span> <span class='ocrx_word' id='word_1_321' title='bbox 1180 4154 1213 4207; x_wconf 86' lang='grc'>5</span> <span class='ocrx_word' id='word_1_322' title='bbox 1244 4155 1260 4221; x_wconf 95' lang='grc'><strong>)</strong></span> <span class='ocrx_word' id='word_1_323' title='bbox 1287 4155 1299 4206; x_wconf 92' lang='lat'><strong>!</strong></span> <span class='ocrx_word' id='word_1_324' title='bbox 1342 4169 1403 4205; x_wconf 90' lang='lat' dir='ltr'><strong>ac</strong></span> <span class='ocrx_word' id='word_1_325' title='bbox 1462 4154 1559 4207; x_wconf 91' lang='lat' dir='ltr'><strong>nisi</strong></span> <span class='ocrx_word' id='word_1_326' title='bbox 1589 4168 1803 4224; x_wconf 80' lang='lat' dir='ltr'><strong>propter</strong></span> <span class='ocrx_word' id='word_1_327' title='bbox 1852 4155 2014 4211; x_wconf 84' lang='lat' dir='ltr'><strong>llettm</strong></span> 
     </span>
    </p>
   </div>
   <div class='ocr_carea' id='block_1_41' title="bbox 438 4240 2011 4315">
    <p class='ocr_par' dir='ltr' id='par_1_41' title="bbox 438 4240 2011 4315">
     <span class='ocr_line' id='line_1_41' title="bbox 438 4240 2011 4315; baseline 0.007 -26"><span class='ocrx_word' id='word_1_328' title='bbox 438 4241 528 4306; x_wconf 89' lang='lat' dir='ltr'><strong>qui</strong></span> <span class='ocrx_word' id='word_1_329' title='bbox 554 4254 670 4292; x_wconf 89' lang='lat' dir='ltr'><strong>eam</strong></span> <span class='ocrx_word' id='word_1_330' title='bbox 706 4241 956 4304; x_wconf 89' lang='lat' dir='ltr'><strong>miserat,</strong></span> <span class='ocrx_word' id='word_1_331' title='bbox 979 4240 1077 4308; x_wconf 84' lang='lat' dir='ltr'><strong>ipsi</strong></span> <span class='ocrx_word' id='word_1_332' title='bbox 1112 4240 1231 4295; x_wconf 87' lang='lat' dir='ltr'><strong>lites</strong></span> <span class='ocrx_word' id='word_1_333' title='bbox 1263 4243 1589 4305; x_wconf 78' lang='lat' dir='ltr'><strong>intenderet,</strong></span> <span class='ocrx_word' id='word_1_334' title='bbox 1633 4247 1848 4314; x_wconf 79' lang='lat' dir='ltr'><strong>exigens</strong></span> <span class='ocrx_word' id='word_1_335' title='bbox 1873 4247 2011 4315; x_wconf 93' lang='lat' dir='ltr'><strong>quod</strong></span> 
     </span>
    </p>
   </div>
   <div class='ocr_carea' id='block_1_42' title="bbox 436 4329 2011 4402">
    <p class='ocr_par' dir='ltr' id='par_1_42' title="bbox 436 4329 2011 4402">
     <span class='ocr_line' id='line_1_42' title="bbox 436 4329 2011 4402; baseline 0.006 -21"><span class='ocrx_word' id='word_1_336' title='bbox 436 4329 609 4383; x_wconf 86' lang='lat' dir='ltr'><strong>serius</strong></span> <span class='ocrx_word' id='word_1_337' title='bbox 638 4332 798 4385; x_wconf 89' lang='lat' dir='ltr'><strong>venit.</strong></span> <span class='ocrx_word' id='word_1_338' title='bbox 842 4333 1143 4402; x_wconf 83' lang='lat' dir='ltr'><strong>Acquiescit</strong></span> <span class='ocrx_word' id='word_1_339' title='bbox 1177 4333 1386 4387; x_wconf 91' lang='lat' dir='ltr'><strong>demum</strong></span> <span class='ocrx_word' id='word_1_340' title='bbox 1428 4335 1678 4389; x_wconf 89' lang='lat' dir='ltr'><strong>liberatus</strong></span> <span class='ocrx_word' id='word_1_341' title='bbox 1707 4338 1773 4390; x_wconf 91' lang='lat' dir='ltr'><strong>ab</strong></span> <span class='ocrx_word' id='word_1_342' title='bbox 1813 4355 2011 4391; x_wconf 76' lang='lat' dir='ltr'><strong>terum-</strong></span> 
     </span>
    </p>
   </div>
   <div class='ocr_carea' id='block_1_43' title="bbox 438 4423 2006 4491">
    <p class='ocr_par' dir='ltr' id='par_1_43' title="bbox 438 4423 2006 4491">
     <span class='ocr_line' id='line_1_43' title="bbox 438 4423 2006 4491; baseline 0.007 -21"><span class='ocrx_word' id='word_1_343' title='bbox 438 4433 571 4470; x_wconf 90' lang='lat' dir='ltr'><strong>noso</strong></span> <span class='ocrx_word' id='word_1_344' title='bbox 596 4434 840 4488; x_wconf 91' lang='lat' dir='ltr'><strong>corpore,</strong></span> <span class='ocrx_word' id='word_1_345' title='bbox 864 4432 917 4475; x_wconf 91' lang='lat' dir='ltr'><strong>ut</strong></span> <span class='ocrx_word' id='word_1_346' title='bbox 940 4438 968 4475; x_wconf 91' lang='lat' dir='ltr'><strong>a</strong></span> <span class='ocrx_word' id='word_1_347' title='bbox 991 4423 1178 4476; x_wconf 91' lang='lat' dir='ltr'><strong>vitioso</strong></span> <span class='ocrx_word' id='word_1_348' title='bbox 1200 4424 1480 4491; x_wconf 87' lang='lat' dir='ltr'><strong>hospitiolo</strong></span> <span class='ocrx_word' id='word_1_349' title='bbox 1507 4427 1709 4480; x_wconf 91' lang='lat' dir='ltr'><strong>ruinam</strong></span> <span class='ocrx_word' id='word_1_350' title='bbox 1742 4429 2006 4482; x_wconf 87' lang='lat' dir='ltr'><strong>minante:</strong></span> 
     </span>
    </p>
   </div>
   <div class='ocr_carea' id='block_1_44' title="bbox 436 4513 2007 4584">
    <p class='ocr_par' dir='ltr' id='par_1_44' title="bbox 436 4513 2007 4584">
     <span class='ocr_line' id='line_1_44' title="bbox 436 4513 2007 4584; baseline 0.008 -26"><span class='ocrx_word' id='word_1_351' title='bbox 436 4522 617 4560; x_wconf 87' lang='lat' dir='ltr'><strong>aurem</strong></span> <span class='ocrx_word' id='word_1_352' title='bbox 648 4514 849 4564; x_wconf 78' lang='lat' dir='ltr'><strong>arrexit</strong></span> <span class='ocrx_word' id='word_1_353' title='bbox 879 4513 942 4565; x_wconf 90' lang='lat' dir='ltr'><strong>ad</strong></span> <span class='ocrx_word' id='word_1_354' title='bbox 970 4528 1089 4566; x_wconf 88' lang='lat' dir='ltr'><strong>eum</strong></span> <span class='ocrx_word' id='word_1_355' title='bbox 1119 4515 1207 4583; x_wconf 91' lang='lat' dir='ltr'><strong>qui</strong></span> <span class='ocrx_word' id='word_1_356' title='bbox 1249 4515 1415 4568; x_wconf 83' lang='lat' dir='ltr'><strong>dixit:</strong></span> <span class='ocrx_word' id='word_1_357' title='bbox 1443 4515 1607 4584; x_wconf 81' lang='lat' dir='ltr'><strong>Euge,</strong></span> <span class='ocrx_word' id='word_1_358' title='bbox 1646 4533 1783 4568; x_wconf 81' lang='lat' dir='ltr'><strong>serve</strong></span> <span class='ocrx_word' id='word_1_359' title='bbox 1812 4518 1936 4568; x_wconf 85' lang='lat' dir='ltr'><strong>bone</strong></span> <span class='ocrx_word' id='word_1_360' title='bbox 1960 4529 2007 4570; x_wconf 85' lang='lat' dir='ltr'><strong>ct</strong></span> 
     </span>
    </p>
   </div>
   <div class='ocr_carea' id='block_1_45' title="bbox 438 4597 2005 4675">
    <p class='ocr_par' dir='ltr' id='par_1_45' title="bbox 438 4597 2005 4675">
     <span class='ocr_line' id='line_1_45' title="bbox 438 4597 2005 4675; baseline 0.009 -28"><span class='ocrx_word' id='word_1_361' title='bbox 438 4597 602 4664; x_wconf 78' lang='lat' dir='ltr'><strong>ﬁdelis</strong></span> <span class='ocrx_word' id='word_1_362' title='bbox 623 4597 830 4666; x_wconf 79' lang='lat' dir='ltr'><strong>(Matth.</strong></span> <span class='ocrx_word' id='word_1_363' title='bbox 853 4601 942 4656; x_wconf 75' lang='grc'><strong>25.</strong></span> <span class='ocrx_word' id='word_1_364' title='bbox 967 4603 1082 4673; x_wconf 72' lang='grc'><strong>21),</strong></span> <span class='ocrx_word' id='word_1_365' title='bbox 1101 4605 1374 4658; x_wconf 89' lang='lat' dir='ltr'><strong>auditurus</strong></span> <span class='ocrx_word' id='word_1_366' title='bbox 1405 4616 1456 4659; x_wconf 91' lang='lat' dir='ltr'><strong>et</strong></span> <span class='ocrx_word' id='word_1_367' title='bbox 1481 4606 1699 4675; x_wconf 89' lang='lat' dir='ltr'><strong>reliqua.</strong></span> <span class='ocrx_word' id='word_1_368' title='bbox 1723 4605 1801 4659; x_wconf 87' lang='lat' dir='ltr'><strong>Sit</strong></span> <span class='ocrx_word' id='word_1_369' title='bbox 1830 4619 2005 4660; x_wconf 90' lang='lat' dir='ltr'><strong>autem</strong></span> 
     </span>
    </p>
   </div>
   <div class='ocr_carea' id='block_1_46' title="bbox 439 4689 2006 4759">
    <p class='ocr_par' dir='ltr' id='par_1_46' title="bbox 439 4689 2006 4759">
     <span class='ocr_line' id='line_1_46' title="bbox 439 4689 2006 4759; baseline 0.008 -18"><span class='ocrx_word' id='word_1_370' title='bbox 439 4689 528 4741; x_wconf 91' lang='lat' dir='ltr'><strong>tibi</strong></span> <span class='ocrx_word' id='word_1_371' title='bbox 559 4704 741 4742; x_wconf 88' lang='lat' dir='ltr'><strong>eorum</strong></span> <span class='ocrx_word' id='word_1_372' title='bbox 788 4707 906 4759; x_wconf 63' lang='lat' dir='ltr'><strong>quae</strong></span> <span class='ocrx_word' id='word_1_373' title='bbox 935 4693 1159 4748; x_wconf 89' lang='lat' dir='ltr'><strong>dicimus</strong></span> <span class='ocrx_word' id='word_1_374' title='bbox 1193 4707 1394 4751; x_wconf 91' lang='lat' dir='ltr'><strong>certum</strong></span> <span class='ocrx_word' id='word_1_375' title='bbox 1441 4698 1686 4751; x_wconf 85' lang='lat' dir='ltr'><strong>indicium</strong></span> <span class='ocrx_word' id='word_1_376' title='bbox 1725 4701 2006 4753; x_wconf 85' lang='lat' dir='ltr'><strong>verborum</strong></span> 
     </span>
    </p>
   </div>
   <div class='ocr_carea' id='block_1_47' title="bbox 436 4776 2006 4860">
    <p class='ocr_par' dir='ltr' id='par_1_47' title="bbox 436 4776 2006 4860">
     <span class='ocr_line' id='line_1_47' title="bbox 436 4776 2006 4860; baseline 0.008 -28"><span class='ocrx_word' id='word_1_377' title='bbox 436 4779 585 4848; x_wconf 82' lang='lat' dir='ltr'><strong>copia</strong></span> <span class='ocrx_word' id='word_1_378' title='bbox 619 4796 632 4832; x_wconf 91' lang='lat'><strong>:</strong></span> <span class='ocrx_word' id='word_1_379' title='bbox 660 4776 744 4831; x_wconf 81' lang='lat' dir='ltr'><strong>Ea:</strong></span> <span class='ocrx_word' id='word_1_380' title='bbox 789 4782 1103 4838; x_wconf 85' lang='lat' dir='ltr'><strong>abundantia</strong></span> <span class='ocrx_word' id='word_1_381' title='bbox 1145 4787 1275 4839; x_wconf 88' lang='lat' dir='ltr'><strong>enim</strong></span> <span class='ocrx_word' id='word_1_382' title='bbox 1321 4788 1488 4840; x_wconf 83' lang='lat' dir='ltr'><strong>cordis</strong></span> <span class='ocrx_word' id='word_1_383' title='bbox 1516 4805 1569 4841; x_wconf 89' lang='lat' dir='ltr'><strong>os</strong></span> <span class='ocrx_word' id='word_1_384' title='bbox 1602 4788 1816 4857; x_wconf 83' lang='lat' dir='ltr'><strong>loquitur</strong></span> <span class='ocrx_word' id='word_1_385' title='bbox 1845 4790 2006 4860; x_wconf 81' lang='lat' dir='ltr'><strong>(Ibid.</strong></span> 
     </span>
    </p>
   </div>
   <div class='ocr_carea' id='block_1_48' title="bbox 437 4870 2010 4945">
    <p class='ocr_par' dir='ltr' id='par_1_48' title="bbox 437 4870 2010 4945">
     <span class='ocr_line' id='line_1_48' title="bbox 437 4870 2010 4945; baseline 0.007 -19"><span class='ocrx_word' id='word_1_386' title='bbox 437 4873 527 4926; x_wconf 76' lang='grc'><strong>12.</strong></span> <span class='ocrx_word' id='word_1_387' title='bbox 557 4872 667 4938; x_wconf 71' lang='grc'><strong>51).</strong></span> <span class='ocrx_word' id='word_1_388' title='bbox 714 4870 879 4925; x_wconf 85' lang='lat' dir='ltr'><strong>Porro</strong></span> <span class='ocrx_word' id='word_1_389' title='bbox 907 4877 992 4942; x_wconf 92' lang='lat' dir='ltr'><strong>qui</strong></span> <span class='ocrx_word' id='word_1_390' title='bbox 1023 4892 1142 4930; x_wconf 89' lang='lat' dir='ltr'><strong>cum</strong></span> <span class='ocrx_word' id='word_1_391' title='bbox 1183 4876 1456 4931; x_wconf 89' lang='lat' dir='ltr'><strong>mendacio</strong></span> <span class='ocrx_word' id='word_1_392' title='bbox 1487 4880 1629 4945; x_wconf 87' lang='lat' dir='ltr'><strong>vivit,</strong></span> <span class='ocrx_word' id='word_1_393' title='bbox 1660 4882 1816 4934; x_wconf 84' lang='lat' dir='ltr'><strong>vitam</strong></span> <span class='ocrx_word' id='word_1_394' title='bbox 1850 4881 2010 4936; x_wconf 85' lang='lat' dir='ltr'><strong>habet</strong></span> 
     </span>
    </p>
   </div>
   <div class='ocr_carea' id='block_1_49' title="bbox 440 4963 2005 5040">
    <p class='ocr_par' dir='ltr' id='par_1_49' title="bbox 440 4963 2005 5040">
     <span class='ocr_line' id='line_1_49' title="bbox 440 4963 2005 5040; baseline 0.009 -27"><span class='ocrx_word' id='word_1_395' title='bbox 440 4963 830 5034; x_wconf 91' lang='lat' dir='ltr'><strong>perturbatam,</strong></span> <span class='ocrx_word' id='word_1_396' title='bbox 876 4965 1158 5035; x_wconf 90' lang='lat' dir='ltr'><strong>aliquando</strong></span> <span class='ocrx_word' id='word_1_397' title='bbox 1183 4969 1394 5039; x_wconf 90' lang='lat' dir='ltr'><strong>quidem</strong></span> <span class='ocrx_word' id='word_1_398' title='bbox 1433 4971 1711 5024; x_wconf 85' lang='lat' dir='ltr'><strong>immodice</strong></span> <span class='ocrx_word' id='word_1_399' title='bbox 1740 4973 2005 5040; x_wconf 79' lang='lat' dir='ltr'><strong>gaudens,</strong></span> 
     </span>
    </p>
   </div>
   <div class='ocr_carea' id='block_1_50' title="bbox 439 5054 2006 5130">
    <p class='ocr_par' dir='ltr' id='par_1_50' title="bbox 439 5054 2006 5130">
     <span class='ocr_line' id='line_1_50' title="bbox 439 5054 2006 5130; baseline 0.006 -23"><span class='ocrx_word' id='word_1_400' title='bbox 439 5055 508 5107; x_wconf 92' lang='lat' dir='ltr'><strong>ob</strong></span> <span class='ocrx_word' id='word_1_401' title='bbox 538 5054 916 5107; x_wconf 88' lang='lat' dir='ltr'><strong>incrementum</strong></span> <span class='ocrx_word' id='word_1_402' title='bbox 950 5061 1186 5123; x_wconf 66' lang='lat' dir='ltr'><strong>pecunia:</strong></span> <span class='ocrx_word' id='word_1_403' title='bbox 1216 5070 1306 5114; x_wconf 94' lang='lat' dir='ltr'><strong>aut</strong></span> <span class='ocrx_word' id='word_1_404' title='bbox 1333 5076 1504 5129; x_wconf 69' lang='lat' dir='ltr'><strong>parva:</strong></span> <span class='ocrx_word' id='word_1_405' title='bbox 1531 5062 1787 5130; x_wconf 71' lang='lat' dir='ltr'><strong>gloriolre,</strong></span> <span class='ocrx_word' id='word_1_406' title='bbox 1819 5074 1908 5115; x_wconf 89' lang='lat' dir='ltr'><strong>aut</strong></span> <span class='ocrx_word' id='word_1_407' title='bbox 1937 5068 2006 5118; x_wconf 89' lang='lat' dir='ltr'><strong>ob</strong></span> 
     </span>
    </p>
   </div>
   <div class='ocr_carea' id='block_1_51' title="bbox 437 5145 2005 5220">
    <p class='ocr_par' dir='ltr' id='par_1_51' title="bbox 437 5145 2005 5220">
     <span class='ocr_line' id='line_1_51' title="bbox 437 5145 2005 5220; baseline 0.006 -22"><span class='ocrx_word' id='word_1_408' title='bbox 437 5161 668 5198; x_wconf 88' lang='lat' dir='ltr'><strong>amorem</strong></span> <span class='ocrx_word' id='word_1_409' title='bbox 698 5145 1064 5212; x_wconf 70' lang='lat' dir='ltr'><strong>meretriculre,</strong></span> <span class='ocrx_word' id='word_1_410' title='bbox 1094 5160 1183 5202; x_wconf 89' lang='lat' dir='ltr'><strong>aut</strong></span> <span class='ocrx_word' id='word_1_411' title='bbox 1209 5153 1763 5220; x_wconf 84' lang='lat' dir='ltr'><strong>prapterinimicorum</strong></span> <span class='ocrx_word' id='word_1_412' title='bbox 1791 5168 2005 5207; x_wconf 92' lang='lat' dir='ltr'><strong>suorum</strong></span> 
     </span>
    </p>
   </div>
   <div class='ocr_carea' id='block_1_52' title="bbox 437 5235 2005 5312">
    <p class='ocr_par' dir='ltr' id='par_1_52' title="bbox 437 5235 2005 5312">
     <span class='ocr_line' id='line_1_52' title="bbox 437 5235 2005 5312; baseline 0.006 -23"><span class='ocrx_word' id='word_1_413' title='bbox 437 5237 714 5290; x_wconf 88' lang='lat' dir='ltr'><strong>adversam</strong></span> <span class='ocrx_word' id='word_1_414' title='bbox 743 5235 1002 5288; x_wconf 77' lang='lat' dir='ltr'><strong>fortunam</strong></span> <span class='ocrx_word' id='word_1_415' title='bbox 1030 5252 1042 5287; x_wconf 95' lang='lat'><strong>:</strong></span> <span class='ocrx_word' id='word_1_416' title='bbox 1068 5238 1350 5307; x_wconf 89' lang='lat' dir='ltr'><strong>aliquando</strong></span> <span class='ocrx_word' id='word_1_417' title='bbox 1379 5253 1550 5298; x_wconf 87' lang='lat' dir='ltr'><strong>autem</strong></span> <span class='ocrx_word' id='word_1_418' title='bbox 1580 5244 1813 5297; x_wconf 87' lang='lat' dir='ltr'><strong>tristatur</strong></span> <span class='ocrx_word' id='word_1_419' title='bbox 1837 5259 2005 5312; x_wconf 89' lang='lat' dir='ltr'><strong>usque</strong></span> 
     </span>
    </p>
   </div>
   <div class='ocr_carea' id='block_1_53' title="bbox 433 5327 2007 5392">
    <p class='ocr_par' dir='ltr' id='par_1_53' title="bbox 433 5327 2007 5392">
     <span class='ocr_line' id='line_1_53' title="bbox 433 5327 2007 5392; baseline 0.01 -17"><span class='ocrx_word' id='word_1_420' title='bbox 433 5329 498 5378; x_wconf 86' lang='lat' dir='ltr'><strong>ad</strong></span> <span class='ocrx_word' id='word_1_421' title='bbox 550 5336 794 5392; x_wconf 87' lang='lat' dir='ltr'><strong>mortem,</strong></span> <span class='ocrx_word' id='word_1_422' title='bbox 840 5327 965 5378; x_wconf 91' lang='lat' dir='ltr'><strong>dum</strong></span> <span class='ocrx_word' id='word_1_423' title='bbox 1021 5331 1341 5385; x_wconf 87' lang='lat' dir='ltr'><strong>mutationes</strong></span> <span class='ocrx_word' id='word_1_424' title='bbox 1395 5335 1624 5388; x_wconf 88' lang='lat' dir='ltr'><strong>somniat</strong></span> <span class='ocrx_word' id='word_1_425' title='bbox 1678 5343 1730 5388; x_wconf 91' lang='lat' dir='ltr'><strong>et</strong></span> <span class='ocrx_word' id='word_1_426' title='bbox 1777 5333 2007 5390; x_wconf 87' lang='lat' dir='ltr'><strong>incertos</strong></span> 
     </span>
    </p>
   </div>
   <div class='ocr_carea' id='block_1_54' title="bbox 437 5418 2005 5492">
    <p class='ocr_par' dir='ltr' id='par_1_54' title="bbox 437 5418 2005 5492">
     <span class='ocr_line' id='line_1_54' title="bbox 437 5418 2005 5492; baseline 0.009 -25"><span class='ocrx_word' id='word_1_427' title='bbox 437 5427 657 5472; x_wconf 83' lang='lat' dir='ltr'><strong>eventus</strong></span> <span class='ocrx_word' id='word_1_428' title='bbox 677 5457 696 5484; x_wconf 89' lang='lat'><strong>,</strong></span> <span class='ocrx_word' id='word_1_429' title='bbox 729 5426 1013 5486; x_wconf 91' lang='lat' dir='ltr'><strong>noctesque</strong></span> <span class='ocrx_word' id='word_1_430' title='bbox 1040 5418 1198 5472; x_wconf 90' lang='lat' dir='ltr'><strong>habet</strong></span> <span class='ocrx_word' id='word_1_431' title='bbox 1225 5421 1513 5492; x_wconf 83' lang='lat' dir='ltr'><strong>insomnes,</strong></span> <span class='ocrx_word' id='word_1_432' title='bbox 1544 5442 1605 5480; x_wconf 88' lang='lat' dir='ltr'><strong>ac</strong></span> <span class='ocrx_word' id='word_1_433' title='bbox 1631 5427 1763 5480; x_wconf 87' lang='lat' dir='ltr'><strong>male</strong></span> <span class='ocrx_word' id='word_1_434' title='bbox 1791 5427 2005 5481; x_wconf 91' lang='lat' dir='ltr'><strong>dormit.</strong></span> 
     </span>
    </p>
   </div>
   <div class='ocr_carea' id='block_1_55' title="bbox 433 5504 2008 5586">
    <p class='ocr_par' dir='ltr' id='par_1_55' title="bbox 433 5504 2008 5586">
     <span class='ocr_line' id='line_1_55' title="bbox 433 5504 2008 5586; baseline 0.011 -31"><span class='ocrx_word' id='word_1_435' title='bbox 433 5504 569 5567; x_wconf 90' lang='lat' dir='ltr'><strong>Quin</strong></span> <span class='ocrx_word' id='word_1_436' title='bbox 610 5517 666 5561; x_wconf 87' lang='lat' dir='ltr'><strong>et</strong></span> <span class='ocrx_word' id='word_1_437' title='bbox 710 5509 996 5563; x_wconf 87' lang='lat' dir='ltr'><strong>amicorum</strong></span> <span class='ocrx_word' id='word_1_438' title='bbox 1044 5509 1260 5563; x_wconf 90' lang='lat' dir='ltr'><strong>insidias</strong></span> <span class='ocrx_word' id='word_1_439' title='bbox 1299 5513 1413 5578; x_wconf 90' lang='lat' dir='ltr'><strong>ipse</strong></span> <span class='ocrx_word' id='word_1_440' title='bbox 1455 5520 1767 5586; x_wconf 88' lang='lat' dir='ltr'><strong>suspicatur,</strong></span> <span class='ocrx_word' id='word_1_441' title='bbox 1808 5534 1871 5570; x_wconf 91' lang='lat' dir='ltr'><strong>ne</strong></span> <span class='ocrx_word' id='word_1_442' title='bbox 1909 5519 2008 5573; x_wconf 89' lang='lat' dir='ltr'><strong>sibi</strong></span> 
     </span>
    </p>
   </div>
   <div class='ocr_carea' id='block_1_56' title="bbox 433 5592 2011 5672">
    <p class='ocr_par' dir='ltr' id='par_1_56' title="bbox 433 5592 2011 5672">
     <span class='ocr_line' id='line_1_56' title="bbox 433 5592 2011 5672; baseline 0.016 -30"><span class='ocrx_word' id='word_1_443' title='bbox 433 5592 648 5658; x_wconf 83' lang='lat' dir='ltr'><strong>quidem</strong></span> <span class='ocrx_word' id='word_1_444' title='bbox 678 5599 979 5663; x_wconf 87' lang='lat' dir='ltr'><strong>conlidens,</strong></span> <span class='ocrx_word' id='word_1_445' title='bbox 1022 5599 1264 5654; x_wconf 88' lang='lat' dir='ltr'><strong>omnibus</strong></span> <span class='ocrx_word' id='word_1_446' title='bbox 1296 5601 1557 5672; x_wconf 80' lang='lat' dir='ltr'><strong>derogans</strong></span> <span class='ocrx_word' id='word_1_447' title='bbox 1587 5609 1740 5662; x_wconf 83' lang='lat' dir='ltr'><strong>ﬁdem</strong></span> <span class='ocrx_word' id='word_1_448' title='bbox 1773 5618 1825 5662; x_wconf 83' lang='lat' dir='ltr'><strong>ut</strong></span> <span class='ocrx_word' id='word_1_449' title='bbox 1864 5625 2011 5666; x_wconf 82' lang='lat' dir='ltr'><strong>men-</strong></span> 
     </span>
    </p>
   </div>
   <div class='ocr_carea' id='block_1_57' title="bbox 435 5680 2007 5770">
    <p class='ocr_par' dir='ltr' id='par_1_57' title="bbox 435 5680 2007 5770">
     <span class='ocr_line' id='line_1_57' title="bbox 435 5680 2007 5770; baseline 0.015 -41"><span class='ocrx_word' id='word_1_450' title='bbox 435 5680 670 5736; x_wconf 86' lang='lat' dir='ltr'><strong>dacibus.</strong></span> <span class='ocrx_word' id='word_1_451' title='bbox 713 5689 820 5754; x_wconf 87' lang='lat' dir='ltr'><strong>Qui</strong></span> <span class='ocrx_word' id='word_1_452' title='bbox 869 5690 1164 5760; x_wconf 84' lang='lat' dir='ltr'><strong>hujusmodi</strong></span> <span class='ocrx_word' id='word_1_453' title='bbox 1202 5699 1303 5755; x_wconf 85' lang='lat' dir='ltr'><strong>est,</strong></span> <span class='ocrx_word' id='word_1_454' title='bbox 1344 5693 1560 5748; x_wconf 90' lang='lat' dir='ltr'><strong>timidus</strong></span> <span class='ocrx_word' id='word_1_455' title='bbox 1598 5709 1680 5751; x_wconf 91' lang='lat' dir='ltr'><strong>est</strong></span> <span class='ocrx_word' id='word_1_456' title='bbox 1726 5710 1780 5754; x_wconf 91' lang='lat' dir='ltr'><strong>ut</strong></span> <span class='ocrx_word' id='word_1_457' title='bbox 1829 5701 2007 5770; x_wconf 89' lang='lat' dir='ltr'><strong>lepus,</strong></span> 
     </span>
    </p>
   </div>
   <div class='ocr_carea' id='block_1_58' title="bbox 433 5771 2013 5862">
    <p class='ocr_par' dir='ltr' id='par_1_58' title="bbox 433 5771 2013 5862">
     <span class='ocr_line' id='line_1_58' title="bbox 433 5771 2013 5862; baseline 0.015 -39"><span class='ocrx_word' id='word_1_458' title='bbox 433 5771 604 5862; x_wconf 81' lang='lat' dir='ltr'><strong>audax</strong></span> <span class='ocrx_word' id='word_1_459' title='bbox 637 5784 694 5827; x_wconf 85' lang='lat' dir='ltr'><strong>tit</strong></span> <span class='ocrx_word' id='word_1_460' title='bbox 741 5794 932 5846; x_wconf 91' lang='lat' dir='ltr'><strong>porcus</strong></span> <span class='ocrx_word' id='word_1_461' title='bbox 953 5824 966 5847; x_wconf 89' lang='lat'><strong>,</strong></span> <span class='ocrx_word' id='word_1_462' title='bbox 1013 5784 1172 5837; x_wconf 81' lang='lat' dir='ltr'><strong>fallax</strong></span> <span class='ocrx_word' id='word_1_463' title='bbox 1206 5794 1259 5837; x_wconf 90' lang='lat' dir='ltr'><strong>ut</strong></span> <span class='ocrx_word' id='word_1_464' title='bbox 1287 5782 1574 5839; x_wconf 74' lang='lat' dir='ltr'><strong>chamteleo</strong></span> <span class='ocrx_word' id='word_1_465' title='bbox 1599 5828 1614 5852; x_wconf 96' lang='lat'><strong>,</strong></span> <span class='ocrx_word' id='word_1_466' title='bbox 1661 5789 1912 5862; x_wconf 84' lang='lat' dir='ltr'><strong>deceptor</strong></span> <span class='ocrx_word' id='word_1_467' title='bbox 1955 5803 2013 5847; x_wconf 90' lang='lat' dir='ltr'><strong>ut</strong></span> 
     </span>
    </p>
   </div>
   <div class='ocr_carea' id='block_1_59' title="bbox 441 5859 2009 5946">
    <p class='ocr_par' dir='ltr' id='par_1_59' title="bbox 441 5859 2009 5946">
     <span class='ocr_line' id='line_1_59' title="bbox 441 5859 2009 5946; baseline 0.017 -35"><span class='ocrx_word' id='word_1_468' title='bbox 441 5859 642 5930; x_wconf 80' lang='lat' dir='ltr'><strong>perdix,</strong></span> <span class='ocrx_word' id='word_1_469' title='bbox 669 5863 1048 5927; x_wconf 87' lang='lat' dir='ltr'><strong>immisericors</strong></span> <span class='ocrx_word' id='word_1_470' title='bbox 1075 5885 1132 5927; x_wconf 91' lang='lat' dir='ltr'><strong>ut</strong></span> <span class='ocrx_word' id='word_1_471' title='bbox 1159 5875 1332 5946; x_wconf 92' lang='lat' dir='ltr'><strong>lupus,</strong></span> <span class='ocrx_word' id='word_1_472' title='bbox 1363 5873 1744 5933; x_wconf 88' lang='lat' dir='ltr'><strong>immansuetus</strong></span> <span class='ocrx_word' id='word_1_473' title='bbox 1775 5859 1831 5934; x_wconf 81' lang='lat' dir='ltr'><strong>ut</strong></span> <span class='ocrx_word' id='word_1_474' title='bbox 1857 5897 1973 5937; x_wconf 91' lang='lat' dir='ltr'><strong>mus</strong></span> <span class='ocrx_word' id='word_1_475' title='bbox 1997 5901 2009 5937; x_wconf 91' lang='lat'><strong>:</strong></span> 
     </span>
    </p>
   </div>
   <div class='ocr_carea' id='block_1_60' title="bbox 436 5952 2008 6042">
    <p class='ocr_par' dir='ltr' id='par_1_60' title="bbox 436 5952 2008 6042">
     <span class='ocr_line' id='line_1_60' title="bbox 436 5952 2008 6042; baseline 0.014 -35"><span class='ocrx_word' id='word_1_476' title='bbox 436 5952 683 6021; x_wconf 73' lang='lat' dir='ltr'><strong>sttiipsius</strong></span> <span class='ocrx_word' id='word_1_477' title='bbox 730 5956 1013 6028; x_wconf 90' lang='lat' dir='ltr'><strong>inimicus,</strong></span> <span class='ocrx_word' id='word_1_478' title='bbox 1064 5965 1424 6023; x_wconf 85' lang='lat' dir='ltr'><strong>indesinenter</strong></span> <span class='ocrx_word' id='word_1_479' title='bbox 1468 5966 1726 6036; x_wconf 83' lang='lat' dir='ltr'><strong>invidens,</strong></span> <span class='ocrx_word' id='word_1_480' title='bbox 1777 5972 2008 6042; x_wconf 90' lang='lat' dir='ltr'><strong>seipsum</strong></span> 
     </span>
    </p>
   </div>
   <div class='ocr_carea' id='block_1_61' title="bbox 2143 710 3715 778">
    <p class='ocr_par' dir='ltr' id='par_1_61' title="bbox 2143 710 3715 778">
     <span class='ocr_line' id='line_1_61' title="bbox 2143 710 3715 778; baseline 0 -14"><span class='ocrx_word' id='word_1_481' title='bbox 2143 713 2445 765; x_wconf 87' lang='lat' dir='ltr'><strong>necessario</strong></span> <span class='ocrx_word' id='word_1_482' title='bbox 2473 714 2744 778; x_wconf 76' lang='lat' dir='ltr'><strong>crucians,</strong></span> <span class='ocrx_word' id='word_1_483' title='bbox 2777 726 2876 766; x_wconf 89' lang='lat' dir='ltr'><strong>nec</strong></span> <span class='ocrx_word' id='word_1_484' title='bbox 2903 710 2954 766; x_wconf 89' lang='lat' dir='ltr'><strong>id</strong></span> <span class='ocrx_word' id='word_1_485' title='bbox 2983 711 3143 766; x_wconf 87' lang='lat' dir='ltr'><strong>sentit</strong></span> <span class='ocrx_word' id='word_1_486' title='bbox 3165 729 3178 766; x_wconf 89' lang='lat'><strong>:</strong></span> <span class='ocrx_word' id='word_1_487' title='bbox 3201 726 3322 766; x_wconf 90' lang='lat' dir='ltr'><strong>cum</strong></span> <span class='ocrx_word' id='word_1_488' title='bbox 3347 711 3487 765; x_wconf 84' lang='lat' dir='ltr'><strong>enim</strong></span> <span class='ocrx_word' id='word_1_489' title='bbox 3520 720 3715 765; x_wconf 84' lang='lat' dir='ltr'><strong>malum</strong></span> 
     </span>
    </p>
   </div>
   <div class='ocr_carea' id='block_1_62' title="bbox 2139 801 3714 872">
    <p class='ocr_par' dir='ltr' id='par_1_62' title="bbox 2139 801 3714 872">
     <span class='ocr_line' id='line_1_62' title="bbox 2139 801 3714 872; baseline 0.001 -19"><span class='ocrx_word' id='word_1_490' title='bbox 2139 813 2324 854; x_wconf 87' lang='lat' dir='ltr'><strong>contra</strong></span> <span class='ocrx_word' id='word_1_491' title='bbox 2356 802 2514 855; x_wconf 88' lang='lat' dir='ltr'><strong>alium</strong></span> <span class='ocrx_word' id='word_1_492' title='bbox 2545 804 2759 871; x_wconf 86' lang='lat' dir='ltr'><strong>cogitat,</strong></span> <span class='ocrx_word' id='word_1_493' title='bbox 2793 803 3024 870; x_wconf 91' lang='lat' dir='ltr'><strong>seipsum</strong></span> <span class='ocrx_word' id='word_1_494' title='bbox 3059 803 3201 870; x_wconf 89' lang='lat' dir='ltr'><strong>prius</strong></span> <span class='ocrx_word' id='word_1_495' title='bbox 3229 801 3456 872; x_wconf 85' lang='lat' dir='ltr'><strong>pesslnic</strong></span> <span class='ocrx_word' id='word_1_496' title='bbox 3488 813 3714 871; x_wconf 85' lang='lat' dir='ltr'><strong>torquet.</strong></span> 
     </span>
    </p>
   </div>
   <div class='ocr_carea' id='block_1_63' title="bbox 2140 893 3715 959">
    <p class='ocr_par' dir='ltr' id='par_1_63' title="bbox 2140 893 3715 959">
     <span class='ocr_line' id='line_1_63' title="bbox 2140 893 3715 959; baseline -0.001 -11"><span class='ocrx_word' id='word_1_497' title='bbox 2140 894 2370 948; x_wconf 86' lang='lat' dir='ltr'><strong>Pulsavit</strong></span> <span class='ocrx_word' id='word_1_498' title='bbox 2399 894 2579 947; x_wconf 87' lang='lat' dir='ltr'><strong>mors?</strong></span> <span class='ocrx_word' id='word_1_499' title='bbox 2609 896 2784 948; x_wconf 89' lang='lat' dir='ltr'><strong>omnia</strong></span> <span class='ocrx_word' id='word_1_500' title='bbox 2816 895 2926 959; x_wconf 88' lang='lat' dir='ltr'><strong>dat,</strong></span> <span class='ocrx_word' id='word_1_501' title='bbox 2960 906 3014 947; x_wconf 85' lang='lat' dir='ltr'><strong>ut</strong></span> <span class='ocrx_word' id='word_1_502' title='bbox 3046 894 3306 947; x_wconf 90' lang='lat' dir='ltr'><strong>modicum</strong></span> <span class='ocrx_word' id='word_1_503' title='bbox 3334 893 3508 948; x_wconf 86' lang='lat' dir='ltr'><strong>adhuc</strong></span> <span class='ocrx_word' id='word_1_504' title='bbox 3533 893 3715 958; x_wconf 88' lang='lat' dir='ltr'><strong>duret,</strong></span> 
     </span>
    </p>
   </div>
   <div class='ocr_carea' id='block_1_64' title="bbox 2136 983 3716 1051">
    <p class='ocr_par' dir='ltr' id='par_1_64' title="bbox 2136 983 3716 1051">
     <span class='ocr_line' id='line_1_64' title="bbox 2136 983 3716 1051; baseline -0.001 -14"><span class='ocrx_word' id='word_1_505' title='bbox 2136 983 2359 1051; x_wconf 81' lang='lat' dir='ltr'><strong>Cupidus</strong></span> <span class='ocrx_word' id='word_1_506' title='bbox 2390 985 2509 1038; x_wconf 68' lang='lat' dir='ltr'><strong>vita:</strong></span> <span class='ocrx_word' id='word_1_507' title='bbox 2537 1002 2548 1036; x_wconf 95' lang='lat'><strong>:</strong></span> <span class='ocrx_word' id='word_1_508' title='bbox 2575 984 2832 1037; x_wconf 88' lang='lat' dir='ltr'><strong>indultum</strong></span> <span class='ocrx_word' id='word_1_509' title='bbox 2864 985 2961 1038; x_wconf 91' lang='lat' dir='ltr'><strong>sibi</strong></span> <span class='ocrx_word' id='word_1_510' title='bbox 3000 993 3206 1050; x_wconf 87' lang='lat' dir='ltr'><strong>tempus</strong></span> <span class='ocrx_word' id='word_1_511' title='bbox 3237 983 3424 1037; x_wconf 83' lang='lat' dir='ltr'><strong>frustra</strong></span> <span class='ocrx_word' id='word_1_512' title='bbox 3465 999 3716 1037; x_wconf 68' lang='lat' dir='ltr'><strong>consumo</strong></span> 
     </span>
    </p>
   </div>
   <div class='ocr_carea' id='block_1_65' title="bbox 2131 1071 3714 1142">
    <p class='ocr_par' dir='ltr' id='par_1_65' title="bbox 2131 1071 3714 1142">
     <span class='ocr_line' id='line_1_65' title="bbox 2131 1071 3714 1142; baseline -0.003 -14"><span class='ocrx_word' id='word_1_513' title='bbox 2131 1072 2537 1142; x_wconf 69' lang='lat' dir='ltr'><strong>psitzprteterea</strong></span> <span class='ocrx_word' id='word_1_514' title='bbox 2553 1076 2824 1129; x_wconf 82' lang='lat' dir='ltr'><strong>denarium</strong></span> <span class='ocrx_word' id='word_1_515' title='bbox 2855 1092 2957 1128; x_wconf 88' lang='lat' dir='ltr'><strong>non</strong></span> <span class='ocrx_word' id='word_1_516' title='bbox 2989 1073 3296 1142; x_wconf 89' lang='lat' dir='ltr'><strong>duplicavit,</strong></span> <span class='ocrx_word' id='word_1_517' title='bbox 3320 1088 3486 1142; x_wconf 87' lang='lat' dir='ltr'><strong>neque</strong></span> <span class='ocrx_word' id='word_1_518' title='bbox 3511 1071 3714 1125; x_wconf 81' lang='lat' dir='ltr'><strong>salvum</strong></span> 
     </span>
    </p>
   </div>
   <div class='ocr_carea' id='block_1_66' title="bbox 2136 1162 3710 1234">
    <p class='ocr_par' dir='ltr' id='par_1_66' title="bbox 2136 1162 3710 1234">
     <span class='ocr_line' id='line_1_66' title="bbox 2136 1162 3710 1234; baseline -0.003 -16"><span class='ocrx_word' id='word_1_519' title='bbox 2136 1165 2438 1218; x_wconf 87' lang='lat' dir='ltr'><strong>eostodivit.</strong></span> <span class='ocrx_word' id='word_1_520' title='bbox 2461 1165 2664 1234; x_wconf 84' lang='lat' dir='ltr'><strong>Jugiter</strong></span> <span class='ocrx_word' id='word_1_521' title='bbox 2692 1165 2870 1218; x_wconf 89' lang='lat' dir='ltr'><strong>tremit</strong></span> <span class='ocrx_word' id='word_1_522' title='bbox 2893 1177 2942 1216; x_wconf 90' lang='lat' dir='ltr'><strong>ut</strong></span> <span class='ocrx_word' id='word_1_523' title='bbox 2976 1165 3177 1228; x_wconf 86' lang='lat' dir='ltr'><strong>folium,</strong></span> <span class='ocrx_word' id='word_1_524' title='bbox 3203 1178 3486 1218; x_wconf 87' lang='lat' dir='ltr'><strong>senescere</strong></span> <span class='ocrx_word' id='word_1_525' title='bbox 3507 1162 3710 1224; x_wconf 81' lang='lat' dir='ltr'><strong>nolens,</strong></span> 
     </span>
    </p>
   </div>
   <div class='ocr_carea' id='block_1_67' title="bbox 2136 1251 3712 1324">
    <p class='ocr_par' dir='ltr' id='par_1_67' title="bbox 2136 1251 3712 1324">
     <span class='ocr_line' id='line_1_67' title="bbox 2136 1251 3712 1324; baseline -0.004 -15"><span class='ocrx_word' id='word_1_526' title='bbox 2136 1266 2190 1309; x_wconf 91' lang='lat' dir='ltr'><strong>et</strong></span> <span class='ocrx_word' id='word_1_527' title='bbox 2215 1272 2333 1324; x_wconf 73' lang='lat' dir='ltr'><strong>qute</strong></span> <span class='ocrx_word' id='word_1_528' title='bbox 2349 1255 2681 1310; x_wconf 87' lang='lat' dir='ltr'><strong>delirantium</strong></span> <span class='ocrx_word' id='word_1_529' title='bbox 2702 1271 2885 1310; x_wconf 89' lang='lat' dir='ltr'><strong>senum</strong></span> <span class='ocrx_word' id='word_1_530' title='bbox 2911 1265 3032 1307; x_wconf 92' lang='lat' dir='ltr'><strong>sunt</strong></span> <span class='ocrx_word' id='word_1_531' title='bbox 3052 1256 3275 1324; x_wconf 89' lang='lat' dir='ltr'><strong>patitur:</strong></span> <span class='ocrx_word' id='word_1_532' title='bbox 3297 1264 3522 1306; x_wconf 89' lang='lat' dir='ltr'><strong>mortem</strong></span> <span class='ocrx_word' id='word_1_533' title='bbox 3545 1251 3712 1315; x_wconf 89' lang='lat' dir='ltr'><strong>timet,</strong></span> 
     </span>
    </p>
   </div>
   <div class='ocr_carea' id='block_1_68' title="bbox 2137 1342 3716 1413">
    <p class='ocr_par' dir='ltr' id='par_1_68' title="bbox 2137 1342 3716 1413">
     <span class='ocr_line' id='line_1_68' title="bbox 2137 1342 3716 1413; baseline -0.006 -11"><span class='ocrx_word' id='word_1_534' title='bbox 2137 1356 2193 1402; x_wconf 89' lang='lat' dir='ltr'><strong>ut</strong></span> <span class='ocrx_word' id='word_1_535' title='bbox 2214 1347 2371 1401; x_wconf 88' lang='lat' dir='ltr'><strong>deum</strong></span> <span class='ocrx_word' id='word_1_536' title='bbox 2399 1366 2413 1401; x_wconf 91' lang='lat'><strong>:</strong></span> <span class='ocrx_word' id='word_1_537' title='bbox 2436 1347 2564 1401; x_wconf 90' lang='lat' dir='ltr'><strong>deus</strong></span> <span class='ocrx_word' id='word_1_538' title='bbox 2591 1348 2662 1400; x_wconf 91' lang='lat' dir='ltr'><strong>illi</strong></span> <span class='ocrx_word' id='word_1_539' title='bbox 2683 1357 2763 1400; x_wconf 86' lang='lat' dir='ltr'><strong>est</strong></span> <span class='ocrx_word' id='word_1_540' title='bbox 2790 1347 3010 1400; x_wconf 89' lang='lat' dir='ltr'><strong>visibilis</strong></span> <span class='ocrx_word' id='word_1_541' title='bbox 3035 1345 3280 1398; x_wconf 88' lang='lat' dir='ltr'><strong>mundus.</strong></span> <span class='ocrx_word' id='word_1_542' title='bbox 3305 1345 3371 1398; x_wconf 86' lang='lat' dir='ltr'><strong>Et</strong></span> <span class='ocrx_word' id='word_1_543' title='bbox 3391 1343 3515 1413; x_wconf 92' lang='lat' dir='ltr'><strong>quid</strong></span> <span class='ocrx_word' id='word_1_544' title='bbox 3540 1342 3716 1396; x_wconf 82' lang='lat' dir='ltr'><strong>ultra?</strong></span> 
     </span>
    </p>
   </div>
   <div class='ocr_carea' id='block_1_69' title="bbox 2136 1436 3717 1506">
    <p class='ocr_par' dir='ltr' id='par_1_69' title="bbox 2136 1436 3717 1506">
     <span class='ocr_line' id='line_1_69' title="bbox 2136 1436 3717 1506; baseline -0.001 -16"><span class='ocrx_word' id='word_1_545' title='bbox 2136 1439 2408 1506; x_wconf 87' lang='lat' dir='ltr'><strong>pallescit,</strong></span> <span class='ocrx_word' id='word_1_546' title='bbox 2439 1439 2656 1502; x_wconf 88' lang='lat' dir='ltr'><strong>horret,</strong></span> <span class='ocrx_word' id='word_1_547' title='bbox 2687 1440 2871 1492; x_wconf 81' lang='lat' dir='ltr'><strong>anxius</strong></span> <span class='ocrx_word' id='word_1_548' title='bbox 2900 1448 2980 1492; x_wconf 88' lang='lat' dir='ltr'><strong>est</strong></span> <span class='ocrx_word' id='word_1_549' title='bbox 3000 1454 3012 1488; x_wconf 90' lang='lat'><strong>:</strong></span> <span class='ocrx_word' id='word_1_550' title='bbox 3032 1436 3270 1489; x_wconf 88' lang='lat' dir='ltr'><strong>divinum</strong></span> <span class='ocrx_word' id='word_1_551' title='bbox 3295 1436 3547 1504; x_wconf 88' lang='lat' dir='ltr'><strong>judicium</strong></span> <span class='ocrx_word' id='word_1_552' title='bbox 3581 1451 3717 1503; x_wconf 74' lang='lat' dir='ltr'><strong>pra:-</strong></span> 
     </span>
    </p>
   </div>
   <div class='ocr_carea' id='block_1_70' title="bbox 2134 1525 3715 1597">
    <p class='ocr_par' dir='ltr' id='par_1_70' title="bbox 2134 1525 3715 1597">
     <span class='ocr_line' id='line_1_70' title="bbox 2134 1525 3715 1597; baseline -0.001 -17"><span class='ocrx_word' id='word_1_553' title='bbox 2134 1529 2387 1592; x_wconf 90' lang='lat' dir='ltr'><strong>veuiens,</strong></span> <span class='ocrx_word' id='word_1_554' title='bbox 2431 1528 2664 1597; x_wconf 84' lang='lat' dir='ltr'><strong>seipsum</strong></span> <span class='ocrx_word' id='word_1_555' title='bbox 2698 1528 2884 1595; x_wconf 89' lang='lat' dir='ltr'><strong>punit,</strong></span> <span class='ocrx_word' id='word_1_556' title='bbox 2923 1527 3248 1581; x_wconf 90' lang='lat' dir='ltr'><strong>conscientia</strong></span> <span class='ocrx_word' id='word_1_557' title='bbox 3292 1525 3440 1580; x_wconf 93' lang='lat' dir='ltr'><strong>illum</strong></span> <span class='ocrx_word' id='word_1_558' title='bbox 3467 1526 3715 1579; x_wconf 88' lang='lat' dir='ltr'><strong>atrociter</strong></span> 
     </span>
    </p>
   </div>
   <div class='ocr_carea' id='block_1_71' title="bbox 2136 1614 3714 1686">
    <p class='ocr_par' dir='ltr' id='par_1_71' title="bbox 2136 1614 3714 1686">
     <span class='ocr_line' id='line_1_71' title="bbox 2136 1614 3714 1686; baseline -0.002 -16"><span class='ocrx_word' id='word_1_559' title='bbox 2136 1625 2446 1686; x_wconf 88' lang='lat' dir='ltr'><strong>torquente,</strong></span> <span class='ocrx_word' id='word_1_560' title='bbox 2495 1627 2548 1671; x_wconf 92' lang='lat' dir='ltr'><strong>et</strong></span> <span class='ocrx_word' id='word_1_561' title='bbox 2579 1614 2991 1685; x_wconf 88' lang='lat' dir='ltr'><strong>unumquodque</strong></span> <span class='ocrx_word' id='word_1_562' title='bbox 3022 1625 3290 1685; x_wconf 87' lang='lat' dir='ltr'><strong>peccatum</strong></span> <span class='ocrx_word' id='word_1_563' title='bbox 3323 1615 3375 1668; x_wconf 89' lang='lat' dir='ltr'><strong>in</strong></span> <span class='ocrx_word' id='word_1_564' title='bbox 3404 1614 3714 1668; x_wconf 88' lang='lat' dir='ltr'><strong>memoriam</strong></span> 
     </span>
    </p>
   </div>
   <div class='ocr_carea' id='block_1_72' title="bbox 2137 1707 3710 1776">
    <p class='ocr_par' dir='ltr' id='par_1_72' title="bbox 2137 1707 3710 1776">
     <span class='ocr_line' id='line_1_72' title="bbox 2137 1707 3710 1776; baseline 0.001 -18"><span class='ocrx_word' id='word_1_565' title='bbox 2137 1721 2440 1768; x_wconf 87' lang='lat' dir='ltr'><strong>revocante,</strong></span> <span class='ocrx_word' id='word_1_566' title='bbox 2461 1708 2700 1773; x_wconf 79' lang='lat' dir='ltr'><strong>graviora</strong></span> <span class='ocrx_word' id='word_1_567' title='bbox 2732 1708 2949 1776; x_wconf 90' lang='lat' dir='ltr'><strong>patitur,</strong></span> <span class='ocrx_word' id='word_1_568' title='bbox 2979 1721 3135 1776; x_wconf 93' lang='lat' dir='ltr'><strong>quam</strong></span> <span class='ocrx_word' id='word_1_569' title='bbox 3169 1707 3202 1758; x_wconf 91' lang='lat' dir='ltr'><strong>ii</strong></span> <span class='ocrx_word' id='word_1_570' title='bbox 3232 1721 3452 1772; x_wconf 91' lang='lat' dir='ltr'><strong>quorum</strong></span> <span class='ocrx_word' id='word_1_571' title='bbox 3484 1720 3710 1775; x_wconf 87' lang='lat' dir='ltr'><strong>corpora</strong></span> 
     </span>
    </p>
   </div>
   <div class='ocr_carea' id='block_1_73' title="bbox 2136 1796 3713 1854">
    <p class='ocr_par' dir='ltr' id='par_1_73' title="bbox 2136 1796 3713 1854">
     <span class='ocr_line' id='line_1_73' title="bbox 2136 1796 3713 1854; baseline 0 -5"><span class='ocrx_word' id='word_1_572' title='bbox 2136 1799 2444 1852; x_wconf 88' lang='lat' dir='ltr'><strong>verberibus</strong></span> <span class='ocrx_word' id='word_1_573' title='bbox 2461 1799 2805 1853; x_wconf 85' lang='lat' dir='ltr'><strong>concidantur</strong></span> <span class='ocrx_word' id='word_1_574' title='bbox 2828 1818 2841 1853; x_wconf 92' lang='lat'><strong>:</strong></span> <span class='ocrx_word' id='word_1_575' title='bbox 2865 1799 3130 1854; x_wconf 82' lang='lat' dir='ltr'><strong>serviliter</strong></span> <span class='ocrx_word' id='word_1_576' title='bbox 3153 1813 3211 1852; x_wconf 91' lang='lat' dir='ltr'><strong>se</strong></span> <span class='ocrx_word' id='word_1_577' title='bbox 3236 1796 3464 1852; x_wconf 88' lang='lat' dir='ltr'><strong>demittit</strong></span> <span class='ocrx_word' id='word_1_578' title='bbox 3487 1796 3553 1849; x_wconf 90' lang='lat' dir='ltr'><strong>ad</strong></span> <span class='ocrx_word' id='word_1_579' title='bbox 3576 1806 3713 1850; x_wconf 83' lang='lat' dir='ltr'><strong>tem-</strong></span> 
     </span>
    </p>
   </div>
   <div class='ocr_carea' id='block_1_74' title="bbox 2135 1887 3715 1958">
    <p class='ocr_par' dir='ltr' id='par_1_74' title="bbox 2135 1887 3715 1958">
     <span class='ocr_line' id='line_1_74' title="bbox 2135 1887 3715 1958; baseline -0.002 -16"><span class='ocrx_word' id='word_1_580' title='bbox 2135 1889 2347 1958; x_wconf 91' lang='lat' dir='ltr'><strong>porales</strong></span> <span class='ocrx_word' id='word_1_581' title='bbox 2375 1897 2692 1956; x_wconf 85' lang='lat' dir='ltr'><strong>potestates,</strong></span> <span class='ocrx_word' id='word_1_582' title='bbox 2739 1888 2876 1942; x_wconf 69' lang='lat' dir='ltr'><strong>finde</strong></span> <span class='ocrx_word' id='word_1_583' title='bbox 2905 1889 3169 1943; x_wconf 90' lang='lat' dir='ltr'><strong>blanditur</strong></span> <span class='ocrx_word' id='word_1_584' title='bbox 3195 1887 3395 1942; x_wconf 90' lang='lat' dir='ltr'><strong>mundo</strong></span> <span class='ocrx_word' id='word_1_585' title='bbox 3417 1929 3431 1952; x_wconf 91' lang='lat'><strong>,</strong></span> <span class='ocrx_word' id='word_1_586' title='bbox 3479 1902 3575 1957; x_wconf 91' lang='lat' dir='ltr'><strong>pro</strong></span> <span class='ocrx_word' id='word_1_587' title='bbox 3609 1902 3715 1940; x_wconf 89' lang='lat' dir='ltr'><strong>uno</strong></span> 
     </span>
    </p>
   </div>
   <div class='ocr_carea' id='block_1_75' title="bbox 2133 1977 3712 2041">
    <p class='ocr_par' dir='ltr' id='par_1_75' title="bbox 2133 1977 3712 2041">
     <span class='ocr_line' id='line_1_75' title="bbox 2133 1977 3712 2041; baseline -0.001 -9"><span class='ocrx_word' id='word_1_588' title='bbox 2133 1977 2353 2032; x_wconf 90' lang='lat' dir='ltr'><strong>domino</strong></span> <span class='ocrx_word' id='word_1_589' title='bbox 2379 1978 2613 2032; x_wconf 82' lang='lat' dir='ltr'><strong>inlinitos</strong></span> <span class='ocrx_word' id='word_1_590' title='bbox 2640 1978 2798 2032; x_wconf 87' lang='lat' dir='ltr'><strong>habet</strong></span> <span class='ocrx_word' id='word_1_591' title='bbox 2829 1979 3002 2041; x_wconf 90' lang='lat' dir='ltr'><strong>heros,</strong></span> <span class='ocrx_word' id='word_1_592' title='bbox 3033 1989 3091 2033; x_wconf 92' lang='lat' dir='ltr'><strong>ut</strong></span> <span class='ocrx_word' id='word_1_593' title='bbox 3119 1995 3224 2034; x_wconf 90' lang='lat' dir='ltr'><strong>non</strong></span> <span class='ocrx_word' id='word_1_594' title='bbox 3252 1981 3446 2034; x_wconf 89' lang='lat' dir='ltr'><strong>serviat</strong></span> <span class='ocrx_word' id='word_1_595' title='bbox 3472 1980 3712 2034; x_wconf 90' lang='lat' dir='ltr'><strong>veritati:</strong></span> 
     </span>
    </p>
   </div>
   <div class='ocr_carea' id='block_1_76' title="bbox 2145 2068 3711 2138">
    <p class='ocr_par' dir='ltr' id='par_1_76' title="bbox 2145 2068 3711 2138">
     <span class='ocr_line' id='line_1_76' title="bbox 2145 2068 3711 2138; baseline 0.002 -18"><span class='ocrx_word' id='word_1_596' title='bbox 2145 2068 2317 2121; x_wconf 92' lang='lat' dir='ltr'><strong>timeri</strong></span> <span class='ocrx_word' id='word_1_597' title='bbox 2345 2069 2517 2137; x_wconf 92' lang='lat' dir='ltr'><strong>cupit,</strong></span> <span class='ocrx_word' id='word_1_598' title='bbox 2543 2084 2661 2122; x_wconf 93' lang='lat' dir='ltr'><strong>cum</strong></span> <span class='ocrx_word' id='word_1_599' title='bbox 2686 2069 2800 2137; x_wconf 88' lang='lat' dir='ltr'><strong>ipse</strong></span> <span class='ocrx_word' id='word_1_600' title='bbox 2820 2083 3008 2123; x_wconf 88' lang='lat' dir='ltr'><strong>omnes</strong></span> <span class='ocrx_word' id='word_1_601' title='bbox 3044 2070 3226 2122; x_wconf 89' lang='lat' dir='ltr'><strong>timeat</strong></span> <span class='ocrx_word' id='word_1_602' title='bbox 3247 2068 3339 2138; x_wconf 92' lang='lat' dir='ltr'><strong>(a).</strong></span> <span class='ocrx_word' id='word_1_603' title='bbox 3386 2069 3510 2123; x_wconf 79' lang='lat' dir='ltr'><strong>Haec</strong></span> <span class='ocrx_word' id='word_1_604' title='bbox 3534 2078 3711 2123; x_wconf 84' lang='lat' dir='ltr'><strong>autem</strong></span> 
     </span>
    </p>
   </div>
   <div class='ocr_carea' id='block_1_77' title="bbox 2135 2159 3713 2229">
    <p class='ocr_par' dir='ltr' id='par_1_77' title="bbox 2135 2159 3713 2229">
     <span class='ocr_line' id='line_1_77' title="bbox 2135 2159 3713 2229; baseline 0.003 -19"><span class='ocrx_word' id='word_1_605' title='bbox 2135 2159 2223 2211; x_wconf 91' lang='lat' dir='ltr'><strong>tibi</strong></span> <span class='ocrx_word' id='word_1_606' title='bbox 2256 2174 2350 2227; x_wconf 91' lang='lat' dir='ltr'><strong>pro</strong></span> <span class='ocrx_word' id='word_1_607' title='bbox 2379 2160 2514 2213; x_wconf 90' lang='lat' dir='ltr'><strong>virili</strong></span> <span class='ocrx_word' id='word_1_608' title='bbox 2543 2175 2571 2211; x_wconf 91' lang='lat' dir='ltr'><strong>a</strong></span> <span class='ocrx_word' id='word_1_609' title='bbox 2600 2159 2754 2216; x_wconf 82' lang='lat' dir='ltr'><strong>nobis</strong></span> <span class='ocrx_word' id='word_1_610' title='bbox 2777 2159 2916 2214; x_wconf 90' lang='lat' dir='ltr'><strong>dicta</strong></span> <span class='ocrx_word' id='word_1_611' title='bbox 2941 2159 3067 2212; x_wconf 92' lang='lat' dir='ltr'><strong>sint.</strong></span> <span class='ocrx_word' id='word_1_612' title='bbox 3099 2159 3155 2214; x_wconf 91' lang='lat' dir='ltr'><strong>Si</strong></span> <span class='ocrx_word' id='word_1_613' title='bbox 3187 2161 3304 2229; x_wconf 92' lang='lat' dir='ltr'><strong>quis</strong></span> <span class='ocrx_word' id='word_1_614' title='bbox 3334 2170 3508 2212; x_wconf 90' lang='lat' dir='ltr'><strong>autem</strong></span> <span class='ocrx_word' id='word_1_615' title='bbox 3537 2161 3713 2214; x_wconf 85' lang='lat' dir='ltr'><strong>verius</strong></span> 
     </span>
    </p>
   </div>
   <div class='ocr_carea' id='block_1_78' title="bbox 2133 2249 3714 2317">
    <p class='ocr_par' dir='ltr' id='par_1_78' title="bbox 2133 2249 3714 2317">
     <span class='ocr_line' id='line_1_78' title="bbox 2133 2249 3714 2317; baseline 0.001 -17"><span class='ocrx_word' id='word_1_616' title='bbox 2133 2259 2186 2301; x_wconf 93' lang='lat' dir='ltr'><strong>et</strong></span> <span class='ocrx_word' id='word_1_617' title='bbox 2211 2249 2500 2317; x_wconf 83' lang='lat' dir='ltr'><strong>elegantius</strong></span> <span class='ocrx_word' id='word_1_618' title='bbox 2526 2249 2746 2317; x_wconf 89' lang='lat' dir='ltr'><strong>dicens,</strong></span> <span class='ocrx_word' id='word_1_619' title='bbox 2788 2250 3206 2305; x_wconf 88' lang='lat' dir='ltr'><strong>imbecillitatem</strong></span> <span class='ocrx_word' id='word_1_620' title='bbox 3254 2259 3487 2303; x_wconf 87' lang='lat' dir='ltr'><strong>nostram</strong></span> <span class='ocrx_word' id='word_1_621' title='bbox 3532 2265 3714 2304; x_wconf 82' lang='lat' dir='ltr'><strong>cmen-</strong></span> 
     </span>
    </p>
   </div>
   <div class='ocr_carea' id='block_1_79' title="bbox 2136 2337 3713 2408">
    <p class='ocr_par' dir='ltr' id='par_1_79' title="bbox 2136 2337 3713 2408">
     <span class='ocr_line' id='line_1_79' title="bbox 2136 2337 3713 2408; baseline 0.003 -19"><span class='ocrx_word' id='word_1_622' title='bbox 2136 2337 2371 2403; x_wconf 86' lang='lat' dir='ltr'><strong>daverit,</strong></span> <span class='ocrx_word' id='word_1_623' title='bbox 2403 2339 2543 2393; x_wconf 90' lang='lat' dir='ltr'><strong>hunc</strong></span> <span class='ocrx_word' id='word_1_624' title='bbox 2582 2340 2805 2394; x_wconf 88' lang='lat' dir='ltr'><strong>libenter</strong></span> <span class='ocrx_word' id='word_1_625' title='bbox 2836 2341 3156 2408; x_wconf 83' lang='lat' dir='ltr'><strong>accipiemus</strong></span> <span class='ocrx_word' id='word_1_626' title='bbox 3191 2350 3247 2393; x_wconf 91' lang='lat' dir='ltr'><strong>ut</strong></span> <span class='ocrx_word' id='word_1_627' title='bbox 3274 2349 3629 2394; x_wconf 87' lang='lat' dir='ltr'><strong>correctorem</strong></span> <span class='ocrx_word' id='word_1_628' title='bbox 3658 2347 3713 2394; x_wconf 80' lang='lat' dir='ltr'><strong>et</strong></span> 
     </span>
    </p>
   </div>
   <div class='ocr_carea' id='block_1_80' title="bbox 2135 2427 3712 2498">
    <p class='ocr_par' dir='ltr' id='par_1_80' title="bbox 2135 2427 3712 2498">
     <span class='ocr_line' id='line_1_80' title="bbox 2135 2427 3712 2498; baseline 0.002 -17"><span class='ocrx_word' id='word_1_629' title='bbox 2135 2427 2356 2481; x_wconf 80' lang='lat' dir='ltr'><strong>fratrum</strong></span> <span class='ocrx_word' id='word_1_630' title='bbox 2401 2440 2665 2482; x_wconf 87' lang='lat' dir='ltr'><strong>amantem</strong></span> <span class='ocrx_word' id='word_1_631' title='bbox 2690 2470 2705 2493; x_wconf 93' lang='lat'><strong>,</strong></span> <span class='ocrx_word' id='word_1_632' title='bbox 2755 2439 2912 2498; x_wconf 88' lang='lat' dir='ltr'><strong>atque</strong></span> <span class='ocrx_word' id='word_1_633' title='bbox 2950 2430 3218 2483; x_wconf 82' lang='lat' dir='ltr'><strong>Servatori</strong></span> <span class='ocrx_word' id='word_1_634' title='bbox 3266 2430 3458 2498; x_wconf 86' lang='lat' dir='ltr'><strong>gratias</strong></span> <span class='ocrx_word' id='word_1_635' title='bbox 3496 2445 3712 2498; x_wconf 86' lang='lat' dir='ltr'><strong>agemus</strong></span> 
     </span>
    </p>
   </div>
   <div class='ocr_carea' id='block_1_81' title="bbox 2133 2519 3712 2588">
    <p class='ocr_par' dir='ltr' id='par_1_81' title="bbox 2133 2519 3712 2588">
     <span class='ocr_line' id='line_1_81' title="bbox 2133 2519 3712 2588; baseline 0.003 -16"><span class='ocrx_word' id='word_1_636' title='bbox 2133 2527 2350 2587; x_wconf 85' lang='lat' dir='ltr'><strong>propter</strong></span> <span class='ocrx_word' id='word_1_637' title='bbox 2374 2521 2570 2572; x_wconf 82' lang='lat' dir='ltr'><strong>omnia.</strong></span> <span class='ocrx_word' id='word_1_638' title='bbox 2609 2519 2799 2573; x_wconf 83' lang='lat' dir='ltr'><strong>Verum</strong></span> <span class='ocrx_word' id='word_1_639' title='bbox 2832 2519 2944 2588; x_wconf 91' lang='lat' dir='ltr'><strong>ipse</strong></span> <span class='ocrx_word' id='word_1_640' title='bbox 2973 2521 3098 2573; x_wconf 90' lang='lat' dir='ltr'><strong>mihi</strong></span> <span class='ocrx_word' id='word_1_641' title='bbox 3131 2536 3338 2588; x_wconf 83' lang='lat' dir='ltr'><strong>expone</strong></span> <span class='ocrx_word' id='word_1_642' title='bbox 3363 2520 3712 2576; x_wconf 76' lang='lat' dir='ltr'><strong>Occidentalis</strong></span> 
     </span>
    </p>
   </div>
   <div class='ocr_carea' id='block_1_82' title="bbox 2131 2609 3709 2680">
    <p class='ocr_par' dir='ltr' id='par_1_82' title="bbox 2131 2609 3709 2680">
     <span class='ocr_line' id='line_1_82' title="bbox 2131 2609 3709 2680; baseline 0.001 -17"><span class='ocrx_word' id='word_1_643' title='bbox 2131 2609 2328 2680; x_wconf 77' lang='lat' dir='ltr'><strong>Synodi</strong></span> <span class='ocrx_word' id='word_1_644' title='bbox 2361 2624 2578 2678; x_wconf 87' lang='lat' dir='ltr'><strong>scopum</strong></span> <span class='ocrx_word' id='word_1_645' title='bbox 2609 2624 2671 2663; x_wconf 90' lang='lat' dir='ltr'><strong>ac</strong></span> <span class='ocrx_word' id='word_1_646' title='bbox 2700 2609 2968 2664; x_wconf 89' lang='lat' dir='ltr'><strong>decretum</strong></span> <span class='ocrx_word' id='word_1_647' title='bbox 2991 2651 3004 2671; x_wconf 89' lang='lat'><strong>,</strong></span> <span class='ocrx_word' id='word_1_648' title='bbox 3038 2621 3092 2665; x_wconf 90' lang='lat' dir='ltr'><strong>et</strong></span> <span class='ocrx_word' id='word_1_649' title='bbox 3121 2610 3334 2679; x_wconf 87' lang='lat' dir='ltr'><strong>obsigna</strong></span> <span class='ocrx_word' id='word_1_650' title='bbox 3364 2611 3522 2664; x_wconf 87' lang='lat' dir='ltr'><strong>verba</strong></span> <span class='ocrx_word' id='word_1_651' title='bbox 3554 2626 3668 2664; x_wconf 85' lang='lat' dir='ltr'><strong>mea</strong></span> <span class='ocrx_word' id='word_1_652' title='bbox 3691 2650 3709 2674; x_wconf 94' lang='lat'><strong>,</strong></span> 
     </span>
    </p>
   </div>
   <div class='ocr_carea' id='block_1_83' title="bbox 2129 2700 3709 2770">
    <p class='ocr_par' dir='ltr' id='par_1_83' title="bbox 2129 2700 3709 2770">
     <span class='ocr_line' id='line_1_83' title="bbox 2129 2700 3709 2770; baseline 0.004 -19"><span class='ocrx_word' id='word_1_653' title='bbox 2129 2700 2389 2769; x_wconf 81' lang='lat' dir='ltr'><strong>siquidem</strong></span> <span class='ocrx_word' id='word_1_654' title='bbox 2417 2700 2507 2754; x_wconf 88' lang='lat' dir='ltr'><strong>tibi</strong></span> <span class='ocrx_word' id='word_1_655' title='bbox 2538 2701 2863 2770; x_wconf 91' lang='lat' dir='ltr'><strong>placuerunt,</strong></span> <span class='ocrx_word' id='word_1_656' title='bbox 2897 2713 2949 2754; x_wconf 93' lang='lat' dir='ltr'><strong>ut</strong></span> <span class='ocrx_word' id='word_1_657' title='bbox 2972 2701 3170 2756; x_wconf 89' lang='lat' dir='ltr'><strong>utiliter</strong></span> <span class='ocrx_word' id='word_1_658' title='bbox 3187 2701 3347 2756; x_wconf 91' lang='lat' dir='ltr'><strong>dicta.</strong></span> <span class='ocrx_word' id='word_1_659' title='bbox 3375 2700 3504 2756; x_wconf 90' lang='lat' dir='ltr'><strong>Cum</strong></span> <span class='ocrx_word' id='word_1_660' title='bbox 3533 2712 3709 2757; x_wconf 90' lang='lat' dir='ltr'><strong>autem</strong></span> 
     </span>
    </p>
   </div>
   <div class='ocr_carea' id='block_1_84' title="bbox 2130 2791 3706 2863">
    <p class='ocr_par' dir='ltr' id='par_1_84' title="bbox 2130 2791 3706 2863">
     <span class='ocr_line' id='line_1_84' title="bbox 2130 2791 3706 2863; baseline 0.003 -20"><span class='ocrx_word' id='word_1_661' title='bbox 2130 2791 2267 2860; x_wconf 89' lang='lat' dir='ltr'><strong>loqui</strong></span> <span class='ocrx_word' id='word_1_662' title='bbox 2315 2792 2579 2856; x_wconf 89' lang='lat' dir='ltr'><strong>desiisset,</strong></span> <span class='ocrx_word' id='word_1_663' title='bbox 2633 2793 2746 2846; x_wconf 78' lang='lat' dir='ltr'><strong>lucc</strong></span> <span class='ocrx_word' id='word_1_664' title='bbox 2788 2795 2863 2846; x_wconf 92' lang='lat' dir='ltr'><strong>ait</strong></span> <span class='ocrx_word' id='word_1_665' title='bbox 2913 2793 3226 2848; x_wconf 88' lang='lat' dir='ltr'><strong>Theodorus</strong></span> <span class='ocrx_word' id='word_1_666' title='bbox 3257 2812 3271 2847; x_wconf 90' lang='lat'><strong>:</strong></span> <span class='ocrx_word' id='word_1_667' title='bbox 3301 2793 3416 2848; x_wconf 87' lang='lat' dir='ltr'><strong>Tibi</strong></span> <span class='ocrx_word' id='word_1_668' title='bbox 3461 2794 3706 2863; x_wconf 75' lang='lat' dir='ltr'><strong>quidem,</strong></span> 
     </span>
    </p>
   </div>
   <div class='ocr_carea' id='block_1_85' title="bbox 2127 2880 3706 2956">
    <p class='ocr_par' dir='ltr' id='par_1_85' title="bbox 2127 2880 3706 2956">
     <span class='ocr_line' id='line_1_85' title="bbox 2127 2880 3706 2956; baseline 0.006 -24"><span class='ocrx_word' id='word_1_669' title='bbox 2127 2882 2212 2949; x_wconf 89' lang='lat' dir='ltr'><strong>qui</strong></span> <span class='ocrx_word' id='word_1_670' title='bbox 2251 2880 2362 2934; x_wconf 74' lang='lat' dir='ltr'><strong>lucc</strong></span> <span class='ocrx_word' id='word_1_671' title='bbox 2403 2883 2657 2948; x_wconf 88' lang='lat' dir='ltr'><strong>narrasti,</strong></span> <span class='ocrx_word' id='word_1_672' title='bbox 2694 2883 2783 2936; x_wconf 85' lang='lat' dir='ltr'><strong>det</strong></span> <span class='ocrx_word' id='word_1_673' title='bbox 2829 2883 2968 2938; x_wconf 91' lang='lat' dir='ltr'><strong>Deus</strong></span> <span class='ocrx_word' id='word_1_674' title='bbox 3003 2883 3417 2938; x_wconf 89' lang='lat' dir='ltr'><strong>misericordiam</strong></span> <span class='ocrx_word' id='word_1_675' title='bbox 3454 2886 3706 2956; x_wconf 81' lang='lat' dir='ltr'><strong>consequi</strong></span> 
     </span>
    </p>
   </div>
   <div class='ocr_carea' id='block_1_86' title="bbox 2128 2970 3703 3042">
    <p class='ocr_par' dir='ltr' id='par_1_86' title="bbox 2128 2970 3703 3042">
     <span class='ocr_line' id='line_1_86' title="bbox 2128 2970 3703 3042; baseline 0.002 -19"><span class='ocrx_word' id='word_1_676' title='bbox 2128 2970 2178 3023; x_wconf 92' lang='lat' dir='ltr'><strong>in</strong></span> <span class='ocrx_word' id='word_1_677' title='bbox 2203 2970 2287 3024; x_wconf 91' lang='lat' dir='ltr'><strong>illa</strong></span> <span class='ocrx_word' id='word_1_678' title='bbox 2310 2970 2416 3037; x_wconf 93' lang='lat' dir='ltr'><strong>die,</strong></span> <span class='ocrx_word' id='word_1_679' title='bbox 2441 2979 2548 3024; x_wconf 89' lang='lat' dir='ltr'><strong>tum</strong></span> <span class='ocrx_word' id='word_1_680' title='bbox 2573 2973 2691 3041; x_wconf 87' lang='lat' dir='ltr'><strong>quia</strong></span> <span class='ocrx_word' id='word_1_681' title='bbox 2718 2987 2746 3024; x_wconf 91' lang='lat' dir='ltr'><strong>a</strong></span> <span class='ocrx_word' id='word_1_682' title='bbox 2771 2973 2951 3026; x_wconf 89' lang='lat' dir='ltr'><strong>talium</strong></span> <span class='ocrx_word' id='word_1_683' title='bbox 2982 2973 3354 3027; x_wconf 87' lang='lat' dir='ltr'><strong>communione</strong></span> <span class='ocrx_word' id='word_1_684' title='bbox 3382 2974 3703 3042; x_wconf 89' lang='lat' dir='ltr'><strong>abstinuisti,</strong></span> 
     </span>
    </p>
   </div>
   <div class='ocr_carea' id='block_1_87' title="bbox 2126 3063 3704 3132">
    <p class='ocr_par' dir='ltr' id='par_1_87' title="bbox 2126 3063 3704 3132">
     <span class='ocr_line' id='line_1_87' title="bbox 2126 3063 3704 3132; baseline 0.002 -16"><span class='ocrx_word' id='word_1_685' title='bbox 2126 3072 2237 3116; x_wconf 89' lang='lat' dir='ltr'><strong>tum</strong></span> <span class='ocrx_word' id='word_1_686' title='bbox 2267 3063 2386 3131; x_wconf 91' lang='lat' dir='ltr'><strong>quia</strong></span> <span class='ocrx_word' id='word_1_687' title='bbox 2418 3063 2568 3117; x_wconf 91' lang='lat' dir='ltr'><strong>nobis</strong></span> <span class='ocrx_word' id='word_1_688' title='bbox 2594 3065 2708 3116; x_wconf 76' lang='lat' dir='ltr'><strong>tunc</strong></span> <span class='ocrx_word' id='word_1_689' title='bbox 2733 3073 2913 3132; x_wconf 90' lang='lat' dir='ltr'><strong>aperte</strong></span> <span class='ocrx_word' id='word_1_690' title='bbox 2951 3063 3269 3118; x_wconf 88' lang='lat' dir='ltr'><strong>disseruisti.</strong></span> <span class='ocrx_word' id='word_1_691' title='bbox 3299 3063 3558 3119; x_wconf 70' lang='lat' dir='ltr'><strong>Craterum</strong></span> <span class='ocrx_word' id='word_1_692' title='bbox 3599 3065 3704 3119; x_wconf 84' lang='lat' dir='ltr'><strong>Do-</strong></span> 
     </span>
    </p>
   </div>
   <div class='ocr_carea' id='block_1_88' title="bbox 2126 3156 3706 3228">
    <p class='ocr_par' dir='ltr' id='par_1_88' title="bbox 2126 3156 3706 3228">
     <span class='ocr_line' id='line_1_88' title="bbox 2126 3156 3706 3228; baseline -0.001 -18"><span class='ocrx_word' id='word_1_693' title='bbox 2126 3158 2300 3211; x_wconf 91' lang='lat' dir='ltr'><strong>minus</strong></span> <span class='ocrx_word' id='word_1_694' title='bbox 2331 3159 2629 3213; x_wconf 89' lang='lat' dir='ltr'><strong>meminerit</strong></span> <span class='ocrx_word' id='word_1_695' title='bbox 2648 3159 2821 3212; x_wconf 91' lang='lat' dir='ltr'><strong>omnis</strong></span> <span class='ocrx_word' id='word_1_696' title='bbox 2847 3158 3090 3211; x_wconf 83' lang='lat' dir='ltr'><strong>sacrificii</strong></span> <span class='ocrx_word' id='word_1_697' title='bbox 3111 3156 3348 3220; x_wconf 80' lang='lat' dir='ltr'><strong>Joannis,</strong></span> <span class='ocrx_word' id='word_1_698' title='bbox 3369 3159 3454 3228; x_wconf 90' lang='lat' dir='ltr'><strong>qui</strong></span> <span class='ocrx_word' id='word_1_699' title='bbox 3472 3160 3536 3211; x_wconf 92' lang='lat' dir='ltr'><strong>ad</strong></span> <span class='ocrx_word' id='word_1_700' title='bbox 3561 3173 3706 3212; x_wconf 75' lang='lat' dir='ltr'><strong>mor.</strong></span> 
     </span>
    </p>
   </div>
   <div class='ocr_carea' id='block_1_89' title="bbox 2127 3248 3703 3319">
    <p class='ocr_par' dir='ltr' id='par_1_89' title="bbox 2127 3248 3703 3319">
     <span class='ocr_line' id='line_1_89' title="bbox 2127 3248 3703 3319; baseline 0.004 -19"><span class='ocrx_word' id='word_1_701' title='bbox 2127 3256 2231 3300; x_wconf 91' lang='lat' dir='ltr'><strong>tem</strong></span> <span class='ocrx_word' id='word_1_702' title='bbox 2268 3263 2435 3316; x_wconf 87' lang='lat' dir='ltr'><strong>usque</strong></span> <span class='ocrx_word' id='word_1_703' title='bbox 2463 3248 2708 3317; x_wconf 90' lang='lat' dir='ltr'><strong>loquendi</strong></span> <span class='ocrx_word' id='word_1_704' title='bbox 2739 3249 3030 3301; x_wconf 80' lang='lat' dir='ltr'><strong>libertatem</strong></span> <span class='ocrx_word' id='word_1_705' title='bbox 3079 3263 3182 3303; x_wconf 91' lang='lat' dir='ltr'><strong>non</strong></span> <span class='ocrx_word' id='word_1_706' title='bbox 3233 3248 3443 3317; x_wconf 89' lang='lat' dir='ltr'><strong>abjecit.</strong></span> <span class='ocrx_word' id='word_1_707' title='bbox 3501 3248 3703 3319; x_wconf 78' lang='lat' dir='ltr'><strong>Scopul</strong></span> 
     </span>
    </p>
   </div>
   <div class='ocr_carea' id='block_1_90' title="bbox 2125 3337 3701 3407">
    <p class='ocr_par' dir='ltr' id='par_1_90' title="bbox 2125 3337 3701 3407">
     <span class='ocr_line' id='line_1_90' title="bbox 2125 3337 3701 3407; baseline -0.001 -15"><span class='ocrx_word' id='word_1_708' title='bbox 2125 3337 2376 3392; x_wconf 69' lang='lat' dir='ltr'><strong>Ecclesim</strong></span> <span class='ocrx_word' id='word_1_709' title='bbox 2395 3337 2642 3390; x_wconf 75' lang='lat' dir='ltr'><strong>Romana:</strong></span> <span class='ocrx_word' id='word_1_710' title='bbox 2666 3337 2762 3389; x_wconf 92' lang='lat' dir='ltr'><strong>iste</strong></span> <span class='ocrx_word' id='word_1_711' title='bbox 2787 3346 2887 3401; x_wconf 88' lang='lat' dir='ltr'><strong>est,</strong></span> <span class='ocrx_word' id='word_1_712' title='bbox 2907 3353 3010 3389; x_wconf 90' lang='lat' dir='ltr'><strong>non</strong></span> <span class='ocrx_word' id='word_1_713' title='bbox 3034 3337 3428 3390; x_wconf 88' lang='lat' dir='ltr'><strong>communicare</strong></span> <span class='ocrx_word' id='word_1_714' title='bbox 3453 3353 3701 3407; x_wconf 87' lang='lat' dir='ltr'><strong>umquam</strong></span> 
     </span>
    </p>
   </div>
   <div class='ocr_carea' id='block_1_91' title="bbox 2123 3429 3702 3498">
    <p class='ocr_par' dir='ltr' id='par_1_91' title="bbox 2123 3429 3702 3498">
     <span class='ocr_line' id='line_1_91' title="bbox 2123 3429 3702 3498; baseline 0.002 -14"><span class='ocrx_word' id='word_1_715' title='bbox 2123 3429 2477 3484; x_wconf 88' lang='lat' dir='ltr'><strong>Orientalibus</strong></span> <span class='ocrx_word' id='word_1_716' title='bbox 2517 3429 2799 3497; x_wconf 85' lang='lat' dir='ltr'><strong>episcOpis,</strong></span> <span class='ocrx_word' id='word_1_717' title='bbox 2850 3430 3140 3498; x_wconf 67' lang='lat' dir='ltr'><strong>priesertim</strong></span> <span class='ocrx_word' id='word_1_718' title='bbox 3185 3429 3502 3498; x_wconf 81' lang='lat' dir='ltr'><strong>TbeOphilo,</strong></span> <span class='ocrx_word' id='word_1_719' title='bbox 3532 3431 3702 3487; x_wconf 88' lang='lat' dir='ltr'><strong>donec</strong></span> 
     </span>
    </p>
   </div>
   <div class='ocr_carea' id='block_1_92' title="bbox 2128 3518 3698 3588">
    <p class='ocr_par' dir='ltr' id='par_1_92' title="bbox 2128 3518 3698 3588">
     <span class='ocr_line' id='line_1_92' title="bbox 2128 3518 3698 3588; baseline 0.001 -15"><span class='ocrx_word' id='word_1_720' title='bbox 2128 3520 2380 3573; x_wconf 89' lang='lat' dir='ltr'><strong>Dominus</strong></span> <span class='ocrx_word' id='word_1_721' title='bbox 2405 3518 2612 3573; x_wconf 88' lang='lat' dir='ltr'><strong>dederit</strong></span> <span class='ocrx_word' id='word_1_722' title='bbox 2635 3518 2807 3573; x_wconf 89' lang='lat' dir='ltr'><strong>locum</strong></span> <span class='ocrx_word' id='word_1_723' title='bbox 2832 3518 3108 3572; x_wconf 89' lang='lat' dir='ltr'><strong>universali</strong></span> <span class='ocrx_word' id='word_1_724' title='bbox 3128 3519 3358 3587; x_wconf 84' lang='lat' dir='ltr'><strong>Synodo,</strong></span> <span class='ocrx_word' id='word_1_725' title='bbox 3381 3537 3497 3588; x_wconf 70' lang='lat' dir='ltr'><strong>qua:</strong></span> <span class='ocrx_word' id='word_1_726' title='bbox 3520 3530 3698 3588; x_wconf 82' lang='lat' dir='ltr'><strong>putre-</strong></span> 
     </span>
    </p>
   </div>
   <div class='ocr_carea' id='block_1_93' title="bbox 2126 3609 3697 3678">
    <p class='ocr_par' dir='ltr' id='par_1_93' title="bbox 2126 3609 3697 3678">
     <span class='ocr_line' id='line_1_93' title="bbox 2126 3609 3697 3678; baseline 0.002 -16"><span class='ocrx_word' id='word_1_727' title='bbox 2126 3609 2272 3664; x_wconf 87' lang='lat' dir='ltr'><strong>factis</strong></span> <span class='ocrx_word' id='word_1_728' title='bbox 2303 3610 2556 3664; x_wconf 91' lang='lat' dir='ltr'><strong>membris</strong></span> <span class='ocrx_word' id='word_1_729' title='bbox 2583 3625 2784 3674; x_wconf 88' lang='lat' dir='ltr'><strong>eorum,</strong></span> <span class='ocrx_word' id='word_1_730' title='bbox 2821 3609 2908 3677; x_wconf 91' lang='lat' dir='ltr'><strong>qui</strong></span> <span class='ocrx_word' id='word_1_731' title='bbox 2941 3609 3053 3663; x_wconf 63' lang='lat' dir='ltr'><strong>haec</strong></span> <span class='ocrx_word' id='word_1_732' title='bbox 3083 3619 3372 3678; x_wconf 86' lang='lat' dir='ltr'><strong>patrarunt,</strong></span> <span class='ocrx_word' id='word_1_733' title='bbox 3405 3610 3697 3665; x_wconf 81' lang='lat' dir='ltr'><strong>medeatur.</strong></span> 
     </span>
    </p>
   </div>
   <div class='ocr_carea' id='block_1_94' title="bbox 2123 3698 3695 3769">
    <p class='ocr_par' dir='ltr' id='par_1_94' title="bbox 2123 3698 3695 3769">
     <span class='ocr_line' id='line_1_94' title="bbox 2123 3698 3695 3769; baseline 0.003 -16"><span class='ocrx_word' id='word_1_734' title='bbox 2123 3699 2235 3753; x_wconf 85' lang='lat' dir='ltr'><strong>Etsi</strong></span> <span class='ocrx_word' id='word_1_735' title='bbox 2261 3701 2400 3754; x_wconf 90' lang='lat' dir='ltr'><strong>enim</strong></span> <span class='ocrx_word' id='word_1_736' title='bbox 2431 3698 2627 3753; x_wconf 84' lang='lat' dir='ltr'><strong>dormit</strong></span> <span class='ocrx_word' id='word_1_737' title='bbox 2655 3699 2840 3753; x_wconf 88' lang='lat' dir='ltr'><strong>beatus</strong></span> <span class='ocrx_word' id='word_1_738' title='bbox 2867 3699 3128 3764; x_wconf 82' lang='lat' dir='ltr'><strong>Joannes,</strong></span> <span class='ocrx_word' id='word_1_739' title='bbox 3170 3701 3349 3769; x_wconf 87' lang='lat' dir='ltr'><strong>vigilat</strong></span> <span class='ocrx_word' id='word_1_740' title='bbox 3386 3709 3560 3755; x_wconf 90' lang='lat' dir='ltr'><strong>tamen</strong></span> <span class='ocrx_word' id='word_1_741' title='bbox 3603 3717 3695 3757; x_wconf 86' lang='lat' dir='ltr'><strong>ve-</strong></span> 
     </span>
    </p>
   </div>
   <div class='ocr_carea' id='block_1_95' title="bbox 2122 3787 3695 3861">
    <p class='ocr_par' dir='ltr' id='par_1_95' title="bbox 2122 3787 3695 3861">
     <span class='ocr_line' id='line_1_95' title="bbox 2122 3787 3695 3861; baseline 0.003 -20"><span class='ocrx_word' id='word_1_742' title='bbox 2122 3789 2250 3841; x_wconf 90' lang='lat' dir='ltr'><strong>ritas</strong></span> <span class='ocrx_word' id='word_1_743' title='bbox 2273 3829 2288 3851; x_wconf 89' lang='lat'><strong>,</strong></span> <span class='ocrx_word' id='word_1_744' title='bbox 2331 3796 2548 3856; x_wconf 89' lang='lat' dir='ltr'><strong>propter</strong></span> <span class='ocrx_word' id='word_1_745' title='bbox 2585 3804 2742 3856; x_wconf 87' lang='lat' dir='ltr'><strong>quam</strong></span> <span class='ocrx_word' id='word_1_746' title='bbox 2775 3787 3041 3857; x_wconf 89' lang='lat' dir='ltr'><strong>inquisitio</strong></span> <span class='ocrx_word' id='word_1_747' title='bbox 3066 3790 3186 3842; x_wconf 90' lang='lat' dir='ltr'><strong>erit.</strong></span> <span class='ocrx_word' id='word_1_748' title='bbox 3229 3790 3334 3843; x_wconf 80' lang='lat' dir='ltr'><strong>Eos</strong></span> <span class='ocrx_word' id='word_1_749' title='bbox 3377 3800 3573 3850; x_wconf 86' lang='lat' dir='ltr'><strong>autem,</strong></span> <span class='ocrx_word' id='word_1_750' title='bbox 3606 3792 3695 3861; x_wconf 92' lang='lat' dir='ltr'><strong>qui</strong></span> 
     </span>
    </p>
   </div>
   <div class='ocr_carea' id='block_1_96' title="bbox 2121 3879 3694 3946">
    <p class='ocr_par' dir='ltr' id='par_1_96' title="bbox 2121 3879 3694 3946">
     <span class='ocr_line' id='line_1_96' title="bbox 2121 3879 3694 3946; baseline 0.004 -15"><span class='ocrx_word' id='word_1_751' title='bbox 2121 3879 2242 3931; x_wconf 92' lang='lat' dir='ltr'><strong>talia</strong></span> <span class='ocrx_word' id='word_1_752' title='bbox 2261 3879 2311 3932; x_wconf 93' lang='lat' dir='ltr'><strong>in</strong></span> <span class='ocrx_word' id='word_1_753' title='bbox 2332 3879 2562 3932; x_wconf 83' lang='lat' dir='ltr'><strong>Ecclesia</strong></span> <span class='ocrx_word' id='word_1_754' title='bbox 2590 3887 2975 3946; x_wconf 90' lang='lat' dir='ltr'><strong>perpetrarunt,</strong></span> <span class='ocrx_word' id='word_1_755' title='bbox 3007 3880 3230 3934; x_wconf 83' lang='lat' dir='ltr'><strong>libenter</strong></span> <span class='ocrx_word' id='word_1_756' title='bbox 3258 3883 3616 3946; x_wconf 80' lang='lat' dir='ltr'><strong>convenirem,</strong></span> <span class='ocrx_word' id='word_1_757' title='bbox 3641 3885 3694 3937; x_wconf 88' lang='lat' dir='ltr'><strong>in</strong></span> 
     </span>
    </p>
   </div>
   <div class='ocr_carea' id='block_1_97' title="bbox 2122 3968 3693 4037">
    <p class='ocr_par' dir='ltr' id='par_1_97' title="bbox 2122 3968 3693 4037">
     <span class='ocr_line' id='line_1_97' title="bbox 2122 3968 3693 4037; baseline 0.003 -15"><span class='ocrx_word' id='word_1_758' title='bbox 2122 3968 2308 4022; x_wconf 88' lang='lat' dir='ltr'><strong>faciem</strong></span> <span class='ocrx_word' id='word_1_759' title='bbox 2346 3968 2810 4023; x_wconf 75' lang='lat' dir='ltr'><strong>dicenszUbinam</strong></span> <span class='ocrx_word' id='word_1_760' title='bbox 2843 3969 3236 4023; x_wconf 86' lang='lat' dir='ltr'><strong>sacerdotium?</strong></span> <span class='ocrx_word' id='word_1_761' title='bbox 3279 3970 3365 4024; x_wconf 87' lang='lat' dir='ltr'><strong>ubi</strong></span> <span class='ocrx_word' id='word_1_762' title='bbox 3409 3972 3693 4037; x_wconf 87' lang='lat' dir='ltr'><strong>sanctitas,</strong></span> 
     </span>
    </p>
   </div>
   <div class='ocr_carea' id='block_1_98' title="bbox 2123 4059 3695 4118">
    <p class='ocr_par' dir='ltr' id='par_1_98' title="bbox 2123 4059 3695 4118">
     <span class='ocr_line' id='line_1_98' title="bbox 2123 4059 3695 4118; baseline 0.003 -5"><span class='ocrx_word' id='word_1_763' title='bbox 2123 4061 2208 4114; x_wconf 92' lang='lat' dir='ltr'><strong>ubi</strong></span> <span class='ocrx_word' id='word_1_764' title='bbox 2244 4059 2591 4114; x_wconf 88' lang='lat' dir='ltr'><strong>mansuetudo</strong></span> <span class='ocrx_word' id='word_1_765' title='bbox 2621 4068 2674 4114; x_wconf 87' lang='lat' dir='ltr'><strong>et</strong></span> <span class='ocrx_word' id='word_1_766' title='bbox 2702 4061 3005 4113; x_wconf 88' lang='lat' dir='ltr'><strong>communio</strong></span> <span class='ocrx_word' id='word_1_767' title='bbox 3035 4063 3372 4116; x_wconf 69' lang='lat' dir='ltr'><strong>naturte?ubi</strong></span> <span class='ocrx_word' id='word_1_768' title='bbox 3398 4063 3695 4118; x_wconf 87' lang='lat' dir='ltr'><strong>Servatoris</strong></span> 
     </span>
    </p>
   </div>
   <div class='ocr_carea' id='block_1_99' title="bbox 2122 4151 3696 4217">
    <p class='ocr_par' dir='ltr' id='par_1_99' title="bbox 2122 4151 3696 4217">
     <span class='ocr_line' id='line_1_99' title="bbox 2122 4151 3696 4217; baseline 0.001 -11"><span class='ocrx_word' id='word_1_769' title='bbox 2122 4153 2404 4206; x_wconf 88' lang='lat' dir='ltr'><strong>mandata?</strong></span> <span class='ocrx_word' id='word_1_770' title='bbox 2434 4152 2521 4205; x_wconf 90' lang='lat' dir='ltr'><strong>ubi</strong></span> <span class='ocrx_word' id='word_1_771' title='bbox 2567 4151 2692 4206; x_wconf 90' lang='lat' dir='ltr'><strong>illud</strong></span> <span class='ocrx_word' id='word_1_772' title='bbox 2720 4169 2732 4204; x_wconf 91' lang='lat'><strong>:</strong></span> <span class='ocrx_word' id='word_1_773' title='bbox 2758 4151 2819 4206; x_wconf 87' lang='lat' dir='ltr'><strong>Si</strong></span> <span class='ocrx_word' id='word_1_774' title='bbox 2861 4151 3012 4217; x_wconf 69' lang='lat' dir='ltr'><strong>o/firs</strong></span> <span class='ocrx_word' id='word_1_775' title='bbox 3042 4170 3222 4207; x_wconf 84' lang='lat' dir='ltr'><strong>munus</strong></span> <span class='ocrx_word' id='word_1_776' title='bbox 3257 4165 3428 4217; x_wconf 84' lang='lat' dir='ltr'><strong>tuum,</strong></span> <span class='ocrx_word' id='word_1_777' title='bbox 3458 4165 3505 4208; x_wconf 82' lang='lat' dir='ltr'><strong>et</strong></span> <span class='ocrx_word' id='word_1_778' title='bbox 3530 4172 3696 4207; x_wconf 83' lang='lat' dir='ltr'><strong>recor-</strong></span> 
     </span>
    </p>
   </div>
   <div class='ocr_carea' id='block_1_100' title="bbox 2119 4241 3692 4313">
    <p class='ocr_par' dir='ltr' id='par_1_100' title="bbox 2119 4241 3692 4313">
     <span class='ocr_line' id='line_1_100' title="bbox 2119 4241 3692 4313; baseline 0.004 -20"><span class='ocrx_word' id='word_1_779' title='bbox 2119 4245 2269 4299; x_wconf 76' lang='lat' dir='ltr'><strong>datus</strong></span> <span class='ocrx_word' id='word_1_780' title='bbox 2317 4241 2471 4310; x_wconf 76' lang='lat' dir='ltr'><strong>[acris</strong></span> <span class='ocrx_word' id='word_1_781' title='bbox 2503 4243 2620 4310; x_wconf 81' lang='lat' dir='ltr'><strong>quia</strong></span> <span class='ocrx_word' id='word_1_782' title='bbox 2661 4242 2819 4309; x_wconf 72' lang='lat' dir='ltr'><strong>frater</strong></span> <span class='ocrx_word' id='word_1_783' title='bbox 2864 4251 2978 4295; x_wconf 84' lang='lat' dir='ltr'><strong>tuus</strong></span> <span class='ocrx_word' id='word_1_784' title='bbox 3022 4244 3166 4297; x_wconf 85' lang='lat' dir='ltr'><strong>habet</strong></span> <span class='ocrx_word' id='word_1_785' title='bbox 3202 4246 3394 4313; x_wconf 82' lang='lat' dir='ltr'><strong>aliquid</strong></span> <span class='ocrx_word' id='word_1_786' title='bbox 3431 4247 3692 4300; x_wconf 79' lang='lat' dir='ltr'><strong>adversum</strong></span> 
     </span>
    </p>
   </div>
   <div class='ocr_carea' id='block_1_101' title="bbox 2117 4334 3691 4405">
    <p class='ocr_par' dir='ltr' id='par_1_101' title="bbox 2117 4334 3691 4405">
     <span class='ocr_line' id='line_1_101' title="bbox 2117 4334 3691 4405; baseline -0.001 -12"><span class='ocrx_word' id='word_1_787' title='bbox 2117 4351 2181 4400; x_wconf 78' lang='lat' dir='ltr'><strong>te,</strong></span> <span class='ocrx_word' id='word_1_788' title='bbox 2222 4338 2362 4400; x_wconf 84' lang='lat' dir='ltr'><strong>vade,</strong></span> <span class='ocrx_word' id='word_1_789' title='bbox 2399 4336 2538 4402; x_wconf 75' lang='lat' dir='ltr'><strong>prius</strong></span> <span class='ocrx_word' id='word_1_790' title='bbox 2569 4334 2892 4386; x_wconf 78' lang='lat' dir='ltr'><strong>reconciliare</strong></span> <span class='ocrx_word' id='word_1_791' title='bbox 2915 4337 3066 4403; x_wconf 79' lang='lat' dir='ltr'><strong>fratri</strong></span> <span class='ocrx_word' id='word_1_792' title='bbox 3093 4348 3175 4389; x_wconf 86' lang='lat' dir='ltr'><strong>tuo</strong></span> <span class='ocrx_word' id='word_1_793' title='bbox 3195 4379 3209 4400; x_wconf 90' lang='lat'><strong>,</strong></span> <span class='ocrx_word' id='word_1_794' title='bbox 3240 4349 3285 4390; x_wconf 87' lang='lat' dir='ltr'><strong>et</strong></span> <span class='ocrx_word' id='word_1_795' title='bbox 3327 4345 3398 4391; x_wconf 85' lang='lat' dir='ltr'><strong>sic</strong></span> <span class='ocrx_word' id='word_1_796' title='bbox 3429 4339 3555 4405; x_wconf 78' lang='lat' dir='ltr'><strong>a/fer</strong></span> <span class='ocrx_word' id='word_1_797' title='bbox 3579 4357 3691 4392; x_wconf 85' lang='lat' dir='ltr'><strong>ntu-</strong></span> 
     </span>
    </p>
   </div>
   <div class='ocr_carea' id='block_1_102' title="bbox 2114 4424 3689 4498">
    <p class='ocr_par' dir='ltr' id='par_1_102' title="bbox 2114 4424 3689 4498">
     <span class='ocr_line' id='line_1_102' title="bbox 2114 4424 3689 4498; baseline 0.001 -16"><span class='ocrx_word' id='word_1_798' title='bbox 2114 4447 2206 4482; x_wconf 86' lang='lat' dir='ltr'><strong>nus</strong></span> <span class='ocrx_word' id='word_1_799' title='bbox 2236 4441 2372 4481; x_wconf 87' lang='lat' dir='ltr'><strong>tuum</strong></span> <span class='ocrx_word' id='word_1_800' title='bbox 2391 4427 2597 4497; x_wconf 78' lang='lat' dir='ltr'><strong>(Matth.</strong></span> <span class='ocrx_word' id='word_1_801' title='bbox 2623 4429 2674 4483; x_wconf 85' lang='lat'><strong>5.</strong></span> <span class='ocrx_word' id='word_1_802' title='bbox 2697 4428 2788 4483; x_wconf 66' lang='lat'><strong>25.</strong></span> <span class='ocrx_word' id='word_1_803' title='bbox 2814 4424 2907 4498; x_wconf 69' lang='grc'><strong>2-1)</strong></span> <span class='ocrx_word' id='word_1_804' title='bbox 2925 4426 2948 4476; x_wconf 73' lang='lat'><strong>1’</strong></span> <span class='ocrx_word' id='word_1_805' title='bbox 2980 4425 3063 4478; x_wconf 89' lang='lat' dir='ltr'><strong>ubi</strong></span> <span class='ocrx_word' id='word_1_806' title='bbox 3101 4427 3226 4479; x_wconf 91' lang='lat' dir='ltr'><strong>illud</strong></span> <span class='ocrx_word' id='word_1_807' title='bbox 3255 4445 3265 4478; x_wconf 93' lang='lat'><strong>:</strong></span> <span class='ocrx_word' id='word_1_808' title='bbox 3293 4428 3481 4497; x_wconf 78' lang='lat' dir='ltr'><strong>Siquis</strong></span> <span class='ocrx_word' id='word_1_809' title='bbox 3502 4439 3548 4481; x_wconf 88' lang='lat' dir='ltr'><strong>te</strong></span> <span class='ocrx_word' id='word_1_810' title='bbox 3571 4447 3689 4498; x_wconf 82' lang='lat' dir='ltr'><strong>per-</strong></span> 
     </span>
    </p>
   </div>
   <div class='ocr_carea' id='block_1_103' title="bbox 2113 4514 3688 4580">
    <p class='ocr_par' dir='ltr' id='par_1_103' title="bbox 2113 4514 3688 4580">
     <span class='ocr_line' id='line_1_103' title="bbox 2113 4514 3688 4580; baseline 0.002 -11"><span class='ocrx_word' id='word_1_811' title='bbox 2113 4519 2316 4570; x_wconf 85' lang='lat' dir='ltr'><strong>cusserit</strong></span> <span class='ocrx_word' id='word_1_812' title='bbox 2359 4519 2410 4570; x_wconf 85' lang='lat' dir='ltr'><strong>in</strong></span> <span class='ocrx_word' id='word_1_813' title='bbox 2453 4517 2715 4570; x_wconf 73' lang='lat' dir='ltr'><strong>maxillam</strong></span> <span class='ocrx_word' id='word_1_814' title='bbox 2753 4518 3013 4580; x_wconf 77' lang='lat' dir='ltr'><strong>dextram,</strong></span> <span class='ocrx_word' id='word_1_815' title='bbox 3055 4514 3248 4567; x_wconf 82' lang='lat' dir='ltr'><strong>obverte</strong></span> <span class='ocrx_word' id='word_1_816' title='bbox 3278 4517 3354 4568; x_wconf 84' lang='lat' dir='ltr'><strong>illi</strong></span> <span class='ocrx_word' id='word_1_817' title='bbox 3393 4527 3439 4569; x_wconf 88' lang='lat' dir='ltr'><strong>et</strong></span> <span class='ocrx_word' id='word_1_818' title='bbox 3475 4519 3688 4572; x_wconf 80' lang='lat' dir='ltr'><strong>alteram</strong></span> 
     </span>
    </p>
   </div>
   <div class='ocr_carea' id='block_1_104' title="bbox 2113 4605 3684 4678">
    <p class='ocr_par' dir='ltr' id='par_1_104' title="bbox 2113 4605 3684 4678">
     <span class='ocr_line' id='line_1_104' title="bbox 2113 4605 3684 4678; baseline 0.002 -19"><span class='ocrx_word' id='word_1_819' title='bbox 2113 4607 2266 4672; x_wconf 84' lang='lat' dir='ltr'><strong>(Ibid.</strong></span> <span class='ocrx_word' id='word_1_820' title='bbox 2309 4624 2358 4661; x_wconf 79' lang='grc' dir='ltr'><strong>υ.</strong></span> <span class='ocrx_word' id='word_1_821' title='bbox 2403 4608 2530 4678; x_wconf 80' lang='lat'><strong>59)?</strong></span> <span class='ocrx_word' id='word_1_822' title='bbox 2558 4608 2645 4661; x_wconf 91' lang='lat' dir='ltr'><strong>ubi</strong></span> <span class='ocrx_word' id='word_1_823' title='bbox 2679 4607 3068 4676; x_wconf 88' lang='lat' dir='ltr'><strong>Scripturarum</strong></span> <span class='ocrx_word' id='word_1_824' title='bbox 3109 4605 3410 4662; x_wconf 85' lang='lat' dir='ltr'><strong>meditatio?</strong></span> <span class='ocrx_word' id='word_1_825' title='bbox 3442 4617 3495 4662; x_wconf 89' lang='lat' dir='ltr'><strong>et</strong></span> <span class='ocrx_word' id='word_1_826' title='bbox 3535 4608 3684 4675; x_wconf 90' lang='lat' dir='ltr'><strong>illud,</strong></span> 
     </span>
    </p>
   </div>
   <div class='ocr_carea' id='block_1_105' title="bbox 2113 4697 3688 4770">
    <p class='ocr_par' dir='ltr' id='par_1_105' title="bbox 2113 4697 3688 4770">
     <span class='ocr_line' id='line_1_105' title="bbox 2113 4697 3688 4770; baseline 0.001 -20"><span class='ocrx_word' id='word_1_827' title='bbox 2113 4697 2245 4752; x_wconf 84' lang='lat' dir='ltr'><strong>Ecce</strong></span> <span class='ocrx_word' id='word_1_828' title='bbox 2279 4715 2427 4768; x_wconf 84' lang='lat' dir='ltr'><strong>quam</strong></span> <span class='ocrx_word' id='word_1_829' title='bbox 2470 4699 2652 4751; x_wconf 86' lang='lat' dir='ltr'><strong>bonum</strong></span> <span class='ocrx_word' id='word_1_830' title='bbox 2692 4708 2739 4753; x_wconf 85' lang='lat' dir='ltr'><strong>et</strong></span> <span class='ocrx_word' id='word_1_831' title='bbox 2765 4716 2911 4767; x_wconf 86' lang='lat' dir='ltr'><strong>quam</strong></span> <span class='ocrx_word' id='word_1_832' title='bbox 2929 4699 3231 4770; x_wconf 86' lang='lat' dir='ltr'><strong>jucundum,</strong></span> <span class='ocrx_word' id='word_1_833' title='bbox 3260 4701 3484 4752; x_wconf 81' lang='lat' dir='ltr'><strong>habitare</strong></span> <span class='ocrx_word' id='word_1_834' title='bbox 3507 4704 3688 4770; x_wconf 77' lang='lat' dir='ltr'><strong>fratres</strong></span> 
     </span>
    </p>
   </div>
   <div class='ocr_carea' id='block_1_106' title="bbox 2113 4788 3684 4860">
    <p class='ocr_par' dir='ltr' id='par_1_106' title="bbox 2113 4788 3684 4860">
     <span class='ocr_line' id='line_1_106' title="bbox 2113 4788 3684 4860; baseline 0.001 -19"><span class='ocrx_word' id='word_1_835' title='bbox 2113 4790 2166 4841; x_wconf 87' lang='lat' dir='ltr'><strong>in</strong></span> <span class='ocrx_word' id='word_1_836' title='bbox 2191 4806 2347 4841; x_wconf 85' lang='lat' dir='ltr'><strong>unum</strong></span> <span class='ocrx_word' id='word_1_837' title='bbox 2365 4788 2530 4860; x_wconf 83' lang='lat' dir='ltr'><strong>(Psal.</strong></span> <span class='ocrx_word' id='word_1_838' title='bbox 2563 4789 2679 4842; x_wconf 72' lang='grc'><strong>152.</strong></span> <span class='ocrx_word' id='word_1_839' title='bbox 2708 4789 2796 4858; x_wconf 85' lang='lat' dir='ltr'><strong>l)?</strong></span> <span class='ocrx_word' id='word_1_840' title='bbox 2824 4790 2908 4841; x_wconf 90' lang='lat' dir='ltr'><strong>ubi</strong></span> <span class='ocrx_word' id='word_1_841' title='bbox 2939 4789 3085 4853; x_wconf 89' lang='lat' dir='ltr'><strong>illud,</strong></span> <span class='ocrx_word' id='word_1_842' title='bbox 3107 4789 3313 4841; x_wconf 80' lang='lat' dir='ltr'><strong>Fratres</strong></span> <span class='ocrx_word' id='word_1_843' title='bbox 3339 4792 3390 4842; x_wconf 86' lang='lat' dir='ltr'><strong>in</strong></span> <span class='ocrx_word' id='word_1_844' title='bbox 3417 4792 3684 4843; x_wconf 84' lang='lat' dir='ltr'><strong>necessita-</strong></span> 
     </span>
    </p>
   </div>
   <div class='ocr_carea' id='block_1_107' title="bbox 2061 4875 3684 4948">
    <p class='ocr_par' dir='ltr' id='par_1_107' title="bbox 2061 4875 3684 4948">
     <span class='ocr_line' id='line_1_107' title="bbox 2061 4875 3684 4948; baseline -0.001 -15"><span class='ocrx_word' id='word_1_845' title='bbox 2061 4885 2066 4888; x_wconf 79' lang='grc'><strong>’</strong></span> <span class='ocrx_word' id='word_1_846' title='bbox 2115 4879 2245 4933; x_wconf 81' lang='lat' dir='ltr'><strong>libus</strong></span> <span class='ocrx_word' id='word_1_847' title='bbox 2273 4880 2422 4933; x_wconf 78' lang='lat' dir='ltr'><strong>utiles</strong></span> <span class='ocrx_word' id='word_1_848' title='bbox 2448 4879 2586 4932; x_wconf 79' lang='lat' dir='ltr'><strong>sint?</strong></span> <span class='ocrx_word' id='word_1_849' title='bbox 2618 4895 2711 4931; x_wconf 91' lang='lat' dir='ltr'><strong>cur</strong></span> <span class='ocrx_word' id='word_1_850' title='bbox 2740 4879 2864 4930; x_wconf 92' lang='lat' dir='ltr'><strong>illud</strong></span> <span class='ocrx_word' id='word_1_851' title='bbox 2915 4899 2926 4932; x_wconf 91' lang='lat'><strong>:</strong></span> <span class='ocrx_word' id='word_1_852' title='bbox 2970 4875 3161 4928; x_wconf 80' lang='lat' dir='ltr'><strong>Frater</strong></span> <span class='ocrx_word' id='word_1_853' title='bbox 3215 4879 3304 4948; x_wconf 81' lang='lat' dir='ltr'><strong>qui</strong></span> <span class='ocrx_word' id='word_1_854' title='bbox 3331 4894 3361 4930; x_wconf 90' lang='lat' dir='ltr'><strong>a</strong></span> <span class='ocrx_word' id='word_1_855' title='bbox 3403 4883 3559 4946; x_wconf 77' lang='lat' dir='ltr'><strong>fratre</strong></span> <span class='ocrx_word' id='word_1_856' title='bbox 3587 4881 3684 4932; x_wconf 86' lang='lat' dir='ltr'><strong>ad-</strong></span> 
     </span>
    </p>
   </div>
   <div class='ocr_carea' id='block_1_108' title="bbox 2104 4964 3679 5040">
    <p class='ocr_par' dir='ltr' id='par_1_108' title="bbox 2104 4964 3679 5040">
     <span class='ocr_line' id='line_1_108' title="bbox 2104 4964 3679 5040; baseline 0 -20"><span class='ocrx_word' id='word_1_857' title='bbox 2104 4971 2341 5038; x_wconf 85' lang='lat' dir='ltr'><strong>juvatur,</strong></span> <span class='ocrx_word' id='word_1_858' title='bbox 2389 4978 2440 5019; x_wconf 84' lang='lat' dir='ltr'><strong>ut</strong></span> <span class='ocrx_word' id='word_1_859' title='bbox 2476 4968 2643 5019; x_wconf 82' lang='lat' dir='ltr'><strong>civitas</strong></span> <span class='ocrx_word' id='word_1_860' title='bbox 2671 4967 2861 5018; x_wconf 86' lang='lat' dir='ltr'><strong>munita</strong></span> <span class='ocrx_word' id='word_1_861' title='bbox 2905 4964 3083 5035; x_wconf 87' lang='lat' dir='ltr'><strong>(Prov.</strong></span> <span class='ocrx_word' id='word_1_862' title='bbox 3115 4968 3202 5020; x_wconf 90' lang='grc'><strong>17.</strong></span> <span class='ocrx_word' id='word_1_863' title='bbox 3235 4970 3321 5031; x_wconf 82' lang='grc'><strong>17,</strong></span> <span class='ocrx_word' id='word_1_864' title='bbox 3353 4979 3395 5022; x_wconf 86' lang='lat' dir='ltr'><strong>et</strong></span> <span class='ocrx_word' id='word_1_865' title='bbox 3427 4970 3513 5023; x_wconf 84' lang='grc'><strong>18.</strong></span> <span class='ocrx_word' id='word_1_866' title='bbox 3548 4971 3635 5040; x_wconf 80' lang='grc'><strong>19)</strong></span> <span class='ocrx_word' id='word_1_867' title='bbox 3666 5011 3679 5034; x_wconf 96' lang='lat'><strong>,</strong></span> 
     </span>
    </p>
   </div>
   <div class='ocr_carea' id='block_1_109' title="bbox 2113 5055 3684 5129">
    <p class='ocr_par' dir='ltr' id='par_1_109' title="bbox 2113 5055 3684 5129">
     <span class='ocr_line' id='line_1_109' title="bbox 2113 5055 3684 5129; baseline 0.003 -19"><span class='ocrx_word' id='word_1_868' title='bbox 2113 5059 2468 5128; x_wconf 88' lang='lat' dir='ltr'><strong>pervertistis,</strong></span> <span class='ocrx_word' id='word_1_869' title='bbox 2525 5065 2578 5110; x_wconf 87' lang='lat' dir='ltr'><strong>et</strong></span> <span class='ocrx_word' id='word_1_870' title='bbox 2622 5057 2698 5109; x_wconf 91' lang='lat' dir='ltr'><strong>sic</strong></span> <span class='ocrx_word' id='word_1_871' title='bbox 2743 5055 2973 5110; x_wconf 86' lang='lat' dir='ltr'><strong>fecistis?</strong></span> <span class='ocrx_word' id='word_1_872' title='bbox 3022 5057 3242 5124; x_wconf 89' lang='lat' dir='ltr'><strong>Frater,</strong></span> <span class='ocrx_word' id='word_1_873' title='bbox 3293 5061 3380 5129; x_wconf 91' lang='lat' dir='ltr'><strong>qui</strong></span> <span class='ocrx_word' id='word_1_874' title='bbox 3429 5076 3460 5113; x_wconf 91' lang='lat' dir='ltr'><strong>a</strong></span> <span class='ocrx_word' id='word_1_875' title='bbox 3525 5060 3684 5114; x_wconf 89' lang='lat' dir='ltr'><strong>fratre</strong></span> 
     </span>
    </p>
   </div>
   <div class='ocr_carea' id='block_1_110' title="bbox 2113 5147 3683 5216">
    <p class='ocr_par' dir='ltr' id='par_1_110' title="bbox 2113 5147 3683 5216">
     <span class='ocr_line' id='line_1_110' title="bbox 2113 5147 3683 5216; baseline 0.003 -16"><span class='ocrx_word' id='word_1_876' title='bbox 2113 5157 2333 5202; x_wconf 83' lang='lat' dir='ltr'><strong>vexatur</strong></span> <span class='ocrx_word' id='word_1_877' title='bbox 2357 5157 2448 5200; x_wconf 92' lang='lat' dir='ltr'><strong>aut</strong></span> <span class='ocrx_word' id='word_1_878' title='bbox 2473 5147 2730 5216; x_wconf 89' lang='lat' dir='ltr'><strong>spoliatur</strong></span> <span class='ocrx_word' id='word_1_879' title='bbox 2750 5188 2765 5212; x_wconf 93' lang='lat'><strong>,</strong></span> <span class='ocrx_word' id='word_1_880' title='bbox 2812 5155 2868 5200; x_wconf 90' lang='lat' dir='ltr'><strong>ut</strong></span> <span class='ocrx_word' id='word_1_881' title='bbox 2911 5149 3099 5202; x_wconf 88' lang='lat' dir='ltr'><strong>civitas</strong></span> <span class='ocrx_word' id='word_1_882' title='bbox 3139 5151 3457 5204; x_wconf 89' lang='lat' dir='ltr'><strong>miserabilis</strong></span> <span class='ocrx_word' id='word_1_883' title='bbox 3486 5160 3539 5204; x_wconf 92' lang='lat' dir='ltr'><strong>et</strong></span> <span class='ocrx_word' id='word_1_884' title='bbox 3568 5153 3683 5204; x_wconf 91' lang='lat' dir='ltr'><strong>sine</strong></span> 
     </span>
    </p>
   </div>
   <div class='ocr_carea' id='block_1_111' title="bbox 2111 5235 3683 5308">
    <p class='ocr_par' dir='ltr' id='par_1_111' title="bbox 2111 5235 3683 5308">
     <span class='ocr_line' id='line_1_111' title="bbox 2111 5235 3683 5308; baseline 0.002 -17"><span class='ocrx_word' id='word_1_885' title='bbox 2111 5238 2296 5291; x_wconf 90' lang='lat' dir='ltr'><strong>muris.</strong></span> <span class='ocrx_word' id='word_1_886' title='bbox 2324 5235 2458 5304; x_wconf 84' lang='lat' dir='ltr'><strong>Quid</strong></span> <span class='ocrx_word' id='word_1_887' title='bbox 2490 5237 2699 5292; x_wconf 90' lang='lat' dir='ltr'><strong>tandem</strong></span> <span class='ocrx_word' id='word_1_888' title='bbox 2732 5237 2890 5308; x_wconf 89' lang='lat' dir='ltr'><strong>igitur</strong></span> <span class='ocrx_word' id='word_1_889' title='bbox 2916 5241 3073 5294; x_wconf 89' lang='lat' dir='ltr'><strong>veluti</strong></span> <span class='ocrx_word' id='word_1_890' title='bbox 3106 5256 3216 5296; x_wconf 91' lang='lat' dir='ltr'><strong>rem</strong></span> <span class='ocrx_word' id='word_1_891' title='bbox 3257 5257 3360 5295; x_wconf 91' lang='lat' dir='ltr'><strong>non</strong></span> <span class='ocrx_word' id='word_1_892' title='bbox 3399 5242 3683 5295; x_wconf 83' lang='lat' dir='ltr'><strong>concilian-</strong></span> 
     </span>
    </p>
   </div>
   <div class='ocr_carea' id='block_1_112' title="bbox 2113 5329 3686 5400">
    <p class='ocr_par' dir='ltr' id='par_1_112' title="bbox 2113 5329 3686 5400">
     <span class='ocr_line' id='line_1_112' title="bbox 2113 5329 3686 5400; baseline 0.004 -16"><span class='ocrx_word' id='word_1_893' title='bbox 2113 5329 2234 5384; x_wconf 92' lang='lat' dir='ltr'><strong>dam</strong></span> <span class='ocrx_word' id='word_1_894' title='bbox 2260 5330 2567 5400; x_wconf 90' lang='lat' dir='ltr'><strong>persequuti</strong></span> <span class='ocrx_word' id='word_1_895' title='bbox 2595 5332 2745 5396; x_wconf 89' lang='lat' dir='ltr'><strong>estis,</strong></span> <span class='ocrx_word' id='word_1_896' title='bbox 2776 5347 2809 5385; x_wconf 90' lang='grc' dir='ltr'>ο</span> <span class='ocrx_word' id='word_1_897' title='bbox 2845 5342 2945 5399; x_wconf 89' lang='lat' dir='ltr'><strong>ter,</strong></span> <span class='ocrx_word' id='word_1_898' title='bbox 2977 5343 3030 5388; x_wconf 92' lang='lat' dir='ltr'><strong>et</strong></span> <span class='ocrx_word' id='word_1_899' title='bbox 3067 5350 3169 5388; x_wconf 89' lang='lat' dir='ltr'><strong>non</strong></span> <span class='ocrx_word' id='word_1_900' title='bbox 3210 5335 3369 5388; x_wconf 87' lang='lat' dir='ltr'><strong>semel</strong></span> <span class='ocrx_word' id='word_1_901' title='bbox 3402 5333 3686 5390; x_wconf 87' lang='lat' dir='ltr'><strong>infelices?</strong></span> 
     </span>
    </p>
   </div>
   <div class='ocr_carea' id='block_1_113' title="bbox 2113 5425 3686 5495">
    <p class='ocr_par' dir='ltr' id='par_1_113' title="bbox 2113 5425 3686 5495">
     <span class='ocr_line' id='line_1_113' title="bbox 2113 5425 3686 5495; baseline 0.006 -21"><span class='ocrx_word' id='word_1_902' title='bbox 2113 5439 2215 5494; x_wconf 90' lang='lat' dir='ltr'><strong>qua</strong></span> <span class='ocrx_word' id='word_1_903' title='bbox 2245 5425 2452 5479; x_wconf 90' lang='lat' dir='ltr'><strong>tandem</strong></span> <span class='ocrx_word' id='word_1_904' title='bbox 2480 5425 2682 5479; x_wconf 87' lang='lat' dir='ltr'><strong>ratione</strong></span> <span class='ocrx_word' id='word_1_905' title='bbox 2712 5425 2966 5480; x_wconf 88' lang='lat' dir='ltr'><strong>adversus</strong></span> <span class='ocrx_word' id='word_1_906' title='bbox 3003 5427 3169 5490; x_wconf 87' lang='lat' dir='ltr'><strong>illum,</strong></span> <span class='ocrx_word' id='word_1_907' title='bbox 3207 5437 3468 5495; x_wconf 87' lang='lat' dir='ltr'><strong>tamquam</strong></span> <span class='ocrx_word' id='word_1_908' title='bbox 3500 5429 3686 5483; x_wconf 85' lang='lat' dir='ltr'><strong>adver-</strong></span> 
     </span>
    </p>
   </div>
   <div class='ocr_carea' id='block_1_114' title="bbox 2114 5516 3683 5591">
    <p class='ocr_par' dir='ltr' id='par_1_114' title="bbox 2114 5516 3683 5591">
     <span class='ocr_line' id='line_1_114' title="bbox 2114 5516 3683 5591; baseline 0.003 -20"><span class='ocrx_word' id='word_1_909' title='bbox 2114 5532 2204 5571; x_wconf 90' lang='lat' dir='ltr'><strong>sus</strong></span> <span class='ocrx_word' id='word_1_910' title='bbox 2235 5518 2501 5572; x_wconf 90' lang='lat' dir='ltr'><strong>inimicum</strong></span> <span class='ocrx_word' id='word_1_911' title='bbox 2521 5559 2534 5581; x_wconf 91' lang='lat'><strong>,</strong></span> <span class='ocrx_word' id='word_1_912' title='bbox 2565 5516 2762 5571; x_wconf 78' lang='lat' dir='ltr'><strong>czedem</strong></span> <span class='ocrx_word' id='word_1_913' title='bbox 2793 5519 3052 5573; x_wconf 90' lang='lat' dir='ltr'><strong>intentare</strong></span> <span class='ocrx_word' id='word_1_914' title='bbox 3080 5535 3183 5573; x_wconf 88' lang='lat' dir='ltr'><strong>non</strong></span> <span class='ocrx_word' id='word_1_915' title='bbox 3213 5517 3522 5589; x_wconf 80' lang='lat' dir='ltr'><strong>refugistis?</strong></span> <span class='ocrx_word' id='word_1_916' title='bbox 3549 5537 3683 5591; x_wconf 87' lang='lat' dir='ltr'><strong>quo-</strong></span> 
     </span>
    </p>
   </div>
   <div class='ocr_carea' id='block_1_115' title="bbox 2116 5609 3685 5667">
    <p class='ocr_par' dir='ltr' id='par_1_115' title="bbox 2116 5609 3685 5667">
     <span class='ocr_line' id='line_1_115' title="bbox 2116 5609 3685 5667; baseline 0.003 -5"><span class='ocrx_word' id='word_1_917' title='bbox 2116 5609 2274 5662; x_wconf 83' lang='lat' dir='ltr'><strong>modo</strong></span> <span class='ocrx_word' id='word_1_918' title='bbox 2316 5609 2459 5663; x_wconf 89' lang='lat' dir='ltr'><strong>venit</strong></span> <span class='ocrx_word' id='word_1_919' title='bbox 2508 5611 2557 5660; x_wconf 92' lang='lat' dir='ltr'><strong>in</strong></span> <span class='ocrx_word' id='word_1_920' title='bbox 2611 5618 2841 5661; x_wconf 87' lang='lat' dir='ltr'><strong>mentem</strong></span> <span class='ocrx_word' id='word_1_921' title='bbox 2888 5620 3113 5662; x_wconf 81' lang='lat' dir='ltr'><strong>vestram</strong></span> <span class='ocrx_word' id='word_1_922' title='bbox 3161 5611 3240 5664; x_wconf 92' lang='lat' dir='ltr'><strong>sic</strong></span> <span class='ocrx_word' id='word_1_923' title='bbox 3288 5611 3540 5666; x_wconf 60' lang='lat' dir='ltr'><strong>adversus</strong></span> <span class='ocrx_word' id='word_1_924' title='bbox 3590 5629 3685 5667; x_wconf 87' lang='lat' dir='ltr'><strong>vos</strong></span> 
     </span>
    </p>
   </div>
   <div class='ocr_carea' id='block_1_116' title="bbox 2116 5699 3686 5759">
    <p class='ocr_par' dir='ltr' id='par_1_116' title="bbox 2116 5699 3686 5759">
     <span class='ocr_line' id='line_1_116' title="bbox 2116 5699 3686 5759; baseline 0.004 -7"><span class='ocrx_word' id='word_1_925' title='bbox 2116 5700 2341 5754; x_wconf 88' lang='lat' dir='ltr'><strong>invicem</strong></span> <span class='ocrx_word' id='word_1_926' title='bbox 2385 5699 2623 5755; x_wconf 87' lang='lat' dir='ltr'><strong>efferari?</strong></span> <span class='ocrx_word' id='word_1_927' title='bbox 2675 5701 2813 5753; x_wconf 87' lang='lat' dir='ltr'><strong>unde</strong></span> <span class='ocrx_word' id='word_1_928' title='bbox 2869 5709 3064 5753; x_wconf 89' lang='lat' dir='ltr'><strong>tantam</strong></span> <span class='ocrx_word' id='word_1_929' title='bbox 3116 5705 3461 5759; x_wconf 89' lang='lat' dir='ltr'><strong>mutationem</strong></span> <span class='ocrx_word' id='word_1_930' title='bbox 3504 5713 3686 5758; x_wconf 79' lang='lat' dir='ltr'><strong>osten-</strong></span> 
     </span>
    </p>
   </div>
   <div class='ocr_carea' id='block_1_117' title="bbox 2116 5791 3684 5858">
    <p class='ocr_par' dir='ltr' id='par_1_117' title="bbox 2116 5791 3684 5858">
     <span class='ocr_line' id='line_1_117' title="bbox 2116 5791 3684 5858; baseline 0.006 -14"><span class='ocrx_word' id='word_1_931' title='bbox 2116 5791 2308 5858; x_wconf 89' lang='lat' dir='ltr'><strong>distis,</strong></span> <span class='ocrx_word' id='word_1_932' title='bbox 2351 5805 2409 5846; x_wconf 91' lang='lat' dir='ltr'><strong>ut</strong></span> <span class='ocrx_word' id='word_1_933' title='bbox 2445 5809 2474 5847; x_wconf 89' lang='lat' dir='ltr'><strong>a</strong></span> <span class='ocrx_word' id='word_1_934' title='bbox 2517 5803 2790 5847; x_wconf 88' lang='lat' dir='ltr'><strong>mansueto</strong></span> <span class='ocrx_word' id='word_1_935' title='bbox 2837 5793 2899 5846; x_wconf 90' lang='lat' dir='ltr'><strong>ad</strong></span> <span class='ocrx_word' id='word_1_936' title='bbox 2942 5795 3144 5850; x_wconf 90' lang='lat' dir='ltr'><strong>immite</strong></span> <span class='ocrx_word' id='word_1_937' title='bbox 3186 5806 3239 5852; x_wconf 90' lang='lat' dir='ltr'><strong>et</strong></span> <span class='ocrx_word' id='word_1_938' title='bbox 3278 5798 3684 5854; x_wconf 87' lang='lat' dir='ltr'><strong>immansuetum</strong></span> 
     </span>
    </p>
   </div>
   <div class='ocr_carea' id='block_1_118' title="bbox 2117 5882 3684 5947">
    <p class='ocr_par' dir='ltr' id='par_1_118' title="bbox 2117 5882 3684 5947">
     <span class='ocr_line' id='line_1_118' title="bbox 2117 5882 3684 5947; baseline 0.006 -11"><span class='ocrx_word' id='word_1_939' title='bbox 2117 5883 2450 5936; x_wconf 89' lang='lat' dir='ltr'><strong>transiretis?</strong></span> <span class='ocrx_word' id='word_1_940' title='bbox 2479 5882 2742 5946; x_wconf 84' lang='lat' dir='ltr'><strong>Admiror,</strong></span> <span class='ocrx_word' id='word_1_941' title='bbox 2763 5894 2817 5937; x_wconf 92' lang='lat' dir='ltr'><strong>et</strong></span> <span class='ocrx_word' id='word_1_942' title='bbox 2835 5883 2969 5939; x_wconf 90' lang='lat' dir='ltr'><strong>hanc</strong></span> <span class='ocrx_word' id='word_1_943' title='bbox 2992 5887 3389 5943; x_wconf 88' lang='lat' dir='ltr'><strong>conversionem</strong></span> <span class='ocrx_word' id='word_1_944' title='bbox 3415 5887 3684 5947; x_wconf 79' lang='lat' dir='ltr'><strong>admirans</strong></span> 
     </span>
    </p>
   </div>
   <div class='ocr_carea' id='block_1_119' title="bbox 2181 5983 2928 6046">
    <p class='ocr_par' dir='ltr' id='par_1_119' title="bbox 2181 5983 2928 6046">
     <span class='ocr_line' id='line_1_119' title="bbox 2181 5983 2928 6046; baseline 0.011 -17"><span class='ocrx_word' id='word_1_945' title='bbox 2181 5984 2253 6046; x_wconf 73' lang='grc' dir='ltr'><strong>(τι)</strong></span> <span class='ocrx_word' id='word_1_946' title='bbox 2286 5984 2369 6033; x_wconf 87' lang='lat' dir='ltr'><strong>Hic</strong></span> <span class='ocrx_word' id='word_1_947' title='bbox 2392 5983 2569 6035; x_wconf 79' lang='lat' dir='ltr'><strong>desinit</strong></span> <span class='ocrx_word' id='word_1_948' title='bbox 2591 5983 2928 6044; x_wconf 71' lang='lat' dir='ltr'><strong>fragmentum.</strong></span> 
     </span>
    </p>
   </div>
  </div>
