4504 6716
847 555 917 609 τε»
2137 541 2455 607 PALLADll
2495 541 2836 603 MALOGUS
4054 555 4126 613 80

851 673 1191 741 obstupesco,
1224 672 1434 726 intuens
1459 670 1636 724 omnia
1666 669 1733 725 ob
1760 670 1809 723 id
1835 670 1992 723 nimis
2017 675 2301 721 commota.
2328 662 2435 717 Cur

847 771 992 816 tanta
1028 763 1243 816 audacia
1285 762 1440 823 elati,
1488 762 1750 816 tuamillas
1795 760 2119 830 pra'bentem
2152 769 2203 811 et
2241 769 2435 826 pueros

846 873 945 912 vos
968 858 1308 919 nutrientem,
1335 856 1428 909 Dei
1457 856 1766 916 Ecclesiam,
1791 864 1846 906 ut
1875 853 2172 906 fmcundam
2198 851 2432 907 vulvam,

845 948 1182 1001 contumeliis
1217 948 1468 1001 all’vcistis
1497 959 1547 1000 et
1577 944 1916 999 concidistis?
1948 951 2004 996 ιιι
2046 943 2352 1009 impleretur
2384 939 2433 992 in

851 1037 1001 1092 vobis
1051 1038 1422 1108 propheticum
1467 1036 1591 1089 illud
1620 1055 1631 1089 :
1663 1035 1764 1088 Pro
1791 1034 1968 1104 quibus
2007 1033 2291 1104 persequuti
2320 1040 2437 1084 sunt

845 1130 898 1181 in
942 1129 1114 1200 gladio
1156 1135 1361 1198 fratrea:
1407 1144 1553 1180 suum
1583 1171 1598 1192 ,
1645 1138 1690 1180 et
1731 1128 1930 1180 vulvam
1976 1126 2342 1195 lobefactarunt
2385 1123 2438 1175 in

851 1229 984 1273 terra
1010 1220 1182 1289 (Amos
1207 1221 1253 1272 l.
1290 1218 1394 1288 ll).
1416 1217 1546 1273 Cum
1579 1219 1678 1272 hac
1703 1219 1854 1271 vulva
1883 1232 2200 1286 congressus
2229 1214 2438 1268 divinus

845 1321 899 1365 et
943 1312 1189 1365 salutans
1236 1326 1436 1375 sermo,
1489 1327 1582 1364 vos
1623 1318 1780 1378 atque
1829 1310 1974 1361 illutn
2021 1309 2337 1369 seminavit,
2385 1316 2437 1359 et

846 1401 1106 1470 plantavit
1137 1405 1188 1455 in
1221 1402 1372 1454 bonis
1415 1401 1703 1453 innumeris
1733 1414 1796 1452 ac
1829 1399 2048 1452 utilibus
2089 1398 2271 1450 rebus.
2303 1395 2434 1449 Nam

841 1509 964 1547 cum
1011 1493 1278 1548 deberetis
1307 1492 1456 1545 vobis
1485 1493 1711 1546 invicem
1756 1506 1910 1560 opem
1961 1492 2100 1543 ferre
2125 1488 2191 1542 ad
2218 1503 2279 1543 ea
2316 1502 2435 1557 qua:

842 1583 1098 1648 decebat;
1148 1583 1270 1654 quid
1315 1600 1492 1637 causa:
1531 1594 1647 1649 est,
1693 1599 1788 1638 cur
1828 1583 2102 1653 quiescere
2151 1590 2204 1634 et
2247 1588 2435 1649 pacate

841 1677 1036 1746 degere
1063 1678 1253 1732 saltem
1285 1679 1336 1731 in
1371 1689 1645 1748 posterum
1679 1692 1786 1729 non
1814 1675 2142 1730 censuistis?
2171 1674 2249 1728 Ad
2279 1689 2435 1728 usum

843 1768 1005 1836 igitur
1047 1779 1101 1823 et
1147 1780 1388 1821 mutuum
1428 1768 1681 1820 auxilium
1722 1768 1951 1825 conditi,
1996 1767 2120 1835 quid
2166 1781 2286 1819 eam
2338 1780 2436 1818 ne-

841 1860 1079 1924 glexistis
1113 1860 1369 1927 gratiam,
1418 1875 1523 1910 non
1572 1858 1733 1910 modo
1784 1872 1890 1910 non
1939 1857 2280 1909 sublevantes
2333 1855 2437 1908 fra-

840 1951 935 2003 tris
969 1950 1223 2011 laborem,
1271 1950 1364 2004 sed
1397 1959 1450 2003 et
1479 1951 1798 2020 repellentes
1836 1959 1993 2017 atque
2032 1965 2058 2000 a
2096 1948 2304 2016 propria
2343 1961 2434 1998 co-

836 2039 1086 2109 gnatione
1115 2041 1527 2095 abscintlcntcs?
1554 2056 1673 2094 cum
1707 2041 1960 2109 pr0pbeta
1989 2038 2180 2090 clamet
2201 2037 2265 2089 ad
2296 2051 2425 2088 vos:

841 2134 1028 2187 Nonne
1055 2133 1207 2186 Pater
1233 2151 1363 2186 unus
1384 2138 1606 2185 omnium
1638 2131 1905 2184 nostrum?
1947 2145 2110 2182 nonne
2140 2129 2272 2180 Deus
2299 2146 2430 2182 unus

837 2226 1062 2278 condidit
1091 2243 1180 2279 nos
1211 2225 1460 2294 (Malach.
1489 2224 1543 2276 9..
1575 2223 1704 2293 10)ἳ
1732 2222 1837 2278 Sed
1872 2222 2060 2276 dicetis
2097 2221 2225 2275 mihi
2252 2240 2263 2271 :
2296 2221 2430 2274 Pec-

837 2319 975 2371 cavit
1003 2318 1051 2370 iu
1083 2317 1276 2387 legem.
1306 2318 1566 2384 Qualem?
1592 2333 1748 2386 quam
1777 2331 1873 2369 vos
1897 2315 2249 2368 conculcastis
2270 2357 2284 2376 ,
2313 2330 2429 2367 eam

834 2427 930 2478 per
959 2411 1245 2480 nequitiam
1276 2411 1615 2479 dissipantcs.
1653 2409 1749 2465 Ubi
1781 2425 1908 2478 ergo
1939 2418 2142 2461 naturae
2171 2408 2276 2470 lex,
2308 2423 2430 2459 cor-

832 2503 1010 2571 rigere
1048 2518 1169 2557 cum
1197 2502 1449 2556 lenitate?
1478 2501 1638 2568 Quid,
1673 2514 1874 2570 quazso,
1903 2499 2020 2568 lege
2051 2499 2280 2551 hostium
2337 2496 2430 2549 ab-

836 2601 1067 2655 utentes,
1099 2593 1477 2661 persequimini
1500 2632 1513 2655 ,
1546 2591 1669 2644 dum
1703 2589 1979 2645 consulitis
2019 2598 2074 2643 et
2111 2588 2266 2656 agitis
2309 2603 2428 2656 qua:

831 2685 1096 2739 contraria
1141 2693 1265 2738 sunt
1306 2693 1361 2737 et
1407 2684 1696 2737 inimicitiis
1737 2683 1937 2750 digna?
1980 2682 2188 2749 Quanto
2234 2680 2426 2734 melius

833 2775 1032 2839 fuerat,
1066 2786 1124 2830 ιιι
1152 2775 1310 2830 simul
1343 2776 1675 2838 habitantes,
1706 2785 1866 2844 atque
1896 2775 1948 2827 in
1979 2790 2142 2827 unum
2174 2773 2423 2827 victitan-

829 2875 942 2930 tes,
971 2869 1268 2922 communia
1297 2879 1350 2922 et
1376 2867 1511 2922 bona
1539 2867 1763 2921 consilia
1795 2867 2021 2922 invicem
2062 2866 2426 2920 communica-

831 2959 960 3013 retis
980 3001 994 3022 ,
1027 2960 1092 3012 ad
1135 2960 1357 3028 gloriam
1389 2969 1443 3014 et
1481 2959 1704 3029 gratiam
1733 2958 1906 3012 Patris
1932 2957 2136 3012 vestri?
2165 2957 2425 3010 Filiorum

828 3050 972 3104 enim
1009 3051 1176 3103 virtus
1205 3059 1259 3104 et
1301 3051 1588 3120 gratiarum
1636 3057 1926 3104 concentus
1967 3048 2121 3102 valde
2161 3047 2428 3115 jucundus

829 3150 913 3196 est
941 3141 1249 3209 parentibus
1271 3185 1286 3202 ,
1320 3142 1407 3208 qui
1442 3141 1572 3194 nihil
1599 3141 1740 3194 aliud
1768 3157 1796 3192 a
1829 3141 2007 3194 liberis
2033 3142 2143 3194 suis
2172 3149 2428 3207 expetunt

827 3247 986 3301 quam
1014 3230 1160 3285 illud.
1196 3231 1306 3285 Hoc
1335 3231 1495 3284 etiam
1531 3230 1694 3298 probe
1724 3231 1903 3294 nosti,
1934 3230 2073 3298 quod
2103 3230 2350 3283 amicitia:
2371 3240 2425 3283 et

830 3321 1213 3378 benevolentiae
1256 3320 1526 3375 vinculum
1574 3320 1706 3399 nihil
1756 3319 1899 3374 aliud
1945 3320 2048 3384 sit,
2090 3335 2248 3390 quam
2295 3319 2424 3374 eniti

830 3425 886 3470 et
910 3416 1086 3469 omnia
1133 3413 1308 3468 facere
1337 3428 1456 3481 qua:
1483 3411 1730 3481 placeant
1757 3411 1894 3479 patri
1916 3453 1929 3472 ,
1954 3420 2123 3473 ortus,
2148 3411 2424 3465 educatio-

833 3508 915 3561 nis
955 3517 1114 3575 atque
1162 3502 1586 3560 conservationis
1627 3503 1850 3556 auctori.
1900 3505 2067 3568 Quem
2099 3510 2158 3555 ut
2199 3501 2424 3554 delirum

829 3605 1270 3659 contemnentes,
1321 3595 1456 3648 bella
1504 3595 1558 3647 in
1608 3594 1842 3648 Ecclesia
1883 3593 2236 3656 accendistis,
2276 3592 2426 3660 juxta

832 3690 1167 3760 prophetam,
1197 3687 1287 3756 qui
1321 3685 1486 3740 dicit:
1518 3683 1783 3738 Insaniam
1811 3686 1864 3738 in
1885 3685 2034 3738 domo
2063 3684 2269 3738 Domini
2298 3685 2427 3752 ﬁxe-

829 3793 949 3834 rtmt
982 3781 1134 3851 (Osee
1158 3780 1211 3836 9.
1245 3778 1333 3846 8);
1367 3793 1486 3832 cum
1525 3779 1758 3832 excitare
1806 3786 1964 3847 atque
2007 3776 2206 3830 hortari
2240 3785 2425 3830 mutuo

831 3871 1136 3927 deberetis:
1170 3869 1362 3924 deinde
1389 3877 1585 3936 prmter
1619 3877 1848 3922 mentem
1885 3875 1938 3920 et
1967 3866 2286 3921 sententiam
2319 3867 2424 3920 Pa-

835 3964 930 4017 tris
956 3962 1090 4016 bella
1125 3958 1475 4029 implacabilia
1509 3958 1645 4012 inter
1681 3972 1776 4012 vos
1802 3966 2067 4027 gerentes.
2101 3957 2252 4011 Addo
2282 3957 2423 4026 quod

831 4062 886 4106 ct
913 4053 1078 4106 Deum
1107 4061 1161 4106 et
1186 4065 1371 4104 omnes
1401 4049 1492 4120 qui
1531 4048 1598 4102 ad
1643 4063 1764 4102 eum
1792 4047 2082 4113 accedunt,
2113 4048 2278 4118 ipsius
2304 4049 2425 4118 qui-

832 4144 954 4198 dem
987 4144 1121 4196 filios
1140 4183 1155 4207 ,
1187 4151 1393 4196 vestros
1419 4155 1548 4194 vero
1579 4139 1770 4194 fratres
1798 4137 2143 4194 vehementer
2169 4139 2425 4208 obstupe-

833 4234 960 4287 facit
993 4247 1056 4286 ac
1099 4240 1312 4292 movet,
1361 4245 1458 4284 nec
1506 4238 1683 4284 tacere
1727 4229 2022 4298 permittit:
2065 4245 2236 4298 neque
2281 4231 2425 4284 enim

834 4325 1062 4378 ﬁliorum
1086 4323 1324 4376 utilitatis
1350 4321 1620 4392 negligens
1641 4332 1720 4375 est
1741 4329 1796 4374 et
1819 4321 2192 4375 sollicitudinis
2210 4335 2423 4389 expers.

833 4419 1075 4474 Vestram
1106 4418 1266 4487 igitur
1290 4415 1610 4471 dementiam
1643 4431 1781 4485 :rgre
1809 4414 1984 4469 ferens
2005 4457 2019 4480 ,
2050 4424 2209 4484 atque
2237 4429 2422 4468 eorum

834 4508 1235 4577 oppressionem
1258 4548 1273 4570 ,
1304 4507 1392 4575 qui
1431 4506 1678 4573 injuriam
1707 4507 2014 4575 patiuntur:
2045 4505 2165 4560 ideo
2205 4506 2423 4573 impune

833 4617 932 4655 vos
971 4598 1198 4654 evadere
1219 4599 1420 4668 justum
1466 4614 1568 4650 non
1611 4607 1790 4665 putat,
1841 4597 1979 4651 sicut
2019 4597 2200 4666 coepit.
2241 4596 2425 4667 Neque

835 4692 977 4746 enim
1005 4692 1101 4760 ipsi
1124 4690 1399 4754 decorum,
1427 4704 1601 4757 neque
1621 4688 1771 4742 vobis
1794 4696 1962 4742 tutum
1984 4696 2067 4743 est
2090 4706 2104 4741 :
2134 4698 2187 4742 et
2208 4689 2424 4744 morbus

837 4791 1012 4837 vester
1035 4781 1327 4836 tolerabilis
1355 4796 1461 4835 non
1493 4790 1595 4845 est,
1628 4794 1728 4835 nec
1755 4795 1895 4835 curae
1917 4780 2220 4846 cujuslibet.
2250 4778 2424 4852 Plagis

838 4874 981 4927 enim
1021 4881 1078 4928 et
1121 4872 1413 4926 innumeris
1458 4871 1617 4926 etiam
1658 4872 1943 4943 castigat-os
1973 4870 2229 4924 vibicibus
2273 4870 2426 4925 dete-

839 4963 1011 5017 riores
1049 4961 1216 5014 factos
1245 4977 1362 5014 esse
1390 4976 1487 5014 vos
1510 4962 1670 5016 videt.
1700 4963 1914 5016 Multum
1944 4963 2089 5017 enim
2119 4962 2426 5018 insensibile

839 5064 896 5110 et
922 5053 1209 5108 inﬂexibile
1239 5053 1288 5106 in
1318 5053 1466 5107 vobis
1492 5053 1782 5116 redundat,
1809 5054 1996 5108 fratres
2017 5097 2032 5118 ,
2061 5069 2346 5126 germanos
2374 5065 2428 5110 et

839 5143 1273 5207 contubernales,
1308 5153 1560 5213 praeterea
1586 5152 1641 5198 et
1663 5145 2070 5211 confmdcratos,
2100 5158 2260 5215 atque
2284 5147 2430 5215 ejus-

843 5239 964 5292 dem
996 5253 1195 5292 menszc
1224 5253 1287 5292 ac
1319 5237 1436 5292 lecti
1485 5239 1764 5307 participes
1802 5249 1855 5292 et
1898 5240 2050 5294 unius
2079 5239 2427 5308 ejusdemque

841 5329 1191 5398 cognationis,
1223 5329 1359 5384 adeo
1389 5329 1440 5383 iu
1469 5329 1648 5382 odium
1679 5330 2034 5398 turpissimum
2063 5332 2424 5400 pervenistis,

844 5430 901 5474 ut
929 5437 1022 5477 eos
1051 5423 1206 5475 etiam
1250 5437 1277 5475 a
1320 5421 1514 5476 finibus
1540 5421 1768 5491 propriis
1802 5432 1851 5475 et
1884 5423 2150 5476 communi
2181 5422 2293 5476 lare
2334 5437 2428 5475 cx-

841 5513 1088 5582 puleritis
1114 5524 1166 5568 et
1194 5515 1372 5583 procul
1418 5515 1682 5583 eieceritis
1703 5555 1716 5577 ,
1749 5514 1862 5568 sine
1888 5514 2099 5567 civitate
2140 5529 2202 5568 ac
2228 5515 2422 5576 domo;

841 5608 1068 5678 denique
1089 5609 1330 5673 exsnles,
1361 5619 1612 5678 quantum
1656 5609 1706 5662 in
1741 5607 1887 5661 vobis
1918 5607 2014 5661 fuit
2043 5623 2055 5658 :
2088 5617 2140 5660 et
2171 5608 2282 5661 hate
2312 5623 2424 5660 mo-

843 5699 940 5767 liti,
970 5716 1073 5755 non
1103 5700 1168 5755 ad
1198 5701 1410 5770 aliquod
1441 5711 1645 5771 tempus
1675 5701 1917 5756 exsilium
1945 5701 2312 5763 terminantes,
2331 5699 2424 5754 sed

841 5790 892 5844 in
923 5803 1171 5862 quantum
1199 5793 1461 5863 potuistis,
1487 5794 1537 5847 in
1569 5794 1830 5848 infinitum
1863 5794 2044 5858 etiam,
2075 5807 2168 5861 per
2189 5792 2423 5846 crudeli-

841 5891 998 5936 tatetn
1033 5899 1095 5938 ac
1124 5886 1337 5938 nimiam
1371 5885 1564 5938 mentis
1597 5895 1786 5940 vestrm
1814 5885 2156 5938 emotionem.
2187 5882 2337 5950 Quod
2371 5882 2422 5935 in

835 5973 921 6031 his
957 5983 1010 6030 et
1051 5975 1102 6030 in
1152 5976 1305 6031 beato
1354 5976 1558 6031 Joanne
1606 5977 1830 6041 fecistis,
1885 5973 2192 6029 intestinum
2238 5973 2418 6028 odium

2541 662 2988 724 reaccendentes,
3035 678 3098 716 ac
3129 666 3290 720 veluti
3340 679 3553 725 acutum
3601 669 3832 741 gladium
3875 675 3941 727 ad
3988 678 4131 735 hunc

2543 766 2710 820 usque
2734 753 2870 806 diem
2899 753 3153 808 adversus
3178 771 3298 809 eum
3338 759 3568 829 linguam
3605 763 3967 828 immittentes,
3997 769 4129 824 iram

2540 846 2919 912 amplectimini
2960 861 3056 915 pro
3083 847 3193 900 utili
3221 847 3462 902 doctrina
3484 895 3498 913 ,
3527 857 3896 910 contumeliam
3939 857 3990 909 itt
4022 858 4130 913 Ec—

2541 935 2702 989 clesia
2733 939 2796 991 ad
2840 940 3164 994 audientium
3198 941 3654 1009 inquinamentum
3683 949 4032 1004 elfundentes.
4063 951 4130 1004 Et

2544 1026 2659 1081 lucc
2685 1031 2896 1098 quidem
2931 1031 3033 1084 illis
3059 1032 3195 1084 dicta
3222 1033 3346 1092 sint,
3379 1033 3571 1100 quibus
3602 1037 3854 1097 Dominus
3881 1043 3930 1097 in
3962 1043 4128 1096 mise-

2545 1117 2774 1173 ricordia
2805 1131 2856 1173 et
2897 1121 3113 1174 lenitate
3158 1124 3404 1178 retribuit
3447 1127 3738 1184 secundum
3781 1148 3963 1203 opera.
4010 1135 4128 1190 Tibi

2542 1225 2690 1276 vero,
2724 1212 2783 1264 Β.
2817 1211 3080 1274 Joannes,
3112 1215 3302 1283 quibus
3331 1233 3394 1270 ex
3422 1217 3602 1272 verbis
3635 1221 4128 1284 immarcescibilem

2543 1316 2792 1354 coronam
2849 1303 3128 1358 conficiam
3187 1317 3597 1379 contextumque
3655 1311 3959 1385 imponam,
4011 1332 4130 1390 post

2541 1394 2741 1448 exitum
2768 1411 2799 1449 e
2827 1396 2948 1450 vita:
2981 1397 3136 1466 Itujns
3161 1399 3332 1454 stadio
3364 1410 3414 1456 te
3442 1402 3682 1458 laudibus
3707 1405 3897 1464 efferre
3927 1428 4032 1466 non
4059 1416 4128 1467 ti-

2541 1486 2732 1538 mens?
2762 1487 2978 1541 evasisti
3011 1491 3153 1543 enim
3182 1491 3484 1559 procellam.
3518 1493 3599 1546 An
3627 1494 3974 1554 Mosaicorum
4005 1504 4128 1558 illo-

2541 1592 2656 1630 rum
2689 1577 3030 1634 flosculorum
3057 1597 3309 1637 coronam
3337 1593 3536 1650 texam,
3567 1602 3699 1655 quos
3723 1587 3867 1642 dedit
3895 1590 4007 1657 ille,
4037 1598 4129 1663 qui

2541 1667 2814 1723 benedixit
2853 1680 3128 1726 actuosum
3157 1673 3352 1744 .loseph
3374 1718 3390 1738 ,
3423 1684 3478 1730 et
3503 1678 3969 1746 contemplativum
3998 1683 4128 1740 Levi

2541 1762 2917 1817 sacerdotem?
2948 1766 3000 1818 in
3031 1774 3081 1820 te
3119 1768 3260 1821 enim
3290 1779 3570 1838 utrumque
3607 1771 3780 1824 video.
3826 1771 3888 1825 In
3919 1772 4125 1828 benedi-

2539 1851 2705 1904 ctione
2730 1851 2941 1907 Domini
2967 1865 3100 1909 terra
3129 1867 3236 1922 tua,
3278 1869 3324 1912 et
3364 1877 3395 1910 a
3439 1863 3687 1915 montibus
3715 1865 3826 1917 σιειὶ
3853 1875 3901 1917 et
3929 1881 4044 1920 rore
4078 1879 4126 1922 et

2535 1940 2716 2010 abysso
2742 1945 2958 2011 fontium
2985 1947 3301 2014 subjacente,
3330 1959 3377 2001 et
3404 1959 3626 2019 tempore
3651 1955 3931 2022 germinum
3954 1997 3968 2018 ,
4000 1959 4124 2012 solis

2533 2045 2912 2084 ccnversronum
2933 2044 2978 2087 et
3011 2051 3369 2104 congressuum
3396 2041 3638 2092 mensium
3657 2082 3673 2104 ,
3713 2060 3744 2094 α
3771 2047 3951 2098 vertice
3974 2063 4124 2102 mon-

2535 2122 2658 2172 tium
2686 2124 2942 2191 principii,
2971 2135 3017 2177 et
3043 2143 3073 2177 a
3095 2128 3275 2180 vertice
3300 2130 3506 2181 collium
3534 2141 3835 2186 aeternorum
3861 2147 4005 2190 erunt
4028 2155 4122 2192 su-

2536 2228 2624 2280 per
2652 2223 2802 2282 caput
2828 2213 3022 2285 Joseph
3053 2216 3130 2287 (et
3157 2218 3201 2271 si
3245 2221 3364 2288 quis
3403 2222 3594 2275 similis
3629 2222 3868 2297 Ioseph),
3900 2239 3946 2280 et
3971 2247 4125 2298 super

2533 2307 2762 2359 verticem
2790 2308 3005 2374 fratrum
3043 2311 3220 2378 quibus
3263 2315 3498 2381 prwfuit,
3531 2316 3845 2386 glorificatus
3875 2322 4126 2392 primoge-

2536 2397 2670 2451 nitus
2694 2399 2823 2451 inter
2851 2401 3052 2467 fratres.
3086 2402 3239 2456 Tauri
3271 2406 3597 2474 pulchritudo
3622 2411 3732 2478 ejus
3761 2427 3972 2477 cornua,
4005 2431 4123 2466 um-

2534 2489 2700 2541 cornis
2744 2507 2936 2543 cornua
2983 2493 3167 2546 illius:
3196 2495 3250 2548 in
3289 2496 3413 2562 ipsis
3462 2499 3715 2552 ventilabit
3758 2511 3926 2569 gentes
3972 2506 4125 2559 simul

2532 2591 2690 2646 usque
2728 2580 2796 2630 ad
2835 2583 3074 2637 terminos
3103 2595 3250 2638 terra!
3277 2586 3452 2656 (Deut.
3475 2591 3563 2644 55.
3589 2591 3657 2645 15
3680 2622 3707 2634 -
3729 2593 3842 2660 17).
3878 2595 3944 2648 Ει
3993 2597 4122 2652 Levi

2529 2664 2662 2718 dixit
2690 2666 2765 2736 (et
2793 2670 2837 2722 si
2866 2674 2984 2737 quis
3013 2687 3134 2726 eum
3168 2676 3401 2729 imitatus
3431 2680 3534 2747 est)
3559 2698 3573 2732 :
3608 2680 3736 2734 Date
3759 2682 3877 2736 Levi
3902 2689 4121 2758 manife-

2527 2763 2631 2808 stos
2658 2758 2770 2827 ejus
2787 2798 2802 2824 ,
2846 2769 2894 2812 et
2922 2762 3178 2815 veritatem
3207 2766 3318 2832 ejus
3344 2767 3449 2819 viro
3475 2778 3650 2821 sancto
3668 2811 3684 2835 ,
3723 2788 3868 2840 quem
3897 2785 4119 2829 tenuive-

2526 2859 2646 2902 runt
2689 2852 2740 2902 in
2767 2854 3069 2917 tentatione,
3115 2858 3482 2912 maledixerunt
3525 2862 3569 2913 ei
3598 2862 3666 2912 ad
3693 2880 3875 2932 aquari
3912 2878 4118 2922 contra-

2531 2939 2784 2994 dictionis.
2835 2941 2933 3004 Qui
2975 2944 3104 2998 dixit
3145 2947 3276 3015 patri
3314 2957 3362 3001 et
3404 2951 3593 3003 matri:
3635 2950 3758 3005 Non
3802 2955 3907 3006 vidi
3951 2966 4027 3021 te;
4070 2970 4120 3012 et

2533 3036 2714 3102 fratres
2739 3051 2856 3088 suos
2881 3053 2980 3089 non
3009 3040 3230 3106 agnovit.
3260 3043 3520 3094 custodiuit
3559 3044 3754 3113 eloquia
3797 3056 3882 3099 tua
3901 3088 3916 3112 ,
3943 3059 3990 3101 et
4026 3069 4118 3119 pa-

2532 3134 2668 3175 ctum
2713 3135 2852 3177 tuum
2894 3129 3147 3182 servavit:
3197 3132 3533 3200 manifestavit
3576 3134 3960 3202 iustiﬁcationes
4005 3150 4118 3194 tuas

2530 3213 2714 3281 Jacob,
2745 3227 2792 3269 et
2820 3217 2978 3287 legem
3007 3230 3148 3272 tuam
3188 3220 3388 3276 Israeli.
3429 3223 3588 3278 Ponet
3621 3243 3814 3296 semper
3843 3231 4118 3300 thymiama

2483 3345 2488 3352 .
2529 3306 2582 3359 in
2612 3308 2884 3376 festivitate
2908 3321 2996 3363 tua
3025 3329 3177 3380 super
3204 3313 3364 3368 altare
3395 3325 3554 3369 tuum.
3586 3317 3831 3385 Benedic,
3874 3321 4115 3388 Domine,

2529 3399 2819 3468 fortitudini
2843 3405 2975 3472 ejus,
3006 3415 3051 3457 et
3078 3423 3235 3475 opera
3261 3424 3502 3462 manuum
3523 3411 3632 3480 ejus
3656 3415 3854 3483 suscipe
3875 3431 3894 3467 :
3918 3429 4120 3484 percute

2528 3493 2854 3558 supercilium
2896 3495 3218 3550 inimicorum
3262 3501 3627 3569 insurgentium
3669 3503 3723 3555 in
3765 3519 3908 3569 eum,
3954 3517 3999 3559 et
4031 3510 4118 3577 qui

2529 3583 2742 3637 oderunt
2788 3602 2932 3650 eum,
2986 3605 3087 3641 non
3133 3601 3438 3660 consurgant
3496 3590 3668 3662 (Ibid.
3710 3594 3876 3649 8-H
3910 3596 3950 3666 ).
4002 3597 4116 3668 Ego

2529 3682 2704 3728 autem
2736 3685 2789 3729 et
2835 3677 2963 3732 illud
3005 3679 3339 3734 addiderim:
3372 3681 3470 3747 Qui
3517 3683 3742 3753 diligunt
3783 3702 3905 3740 eum
3930 3729 3945 3752 ,
3988 3688 4116 3743 Jesu

2527 3760 2761 3828 Christe,
2785 3783 2888 3819 non
2920 3767 3352 3826 confundantur:
3382 3782 3528 3826 tuum
3560 3775 3701 3828 enim
3742 3776 4018 3846 imperium
4063 3781 4113 3833 in

2531 3857 2744 3908 satcula.
2780 3859 2968 3912 Amen.
3001 3861 3172 3915 EPISC.
3205 3862 3270 3915 Et
3304 3863 3404 3917 hoc
3431 3874 3535 3919 tua:
3561 3867 3920 3938 intelligentia:
3950 3870 4117 3925 docu-

2530 3955 2770 4000 mentum
2792 3990 2804 4010 ,
2849 3964 3101 4003 sensuum
3134 3965 3398 4008 scrutator
3425 3957 3733 4023 Theodore,
3770 3963 4006 4031 proferre
4047 3967 4113 4020 de

2531 4037 2782 4091 thesauro
2806 4040 2998 4092 mentis
3025 4050 3148 4105 tum,
3182 4053 3238 4096 ut
3265 4045 3338 4096 ait
3363 4044 3636 4108 Servator,
3673 4050 3818 4103 Nova
3847 4063 3893 4105 et
3913 4065 4076 4108 vetera
4094 4073 4113 4110 :

2527 4137 2710 4183 vetera
2737 4129 2950 4198 quidem
2970 4173 2985 4196 ,
3017 4132 3262 4188 humanae
3291 4135 3561 4205 sapientiae
3598 4140 3944 4207 documenta;
3978 4161 4113 4201 nova

2528 4234 2680 4284 vero,
2704 4221 2872 4274 sancti
2893 4221 3122 4290 Spiritus
3143 4224 3372 4294 eloquia.
3399 4227 3476 4280 Ex
3499 4230 3686 4296 quibus
3708 4231 3970 4289 thesauris
3990 4240 4117 4292 utri-

2529 4327 2631 4380 que
2660 4313 2792 4380 parti
2817 4314 2956 4384 quod
2980 4317 3304 4386 congruebat
3326 4319 3574 4374 tribuisti.
3603 4321 3727 4377 Tua:
3748 4325 3958 4394 quidem
3984 4345 4114 4398 pru-

2527 4405 2722 4461 dentiae
2739 4415 2820 4462 est
2840 4409 3016 4478 eloqui
3033 4425 3150 4480 qua:
3173 4413 3539 4479 peccatoribus
3555 4417 3956 4484 conveniebant,
3976 4430 4028 4475 et
4045 4423 4112 4477 de

2528 4499 2756 4555 Mosaica
2775 4502 3144 4556 benedictione
3165 4503 3358 4558 Joanni
3377 4505 3604 4561 debitam
3623 4523 3872 4565 coronam
3893 4523 4071 4570 texere
4092 4533 4107 4569 :

2529 4594 2618 4662 qui
2642 4593 2944 4648 sacerdotio
2972 4595 3088 4648 sine
3109 4594 3299 4650 affectu
3327 4595 3557 4664 functus,
3581 4616 3704 4655 vere
3730 4603 3989 4673 ignoravit
4012 4621 4111 4675 pa-

2529 4693 2665 4738 trem
2710 4695 2764 4738 ct
2808 4695 3030 4739 matrem
3058 4696 3112 4741 et
3148 4691 3593 4759 consanguineum
3640 4708 3808 4764 genus
3841 4696 3909 4750 ob
3947 4713 4110 4751 exsu-

2530 4777 2826 4848 perantiam
2866 4779 3124 4846 justitize,
3167 4781 3262 4836 sed
3303 4784 3447 4838 solos
3485 4795 3706 4840 noverat
3748 4789 3894 4842 verbi
3941 4789 4110 4843 divini

2531 4877 2800 4922 amatores
2825 4877 2879 4922 et
2902 4871 3190 4938 operarios.
3240 4873 3406 4927 Porro
3436 4875 3524 4943 qui
3554 4883 3736 4930 nostro
3763 4886 4003 4948 tempore
4025 4882 4112 4933 vi-

2533 4961 2724 5015 dentur
2753 4961 3023 5031 episcopi,
3052 4963 3252 5018 luteum
3281 4965 3493 5034 quidem
3520 4982 3686 5035 genus
3716 4969 3769 5022 in
3797 4981 4028 5040 questus
4055 4981 4112 5025 et

2533 5053 2748 5106 militias
2771 5063 2824 5107 et
2843 5054 3124 5122 dignitates
3151 5055 3504 5120 iuvexerunt,
3534 5060 3862 5126 prmvaricati
3900 5063 4110 5130 legem,

2531 5159 2654 5214 qua
2675 5144 2801 5198 dicit
2827 5163 2842 5196 :
2866 5143 2987 5198 Non
3017 5145 3211 5197 dabunt
3234 5145 3514 5200 sacerdotes
3545 5149 3676 5215 ﬁlios
3698 5167 3815 5204 suos
3842 5152 3895 5204 in
3925 5152 4115 5219 princi-

2532 5253 2617 5306 pes
2644 5246 2687 5288 et
2716 5237 3070 5290 obambulones
3100 5238 3206 5306 regi
3232 5236 3414 5307 (Leuit.
3441 5240 3524 5293 18.
3563 5239 3653 5312 21)
3683 5241 3983 5311 :spiritales
4011 5257 4114 5293 au-

2533 5337 2639 5382 tem
2667 5329 2806 5382 viros
2833 5329 3040 5383 insidiis
3058 5369 3074 5391 ,
3100 5331 3352 5384 mrumnis
3373 5373 3387 5397 ,
3411 5334 3664 5388 custodiis
3708 5345 3867 5402 atque
3908 5335 4111 5387 exsiliis

2533 5433 2885 5486 consumunt,
2935 5438 3243 5492 moramque
3285 5424 3470 5481 bibunt
3514 5427 3860 5496 ignorantiam
3884 5468 3898 5490 ,
3929 5441 3992 5480 ex
4026 5428 4109 5482 his

2535 5524 2777 5586 putantes
2823 5532 2884 5570 se
2926 5516 3139 5570 virtutis
3178 5519 3375 5572 amicos
3410 5519 3797 5582 dehonestare,
3826 5517 3892 5572 de
3918 5519 4108 5588 quibus

2535 5610 2773 5678 pra‘dixit
2795 5610 3050 5663 Servatur
3074 5626 3085 5662 :
3120 5608 3323 5664 Venient
3345 5613 3472 5675 dies,
3500 5612 3548 5662 in
3571 5609 3748 5678 quibus
3767 5612 4111 5682 putabuntqui

2533 5701 2803 5753 occiderint
2825 5717 2931 5764 vos,
2951 5700 3234 5769 obsequium
3260 5719 3312 5754 se
3332 5712 3568 5769 prwstare
3592 5699 3694 5753 Deo
3725 5701 3896 5772 (Joan.
3917 5703 4002 5758 l6.
4024 5705 4108 5774 2).

2533 5792 2712 5862 Neque
2737 5793 2980 5848 videlicet
3007 5793 3073 5847 de
3102 5794 3387 5862 gentilibus
3407 5792 3557 5856 dixit,
3577 5793 3696 5862 quia
3718 5794 3953 5857 dixisset,
3972 5797 4105 5848 diis:

2532 5884 2620 5953 qui
2653 5884 2900 5952 plureset
2922 5899 3026 5938 non
3056 5901 3214 5940 unum
3237 5883 3720 5954 signiﬁcant.Quod
3742 5894 3917 5940 autent
3949 5901 4110 5938 unum

2534 5983 2587 6028 ct
2612 5973 2784 6028 solum
2815 5975 3136 6033 nominavit.
3170 5973 3401 6030 ostendit
3428 5988 3551 6040 eos,
3576 5977 3662 6045 qui
3695 5991 3835 6031 nunc
3862 5973 4110 6032 Ecclesiae
