4526 6760
380 568 448 621 79
1375 569 1465 624 DE
1502 570 1668 626 VITA
1708 569 1767 627 S.
1805 571 2097 630 JOANNIS
2134 573 2649 632 CHRYSOSTOMI.
3577 573 3650 631 80

367 683 666 756 Θαυμάζω,
704 684 799 740 καὶ
830 685 931 755 τῆς
957 684 1295 755 διαστροφῆς
1330 683 1628 756 θαυμάζων
1673 687 1951 761 ἐκπέπλη-

368 788 528 842 γμαι,
562 772 706 842 ὁρῶν
743 772 864 824 λίαν
892 770 1341 842 διακεκινημένον
1385 772 1447 826 τὸ
1499 774 1608 827 πᾶν
1636 773 1731 825 ἐπὶ
1773 774 1950 828 τοῦτο.

382 856 543 912 ἒΙνατί
572 857 631 910 δὲ
670 855 815 909 οὕτω
854 851 1035 923 πολλῷ
1080 853 1159 925 τῷ
1204 854 1393 928 θράσει
1450 855 1805 926 ἐπαιρόμενοι
1854 858 1955 927 τήν

366 940 725 1012 τιθηνοκόμον
758 937 855 990 καὶ
886 940 1245 1011 κουροτρόφον
1290 940 1385 994 τοῦ
1426 940 1563 995 Θεοῦ
1606 940 1953 1011 Ἐκκλησίαν,

367 1020 457 1080 οἶα
483 1039 509 1066 a
538 1020 835 1089 πολύγονον
866 1024 1077 1092 μήτραν
1129 1024 1388 1095 ὑϐρίσατε
1437 1023 1850 1094 διακείραντες;
1880 1025 1957 1089 ὡς

367 1111 453 1177 ἐφ’
488 1108 616 1176 ὑμῖν
650 1102 986 1175 πληροῦσθαι
1013 1107 1073 1160 τὸ
1098 1108 1431 1179 προφητικὸν
1453 1125 1468 1138 ⁸
1504 1107 1660 1160 Ἀνθ⁹
1690 1100 1778 1159 ὧν
1796 1107 1958 1162 ἐδίω-

370 1194 489 1258 ξαν
518 1191 589 1243 ἐν
612 1190 881 1259 ῥομφαίᾳ
913 1192 1021 1246 τὸν
1050 1192 1320 1261 ἀδελφὸν
1338 1192 1562 1256 αὐτῶν,
1602 1191 1699 1244 καὶ
1727 1191 1956 1261 ἐλυμή-

368 1291 557 1330 ναντο
581 1272 818 1342 μήτραν
839 1274 938 1328 ἐπὶ
964 1273 1098 1346 γῆς.
1121 1270 1199 1347 τῌ
1228 1277 1411 1347 μήτρᾳ
1434 1275 1612 1327 συνὼν
1633 1278 1662 1327 ό
1688 1274 1830 1339 θεῖος
1864 1278 1957 1330 καὶ

373 1357 642 1427 σωτήριος
664 1356 819 1425 λόγος
842 1360 986 1429 ὑμᾶς
1014 1375 1073 1410 τε
1099 1360 1352 1412 κάκεῖνον
1381 1357 1606 1428 ἕσπειρέ
1624 1375 1683 1411 τε
1708 1360 1801 1412 καὶ
1827 1359 1958 1428 ἐφύ-

371 1457 560 1493 τευσεν
606 1442 696 1495 ἐπὶ
738 1442 1041 1512 ἀμυθήτοις
1064 1445 1322 1513 χρηστοῖς
1356 1442 1453 1493 καὶ
1489 1439 1784 1511 ὠφελίμοις
1809 1444 1953 1514 πρά-

373 1539 599 1591 γμασιν.
660 1526 804 1579 Ἀντὶ
851 1525 961 1596 γάρ
1005 1524 1101 1577 τοῦ
1158 1523 1758 1593 συναντιλαμϐάνεσθαι
1815 1527 1959 1595 ὑμᾶς

373 1606 634 1677 ἀλλήλους
662 1609 710 1672 δ,
750 1610 832 1671 εἰς
862 1608 898 1661 ἃ
925 1610 1019 1661 καὶ
1055 1609 1355 1678 προσῆκεν,
1391 1606 1445 1659 τί
1498 1606 1763 1669 παθόντες
1792 1616 1815 1644 α
1847 1609 1957 1661 οὐδ’

372 1691 667 1761 ἡσυχάζειν
693 1693 788 1745 καὶ
813 1693 934 1746 καθ’
963 1693 1189 1754 ἑαυτοὺς
1208 1693 1439 1762 ἠρεμεῖν
1460 1691 1713 1760 ἐκρίνατε
1732 1690 1837 1743 κᾶν
1867 1692 1960 1744 τοῦ

374 1774 594 1840 λοιποῦ;
626 1778 721 1838 Εἰς
742 1776 842 1846 τὴν
865 1775 1057 1846 χρείαν
1085 1769 1178 1829 οῦν
1222 1776 1323 1845 τῆς
1355 1772 1797 1844 συναντιλήψεως
1845 1791 1964 1827 κτι-

378 1858 611 1924 σθέντες,
652 1859 705 1912 τί
732 1859 1232 1930 ἐρρᾳδιουργήσατε
1263 1858 1363 1927 τὴν
1393 1856 1574 1929 χάριν,
1598 1857 1660 1911 οὑ
1695 1858 1854 1927 μόνον
1889 1857 1963 1928 μὴ

375 1942 817 2010 ἐπικουφίζοντες
834 1941 959 2004 τοὺς
988 1941 1207 2003 πόνους.
1225 1939 1363 1992 ἀλλὰ
1379 1942 1474 1993 καί
1492 1939 1855 2011 προσαπωθού
1864 1958 1963 2011 με-

374 2041 456 2077 νοι
496 2026 590 2079 καὶ
634 2028 732 2095 τῆς
775 2024 984 2087 οἰκείας
1028 2023 1356 2092 συγγενείας
1401 2022 1825 2094 ἀποσχίξοντες;
1864 2024 1959 2078 τοῦ

375 2110 656 2180 προφήτου
712 2108 851 2178 πρὸς
900 2108 1047 2177 ὑμᾶς
1097 2105 1363 2176 βοῶντος
1412 2109 1560 2175 Οὐχὶ
1615 2107 1821 2177 Πατὴρ
1874 2103 1963 2174 εἷς

372 2191 616 2245 πάντων
647 2189 851 2260 ἡμῶν;
880 2191 1016 2259 οὐχὶ
1044 2191 1191 2256 Θεὸς
1212 2186 1301 2256 εἷς
1323 2190 1566 2244 ἔκτισεν
1588 2190 1777 2259 ἡμᾶς
1821 2190 1960 2244 Ἀλλ’

373 2274 550 2345 ἐρεῖτέ
582 2291 672 2342 μοι
696 2289 710 2302 ’
744 2275 1029 2344 Ἥμαρτεν
1049 2275 1129 2335 είς
1161 2274 1253 2326 τὸν
1274 2274 1458 2343 νόμον.
1480 2274 1679 2338 Ποῖον;
1714 2274 1773 2326 ὃν
1805 2275 1965 2344 ὑμεῖς

374 2358 815 2426 κατεπατήσατε,
842 2359 908 2426 τῇ
941 2356 1177 2427 πονηρίᾳ
1215 2355 1689 2419 διασκεδάσαντες.
1728 2356 1841 2408 Ποῦ
1869 2352 1965 2409 οὗν

372 2441 403 2492 ό
430 2438 532 2508 τῆς
561 2437 775 2506 φύσεως
803 2439 987 2508 νόμος,
1023 2440 1084 2491 τὸ
1107 2438 1246 2510 μετά
1277 2440 1647 2509 χρηστότητος
1676 2438 1968 2510 διορθώσα-

377 2521 539 2585 σθαι;
592 2522 658 2573 Τί
706 2520 796 2574 δαὶ
847 2520 943 2573 καὶ
982 2521 1132 2591 νόμῳ
1187 2521 1463 2590 πολεμίων
1521 2520 1959 2591 καταχρώμενοι,

373 2604 599 2659 διώκετε
646 2607 704 2658 ἐν
743 2600 825 2669 οἷς
868 2603 1210 2675 βουλεύεσθε,
1248 2606 1345 2659 καὶ
1374 2606 1653 2677 πράσσετε
1698 2605 1967 2670 ἐναντίοις

372 2686 527 2743 οὖσιν
554 2689 650 2744 καὶ
679 2688 879 2761 ἔχθρας
899 2689 1109 2756 ἀξίοις;
1154 2688 1315 2759 Πόσῳ
1344 2688 1402 2742 δὲ
1437 2685 1507 2760 ἦν
1536 2691 1763 2759 ἄμεινον
1792 2706 1968 2743 συνοι-

372 2775 626 2839 κοῦντας,
671 2776 766 2828 καὶ
810 2774 870 2827 ἐν
915 2772 1100 2844 ταύτῷ
1137 2773 1567 2843 διαιτωμένους,
1615 2773 1724 2827 τῶν
1768 2774 1966 2828 κοινῶν

373 2861 470 2913 καὶ
506 2859 726 2930 ἀγαθῶν
776 2857 1159 2929 βουλευμάτων
1199 2857 1454 2928 ἀλλήλοις
1486 2858 1850 2927 μεταδιδόναι,
1884 2859 1967 2922 εἰς

371 2942 535 3013 χάριν
578 2943 672 2995 καὶ
697 2941 992 3013 ἀρέσκειαν
1031 2940 1128 2994 τοῦ
1159 2940 1428 3011 ὑμετέρου
1466 2941 1713 3012 Πατρός;
1748 2940 1965 2994 Τέκνων

372 3027 483 3097 γὰρ
510 3026 679 3098 ἀρετὴ
701 3027 796 3080 καὶ
818 3024 1107 3094 συμφωνία
1132 3025 1371 3096 χαρίτων
1404 3023 1456 3088 ά,
1493 3025 1588 3077 καὶ
1628 3024 1840 3096 σφόδρα
1876 3026 1966 3077 εὑ-

378 3111 539 3180 μενές
577 3113 692 3174 τοῖς
727 3109 979 3174 τοκεῦσι,
1031 3108 1260 3179 μηδενὸς
1308 3108 1472 3162 ἄλλου
1524 3109 1821 3179 χρῄζουσιν
1861 3107 1970 3161 ἀπὸ

374 3192 486 3245 τῶν
534 3192 678 3246 ἰδίων
711 3192 951 3261 ἐγγόνων
990 3191 1022 3262 ἢ
1060 3191 1277 3246 τούτου.
1315 3188 1389 3245 Εὖ
1427 3190 1541 3243 ἴστε
1566 3192 1623 3243 δὲ
1655 3189 1967 3254 καὶτοῦτο,

376 3276 460 3329 ὅτι
492 3274 672 3344 φιλίας
699 3277 795 3329 καὶ
828 3275 1043 3338 εὐνοίας
1074 3274 1375 3345 σύνδεσμος
1404 3274 1556 3327 οὐδὲν
1577 3274 1765 3346 ἕτερόν
1794 3274 1965 3337 ἐστιν,

376 3359 412 3426 ἢ
434 3359 495 3411 τὸ
530 3358 867 3423 σπουδάζειν,
895 3358 989 3411 καὶ
1013 3358 1194 3412 πάντα
1226 3358 1492 3428 πράττειν
1525 3357 1871 3429 ἀρεσκόντως
1892 3355 1972 3426 τῷ

380 3443 559 3515 Πατρὶ
593 3443 687 3495 καί¹
713 3441 788 3513 τῷ
816 3442 916 3512 τῆς
959 3441 1229 3509 γενέσεως
1268 3441 1366 3494 καὶ⁴
1397 3440 1699 3512 διατροφῆς
1721 3440 1817 3494 καὶ
1851 3440 1972 3493 δια-

383 3527 553 3597 μονῆς
592 3526 776 3596 αἰτίῳ·
810 3518 870 3578 οὑ
904 3526 1422 3596 ὑπερφρονήσαντες
1460 3525 1539 3589 ὡς
1573 3525 1765 3597 λήρου,
1810 3524 1971 3578 πολέ-

384 3627 520 3679 μους
560 3612 619 3662 ἐν
662 3612 729 3680 τῇ
780 3608 1077 3679 Ἐκκλησία
1125 3608 1391 3679 ἐξήψατε,
1446 3610 1591 3664 κατά
1615 3608 1707 3662 τὸν
1746 3608 1972 3661 εἰπόντα

380 3694 671 3765 προφήτην
692 3709 707 3723 ⁸
737 3694 976 3749 Μανίαν
1016 3693 1086 3746 ἐν
1112 3693 1255 3758 οἴκῳ
1307 3693 1532 3761 Κυρίου
1580 3691 1932 3759 κατέπηξαν
1953 3708 1965 3719 ·

379 3777 505 3830 ἀντὶ
535 3777 627 3829 τοῦ
662 3777 954 3847 παρορμᾷν
983 3775 1079 3829 καὶ
1105 3774 1435 3847 προτρέπειν
1460 3774 1747 3845 ἀλλήλους’
1778 3774 1972 3828 ἔπειτα

378 3857 523 3913 κατά
563 3869 587 3897 θ
627 3858 753 3912 νοῦν
786 3859 881 3913 καὶ
911 3857 1140 3929 γνώμην
1165 3859 1266 3929 τήν
1312 3858 1405 3911 τοῦ
1450 3859 1664 3930 Πατρδς
1700 3858 1973 3929 πολέμους

383 3940 734 4012 ἀσυμϐάτους
758 3941 1117 4013 ἐργαζόμενοι
1151 3946 1210 3996 ἐν
1233 3942 1506 4013 ἀλλήλοις.
1534 3943 1873 4018 Προστίθημι
1893 3943 1971 4008 δὲ,

382 4027 467 4079 ὃτι
496 4025 589 4079 καὶ
634 4025 727 4077 τὸν
758 4024 912 4090 Θεὸν,
965 4027 1059 4078 καί
1092 4027 1303 4090 πάντας
1351 4027 1480 4090 τοὺς
1523 4026 1978 4099 προσχωροῦντας

385 4108 557 4180 αὐτῷ,
607 4108 702 4162 τοῦ
746 4110 842 4179 μὲν
875 4109 1067 4173 υἱοὺς,
1127 4110 1286 4180 ὑμῶν
1334 4110 1394 4163 δέ
1424 4110 1715 4181 ἀδελφοὺς,
1775 4110 1981 4182 σφόδρα

386 4194 629 4263 ἐξίστησι
658 4192 751 4246 καὶ
780 4195 941 4257 κινεῖ,
970 4192 1067 4245 καὶ
1109 4194 1324 4263 σιωπᾷν
1369 4193 1473 4247 οὐκ
1504 4194 1827 4264 ἐπιτρέπει·
1858 4193 1980 4247 οὐδὲ

386 4280 499 4351 γὰρ
520 4277 798 4348 ὀλίγωρος,
825 4276 945 4330 οὐδέ
972 4275 1072 4346 τῆς
1097 4274 1207 4328 τῶν
1237 4275 1445 4329 τέκνων
1478 4276 1750 4345 ὠφελείας
1778 4278 1982 4348 ἄφρον-

389 4363 474 4426 τίς
504 4364 671 4415 ἐστιν.
712 4359 1032 4431 Ἀχθόμενος
1063 4356 1356 4431 τοιγαροῦν
1388 4358 1482 4410 ἐπί
1523 4375 1584 4411 τε
1624 4362 1692 4430 τῇ
1735 4360 1981 4432 ὑμετέρᾳ

391 4438 805 4516 φρενοϐλαϐἷείᾳ,
836 4443 930 4498 καὶ
959 4441 1049 4496 ἐπὶ
1088 4444 1156 4512 τῇ
1213 4441 1324 4495 τῶν
1349 4440 1727 4512 ἀδικουμένων
1758 4442 1779 4481 τ
1810 4460 1981 4497 κατα-

387 4529 713 4600 δυναστεία⁸
746 4528 826 4582 διὸ
855 4526 947 4581 καὶ
984 4523 1274 4597 παρελθεῖν
1306 4525 1453 4597 ὑμᾶς
1497 4527 1884 4597 ἀτιμωρήτους
1915 4527 1977 4579 οὑ

390 4614 567 4685 κρίνει
600 4612 829 4673 δίκαιον.
889 4607 1069 4672 καθὼς
1122 4607 1428 4679 ἐνήρξατο’
1480 4607 1607 4662 οὔτε
1665 4607 1776 4681 γὰρ
1827 4607 1978 4680 αὑτῷ

391 4695 687 4768 εὐπρεπὲς,
719 4694 845 4748 οὔτε
876 4696 1004 4766 ὑμῖν
1032 4692 1290 4762 ἀσφαλὲς,
1322 4692 1385 4745 τό
1430 4709 1491 4746 τε
1522 4691 1690 4757 πάθος
1722 4691 1876 4763 ὑμῶν
1915 4691 1975 4744 οὑ

392 4779 665 4854 φορητὸν,
718 4777 1036 4849 ἐπιμελείας
1086 4793 1144 4829 τε
1182 4777 1208 4816 8
1237 4775 1299 4827 ού
1329 4775 1431 4847 τῆς
1456 4774 1750 4846 τυχούσης,
1794 4774 1884 4829 διά
1920 4791 1980 4828 τε

394 4862 620 4936 πληγῶν
646 4862 742 4914 καὶ
769 4861 880 4914 τῶν
902 4861 1010 4915 ἀπὸ
1044 4858 1292 4922 παιδείας
1321 4857 1607 4929 μωλώπων
1625 4859 1727 4911 οὑκ
1748 4858 1983 4930 ἀριθμη-

392 4948 503 5004 τῶν
542 4946 758 5017 χείρους
788 4944 935 5015 ὑμᾶς
977 4946 1098 5016 δρᾷ.
1134 4941 1412 5024 Πολὺνγὰρ
1441 4941 1504 4994 τὸ
1534 4941 1860 5013 ἀναίσθητον
1887 4944 1983 4997 καὶ

395 5028 818 5103 άκαμπέστατον
864 5029 995 5100 ὑμῖν
1035 5023 1375 5091 ἐπιπολάζει,
1406 5023 1690 5095 ἀδελφοὺς,
1722 5025 1984 5095 γνησίους

394 5116 496 5171 καὶ.
526 5111 886 5186 ὁμοδιαίτους,
918 5111 1056 5184 πρὸς
1083 5112 1141 5166 δέ
1190 5111 1285 5165 καὶ
1312 5107 1675 5181 ὁμοσπόνδους
1693 5148 1708 5174 ,
1746 5109 1986 5183 ὁμοτρα-

396 5200 601 5265 πέζους
644 5195 736 5250 καὶ
766 5192 1131 5265 όμολέκτους,
1167 5196 1297 5267 μιᾶς
1331 5194 1428 5249 καὶ
1456 5192 1555 5265 τῆς
1581 5190 1749 5263 αὐτῆς
1782 5208 1981 5261 συγγε-

396 5286 552 5349 νείας
578 5278 966 5351 τετυχηκότας,
981 5277 1157 5342 οὑτως
1184 5280 1266 5344 είς
1286 5281 1441 5352 μῖσος
1467 5278 1709 5349 ἐχθιστον
1735 5276 1765 5316 h
1794 5292 1984 5347 περιε-

396 5368 657 5439 τρέψατε,
680 5366 753 5428 ὼς
774 5362 870 5417 καί
896 5361 1004 5415 τῶν
1030 5360 1175 5415 ἰδίων
1195 5364 1338 5435 ὅρων
1357 5363 1452 5417 καὶ
1480 5363 1576 5434 τῆς
1596 5359 1781 5432 κοινῆς
1799 5360 1984 5425 ἐστίας

398 5447 937 5522 ἀποδιαπέμπεσθαι,
951 5444 1047 5499 καὶ
1075 5445 1266 5515 πόρρω
1284 5445 1629 5511 ἀπελαύνειν,
1651 5445 1869 5509 ἀπόλεις
1889 5445 1985 5498 καὶ

396 5534 643 5601 ἀοίκους,
692 5534 828 5606 πρὸς
852 5532 908 5587 δὲ
942 5530 1039 5584 καὶ
1085 5528 1352 5598 φυγάδας,
1396 5530 1521 5584 ὅσον
1568 5531 1653 5601 ἐφ’
1682 5530 1810 5602 ὑμῖν
1851 5522 1985 5600 ἧκον

404 5616 595 5688 μέρος,
607 5616 1141 5679 κατασκευάσαντες,
1158 5611 1444 5665 καὶταῦτα
1460 5614 1523 5668 οὑ
1540 5614 1676 5687 πρὸς
1689 5612 1852 5669 ποσόν
1865 5629 1987 5668 τινα

464 5719 925 5797 εξοεετυῖωυεροῐα
950 5720 1225 5797 στ’βρξρὶη
1249 5716 1349 5766 οἷον
1370 5714 1554 5780 Georg.

462 5781 494 5822 ιι
516 5781 805 5844 Legendum
825 5783 989 5832 forsan
1014 5781 1246 5840 ἀλλήλων.

468 5847 492 5875 ε
520 5843 602 5891 Sic
626 5843 785 5894 Βὶειοι.
812 5846 928 5894 Cod.
958 5844 1198 5894 μαθόντες.

468 5854 492 5875 ε
520 5854 602 5891 διο
626 5854 785 5905 ungol.
812 5854 928 5894 cca.
958 5854 1198 5907 μαθόντες.

468 5907 497 5946 σι
520 5904 700 5965 Georg.
723 5904 1019 5967 εὐχάριστός.

472 5976 496 6034 ις
517 5968 702 6034 S_ensus
721 5965 898 6034 91am:
911 5967 1176 6034 legendum
1193 5967 1336 6034 παρά.
1364 5965 1521 6032 Bigol.
1536 5965 1611 6016 ἐπὶ
1632 5966 1693 6016 τὰ
1711 5966 1841 6029 παρὰ
1858 5965 1985 6019 νοῦν.

474 6030 497 6071 ἔ
524 6031 699 6089 Georg.
726 6027 1047 6089 διωκομένων.

470 6098 498 6136 ε
526 6088 665 6143 Idem
678 6088 941 6148 ἐπιμελείας
965 6088 1049 6138 δεῖ.

469 6158 504 6199 ιι
530 6156 662 6206 Idem
678 6151 946 6214 αἴσχιστον.

2059 691 2252 762 χρόνον
2278 689 2378 761 τὴν
2394 690 2606 761 φυγάδα
2640 686 2944 760 ὁρίσαντες.
2961 688 3215 745 aram
3233 689 3523 763 ἐδυνήθητε
3550 693 3650 749 καὶ

2062 775 2148 828 ἐπ’
2174 775 2523 846 άπειρον,διά
2554 775 2614 827 τὸ
2641 772 2931 847 ιῦμόθυρον
2948 775 3113 828 καὶτὸ
3138 774 3259 828 λίαν
3274 791 3649 849 παρακεκινη-

2063 859 2225 929 μένον
2248 858 2422 929 ὑμῶν.
2463 857 2529 913 Ὃ
2559 857 2646 911 ἐπ’
2672 858 2859 920 αὑτοῖς
2899 859 2994 911 καὶ
3021 858 3098 928 τῷ
3127 859 3386 930 μακαρίῳ
3425 860 3646 933 Ἰωάννῃ

2059 942 2350 1013 κέκτησθε,
2402 941 2623 1011 ἔγκοτον
2672 940 2733 995 τὸ
2779 937 2939 1009 ἔχθος
2993 941 3503 1012 ἀναζωπυροῦντες,
3555 945 3650 999 καὶ

2058 1028 2249 1095 ῶσπερ
2278 1026 2615 1096 ἠκονημένον
2644 1023 2795 1092 ξίφος
2829 1024 2993 1096 μέχρι
3018 1024 3117 1093 τῆς
3144 1024 3302 1095 δεῦρο
3324 1027 3446 1080 κατ’
3478 1025 3649 1080 αὑτοῦ

2057 1108 2335 1180 χαλῶντες
2375 1109 2473 1180 τὴν
2512 1107 2784 1176 γλῶτταν,
2826 1109 2926 1179 τὴν
2963 1108 3127 1179 μῆνιν
3175 1109 3486 1173 ἀσπάζεσθε
3526 1110 3652 1164 ἀντὶ

2057 1191 2409 1254 διδασκαλίας
2458 1190 2795 1259 ἐπωφελοῦς,
2850 1191 2949 1260 τὴν
3015 1192 3355 1263 κατηγορίαν
3406 1192 3500 1245 ἐπὶ
3547 1194 3649 1263 τῆς

2071 1275 2401 1344 Ἐκκλησίας
2437 1276 2517 1338 εἰς
2550 1274 2827 1345 μολυσμὸν
2851 1273 2960 1325 τῶν
3000 1276 3305 1328 ἀκουόντων
3344 1275 3650 1345 ἐκχέοντες.

2059 1360 2173 1414 Καὶ
2196 1360 2368 1413 ταῦτα
2394 1360 2493 1429 μὲν
2516 1357 2767 1421 ἐκείνοις,
2797 1350 2880 1420 οἷς
2903 1357 2932 1409 ό
2953 1356 3155 1427 Κύριος
3181 1360 3237 1411 ἐν
3260 1358 3399 1411 ἐλέει
3420 1359 3513 1412 καὶ
3542 1358 3656 1428 φιλ-

2059 1445 2348 1516 ανθρωπία
2390 1442 2666 1498 ἀποδώσει
2710 1441 2857 1496 κατὰ
2896 1441 2966 1494 τά
3008 1442 3167 1511 ἔργα.
3236 1442 3328 1494 Σοὶ
3376 1443 3434 1495 δέ
3484 1442 3655 1498 ποίων

2060 1529 2235 1597 λόγων
2288 1528 2603 1600 ἀμάραντον
2652 1527 2917 1594 στέφανον
2952 1524 3157 1591 πλέξας
3191 1525 3325 1578 οἴσω
3348 1565 3363 1589 ,
3417 1526 3655 1597 μακάριε

2075 1613 2318 1683 Ἰωάννη,
2373 1611 2511 1681 μετὰ
2536 1609 2717 1676 ἔξοδον
2753 1608 2850 1661 τοῦ
2882 1608 3096 1662 σταδίου
3124 1609 3186 1661 οὑ
3224 1607 3562 1678 φοϐούμενος
3594 1606 3658 1659 τὸ

2064 1697 2440 1765 ἐγκωμιάσαι;
2482 1693 2739 1747 ἀπεδύσω
2768 1691 2879 1763 γὰρ
2926 1692 3023 1762 τὴν
3075 1692 3407 1761 τρικυμίανο
3458 1686 3494 1760 ἦ
3546 1688 3659 1745 τῶν

2064 1777 2376 1831 Μωσαῖκῶν
2425 1776 2647 1830 ἐκείνων
2682 1774 2700 1813 ί
2735 1775 2921 1846 νόμων
2971 1774 3066 1839 οὓς
3095 1774 3327 1828 δέδωκεν
3354 1775 3658 1845 εὐλογήσας

2064 1860 2158 1912 τὸν
2194 1859 2499 1931 πρακτικὸν
2540 1857 2758 1928 Ἰωσὴφ,
2786 1857 3002 1912 καὶτὸν
3036 1857 3375 1929 θεωρητικὸν
3407 1857 3541 1910 Λευὶ
3564 1857 3661 1910 τὸν

2069 1945 2259 2017 ίερέα;
2294 1947 2352 1997 ἐν
2381 1943 2467 1997 σοὶ
2513 1940 2625 2013 γὰρ
2652 1943 2761 2014 ὁρῶ
2802 1941 3174 2014 ἀμφοτέρους.
3216 1942 3342 1997 Ἐπ’
3376 1941 3665 2010 εὐλογίας

2062 2029 2289 2096 Κυρίου
2339 2026 2379 2094 ἡ
2430 2026 2509 2096 γῆ
2558 2039 2698 2089 σου,
2738 2027 2837 2079 καὶ
2884 2027 3005 2079 ἀπὸ
3054 2024 3213 2095 ὀρῶν
3246 2024 3509 2092 οὐρανοῦ
3564 2022 3664 2076 καὶ

2064 2112 2289 2179 δρόσου
2332 2109 2433 2164 καὶ
2465 2110 2757 2163 ἀϐύσσων
2796 2106 3004 2179 πηγῶν
3044 2107 3346 2170 κάτωθεν,
3384 2107 3486 2160 καὶ
3532 2107 3662 2160 καθ’

2064 2194 2224 2264 ὤραν
2261 2191 2673 2264 γεννημάτων,
2707 2191 2883 2258 ἡλίου
2914 2190 3172 2260 τροπῶν,
3220 2190 3320 2244 καὶ
3351 2188 3472 2244 ἀπὸ
3511 2203 3664 2242 συν-

2067 2278 2222 2332 όδων
2242 2275 2479 2346 μηνῶν,
2514 2275 2637 2329 ἀπὸ
2666 2272 2934 2343 κορυφῆς
2965 2273 3151 2342 ὀρέων
3170 2272 3386 2343 ἀρχῆς,
3411 2272 3510 2328 καὶ
3542 2270 3667 2325 ἀπὸ

2068 2358 2336 2427 κορυφῆς
2379 2358 2617 2413 ἀενάων
2661 2357 2933 2422 βουνῶν,
2975 2360 3221 2411 ἔσονται
3260 2357 3361 2410 ἐπὶ
3391 2353 3668 2424 κορυφῆς

2081 2442 2297 2511 Ἰωσὴφ
2330 2444 2445 2512 (καὶ
2473 2442 2647 2504 είτις,
2666 2440 2745 2502 ὡς
2771 2440 3016 2511 Ἰωσὴφ),
3035 2441 3133 2493 καὶ
3164 2440 3262 2492 ἐπὶ
3286 2432 3671 2507 κορυφῆς-ὦν

2069 2525 2344 2593 ἡγήσατο
2378 2523 2692 2592 ἀδελφῶν,
2720 2522 3050 2589 δοξασθείς
3082 2522 3155 2576 ὲν
3193 2521 3483 2590 ἀδελφοῖς
3506 2535 3667 2587 πρω-

2068 2608 2337 2673 τότοκος.
2399 2607 2623 2674 Ταύρου
2655 2605 2724 2659 τὸ
2783 2604 3023 2669 κάλλος
3072 2604 3264 2659 αὑτοῦ
3316 2604 3392 2657 τὰ
3425 2602 3666 2671 κέρατα,

2063 2689 2478 2760 μονοκέρωτος
2525 2689 2598 2742 τὰ
2643 2689 2862 2756 κέρατα
2893 2688 3082 2743 αὑτοῦ
3108 2705 3123 2719 ·
3163 2688 3238 2742 ἐν
3268 2686 3480 2752 αὐτοῖς
3518 2686 3665 2752 ἔθνη

2068 2772 2330 2842 κερατιεῖ
2352 2773 2475 2841 ἅμα
2499 2772 2614 2839 ἕως
2641 2771 2744 2827 ἀπ’
2774 2771 2962 2840 ἄκρου
2989 2772 3101 2839 τῆς
3133 2770 3267 2841 γῆς.
3299 2770 3410 2824 Καὶ
3434 2767 3515 2839 τῷ
3535 2768 3674 2823 Λευὶ

2069 2855 2190 2911 εἷπε
2231 2858 2348 2928 (καὶ
2377 2858 2430 2911 εῐ
2469 2874 2558 2920 τις
2595 2855 2761 2910 αὑτὸν
2799 2856 3134 2926 ἐμιμήσατο)
3159 2874 3173 2887 ·
3201 2856 3347 2909 Δότε
3384 2853 3529 2908 Λευὶ
3559 2852 3673 2921 δή·

2066 2946 2218 3009 λους
2265 2940 2477 3005 αὑτοῦ,
2530 2940 2633 2995 καὶ
2666 2937 2967 3005 ἀλήθειαν
3009 2939 3198 2993 αὐτοῦ
3245 2936 3328 3002 τῷ
3358 2935 3535 3005 ἀνδρὶ
3588 2935 3672 3002 τῷ

2071 3029 2237 3094 ὁσίῳ.
2273 3026 2345 3079 ὃν
2364 3026 2700 3095 ἐπείρασαν
2726 3021 2918 3077 αὐτὸν
2936 3023 3009 3076 ἐν
3036 3025 3235 3091 πείρᾳ,
3267 3021 3675 3091 ἐλοιδόρησαν

2071 3111 2262 3165 αὐτὸν
2279 3110 2379 3163 ἐπὶ
2407 3109 2626 3175 ὕδατος
2654 3109 3025 3178 ἀντιλογίας.
3069 3108 3135 3161 '0
3166 3106 3363 3179 λέγων
3381 3105 3463 3172 τῷ
3490 3105 3673 3173 πατρὶ

2072 3197 2173 3249 καὶ
2208 3194 2286 3264 τῇ
2302 3194 2506 3263 μητρὶ,
2543 3196 2665 3263 Οὐχ
2692 3192 2924 3261 ἐώρακά
2950 3208 3046 3256 σε,
3070 3192 3169 3245 καὶ
3196 3190 3342 3257 τοὺς
3366 3188 3677 3259 ἀδελφοὺς

2072 3279 2261 3333 αὐτοῦ
2277 3280 2390 3333 οὐκ
2403 3278 2656 3346 ἐπέγνω,
2673 3275 2943 3346 ἐφύλαξε
2967 3275 3041 3328 τὰ
3063 3273 3240 3343 λότιά
3264 3289 3404 3336 σου,
3434 3273 3532 3326 καὶ
3558 3270 3677 3339 τὴν

2074 3360 2374 3427 διαθήκην
2416 3376 2534 3415 σου
2562 3359 2957 3427 διετήρησενο
2993 3357 3270 3423 ἐδήλωσε
3305 3356 3380 3410 τὰ
3427 3354 3672 3410 δικαιώ-

2072 3444 2230 3515 ματά
2283 3459 2400 3499 σου
2458 3442 2540 3509 τῷ
2589 3442 2817 3507 Ἰακὼϐ,
2858 3443 2958 3498 καὶ
3009 3442 3118 3497 τὸν
3164 3442 3355 3511 νόμον
3416 3455 3536 3494 σου
3592 3437 3676 3504 τῷ

2089 3527 2347 3596 Ἰσραήλ.
2395 3526 2704 3592 Ἐπιθήσει
2728 3527 2996 3595 θυμίαμα
3019 3524 3119 3580 διὰ
3145 3520 3375 3589 παντὸς
3398 3522 3469 3576 ἐν
3496 3520 3677 3591 ἑορτῇ

2076 3629 2195 3667 σου
2219 3612 2318 3666 ἐπὶ
2348 3608 2430 3676 τῷ
2452 3609 2862 3678 θυσιαστηρίῳ
2880 3626 3021 3663 σου.
3048 3610 3439 3677 Εὺλότησον,
3471 3607 3675 3673 Κύριε,

2074 3696 2192 3764 τὴν
2208 3695 2395 3764 ἰσχὺν
2412 3694 2622 3760 αὐτοῦ,
2637 3692 2823 3747 καὶτὰ
2840 3693 2985 3763 ἔργα
3002 3690 3124 3745 τῶν
3138 3688 3355 3758 χειρῶν
3366 3688 3556 3744 αὑτοῦ
3577 3687 3678 3741 δέ·-

2077 3778 2113 3842 ξ
2116 3795 2195 3832 αι·
2214 3775 2228 3826 i
2243 3775 2518 3842 πάταξον
2529 3778 2725 3846 ὀφρὺν
2734 3775 2964 3845 ἐχθρῶν
2975 3773 3478 3841 ἐπανεστηκότων
3489 3770 3676 3839 αὐτῷ,

2078 3861 2176 3915 καὶ
2224 3862 2279 3913 οἱ
2316 3858 2650 3929 μισοῦντες
2686 3859 2877 3913 αὑτὸν
2900 3858 2988 3929 μὴ
3017 3856 3485 3923 ἀναστήτωσαν.
3530 3853 3676 3923 Ἐγὼ

2077 3945 2135 3998 δὲ
2170 3943 2522 4017 προσπλέξας
2565 3943 2812 4013 εἴποιμιο
2846 3945 2911 3996 Οἱ
2939 3942 3225 4012 φιλοῦντες
3258 3940 3445 4005 αὑτὸν,
3492 3937 3671 4010 Ἰησοῦ

2080 4030 2305 4103 Χριστέ,
2331 4030 2405 4100 μὴ
2429 4027 3012 4099 καταισχυνθήτωσαν·
3046 4027 3139 4079 σὸν
3159 4025 3268 4097 γάρ
3290 4025 3350 4078 τὸ
3376 4024 3577 4094 κράτος
3598 4023 3685 4088 εἰςΔ

2081 4116 2208 4177 τοὺς
2233 4112 2453 4175 αἰῶνας.
2495 4112 2689 4185 Ἀμήν.
2736 4111 2795 4163 '0
2842 4110 3093 4163 ’EHIXK.
3125 4109 3235 4162 Καὶ
3271 4107 3409 4176 αῦτη
3448 4106 3551 4177 τῆς
3574 4105 3683 4176 σῆς.

2085 4199 2354 4260 συνέσεως
2399 4198 2433 4268 ή
2479 4197 2748 4267 ἄσκησις,
2793 4194 3035 4267 θηρευτά
3081 4194 3371 4263 νοημάτων
3403 4190 3673 4262 Θεόδωρε,

2084 4283 2339 4353 ἐκφέρειν
2376 4282 2441 4335 ἐκ
2482 4280 2576 4334 τοῦ
2621 4280 2723 4350 τῆς
2763 4278 3003 4341 διανοίας
3050 4294 3144 4331 σου
3180 4273 3485 4348 θησαυροῦ,
3532 4274 3677 4328 κατά

2081 4367 2173 4419 τὸν
2204 4364 2428 4418 εἰπόντα
2458 4363 2717 4434 Σωτῆρα,
2774 4362 2967 4416 Καινὰ
2999 4360 3099 4414 καὶ
3149 4359 3377 4412 παλαιά
3397 4373 3412 4387 ·
3466 4358 3676 4413 παλαιὰ

2085 4450 2204 4519 μὲν,
2231 4448 2330 4518 τῆς
2362 4445 2712 4517 ἀνθρωπίνης
2734 4445 2930 4512 σοφίας
2962 4444 3341 4513 παιδεύματαο
3387 4442 3551 4495 καινά
3585 4442 3663 4507 δὲ,

2081 4532 2151 4585 τά
2186 4529 2280 4584 τοῦ
2338 4529 2493 4598 ἁγίου
2546 4528 2865 4599 Πνεύματος
2914 4528 3098 4595 λόγια·
3136 4528 3196 4591 ἐξ
3253 4521 3329 4580 ὧν
3380 4526 3677 4598 θησαυρῶν

2080 4615 2326 4686 ὁποτέρῳ
2356 4614 2513 4685 μέρει
2544 4613 2604 4666 τὸ
2633 4612 2945 4684 πρόσφορον
2992 4611 3251 4675 δέδωκας.
3288 4611 3401 4681 Τῆς
3443 4611 3542 4681 μὲν
3573 4612 3677 4683 σῆς

2082 4705 2400 4772 φρονήσεως
2454 4698 2662 4771 φράσαι
2712 4699 2826 4762 τοῖς
2857 4696 3347 4769 πλημμελήμασιν,
3380 4694 3417 4749 ὃ.
3438 4694 3675 4767 ἥρμοζε.

2083 4785 2182 4856 τῆς
2227 4784 2285 4837 δὲ
2325 4783 2633 4853 Μωσαῖκῆς
2687 4780 2940 4850 εὐλογίας
2993 4780 3196 4845 πλέξας
3239 4782 3267 4820 κ
3308 4779 3529 4852 Ἰωάννη
3581 4779 3678 4833 τὸν

2082 4868 2434 4939 ὀφειλόμενον
2475 4867 2767 4936 στέφανον·
2796 4864 2855 4928 ὃς
2888 4864 3117 4926 ἀπαθῶς
3167 4862 3511 4934 ἱερατεύσας,
3543 4862 3677 4933 ἀλη-

2087 4951 2197 5016 θῶς
2230 4951 2331 5004 ούκ
2358 4950 2499 5018 ἔγνω
2529 4949 2741 5018 πατέρα
2774 4947 2807 5018 ἢ
2841 4946 3054 5017 μητέρα
3098 4946 3132 5018 ἢ
3174 4946 3334 5014 γένος
3377 4946 3673 5017 αἱμάτινον

2084 5033 2433 5101 δικαιοσύνης
2458 5030 2753 5102 ὑπερϐολῇ,
2776 5028 2889 5083 ἀλλ’
2909 5028 2944 5100 ἢ
2969 5030 3097 5094 τοὺς
3129 5031 3364 5102 ἐραστὰς
3392 5031 3490 5084 καὶ
3509 5030 3677 5102 ἐργά-

2084 5136 2185 5182 τας
2216 5116 2311 5172 τοῦ
2344 5116 2523 5185 λόγου.
2555 5116 2620 5170 Οἱ
2644 5114 2703 5168 δέ
2728 5113 2850 5168 καθ’
2883 5115 3032 5185 ήμᾶς
3071 5114 3355 5179 δοκοῦντες
3385 5114 3676 5168 ἐπίσκοποι

2083 5202 2146 5257 τὸ
2202 5201 2302 5275 μὲν
2353 5199 2580 5274 πήλινον
2653 5199 2812 5270 γένος
2860 5202 3153 5271 πορισμοῖς
3212 5200 3306 5252 καὶ
3363 5199 3675 5271 στρατείαις

2086 5288 2182 5342 καὶ
2236 5285 2547 5359 ἀξιώμασιν
2599 5284 3046 5356 ἐγκαθώρμησαν
3079 5281 3124 5349 ὶ,
3178 5282 3525 5355 παραϐάντες
3579 5281 3676 5334 τὸν

2086 5373 2313 5429 εἰπόντα
2387 5372 2553 5443 νόμον
2583 5387 2598 5402 ⁸
2667 5371 2751 5424 Οὐ
2817 5368 3129 5423 δώσουσιν
3194 5371 3248 5421 οἱ
3294 5364 3467 5435 Ιερεῖς
3531 5365 3679 5431 τοὺς

2086 5458 2258 5524 υἱοὺς
2312 5456 2514 5513 αὐτῶν
2560 5456 2648 5521 εὶς
2688 5452 2989 5524 ἄρχοντας
3038 5451 3140 5505 καὶ
3184 5449 3674 5519 παρατρέχοντας

2087 5544 2170 5612 τῷ
2203 5542 2461 5609 ,ϐασιλεῖ
2485 5559 2500 5573 ο
2535 5541 2603 5595 τὰ
2637 5539 2697 5594 δέ
2742 5539 2839 5593 τοῦ
2883 5536 3198 5609 Πνεύματος
3245 5537 3541 5599 συσκευαῖς
3575 5535 3673 5588 καὶ

2086 5630 2444 5703 δυσημερίαις
2505 5628 2600 5681 ναὶ
2654 5626 2917 5697 φρουραῖς
2984 5623 3080 5676 καὶ
3143 5623 3522 5693 περιορισμοίς
3583 5621 3672 5672 ἐν-

2087 5715 2433 5787 δαπανῶντες
2458 5751 2473 5777 ,
2555 5709 2797 5782 ἄκρατον
2877 5707 3090 5770 πιόντες
3161 5705 3261 5778 τὴν
3319 5706 3538 5774 ἄγνοιαν
3589 5712 3670 5768 ω,

2157 5839 2175 5878 ι
2202 5838 2379 5899 Georg.
2402 5836 2664 5899 λειμώνων.

2156 5900 2172 5951 i
2206 5888 2536 5953 Lxxiamz‘ov
2559 5896 2793 5956 όσούν,θι
2816 5894 2962 5957 paulo
2981 5900 3097 5943 ante
3119 5894 3165 5941 ἐν
3189 5893 3321 5955 ὀργῇ,
3337 5901 3424 5952 pro
3446 5888 3494 5937 ἐν
3518 5889 3677 5952 ἑορτῇ.

2153 5962 2182 6002 ι
2206 5960 2342 6024 Lege
2363 5961 2545 6024 πλέξαι.

2158 6026 2175 6064 l
2209 6022 2357 6072 Ροὲιο
2378 6022 2485 6085 leg.
2515 6022 2888 6085 ἐγηιιειιθιέιρμκσοινΖ

2151 6088 2187 6109 ’³
2214 6087 2396 6147 Georg.
2421 6076 2603 6148 ιῖνοιοίν,
2632 6076 2832 6137 ῐθὲίίυι.
2874 6080 3013 6144 Lege
3038 6083 3188 6130 etiam
3213 6076 3569 6132 ἐκδαπανῶντες
3589 6085 3680 6139 pm

2092 6149 2453 6204 ἐνδαπανῶντις.
