  <div class='ocr_page' id='page_1' title='image "/cluster/home/n/w/nwhite01/storage/ocr_20150623/47/hvd.32044025239690/135.png"; bbox 0 0 4526 6714; ppageno 0'>
   <div class='ocr_carea' id='block_1_1' title="bbox 892 545 4155 617">
    <p class='ocr_par' dir='ltr' id='par_1_1' title="bbox 892 545 4155 617">
     <span class='ocr_line' id='line_1_1' title="bbox 892 545 4155 617; baseline 0.006 -18"><span class='ocrx_word' id='word_1_1' title='bbox 892 545 953 599; x_wconf 79' lang='lat'>8|</span> <span class='ocrx_word' id='word_1_2' title='bbox 2166 548 2481 604; x_wconf 74' lang='lat' dir='ltr'>PALLADII</span> <span class='ocrx_word' id='word_1_3' title='bbox 2528 550 2636 605; x_wconf 71' lang='lat' dir='ltr'>DIA</span> <span class='ocrx_word' id='word_1_4' title='bbox 2646 551 2780 609; x_wconf 80' lang='lat' dir='ltr'>LOG</span> <span class='ocrx_word' id='word_1_5' title='bbox 2790 548 2875 606; x_wconf 66' lang='grc' dir='ltr'>[ΤΞ</span> <span class='ocrx_word' id='word_1_6' title='bbox 4085 562 4155 617; x_wconf 69' lang='lat'><em>83</em></span> 
     </span>
    </p>
   </div>
   <div class='ocr_carea' id='block_1_2' title="bbox 884 658 2467 733">
    <p class='ocr_par' dir='ltr' id='par_1_2' title="bbox 884 658 2467 733">
     <span class='ocr_line' id='line_1_2' title="bbox 884 658 2467 733; baseline 0.003 -20"><span class='ocrx_word' id='word_1_7' title='bbox 884 661 953 713; x_wconf 80' lang='grc' dir='ltr'>ἐκ</span> <span class='ocrx_word' id='word_1_8' title='bbox 1004 658 1212 712; x_wconf 85' lang='grc' dir='ltr'>τούτων</span> <span class='ocrx_word' id='word_1_9' title='bbox 1274 658 1588 729; x_wconf 72' lang='grc' dir='ltr'>νομίζοντες</span> <span class='ocrx_word' id='word_1_10' title='bbox 1641 662 1928 733; x_wconf 71' lang='grc' dir='ltr'>ἀτιμάζειν</span> <span class='ocrx_word' id='word_1_11' title='bbox 1972 664 2101 726; x_wconf 79' lang='grc' dir='ltr'>τοὺς</span> <span class='ocrx_word' id='word_1_12' title='bbox 2139 663 2326 732; x_wconf 86' lang='grc' dir='ltr'>φίλους</span> <span class='ocrx_word' id='word_1_13' title='bbox 2369 662 2467 729; x_wconf 70' lang='grc' dir='ltr'>τῆς</span> 
     </span>
    </p>
   </div>
   <div class='ocr_carea' id='block_1_3' title="bbox 883 736 2467 815">
    <p class='ocr_par' dir='ltr' id='par_1_3' title="bbox 883 736 2467 815">
     <span class='ocr_line' id='line_1_3' title="bbox 883 736 2467 815; baseline -0.001 -20"><span class='ocrx_word' id='word_1_14' title='bbox 883 739 1114 812; x_wconf 80' lang='grc' dir='ltr'>ἀρετῆς,</span> <span class='ocrx_word' id='word_1_15' title='bbox 1150 743 1282 812; x_wconf 79' lang='grc' dir='ltr'>περὶ</span> <span class='ocrx_word' id='word_1_16' title='bbox 1321 736 1394 794; x_wconf 83' lang='grc' dir='ltr'>ὧν</span> <span class='ocrx_word' id='word_1_17' title='bbox 1421 747 1685 814; x_wconf 83' lang='grc' dir='ltr'>προεῖπεν</span> <span class='ocrx_word' id='word_1_18' title='bbox 1736 748 1765 798; x_wconf 99' lang='lat'>6</span> <span class='ocrx_word' id='word_1_19' title='bbox 1806 745 2028 815; x_wconf 82' lang='grc' dir='ltr'>Σωτήρ·</span> <span class='ocrx_word' id='word_1_20' title='bbox 2088 745 2467 799; x_wconf 78' lang='grc' dir='ltr'>Ἐλεύσονται</span> 
     </span>
    </p>
   </div>
   <div class='ocr_carea' id='block_1_4' title="bbox 883 819 2464 896">
    <p class='ocr_par' dir='ltr' id='par_1_4' title="bbox 883 819 2464 896">
     <span class='ocr_line' id='line_1_4' title="bbox 883 819 2464 896; baseline 0.002 -20"><span class='ocrx_word' id='word_1_21' title='bbox 883 823 1121 892; x_wconf 70' lang='grc' dir='ltr'>ἡμέραι,</span> <span class='ocrx_word' id='word_1_22' title='bbox 1145 823 1215 876; x_wconf 83' lang='grc' dir='ltr'>ἐν</span> <span class='ocrx_word' id='word_1_23' title='bbox 1245 819 1342 889; x_wconf 79' lang='grc' dir='ltr'>αἷς</span> <span class='ocrx_word' id='word_1_24' title='bbox 1367 823 1662 889; x_wconf 75' lang='grc' dir='ltr'>δόξουσιν</span> <span class='ocrx_word' id='word_1_25' title='bbox 1682 831 1736 881; x_wconf 81' lang='grc' dir='ltr'>οἱ</span> <span class='ocrx_word' id='word_1_26' title='bbox 1777 827 2240 894; x_wconf 77' lang='grc' dir='ltr'>ἀποκτείνοντες</span> <span class='ocrx_word' id='word_1_27' title='bbox 2290 826 2464 896; x_wconf 80' lang='grc' dir='ltr'>ὑμᾶς,</span> 
     </span>
    </p>
   </div>
   <div class='ocr_carea' id='block_1_5' title="bbox 881 907 2469 982">
    <p class='ocr_par' dir='ltr' id='par_1_5' title="bbox 881 907 2469 982">
     <span class='ocr_line' id='line_1_5' title="bbox 881 907 2469 982; baseline 0.001 -21"><span class='ocrx_word' id='word_1_28' title='bbox 881 907 1170 973; x_wconf 70' lang='grc' dir='ltr'>λατρείαν</span> <span class='ocrx_word' id='word_1_29' title='bbox 1201 908 1571 978; x_wconf 66' lang='grc' dir='ltr'>προσφέρειν</span> <span class='ocrx_word' id='word_1_30' title='bbox 1596 908 1675 975; x_wconf 83' lang='grc' dir='ltr'>τῷ</span> <span class='ocrx_word' id='word_1_31' title='bbox 1712 908 1853 975; x_wconf 77' lang='grc' dir='ltr'>Θεῷ.</span> <span class='ocrx_word' id='word_1_32' title='bbox 1879 910 1990 963; x_wconf 76' lang='grc' dir='ltr'>Καὶ</span> <span class='ocrx_word' id='word_1_33' title='bbox 2037 912 2100 964; x_wconf 85' lang='grc' dir='ltr'>ού</span> <span class='ocrx_word' id='word_1_34' title='bbox 2133 912 2303 982; x_wconf 83' lang='grc' dir='ltr'>δήπου</span> <span class='ocrx_word' id='word_1_35' title='bbox 2340 912 2469 982; x_wconf 71' lang='grc' dir='ltr'>περὶ</span> 
     </span>
    </p>
   </div>
   <div class='ocr_carea' id='block_1_6' title="bbox 894 986 2469 1064">
    <p class='ocr_par' dir='ltr' id='par_1_6' title="bbox 894 986 2469 1064">
     <span class='ocr_line' id='line_1_6' title="bbox 894 986 2469 1064; baseline 0.002 -22"><span class='ocrx_word' id='word_1_36' title='bbox 894 990 1163 1059; x_wconf 84' lang='grc' dir='ltr'>Ἑλλήνων</span> <span class='ocrx_word' id='word_1_37' title='bbox 1195 986 1370 1051; x_wconf 80' lang='grc' dir='ltr'>εἶπεν.</span> <span class='ocrx_word' id='word_1_38' title='bbox 1402 994 1523 1046; x_wconf 81' lang='grc' dir='ltr'>ἐπεὶ</span> <span class='ocrx_word' id='word_1_39' title='bbox 1547 993 1613 1046; x_wconf 84' lang='grc' dir='ltr'>ἂν</span> <span class='ocrx_word' id='word_1_40' title='bbox 1644 994 1875 1064; x_wconf 83' lang='grc' dir='ltr'>είρήκει,</span> <span class='ocrx_word' id='word_1_41' title='bbox 1899 996 2013 1056; x_wconf 86' lang='grc' dir='ltr'>τοῖς</span> <span class='ocrx_word' id='word_1_42' title='bbox 2036 994 2198 1058; x_wconf 76' lang='grc' dir='ltr'>θεοῖς,</span> <span class='ocrx_word' id='word_1_43' title='bbox 2218 995 2268 1049; x_wconf 81' lang='grc' dir='ltr'>οἳ</span> <span class='ocrx_word' id='word_1_44' title='bbox 2292 994 2469 1047; x_wconf 80' lang='grc' dir='ltr'>πλείο-</span> 
     </span>
    </p>
   </div>
   <div class='ocr_carea' id='block_1_7' title="bbox 881 1072 2467 1146">
    <p class='ocr_par' dir='ltr' id='par_1_7' title="bbox 881 1072 2467 1146">
     <span class='ocr_line' id='line_1_7' title="bbox 881 1072 2467 1146; baseline 0.004 -22"><span class='ocrx_word' id='word_1_45' title='bbox 881 1089 980 1135; x_wconf 91' lang='grc' dir='ltr'>νας</span> <span class='ocrx_word' id='word_1_46' title='bbox 1018 1073 1173 1145; x_wconf 76' lang='grc' dir='ltr'>παρὰ</span> <span class='ocrx_word' id='word_1_47' title='bbox 1200 1075 1294 1129; x_wconf 78' lang='grc' dir='ltr'>τὸν</span> <span class='ocrx_word' id='word_1_48' title='bbox 1339 1076 1434 1128; x_wconf 70' lang='grc' dir='ltr'>ἕνα</span> <span class='ocrx_word' id='word_1_49' title='bbox 1471 1077 1847 1146; x_wconf 78' lang='grc' dir='ltr'>σημαίνουσιν.</span> <span class='ocrx_word' id='word_1_50' title='bbox 1907 1076 1995 1144; x_wconf 79' lang='grc' dir='ltr'>Ἐξ</span> <span class='ocrx_word' id='word_1_51' title='bbox 2027 1072 2101 1130; x_wconf 84' lang='grc' dir='ltr'>ὧν</span> <span class='ocrx_word' id='word_1_52' title='bbox 2145 1079 2204 1132; x_wconf 77' lang='grc' dir='ltr'>δὲ</span> <span class='ocrx_word' id='word_1_53' title='bbox 2250 1080 2341 1132; x_wconf 71' lang='grc' dir='ltr'>τὸν</span> <span class='ocrx_word' id='word_1_54' title='bbox 2371 1078 2467 1130; x_wconf 83' lang='grc' dir='ltr'>’ένα</span> 
     </span>
    </p>
   </div>
   <div class='ocr_carea' id='block_1_8' title="bbox 882 1156 2468 1235">
    <p class='ocr_par' dir='ltr' id='par_1_8' title="bbox 882 1156 2468 1235">
     <span class='ocr_line' id='line_1_8' title="bbox 882 1156 2468 1235; baseline 0.004 -28"><span class='ocrx_word' id='word_1_55' title='bbox 882 1156 979 1208; x_wconf 72' lang='grc' dir='ltr'>καὶ</span> <span class='ocrx_word' id='word_1_56' title='bbox 1009 1156 1169 1225; x_wconf 91' lang='grc' dir='ltr'>μόνον</span> <span class='ocrx_word' id='word_1_57' title='bbox 1196 1157 1496 1225; x_wconf 84' lang='grc' dir='ltr'>ὠνόμασεν,</span> <span class='ocrx_word' id='word_1_58' title='bbox 1520 1158 1760 1230; x_wconf 76' lang='grc' dir='ltr'>ἐδήλωσε</span> <span class='ocrx_word' id='word_1_59' title='bbox 1780 1164 1907 1225; x_wconf 76' lang='grc' dir='ltr'>τοὺς</span> <span class='ocrx_word' id='word_1_60' title='bbox 1929 1161 2026 1215; x_wconf 88' lang='grc' dir='ltr'>νῦν</span> <span class='ocrx_word' id='word_1_61' title='bbox 2055 1161 2200 1230; x_wconf 80' lang='grc' dir='ltr'>ἡμᾶς</span> <span class='ocrx_word' id='word_1_62' title='bbox 2231 1167 2468 1235; x_wconf 80' lang='grc' dir='ltr'>προσχή-</span> 
     </span>
    </p>
   </div>
   <div class='ocr_carea' id='block_1_9' title="bbox 888 1240 2466 1315">
    <p class='ocr_par' dir='ltr' id='par_1_9' title="bbox 888 1240 2466 1315">
     <span class='ocr_line' id='line_1_9' title="bbox 888 1240 2466 1315; baseline 0.003 -23"><span class='ocrx_word' id='word_1_63' title='bbox 888 1254 1018 1306; x_wconf 70' lang='grc' dir='ltr'>ματι</span> <span class='ocrx_word' id='word_1_64' title='bbox 1053 1241 1153 1310; x_wconf 88' lang='grc' dir='ltr'>τῆς</span> <span class='ocrx_word' id='word_1_65' title='bbox 1188 1240 1517 1311; x_wconf 84' lang='grc' dir='ltr'>Ἑκκλησίας</span> <span class='ocrx_word' id='word_1_66' title='bbox 1568 1244 1987 1315; x_wconf 84' lang='grc' dir='ltr'>λεηλατοῦντας.</span> <span class='ocrx_word' id='word_1_67' title='bbox 2035 1247 2146 1309; x_wconf 81' lang='grc' dir='ltr'>Τὰς</span> <span class='ocrx_word' id='word_1_68' title='bbox 2194 1246 2303 1314; x_wconf 83' lang='grc' dir='ltr'>γὰρ</span> <span class='ocrx_word' id='word_1_69' title='bbox 2333 1244 2466 1308; x_wconf 87' lang='grc' dir='ltr'>ἰδίας</span> 
     </span>
    </p>
   </div>
   <div class='ocr_carea' id='block_1_10' title="bbox 882 1325 2467 1400">
    <p class='ocr_par' dir='ltr' id='par_1_10' title="bbox 882 1325 2467 1400">
     <span class='ocr_line' id='line_1_10' title="bbox 882 1325 2467 1400; baseline 0.003 -25"><span class='ocrx_word' id='word_1_70' title='bbox 882 1325 1257 1394; x_wconf 87' lang='grc' dir='ltr'>κακοτροπίας</span> <span class='ocrx_word' id='word_1_71' title='bbox 1294 1327 1389 1379; x_wconf 75' lang='grc' dir='ltr'>καὶ</span> <span class='ocrx_word' id='word_1_72' title='bbox 1415 1326 1643 1395; x_wconf 76' lang='grc' dir='ltr'>φθόνους</span> <span class='ocrx_word' id='word_1_73' title='bbox 1679 1330 2135 1400; x_wconf 76' lang='grc' dir='ltr'>ἐπικρυψάμενοι,</span> <span class='ocrx_word' id='word_1_74' title='bbox 2167 1331 2307 1399; x_wconf 84' lang='grc' dir='ltr'>ὑπὲρ</span> <span class='ocrx_word' id='word_1_75' title='bbox 2336 1327 2467 1381; x_wconf 84' lang='grc' dir='ltr'>ταύ⁹</span> 
     </span>
    </p>
   </div>
   <div class='ocr_carea' id='block_1_11' title="bbox 881 1408 2465 1481">
    <p class='ocr_par' dir='ltr' id='par_1_11' title="bbox 881 1408 2465 1481">
     <span class='ocr_line' id='line_1_11' title="bbox 881 1408 2465 1481; baseline 0.003 -23"><span class='ocrx_word' id='word_1_76' title='bbox 881 1422 980 1475; x_wconf 87' lang='grc' dir='ltr'>της</span> <span class='ocrx_word' id='word_1_77' title='bbox 1009 1408 1321 1477; x_wconf 75' lang='grc' dir='ltr'>φροντίζειν</span> <span class='ocrx_word' id='word_1_78' title='bbox 1349 1412 1917 1480; x_wconf 80' lang='grc' dir='ltr'>κατασχηματίζονται</span> <span class='ocrx_word' id='word_1_79' title='bbox 1953 1411 2097 1481; x_wconf 81' lang='grc' dir='ltr'>λόγῳ</span> <span class='ocrx_word' id='word_1_80' title='bbox 2120 1450 2134 1474; x_wconf 89' lang='grc'>,</span> <span class='ocrx_word' id='word_1_81' title='bbox 2170 1413 2235 1479; x_wconf 82' lang='grc' dir='ltr'>ἣν</span> <span class='ocrx_word' id='word_1_82' title='bbox 2261 1411 2465 1479; x_wconf 79' lang='grc' dir='ltr'>ἐλυμή-</span> 
     </span>
    </p>
   </div>
   <div class='ocr_carea' id='block_1_12' title="bbox 880 1490 2464 1563">
    <p class='ocr_par' dir='ltr' id='par_1_12' title="bbox 880 1490 2464 1563">
     <span class='ocr_line' id='line_1_12' title="bbox 880 1490 2464 1563; baseline 0.004 -24"><span class='ocrx_word' id='word_1_83' title='bbox 880 1505 1041 1543; x_wconf 86' lang='grc' dir='ltr'>ναντο</span> <span class='ocrx_word' id='word_1_84' title='bbox 1062 1490 1264 1559; x_wconf 74' lang='grc' dir='ltr'>ἔργοις.</span> <span class='ocrx_word' id='word_1_85' title='bbox 1315 1493 1473 1545; x_wconf 81' lang='grc' dir='ltr'>Ἀλλά</span> <span class='ocrx_word' id='word_1_86' title='bbox 1493 1493 1593 1546; x_wconf 80' lang='grc' dir='ltr'>κᾶν</span> <span class='ocrx_word' id='word_1_87' title='bbox 1629 1492 1774 1547; x_wconf 76' lang='grc' dir='ltr'>οὕτω</span> <span class='ocrx_word' id='word_1_88' title='bbox 1805 1494 2151 1563; x_wconf 87' lang='grc' dir='ltr'>σοφίσωνται,</span> <span class='ocrx_word' id='word_1_89' title='bbox 2180 1496 2214 1563; x_wconf 82' lang='grc' dir='ltr'>ὴ</span> <span class='ocrx_word' id='word_1_90' title='bbox 2242 1492 2464 1557; x_wconf 76' lang='grc' dir='ltr'>ἔκϐασις</span> 
     </span>
    </p>
   </div>
   <div class='ocr_carea' id='block_1_13' title="bbox 880 1573 2465 1650">
    <p class='ocr_par' dir='ltr' id='par_1_13' title="bbox 880 1573 2465 1650">
     <span class='ocr_line' id='line_1_13' title="bbox 880 1573 2465 1650; baseline 0.005 -27"><span class='ocrx_word' id='word_1_91' title='bbox 880 1573 992 1624; x_wconf 88' lang='grc' dir='ltr'>τῶν</span> <span class='ocrx_word' id='word_1_92' title='bbox 1034 1576 1417 1645; x_wconf 83' lang='grc' dir='ltr'>γεγενημένων</span> <span class='ocrx_word' id='word_1_93' title='bbox 1460 1578 1659 1641; x_wconf 76' lang='grc' dir='ltr'>αὐτοὺς</span> <span class='ocrx_word' id='word_1_94' title='bbox 1702 1578 1964 1647; x_wconf 80' lang='grc' dir='ltr'>διελέγξει</span> <span class='ocrx_word' id='word_1_95' title='bbox 2008 1579 2465 1650; x_wconf 78' lang='grc' dir='ltr'>ὑπουργήσαντας</span> 
     </span>
    </p>
   </div>
   <div class='ocr_carea' id='block_1_14' title="bbox 879 1653 2466 1731">
    <p class='ocr_par' dir='ltr' id='par_1_14' title="bbox 879 1653 2466 1731">
     <span class='ocr_line' id='line_1_14' title="bbox 879 1653 2466 1731; baseline 0.006 -25"><span class='ocrx_word' id='word_1_96' title='bbox 879 1653 961 1724; x_wconf 85' lang='grc' dir='ltr'>τῷ</span> <span class='ocrx_word' id='word_1_97' title='bbox 1011 1658 1453 1730; x_wconf 83' lang='grc' dir='ltr'>καυχησαμένῳ·</span> <span class='ocrx_word' id='word_1_98' title='bbox 1500 1662 1585 1713; x_wconf 88' lang='grc' dir='ltr'>Οὐ</span> <span class='ocrx_word' id='word_1_99' title='bbox 1634 1661 1722 1730; x_wconf 79' lang='grc' dir='ltr'>μὴ</span> <span class='ocrx_word' id='word_1_100' title='bbox 1770 1661 2048 1716; x_wconf 76' lang='grc' dir='ltr'>σαλευθῶ</span> <span class='ocrx_word' id='word_1_101' title='bbox 2084 1662 2201 1716; x_wconf 83' lang='grc' dir='ltr'>ἀπὸ</span> <span class='ocrx_word' id='word_1_102' title='bbox 2254 1660 2466 1731; x_wconf 74' lang='grc' dir='ltr'>γενεᾶς</span> 
     </span>
    </p>
   </div>
   <div class='ocr_carea' id='block_1_15' title="bbox 877 1739 2466 1816">
    <p class='ocr_par' dir='ltr' id='par_1_15' title="bbox 877 1739 2466 1816">
     <span class='ocr_line' id='line_1_15' title="bbox 877 1739 2466 1816; baseline 0.005 -25"><span class='ocrx_word' id='word_1_103' title='bbox 877 1739 968 1816; x_wconf 81' lang='grc' dir='ltr'>είς</span> <span class='ocrx_word' id='word_1_104' title='bbox 1014 1740 1231 1809; x_wconf 76' lang='grc' dir='ltr'>γενεὰν</span> <span class='ocrx_word' id='word_1_105' title='bbox 1261 1741 1412 1796; x_wconf 75' lang='grc' dir='ltr'>ἄνευ</span> <span class='ocrx_word' id='word_1_106' title='bbox 1461 1745 1672 1799; x_wconf 79' lang='grc' dir='ltr'>κακοῦ.</span> <span class='ocrx_word' id='word_1_107' title='bbox 1724 1747 1917 1799; x_wconf 70' lang='grc' dir='ltr'>Οὐκέτι</span> <span class='ocrx_word' id='word_1_108' title='bbox 1970 1747 2078 1815; x_wconf 73' lang='grc' dir='ltr'>γὰρ</span> <span class='ocrx_word' id='word_1_109' title='bbox 2126 1748 2466 1816; x_wconf 81' lang='grc' dir='ltr'>ἐφευρίσκων</span> 
     </span>
    </p>
   </div>
   <div class='ocr_carea' id='block_1_16' title="bbox 878 1815 2467 1899">
    <p class='ocr_par' dir='ltr' id='par_1_16' title="bbox 878 1815 2467 1899">
     <span class='ocr_line' id='line_1_16' title="bbox 878 1815 2467 1899; baseline 0.006 -26"><span class='ocrx_word' id='word_1_110' title='bbox 878 1815 1022 1881; x_wconf 73' lang='grc' dir='ltr'>εἶδος</span> <span class='ocrx_word' id='word_1_111' title='bbox 1070 1824 1337 1893; x_wconf 89' lang='grc' dir='ltr'>αἱρέσεως</span> <span class='ocrx_word' id='word_1_112' title='bbox 1368 1827 1685 1899; x_wconf 78' lang='grc' dir='ltr'>καινοτέρας</span> <span class='ocrx_word' id='word_1_113' title='bbox 1714 1831 1743 1882; x_wconf 92' lang='lat'>6</span> <span class='ocrx_word' id='word_1_114' title='bbox 1776 1829 2073 1899; x_wconf 80' lang='grc' dir='ltr'>ἐφευρετὴς</span> <span class='ocrx_word' id='word_1_115' title='bbox 2105 1815 2206 1898; x_wconf 80' lang='grc' dir='ltr'>τῆς</span> <span class='ocrx_word' id='word_1_116' title='bbox 2238 1815 2467 1899; x_wconf 76' lang='grc' dir='ltr'>ἀνομίας</span> 
     </span>
    </p>
   </div>
   <div class='ocr_carea' id='block_1_17' title="bbox 880 1905 2464 1982">
    <p class='ocr_par' dir='ltr' id='par_1_17' title="bbox 880 1905 2464 1982">
     <span class='ocr_line' id='line_1_17' title="bbox 880 1905 2464 1982; baseline 0.006 -26"><span class='ocrx_word' id='word_1_117' title='bbox 880 1905 978 1958; x_wconf 78' lang='grc' dir='ltr'>καὶ</span> <span class='ocrx_word' id='word_1_118' title='bbox 998 1907 1241 1977; x_wconf 82' lang='grc' dir='ltr'>γεωργὸς</span> <span class='ocrx_word' id='word_1_119' title='bbox 1261 1908 1360 1980; x_wconf 85' lang='grc' dir='ltr'>τῆς</span> <span class='ocrx_word' id='word_1_120' title='bbox 1380 1912 1645 1981; x_wconf 75' lang='grc' dir='ltr'>κακίστης</span> <span class='ocrx_word' id='word_1_121' title='bbox 1663 1913 1955 1981; x_wconf 79' lang='grc' dir='ltr'>ἐπιθυμίας</span> <span class='ocrx_word' id='word_1_122' title='bbox 1979 1913 2119 1980; x_wconf 67' lang='grc' dir='ltr'>ὄφις,</span> <span class='ocrx_word' id='word_1_123' title='bbox 2146 1912 2464 1982; x_wconf 78' lang='grc' dir='ltr'>ἐξοίστρησε</span> 
     </span>
    </p>
   </div>
   <div class='ocr_carea' id='block_1_18' title="bbox 875 1987 2459 2064">
    <p class='ocr_par' dir='ltr' id='par_1_18' title="bbox 875 1987 2459 2064">
     <span class='ocr_line' id='line_1_18' title="bbox 875 1987 2459 2064; baseline 0.005 -25"><span class='ocrx_word' id='word_1_124' title='bbox 875 1987 1007 2050; x_wconf 75' lang='grc' dir='ltr'>τοὺς</span> <span class='ocrx_word' id='word_1_125' title='bbox 1040 1989 1393 2057; x_wconf 82' lang='grc' dir='ltr'>προεστῶτας</span> <span class='ocrx_word' id='word_1_126' title='bbox 1431 1994 1529 2061; x_wconf 85' lang='grc' dir='ltr'>τῆς</span> <span class='ocrx_word' id='word_1_127' title='bbox 1558 1993 1880 2063; x_wconf 84' lang='grc' dir='ltr'>Ἑκκλησίας</span> <span class='ocrx_word' id='word_1_128' title='bbox 1912 1997 1993 2057; x_wconf 87' lang='grc' dir='ltr'>εἰς</span> <span class='ocrx_word' id='word_1_129' title='bbox 2020 1993 2459 2064; x_wconf 86' lang='grc' dir='ltr'>ἀλληλοκτονίαν,</span> 
     </span>
    </p>
   </div>
   <div class='ocr_carea' id='block_1_19' title="bbox 877 2071 2462 2149">
    <p class='ocr_par' dir='ltr' id='par_1_19' title="bbox 877 2071 2462 2149">
     <span class='ocr_line' id='line_1_19' title="bbox 877 2071 2462 2149; baseline 0.004 -25"><span class='ocrx_word' id='word_1_130' title='bbox 877 2071 1300 2143; x_wconf 79' lang='grc' dir='ltr'>φιλοκαθεδρίας</span> <span class='ocrx_word' id='word_1_131' title='bbox 1321 2075 1415 2128; x_wconf 76' lang='grc' dir='ltr'>καί</span> <span class='ocrx_word' id='word_1_132' title='bbox 1442 2076 1921 2149; x_wconf 81' lang='grc' dir='ltr'>πρωτοκαθεδρίας</span> <span class='ocrx_word' id='word_1_133' title='bbox 1946 2079 2129 2141; x_wconf 88' lang='grc' dir='ltr'>πάθει,</span> <span class='ocrx_word' id='word_1_134' title='bbox 2149 2078 2216 2131; x_wconf 84' lang='grc' dir='ltr'>δι’</span> <span class='ocrx_word' id='word_1_135' title='bbox 2246 2071 2322 2131; x_wconf 82' lang='grc' dir='ltr'>ὧν</span> <span class='ocrx_word' id='word_1_136' title='bbox 2346 2079 2462 2147; x_wconf 89' lang='grc' dir='ltr'>εἱρ-</span> 
     </span>
    </p>
   </div>
   <div class='ocr_carea' id='block_1_20' title="bbox 874 2155 2463 2233">
    <p class='ocr_par' dir='ltr' id='par_1_20' title="bbox 874 2155 2463 2233">
     <span class='ocr_line' id='line_1_20' title="bbox 874 2155 2463 2233; baseline 0.004 -25"><span class='ocrx_word' id='word_1_137' title='bbox 874 2155 1119 2223; x_wconf 85' lang='grc' dir='ltr'>γάσαντο</span> <span class='ocrx_word' id='word_1_138' title='bbox 1142 2157 1203 2210; x_wconf 85' lang='grc' dir='ltr'>τὸ</span> <span class='ocrx_word' id='word_1_139' title='bbox 1236 2157 1461 2229; x_wconf 89' lang='grc' dir='ltr'>σχίσμα.</span> <span class='ocrx_word' id='word_1_140' title='bbox 1497 2161 1563 2215; x_wconf 87' lang='grc' dir='ltr'>Εἰ</span> <span class='ocrx_word' id='word_1_141' title='bbox 1583 2161 1693 2232; x_wconf 84' lang='grc' dir='ltr'>γάρ</span> <span class='ocrx_word' id='word_1_142' title='bbox 1722 2158 1790 2233; x_wconf 83' lang='grc' dir='ltr'>ἦν</span> <span class='ocrx_word' id='word_1_143' title='bbox 1821 2162 2139 2232; x_wconf 87' lang='grc' dir='ltr'>Πνεύματος</span> <span class='ocrx_word' id='word_1_144' title='bbox 2170 2162 2304 2216; x_wconf 88' lang='grc' dir='ltr'>Θεοῦ</span> <span class='ocrx_word' id='word_1_145' title='bbox 2325 2179 2463 2232; x_wconf 89' lang='grc' dir='ltr'>συμ-</span> 
     </span>
    </p>
   </div>
   <div class='ocr_carea' id='block_1_21' title="bbox 878 2237 2462 2315">
    <p class='ocr_par' dir='ltr' id='par_1_21' title="bbox 878 2237 2462 2315">
     <span class='ocr_line' id='line_1_21' title="bbox 878 2237 2462 2315; baseline 0.006 -26"><span class='ocrx_word' id='word_1_146' title='bbox 878 2237 1056 2305; x_wconf 84' lang='grc' dir='ltr'>φωνία</span> <span class='ocrx_word' id='word_1_147' title='bbox 1099 2240 1158 2291; x_wconf 86' lang='grc' dir='ltr'>ὲν</span> <span class='ocrx_word' id='word_1_148' title='bbox 1198 2243 1313 2303; x_wconf 84' lang='grc' dir='ltr'>τοῖς</span> <span class='ocrx_word' id='word_1_149' title='bbox 1359 2242 1714 2308; x_wconf 83' lang='grc' dir='ltr'>ἐπισκόποις,</span> <span class='ocrx_word' id='word_1_150' title='bbox 1748 2246 1845 2297; x_wconf 69' lang='grc' dir='ltr'>καὶ</span> <span class='ocrx_word' id='word_1_151' title='bbox 1873 2246 1949 2309; x_wconf 84' lang='grc' dir='ltr'>ὡς</span> <span class='ocrx_word' id='word_1_152' title='bbox 1978 2247 2150 2307; x_wconf 78' lang='grc' dir='ltr'>αἴτιος</span> <span class='ocrx_word' id='word_1_153' title='bbox 2200 2244 2462 2315; x_wconf 87' lang='grc' dir='ltr'>πλημμε-</span> 
     </span>
    </p>
   </div>
   <div class='ocr_carea' id='block_1_22' title="bbox 876 2320 2462 2399">
    <p class='ocr_par' dir='ltr' id='par_1_22' title="bbox 876 2320 2462 2399">
     <span class='ocr_line' id='line_1_22' title="bbox 876 2320 2462 2399; baseline 0.006 -26"><span class='ocrx_word' id='word_1_154' title='bbox 876 2320 1049 2383; x_wconf 82' lang='grc' dir='ltr'>λείας,</span> <span class='ocrx_word' id='word_1_155' title='bbox 1081 2321 1356 2392; x_wconf 79' lang='grc' dir='ltr'>ἣάνάξιος</span> <span class='ocrx_word' id='word_1_156' title='bbox 1393 2326 1715 2399; x_wconf 84' lang='grc' dir='ltr'>ἱερωσύνης,</span> <span class='ocrx_word' id='word_1_157' title='bbox 1746 2328 1803 2399; x_wconf 81' lang='grc' dir='ltr'>ἦ,</span> <span class='ocrx_word' id='word_1_158' title='bbox 1831 2328 1906 2393; x_wconf 81' lang='grc' dir='ltr'>ὡς</span> <span class='ocrx_word' id='word_1_159' title='bbox 1940 2331 1969 2382; x_wconf 92' lang='lat'>6</span> <span class='ocrx_word' id='word_1_160' title='bbox 2006 2329 2265 2399; x_wconf 79' lang='grc' dir='ltr'>Θεόφιλος</span> <span class='ocrx_word' id='word_1_161' title='bbox 2294 2328 2462 2397; x_wconf 86' lang='grc' dir='ltr'>λέγει,</span> 
     </span>
    </p>
   </div>
   <div class='ocr_carea' id='block_1_23' title="bbox 878 2404 2465 2482">
    <p class='ocr_par' dir='ltr' id='par_1_23' title="bbox 878 2404 2465 2482">
     <span class='ocr_line' id='line_1_23' title="bbox 878 2404 2465 2482; baseline 0.005 -27"><span class='ocrx_word' id='word_1_162' title='bbox 878 2404 1281 2476; x_wconf 81' lang='grc' dir='ltr'>ὑπερηφανίας,</span> <span class='ocrx_word' id='word_1_163' title='bbox 1320 2405 1553 2477; x_wconf 78' lang='grc' dir='ltr'>ὤφειλεν</span> <span class='ocrx_word' id='word_1_164' title='bbox 1582 2410 1865 2480; x_wconf 81' lang='grc' dir='ltr'>εἱρχθῆναι</span> <span class='ocrx_word' id='word_1_165' title='bbox 1921 2414 1949 2463; x_wconf 91' lang='lat'>6</span> <span class='ocrx_word' id='word_1_166' title='bbox 2006 2413 2291 2482; x_wconf 80' lang='grc' dir='ltr'>Ἰωάννης·</span> <span class='ocrx_word' id='word_1_167' title='bbox 2344 2412 2465 2464; x_wconf 65' lang='lat'><em>€813-</em></span> 
     </span>
    </p>
   </div>
   <div class='ocr_carea' id='block_1_24' title="bbox 876 2489 2465 2563">
    <p class='ocr_par' dir='ltr' id='par_1_24' title="bbox 876 2489 2465 2563">
     <span class='ocr_line' id='line_1_24' title="bbox 876 2489 2465 2563; baseline 0.005 -24"><span class='ocrx_word' id='word_1_168' title='bbox 876 2502 1008 2540; x_wconf 87' lang='grc' dir='ltr'>νατο</span> <span class='ocrx_word' id='word_1_169' title='bbox 1055 2489 1089 2558; x_wconf 74' lang='grc' dir='ltr'><strong>ἡ</strong></span> <span class='ocrx_word' id='word_1_170' title='bbox 1144 2490 1552 2561; x_wconf 82' lang='grc' dir='ltr'>παντοδύναμος</span> <span class='ocrx_word' id='word_1_171' title='bbox 1591 2492 1724 2545; x_wconf 85' lang='grc' dir='ltr'>Θεοῦ</span> <span class='ocrx_word' id='word_1_172' title='bbox 1768 2492 1928 2561; x_wconf 82' lang='grc' dir='ltr'>σοφία</span> <span class='ocrx_word' id='word_1_173' title='bbox 1972 2495 2253 2563; x_wconf 84' lang='grc' dir='ltr'>ὲνθέσμως</span> <span class='ocrx_word' id='word_1_174' title='bbox 2300 2496 2465 2547; x_wconf 81' lang='grc' dir='ltr'>αὐτὸν</span> 
     </span>
    </p>
   </div>
   <div class='ocr_carea' id='block_1_25' title="bbox 877 2569 2462 2648">
    <p class='ocr_par' dir='ltr' id='par_1_25' title="bbox 877 2569 2462 2648">
     <span class='ocr_line' id='line_1_25' title="bbox 877 2569 2462 2648; baseline 0.004 -24"><span class='ocrx_word' id='word_1_175' title='bbox 877 2569 1121 2625; x_wconf 83' lang='grc' dir='ltr'>κωλῦσαι</span> <span class='ocrx_word' id='word_1_176' title='bbox 1165 2574 1266 2643; x_wconf 89' lang='grc' dir='ltr'>τῆς</span> <span class='ocrx_word' id='word_1_177' title='bbox 1309 2575 1619 2644; x_wconf 83' lang='grc' dir='ltr'>ἰερατείας,</span> <span class='ocrx_word' id='word_1_178' title='bbox 1670 2576 1703 2645; x_wconf 82' lang='grc' dir='ltr'>ἦ</span> <span class='ocrx_word' id='word_1_179' title='bbox 1756 2577 2007 2646; x_wconf 87' lang='grc' dir='ltr'>ἐφευρεῖν</span> <span class='ocrx_word' id='word_1_180' title='bbox 2053 2578 2275 2648; x_wconf 86' lang='grc' dir='ltr'>τρόπον,</span> <span class='ocrx_word' id='word_1_181' title='bbox 2308 2578 2374 2630; x_wconf 80' lang='grc' dir='ltr'>δι’</span> <span class='ocrx_word' id='word_1_182' title='bbox 2402 2574 2462 2632; x_wconf 79' lang='grc' dir='ltr'>οὗ</span> 
     </span>
    </p>
   </div>
   <div class='ocr_carea' id='block_1_26' title="bbox 875 2653 2457 2729">
    <p class='ocr_par' dir='ltr' id='par_1_26' title="bbox 875 2653 2457 2729">
     <span class='ocr_line' id='line_1_26' title="bbox 875 2653 2457 2729; baseline 0.003 -22"><span class='ocrx_word' id='word_1_183' title='bbox 875 2653 1171 2726; x_wconf 77' lang='grc' dir='ltr'>ἀταράχως</span> <span class='ocrx_word' id='word_1_184' title='bbox 1198 2654 1296 2709; x_wconf 78' lang='grc' dir='ltr'>καὶ</span> <span class='ocrx_word' id='word_1_185' title='bbox 1342 2656 1610 2710; x_wconf 81' lang='grc' dir='ltr'>ἀκλαυστὶ</span> <span class='ocrx_word' id='word_1_186' title='bbox 1637 2656 1956 2724; x_wconf 80' lang='grc' dir='ltr'>ἐξεϐάλλετο</span> <span class='ocrx_word' id='word_1_187' title='bbox 1982 2653 2137 2721; x_wconf 77' lang='grc' dir='ltr'>οὗτος</span> <span class='ocrx_word' id='word_1_188' title='bbox 2156 2659 2191 2728; x_wconf 76' lang='grc' dir='ltr'>ἦ</span> <span class='ocrx_word' id='word_1_189' title='bbox 2220 2658 2457 2729; x_wconf 82' lang='grc' dir='ltr'>θανάτῳ,</span> 
     </span>
    </p>
   </div>
   <div class='ocr_carea' id='block_1_27' title="bbox 876 2737 2460 2811">
    <p class='ocr_par' dir='ltr' id='par_1_27' title="bbox 876 2737 2460 2811">
     <span class='ocr_line' id='line_1_27' title="bbox 876 2737 2460 2811; baseline 0.001 -19"><span class='ocrx_word' id='word_1_190' title='bbox 876 2737 912 2809; x_wconf 76' lang='grc' dir='ltr'><strong>ἢ</strong></span> <span class='ocrx_word' id='word_1_191' title='bbox 946 2737 1276 2810; x_wconf 81' lang='grc' dir='ltr'>παραλύσει,</span> <span class='ocrx_word' id='word_1_192' title='bbox 1312 2739 1345 2808; x_wconf 83' lang='grc' dir='ltr'>ἦ</span> <span class='ocrx_word' id='word_1_193' title='bbox 1380 2739 1612 2811; x_wconf 81' lang='grc' dir='ltr'>ἀφωνίᾳ,</span> <span class='ocrx_word' id='word_1_194' title='bbox 1639 2740 1715 2803; x_wconf 86' lang='grc' dir='ltr'>ὡς</span> <span class='ocrx_word' id='word_1_195' title='bbox 1743 2741 1964 2811; x_wconf 82' lang='grc' dir='ltr'>οἴδαμέν</span> <span class='ocrx_word' id='word_1_196' title='bbox 1995 2758 2147 2805; x_wconf 88' lang='grc' dir='ltr'>τινας</span> <span class='ocrx_word' id='word_1_197' title='bbox 2174 2742 2284 2793; x_wconf 84' lang='grc' dir='ltr'>τῶν</span> <span class='ocrx_word' id='word_1_198' title='bbox 2314 2743 2460 2794; x_wconf 85' lang='grc' dir='ltr'>ἀντι-</span> 
     </span>
    </p>
   </div>
   <div class='ocr_carea' id='block_1_28' title="bbox 876 2820 2460 2894">
    <p class='ocr_par' dir='ltr' id='par_1_28' title="bbox 876 2820 2460 2894">
     <span class='ocr_line' id='line_1_28' title="bbox 876 2820 2460 2894; baseline 0.003 -21"><span class='ocrx_word' id='word_1_199' title='bbox 876 2821 1157 2875; x_wconf 82' lang='grc' dir='ltr'>πεσόντων</span> <span class='ocrx_word' id='word_1_200' title='bbox 1210 2820 1359 2890; x_wconf 84' lang='grc' dir='ltr'>αὐτῷ</span> <span class='ocrx_word' id='word_1_201' title='bbox 1405 2822 1764 2886; x_wconf 84' lang='grc' dir='ltr'>πεπονθότας,</span> <span class='ocrx_word' id='word_1_202' title='bbox 1816 2823 1911 2877; x_wconf 92' lang='grc' dir='ltr'>καί</span> <span class='ocrx_word' id='word_1_203' title='bbox 1960 2840 2115 2886; x_wconf 89' lang='grc' dir='ltr'>τινας</span> <span class='ocrx_word' id='word_1_204' title='bbox 2166 2824 2460 2894; x_wconf 88' lang='grc' dir='ltr'>μέλλοντας</span> 
     </span>
    </p>
   </div>
   <div class='ocr_carea' id='block_1_29' title="bbox 875 2897 2459 2977">
    <p class='ocr_par' dir='ltr' id='par_1_29' title="bbox 875 2897 2459 2977">
     <span class='ocr_line' id='line_1_29' title="bbox 875 2897 2459 2977; baseline 0.001 -21"><span class='ocrx_word' id='word_1_205' title='bbox 875 2902 1125 2973; x_wconf 83' lang='grc' dir='ltr'>πάσχειν.</span> <span class='ocrx_word' id='word_1_206' title='bbox 1171 2903 1259 2970; x_wconf 78' lang='grc' dir='ltr'>Ἐξ</span> <span class='ocrx_word' id='word_1_207' title='bbox 1288 2897 1364 2957; x_wconf 84' lang='grc' dir='ltr'>ὧν</span> <span class='ocrx_word' id='word_1_208' title='bbox 1395 2903 1452 2957; x_wconf 87' lang='grc' dir='ltr'>δὲ</span> <span class='ocrx_word' id='word_1_209' title='bbox 1488 2904 1725 2957; x_wconf 89' lang='grc' dir='ltr'>τοσαῦτα</span> <span class='ocrx_word' id='word_1_210' title='bbox 1753 2905 2235 2977; x_wconf 83' lang='grc' dir='ltr'>παρηκολούθησεν</span> <span class='ocrx_word' id='word_1_211' title='bbox 2263 2906 2459 2969; x_wconf 81' lang='grc' dir='ltr'>ἀνάξια</span> 
     </span>
    </p>
   </div>
   <div class='ocr_carea' id='block_1_30' title="bbox 873 2985 2464 3059">
    <p class='ocr_par' dir='ltr' id='par_1_30' title="bbox 873 2985 2464 3059">
     <span class='ocr_line' id='line_1_30' title="bbox 873 2985 2464 3059; baseline 0.001 -20"><span class='ocrx_word' id='word_1_212' title='bbox 873 2985 967 3039; x_wconf 89' lang='grc' dir='ltr'>τοῦ</span> <span class='ocrx_word' id='word_1_213' title='bbox 996 2986 1247 3057; x_wconf 80' lang='grc' dir='ltr'>Σωτῆρος</span> <span class='ocrx_word' id='word_1_214' title='bbox 1273 2985 1433 3057; x_wconf 81' lang='grc' dir='ltr'>ἔργα,</span> <span class='ocrx_word' id='word_1_215' title='bbox 1475 2986 1571 3039; x_wconf 81' lang='grc' dir='ltr'>καὶ</span> <span class='ocrx_word' id='word_1_216' title='bbox 1598 2987 1758 3050; x_wconf 80' lang='grc' dir='ltr'>αὐτὸς</span> <span class='ocrx_word' id='word_1_217' title='bbox 1777 2989 1838 3041; x_wconf 85' lang='grc' dir='ltr'>οὐ</span> <span class='ocrx_word' id='word_1_218' title='bbox 1879 2988 2181 3059; x_wconf 83' lang='grc' dir='ltr'>καθῃρέθη,</span> <span class='ocrx_word' id='word_1_219' title='bbox 2210 2988 2326 3041; x_wconf 85' lang='grc' dir='ltr'>ἀλλ’</span> <span class='ocrx_word' id='word_1_220' title='bbox 2377 2988 2464 3053; x_wconf 81' lang='grc' dir='ltr'>ἐξ·</span> 
     </span>
    </p>
   </div>
   <div class='ocr_carea' id='block_1_31' title="bbox 873 3065 2463 3142">
    <p class='ocr_par' dir='ltr' id='par_1_31' title="bbox 873 3065 2463 3142">
     <span class='ocr_line' id='line_1_31' title="bbox 873 3065 2463 3142; baseline 0.003 -22"><span class='ocrx_word' id='word_1_221' title='bbox 873 3067 1109 3138; x_wconf 88' lang='grc' dir='ltr'>ωρίσθη,</span> <span class='ocrx_word' id='word_1_222' title='bbox 1133 3067 1357 3139; x_wconf 71' lang='grc' dir='ltr'>εὔδηλον</span> <span class='ocrx_word' id='word_1_223' title='bbox 1374 3068 1468 3122; x_wconf 87' lang='grc' dir='ltr'>τοῦ</span> <span class='ocrx_word' id='word_1_224' title='bbox 1490 3069 1736 3124; x_wconf 88' lang='grc' dir='ltr'>διαϐόλου</span> <span class='ocrx_word' id='word_1_225' title='bbox 1762 3067 1899 3125; x_wconf 74' lang='grc' dir='ltr'>εἶναι</span> <span class='ocrx_word' id='word_1_226' title='bbox 1923 3071 1985 3125; x_wconf 85' lang='grc' dir='ltr'>τὸ</span> <span class='ocrx_word' id='word_1_227' title='bbox 2000 3072 2206 3142; x_wconf 82' lang='grc' dir='ltr'>δρᾶμα,</span> <span class='ocrx_word' id='word_1_228' title='bbox 2236 3065 2299 3124; x_wconf 71' lang='grc' dir='ltr'>οὗ</span> <span class='ocrx_word' id='word_1_229' title='bbox 2331 3089 2463 3126; x_wconf 87' lang='grc' dir='ltr'>κατ-</span> 
     </span>
    </p>
   </div>
   <div class='ocr_carea' id='block_1_32' title="bbox 875 3149 2462 3224">
    <p class='ocr_par' dir='ltr' id='par_1_32' title="bbox 875 3149 2462 3224">
     <span class='ocr_line' id='line_1_32' title="bbox 875 3149 2462 3224; baseline 0.004 -22"><span class='ocrx_word' id='word_1_230' title='bbox 875 3149 1066 3204; x_wconf 80' lang='grc' dir='ltr'>ελύετο</span> <span class='ocrx_word' id='word_1_231' title='bbox 1092 3154 1159 3223; x_wconf 81' lang='grc' dir='ltr'>τῇ</span> <span class='ocrx_word' id='word_1_232' title='bbox 1199 3150 1519 3221; x_wconf 73' lang='grc' dir='ltr'>διδασκαλίᾳ</span> <span class='ocrx_word' id='word_1_233' title='bbox 1563 3155 1596 3224; x_wconf 77' lang='grc' dir='ltr'><strong>ἡ</strong></span> <span class='ocrx_word' id='word_1_234' title='bbox 1650 3152 1900 3223; x_wconf 82' lang='grc' dir='ltr'>βασιλεία</span> <span class='ocrx_word' id='word_1_235' title='bbox 1931 3166 1985 3209; x_wconf 83' lang='grc' dir='ltr'>ι.</span> <span class='ocrx_word' id='word_1_236' title='bbox 2016 3151 2151 3207; x_wconf 81' lang='grc' dir='ltr'>Οἶδα</span> <span class='ocrx_word' id='word_1_237' title='bbox 2205 3152 2317 3223; x_wconf 85' lang='grc' dir='ltr'>ἐγὼ</span> <span class='ocrx_word' id='word_1_238' title='bbox 2368 3154 2462 3208; x_wconf 79' lang='grc' dir='ltr'>τὸν</span> 
     </span>
    </p>
   </div>
   <div class='ocr_carea' id='block_1_33' title="bbox 888 3232 2464 3308">
    <p class='ocr_par' dir='ltr' id='par_1_33' title="bbox 888 3232 2464 3308">
     <span class='ocr_line' id='line_1_33' title="bbox 888 3232 2464 3308; baseline 0.002 -23"><span class='ocrx_word' id='word_1_239' title='bbox 888 3232 1143 3301; x_wconf 81' lang='grc' dir='ltr'>Ἰωάννην</span> <span class='ocrx_word' id='word_1_240' title='bbox 1174 3232 1236 3298; x_wconf 78' lang='grc' dir='ltr'>ἐξ</span> <span class='ocrx_word' id='word_1_241' title='bbox 1260 3232 1559 3288; x_wconf 84' lang='grc' dir='ltr'>καθελόντα</span> <span class='ocrx_word' id='word_1_242' title='bbox 1584 3235 1769 3301; x_wconf 83' lang='grc' dir='ltr'>ἀξίως,</span> <span class='ocrx_word' id='word_1_243' title='bbox 1786 3236 1862 3300; x_wconf 84' lang='grc' dir='ltr'>ὡς</span> <span class='ocrx_word' id='word_1_244' title='bbox 1886 3236 2104 3308; x_wconf 85' lang='grc' dir='ltr'>ὠνητὰς</span> <span class='ocrx_word' id='word_1_245' title='bbox 2137 3236 2238 3306; x_wconf 86' lang='grc' dir='ltr'>τῆς</span> <span class='ocrx_word' id='word_1_246' title='bbox 2262 3238 2464 3307; x_wconf 85' lang='grc' dir='ltr'>ίερατι-</span> 
     </span>
    </p>
   </div>
   <div class='ocr_carea' id='block_1_34' title="bbox 875 3313 2458 3392">
    <p class='ocr_par' dir='ltr' id='par_1_34' title="bbox 875 3313 2458 3392">
     <span class='ocr_line' id='line_1_34' title="bbox 875 3313 2458 3392; baseline 0.004 -24"><span class='ocrx_word' id='word_1_247' title='bbox 875 3316 978 3387; x_wconf 90' lang='grc' dir='ltr'>κῆς</span> <span class='ocrx_word' id='word_1_248' title='bbox 1001 3313 1181 3381; x_wconf 78' lang='grc' dir='ltr'>ἀξίας,</span> <span class='ocrx_word' id='word_1_249' title='bbox 1228 3318 1359 3390; x_wconf 80' lang='grc' dir='ltr'>περὶ</span> <span class='ocrx_word' id='word_1_250' title='bbox 1405 3313 1480 3373; x_wconf 84' lang='grc' dir='ltr'>ὧν</span> <span class='ocrx_word' id='word_1_251' title='bbox 1507 3321 1765 3392; x_wconf 81' lang='grc' dir='ltr'>ἀνωτέρω</span> <span class='ocrx_word' id='word_1_252' title='bbox 1786 3317 1961 3375; x_wconf 84' lang='grc' dir='ltr'>εἷπον.</span> <span class='ocrx_word' id='word_1_253' title='bbox 1999 3322 2097 3385; x_wconf 88' lang='grc' dir='ltr'>Τίς</span> <span class='ocrx_word' id='word_1_254' title='bbox 2126 3321 2458 3392; x_wconf 85' lang='grc' dir='ltr'>ἐδάκρυσεν;</span> 
     </span>
    </p>
   </div>
   <div class='ocr_carea' id='block_1_35' title="bbox 874 3397 2458 3475">
    <p class='ocr_par' dir='ltr' id='par_1_35' title="bbox 874 3397 2458 3475">
     <span class='ocr_line' id='line_1_35' title="bbox 874 3397 2458 3475; baseline 0.006 -23"><span class='ocrx_word' id='word_1_255' title='bbox 874 3397 1024 3463; x_wconf 89' lang='grc' dir='ltr'>τίνος</span> <span class='ocrx_word' id='word_1_256' title='bbox 1050 3400 1109 3454; x_wconf 89' lang='grc' dir='ltr'>δέ</span> <span class='ocrx_word' id='word_1_257' title='bbox 1143 3403 1289 3472; x_wconf 82' lang='grc' dir='ltr'>ῥῖνες</span> <span class='ocrx_word' id='word_1_258' title='bbox 1312 3400 1543 3467; x_wconf 78' lang='grc' dir='ltr'>ἐσταξαν</span> <span class='ocrx_word' id='word_1_259' title='bbox 1578 3398 1752 3474; x_wconf 74' lang='grc' dir='ltr'>αἷμας</span> <span class='ocrx_word' id='word_1_260' title='bbox 1783 3404 1913 3458; x_wconf 87' lang='grc' dir='ltr'>ποία</span> <span class='ocrx_word' id='word_1_261' title='bbox 1948 3404 2161 3475; x_wconf 89' lang='grc' dir='ltr'>ἀράχνη</span> <span class='ocrx_word' id='word_1_262' title='bbox 2191 3403 2458 3474; x_wconf 80' lang='grc' dir='ltr'>ἐσχίσθη;</span> 
     </span>
    </p>
   </div>
   <div class='ocr_carea' id='block_1_36' title="bbox 877 3482 2461 3556">
    <p class='ocr_par' dir='ltr' id='par_1_36' title="bbox 877 3482 2461 3556">
     <span class='ocr_line' id='line_1_36' title="bbox 877 3482 2461 3556; baseline 0.004 -22"><span class='ocrx_word' id='word_1_263' title='bbox 877 3486 962 3546; x_wconf 87' lang='grc' dir='ltr'>τίς</span> <span class='ocrx_word' id='word_1_264' title='bbox 982 3482 1039 3535; x_wconf 81' lang='grc' dir='ltr'>δὲ</span> <span class='ocrx_word' id='word_1_265' title='bbox 1067 3482 1167 3554; x_wconf 86' lang='grc' dir='ltr'>τῆς</span> <span class='ocrx_word' id='word_1_266' title='bbox 1187 3484 1366 3547; x_wconf 90' lang='grc' dir='ltr'>οἰκίας</span> <span class='ocrx_word' id='word_1_267' title='bbox 1393 3485 1559 3538; x_wconf 81' lang='grc' dir='ltr'>αὐτοῦ</span> <span class='ocrx_word' id='word_1_268' title='bbox 1589 3484 1845 3556; x_wconf 76' lang='grc' dir='ltr'>ἐξῆλθενς</span> <span class='ocrx_word' id='word_1_269' title='bbox 1889 3486 1974 3550; x_wconf 90' lang='grc' dir='ltr'>τίς</span> <span class='ocrx_word' id='word_1_270' title='bbox 2002 3486 2059 3540; x_wconf 76' lang='grc' dir='ltr'>δὲ</span> <span class='ocrx_word' id='word_1_271' title='bbox 2106 3486 2293 3539; x_wconf 75' lang='grc' dir='ltr'>ὀϐολὸν</span> <span class='ocrx_word' id='word_1_272' title='bbox 2331 3484 2461 3556; x_wconf 77' lang='grc' dir='ltr'>ἐζη-</span> 
     </span>
    </p>
   </div>
   <div class='ocr_carea' id='block_1_37' title="bbox 880 3565 2459 3644">
    <p class='ocr_par' dir='ltr' id='par_1_37' title="bbox 880 3565 2459 3644">
     <span class='ocr_line' id='line_1_37' title="bbox 880 3565 2459 3644; baseline 0.002 -25"><span class='ocrx_word' id='word_1_273' title='bbox 880 3565 1096 3638; x_wconf 84' lang='grc' dir='ltr'>μιώθη;</span> <span class='ocrx_word' id='word_1_274' title='bbox 1135 3571 1283 3631; x_wconf 87' lang='grc' dir='ltr'>ποῖος</span> <span class='ocrx_word' id='word_1_275' title='bbox 1312 3568 1368 3622; x_wconf 83' lang='grc' dir='ltr'>δὲ</span> <span class='ocrx_word' id='word_1_276' title='bbox 1400 3570 1499 3640; x_wconf 83' lang='grc' dir='ltr'>τῆς</span> <span class='ocrx_word' id='word_1_277' title='bbox 1536 3571 1722 3634; x_wconf 81' lang='grc' dir='ltr'>Ἀσίας</span> <span class='ocrx_word' id='word_1_278' title='bbox 1748 3571 2072 3644; x_wconf 78' lang='grc' dir='ltr'>ἀγύρτης,ῆ</span> <span class='ocrx_word' id='word_1_279' title='bbox 2108 3570 2459 3641; x_wconf 73' lang='grc' dir='ltr'>δημιουργὸς,</span> 
     </span>
    </p>
   </div>
   <div class='ocr_carea' id='block_1_38' title="bbox 875 3649 2461 3725">
    <p class='ocr_par' dir='ltr' id='par_1_38' title="bbox 875 3649 2461 3725">
     <span class='ocr_line' id='line_1_38' title="bbox 875 3649 2461 3725; baseline 0.003 -23"><span class='ocrx_word' id='word_1_280' title='bbox 875 3649 909 3718; x_wconf 74' lang='grc' dir='ltr'>ἢ</span> <span class='ocrx_word' id='word_1_281' title='bbox 950 3649 1211 3720; x_wconf 84' lang='grc' dir='ltr'>γηπόνος,</span> <span class='ocrx_word' id='word_1_282' title='bbox 1242 3650 1275 3721; x_wconf 81' lang='grc' dir='ltr'>ἤ</span> <span class='ocrx_word' id='word_1_283' title='bbox 1306 3652 1661 3724; x_wconf 81' lang='grc' dir='ltr'>σκυτοτόμος,</span> <span class='ocrx_word' id='word_1_284' title='bbox 1711 3654 1743 3724; x_wconf 82' lang='grc' dir='ltr'>ἢ</span> <span class='ocrx_word' id='word_1_285' title='bbox 1779 3653 2023 3725; x_wconf 85' lang='grc' dir='ltr'>δημότης</span> <span class='ocrx_word' id='word_1_286' title='bbox 2065 3653 2167 3707; x_wconf 82' lang='grc' dir='ltr'>οὐκ</span> <span class='ocrx_word' id='word_1_287' title='bbox 2201 3653 2461 3723; x_wconf 81' lang='grc' dir='ltr'>ἠσμένισε</span> 
     </span>
    </p>
   </div>
   <div class='ocr_carea' id='block_1_39' title="bbox 873 3732 2464 3809">
    <p class='ocr_par' dir='ltr' id='par_1_39' title="bbox 873 3732 2464 3809">
     <span class='ocr_line' id='line_1_39' title="bbox 873 3732 2464 3809; baseline 0.003 -25"><span class='ocrx_word' id='word_1_288' title='bbox 873 3732 936 3785; x_wconf 84' lang='grc' dir='ltr'>τὸ</span> <span class='ocrx_word' id='word_1_289' title='bbox 966 3733 1333 3803; x_wconf 84' lang='grc' dir='ltr'>γεγενημένον</span> <span class='ocrx_word' id='word_1_290' title='bbox 1360 3735 1455 3788; x_wconf 76' lang='grc' dir='ltr'>ἐπὶ</span> <span class='ocrx_word' id='word_1_291' title='bbox 1491 3735 1704 3807; x_wconf 76' lang='grc' dir='ltr'>ἐκδικίᾳ</span> <span class='ocrx_word' id='word_1_292' title='bbox 1729 3735 1838 3790; x_wconf 90' lang='grc' dir='ltr'>τῶν</span> <span class='ocrx_word' id='word_1_293' title='bbox 1872 3736 2033 3809; x_wconf 90' lang='grc' dir='ltr'>ἰερῶν</span> <span class='ocrx_word' id='word_1_294' title='bbox 2058 3737 2273 3807; x_wconf 89' lang='grc' dir='ltr'>νόμων;</span> <span class='ocrx_word' id='word_1_295' title='bbox 2303 3738 2464 3789; x_wconf 83' lang='grc' dir='ltr'>ἐπευ-</span> 
     </span>
    </p>
   </div>
   <div class='ocr_carea' id='block_1_40' title="bbox 875 3816 2465 3889">
    <p class='ocr_par' dir='ltr' id='par_1_40' title="bbox 875 3816 2465 3889">
     <span class='ocr_line' id='line_1_40' title="bbox 875 3816 2465 3889; baseline -0.016 -4"><span class='ocrx_word' id='word_1_296' title='bbox 875 3816 1074 3887; x_wconf 81' lang='grc' dir='ltr'>φημῶν</span> <span class='ocrx_word' id='word_1_297' title='bbox 1089 3832 1103 3847; x_wconf 85' lang='grc'><strong><em>⁸</em></strong></span> <span class='ocrx_word' id='word_1_298' title='bbox 1152 3818 1246 3883; x_wconf 80' lang='grc' dir='ltr'>Ὠς</span> <span class='ocrx_word' id='word_1_299' title='bbox 1265 3818 1638 3888; x_wconf 74' lang='grc' dir='ltr'>ἐμεταλύνθη</span> <span class='ocrx_word' id='word_1_300' title='bbox 1659 3822 1731 3873; x_wconf 86' lang='grc' dir='ltr'>τὰ</span> <span class='ocrx_word' id='word_1_301' title='bbox 1749 3820 1895 3889; x_wconf 78' lang='grc' dir='ltr'>ἔργα</span> <span class='ocrx_word' id='word_1_302' title='bbox 1913 3835 2053 3883; x_wconf 90' lang='grc' dir='ltr'>σου,</span> <span class='ocrx_word' id='word_1_303' title='bbox 2084 3821 2262 3888; x_wconf 85' lang='grc' dir='ltr'>Κύριε</span> <span class='ocrx_word' id='word_1_304' title='bbox 2278 3835 2297 3881; x_wconf 86' lang='lat'>.&#39;</span> <span class='ocrx_word' id='word_1_305' title='bbox 2314 3818 2465 3874; x_wconf 79' lang='grc' dir='ltr'>πάν-</span> 
     </span>
    </p>
   </div>
   <div class='ocr_carea' id='block_1_41' title="bbox 875 3899 2461 3974">
    <p class='ocr_par' dir='ltr' id='par_1_41' title="bbox 875 3899 2461 3974">
     <span class='ocr_line' id='line_1_41' title="bbox 875 3899 2461 3974; baseline 0.001 -22"><span class='ocrx_word' id='word_1_306' title='bbox 875 3916 949 3951; x_wconf 84' lang='grc' dir='ltr'>τα</span> <span class='ocrx_word' id='word_1_307' title='bbox 968 3899 1040 3953; x_wconf 76' lang='grc' dir='ltr'>ἐν</span> <span class='ocrx_word' id='word_1_308' title='bbox 1061 3901 1252 3969; x_wconf 71' lang='grc' dir='ltr'>σοφίᾳ</span> <span class='ocrx_word' id='word_1_309' title='bbox 1281 3901 1597 3970; x_wconf 82' lang='grc' dir='ltr'>ἐποίησας.</span> <span class='ocrx_word' id='word_1_310' title='bbox 1632 3902 1806 3957; x_wconf 88' lang='grc' dir='ltr'>Ὅπου</span> <span class='ocrx_word' id='word_1_311' title='bbox 1831 3902 1944 3974; x_wconf 90' lang='grc' dir='ltr'>γάρ</span> <span class='ocrx_word' id='word_1_312' title='bbox 1983 3902 2116 3967; x_wconf 85' lang='grc' dir='ltr'>Θεὸς</span> <span class='ocrx_word' id='word_1_313' title='bbox 2143 3903 2461 3974; x_wconf 79' lang='grc' dir='ltr'>ἐργάζεται.</span> 
     </span>
    </p>
   </div>
   <div class='ocr_carea' id='block_1_42' title="bbox 876 3982 2460 4058">
    <p class='ocr_par' dir='ltr' id='par_1_42' title="bbox 876 3982 2460 4058">
     <span class='ocr_line' id='line_1_42' title="bbox 876 3982 2460 4058; baseline 0.003 -22"><span class='ocrx_word' id='word_1_314' title='bbox 876 3982 1059 4037; x_wconf 88' lang='grc' dir='ltr'>πάντα</span> <span class='ocrx_word' id='word_1_315' title='bbox 1080 3984 1290 4052; x_wconf 89' lang='grc' dir='ltr'>γίνεται</span> <span class='ocrx_word' id='word_1_316' title='bbox 1317 3985 1377 4037; x_wconf 89' lang='grc' dir='ltr'>ἐν</span> <span class='ocrx_word' id='word_1_317' title='bbox 1404 3986 1567 4056; x_wconf 80' lang='grc' dir='ltr'>σοφίᾳ</span> <span class='ocrx_word' id='word_1_318' title='bbox 1586 4003 1600 4016; x_wconf 93' lang='grc'>·</span> <span class='ocrx_word' id='word_1_319' title='bbox 1624 3987 1759 4040; x_wconf 86' lang='grc' dir='ltr'>ὅπου</span> <span class='ocrx_word' id='word_1_320' title='bbox 1776 3987 1833 4040; x_wconf 86' lang='grc' dir='ltr'>δὲ</span> <span class='ocrx_word' id='word_1_321' title='bbox 1859 3989 1889 4040; x_wconf 94' lang='lat'>6</span> <span class='ocrx_word' id='word_1_322' title='bbox 1913 3986 2207 4058; x_wconf 88' lang='grc' dir='ltr'>μισόκαλος</span> <span class='ocrx_word' id='word_1_323' title='bbox 2229 3987 2460 4056; x_wconf 82' lang='grc' dir='ltr'>δαίμων,</span> 
     </span>
    </p>
   </div>
   <div class='ocr_carea' id='block_1_43' title="bbox 877 4067 2468 4143">
    <p class='ocr_par' dir='ltr' id='par_1_43' title="bbox 877 4067 2468 4143">
     <span class='ocr_line' id='line_1_43' title="bbox 877 4067 2468 4143; baseline 0.001 -22"><span class='ocrx_word' id='word_1_324' title='bbox 877 4067 1081 4139; x_wconf 75' lang='grc' dir='ltr'>ὁμοίιος</span> <span class='ocrx_word' id='word_1_325' title='bbox 1113 4069 1416 4124; x_wconf 61' lang='grc' dir='ltr'>ᾶπαντα-μὲν</span> <span class='ocrx_word' id='word_1_326' title='bbox 1443 4071 1666 4143; x_wconf 86' lang='grc' dir='ltr'>ἀσοφίᾳ.</span> <span class='ocrx_word' id='word_1_327' title='bbox 1702 4070 2111 4142; x_wconf 87' lang='grc' dir='ltr'>Παρακολουθεί</span> <span class='ocrx_word' id='word_1_328' title='bbox 2143 4070 2201 4125; x_wconf 80' lang='grc' dir='ltr'>δὲ</span> <span class='ocrx_word' id='word_1_329' title='bbox 2235 4073 2301 4141; x_wconf 81' lang='grc' dir='ltr'>τῇ</span> <span class='ocrx_word' id='word_1_330' title='bbox 2338 4071 2468 4123; x_wconf 69' lang='lat'><em>600-</em></span> 
     </span>
    </p>
   </div>
   <div class='ocr_carea' id='block_1_44' title="bbox 877 4152 2462 4226">
    <p class='ocr_par' dir='ltr' id='par_1_44' title="bbox 877 4152 2462 4226">
     <span class='ocr_line' id='line_1_44' title="bbox 877 4152 2462 4226; baseline 0.003 -22"><span class='ocrx_word' id='word_1_331' title='bbox 877 4152 976 4224; x_wconf 85' lang='grc' dir='ltr'>φίᾳ</span> <span class='ocrx_word' id='word_1_332' title='bbox 1005 4152 1270 4206; x_wconf 90' lang='grc' dir='ltr'>ἀλλόκοτα</span> <span class='ocrx_word' id='word_1_333' title='bbox 1292 4154 1616 4225; x_wconf 85' lang='grc' dir='ltr'>πράγματα,</span> <span class='ocrx_word' id='word_1_334' title='bbox 1641 4155 1847 4225; x_wconf 77' lang='grc' dir='ltr'>φθόνοι,</span> <span class='ocrx_word' id='word_1_335' title='bbox 1876 4155 2049 4224; x_wconf 89' lang='grc' dir='ltr'>φόνοι,</span> <span class='ocrx_word' id='word_1_336' title='bbox 2071 4154 2189 4226; x_wconf 80' lang='grc' dir='ltr'>ἔρις</span> <span class='ocrx_word' id='word_1_337' title='bbox 2209 4155 2259 4220; x_wconf 71' lang='grc' dir='ltr'>δ,</span> <span class='ocrx_word' id='word_1_338' title='bbox 2279 4153 2462 4225; x_wconf 80' lang='grc' dir='ltr'>ζῆλος,</span> 
     </span>
    </p>
   </div>
   <div class='ocr_carea' id='block_1_45' title="bbox 877 4234 2469 4307">
    <p class='ocr_par' dir='ltr' id='par_1_45' title="bbox 877 4234 2469 4307">
     <span class='ocr_line' id='line_1_45' title="bbox 877 4234 2469 4307; baseline 0 -18"><span class='ocrx_word' id='word_1_339' title='bbox 877 4235 1061 4305; x_wconf 76' lang='grc' dir='ltr'>θυμοὶ,</span> <span class='ocrx_word' id='word_1_340' title='bbox 1101 4234 1323 4305; x_wconf 77' lang='grc' dir='ltr'>ἐριθίαι,</span> <span class='ocrx_word' id='word_1_341' title='bbox 1353 4236 1710 4307; x_wconf 79' lang='grc' dir='ltr'>διχοστασίαι,</span> <span class='ocrx_word' id='word_1_342' title='bbox 1748 4238 1975 4303; x_wconf 86' lang='grc' dir='ltr'>κτύπος,</span> <span class='ocrx_word' id='word_1_343' title='bbox 2008 4236 2263 4307; x_wconf 84' lang='grc' dir='ltr'>κλωσμὸς</span> <span class='ocrx_word' id='word_1_344' title='bbox 2303 4238 2469 4291; x_wconf 88' lang='grc' dir='ltr'>ἀπαι-</span> 
     </span>
    </p>
   </div>
   <div class='ocr_carea' id='block_1_46' title="bbox 876 4318 2463 4393">
    <p class='ocr_par' dir='ltr' id='par_1_46' title="bbox 876 4318 2463 4393">
     <span class='ocr_line' id='line_1_46' title="bbox 876 4318 2463 4393; baseline 0.002 -21"><span class='ocrx_word' id='word_1_345' title='bbox 876 4318 1101 4382; x_wconf 89' lang='grc' dir='ltr'>δεύτων,</span> <span class='ocrx_word' id='word_1_346' title='bbox 1139 4318 1399 4385; x_wconf 78' lang='grc' dir='ltr'>ἐξουσιῶν</span> <span class='ocrx_word' id='word_1_347' title='bbox 1431 4320 1613 4385; x_wconf 77' lang='grc' dir='ltr'>ζέσις,</span> <span class='ocrx_word' id='word_1_348' title='bbox 1672 4320 1843 4391; x_wconf 85' lang='grc' dir='ltr'>ῐκρια,</span> <span class='ocrx_word' id='word_1_349' title='bbox 1895 4322 2105 4393; x_wconf 82' lang='grc' dir='ltr'>ξεσμοὶ,</span> <span class='ocrx_word' id='word_1_350' title='bbox 2160 4321 2463 4392; x_wconf 82' lang='grc' dir='ltr'>λαμπάδες,</span> 
     </span>
    </p>
   </div>
   <div class='ocr_carea' id='block_1_47' title="bbox 877 4402 2467 4476">
    <p class='ocr_par' dir='ltr' id='par_1_47' title="bbox 877 4402 2467 4476">
     <span class='ocr_line' id='line_1_47' title="bbox 877 4402 2467 4476; baseline 0 -19"><span class='ocrx_word' id='word_1_351' title='bbox 877 4404 1096 4474; x_wconf 80' lang='grc' dir='ltr'>κρουνοὶ</span> <span class='ocrx_word' id='word_1_352' title='bbox 1117 4402 1388 4472; x_wconf 88' lang='grc' dir='ltr'>αἱμάτων,</span> <span class='ocrx_word' id='word_1_353' title='bbox 1414 4403 1675 4476; x_wconf 86' lang='grc' dir='ltr'>ἀφόρητοι</span> <span class='ocrx_word' id='word_1_354' title='bbox 1700 4404 1917 4476; x_wconf 76' lang='grc' dir='ltr'>ζημίαι,</span> <span class='ocrx_word' id='word_1_355' title='bbox 1938 4404 2254 4475; x_wconf 85' lang='grc' dir='ltr'>δημεύσεις,</span> <span class='ocrx_word' id='word_1_356' title='bbox 2284 4403 2467 4466; x_wconf 82' lang='grc' dir='ltr'>λύσεις</span> 
     </span>
    </p>
   </div>
   <div class='ocr_carea' id='block_1_48' title="bbox 879 4486 2465 4562">
    <p class='ocr_par' dir='ltr' id='par_1_48' title="bbox 879 4486 2465 4562">
     <span class='ocr_line' id='line_1_48' title="bbox 879 4486 2465 4562; baseline 0 -22"><span class='ocrx_word' id='word_1_357' title='bbox 879 4486 1099 4558; x_wconf 84' lang='grc' dir='ltr'>θεσμῶν</span> <span class='ocrx_word' id='word_1_358' title='bbox 1130 4486 1315 4553; x_wconf 82' lang='grc' dir='ltr'>θείων,</span> <span class='ocrx_word' id='word_1_359' title='bbox 1346 4490 1782 4562; x_wconf 82' lang='grc' dir='ltr'>καταφρονήσεις</span> <span class='ocrx_word' id='word_1_360' title='bbox 1800 4489 2002 4558; x_wconf 90' lang='grc' dir='ltr'>νόμων,</span> <span class='ocrx_word' id='word_1_361' title='bbox 2041 4488 2330 4560; x_wconf 83' lang='grc' dir='ltr'>ἀθετήσεις</span> <span class='ocrx_word' id='word_1_362' title='bbox 2360 4505 2465 4541; x_wconf 86' lang='grc' dir='ltr'>σω-</span> 
     </span>
    </p>
   </div>
   <div class='ocr_carea' id='block_1_49' title="bbox 880 4571 2462 4647">
    <p class='ocr_par' dir='ltr' id='par_1_49' title="bbox 880 4571 2462 4647">
     <span class='ocr_line' id='line_1_49' title="bbox 880 4571 2462 4647; baseline 0.002 -23"><span class='ocrx_word' id='word_1_363' title='bbox 880 4571 1179 4643; x_wconf 87' lang='grc' dir='ltr'>φροσύνης,</span> <span class='ocrx_word' id='word_1_364' title='bbox 1206 4573 1528 4643; x_wconf 73' lang='grc' dir='ltr'>οἰκουμένης</span> <span class='ocrx_word' id='word_1_365' title='bbox 1554 4575 1779 4645; x_wconf 88' lang='grc' dir='ltr'>σχίσμα,</span> <span class='ocrx_word' id='word_1_366' title='bbox 1813 4574 2209 4647; x_wconf 75' lang='grc' dir='ltr'>παραφυλακαὶ</span> <span class='ocrx_word' id='word_1_367' title='bbox 2241 4574 2347 4644; x_wconf 87' lang='grc' dir='ltr'>γῆς</span> <span class='ocrx_word' id='word_1_368' title='bbox 2367 4576 2462 4628; x_wconf 75' lang='grc' dir='ltr'>καὶ</span> 
     </span>
    </p>
   </div>
   <div class='ocr_carea' id='block_1_50' title="bbox 881 4656 2461 4729">
    <p class='ocr_par' dir='ltr' id='par_1_50' title="bbox 881 4656 2461 4729">
     <span class='ocr_line' id='line_1_50' title="bbox 881 4656 2461 4729; baseline 0.001 -20"><span class='ocrx_word' id='word_1_369' title='bbox 881 4656 1179 4727; x_wconf 83' lang='grc' dir='ltr'>θαλάσσης,</span> <span class='ocrx_word' id='word_1_370' title='bbox 1212 4657 1501 4722; x_wconf 62' lang='grc' dir='ltr'>ναυτικαί,</span> <span class='ocrx_word' id='word_1_371' title='bbox 1546 4658 1789 4721; x_wconf 68' lang='grc' dir='ltr'>ἱππικαὶ,</span> <span class='ocrx_word' id='word_1_372' title='bbox 1834 4658 2055 4723; x_wconf 79' lang='grc' dir='ltr'>πεζικαὶ</span> <span class='ocrx_word' id='word_1_373' title='bbox 2098 4661 2338 4729; x_wconf 85' lang='grc' dir='ltr'>μηχαναὶ</span> <span class='ocrx_word' id='word_1_374' title='bbox 2381 4663 2461 4724; x_wconf 89' lang='grc' dir='ltr'>εἰς</span> 
     </span>
    </p>
   </div>
   <div class='ocr_carea' id='block_1_51' title="bbox 880 4738 2463 4811">
    <p class='ocr_par' dir='ltr' id='par_1_51' title="bbox 880 4738 2463 4811">
     <span class='ocr_line' id='line_1_51' title="bbox 880 4738 2463 4811; baseline 0.001 -21"><span class='ocrx_word' id='word_1_375' title='bbox 880 4738 1216 4809; x_wconf 81' lang='grc' dir='ltr'>ἑμποδισμδν</span> <span class='ocrx_word' id='word_1_376' title='bbox 1242 4738 1353 4792; x_wconf 90' lang='grc' dir='ltr'>τῶν</span> <span class='ocrx_word' id='word_1_377' title='bbox 1378 4738 1469 4792; x_wconf 84' lang='grc' dir='ltr'>διά</span> <span class='ocrx_word' id='word_1_378' title='bbox 1497 4738 1595 4811; x_wconf 76' lang='grc' dir='ltr'>τὴν</span> <span class='ocrx_word' id='word_1_379' title='bbox 1617 4740 1873 4810; x_wconf 82' lang='grc' dir='ltr'>ἀλήθειαν</span> <span class='ocrx_word' id='word_1_380' title='bbox 1905 4741 2302 4811; x_wconf 84' lang='grc' dir='ltr'>ἐκδημούντων.</span> <span class='ocrx_word' id='word_1_381' title='bbox 2337 4740 2463 4802; x_wconf 87' lang='grc' dir='ltr'>Πῶς</span> 
     </span>
    </p>
   </div>
   <div class='ocr_carea' id='block_1_52' title="bbox 881 4821 2469 4895">
    <p class='ocr_par' dir='ltr' id='par_1_52' title="bbox 881 4821 2469 4895">
     <span class='ocr_line' id='line_1_52' title="bbox 881 4821 2469 4895; baseline 0.001 -21"><span class='ocrx_word' id='word_1_382' title='bbox 881 4822 1057 4877; x_wconf 86' lang='grc' dir='ltr'>τοίνυν</span> <span class='ocrx_word' id='word_1_383' title='bbox 1081 4821 1322 4893; x_wconf 89' lang='grc' dir='ltr'>τολμῶσι</span> <span class='ocrx_word' id='word_1_384' title='bbox 1356 4822 1537 4893; x_wconf 87' lang='grc' dir='ltr'>λέγειν</span> <span class='ocrx_word' id='word_1_385' title='bbox 1562 4839 1575 4851; x_wconf 92' lang='grc'>·</span> <span class='ocrx_word' id='word_1_386' title='bbox 1609 4823 1746 4879; x_wconf 82' lang='grc' dir='ltr'>Θεοῦ</span> <span class='ocrx_word' id='word_1_387' title='bbox 1768 4824 2054 4895; x_wconf 86' lang='grc' dir='ltr'>οἰκονομίᾳ</span> <span class='ocrx_word' id='word_1_388' title='bbox 2086 4823 2413 4895; x_wconf 83' lang='grc' dir='ltr'>ἐκϐέϐληται</span> <span class='ocrx_word' id='word_1_389' title='bbox 2438 4826 2469 4876; x_wconf 94' lang='lat'>6</span> 
     </span>
    </p>
   </div>
   <div class='ocr_carea' id='block_1_53' title="bbox 894 4904 2462 4979">
    <p class='ocr_par' dir='ltr' id='par_1_53' title="bbox 894 4904 2462 4979">
     <span class='ocr_line' id='line_1_53' title="bbox 894 4904 2462 4979; baseline 0.002 -21"><span class='ocrx_word' id='word_1_390' title='bbox 894 4904 1175 4977; x_wconf 85' lang='grc' dir='ltr'>Ἰωάννης;</span> <span class='ocrx_word' id='word_1_391' title='bbox 1229 4908 1559 4962; x_wconf 84' lang='grc' dir='ltr'>Εἰπάτωσαν</span> <span class='ocrx_word' id='word_1_392' title='bbox 1589 4908 1648 4962; x_wconf 91' lang='grc' dir='ltr'>δέ</span> <span class='ocrx_word' id='word_1_393' title='bbox 1680 4926 1771 4979; x_wconf 88' lang='grc' dir='ltr'>μοι</span> <span class='ocrx_word' id='word_1_394' title='bbox 1822 4909 1872 4963; x_wconf 84' lang='grc' dir='ltr'>οἱ</span> <span class='ocrx_word' id='word_1_395' title='bbox 1902 4906 2230 4979; x_wconf 81' lang='grc' dir='ltr'>ἐξηχοῦντες</span> <span class='ocrx_word' id='word_1_396' title='bbox 2266 4907 2462 4961; x_wconf 84' lang='grc' dir='ltr'>ταῦτα·</span> 
     </span>
    </p>
   </div>
   <div class='ocr_carea' id='block_1_54' title="bbox 879 4988 2463 5063">
    <p class='ocr_par' dir='ltr' id='par_1_54' title="bbox 879 4988 2463 5063">
     <span class='ocr_line' id='line_1_54' title="bbox 879 4988 2463 5063; baseline -0.001 -19"><span class='ocrx_word' id='word_1_397' title='bbox 879 4989 1148 5063; x_wconf 80' lang='grc' dir='ltr'>Ὴπόρειή</span> <span class='ocrx_word' id='word_1_398' title='bbox 1165 4988 1568 5060; x_wconf 77' lang='grc' dir='ltr'>παντοδύναμος</span> <span class='ocrx_word' id='word_1_399' title='bbox 1590 4991 1684 5046; x_wconf 83' lang='grc' dir='ltr'>τοῦ</span> <span class='ocrx_word' id='word_1_400' title='bbox 1713 4990 1851 5045; x_wconf 88' lang='grc' dir='ltr'>Θεοῦ</span> <span class='ocrx_word' id='word_1_401' title='bbox 1880 4991 2064 5061; x_wconf 89' lang='grc' dir='ltr'>σοφία,</span> <span class='ocrx_word' id='word_1_402' title='bbox 2089 4991 2168 5054; x_wconf 84' lang='grc' dir='ltr'>ὡς</span> <span class='ocrx_word' id='word_1_403' title='bbox 2194 4991 2463 5063; x_wconf 86' lang='grc' dir='ltr'>προέφην,</span> 
     </span>
    </p>
   </div>
   <div class='ocr_carea' id='block_1_55' title="bbox 882 5073 2462 5148">
    <p class='ocr_par' dir='ltr' id='par_1_55' title="bbox 882 5073 2462 5148">
     <span class='ocr_line' id='line_1_55' title="bbox 882 5073 2462 5148; baseline 0.001 -21"><span class='ocrx_word' id='word_1_404' title='bbox 882 5075 1101 5145; x_wconf 81' lang='grc' dir='ltr'>ἀοράτῳ</span> <span class='ocrx_word' id='word_1_405' title='bbox 1129 5074 1361 5147; x_wconf 89' lang='grc' dir='ltr'>δυνάμει</span> <span class='ocrx_word' id='word_1_406' title='bbox 1392 5073 1599 5129; x_wconf 79' lang='grc' dir='ltr'>παῦσαι</span> <span class='ocrx_word' id='word_1_407' title='bbox 1630 5076 1722 5130; x_wconf 75' lang='grc' dir='ltr'>τὸν</span> <span class='ocrx_word' id='word_1_408' title='bbox 1756 5077 2009 5148; x_wconf 85' lang='grc' dir='ltr'>Ἰωάννην</span> <span class='ocrx_word' id='word_1_409' title='bbox 2048 5076 2269 5145; x_wconf 81' lang='grc' dir='ltr'>ἀνάξιον</span> <span class='ocrx_word' id='word_1_410' title='bbox 2299 5076 2462 5141; x_wconf 77' lang='grc' dir='ltr'>ὄντας</span> 
     </span>
    </p>
   </div>
   <div class='ocr_carea' id='block_1_56' title="bbox 881 5156 2462 5234">
    <p class='ocr_par' dir='ltr' id='par_1_56' title="bbox 881 5156 2462 5234">
     <span class='ocr_line' id='line_1_56' title="bbox 881 5156 2462 5234; baseline 0.003 -23"><span class='ocrx_word' id='word_1_411' title='bbox 881 5156 916 5228; x_wconf 80' lang='grc' dir='ltr'>ἢ</span> <span class='ocrx_word' id='word_1_412' title='bbox 944 5159 1129 5212; x_wconf 84' lang='grc' dir='ltr'>πεῖσαι</span> <span class='ocrx_word' id='word_1_413' title='bbox 1177 5160 1305 5224; x_wconf 82' lang='grc' dir='ltr'>τοὺς</span> <span class='ocrx_word' id='word_1_414' title='bbox 1356 5157 1840 5234; x_wconf 78' lang='grc' dir='ltr'>ἀμφισϐητοῦντας</span> <span class='ocrx_word' id='word_1_415' title='bbox 1884 5160 2048 5217; x_wconf 80' lang='grc' dir='ltr'>αὑτοῦ</span> <span class='ocrx_word' id='word_1_416' title='bbox 2087 5161 2211 5233; x_wconf 88' lang='grc' dir='ltr'>δίχα</span> <span class='ocrx_word' id='word_1_417' title='bbox 2261 5161 2462 5234; x_wconf 86' lang='grc' dir='ltr'>πολλῆς</span> 
     </span>
    </p>
   </div>
   <div class='ocr_carea' id='block_1_57' title="bbox 943 5291 1614 5358">
    <p class='ocr_par' dir='ltr' id='par_1_57' title="bbox 943 5291 1614 5358">
     <span class='ocr_line' id='line_1_57' title="bbox 943 5291 1614 5358; baseline 0.007 -16"><span class='ocrx_word' id='word_1_418' title='bbox 943 5292 973 5358; x_wconf 56' lang='grc' dir='ltr'><strong>ξ</strong></span> <span class='ocrx_word' id='word_1_419' title='bbox 994 5291 1143 5358; x_wconf 61' lang='grc' dir='ltr'>ᾼάόίι</span> <span class='ocrx_word' id='word_1_420' title='bbox 1164 5292 1345 5358; x_wconf 77' lang='lat' dir='ltr'>Georg.</span> <span class='ocrx_word' id='word_1_421' title='bbox 1380 5296 1614 5347; x_wconf 84' lang='grc' dir='ltr'>Ἰωάννου.</span> 
     </span>
    </p>
   </div>
   <div class='ocr_carea' id='block_1_58' title="bbox 944 5352 1695 5423">
    <p class='ocr_par' dir='ltr' id='par_1_58' title="bbox 944 5352 1695 5423">
     <span class='ocr_line' id='line_1_58' title="bbox 944 5352 1695 5423; baseline 0.005 -18"><span class='ocrx_word' id='word_1_422' title='bbox 944 5352 978 5397; x_wconf 68' lang='grc' dir='ltr'>δ</span> <span class='ocrx_word' id='word_1_423' title='bbox 995 5354 1128 5421; x_wconf 70' lang='lat' dir='ltr'>Lege</span> <span class='ocrx_word' id='word_1_424' title='bbox 1153 5356 1271 5420; x_wconf 74' lang='grc' dir='ltr'>ιρεις</span> <span class='ocrx_word' id='word_1_425' title='bbox 1290 5352 1344 5409; x_wconf 73' lang='grc' dir='ltr'>ξι</span> <span class='ocrx_word' id='word_1_426' title='bbox 1359 5370 1471 5408; x_wconf 80' lang='lat' dir='ltr'>mox</span> <span class='ocrx_word' id='word_1_427' title='bbox 1492 5360 1695 5423; x_wconf 79' lang='grc' dir='ltr'>ἐριθεῖαι.</span> 
     </span>
    </p>
   </div>
   <div class='ocr_carea' id='block_1_59' title="bbox 2575 662 4157 745">
    <p class='ocr_par' dir='ltr' id='par_1_59' title="bbox 2575 662 4157 745">
     <span class='ocr_line' id='line_1_59' title="bbox 2575 662 4157 745; baseline 0.009 -33"><span class='ocrx_word' id='word_1_428' title='bbox 2575 662 2820 734; x_wconf 82' lang='grc' dir='ltr'>ἀνάγκης</span> <span class='ocrx_word' id='word_1_429' title='bbox 2841 664 3117 735; x_wconf 81' lang='grc' dir='ltr'>ἀρχόντων</span> <span class='ocrx_word' id='word_1_430' title='bbox 3137 664 3369 730; x_wconf 84' lang='grc' dir='ltr'>ἀπαθῶς</span> <span class='ocrx_word' id='word_1_431' title='bbox 3385 667 3571 738; x_wconf 79' lang='grc' dir='ltr'>φέρειν</span> <span class='ocrx_word' id='word_1_432' title='bbox 3597 664 3658 718; x_wconf 72' lang='grc' dir='ltr'>τὺ</span> <span class='ocrx_word' id='word_1_433' title='bbox 3681 665 3945 736; x_wconf 76' lang='grc' dir='ltr'>πράγμας</span> <span class='ocrx_word' id='word_1_434' title='bbox 3969 669 4029 722; x_wconf 72' lang='lat' dir='ltr'>Et</span> <span class='ocrx_word' id='word_1_435' title='bbox 4046 671 4157 745; x_wconf 80' lang='grc' dir='ltr'>γὰρ</span> 
     </span>
    </p>
   </div>
   <div class='ocr_carea' id='block_1_60' title="bbox 2570 746 4157 820">
    <p class='ocr_par' dir='ltr' id='par_1_60' title="bbox 2570 746 4157 820">
     <span class='ocr_line' id='line_1_60' title="bbox 2570 746 4157 820; baseline 0.004 -24"><span class='ocrx_word' id='word_1_436' title='bbox 2570 746 2598 797; x_wconf 84' lang='grc' dir='ltr'>ὀ</span> <span class='ocrx_word' id='word_1_437' title='bbox 2628 746 2790 808; x_wconf 73' lang='grc' dir='ltr'>αὐτὸς</span> <span class='ocrx_word' id='word_1_438' title='bbox 2852 748 2983 811; x_wconf 85' lang='grc' dir='ltr'>Θεός</span> <span class='ocrx_word' id='word_1_439' title='bbox 3034 747 3179 799; x_wconf 84' lang='grc' dir='ltr'>ἐστιν</span> <span class='ocrx_word' id='word_1_440' title='bbox 3216 748 3244 799; x_wconf 90' lang='lat'>6</span> <span class='ocrx_word' id='word_1_441' title='bbox 3286 748 3367 817; x_wconf 82' lang='grc' dir='ltr'>τῷ</span> <span class='ocrx_word' id='word_1_442' title='bbox 3421 752 3626 820; x_wconf 82' lang='grc' dir='ltr'>Μωῦσῇ</span> <span class='ocrx_word' id='word_1_443' title='bbox 3678 751 4021 818; x_wconf 79' lang='grc' dir='ltr'>συνεργήσας</span> <span class='ocrx_word' id='word_1_444' title='bbox 4076 757 4157 820; x_wconf 78' lang='grc' dir='ltr'>εἰς</span> 
     </span>
    </p>
   </div>
   <div class='ocr_carea' id='block_1_61' title="bbox 2571 827 4155 905">
    <p class='ocr_par' dir='ltr' id='par_1_61' title="bbox 2571 827 4155 905">
     <span class='ocr_line' id='line_1_61' title="bbox 2571 827 4155 905; baseline 0.006 -26"><span class='ocrx_word' id='word_1_445' title='bbox 2571 827 2884 897; x_wconf 79' lang='grc' dir='ltr'>ἐλευθερίαν</span> <span class='ocrx_word' id='word_1_446' title='bbox 2909 831 3005 883; x_wconf 87' lang='grc' dir='ltr'>τοῦ</span> <span class='ocrx_word' id='word_1_447' title='bbox 3044 829 3257 903; x_wconf 85' lang='grc' dir='ltr'>Ἰσραὴλ</span> <span class='ocrx_word' id='word_1_448' title='bbox 3285 831 3381 884; x_wconf 59' lang='grc' dir='ltr'>καὶ⁵</span> <span class='ocrx_word' id='word_1_449' title='bbox 3407 834 3677 905; x_wconf 78' lang='grc' dir='ltr'>ὑπακοὴν,</span> <span class='ocrx_word' id='word_1_450' title='bbox 3695 833 3787 886; x_wconf 88' lang='grc' dir='ltr'>τοῦ</span> <span class='ocrx_word' id='word_1_451' title='bbox 3812 833 4011 902; x_wconf 80' lang='grc' dir='ltr'>Φαραὼ</span> <span class='ocrx_word' id='word_1_452' title='bbox 4026 837 4155 889; x_wconf 67' lang='grc' dir='ltr'>ἀνα-</span> 
     </span>
    </p>
   </div>
   <div class='ocr_carea' id='block_1_62' title="bbox 2571 909 4155 981">
    <p class='ocr_par' dir='ltr' id='par_1_62' title="bbox 2571 909 4155 981">
     <span class='ocr_line' id='line_1_62' title="bbox 2571 909 4155 981; baseline 0.004 -17"><span class='ocrx_word' id='word_1_453' title='bbox 2571 910 2769 980; x_wconf 83' lang='grc' dir='ltr'>φανδδν</span> <span class='ocrx_word' id='word_1_454' title='bbox 2797 910 3030 981; x_wconf 85' lang='grc' dir='ltr'>βοῶντος</span> <span class='ocrx_word' id='word_1_455' title='bbox 3048 932 3062 946; x_wconf 87' lang='grc'>·</span> <span class='ocrx_word' id='word_1_456' title='bbox 3093 916 3215 969; x_wconf 82' lang='grc' dir='ltr'>Οὐκ</span> <span class='ocrx_word' id='word_1_457' title='bbox 3244 909 3377 967; x_wconf 78' lang='grc' dir='ltr'>οἰδα</span> <span class='ocrx_word' id='word_1_458' title='bbox 3402 916 3509 967; x_wconf 80' lang='grc' dir='ltr'>τόν</span> <span class='ocrx_word' id='word_1_459' title='bbox 3538 919 3707 979; x_wconf 81' lang='grc' dir='ltr'>Θεὸν,</span> <span class='ocrx_word' id='word_1_460' title='bbox 3743 918 3839 970; x_wconf 79' lang='grc' dir='ltr'>καὶ</span> <span class='ocrx_word' id='word_1_461' title='bbox 3885 915 3992 970; x_wconf 79' lang='grc' dir='ltr'>τόν</span> <span class='ocrx_word' id='word_1_462' title='bbox 4035 918 4155 971; x_wconf 85' lang='grc' dir='ltr'>Ἶσ-</span> 
     </span>
    </p>
   </div>
   <div class='ocr_carea' id='block_1_63' title="bbox 2562 994 4156 1070">
    <p class='ocr_par' dir='ltr' id='par_1_63' title="bbox 2562 994 4156 1070">
     <span class='ocr_line' id='line_1_63' title="bbox 2562 994 4156 1070; baseline 0.004 -23"><span class='ocrx_word' id='word_1_463' title='bbox 2562 994 2724 1062; x_wconf 77' lang='grc' dir='ltr'>ραὴλ</span> <span class='ocrx_word' id='word_1_464' title='bbox 2753 997 2864 1048; x_wconf 82' lang='grc' dir='ltr'>οὐκ</span> <span class='ocrx_word' id='word_1_465' title='bbox 2889 995 3309 1059; x_wconf 77' lang='grc' dir='ltr'>ἐξαποστελῶ·</span> <span class='ocrx_word' id='word_1_466' title='bbox 3341 996 3459 1057; x_wconf 86' lang='grc' dir='ltr'>πῶς</span> <span class='ocrx_word' id='word_1_467' title='bbox 3478 999 3660 1051; x_wconf 85' lang='grc' dir='ltr'>τοίνυν</span> <span class='ocrx_word' id='word_1_468' title='bbox 3689 1000 3937 1070; x_wconf 78' lang='grc' dir='ltr'>βοηθείας</span> <span class='ocrx_word' id='word_1_469' title='bbox 3972 1000 4156 1070; x_wconf 76' lang='grc' dir='ltr'>δεδέη-</span> 
     </span>
    </p>
   </div>
   <div class='ocr_carea' id='block_1_64' title="bbox 2567 1080 4154 1155">
    <p class='ocr_par' dir='ltr' id='par_1_64' title="bbox 2567 1080 4154 1155">
     <span class='ocr_line' id='line_1_64' title="bbox 2567 1080 4154 1155; baseline 0.001 -25"><span class='ocrx_word' id='word_1_470' title='bbox 2567 1096 2658 1133; x_wconf 86' lang='grc' dir='ltr'>ται</span> <span class='ocrx_word' id='word_1_471' title='bbox 2687 1082 2778 1133; x_wconf 75' lang='grc' dir='ltr'>ἐπὶ</span> <span class='ocrx_word' id='word_1_472' title='bbox 2816 1080 3062 1132; x_wconf 84' lang='grc' dir='ltr'>Ἰωάννου</span> <span class='ocrx_word' id='word_1_473' title='bbox 3115 1080 3217 1146; x_wconf 81' lang='grc' dir='ltr'>τῆς</span> <span class='ocrx_word' id='word_1_474' title='bbox 3268 1080 3377 1132; x_wconf 89' lang='grc' dir='ltr'>τῶν</span> <span class='ocrx_word' id='word_1_475' title='bbox 3409 1080 3666 1146; x_wconf 81' lang='grc' dir='ltr'>ἐπιγείων</span> <span class='ocrx_word' id='word_1_476' title='bbox 3719 1085 4031 1155; x_wconf 74' lang='grc' dir='ltr'>ἀρχόντωνς</span> <span class='ocrx_word' id='word_1_477' title='bbox 4079 1085 4154 1146; x_wconf 75' lang='grc' dir='ltr'>ὡς</span> 
     </span>
    </p>
   </div>
   <div class='ocr_carea' id='block_1_65' title="bbox 2569 1163 4153 1234">
    <p class='ocr_par' dir='ltr' id='par_1_65' title="bbox 2569 1163 4153 1234">
     <span class='ocr_line' id='line_1_65' title="bbox 2569 1163 4153 1234; baseline -0.003 -17"><span class='ocrx_word' id='word_1_478' title='bbox 2569 1164 2841 1233; x_wconf 82' lang='grc' dir='ltr'>γηράσας,</span> <span class='ocrx_word' id='word_1_479' title='bbox 2870 1163 2903 1234; x_wconf 79' lang='grc' dir='ltr'>ἢ</span> <span class='ocrx_word' id='word_1_480' title='bbox 2934 1163 3008 1225; x_wconf 84' lang='grc' dir='ltr'>ὡς</span> <span class='ocrx_word' id='word_1_481' title='bbox 3030 1164 3320 1233; x_wconf 82' lang='grc' dir='ltr'>ἀτονήσας,</span> <span class='ocrx_word' id='word_1_482' title='bbox 3342 1164 3376 1234; x_wconf 77' lang='grc' dir='ltr'>ἢ</span> <span class='ocrx_word' id='word_1_483' title='bbox 3405 1163 3479 1225; x_wconf 85' lang='grc' dir='ltr'>ὼς</span> <span class='ocrx_word' id='word_1_484' title='bbox 3503 1166 3811 1234; x_wconf 70' lang='grc' dir='ltr'>ἀπορήσας,</span> <span class='ocrx_word' id='word_1_485' title='bbox 3846 1166 3977 1223; x_wconf 72' lang='grc' dir='ltr'>Εἶτα</span> <span class='ocrx_word' id='word_1_486' title='bbox 3999 1171 4028 1222; x_wconf 71' lang='grc'>6</span> <span class='ocrx_word' id='word_1_487' title='bbox 4054 1166 4153 1231; x_wconf 77' lang='grc' dir='ltr'>τὰς</span> 
     </span>
    </p>
   </div>
   <div class='ocr_carea' id='block_1_66' title="bbox 2572 1244 4153 1323">
    <p class='ocr_par' dir='ltr' id='par_1_66' title="bbox 2572 1244 4153 1323">
     <span class='ocr_line' id='line_1_66' title="bbox 2572 1244 4153 1323; baseline 0.005 -25"><span class='ocrx_word' id='word_1_488' title='bbox 2572 1247 2821 1316; x_wconf 87' lang='grc' dir='ltr'>μοιχείας</span> <span class='ocrx_word' id='word_1_489' title='bbox 2877 1245 3038 1298; x_wconf 89' lang='grc' dir='ltr'>τινῶν</span> <span class='ocrx_word' id='word_1_490' title='bbox 3072 1246 3165 1298; x_wconf 74' lang='grc' dir='ltr'>καὶ</span> <span class='ocrx_word' id='word_1_491' title='bbox 3203 1244 3303 1308; x_wconf 69' lang='grc' dir='ltr'>τὰς</span> <span class='ocrx_word' id='word_1_492' title='bbox 3360 1247 3752 1317; x_wconf 80' lang='grc' dir='ltr'>παιδεραστίας</span> <span class='ocrx_word' id='word_1_493' title='bbox 3805 1252 4007 1323; x_wconf 87' lang='grc' dir='ltr'>ἐτέρων</span> <span class='ocrx_word' id='word_1_494' title='bbox 4059 1253 4153 1305; x_wconf 81' lang='grc' dir='ltr'>καὶ</span> 
     </span>
    </p>
   </div>
   <div class='ocr_carea' id='block_1_67' title="bbox 2567 1330 4153 1405">
    <p class='ocr_par' dir='ltr' id='par_1_67' title="bbox 2567 1330 4153 1405">
     <span class='ocr_line' id='line_1_67' title="bbox 2567 1330 4153 1405; baseline 0.005 -24"><span class='ocrx_word' id='word_1_495' title='bbox 2567 1330 2824 1401; x_wconf 90' lang='grc' dir='ltr'>γοητείας</span> <span class='ocrx_word' id='word_1_496' title='bbox 2851 1330 3025 1384; x_wconf 84' lang='grc' dir='ltr'>ἀλλων</span> <span class='ocrx_word' id='word_1_497' title='bbox 3050 1330 3435 1401; x_wconf 79' lang='grc' dir='ltr'>δημοσιεύοα·,</span> <span class='ocrx_word' id='word_1_498' title='bbox 3467 1330 3746 1399; x_wconf 73' lang='grc' dir='ltr'>ἠπόρησεν</span> <span class='ocrx_word' id='word_1_499' title='bbox 3773 1333 3855 1387; x_wconf 77' lang='grc' dir='ltr'>ἔτι</span> <span class='ocrx_word' id='word_1_500' title='bbox 3883 1336 4153 1405; x_wconf 79' lang='grc' dir='ltr'>διελέγξαι</span> 
     </span>
    </p>
   </div>
   <div class='ocr_carea' id='block_1_68' title="bbox 2566 1412 4152 1486">
    <p class='ocr_par' dir='ltr' id='par_1_68' title="bbox 2566 1412 4152 1486">
     <span class='ocr_line' id='line_1_68' title="bbox 2566 1412 4152 1486; baseline 0.008 -22"><span class='ocrx_word' id='word_1_501' title='bbox 2566 1412 2657 1466; x_wconf 79' lang='grc' dir='ltr'>τὸν</span> <span class='ocrx_word' id='word_1_502' title='bbox 2729 1414 3021 1483; x_wconf 84' lang='grc' dir='ltr'>Ἰωάννην;</span> <span class='ocrx_word' id='word_1_503' title='bbox 3074 1413 3424 1485; x_wconf 87' lang='grc' dir='ltr'>ῆάνάπαλιν,</span> <span class='ocrx_word' id='word_1_504' title='bbox 3474 1417 3501 1467; x_wconf 93' lang='lat'>6</span> <span class='ocrx_word' id='word_1_505' title='bbox 3544 1413 3699 1466; x_wconf 87' lang='grc' dir='ltr'>τοῦδε</span> <span class='ocrx_word' id='word_1_506' title='bbox 3737 1415 3840 1484; x_wconf 85' lang='grc' dir='ltr'>τὴν</span> <span class='ocrx_word' id='word_1_507' title='bbox 3900 1420 4152 1486; x_wconf 86' lang='grc' dir='ltr'>γλῶσσαν</span> 
     </span>
    </p>
   </div>
   <div class='ocr_carea' id='block_1_69' title="bbox 2568 1496 4153 1568">
    <p class='ocr_par' dir='ltr' id='par_1_69' title="bbox 2568 1496 4153 1568">
     <span class='ocr_line' id='line_1_69' title="bbox 2568 1496 4153 1568; baseline 0.001 -19"><span class='ocrx_word' id='word_1_508' title='bbox 2568 1497 2812 1567; x_wconf 82' lang='grc' dir='ltr'>συνάγχῃ</span> <span class='ocrx_word' id='word_1_509' title='bbox 2851 1497 3103 1565; x_wconf 85' lang='grc' dir='ltr'>ὀγκώσας</span> <span class='ocrx_word' id='word_1_510' title='bbox 3134 1499 3248 1567; x_wconf 84' lang='grc' dir='ltr'>μετ’</span> <span class='ocrx_word' id='word_1_511' title='bbox 3274 1496 3712 1567; x_wconf 73' lang='grc' dir='ltr'>ὲξομολογήσεως</span> <span class='ocrx_word' id='word_1_512' title='bbox 3739 1497 4153 1568; x_wconf 71' lang='grc' dir='ltr'>ὲγγράςρου,καὶ</span> 
     </span>
    </p>
   </div>
   <div class='ocr_carea' id='block_1_70' title="bbox 2566 1578 4153 1651">
    <p class='ocr_par' dir='ltr' id='par_1_70' title="bbox 2566 1578 4153 1651">
     <span class='ocr_line' id='line_1_70' title="bbox 2566 1578 4153 1651; baseline -0.002 -20"><span class='ocrx_word' id='word_1_513' title='bbox 2566 1578 2657 1632; x_wconf 83' lang='grc' dir='ltr'>τόν</span> <span class='ocrx_word' id='word_1_514' title='bbox 2688 1579 2847 1633; x_wconf 80' lang='grc' dir='ltr'>ἄλλον</span> <span class='ocrx_word' id='word_1_515' title='bbox 2869 1578 3206 1651; x_wconf 80' lang='grc' dir='ltr'>κλιμακτῆρι</span> <span class='ocrx_word' id='word_1_516' title='bbox 3238 1582 3551 1651; x_wconf 76' lang='grc' dir='ltr'>περιπεσεῖν</span> <span class='ocrx_word' id='word_1_517' title='bbox 3579 1582 3943 1649; x_wconf 80' lang='grc' dir='ltr'>συγχωρήσας</span> <span class='ocrx_word' id='word_1_518' title='bbox 3983 1584 4153 1639; x_wconf 86' lang='grc' dir='ltr'>θανα-</span> 
     </span>
    </p>
   </div>
   <div class='ocr_carea' id='block_1_71' title="bbox 2566 1662 4153 1740">
    <p class='ocr_par' dir='ltr' id='par_1_71' title="bbox 2566 1662 4153 1740">
     <span class='ocr_line' id='line_1_71' title="bbox 2566 1662 4153 1740; baseline -0.001 -25"><span class='ocrx_word' id='word_1_519' title='bbox 2566 1664 2809 1735; x_wconf 79' lang='grc' dir='ltr'>τηφόρῳ,</span> <span class='ocrx_word' id='word_1_520' title='bbox 2832 1663 2865 1733; x_wconf 81' lang='grc' dir='ltr'>ἢ</span> <span class='ocrx_word' id='word_1_521' title='bbox 2887 1664 2916 1715; x_wconf 90' lang='lat'>6</span> <span class='ocrx_word' id='word_1_522' title='bbox 2945 1664 3278 1733; x_wconf 88' lang='grc' dir='ltr'>ταριχεύσας</span> <span class='ocrx_word' id='word_1_523' title='bbox 3302 1663 3452 1717; x_wconf 83' lang='grc' dir='ltr'>τόνδε</span> <span class='ocrx_word' id='word_1_524' title='bbox 3484 1662 3620 1733; x_wconf 86' lang='grc' dir='ltr'>μετά</span> <span class='ocrx_word' id='word_1_525' title='bbox 3641 1664 3909 1731; x_wconf 86' lang='grc' dir='ltr'>γενέσεως</span> <span class='ocrx_word' id='word_1_526' title='bbox 3942 1670 4153 1740; x_wconf 75' lang='grc' dir='ltr'>σκωλή-</span> 
     </span>
    </p>
   </div>
   <div class='ocr_carea' id='block_1_72' title="bbox 2569 1745 4148 1823">
    <p class='ocr_par' dir='ltr' id='par_1_72' title="bbox 2569 1745 4148 1823">
     <span class='ocr_line' id='line_1_72' title="bbox 2569 1745 4148 1823; baseline 0.001 -24"><span class='ocrx_word' id='word_1_527' title='bbox 2569 1763 2679 1799; x_wconf 89' lang='grc' dir='ltr'>κων</span> <span class='ocrx_word' id='word_1_528' title='bbox 2712 1745 2928 1815; x_wconf 86' lang='grc' dir='ltr'>ἀφωνον</span> <span class='ocrx_word' id='word_1_529' title='bbox 2957 1747 3051 1798; x_wconf 73' lang='grc' dir='ltr'>ἐπὶ</span> <span class='ocrx_word' id='word_1_530' title='bbox 3085 1745 3274 1815; x_wconf 88' lang='grc' dir='ltr'>κλίνης</span> <span class='ocrx_word' id='word_1_531' title='bbox 3302 1746 3543 1799; x_wconf 76' lang='grc' dir='ltr'>ἐνιαυτὸν</span> <span class='ocrx_word' id='word_1_532' title='bbox 3577 1747 3706 1816; x_wconf 81' lang='grc' dir='ltr'>παρ’</span> <span class='ocrx_word' id='word_1_533' title='bbox 3740 1745 3919 1813; x_wconf 83' lang='grc' dir='ltr'>ὀλίγον</span> <span class='ocrx_word' id='word_1_534' title='bbox 3944 1747 4087 1811; x_wconf 84' lang='grc' dir='ltr'>ὅλον,</span> <span class='ocrx_word' id='word_1_535' title='bbox 4114 1753 4148 1823; x_wconf 72' lang='grc' dir='ltr'>ἢ</span> 
     </span>
    </p>
   </div>
   <div class='ocr_carea' id='block_1_73' title="bbox 2567 1827 4151 1902">
    <p class='ocr_par' dir='ltr' id='par_1_73' title="bbox 2567 1827 4151 1902">
     <span class='ocr_line' id='line_1_73' title="bbox 2567 1827 4151 1902; baseline 0.001 -21"><span class='ocrx_word' id='word_1_536' title='bbox 2567 1831 2595 1881; x_wconf 94' lang='lat'>6</span> <span class='ocrx_word' id='word_1_537' title='bbox 2625 1828 2726 1891; x_wconf 85' lang='grc' dir='ltr'>τὰς</span> <span class='ocrx_word' id='word_1_538' title='bbox 2764 1829 3129 1899; x_wconf 86' lang='grc' dir='ltr'>ἀπηρημένας</span> <span class='ocrx_word' id='word_1_539' title='bbox 3176 1827 3601 1898; x_wconf 84' lang='grc' dir='ltr'>ἐκδειματώσεις</span> <span class='ocrx_word' id='word_1_540' title='bbox 3646 1828 3938 1896; x_wconf 81' lang='grc' dir='ltr'>ἐπαγαγὼν</span> <span class='ocrx_word' id='word_1_541' title='bbox 3977 1831 4151 1902; x_wconf 85' lang='grc' dir='ltr'>ἐτέρῳ</span> 
     </span>
    </p>
   </div>
   <div class='ocr_carea' id='block_1_74' title="bbox 2571 1910 4152 1981">
    <p class='ocr_par' dir='ltr' id='par_1_74' title="bbox 2571 1910 4152 1981">
     <span class='ocr_line' id='line_1_74' title="bbox 2571 1910 4152 1981; baseline 0.001 -19"><span class='ocrx_word' id='word_1_542' title='bbox 2571 1911 2711 1981; x_wconf 87' lang='grc' dir='ltr'>μετὰ</span> <span class='ocrx_word' id='word_1_543' title='bbox 2744 1914 2843 1980; x_wconf 84' lang='grc' dir='ltr'>τῆς</span> <span class='ocrx_word' id='word_1_544' title='bbox 2866 1911 3164 1979; x_wconf 76' lang='grc' dir='ltr'>συντρόφου</span> <span class='ocrx_word' id='word_1_545' title='bbox 3190 1910 3543 1979; x_wconf 83' lang='grc' dir='ltr'>ποδάγρας,ἢ</span> <span class='ocrx_word' id='word_1_546' title='bbox 3576 1913 3605 1963; x_wconf 89' lang='lat'>6</span> <span class='ocrx_word' id='word_1_547' title='bbox 3634 1910 3703 1963; x_wconf 79' lang='grc' dir='ltr'>τὰ</span> <span class='ocrx_word' id='word_1_548' title='bbox 3731 1911 3895 1979; x_wconf 85' lang='grc' dir='ltr'>σκέλη</span> <span class='ocrx_word' id='word_1_549' title='bbox 3932 1912 4152 1979; x_wconf 82' lang='grc' dir='ltr'>πρήσας</span> 
     </span>
    </p>
   </div>
   <div class='ocr_carea' id='block_1_75' title="bbox 2564 1987 4152 2064">
    <p class='ocr_par' dir='ltr' id='par_1_75' title="bbox 2564 1987 4152 2064">
     <span class='ocr_line' id='line_1_75' title="bbox 2564 1987 4152 2064; baseline 0.001 -19"><span class='ocrx_word' id='word_1_550' title='bbox 2564 1987 2625 2045; x_wconf 81' lang='grc' dir='ltr'>οὗ</span> <span class='ocrx_word' id='word_1_551' title='bbox 2656 1993 2999 2063; x_wconf 81' lang='grc' dir='ltr'>ἐϐουλήθη,ῆ</span> <span class='ocrx_word' id='word_1_552' title='bbox 3036 1994 3064 2044; x_wconf 92' lang='grc' dir='ltr'>ό</span> <span class='ocrx_word' id='word_1_553' title='bbox 3088 1991 3238 2044; x_wconf 88' lang='grc' dir='ltr'>τόνδε</span> <span class='ocrx_word' id='word_1_554' title='bbox 3283 1991 3509 2045; x_wconf 82' lang='grc' dir='ltr'>δυσώδει</span> <span class='ocrx_word' id='word_1_555' title='bbox 3558 1992 3776 2063; x_wconf 83' lang='grc' dir='ltr'>θανάτῳ</span> <span class='ocrx_word' id='word_1_556' title='bbox 3826 1994 4152 2064; x_wconf 83' lang='grc' dir='ltr'>ἀναρπάσας</span> 
     </span>
    </p>
   </div>
   <div class='ocr_carea' id='block_1_76' title="bbox 2564 2072 4150 2143">
    <p class='ocr_par' dir='ltr' id='par_1_76' title="bbox 2564 2072 4150 2143">
     <span class='ocr_line' id='line_1_76' title="bbox 2564 2072 4150 2143; baseline 0.001 -15"><span class='ocrx_word' id='word_1_557' title='bbox 2564 2074 2777 2136; x_wconf 75' lang='grc' dir='ltr'>θᾶττον,</span> <span class='ocrx_word' id='word_1_558' title='bbox 2800 2073 2860 2126; x_wconf 87' lang='grc' dir='ltr'>ὃν</span> <span class='ocrx_word' id='word_1_559' title='bbox 2894 2074 3044 2126; x_wconf 80' lang='grc' dir='ltr'>ἴσασι</span> <span class='ocrx_word' id='word_1_560' title='bbox 3085 2072 3309 2136; x_wconf 87' lang='grc' dir='ltr'>πάντες,</span> <span class='ocrx_word' id='word_1_561' title='bbox 3344 2072 3606 2143; x_wconf 80' lang='grc' dir='ltr'>ὴτόνησεν</span> <span class='ocrx_word' id='word_1_562' title='bbox 3631 2075 3723 2127; x_wconf 77' lang='grc' dir='ltr'>ἐπὶ</span> <span class='ocrx_word' id='word_1_563' title='bbox 3765 2076 4036 2143; x_wconf 88' lang='grc' dir='ltr'>Ἰωάννου,</span> <span class='ocrx_word' id='word_1_564' title='bbox 4072 2077 4150 2141; x_wconf 87' lang='grc' dir='ltr'>ῶς</span> 
     </span>
    </p>
   </div>
   <div class='ocr_carea' id='block_1_77' title="bbox 2563 2154 4149 2227">
    <p class='ocr_par' dir='ltr' id='par_1_77' title="bbox 2563 2154 4149 2227">
     <span class='ocr_line' id='line_1_77' title="bbox 2563 2154 4149 2227; baseline 0.003 -19"><span class='ocrx_word' id='word_1_565' title='bbox 2563 2173 2722 2225; x_wconf 88' lang='grc' dir='ltr'>φατε,</span> <span class='ocrx_word' id='word_1_566' title='bbox 2752 2155 3028 2227; x_wconf 85' lang='grc' dir='ltr'>ἰεροσύλου</span> <span class='ocrx_word' id='word_1_567' title='bbox 3056 2154 3230 2217; x_wconf 75' lang='grc' dir='ltr'>ὄντος,</span> <span class='ocrx_word' id='word_1_568' title='bbox 3259 2154 3318 2208; x_wconf 82' lang='grc' dir='ltr'>ἓν</span> <span class='ocrx_word' id='word_1_569' title='bbox 3350 2172 3404 2207; x_wconf 89' lang='grc' dir='ltr'>τι</span> <span class='ocrx_word' id='word_1_570' title='bbox 3432 2155 3637 2208; x_wconf 89' lang='grc' dir='ltr'>τούτων</span> <span class='ocrx_word' id='word_1_571' title='bbox 3685 2157 3997 2226; x_wconf 86' lang='grc' dir='ltr'>ἐνεργῆσαι,</span> <span class='ocrx_word' id='word_1_572' title='bbox 4031 2159 4149 2212; x_wconf 79' lang='grc' dir='ltr'>ἀλλ’</span> 
     </span>
    </p>
   </div>
   <div class='ocr_carea' id='block_1_78' title="bbox 2564 2238 4147 2311">
    <p class='ocr_par' dir='ltr' id='par_1_78' title="bbox 2564 2238 4147 2311">
     <span class='ocr_line' id='line_1_78' title="bbox 2564 2238 4147 2311; baseline 0.001 -18"><span class='ocrx_word' id='word_1_573' title='bbox 2564 2240 2755 2311; x_wconf 89' lang='grc' dir='ltr'>ἐδεήθη</span> <span class='ocrx_word' id='word_1_574' title='bbox 2786 2240 2881 2292; x_wconf 90' lang='grc' dir='ltr'>τοῦ</span> <span class='ocrx_word' id='word_1_575' title='bbox 2912 2239 3006 2292; x_wconf 63' lang='grc' dir='ltr'>καὶ¹</span> <span class='ocrx_word' id='word_1_576' title='bbox 3047 2238 3167 2298; x_wconf 88' lang='grc' dir='ltr'>τοῦ.</span> <span class='ocrx_word' id='word_1_577' title='bbox 3205 2240 3293 2293; x_wconf 82' lang='grc' dir='ltr'>ἵνα</span> <span class='ocrx_word' id='word_1_578' title='bbox 3321 2240 3593 2310; x_wconf 85' lang='grc' dir='ltr'>ἀτιμάσας</span> <span class='ocrx_word' id='word_1_579' title='bbox 3624 2238 3803 2310; x_wconf 78' lang='grc' dir='ltr'>ἐξώσῃ</span> <span class='ocrx_word' id='word_1_580' title='bbox 3830 2240 3921 2293; x_wconf 81' lang='grc' dir='ltr'>τὸν</span> <span class='ocrx_word' id='word_1_581' title='bbox 3962 2242 4147 2295; x_wconf 77' lang='grc' dir='ltr'>Ἰωάνο</span> 
     </span>
    </p>
   </div>
   <div class='ocr_carea' id='block_1_79' title="bbox 2565 2323 4149 2394">
    <p class='ocr_par' dir='ltr' id='par_1_79' title="bbox 2565 2323 4149 2394">
     <span class='ocr_line' id='line_1_79' title="bbox 2565 2323 4149 2394; baseline 0.001 -17"><span class='ocrx_word' id='word_1_582' title='bbox 2565 2343 2684 2394; x_wconf 87' lang='grc' dir='ltr'>νην,</span> <span class='ocrx_word' id='word_1_583' title='bbox 2724 2325 2886 2378; x_wconf 59' lang='grc' dir='ltr'>⁸πλέον</span> <span class='ocrx_word' id='word_1_584' title='bbox 2932 2323 3097 2377; x_wconf 78' lang='grc' dir='ltr'>αὑτὸν</span> <span class='ocrx_word' id='word_1_585' title='bbox 3150 2325 3215 2377; x_wconf 81' lang='grc' dir='ltr'>ἐκ</span> <span class='ocrx_word' id='word_1_586' title='bbox 3265 2324 3456 2377; x_wconf 84' lang='grc' dir='ltr'>τούτου</span> <span class='ocrx_word' id='word_1_587' title='bbox 3505 2323 3771 2389; x_wconf 83' lang='grc' dir='ltr'>δοξάσας;</span> <span class='ocrx_word' id='word_1_588' title='bbox 3808 2323 4149 2380; x_wconf 83' lang='grc' dir='ltr'>Ἀπατῶνται</span> 
     </span>
    </p>
   </div>
   <div class='ocr_carea' id='block_1_80' title="bbox 2564 2405 4151 2483">
    <p class='ocr_par' dir='ltr' id='par_1_80' title="bbox 2564 2405 4151 2483">
     <span class='ocr_line' id='line_1_80' title="bbox 2564 2405 4151 2483; baseline 0.001 -24"><span class='ocrx_word' id='word_1_589' title='bbox 2564 2408 2741 2459; x_wconf 86' lang='grc' dir='ltr'>τοίνυν</span> <span class='ocrx_word' id='word_1_590' title='bbox 2775 2407 2850 2477; x_wconf 82' lang='grc' dir='ltr'>μὴ</span> <span class='ocrx_word' id='word_1_591' title='bbox 2887 2407 2985 2477; x_wconf 78' lang='grc' dir='ltr'>τὴν</span> <span class='ocrx_word' id='word_1_592' title='bbox 3036 2405 3255 2477; x_wconf 82' lang='grc' dir='ltr'>ἐντολὴν</span> <span class='ocrx_word' id='word_1_593' title='bbox 3304 2406 3398 2459; x_wconf 90' lang='grc' dir='ltr'>τοῦ</span> <span class='ocrx_word' id='word_1_594' title='bbox 3442 2406 3601 2475; x_wconf 90' lang='grc' dir='ltr'>λόγου</span> <span class='ocrx_word' id='word_1_595' title='bbox 3624 2417 3672 2458; x_wconf 69' lang='grc' dir='ltr'>ο.</span> <span class='ocrx_word' id='word_1_596' title='bbox 3712 2406 4001 2480; x_wconf 83' lang='grc' dir='ltr'>Ἰερόσυλος</span> <span class='ocrx_word' id='word_1_597' title='bbox 4038 2407 4151 2483; x_wconf 79' lang='grc' dir='ltr'>γὰρ</span> 
     </span>
    </p>
   </div>
   <div class='ocr_carea' id='block_1_81' title="bbox 2566 2490 4150 2562">
    <p class='ocr_par' dir='ltr' id='par_1_81' title="bbox 2566 2490 4150 2562">
     <span class='ocr_line' id='line_1_81' title="bbox 2566 2490 4150 2562; baseline 0 -18"><span class='ocrx_word' id='word_1_598' title='bbox 2566 2491 2769 2562; x_wconf 90' lang='grc' dir='ltr'>κυρίως</span> <span class='ocrx_word' id='word_1_599' title='bbox 2804 2492 2903 2560; x_wconf 83' lang='grc' dir='ltr'>οὐχ</span> <span class='ocrx_word' id='word_1_600' title='bbox 2934 2493 2963 2543; x_wconf 91' lang='lat'>6</span> <span class='ocrx_word' id='word_1_601' title='bbox 2990 2490 3213 2561; x_wconf 80' lang='grc' dir='ltr'>χρυσὸν,</span> <span class='ocrx_word' id='word_1_602' title='bbox 3238 2490 3271 2561; x_wconf 81' lang='grc' dir='ltr'>ἢ</span> <span class='ocrx_word' id='word_1_603' title='bbox 3300 2491 3560 2562; x_wconf 77' lang='grc' dir='ltr'>ἄργυρον,</span> <span class='ocrx_word' id='word_1_604' title='bbox 3586 2491 3619 2561; x_wconf 79' lang='grc' dir='ltr'>ἢ</span> <span class='ocrx_word' id='word_1_605' title='bbox 3651 2490 3718 2543; x_wconf 75' lang='grc' dir='ltr'>τὰ</span> <span class='ocrx_word' id='word_1_606' title='bbox 3758 2492 3939 2562; x_wconf 87' lang='grc' dir='ltr'>σηρῶν</span> <span class='ocrx_word' id='word_1_607' title='bbox 3971 2494 4150 2562; x_wconf 83' lang='grc' dir='ltr'>νήμα-</span> 
     </span>
    </p>
   </div>
   <div class='ocr_carea' id='block_1_82' title="bbox 2563 2572 4151 2644">
    <p class='ocr_par' dir='ltr' id='par_1_82' title="bbox 2563 2572 4151 2644">
     <span class='ocr_line' id='line_1_82' title="bbox 2563 2572 4151 2644; baseline 0.001 -19"><span class='ocrx_word' id='word_1_608' title='bbox 2563 2590 2653 2633; x_wconf 88' lang='grc' dir='ltr'>τα,</span> <span class='ocrx_word' id='word_1_609' title='bbox 2691 2572 2870 2642; x_wconf 88' lang='grc' dir='ltr'>σητῶν</span> <span class='ocrx_word' id='word_1_610' title='bbox 2907 2573 3195 2643; x_wconf 87' lang='grc' dir='ltr'>βρώματα,</span> <span class='ocrx_word' id='word_1_611' title='bbox 3222 2575 3458 2643; x_wconf 86' lang='grc' dir='ltr'>πτωχοῖς</span> <span class='ocrx_word' id='word_1_612' title='bbox 3493 2573 3776 2644; x_wconf 87' lang='grc' dir='ltr'>διανείμας</span> <span class='ocrx_word' id='word_1_613' title='bbox 3798 2614 3813 2636; x_wconf 90' lang='grc'>,</span> <span class='ocrx_word' id='word_1_614' title='bbox 3854 2573 3968 2626; x_wconf 83' lang='grc' dir='ltr'>ἀλλ’</span> <span class='ocrx_word' id='word_1_615' title='bbox 3999 2577 4027 2627; x_wconf 91' lang='lat'>6</span> <span class='ocrx_word' id='word_1_616' title='bbox 4052 2576 4151 2644; x_wconf 75' lang='grc' dir='ltr'>ἀρο</span> 
     </span>
    </p>
   </div>
   <div class='ocr_carea' id='block_1_83' title="bbox 2562 2654 4151 2726">
    <p class='ocr_par' dir='ltr' id='par_1_83' title="bbox 2562 2654 4151 2726">
     <span class='ocr_line' id='line_1_83' title="bbox 2562 2654 4151 2726; baseline 0.004 -22"><span class='ocrx_word' id='word_1_617' title='bbox 2562 2654 2740 2723; x_wconf 86' lang='grc' dir='ltr'>γυρίῳ</span> <span class='ocrx_word' id='word_1_618' title='bbox 2773 2655 2871 2706; x_wconf 74' lang='grc' dir='ltr'>καὶ</span> <span class='ocrx_word' id='word_1_619' title='bbox 2905 2655 3169 2725; x_wconf 82' lang='grc' dir='ltr'>κολακείᾳ</span> <span class='ocrx_word' id='word_1_620' title='bbox 3207 2655 3304 2708; x_wconf 74' lang='grc' dir='ltr'>καὶ</span> <span class='ocrx_word' id='word_1_621' title='bbox 3329 2654 3579 2725; x_wconf 83' lang='grc' dir='ltr'>τραπέζῃ</span> <span class='ocrx_word' id='word_1_622' title='bbox 3603 2655 3938 2726; x_wconf 88' lang='grc' dir='ltr'>ἀπεμπολῶν</span> <span class='ocrx_word' id='word_1_623' title='bbox 3966 2657 4037 2710; x_wconf 87' lang='grc' dir='ltr'>τά</span> <span class='ocrx_word' id='word_1_624' title='bbox 4062 2657 4151 2709; x_wconf 78' lang='lat'><em>66-</em></span> 
     </span>
    </p>
   </div>
   <div class='ocr_carea' id='block_1_84' title="bbox 2560 2737 4151 2808">
    <p class='ocr_par' dir='ltr' id='par_1_84' title="bbox 2560 2737 4151 2808">
     <span class='ocr_line' id='line_1_84' title="bbox 2560 2737 4151 2808; baseline 0.002 -19"><span class='ocrx_word' id='word_1_625' title='bbox 2560 2753 2748 2805; x_wconf 88' lang='grc' dir='ltr'>γματα</span> <span class='ocrx_word' id='word_1_626' title='bbox 2776 2738 3021 2801; x_wconf 74' lang='grc' dir='ltr'>καὶτοὺς</span> <span class='ocrx_word' id='word_1_627' title='bbox 3055 2737 3291 2806; x_wconf 79' lang='grc' dir='ltr'>θεσμοὺς</span> <span class='ocrx_word' id='word_1_628' title='bbox 3318 2737 3413 2790; x_wconf 91' lang='grc' dir='ltr'>τοῦ</span> <span class='ocrx_word' id='word_1_629' title='bbox 3447 2738 3733 2808; x_wconf 78' lang='grc' dir='ltr'>Σωτῆρος·</span> <span class='ocrx_word' id='word_1_630' title='bbox 3769 2738 3960 2793; x_wconf 83' lang='grc' dir='ltr'>ἔπειτα</span> <span class='ocrx_word' id='word_1_631' title='bbox 4002 2742 4032 2794; x_wconf 90' lang='lat'>6</span> <span class='ocrx_word' id='word_1_632' title='bbox 4058 2741 4151 2793; x_wconf 80' lang='grc' dir='ltr'>λυ-</span> 
     </span>
    </p>
   </div>
   <div class='ocr_carea' id='block_1_85' title="bbox 2566 2817 4148 2891">
    <p class='ocr_par' dir='ltr' id='par_1_85' title="bbox 2566 2817 4148 2891">
     <span class='ocr_line' id='line_1_85' title="bbox 2566 2817 4148 2891; baseline 0.003 -20"><span class='ocrx_word' id='word_1_633' title='bbox 2566 2817 2890 2888; x_wconf 84' lang='grc' dir='ltr'>μαινόμενος</span> <span class='ocrx_word' id='word_1_634' title='bbox 2913 2818 3056 2890; x_wconf 79' lang='grc' dir='ltr'>ίερὸν</span> <span class='ocrx_word' id='word_1_635' title='bbox 3086 2819 3278 2891; x_wconf 82' lang='grc' dir='ltr'>ἄνδρα,</span> <span class='ocrx_word' id='word_1_636' title='bbox 3306 2819 3406 2889; x_wconf 85' lang='grc' dir='ltr'>βίῳ</span> <span class='ocrx_word' id='word_1_637' title='bbox 3426 2821 3521 2873; x_wconf 73' lang='grc' dir='ltr'>καὶ</span> <span class='ocrx_word' id='word_1_638' title='bbox 3546 2820 3692 2889; x_wconf 83' lang='grc' dir='ltr'>λόγῳ</span> <span class='ocrx_word' id='word_1_639' title='bbox 3714 2823 4148 2891; x_wconf 87' lang='grc' dir='ltr'>κεκοσμημένον,</span> 
     </span>
    </p>
   </div>
   <div class='ocr_carea' id='block_1_86' title="bbox 2563 2896 4153 2974">
    <p class='ocr_par' dir='ltr' id='par_1_86' title="bbox 2563 2896 4153 2974">
     <span class='ocr_line' id='line_1_86' title="bbox 2563 2896 4153 2974; baseline 0.003 -19"><span class='ocrx_word' id='word_1_640' title='bbox 2563 2901 2630 2955; x_wconf 79' lang='grc' dir='ltr'>δι’</span> <span class='ocrx_word' id='word_1_641' title='bbox 2657 2896 2719 2956; x_wconf 77' lang='grc' dir='ltr'>οὗ</span> <span class='ocrx_word' id='word_1_642' title='bbox 2740 2904 2769 2956; x_wconf 90' lang='lat'>6</span> <span class='ocrx_word' id='word_1_643' title='bbox 2795 2902 2987 2973; x_wconf 75' lang='grc' dir='ltr'>Σωτὴρ</span> <span class='ocrx_word' id='word_1_644' title='bbox 3008 2901 3083 2964; x_wconf 82' lang='grc' dir='ltr'>ὡς</span> <span class='ocrx_word' id='word_1_645' title='bbox 3108 2902 3197 2955; x_wconf 74' lang='grc' dir='ltr'>διὰ</span> <span class='ocrx_word' id='word_1_646' title='bbox 3225 2903 3501 2973; x_wconf 87' lang='grc' dir='ltr'>κρατῆρος</span> <span class='ocrx_word' id='word_1_647' title='bbox 3528 2902 3562 2974; x_wconf 84' lang='grc' dir='ltr'>ἢ</span> <span class='ocrx_word' id='word_1_648' title='bbox 3589 2903 3873 2973; x_wconf 90' lang='grc' dir='ltr'>κειμηλίου</span> <span class='ocrx_word' id='word_1_649' title='bbox 3903 2904 4153 2973; x_wconf 68' lang='grc' dir='ltr'>ἐλογοπόρ</span> 
     </span>
    </p>
   </div>
   <div class='ocr_carea' id='block_1_87' title="bbox 2563 2984 4152 3057">
    <p class='ocr_par' dir='ltr' id='par_1_87' title="bbox 2563 2984 4152 3057">
     <span class='ocr_line' id='line_1_87' title="bbox 2563 2984 4152 3057; baseline 0 -19"><span class='ocrx_word' id='word_1_650' title='bbox 2563 3002 2644 3038; x_wconf 88' lang='grc' dir='ltr'>τει</span> <span class='ocrx_word' id='word_1_651' title='bbox 2672 2986 2783 3048; x_wconf 83' lang='grc' dir='ltr'>τοῖς</span> <span class='ocrx_word' id='word_1_652' title='bbox 2816 2986 3073 3056; x_wconf 78' lang='grc' dir='ltr'>ἐρασταῖς</span> <span class='ocrx_word' id='word_1_653' title='bbox 3103 2984 3196 3037; x_wconf 91' lang='grc' dir='ltr'>τοῦ</span> <span class='ocrx_word' id='word_1_654' title='bbox 3224 2984 3385 3053; x_wconf 89' lang='grc' dir='ltr'>λόγου</span> <span class='ocrx_word' id='word_1_655' title='bbox 3416 2984 3484 3038; x_wconf 77' lang='grc' dir='ltr'>τά</span> <span class='ocrx_word' id='word_1_656' title='bbox 3521 2985 3808 3057; x_wconf 84' lang='grc' dir='ltr'>πρόσφορα</span> <span class='ocrx_word' id='word_1_657' title='bbox 3838 2985 3940 3056; x_wconf 86' lang='grc' dir='ltr'>τῆς</span> <span class='ocrx_word' id='word_1_658' title='bbox 3973 3004 4152 3056; x_wconf 83' lang='grc' dir='ltr'>σωτη-</span> 
     </span>
    </p>
   </div>
   <div class='ocr_carea' id='block_1_88' title="bbox 2569 3062 4154 3140">
    <p class='ocr_par' dir='ltr' id='par_1_88' title="bbox 2569 3062 4154 3140">
     <span class='ocr_line' id='line_1_88' title="bbox 2569 3062 4154 3140; baseline 0.001 -20"><span class='ocrx_word' id='word_1_659' title='bbox 2569 3068 2708 3140; x_wconf 89' lang='grc' dir='ltr'>ρίας.</span> <span class='ocrx_word' id='word_1_660' title='bbox 2742 3067 3102 3136; x_wconf 87' lang='grc' dir='ltr'>Δεγέσθωσαν</span> <span class='ocrx_word' id='word_1_661' title='bbox 3130 3065 3309 3119; x_wconf 87' lang='grc' dir='ltr'>τοίνυν</span> <span class='ocrx_word' id='word_1_662' title='bbox 3333 3066 3597 3135; x_wconf 84' lang='grc' dir='ltr'>ἱερόσυλοι</span> <span class='ocrx_word' id='word_1_663' title='bbox 3630 3062 3797 3130; x_wconf 77' lang='grc' dir='ltr'>οὗτοι,</span> <span class='ocrx_word' id='word_1_664' title='bbox 3829 3068 3879 3120; x_wconf 93' lang='grc' dir='ltr'>οἰ</span> <span class='ocrx_word' id='word_1_665' title='bbox 3904 3068 4154 3136; x_wconf 85' lang='grc' dir='ltr'>συλαγω-</span> 
     </span>
    </p>
   </div>
   <div class='ocr_carea' id='block_1_89' title="bbox 2563 3150 4153 3222">
    <p class='ocr_par' dir='ltr' id='par_1_89' title="bbox 2563 3150 4153 3222">
     <span class='ocr_line' id='line_1_89' title="bbox 2563 3150 4153 3222; baseline 0 -17"><span class='ocrx_word' id='word_1_666' title='bbox 2563 3153 2831 3222; x_wconf 81' lang='grc' dir='ltr'>γήσαντες</span> <span class='ocrx_word' id='word_1_667' title='bbox 2851 3150 2951 3221; x_wconf 84' lang='grc' dir='ltr'>τὴν</span> <span class='ocrx_word' id='word_1_668' title='bbox 2976 3150 3340 3221; x_wconf 80' lang='grc' dir='ltr'>ἀποστολικὴν</span> <span class='ocrx_word' id='word_1_669' title='bbox 3378 3150 3724 3218; x_wconf 82' lang='grc' dir='ltr'>Ἐκκλησίαν,</span> <span class='ocrx_word' id='word_1_670' title='bbox 3751 3150 4008 3203; x_wconf 85' lang='grc' dir='ltr'>τοιούτων</span> <span class='ocrx_word' id='word_1_671' title='bbox 4035 3168 4153 3205; x_wconf 89' lang='grc' dir='ltr'>στε-</span> 
     </span>
    </p>
   </div>
   <div class='ocr_carea' id='block_1_90' title="bbox 2567 3232 4152 3306">
    <p class='ocr_par' dir='ltr' id='par_1_90' title="bbox 2567 3232 4152 3306">
     <span class='ocr_line' id='line_1_90' title="bbox 2567 3232 4152 3306; baseline -0.001 -18"><span class='ocrx_word' id='word_1_672' title='bbox 2567 3237 2833 3306; x_wconf 82' lang='grc' dir='ltr'>ρήσαντες</span> <span class='ocrx_word' id='word_1_673' title='bbox 2884 3232 3238 3295; x_wconf 87' lang='grc' dir='ltr'>διδασκάλων,</span> <span class='ocrx_word' id='word_1_674' title='bbox 3297 3233 3393 3285; x_wconf 68' lang='lat' dir='ltr'>xa‘t</span> <span class='ocrx_word' id='word_1_675' title='bbox 3426 3232 3728 3295; x_wconf 86' lang='grc' dir='ltr'>πωλοῦντες</span> <span class='ocrx_word' id='word_1_676' title='bbox 3770 3233 4019 3305; x_wconf 84' lang='grc' dir='ltr'>ἀργυρίῳ</span> <span class='ocrx_word' id='word_1_677' title='bbox 4049 3235 4152 3296; x_wconf 79' lang='grc' dir='ltr'>τάς</span> 
     </span>
    </p>
   </div>
   <div class='ocr_carea' id='block_1_91' title="bbox 2563 3312 4151 3389">
    <p class='ocr_par' dir='ltr' id='par_1_91' title="bbox 2563 3312 4151 3389">
     <span class='ocr_line' id='line_1_91' title="bbox 2563 3312 4151 3389; baseline 0 -20"><span class='ocrx_word' id='word_1_678' title='bbox 2563 3315 2935 3389; x_wconf 85' lang='grc' dir='ltr'>χειροτονίας,</span> <span class='ocrx_word' id='word_1_679' title='bbox 2982 3313 3076 3377; x_wconf 82' lang='grc' dir='ltr'>οὒς</span> <span class='ocrx_word' id='word_1_680' title='bbox 3110 3314 3213 3384; x_wconf 74' lang='grc' dir='ltr'>ἢδη</span> <span class='ocrx_word' id='word_1_681' title='bbox 3255 3312 3639 3384; x_wconf 89' lang='grc' dir='ltr'>μετελεύσεται</span> <span class='ocrx_word' id='word_1_682' title='bbox 3687 3315 3868 3385; x_wconf 80' lang='grc' dir='ltr'>ὴθεὶα</span> <span class='ocrx_word' id='word_1_683' title='bbox 3904 3316 4025 3386; x_wconf 87' lang='grc' dir='ltr'>δίκη</span> <span class='ocrx_word' id='word_1_684' title='bbox 4067 3321 4151 3381; x_wconf 86' lang='grc' dir='ltr'>είς</span> 
     </span>
    </p>
   </div>
   <div class='ocr_carea' id='block_1_92' title="bbox 2562 3398 4150 3471">
    <p class='ocr_par' dir='ltr' id='par_1_92' title="bbox 2562 3398 4150 3471">
     <span class='ocr_line' id='line_1_92' title="bbox 2562 3398 4150 3471; baseline 0.001 -19"><span class='ocrx_word' id='word_1_685' title='bbox 2562 3399 2937 3471; x_wconf 74' lang='grc' dir='ltr'>ἐπανόρθωσιν</span> <span class='ocrx_word' id='word_1_686' title='bbox 2964 3398 3065 3468; x_wconf 87' lang='grc' dir='ltr'>τῆς</span> <span class='ocrx_word' id='word_1_687' title='bbox 3095 3398 3275 3450; x_wconf 82' lang='grc' dir='ltr'>αὐτῶν</span> <span class='ocrx_word' id='word_1_688' title='bbox 3302 3399 3701 3469; x_wconf 87' lang='grc' dir='ltr'>κακοπραγίας.</span> <span class='ocrx_word' id='word_1_689' title='bbox 3738 3400 3802 3452; x_wconf 75' lang='lat' dir='ltr'>El</span> <span class='ocrx_word' id='word_1_690' title='bbox 3837 3401 3945 3471; x_wconf 79' lang='grc' dir='ltr'>γὰρ</span> <span class='ocrx_word' id='word_1_691' title='bbox 3974 3402 4023 3453; x_wconf 90' lang='grc' dir='ltr'>οἰ</span> <span class='ocrx_word' id='word_1_692' title='bbox 4053 3402 4150 3455; x_wconf 85' lang='grc' dir='ltr'>τὸν</span> 
     </span>
    </p>
   </div>
   <div class='ocr_carea' id='block_1_93' title="bbox 2561 3481 4152 3556">
    <p class='ocr_par' dir='ltr' id='par_1_93' title="bbox 2561 3481 4152 3556">
     <span class='ocr_line' id='line_1_93' title="bbox 2561 3481 4152 3556; baseline 0 -20"><span class='ocrx_word' id='word_1_693' title='bbox 2561 3483 2844 3546; x_wconf 83' lang='grc' dir='ltr'>Μωῦσέως</span> <span class='ocrx_word' id='word_1_694' title='bbox 2873 3481 3367 3552; x_wconf 82' lang='grc' dir='ltr'>παραχαράξαντες</span> <span class='ocrx_word' id='word_1_695' title='bbox 3389 3481 3551 3552; x_wconf 91' lang='grc' dir='ltr'>νόμον</span> <span class='ocrx_word' id='word_1_696' title='bbox 3568 3482 3656 3535; x_wconf 80' lang='grc' dir='ltr'>διά</span> <span class='ocrx_word' id='word_1_697' title='bbox 3670 3485 3767 3554; x_wconf 82' lang='grc' dir='ltr'>τῆς</span> <span class='ocrx_word' id='word_1_698' title='bbox 3781 3483 3919 3552; x_wconf 84' lang='grc' dir='ltr'>άγαν</span> <span class='ocrx_word' id='word_1_699' title='bbox 3942 3486 4152 3556; x_wconf 72' lang='grc' dir='ltr'>ἀπροσο</span> 
     </span>
    </p>
   </div>
   <div class='ocr_carea' id='block_1_94' title="bbox 2560 3563 4150 3636">
    <p class='ocr_par' dir='ltr' id='par_1_94' title="bbox 2560 3563 4150 3636">
     <span class='ocr_line' id='line_1_94' title="bbox 2560 3563 4150 3636; baseline 0.001 -18"><span class='ocrx_word' id='word_1_700' title='bbox 2560 3565 2710 3630; x_wconf 78' lang='grc' dir='ltr'>εξίας</span> <span class='ocrx_word' id='word_1_701' title='bbox 2748 3564 3062 3636; x_wconf 84' lang='grc' dir='ltr'>φραγελλίῳ</span> <span class='ocrx_word' id='word_1_702' title='bbox 3091 3563 3452 3634; x_wconf 83' lang='grc' dir='ltr'>ἐκϐέϐληνται</span> <span class='ocrx_word' id='word_1_703' title='bbox 3479 3563 3571 3617; x_wconf 89' lang='grc' dir='ltr'>τοῦ</span> <span class='ocrx_word' id='word_1_704' title='bbox 3603 3564 3737 3629; x_wconf 88' lang='grc' dir='ltr'>νεὼς</span> <span class='ocrx_word' id='word_1_705' title='bbox 3781 3566 3885 3618; x_wconf 78' lang='grc' dir='ltr'>ὑπὸ</span> <span class='ocrx_word' id='word_1_706' title='bbox 3914 3566 4007 3619; x_wconf 89' lang='grc' dir='ltr'>τοῦ</span> <span class='ocrx_word' id='word_1_707' title='bbox 4034 3568 4150 3619; x_wconf 82' lang='grc' dir='ltr'>Σω-</span> 
     </span>
    </p>
   </div>
   <div class='ocr_carea' id='block_1_95' title="bbox 2562 3645 4150 3718">
    <p class='ocr_par' dir='ltr' id='par_1_95' title="bbox 2562 3645 4150 3718">
     <span class='ocr_line' id='line_1_95' title="bbox 2562 3645 4150 3718; baseline 0.001 -17"><span class='ocrx_word' id='word_1_708' title='bbox 2562 3649 2750 3718; x_wconf 88' lang='grc' dir='ltr'>τῆρος,</span> <span class='ocrx_word' id='word_1_709' title='bbox 2788 3648 2884 3701; x_wconf 77' lang='grc' dir='ltr'>καί⁵</span> <span class='ocrx_word' id='word_1_710' title='bbox 2916 3647 3075 3701; x_wconf 89' lang='grc' dir='ltr'>τοῦτο</span> <span class='ocrx_word' id='word_1_711' title='bbox 3105 3647 3344 3717; x_wconf 88' lang='grc' dir='ltr'>σχοινίου</span> <span class='ocrx_word' id='word_1_712' title='bbox 3375 3645 3426 3709; x_wconf 74' lang='grc' dir='ltr'>ἀ,</span> <span class='ocrx_word' id='word_1_713' title='bbox 3461 3646 3537 3710; x_wconf 84' lang='grc' dir='ltr'>ὠς</span> <span class='ocrx_word' id='word_1_714' title='bbox 3570 3646 3716 3701; x_wconf 82' lang='grc' dir='ltr'>ένδον</span> <span class='ocrx_word' id='word_1_715' title='bbox 3754 3647 3851 3711; x_wconf 82' lang='grc' dir='ltr'>τὰς</span> <span class='ocrx_word' id='word_1_716' title='bbox 3892 3665 4150 3718; x_wconf 86' lang='grc' dir='ltr'>περιστε-</span> 
     </span>
    </p>
   </div>
   <div class='ocr_carea' id='block_1_96' title="bbox 2564 3728 4149 3803">
    <p class='ocr_par' dir='ltr' id='par_1_96' title="bbox 2564 3728 4149 3803">
     <span class='ocr_line' id='line_1_96' title="bbox 2564 3728 4149 3803; baseline -0.001 -19"><span class='ocrx_word' id='word_1_717' title='bbox 2564 3733 2662 3803; x_wconf 73' lang='grc' dir='ltr'>ράς</span> <span class='ocrx_word' id='word_1_718' title='bbox 2698 3728 3042 3793; x_wconf 78' lang='grc' dir='ltr'>πωλοῦντες·</span> <span class='ocrx_word' id='word_1_719' title='bbox 3092 3730 3146 3782; x_wconf 87' lang='grc' dir='ltr'>τί</span> <span class='ocrx_word' id='word_1_720' title='bbox 3186 3730 3467 3782; x_wconf 89' lang='grc' dir='ltr'>πείσονται</span> <span class='ocrx_word' id='word_1_721' title='bbox 3502 3728 3611 3800; x_wconf 81' lang='grc' dir='ltr'>ἀρα</span> <span class='ocrx_word' id='word_1_722' title='bbox 3656 3731 3707 3782; x_wconf 86' lang='grc' dir='ltr'>οἱ</span> <span class='ocrx_word' id='word_1_723' title='bbox 3744 3730 4149 3799; x_wconf 80' lang='grc' dir='ltr'>καπηλεύοντες</span> 
     </span>
    </p>
   </div>
   <div class='ocr_carea' id='block_1_97' title="bbox 2561 3812 4150 3883">
    <p class='ocr_par' dir='ltr' id='par_1_97' title="bbox 2561 3812 4150 3883">
     <span class='ocr_line' id='line_1_97' title="bbox 2561 3812 4150 3883; baseline -0.001 -16"><span class='ocrx_word' id='word_1_724' title='bbox 2561 3814 2659 3883; x_wconf 79' lang='grc' dir='ltr'>τῆς</span> <span class='ocrx_word' id='word_1_725' title='bbox 2684 3814 2827 3877; x_wconf 85' lang='grc' dir='ltr'>Νέας</span> <span class='ocrx_word' id='word_1_726' title='bbox 2852 3812 3128 3883; x_wconf 86' lang='grc' dir='ltr'>Διαθήκης</span> <span class='ocrx_word' id='word_1_727' title='bbox 3158 3812 3260 3883; x_wconf 81' lang='grc' dir='ltr'>τὴν</span> <span class='ocrx_word' id='word_1_728' title='bbox 3285 3812 3580 3883; x_wconf 86' lang='grc' dir='ltr'>ἱερατείαν,</span> <span class='ocrx_word' id='word_1_729' title='bbox 3603 3812 3634 3881; x_wconf 88' lang='grc' dir='ltr'>ῆ</span> <span class='ocrx_word' id='word_1_730' title='bbox 3672 3812 3733 3864; x_wconf 84' lang='grc' dir='ltr'>τὸ</span> <span class='ocrx_word' id='word_1_731' title='bbox 3758 3812 3934 3882; x_wconf 75' lang='grc' dir='ltr'>ῥάϐδῳ</span> <span class='ocrx_word' id='word_1_732' title='bbox 3953 3813 4150 3883; x_wconf 75' lang='grc' dir='ltr'>σιδηρᾷ</span> 
     </span>
    </p>
   </div>
   <div class='ocr_carea' id='block_1_98' title="bbox 2565 3893 4149 3966">
    <p class='ocr_par' dir='ltr' id='par_1_98' title="bbox 2565 3893 4149 3966">
     <span class='ocr_line' id='line_1_98' title="bbox 2565 3893 4149 3966; baseline -0.001 -18"><span class='ocrx_word' id='word_1_733' title='bbox 2565 3896 2916 3966; x_wconf 85' lang='grc' dir='ltr'>συντριϐῆναι</span> <span class='ocrx_word' id='word_1_734' title='bbox 2939 3896 3044 3948; x_wconf 83' lang='grc' dir='ltr'>ύπὺ</span> <span class='ocrx_word' id='word_1_735' title='bbox 3074 3895 3169 3948; x_wconf 89' lang='grc' dir='ltr'>τοῦ</span> <span class='ocrx_word' id='word_1_736' title='bbox 3192 3895 3615 3966; x_wconf 82' lang='grc' dir='ltr'>ἀρχιποιμένος;</span> <span class='ocrx_word' id='word_1_737' title='bbox 3642 3893 3825 3958; x_wconf 87' lang='grc' dir='ltr'>καθὼς</span> <span class='ocrx_word' id='word_1_738' title='bbox 3845 3896 3874 3947; x_wconf 92' lang='lat'>6</span> <span class='ocrx_word' id='word_1_739' title='bbox 3889 3895 4149 3947; x_wconf 64' lang='grc' dir='ltr'>Ἀντιόστο⁴</span> 
     </span>
    </p>
   </div>
   <div class='ocr_carea' id='block_1_99' title="bbox 2562 3977 4150 4048">
    <p class='ocr_par' dir='ltr' id='par_1_99' title="bbox 2562 3977 4150 4048">
     <span class='ocr_line' id='line_1_99' title="bbox 2562 3977 4150 4048; baseline 0 -16"><span class='ocrx_word' id='word_1_740' title='bbox 2562 3979 2653 4042; x_wconf 91' lang='grc' dir='ltr'>λος</span> <span class='ocrx_word' id='word_1_741' title='bbox 2680 3978 2858 4048; x_wconf 87' lang='grc' dir='ltr'>λέγει·</span> <span class='ocrx_word' id='word_1_742' title='bbox 2894 3978 3213 4045; x_wconf 79' lang='grc' dir='ltr'>Ἀθετήσας</span> <span class='ocrx_word' id='word_1_743' title='bbox 3245 3996 3335 4044; x_wconf 83' lang='grc' dir='ltr'>τις</span> <span class='ocrx_word' id='word_1_744' title='bbox 3364 3979 3554 4047; x_wconf 81' lang='grc' dir='ltr'>νόμον</span> <span class='ocrx_word' id='word_1_745' title='bbox 3596 3977 3913 4045; x_wconf 73' lang='grc' dir='ltr'>Μωϋσέως,</span> <span class='ocrx_word' id='word_1_746' title='bbox 3964 3980 4150 4047; x_wconf 82' lang='grc' dir='ltr'>χωρὶς</span> 
     </span>
    </p>
   </div>
   <div class='ocr_carea' id='block_1_100' title="bbox 2564 4062 4149 4133">
    <p class='ocr_par' dir='ltr' id='par_1_100' title="bbox 2564 4062 4149 4133">
     <span class='ocr_line' id='line_1_100' title="bbox 2564 4062 4149 4133; baseline 0 -17"><span class='ocrx_word' id='word_1_747' title='bbox 2564 4063 2877 4133; x_wconf 73' lang='grc' dir='ltr'>οἰκτιρμῶν</span> <span class='ocrx_word' id='word_1_748' title='bbox 2901 4064 3000 4115; x_wconf 79' lang='grc' dir='ltr'>ἐπὶ</span> <span class='ocrx_word' id='word_1_749' title='bbox 3036 4062 3223 4118; x_wconf 80' lang='grc' dir='ltr'>δυσίν</span> <span class='ocrx_word' id='word_1_750' title='bbox 3252 4062 3291 4131; x_wconf 80' lang='grc' dir='ltr'><em>ἢ</em></span> <span class='ocrx_word' id='word_1_751' title='bbox 3332 4062 3492 4130; x_wconf 82' lang='grc' dir='ltr'>τρισί</span> <span class='ocrx_word' id='word_1_752' title='bbox 3538 4062 3843 4131; x_wconf 73' lang='grc' dir='ltr'>μάρτυσιν</span> <span class='ocrx_word' id='word_1_753' title='bbox 3879 4064 4149 4129; x_wconf 72' lang='grc' dir='ltr'>ἀποθνή-</span> 
     </span>
    </p>
   </div>
   <div class='ocr_carea' id='block_1_101' title="bbox 2566 4145 4149 4214">
    <p class='ocr_par' dir='ltr' id='par_1_101' title="bbox 2566 4145 4149 4214">
     <span class='ocr_line' id='line_1_101' title="bbox 2566 4145 4149 4214; baseline -0.001 -17"><span class='ocrx_word' id='word_1_754' title='bbox 2566 4161 2722 4199; x_wconf 87' lang='grc' dir='ltr'>σκει.</span> <span class='ocrx_word' id='word_1_755' title='bbox 2747 4148 2922 4213; x_wconf 85' lang='grc' dir='ltr'>Πόσῳ</span> <span class='ocrx_word' id='word_1_756' title='bbox 2951 4146 3183 4200; x_wconf 81' lang='grc' dir='ltr'>δοκεῖτε</span> <span class='ocrx_word' id='word_1_757' title='bbox 3223 4146 3499 4214; x_wconf 81' lang='grc' dir='ltr'>χείρονος</span> <span class='ocrx_word' id='word_1_758' title='bbox 3530 4145 3924 4211; x_wconf 77' lang='grc' dir='ltr'>ἀξιωθήσεται</span> <span class='ocrx_word' id='word_1_759' title='bbox 3973 4164 4149 4213; x_wconf 81' lang='grc' dir='ltr'>τιμω-</span> 
     </span>
    </p>
   </div>
   <div class='ocr_carea' id='block_1_102' title="bbox 2557 4227 4147 4298">
    <p class='ocr_par' dir='ltr' id='par_1_102' title="bbox 2557 4227 4147 4298">
     <span class='ocr_line' id='line_1_102' title="bbox 2557 4227 4147 4298; baseline 0.001 -17"><span class='ocrx_word' id='word_1_760' title='bbox 2557 4230 2698 4298; x_wconf 80' lang='grc' dir='ltr'>ρίας</span> <span class='ocrx_word' id='word_1_761' title='bbox 2730 4233 2761 4282; x_wconf 86' lang='grc' dir='ltr'>ό</span> <span class='ocrx_word' id='word_1_762' title='bbox 2791 4230 2895 4282; x_wconf 83' lang='grc' dir='ltr'>τόν</span> <span class='ocrx_word' id='word_1_763' title='bbox 2931 4230 3067 4283; x_wconf 77' lang='grc' dir='ltr'>Υίὸν</span> <span class='ocrx_word' id='word_1_764' title='bbox 3098 4228 3206 4283; x_wconf 79' lang='grc' dir='ltr'>τοῦ</span> <span class='ocrx_word' id='word_1_765' title='bbox 3253 4227 3403 4283; x_wconf 79' lang='grc' dir='ltr'>Θεοῦ</span> <span class='ocrx_word' id='word_1_766' title='bbox 3434 4227 3901 4293; x_wconf 77' lang='grc' dir='ltr'>καταπατήσας,</span> <span class='ocrx_word' id='word_1_767' title='bbox 3941 4228 4039 4282; x_wconf 77' lang='grc' dir='ltr'>καί</span> <span class='ocrx_word' id='word_1_768' title='bbox 4076 4229 4147 4282; x_wconf 83' lang='grc' dir='ltr'>τὸ</span> 
     </span>
    </p>
   </div>
   <div class='ocr_carea' id='block_1_103' title="bbox 2564 4303 4149 4381">
    <p class='ocr_par' dir='ltr' id='par_1_103' title="bbox 2564 4303 4149 4381">
     <span class='ocr_line' id='line_1_103' title="bbox 2564 4303 4149 4381; baseline 0 -17"><span class='ocrx_word' id='word_1_769' title='bbox 2564 4306 2706 4379; x_wconf 79' lang='grc' dir='ltr'>αἷμα</span> <span class='ocrx_word' id='word_1_770' title='bbox 2728 4310 2830 4379; x_wconf 82' lang='grc' dir='ltr'>τῆς</span> <span class='ocrx_word' id='word_1_771' title='bbox 2856 4313 3151 4381; x_wconf 77' lang='grc' dir='ltr'>Διαοήκης</span> <span class='ocrx_word' id='word_1_772' title='bbox 3168 4311 3375 4366; x_wconf 76' lang='grc' dir='ltr'>κοινὸν</span> <span class='ocrx_word' id='word_1_773' title='bbox 3398 4310 3803 4380; x_wconf 74' lang='grc' dir='ltr'>ἡγησάμενος,</span> <span class='ocrx_word' id='word_1_774' title='bbox 3829 4310 3899 4364; x_wconf 78' lang='grc' dir='ltr'>ἐν</span> <span class='ocrx_word' id='word_1_775' title='bbox 3916 4303 3965 4376; x_wconf 78' lang='grc' dir='ltr'><strong>ᾧ</strong></span> <span class='ocrx_word' id='word_1_776' title='bbox 3980 4310 4149 4380; x_wconf 76' lang='grc' dir='ltr'>ἠγιὰ-</span> 
     </span>
    </p>
   </div>
   <div class='ocr_carea' id='block_1_104' title="bbox 2565 4394 4144 4465">
    <p class='ocr_par' dir='ltr' id='par_1_104' title="bbox 2565 4394 4144 4465">
     <span class='ocr_line' id='line_1_104' title="bbox 2565 4394 4144 4465; baseline -0.002 -16"><span class='ocrx_word' id='word_1_777' title='bbox 2565 4400 2705 4461; x_wconf 83' lang='grc' dir='ltr'>σθη,</span> <span class='ocrx_word' id='word_1_778' title='bbox 2745 4396 2843 4448; x_wconf 79' lang='grc' dir='ltr'>καὶ</span> <span class='ocrx_word' id='word_1_779' title='bbox 2877 4396 2942 4448; x_wconf 75' lang='grc' dir='ltr'>τὸ</span> <span class='ocrx_word' id='word_1_780' title='bbox 2970 4397 3215 4465; x_wconf 81' lang='grc' dir='ltr'>Πνεῦμα</span> <span class='ocrx_word' id='word_1_781' title='bbox 3235 4395 3346 4463; x_wconf 85' lang='grc' dir='ltr'>τῆς</span> <span class='ocrx_word' id='word_1_782' title='bbox 3373 4394 3615 4464; x_wconf 81' lang='grc' dir='ltr'>χάριτος</span> <span class='ocrx_word' id='word_1_783' title='bbox 3651 4394 4011 4462; x_wconf 77' lang='grc' dir='ltr'>ἐνυϐρίσας;</span> <span class='ocrx_word' id='word_1_784' title='bbox 4045 4394 4144 4446; x_wconf 74' lang='grc' dir='ltr'>οι.</span> 
     </span>
    </p>
   </div>
   <div class='ocr_carea' id='block_1_105' title="bbox 2564 4476 4148 4547">
    <p class='ocr_par' dir='ltr' id='par_1_105' title="bbox 2564 4476 4148 4547">
     <span class='ocr_line' id='line_1_105' title="bbox 2564 4476 4148 4547; baseline 0.001 -16"><span class='ocrx_word' id='word_1_785' title='bbox 2564 4478 2752 4546; x_wconf 76' lang='grc' dir='ltr'>δίιμεν</span> <span class='ocrx_word' id='word_1_786' title='bbox 2770 4477 2877 4547; x_wconf 83' lang='grc' dir='ltr'>γὰρ</span> <span class='ocrx_word' id='word_1_787' title='bbox 2907 4478 3014 4531; x_wconf 82' lang='grc' dir='ltr'>τόν</span> <span class='ocrx_word' id='word_1_788' title='bbox 3044 4480 3307 4531; x_wconf 75' lang='grc' dir='ltr'>εἰπόντα·</span> <span class='ocrx_word' id='word_1_789' title='bbox 3326 4479 3488 4547; x_wconf 85' lang='grc' dir='ltr'>Ἐμοί</span> <span class='ocrx_word' id='word_1_790' title='bbox 3509 4478 3840 4544; x_wconf 80' lang='grc' dir='ltr'>ἐκδίκησις,</span> <span class='ocrx_word' id='word_1_791' title='bbox 3866 4476 3981 4546; x_wconf 72' lang='grc' dir='ltr'>ἐγώ</span> <span class='ocrx_word' id='word_1_792' title='bbox 3999 4479 4148 4532; x_wconf 70' lang='grc' dir='ltr'>ειν-το</span> 
     </span>
    </p>
   </div>
   <div class='ocr_carea' id='block_1_106' title="bbox 2563 4560 4145 4632">
    <p class='ocr_par' dir='ltr' id='par_1_106' title="bbox 2563 4560 4145 4632">
     <span class='ocr_line' id='line_1_106' title="bbox 2563 4560 4145 4632; baseline 0.001 -18"><span class='ocrx_word' id='word_1_793' title='bbox 2563 4562 2878 4626; x_wconf 80' lang='grc' dir='ltr'>αποδώσω,</span> <span class='ocrx_word' id='word_1_794' title='bbox 2902 4561 3061 4631; x_wconf 77' lang='grc' dir='ltr'>λέγει</span> <span class='ocrx_word' id='word_1_795' title='bbox 3109 4563 3343 4629; x_wconf 76' lang='grc' dir='ltr'>Κύριος.</span> <span class='ocrx_word' id='word_1_796' title='bbox 3376 4562 3633 4630; x_wconf 79' lang='grc' dir='ltr'>Φοϐερόν</span> <span class='ocrx_word' id='word_1_797' title='bbox 3666 4562 3731 4616; x_wconf 88' lang='grc' dir='ltr'>τὸ</span> <span class='ocrx_word' id='word_1_798' title='bbox 3757 4560 4042 4632; x_wconf 74' lang='grc' dir='ltr'>ἐμπεσεῖν</span> <span class='ocrx_word' id='word_1_799' title='bbox 4055 4564 4145 4626; x_wconf 84' lang='grc' dir='ltr'>είς</span> 
     </span>
    </p>
   </div>
   <div class='ocr_carea' id='block_1_107' title="bbox 2565 4642 4146 4713">
    <p class='ocr_par' dir='ltr' id='par_1_107' title="bbox 2565 4642 4146 4713">
     <span class='ocr_line' id='line_1_107' title="bbox 2565 4642 4146 4713; baseline -0.001 -15"><span class='ocrx_word' id='word_1_800' title='bbox 2565 4646 2770 4713; x_wconf 72' lang='grc' dir='ltr'>χεῖρας</span> <span class='ocrx_word' id='word_1_801' title='bbox 2804 4643 2954 4698; x_wconf 87' lang='grc' dir='ltr'>Θεοῦ</span> <span class='ocrx_word' id='word_1_802' title='bbox 3009 4642 3251 4711; x_wconf 76' lang='grc' dir='ltr'>ζῶντος.</span> <span class='ocrx_word' id='word_1_803' title='bbox 3302 4644 3362 4697; x_wconf 86' lang='lat'><em>&#39;0</em></span> <span class='ocrx_word' id='word_1_804' title='bbox 3410 4645 3467 4698; x_wconf 84' lang='grc' dir='ltr'>δὲ</span> <span class='ocrx_word' id='word_1_805' title='bbox 3502 4645 3593 4698; x_wconf 75' lang='grc' dir='ltr'>τὸν</span> <span class='ocrx_word' id='word_1_806' title='bbox 3622 4646 3768 4699; x_wconf 86' lang='grc' dir='ltr'>ὅσιον</span> <span class='ocrx_word' id='word_1_807' title='bbox 3810 4644 3999 4699; x_wconf 90' lang='grc' dir='ltr'>τοῦτον</span> <span class='ocrx_word' id='word_1_808' title='bbox 4047 4645 4146 4697; x_wconf 77' lang='grc' dir='ltr'>καὶ</span> 
     </span>
    </p>
   </div>
   <div class='ocr_carea' id='block_1_108' title="bbox 2564 4726 4144 4800">
    <p class='ocr_par' dir='ltr' id='par_1_108' title="bbox 2564 4726 4144 4800">
     <span class='ocr_line' id='line_1_108' title="bbox 2564 4726 4144 4800; baseline 0.001 -19"><span class='ocrx_word' id='word_1_809' title='bbox 2564 4728 2720 4796; x_wconf 75' lang='grc' dir='ltr'>ἅγιον</span> <span class='ocrx_word' id='word_1_810' title='bbox 2745 4728 2982 4798; x_wconf 89' lang='grc' dir='ltr'>ποιμένα</span> <span class='ocrx_word' id='word_1_811' title='bbox 3000 4726 3098 4779; x_wconf 69' lang='grc' dir='ltr'>,καὶ</span> <span class='ocrx_word' id='word_1_812' title='bbox 3127 4727 3224 4797; x_wconf 84' lang='grc' dir='ltr'>τῆς</span> <span class='ocrx_word' id='word_1_813' title='bbox 3252 4726 3597 4798; x_wconf 80' lang='grc' dir='ltr'>δικαιοσύνης</span> <span class='ocrx_word' id='word_1_814' title='bbox 3620 4728 3884 4800; x_wconf 86' lang='grc' dir='ltr'>φωστῆρα</span> <span class='ocrx_word' id='word_1_815' title='bbox 3912 4728 4144 4792; x_wconf 80' lang='grc' dir='ltr'>δοξάσας</span> 
     </span>
    </p>
   </div>
   <div class='ocr_carea' id='block_1_109' title="bbox 2564 4809 4142 4882">
    <p class='ocr_par' dir='ltr' id='par_1_109' title="bbox 2564 4809 4142 4882">
     <span class='ocr_line' id='line_1_109' title="bbox 2564 4809 4142 4882; baseline 0.001 -18"><span class='ocrx_word' id='word_1_816' title='bbox 2564 4809 2851 4881; x_wconf 81' lang='grc' dir='ltr'>Θεὸς,.δῴη</span> <span class='ocrx_word' id='word_1_817' title='bbox 2880 4812 3014 4880; x_wconf 79' lang='grc' dir='ltr'>ἡμῖν</span> <span class='ocrx_word' id='word_1_818' title='bbox 3051 4810 3269 4881; x_wconf 87' lang='grc' dir='ltr'>μέροςῆ</span> <span class='ocrx_word' id='word_1_819' title='bbox 3310 4810 3511 4882; x_wconf 86' lang='grc' dir='ltr'>κλῆρον</span> <span class='ocrx_word' id='word_1_820' title='bbox 3556 4813 3737 4882; x_wconf 71' lang='grc' dir='ltr'>εὑρεῖν</span> <span class='ocrx_word' id='word_1_821' title='bbox 3766 4814 3863 4866; x_wconf 80' lang='grc' dir='ltr'>σὺν</span> <span class='ocrx_word' id='word_1_822' title='bbox 3902 4810 4054 4881; x_wconf 80' lang='grc' dir='ltr'>αὐτῷ</span> <span class='ocrx_word' id='word_1_823' title='bbox 4079 4813 4142 4865; x_wconf 86' lang='grc' dir='ltr'>ἐν</span> 
     </span>
    </p>
   </div>
   <div class='ocr_carea' id='block_1_110' title="bbox 2563 4888 4145 4967">
    <p class='ocr_par' dir='ltr' id='par_1_110' title="bbox 2563 4888 4145 4967">
     <span class='ocr_line' id='line_1_110' title="bbox 2563 4888 4145 4967; baseline -0.001 -20"><span class='ocrx_word' id='word_1_824' title='bbox 2563 4898 2627 4965; x_wconf 80' lang='grc' dir='ltr'>τῇ</span> <span class='ocrx_word' id='word_1_825' title='bbox 2657 4894 2863 4965; x_wconf 79' lang='grc' dir='ltr'>φοϐερᾷ</span> <span class='ocrx_word' id='word_1_826' title='bbox 2891 4893 3055 4947; x_wconf 83' lang='grc' dir='ltr'>αὑτοῦ</span> <span class='ocrx_word' id='word_1_827' title='bbox 3089 4893 3189 4966; x_wconf 89' lang='grc' dir='ltr'>τῆς</span> <span class='ocrx_word' id='word_1_828' title='bbox 3210 4893 3606 4965; x_wconf 89' lang='grc' dir='ltr'>δικαιοκρισίας</span> <span class='ocrx_word' id='word_1_829' title='bbox 3630 4896 3811 4967; x_wconf 83' lang='grc' dir='ltr'>ἡμέρᾳ</span> <span class='ocrx_word' id='word_1_830' title='bbox 3830 4913 3844 4926; x_wconf 79' lang='grc' dir='ltr'><strong>ο</strong></span> <span class='ocrx_word' id='word_1_831' title='bbox 3939 4893 4145 4964; x_wconf 78' lang='grc' dir='ltr'>πρέπει</span> 
     </span>
    </p>
   </div>
   <div class='ocr_carea' id='block_1_111' title="bbox 2563 4976 4145 5049">
    <p class='ocr_par' dir='ltr' id='par_1_111' title="bbox 2563 4976 4145 5049">
     <span class='ocr_line' id='line_1_111' title="bbox 2563 4976 4145 5049; baseline -0.002 -19"><span class='ocrx_word' id='word_1_832' title='bbox 2563 4977 2709 5044; x_wconf 80' lang='grc' dir='ltr'>δόξα,</span> <span class='ocrx_word' id='word_1_833' title='bbox 2736 4978 2892 5049; x_wconf 82' lang='grc' dir='ltr'>τιμὴ,</span> <span class='ocrx_word' id='word_1_834' title='bbox 2928 4977 3285 5048; x_wconf 86' lang='grc' dir='ltr'>μεγαλωσύνη</span> <span class='ocrx_word' id='word_1_835' title='bbox 3328 4978 3422 5031; x_wconf 77' lang='grc' dir='ltr'>καὶ</span> <span class='ocrx_word' id='word_1_836' title='bbox 3455 4977 3897 5049; x_wconf 80' lang='grc' dir='ltr'>μεγαλοπρέπεια</span> <span class='ocrx_word' id='word_1_837' title='bbox 3928 4976 4005 5047; x_wconf 85' lang='grc' dir='ltr'>τῷ</span> <span class='ocrx_word' id='word_1_838' title='bbox 4035 4976 4145 5028; x_wconf 82' lang='grc' dir='ltr'>Πα-</span> 
     </span>
    </p>
   </div>
   <div class='ocr_carea' id='block_1_112' title="bbox 2561 5060 4143 5131">
    <p class='ocr_par' dir='ltr' id='par_1_112' title="bbox 2561 5060 4143 5131">
     <span class='ocr_line' id='line_1_112' title="bbox 2561 5060 4143 5131; baseline 0 -20"><span class='ocrx_word' id='word_1_839' title='bbox 2561 5061 2676 5129; x_wconf 73' lang='grc' dir='ltr'>τρὶ,</span> <span class='ocrx_word' id='word_1_840' title='bbox 2706 5061 2800 5112; x_wconf 77' lang='grc' dir='ltr'>καὶ</span> <span class='ocrx_word' id='word_1_841' title='bbox 2834 5060 2911 5130; x_wconf 87' lang='grc' dir='ltr'>τῷ</span> <span class='ocrx_word' id='word_1_842' title='bbox 2943 5061 3078 5129; x_wconf 78' lang='grc' dir='ltr'>Υίῷ,</span> <span class='ocrx_word' id='word_1_843' title='bbox 3103 5063 3196 5113; x_wconf 67' lang='grc' dir='ltr'>καὶ</span> <span class='ocrx_word' id='word_1_844' title='bbox 3219 5060 3298 5129; x_wconf 80' lang='grc' dir='ltr'>τῷ</span> <span class='ocrx_word' id='word_1_845' title='bbox 3326 5061 3465 5131; x_wconf 83' lang='grc' dir='ltr'>ἀγίῳ</span> <span class='ocrx_word' id='word_1_846' title='bbox 3492 5060 3788 5131; x_wconf 88' lang='grc' dir='ltr'>Πνεύματι,</span> <span class='ocrx_word' id='word_1_847' title='bbox 3816 5060 3911 5114; x_wconf 89' lang='grc' dir='ltr'>νῦν</span> <span class='ocrx_word' id='word_1_848' title='bbox 3938 5060 4031 5113; x_wconf 74' lang='grc' dir='ltr'>καὶ</span> <span class='ocrx_word' id='word_1_849' title='bbox 4052 5060 4143 5112; x_wconf 74' lang='grc' dir='ltr'>ἀεὶ</span> 
     </span>
    </p>
   </div>
   <div class='ocr_carea' id='block_1_113' title="bbox 2562 5142 3789 5215">
    <p class='ocr_par' dir='ltr' id='par_1_113' title="bbox 2562 5142 3789 5215">
     <span class='ocr_line' id='line_1_113' title="bbox 2562 5142 3789 5215; baseline -0.001 -16"><span class='ocrx_word' id='word_1_850' title='bbox 2562 5144 2657 5199; x_wconf 74' lang='grc' dir='ltr'>καὶ</span> <span class='ocrx_word' id='word_1_851' title='bbox 2685 5146 2765 5208; x_wconf 87' lang='grc' dir='ltr'>είς</span> <span class='ocrx_word' id='word_1_852' title='bbox 2797 5143 2922 5206; x_wconf 69' lang='grc' dir='ltr'>τοὺς</span> <span class='ocrx_word' id='word_1_853' title='bbox 2957 5142 3161 5208; x_wconf 86' lang='grc' dir='ltr'>αἰῶνας</span> <span class='ocrx_word' id='word_1_854' title='bbox 3196 5142 3305 5196; x_wconf 88' lang='grc' dir='ltr'>τῶν</span> <span class='ocrx_word' id='word_1_855' title='bbox 3330 5142 3558 5197; x_wconf 79' lang='grc' dir='ltr'>αἰώνων.</span> <span class='ocrx_word' id='word_1_856' title='bbox 3592 5143 3789 5215; x_wconf 80' lang='grc' dir='ltr'>Ἀμήν.</span> 
     </span>
    </p>
   </div>
   <div class='ocr_carea' id='block_1_114' title="bbox 2629 5294 3351 5359">
    <p class='ocr_par' dir='ltr' id='par_1_114' title="bbox 2629 5294 3351 5359">
     <span class='ocr_line' id='line_1_114' title="bbox 2629 5294 3351 5359; baseline -0.004 -12"><span class='ocrx_word' id='word_1_857' title='bbox 2629 5301 2651 5328; x_wconf 70' lang='grc'><strong>⁸</strong></span> <span class='ocrx_word' id='word_1_858' title='bbox 2679 5297 2809 5347; x_wconf 74' lang='lat' dir='ltr'>Fort.</span> <span class='ocrx_word' id='word_1_859' title='bbox 2838 5294 3163 5359; x_wconf 72' lang='lat' dir='ltr'>add.__el60&#39;:e:.</span> <span class='ocrx_word' id='word_1_860' title='bbox 3192 5296 3351 5359; x_wconf 77' lang='lat' dir='ltr'>Bigot.</span> 
     </span>
    </p>
   </div>
   <div class='ocr_carea' id='block_1_115' title="bbox 2625 5356 3763 5423">
    <p class='ocr_par' dir='ltr' id='par_1_115' title="bbox 2625 5356 3763 5423">
     <span class='ocr_line' id='line_1_115' title="bbox 2625 5356 3763 5423; baseline -0.005 -13"><span class='ocrx_word' id='word_1_861' title='bbox 2625 5360 2651 5399; x_wconf 74' lang='grc' dir='ltr'><strong><em>ἀ</em></strong></span> <span class='ocrx_word' id='word_1_862' title='bbox 2675 5360 2906 5423; x_wconf 84' lang='grc' dir='ltr'>Σχοινίου.</span> <span class='ocrx_word' id='word_1_863' title='bbox 2940 5356 3273 5408; x_wconf 73' lang='lat' dir='ltr'>Hanc‘voceni</span> <span class='ocrx_word' id='word_1_864' title='bbox 3283 5370 3313 5409; x_wconf 81' lang='grc' dir='ltr'>ε</span> <span class='ocrx_word' id='word_1_865' title='bbox 3334 5358 3441 5408; x_wconf 84' lang='lat' dir='ltr'>cod.</span> <span class='ocrx_word' id='word_1_866' title='bbox 3464 5357 3763 5422; x_wconf 62' lang='lat' dir='ltr'>recepimus:</span> 
     </span>
    </p>
   </div>
  </div>
