4504 6756
393 607 454 662 81
1426 597 1511 652 DE
1555 596 1714 651 VITA
1755 591 1813 645 S.
1853 584 2133 640 10.13le
2160 586 2658 642 CllRYSOSTUMI.
3583 589 3656 641 ει

397 727 654 785 ιηυειαῑι.
685 731 783 771 nos
809 711 1204 784 deprrdantttr.
1229 707 1513 764 Pcrvcrsos
1539 722 1768 775 namque
1792 719 1967 759 mores

392 823 519 863 suos
551 811 913 876 invidiamque
940 803 1298 867 occultantes,
1329 805 1444 871 ejus
1473 816 1656 856 curam
1685 813 1743 852 se
1774 796 1970 851 habere

393 901 555 954 verbo
594 899 880 959 simulant,
913 907 1068 962 quam
1111 891 1258 948 factis
1297 891 1706 946 labefactarunt.
1739 887 1839 944 Sed
1870 888 1968 942 etsi

393 989 495 1044 boc
525 989 852 1044 simulabant
872 1025 885 1044 .
911 999 1090 1038 rerum
1112 986 1283 1039 exitus
1309 985 1452 1053 ipsos
1473 980 1751 1050 redarguet
1771 1022 1784 1042 ,
1808 980 1968 1033 obse-

389 1091 585 1150 quutos
611 1092 730 1132 esse
745 1077 816 1139 ei,
837 1075 923 1142 qui
953 1075 1203 1144 gloriatus
1221 1083 1302 1129 est
1329 1092 1342 1126 :
1371 1070 1490 1124 Non
1517 1073 1744 1123 movebar
1767 1086 1798 1122 a
1823 1084 1972 1138 geneb

388 1171 661 1226 rationein
692 1169 1059 1238 generationem
1089 1170 1194 1222 sine
1220 1167 1353 1219 malo
1381 1162 1552 1236 (Psal.
1585 1164 1669 1218 l0.
1698 1163 1789 1232 6).
1820 1159 1970 1213 Non-

390 1263 518 1316 dum
546 1259 688 1313 euim
718 1260 948 1326 speciem
976 1275 1124 1314 nova:
1153 1259 1425 1313 hmreseos
1458 1255 1733 1309 invenerat
1772 1251 1971 1320 iniqui-

393 1350 518 1403 tatis
536 1349 778 1402 invcntor
798 1361 848 1403 ct
869 1352 1111 1418 pessimce
1136 1347 1580 1415 concupiscentia:
1599 1343 1838 1400 excultor
1857 1356 1971 1395 ser-

392 1451 560 1507 pens,
592 1453 712 1492 cum
748 1441 1058 1509 pra-positos
1089 1438 1447 1492 Ecclesiarum
1476 1435 1540 1489 ad
1567 1444 1775 1488 mutuas
1799 1430 1972 1485 caades

393 1526 630 1580 efferavit
659 1530 947 1585 ambitione
974 1529 1245 1584 cathedra:
1265 1537 1318 1580 ct
1341 1528 1524 1595 prima:
1550 1527 1713 1589 sedis,
1740 1539 1834 1592 per
1852 1537 1971 1591 qua:

394 1618 680 1672 scissuram
723 1619 984 1674 fecerunt.
1030 1621 1086 1674 Si
1124 1619 1267 1672 enim
1304 1618 1530 1686 Spiritus
1562 1617 1654 1671 Dei
1687 1614 1972 1669 concordia

395 1717 537 1761 esset
567 1709 704 1762 inter
735 1709 1013 1779 episeOpus
1033 1751 1047 1774 ,
1080 1717 1134 1761 et
1163 1717 1218 1760 ut
1241 1717 1427 1761 auctor
1458 1707 1700 1761 criminis
1721 1745 1735 1770 ,
1765 1711 1857 1757 aut
1886 1703 1972 1757 iu-

395 1796 586 1868 dignus
635 1803 934 1856 sacerdotio
955 1844 969 1867 ,
1001 1810 1090 1854 aut
1109 1842 1124 1866 ,
1154 1811 1210 1854 ut
1229 1799 1554 1870 TheOphilus
1573 1801 1682 1864 ait,
1711 1798 1974 1868 superbia:

395 1890 679 1953 obnoxius,
707 1895 876 1948 arceri
904 1894 1179 1947 debuisset
1200 1892 1430 1948 Joannes
1455 1910 1468 1946 :
1495 1901 1706 1961 poterat
1731 1890 1975 1959 omnipo-

398 1987 516 2031 tens
544 1979 634 2033 Dei
670 1983 921 2050 sapientia
949 1984 1067 2052 jure
1093 1999 1122 2035 a
1145 1984 1442 2037 sacerdotio
1472 1985 1621 2038 illum
1647 1996 1853 2042 arcere,
1885 1989 1972 2035 aut

398 2070 610 2126 modum
635 2075 879 2131 invenire
906 2091 1001 2145 per
1029 2091 1187 2144 quem
1215 2074 1329 2129 sine
1358 2076 1582 2128 tumultu
1605 2083 1661 2128 et
1689 2074 1806 2128 sine
1832 2073 1972 2127 fleti-

395 2161 494 2216 bus
535 2163 834 2233 ejiceretur,
858 2167 1064 2221 scilicet
1090 2176 1182 2218 aut
1209 2175 1410 2229 morte,
1458 2174 1548 2219 aut
1589 2163 1855 2234 paralysi,
1885 2172 1976 2216 aut

394 2254 680 2309 amissione
706 2257 852 2310 vocis
871 2298 885 2322 ,
911 2265 966 2309 ut
996 2256 1242 2310 novimus
1267 2254 1530 2324 aliquibus
1560 2270 1627 2310 ex
1656 2254 1975 2309 adversariis

393 2344 673 2410 ac'cidiSse,
701 2357 754 2400 et
785 2348 993 2416 aliquos
1016 2346 1190 2400 adhuc
1223 2346 1273 2399 in
1301 2361 1366 2400 eo
1393 2360 1512 2400 esse
1537 2355 1593 2400 ut
1621 2345 1735 2401 hmo
1761 2346 1973 2416 patian-

395 2445 504 2489 tur.
533 2437 612 2490 Ex
642 2454 748 2506 quo
772 2449 948 2492 autem
982 2449 1058 2492 tot
1082 2449 1136 2493 et
1164 2448 1307 2493 tanta
1337 2437 1620 2494 Servatore
1649 2439 1862 2509 indigna
1889 2438 1973 2493 fa-

397 2534 484 2578 cta
514 2527 839 2596 subsequuta
869 2539 1012 2592 sunt,
1043 2529 1156 2597 ipse
1189 2530 1405 2598 quidem
1435 2543 1543 2583 non
1563 2528 1836 2598 depositus
1858 2539 1970 2595 est,

395 2614 488 2667 sed
518 2615 570 2668 in
598 2616 843 2670 exsilium
873 2629 1023 2672 actus
1049 2637 1061 2672 :
1084 2619 1305 2673 evidens
1331 2627 1415 2673 est
1439 2618 1636 2674 diaboli
1667 2633 1788 2674 esse
1815 2635 1970 2689 opus,

393 2704 545 2772 cujus
562 2720 782 2775 regnum
801 2707 1020 2762 Joannis
1041 2695 1414 2778 prmdicatiorie
1431 2709 1823 2766 destruebatur.
1838 2710 1972 2766 Novi

393 2795 603 2864 quider‘
635 2813 727 2852 ses
755 2800 1036 2869 episc0pos
1061 2801 1255 2855 merito
1294 2817 1324 2856 a
1354 2800 1561 2856 Joanne
1585 2801 1887 2872 depositus,
1917 2811 1975 2857 ut

391 2886 740 2942 sacerdotalis
765 2890 1036 2960 dignitatis
1071 2901 1372 2962 emptores,
1412 2893 1482 2948 de
1507 2894 1703 2964 quibus
1725 2897 1972 2963 superius

393 2974 522 3030 disi.
572 2977 703 3044 Quis
730 2979 1047 3050 lacrymatus
1077 2983 1192 3036 est?
1230 2983 1381 3051 cujus
1420 2998 1452 3037 e
1491 2984 1710 3038 naribus
1749 2985 1970 3040 stillavit

392 3067 639 3134 sanguis?
661 3083 779 3136 qua:
798 3072 980 3124 aranei
1004 3071 1104 3124 tela
1128 3073 1397 3127 conscissa
1417 3076 1533 3128 est?
1557 3075 1679 3144 quis
1696 3075 1856 3130 domo
1877 3089 1972 3130 sua

395 3160 576 3222 pulsus
604 3157 720 3210 est?
758 3163 878 3228 quis
906 3160 989 3212 vel
1031 3161 1189 3214 obolo
1232 3163 1520 3218 mulctatus
1547 3165 1667 3218 est?
1696 3166 1817 3233 quis
1846 3180 1975 3220 vero

394 3243 533 3298 Asia:
558 3246 856 3312 circulator,
890 3258 982 3302 aut
1007 3249 1188 3318 opifex
1213 3292 1227 3315 ,
1251 3259 1343 3304 aut
1380 3253 1607 3322 agricola
1630 3293 1645 3318 ,
1668 3262 1760 3307 aut
1799 3263 1970 3320 sutor,

393 3341 486 3386 aut
515 3334 771 3402 plebeius,
800 3348 1074 3406 gratanter
1101 3355 1207 3393 non
1228 3341 1396 3395 audiit
1416 3343 1558 3413 quod
1582 3343 1849 3398 acciderat
1878 3361 1974 3414 pro

394 3425 724 3481 vindicandis
763 3431 928 3483 sacris
969 3430 1208 3499 legibus?
1235 3433 1486 3487 accinens
1509 3451 1523 3485 :
1549 3434 1715 3499 Quam
1740 3435 1976 3505 magniﬁ-

395 3526 508 3568 cata
536 3526 651 3569 sunt
676 3534 831 3582 opera
857 3529 962 3585 tua,
987 3519 1242 3576 Domine!
1269 3525 1441 3578 omnia
1465 3525 1519 3579 in
1541 3527 1790 3595 sapientia
1814 3529 1977 3596 fecisti

395 3603 570 3672 (Psal.
597 3607 718 3662 105.
742 3607 856 3677 24).
881 3609 978 3664 Ubi
1005 3613 1145 3665 enim
1173 3613 1312 3668 Deus
1336 3625 1610 3684 operatur,
1633 3618 1813 3672 omnia
1843 3618 1978 3673 fiunt

392 3696 445 3748 in
461 3699 719 3767 sapientia
745 3717 759 3753 :
785 3702 870 3756 ubi
893 3717 1016 3758 vero
1041 3705 1299 3760 bonorum
1323 3721 1450 3762 osor
1475 3709 1705 3774 daemon,
1729 3712 1976 3767 similiter

392 3789 570 3842 omnia
593 3791 645 3843 in
673 3791 998 3862 insipientia.
1041 3795 1210 3851 Porro
1237 3798 1591 3866 insipientiam
1622 3816 1708 3855 res
1727 3802 1973 3857 absurda:

391 3889 708 3947 sequuntur,
736 3883 950 3938 invidia:
966 3925 982 3950 ,
1009 3886 1206 3954 caades,
1225 3888 1459 3958 jurgium
1479 3929 1495 3955 ,
1519 3891 1807 3958 :emulatio,
1831 3892 1976 3946 furo-

391 3982 481 4022 res
499 4010 514 4034 ,
539 3972 669 4023 rixzr
687 4012 702 4033 ,
731 3971 1012 4028 discordiae
1031 4017 1047 4042 ,
1074 3977 1335 4048 fragores,
1363 3979 1730 4048 imperitorum
1758 3982 1975 4052 compi-

393 4062 550 4127 ratio,
580 4063 982 4132 magistratuum
1014 4066 1212 4133 fervor,
1241 4084 1450 4135 cruces,
1483 4073 1705 4127 laterum
1734 4073 1976 4128 abrasio-

392 4166 524 4217 nes,
557 4152 742 4220 tmdaz,
783 4157 882 4211 rivi
925 4160 1242 4228 sanguinum
1267 4201 1284 4226 ,
1323 4163 1688 4220 intolerabiles
1729 4167 1974 4234 mulctze,

395 4242 781 4310 publicationes
808 4246 1086 4312 bonorum,
1110 4249 1405 4306 solutiones
1424 4253 1722 4308 divinarum
1744 4258 1980 4312 sanctio-

394 4349 545 4400 num,
559 4347 893 4408 contemptus
906 4341 1100 4411 legum,
1118 4342 1334 4412 pudoris
1347 4352 1402 4399 et
1413 4344 1726 4415 frugalitatis
1737 4359 1976 4404 contem-

397 4434 519 4494 ptus
540 4467 556 4491 ,
588 4427 735 4483 orbis
765 4439 1022 4487 terrarum
1049 4435 1300 4500 scissura,
1333 4445 1531 4506 paratae
1563 4447 1700 4494 terra
1731 4441 1972 4512 marique

395 4515 604 4570 insidiae
631 4520 867 4586 navales,
891 4534 1191 4592 equestres,
1221 4527 1599 4599 pedestresque
1623 4531 1881 4586 machina:
1905 4533 1971 4587 ad

395 4604 833 4673 impedimentum
873 4627 1059 4667 eorum
1103 4617 1193 4686 qui
1223 4618 1462 4674 veritatis
1503 4635 1660 4675 causa
1703 4622 1966 4676 exsulant.

392 4694 672 4761 Quomodo
719 4698 878 4767 igitur
922 4703 1119 4759 audent
1161 4707 1342 4763 dicere
1376 4727 1390 4762 :
1433 4709 1528 4764 Dei
1578 4711 1972 4781 dispensatione

391 4783 626 4840 Joannes
653 4786 857 4856 ejectus
879 4793 997 4846 est?
1025 4793 1209 4849 Dicant
1228 4808 1406 4854 autem
1431 4802 1582 4866 mihi,
1604 4804 1693 4873 qui
1725 4804 1824 4859 ista
1856 4821 1975 4874 per-

391 4889 624 4935 sonant:
648 4879 835 4938 Nonne
869 4894 1076 4954 poterat
1101 4891 1446 4959 omnipotens
1474 4895 1568 4950 Dei
1597 4899 1854 4967 sapientia
1887 4900 1974 4953 in-

394 4972 611 5038 visibili,
639 4983 697 5029 ut
719 4975 850 5042 dixi,
880 4978 1074 5034 virtute
1095 4980 1378 5047 Joannem,
1410 4985 1456 5038 si
1484 4988 1732 5058 indignus
1761 4990 1967 5053 fuisset.

392 5080 680 5132 amovere,
710 5079 803 5122 aut
829 5070 1050 5124 suadere
1083 5071 1406 5130 adversariis
1434 5077 1549 5132 sine
1579 5079 1878 5134 interventu
1918 5093 1972 5136 et

394 5155 598 5211 viribus
627 5158 921 5228 principum
945 5160 1215 5217 moderate
1237 5179 1351 5220 rem
1381 5166 1556 5222 ferre?
1580 5167 1634 5224 Si
1655 5169 1798 5224 enim
1827 5169 1967 5224 idem

393 5245 538 5303 Deus
581 5258 702 5318 est,
731 5252 821 5322 qui
863 5253 1026 5324 Moysi
1067 5267 1384 5326 cooperatus
1429 5269 1513 5316 est
1556 5261 1622 5315 ad
1671 5261 1965 5316 libertatem

2083 702 2242 758 Israel
2288 715 2342 759 et
2389 705 2777 772 obedientiam,
2818 706 3094 763 Pharaone
3139 710 3308 779 palam
3350 712 3653 772 clamante:

2083 797 2202 851 Non
2230 799 2346 851 novi
2367 797 2561 861 Deum,
2585 809 2630 851 et
2659 799 2822 854 Israel
2851 817 2950 854 non
2977 803 3222 856 dimittam
3247 804 3437 873 (Exod.
3467 807 3520 860 5.
3548 808 3615 877 2)
3640 823 3656 861 :

2079 889 2348 957 qunmndo
2385 889 2544 959 igitur
2571 889 2768 946 auxilio
2798 901 3128 948 terrenorum
3175 896 3474 964 principum
3525 897 3660 950 indi-

2079 979 2190 1046 guit
2218 979 2270 1031 in
2300 993 2460 1034 causa
2482 981 2739 1035 Joannis?
2762 983 2913 1050 quasi
2941 985 3176 1037 senuerit
3197 1025 3209 1044 ,
3239 993 3328 1038 aut
3366 986 3558 1040 debilis
3588 986 3664 1039 fa-

2077 1081 2194 1123 ctus
2232 1070 2336 1134 sit,
2379 1081 2468 1125 aut
2513 1089 2616 1126 non
2664 1076 2912 1142 potuerit.
2965 1075 3167 1130 Deinde
3191 1077 3278 1144 qui
3310 1079 3659 1144 quorumdam

2077 1162 2379 1229 adulteria,
2412 1164 2649 1220 infandas
2681 1165 2959 1230 libidines,
2992 1178 3154 1236 atque
3185 1170 3407 1222 aliorum
3450 1171 3659 1238 praisti-

2076 1254 2190 1322 gias
2217 1254 2585 1322 publicaverit,
2619 1272 2725 1310 non
2754 1260 2984 1325 potuerit
3011 1260 3184 1313 adhuc
3214 1260 3474 1314 Joannem
3502 1277 3658 1315 coar-

2076 1343 2273 1412 guere?
2302 1352 2394 1396 aut
2437 1355 2657 1413 contra,
2698 1347 2788 1417 qui
2836 1345 2994 1416 hujus
3033 1349 3264 1417 linguam
3308 1352 3433 1404 fecit
3470 1352 3662 1420 angina

2079 1443 2412 1501 tumescere,
2446 1437 2516 1490 ita
2544 1447 2598 1491 ut
2627 1440 2827 1508 scripto
2859 1440 3136 1493 veritatem
3179 1443 3416 1508 protiteii
3443 1454 3662 1497 coactus

2079 1523 2256 1590 fuerit,
2281 1535 2337 1580 et
2355 1526 2518 1579 alium
2549 1529 2848 1594 permiserit
2875 1529 3110 1583 incidere
3133 1530 3184 1582 in
3210 1530 3427 1598 gradus,
3451 1533 3537 1600 qui
3561 1531 3662 1600 ipsi

2080 1613 2291 1668 fuemnt
2331 1615 2742 1681 mortiferi,aut
2780 1618 2941 1670 alium
2983 1621 3386 1688 erumpentibus
3429 1621 3663 1690 undique

2080 1705 2350 1759 vermibus
2396 1717 2602 1762 mutum
2648 1709 2701 1762 in
2748 1707 2889 1762 lecto
2930 1711 3280 1765 maceraverit
3321 1727 3519 1766 annum
3551 1711 3665 1768 fere

2082 1797 2365 1866 integrum,
2397 1809 2491 1852 aut
2517 1801 2669 1854 alteri
2692 1801 2935 1870 injecerit
2963 1801 3235 1856 horrenda
3265 1804 3513 1857 terricula
3538 1820 3662 1858 cum

2081 1886 2328 1942 familiari
2368 1889 2598 1960 podagra
2619 1931 2632 1949 .
2661 1901 2752 1945 aut
2787 1894 2875 1960 qui
2903 1908 3060 1946 crura
3086 1895 3258 1948 secuit
3283 1894 3434 1962 cujus
3458 1895 3662 1962 voluit,

2079 1987 2174 2032 aut
2213 1978 2300 2048 qui
2343 1977 2484 2034 foeda
2528 1989 2698 2034 morte
2738 1982 2845 2036 cito
2883 1998 3002 2036 eum
3047 1985 3255 2052 rapuit,
3293 2000 3450 2054 quem
3491 1985 3668 2042 sciunt

2079 2086 2266 2125 omnes
2291 2089 2304 2124 :
2335 2071 2420 2126 bic
2452 2072 2502 2125 in
2528 2071 2736 2127 Joanne
2760 2115 2774 2136 ,
2803 2075 3093 2143 sacrilego.
3129 2085 3185 2129 ut
3211 2077 3388 2131 dicitis
3411 2118 3426 2140 ,
3459 2078 3664 2148 aliquid

2082 2160 2268 2215 borum
2295 2172 2506 2233 patrare
2531 2179 2637 2217 non
2660 2164 2852 2229 valuit;
2884 2163 2980 2218 sed
3009 2165 3109 2218 hoc
3139 2176 3192 2219 et
3222 2166 3312 2219 illo
3339 2165 3585 2235 indiguit,
3609 2177 3668 2222 ut

2081 2252 2338 2307 Joannem
2365 2268 2486 2306 cum
2515 2254 2802 2321 ignominia
2831 2255 3149 2322 expelleret,
3177 2255 3343 2308 multo
3370 2256 3488 2324 plus
3511 2271 3576 2311 ex
3602 2271 3669 2312 eo

2081 2344 2263 2414 gloriae
2293 2345 2392 2414 ipsi
2421 2345 2750 2398 concilians?
2795 2347 2987 2400 Errant
3015 2347 3203 2415 igitur,
3237 2346 3342 2399 vim
3370 2347 3518 2403 verbi
3549 2346 3667 2418 ejus

2083 2437 2400 2491 nescientes.
2431 2437 2734 2506 Sacrilegus
2757 2437 2900 2491 enim
2928 2437 3018 2490 ille
3049 2438 3259 2506 proprie
3287 2447 3406 2503 est,
3435 2454 3540 2492 non
3571 2439 3666 2508 qui

2081 2542 2272 2581 aurum
2293 2567 2307 2590 ,
2338 2535 2430 2580 aut
2471 2536 2784 2596 argentum,
2815 2535 2905 2580 aut
2931 2537 3108 2579 vestes
3133 2532 3328 2579 sericas
3347 2567 3364 2592 ,
3398 2529 3662 2583 tinearum

2081 2617 2288 2684 cibum,
2309 2618 2632 2688 pauperibus
2652 2617 2937 2686 elargitur;
2969 2617 3063 2671 sed
3085 2618 3172 2686 qui
3201 2620 3444 2686 pecunia,
3465 2629 3554 2672 aut
3573 2635 3664 2674 as-

2080 2708 2382 2763 sentatione
2404 2749 2418 2772 ,
2449 2717 2541 2762 aut
2568 2708 2741 2776 epulis
2769 2707 3066 2762 doctrinam
3096 2709 3401 2763 Servaturis
3426 2719 3480 2764 et
3523 2726 3664 2780 pra:-

2079 2809 2232 2871 cepta
2262 2799 2478 2863 vendit;
2503 2798 2697 2854 deinde
2729 2799 2821 2868 qui
2859 2814 3069 2853 sacrum
3101 2799 3273 2853 virum
3305 2801 3410 2855 vita
3450 2810 3505 2854 et
3545 2802 3664 2856 elo-

2079 2891 2296 2961 quentia
2322 2899 2567 2945 ornatum
2593 2889 2844 2955 divexat,
2877 2905 2974 2959 per
3003 2905 3162 2960 quem
3199 2891 3468 2955 Servator,
3499 2892 3665 2947 veluti

2081 2998 2180 3054 per
2199 2993 2462 3037 craterem
2490 2991 2544 3036 et
2569 2997 2662 3038 vas
2689 2982 3002 3050 pretiosum,
3034 2983 3182 3036 verbi
3208 2984 3535 3038 amatoribus
3564 2985 3662 3038 ad-

2077 3075 2316 3144 jumenta
2342 3074 2526 3126 salutis
2553 3072 2890 3142 prnpinabat.
2925 3072 3002 3126 Illi
3032 3072 3189 3141 igitur
3213 3073 3455 3142 sacrilegi
3478 3074 3662 3128 dican-

2083 3171 2188 3227 tur,
2209 3162 2298 3231 qui
2318 3161 2662 3230 apostolicam
2687 3159 2980 3214 Ecclesiam
3003 3161 3292 3228 deprzndati
3311 3171 3454 3228 sunt,
3474 3163 3666 3220 talibus

2081 3268 2198 3307 eam
2246 3252 2549 3321 pastoribus
2583 3251 2908 3320 spoliantes,
2951 3262 3005 3305 et
3047 3252 3412 3307 ordinationes
3441 3257 3664 3324 pecunia

2082 3343 2403 3407 vendentes,
2436 3342 2500 3395 ad
2531 3355 2666 3411 quos
2688 3341 2908 3410 jamjam
2942 3343 3216 3410 perveniet
3252 3341 3431 3397 divina
3457 3343 3664 3413 justitia

2083 3434 2148 3490 ad
2173 3433 2602 3490 emendationem
2631 3434 2865 3502 ipsorum
2899 3434 3275 3502 improbitatis.
3307 3435 3365 3490 Si
3393 3437 3538 3492 enim
3573 3439 3665 3508 qui

2082 3526 2254 3597 legem
2280 3526 2474 3598 Moysis
2499 3525 2869 3580 adulterabant
2899 3541 2994 3595 per
3020 3527 3237 3580 nimiam
3267 3528 3660 3598 negligentiam,

2081 3635 2113 3675 e
2138 3620 2338 3687 templo
2363 3634 2393 3672 a
2423 3619 2712 3674 Servatore
2735 3620 2889 3687 ejecti
2920 3629 3045 3674 sunt
3068 3635 3188 3674 cum
3218 3619 3448 3691 ﬂagello,
3471 3633 3525 3677 et
3544 3626 3663 3694 qui-

2079 3711 2201 3765 dem
2223 3725 2255 3765 e
2275 3710 2542 3775 funiculis,
2565 3710 2686 3779 quia
2716 3710 2857 3764 intus
2882 3711 3151 3764 columbas
3181 3712 3515 3767 vendebant:
3537 3714 3664 3783 quid

2079 3801 2152 3857 illi
2180 3817 2322 3855 nunc
2353 3802 2557 3870 passuri
2589 3809 2734 3865 sunt,
2765 3801 2855 3869 qui
2896 3812 3266 3870 cauponantur
3303 3803 3429 3856 novi
3472 3803 3664 3857 Testa—

2078 3893 2245 3947 menti
2271 3889 2652 3956 sacerdotium,
2678 3891 2780 3944 nisi
2810 3899 2920 3944 uta
2951 3900 3218 3958 pastorum
3249 3892 3488 3960 principe
3517 3893 3662 3972 virga

2084 3967 2265 4022 ferrea
2293 3969 2692 4022 conterantur?
2721 3976 2780 4022 ut
2808 3970 2883 4023 ait
2903 3974 3204 4041 Apostolus
3234 3992 3248 4028 :
3283 3976 3386 4042 Qui
3411 3979 3572 4034 violat
3595 3967 3671 4036 le-

2079 4072 2194 4127 gem
2215 4055 2437 4126 Mogsis,
2472 4056 2666 4126 absque
2687 4059 3052 4113 misericordia
3092 4062 3188 4116 sub
3221 4064 3426 4122 duobus
3449 4079 3543 4123 aut
3567 4073 3672 4126 tri-

2083 4148 2179 4202 bus
2201 4149 2414 4202 testibus
2436 4149 2683 4202 moritur.
2709 4150 2924 4216 Quanto
2949 4156 3152 4221 putatis
3178 4159 3450 4214 acerbiore
3475 4163 3671 4233 dignus

2078 4242 2376 4297 censebitur
2404 4256 2555 4309 pinna
2585 4243 2676 4312 qui
2705 4242 2800 4297 Dei
2840 4242 3046 4300 Filium
3074 4251 3404 4307 conculcavit
3425 4295 3438 4317 ,
3470 4267 3519 4310 et
3545 4275 3672 4313 san-

2077 4335 2288 4404 guinem
2326 4333 2649 4388 Tcstamenti
2682 4335 2942 4403 pollutum
2963 4341 3308 4403 existimavit,
3335 4346 3386 4396 in
3417 4363 3520 4415 quo
3542 4367 3672 4404 sau-

2077 4426 2348 4493 ctiﬁcatus
2370 4435 2470 4489 est,
2494 4437 2543 4480 et
2574 4425 2831 4494 Spiritum
2863 4432 3050 4497 gratia:
3081 4436 3404 4489 contumelia
3440 4439 3617 4507 affecit
3640 4445 3668 4497 Ρ

2077 4516 2287 4570 Scimus
2317 4517 2457 4569 enim
2483 4518 2573 4586 qui
2600 4517 2763 4570 dicit:
2790 4517 2925 4570 Μὶιιὶ
2950 4521 3202 4581 vindicta.
3227 4540 3320 4592 ego
3349 4530 3664 4596 retribuam,

2076 4608 2204 4662 dicit
2233 4606 2509 4660 Dominus.
2537 4604 2879 4661 Horrendum
2902 4620 2978 4664 est
3002 4611 3235 4666 incidere
3261 4617 3313 4668 in
3339 4634 3530 4673 manus
3565 4621 3664 4677 Dei

2077 4702 2292 4757 uiuentis
2316 4699 2492 4772 (Rom.
2519 4699 2732 4768 12.19;
2762 4701 2924 4756 Hebr.
2955 4704 3042 4758 10.
3061 4704 3220 4760 28-31
3247 4708 3284 4774 ).
3313 4710 3456 4765 Deus
3479 4725 3662 4770 autem

2079 4805 2170 4874 qui
2199 4802 2340 4856 hunc
2367 4800 2512 4869 pium
2534 4806 2588 4853 et
2606 4807 2846 4852 sanctum
2875 4805 3160 4865 paStorem,
3185 4800 3239 4844 et
3259 4791 3476 4859 jnstitim
3504 4790 3657 4846 lumi‘

2081 4910 2210 4950 nare
2237 4890 2582 4964 glorificavit,
2612 4889 2701 4942 det
2740 4888 2853 4954 ipse
2890 4884 3042 4938 nobis
3073 4891 3279 4950 partem
3309 4891 3364 4936 et
3391 4881 3654 4936 heredita-

2080 4996 2186 5040 tem
2214 4999 2332 5038 cum
2375 4982 2463 5034 illo
2507 4979 2746 5032 invenire
2786 4976 2836 5030 iu
2883 4973 3163 5029 tremendo
3197 4972 3325 5043 justi
3365 4973 3548 5042 jutlicii
3577 4970 3654 5026 sui

2075 5077 2164 5131 die
2189 5094 2200 5128 :
2226 5075 2309 5127 cui
2338 5071 2595 5140 competit
2619 5068 2810 5140 gloria,
2838 5067 3028 5128 honor.
3061 5065 3313 5136 majestas
3339 5075 3391 5119 et
3418 5064 3651 5133 magnilio

2078 5167 2276 5232 centia,
2303 5164 2443 5219 Patri
2468 5172 2524 5219 et
2548 5161 2686 5217 Filio
2711 5170 2767 5215 et
2795 5158 3014 5230 Spiritui
3041 5165 3248 5221 sancto,
3281 5169 3421 5211 nunc
3441 5163 3494 5209 et
3518 5168 3653 5208 sem-

2081 5276 2196 5330 per,
2225 5270 2279 5315 et
2304 5259 2356 5313 in
2384 5256 2579 5312 smcula
2605 5254 2939 5312 saeculorum.
2969 5252 3160 5306 Amen.
