4504 6706
882 557 951 614 83
1948 563 2005 620 S.
2049 566 2332 623 JOANN’S
2375 567 2872 626 CHRYSOSTOMI
2915 568 3099 624 VITA.
4072 565 4140 614 δι

1429 696 1523 755 DE
1567 696 1744 756 VITA
1775 697 1836 755 S.
1867 699 2180 764 JOANNIS
2223 705 2746 765 CHRYSOSTOMI
2788 708 2834 764 A
2892 705 3111 764 NOBIS
3159 703 3579 764 ADORNATA.

956 860 1107 946 Eihil
1145 863 1317 946 magis
1348 877 1718 946 opportunum
1745 868 1810 921 ad
1839 869 2003 922 vitam
2110 867 2196 924 Jo.
2227 870 2470 946 Chryth

890 938 1056 1010 stomi
1086 945 1342 989 accurate
1355 938 1816 1003 concinnandam,
1839 956 2005 1006 quam
2031 940 2149 1008 ejus
2166 938 2356 1010 opera,
2381 943 2472 997 ubi

889 1005 1180 1058 innumera
1230 1017 1368 1081 pene
1396 1016 1660 1081 occurnnt
1698 1010 1767 1062 ab
1805 1005 1927 1066 aliis
1965 1005 2326 1081 scriptoribus
2367 1028 2474 1064 non

897 1084 1222 1129 memorata.
1244 1075 1515 1151 Palladius
1535 1094 1756 1147 quoque
1782 1081 1837 1134 in
1861 1075 2196 1151 DiaIOgo'suo
2219 1083 2475 1136 historico

896 1160 1004 1226 non
1023 1160 1197 1226 pauca
1216 1148 1542 1226 suppeditat,
1560 1166 1682 1218 quze
1697 1151 1827 1205 alibi
1850 1148 2061 1226 frustra
2083 1169 2369 1220 quaereres.
2384 1151 2477 1204 llis

896 1215 1131 1286 addendi
1148 1215 1772 1282 Socrates,Sozoinenus
1793 1215 2245 1286 etThcodoretus,
2269 1239 2478 1276 necnon

895 1283 1124 1366 Photius
1146 1287 1299 1366 circa
1311 1303 1372 1340 ea
1391 1291 1648 1366 maxime,
1668 1307 1789 1366 qure
1807 1294 1871 1345 ad
1898 1291 2177 1366 Sydonum
2200 1283 2250 1345 in
2267 1296 2478 1358 Quercu

899 1357 1194 1419 pertinent.
1217 1357 1452 1432 Aliunde
1479 1361 1602 1432 item
1627 1357 1874 1428 quaedam
1913 1357 1980 1414 ad
2018 1364 2156 1415 idem
2189 1357 2484 1432 argumen-

899 1435 1015 1499 tum
1031 1429 1346 1499 speetautia
1377 1431 1644 1497 expiscat'i
1669 1446 1982 1498 possumus.
2008 1432 2077 1485 lis
2100 1448 2232 1486 usus
2253 1429 2483 1486 auctori-

901 1497 1006 1550 bus
1031 1494 1211 1578 vitam
1239 1500 1356 1566 ejus
1373 1494 1576 1553 Gallico
1598 1494 1808 1578 vulgari
1835 1503 2092 1578 idiomate
2115 1503 2337 1578 scripsit
2355 1503 2485 1578 Her:

905 1572 1168 1646 mamilius,
1206 1577 1368 1636 atque
1397 1585 1592 1646 omnes
1617 1572 1895 1627 inferioris
1918 1573 2016 1626 tevi
2050 1575 2367 1646 Scriptores,
2391 1575 2486 1646 qui

903 1634 1480 1716 _\’itan'iCl_irysostonii
1505 1642 1936 1716 adornaverant,
1961 1634 2310 1699 accuraiiune
2331 1634 2383 1699 et
2407 1634 2490 1698 di-

903 1706 1120 1788 lgentia
1154 1706 1313 1779 longe
1339 1714 1637 1788 superavit.
1658 1706 1964 1788 Postillum
1988 1731 2118 1788 vero
2142 1716 2223 1769 vir
2237 1717 2308 1770 cl.
2340 1716 2489 1769 omni

905 1782 1229 1846 exceptione
1271 1782 1470 1850 major,
1499 1782 1899 1845 Tillemontfus,
1939 1795 1994 1837 ut
2044 1786 2280 1839 aliorum
2325 1787 2489 1839 vitam

907 1856 1227 1929 sanctorum
1264 1866 1483 1929 summo
1501 1854 1693 1929 studio
1715 1863 1768 1929 et
1791 1855 1978 1929 labore
1999 1855 2310 1929 descripsit,
2331 1857 2419 1929 ita
2439 1856 2493 1907 in

909 1920 1438 1998 tantidnctorisvita
1462 1924 1592 1998 nihil
1612 1925 1847 1998 neglexit
1870 1939 2085 1981 eorum.
2104 1920 2492 1998 quieindtujus

911 1989 1058 2040 modi
1078 2003 1256 2068 opere
1276 1991 1478 2068 aliquid
1508 1989 1734 2068 possent
1759 1994 1952 2068 alierre
1977 1989 2262 2068 momenti.
2284 1989 2494 2068 Siquid

906 2071 1038 2138 vero
1058 2057 1467 2138 dillicultatisin
1489 2057 1613 2138 ejus
1634 2065 1931 2138 referendis
1955 2066 2122 2134 gestis
2141 2057 2495 2138 occurrai,gin

913 2132 1056 2202 notis
1087 2132 1204 2184 suis
1230 2132 1298 2184 ad
1325 2133 1533 2186 calcem
1562 2135 1684 2188 libli
1724 2137 1916 2202 positis
1959 2132 2144 2188 omnia
2186 2135 2495 2188 minutatim

914 2199 1195 2280 explanat,
1231 2202 1619 2280 nequidquam
1647 2199 2068 2273 praetermisisse
2086 2204 2500 2280 videatur.__lloc

915 2272 1190 2340 praecipue
1211 2272 1478 2340 scriptore
1497 2289 1627 2327 usus
1651 2272 1794 2336 Sum,
1824 2277 2203 2330 cummaxime
2227 2277 2309 2328 vel
2335 2277 2501 2337 dicta,

916 2339 1000 2396 vel
1026 2349 1176 2408 gesta
1201 2339 1584 2410 Chrysostomi
1605 2345 1813 2415 aliquid
1837 2362 1947 2415 pra:
1972 2361 2029 2400 se
2051 2347 2234 2399 ferunt
2261 2346 2507 2424 obscuri.

1568 2536 1960 2550 _____—___.

915 2539 2288 2564 ψ

2573 871 2720 931 tatis,
2753 871 2897 936 quod
2926 888 3060 922 sane
3086 872 3408 940 plerumque
3425 871 3640 927 accidit:
3668 870 3946 936 fateorque
3969 881 4154 924 tamen

2577 957 2662 994 me
2688 957 2792 993 non
2817 955 3032 1008 semper
3056 944 3188 994 tanti
3217 943 3318 995 viri
3337 945 3660 998 sententiam
3689 941 3992 1010 amplexum
4008 953 4152 994 esse:

2581 1013 2635 1065 in
2670 1011 2941 1063 nonnullis
2964 1013 3129 1063 etiam
3156 1013 3306 1065 illum
3333 1028 3363 1065 a
3388 1023 3532 1067 recta
3559 1015 3643 1065 via
3663 1012 3969 1068 declinasse
4000 1023 4157 1061 com-

2584 1082 2717 1150 peri.
2737 1080 2871 1135 Cum
2891 1080 3035 1134 enim
3065 1082 3222 1147 longe
3247 1083 3367 1149 plus
3401 1085 3659 1151 temporis
3694 1084 3746 1136 in
3771 1076 4162 1152 legendis,La-

2585 1149 2696 1205 tiuc
2729 1152 3022 1214 vertendis,
3062 1152 3412 1222 explorandis
3454 1149 3847 1222 Chrysostomi'
3879 1149 4159 1222 operibus,

2581 1237 2745 1289 quam
2768 1223 2874 1282 ille,
2888 1218 3600 1292 consumpserim,qu:edam
3619 1218 4028 1292 deprehendi,in
4047 1218 4162 1289 qui—

2581 1293 2684 1346 bus
2711 1291 2798 1344 ille
2833 1292 2915 1344 vel
2958 1292 3010 1342 in
3051 1291 3312 1358 temporis
3353 1294 3759 1360 supputatione,
3791 1294 3946 1347 velin
3975 1304 4160 1346 rerum

2583 1371 2858 1430 gestarum
2886 1361 3119 1425 ratione,
3153 1377 3182 1414 a
3219 1367 3369 1414 recto
3402 1363 3622 1414 tramite
3651 1363 3962 1417 deﬂexerat:
3989 1375 4162 1431 eaque

2584 1434 2652 1485 de
2683 1449 2741 1485 re
2768 1433 3027 1486 lectorem
3074 1431 3404 1501 quandoque
3457 1434 3668 1495 monui,
3708 1449 3830 1486 cum
3867 1449 3930 1487 ea
3960 1441 4162 1497 tamen,

2585 1519 2706 1574 quzr.
2734 1512 2884 1555 tanto
2917 1504 3037 1556 viro
3066 1503 3316 1568 debetur,
3336 1501 3702 1574 observantia.

2659 1573 2799 1639 Quia
2829 1575 2882 1626 in
2916 1575 3017 1628 hac
3051 1582 3323 1637 postrema
3351 1572 3726 1642 Chrysostomi
3750 1569 4170 1640 Operumcolle-

2591 1646 2772 1698 ctione
2803 1645 2938 1697 bene
2971 1644 3140 1696 multa
3162 1655 3310 1704 sunt,
3343 1659 3465 1712 quae
3495 1657 3791 1710 numquam
3819 1643 3993 1697 lucem
4023 1643 4172 1695 vide-

2593 1725 2737 1778 rant;
2761 1715 2888 1767 hinc
2914 1714 3075 1766 etiam
3102 1728 3206 1765 non
3229 1728 3400 1781 pauca
3420 1716 3680 1766 hactenus
3711 1712 3892 1782 ignota
3915 1715 3980 1767 ad
4002 1713 4170 1766 vitam

2593 1786 2729 1838 tanti
2747 1785 2989 1837 doctoris
3021 1783 3346 1852 pertinentia
3367 1783 3763 1852 decerpsimus,
3788 1786 4024 1837 maxime
4045 1798 4174 1836 vero

2594 1871 2660 1909 ex
2683 1855 2930 1908 undecim
2949 1854 3052 1905 illis
3070 1850 3320 1905 Homiliis
3339 1855 3499 1909 novis
3521 1850 3573 1906 in
3597 1863 3745 1908 torno
3763 1853 3851 1907 Xll
3866 1855 4035 1917 cusis,
4054 1866 4178 1920 quae.

2595 1924 2663 1976 ad
2684 1923 2968 1977 historiam
2994 1923 3136 1975 illius
3155 1923 3414 1988 temporis
3438 1925 3670 1976 multum
3705 1924 4012 1986 conferunt,
4031 1924 4178 1976 viue-

2594 1993 2719 2046 licet
2742 2009 2772 2046 a
2812 2000 3085 2061 postrema
3117 2000 3269 2059 parte
3293 1992 3422 2043 anni
3462 1992 3568 2045 398
3595 2009 3764 2057 usque
3793 1995 3859 2045 ad
3889 1994 4177 2045 dimidium

2595 2063 2723 2116 anni
2744 2062 3024 2130 sequentis
3055 2061 3179 2130 399:
3209 2062 3272 2113 de
3291 2076 3401 2128 quo
3421 2063 3682 2128 temporis
3702 2064 3876 2128 spatio
3899 2063 3952 2115 in
3981 2064 4064 2115 his
4083 2064 4184 2112 ho-

2598 2133 2764 2187 miliis
2784 2129 3035 2200 quaedam
3061 2129 3378 2186 referuntur
3403 2131 3546 2184 scitu
3569 2131 3888 2198 dignissima
3931 2141 3984 2184 et
4022 2141 4184 2182 ante-

2600 2205 2703 2258 hac
2728 2204 2934 2272 ignota,
2952 2217 3074 2271 quze
3087 2202 3228 2272 apud
3247 2202 3384 2256 alios
3409 2201 3705 2270 scriptores
3738 2200 3940 2272 frustra
3962 2215 4182 2268 quzere-

2595 2245 2842 2346 ‘resta-c
2863 2245 3047 2325 omnia
3072 2245 3206 2346 inrea
3232 2288 3395 2341 quam
3416 2245 3610 2346 danius
3630 2245 4009 2325 DoctorisVila
4029 2284 4187 2346 accu-

2603 2354 2739 2410 rate,
2753 2353 3020 2414 quantum
3040 2342 3343 2412 potuimus,
3363 2344 3564 2414 scripto
3588 2345 3906 2412 consignata
3923 2341 4182 2409 reperies,

1201 2708 1584 2840 VlTA
1680 2706 1809 2832 s.
1917 2701 2577 2831 JOANNIS
2675 2697 3864 2858 cnnvsos'ronn,

1843 2959 2372 3017 ARCHIEI’ISCOPI
2410 2950 3249 3017 CONSTANTINOPOLITANI,

904 3151 1076 3196 κοῖαι
1123 3148 1380 3193 1³11101
1429 3147 1802 3200 ADORNATA,
1850 3146 1931 3188 ΕΤ
1997 3145 2228 3188 MULTIS
2282 3142 2492 3186 AUCTA
2551 3141 2678 3183 ΔΝΤ

2374 3142 2492 3185 οτΔ
2551 3141 2763 3183 ΔΝΤΕΔ
2823 3136 3102 3188 ιακοτιε,
3144 3134 3286 3186 ΩυΕ
3342 3132 3424 3174 ΒΧ
3487 3129 3814 3172 υσυυεειω
3867 3125 4153 3171 Ηοκιιιιδ

1606 3222 2380 3268 οοαετλκτικοροιιτλκιε
2413 3221 2626 3263 NUPEB
2669 3215 2978 3260 BEPEBTIS
3007 3212 3343 3256 EXCBRPTA
3381 3210 3564 3253 SUNT.

960 3429 1192 3484 Joannes
1227 3421 1592 3478 Anuochenus
1619 3417 1886 3473 nobilibus
1931 3425 2083 3469 ortus
2121 3421 2205 3467 est
2241 3409 2483 3481 parenti—

891 3520 1013 3574 bus.
1045 3517 1175 3586 Ejus
1204 3523 1356 3585 pater
1390 3510 1636 3580 Magister
1663 3507 1891 3561 militum
1915 3504 2085 3575 Syriae
2115 3503 2231 3566 fuit,
2271 3500 2488 3554 nomine

891 3609 1203 3673 Secundus;
1235 3614 1407 3662 mater
1437 3602 1676 3657 Anthusa
1713 3597 1945 3672 (Pallad.
1974 3596 2109 3649 Dial.
2135 3612 2187 3664 p.
2211 3594 2282 3648 40
2307 3591 2349 3663 ).
2379 3590 2489 3644 Νο-

893 3718 1015 3756 men
1043 3700 1210 3769 patris
1235 3705 1291 3752 et
1315 3695 1503 3749 matris
1528 3707 1635 3746 non
1667 3689 1828 3745 modo
1869 3687 2132 3756 Georgius
2167 3680 2490 3738 Alexandri-

900 3808 1000 3847 nus
1026 3791 1190 3846 refert
1217 3788 1425 3861 (Georg.
1451 3786 1596 3839 Alex.
1623 3802 1676 3854 p.
1727 3780 1876 3851 159),
1907 3779 2001 3834 sed
2040 3777 2200 3831 etiam
2239 3775 2488 3830 Socrates

896 3883 1074 3954 (Socr.
1105 3883 1142 3936 l.
1165 3881 1216 3935 6.
1247 3897 1294 3933 c.
1322 3879 1400 3948 ὅ).
1445 3877 1777 3945 Quapropter
1819 3871 2012 3926 merito
2054 3867 2294 3937 rejicitur
2330 3864 2492 3917 Cani-

897 3979 1010 4031 sius
1042 3974 1298 4046 (Canisius
1330 3971 1367 4025 ι.
1395 3970 1456 4034 2,
1491 3986 1543 4038 ρ.
1577 3967 1730 4035 887),
1762 3965 1850 4034 qui
1897 3971 2048 4032 putat
2088 3959 2349 4015 Joannem
2395 3970 2492 4009 no-

900 4077 1073 4121 strum
1103 4073 1303 4119 sanctas
1333 4062 1474 4115 illius
1497 4069 1552 4114 et
1574 4067 1806 4112 strenua:
1847 4053 2090 4108 mulieris
2122 4049 2345 4110 Publize,
2375 4061 2493 4115 qute

897 4159 1004 4214 sub
1029 4157 1244 4213 Juliano
1272 4155 1525 4224 Apostata
1553 4147 1750 4211 llomit,
1785 4145 1949 4199 lilium
1990 4143 2174 4195 fuisse.
2195 4138 2333 4193 Natu
2383 4151 2492 4191 ma-

898 4253 1072 4322 jorem
1100 4261 1344 4303 sororem
1375 4242 1629 4297 habuisse
1652 4245 1834 4291 narrat
1872 4233 2156 4294 Palladius,
2199 4229 2349 4297 cujus
2395 4242 2495 4281 no-

903 4319 1028 4397 men
1046 4355 1150 4394 non
1173 4345 1457 4393 memorat.
1481 4331 1654 4388 Amita
1685 4342 1897 4399 quoque
1924 4325 2086 4394 ipsius
2112 4321 2278 4376 fuisse
2305 4319 2498 4375 dicitur

903 4431 1213 4495 Sabiniana,
1264 4428 1332 4483 de
1373 4441 1475 4497 qua
1528 4422 1767 4494 pluribus
1809 4427 1996 4488 agetur
2035 4415 2104 4470 ad
2148 4428 2348 4468 annum
2391 4413 2498 4468 405

908 4523 1142 4597 (Pallad.
1168 4521 1285 4577 His.
1315 4517 1496 4590 Laus).

980 4613 1358 4685 Explodendus
1408 4620 1586 4664 autem
1631 4609 1893 4678 Georgius
1943 4605 2357 4671 Alexandrinus,
2407 4601 2496 4672 qui

910 4715 1091 4762 narrat
1114 4714 1292 4760 ortum
1310 4704 1458 4756 illum
1481 4715 1600 4755 esse
1625 4715 1692 4753 ex
1719 4699 2029 4767 parentibus
2049 4697 2356 4766 gentilibus,
2379 4695 2501 4750 deo-

909 4815 1135 4870 rumque
1156 4796 1474 4857 cultoribus,
1498 4802 1552 4847 et
1583 4801 1864 4861 postquam
1891 4789 2007 4859 ipse
2049 4788 2284 4844 Joannes
2327 4787 2500 4856 bapti-

913 4900 1062 4944 zatus
1091 4890 1276 4951 fuerat,
1310 4895 1364 4939 et
1388 4894 1592 4954 patrem
1621 4891 1676 4937 et
1712 4891 1939 4936 matrem
1985 4879 2101 4950 ejus
2145 4878 2502 4933 Christianam

913 4980 1189 5050 amplexos
1213 4992 1333 5032 esse
1378 4976 1688 5044 religionem
1723 4972 1944 5044 (Georg.
1969 4972 2118 5026 Alex.
2146 4989 2196 5040 ρ.
2222 4969 2310 5025 59.
2335 4969 2384 5023 b.
2413 4970 2502 5040 c.)

913 5072 1044 5127 Nam
1072 5069 1307 5124 Joannes
1335 5065 1406 5120 28
1433 5079 1601 5118 annos
1645 5075 1801 5118 natus
1842 5065 2139 5134 baptizatus
2184 5062 2302 5117 fuit.
2348 5061 2506 5116 Pater

913 5174 1090 5219 autem
1120 5163 1256 5233 ejus,
1285 5159 1411 5215 dum
1441 5158 1493 5212 in
1520 5157 1798 5212 cunabulis
1823 5167 1968 5211 esset
1983 5157 2236 5219 Joannes,
2266 5163 2508 5209 mortuus

915 5265 998 5309 est
1027 5272 1040 5308 :
1075 5269 1142 5308 ex
1166 5261 1381 5306 narratu
1409 5265 1538 5304 vero
1572 5249 1759 5303 matris
1789 5248 1954 5317 liquet
1991 5248 2110 5304 illos
2161 5258 2286 5303 ante
2330 5256 2507 5300 ortum

918 5346 1140 5402 Joannis
1169 5345 1499 5400 Christianos
1525 5342 1708 5399 fuisse.
1742 5340 1909 5397 Natus
1937 5349 2111 5395 autem
2144 5356 2266 5397 esse
2295 5349 2511 5411 patatr

927 5450 1068 5488 anno
1104 5436 1208 5491 547
1237 5435 1340 5508 (De
1364 5436 1579 5491 Sacerd.
1607 5446 1644 5488 ε.
1675 5437 1725 5490 1.
1759 5437 1859 5488 col.
1918 5435 2042 5498 624,
2103 5436 2141 5488 l.
2193 5433 2284 5488 25.
2314 5441 2360 5488 et
2399 5446 2508 5501 sqq.

927 5527 1037 5598 σίν.
1075 5539 1111 5581 t.
1146 5531 1198 5583 1.
1227 5531 1326 5584 col.
1361 5529 1485 5586 601.
1517 5529 1553 5582 ι.
1587 5528 1680 5584 10.
1719 5541 1765 5582 et
1795 5529 1953 5599 μιᾳ).
1987 5526 2110 5580 Hmc
2138 5537 2218 5582 est
2248 5524 2510 5580 sententia

923 5621 1206 5686 Blondelli,
1232 5622 1524 5678 Hermantii
1559 5630 1613 5676 et
1641 5618 1989 5675 Tillemontii.
2019 5617 2118 5684 Qui
2161 5633 2293 5674 vero
2339 5630 2510 5671 annos

921 5717 1092 5770 solum
1119 5715 1189 5771 52
1217 5725 1269 5770 et
1288 5717 1420 5770 duos
1449 5731 1659 5771 menses
1685 5715 1880 5770 vixisse
1899 5713 2102 5778 dicunt,
2127 5722 2308 5766 natum
2327 5711 2510 5765 dicant

923 5818 1130 5876 oportet
1160 5824 1302 5863 anno
1331 5809 1435 5864 555
1467 5828 1478 5863 :
1505 5809 1644 5878 quod
1672 5820 1819 5865 certe
1848 5814 2105 5878 pugnaret
2123 5822 2246 5862 cum
2272 5819 2397 5861 vera
2425 5804 2509 5859 hi-

921 5900 1100 5956 storim
1134 5902 1273 5957 serie
1310 5912 1366 5958 et
1405 5902 1710 5958 narratione
1753 5921 1764 5956 :
1807 5913 1982 5970 exque
2022 5899 2162 5955 notis
2206 5908 2508 5969 temporum

2595 3423 2726 3476 quas
2753 3407 2886 3461 infra
2919 3407 3184 3474 dabimus,
3217 3409 3364 3464 nullo
3390 3408 3549 3464 modo
3578 3419 3721 3464 stare
3756 3426 3913 3481 posse
3941 3429 4187 3483 comper-

2597 3508 2707 3553 tnm
2735 3501 2854 3554 erit.

2672 3591 2868 3661 Viginti
2911 3608 3170 3645 annorum
3210 3602 3328 3648 crat
3355 3602 3544 3656 mater,
3577 3595 3793 3664 quando
3835 3599 4028 3666 conjux
4072 3599 4190 3668 ejus

2598 3684 2743 3738 illam
2771 3683 2982 3738 viduam
3009 3695 3064 3739 et
3092 3685 3351 3740 Joannem
3380 3686 3632 3741 tenellum
3669 3688 3903 3757 reliquit.
3951 3691 4191 3746 Antbusa

2597 3789 2727 3829 vero
2754 3775 2981 3844 apostoli
3009 3776 3227 3830 monitis
3247 3777 3516 3844 roborata,
3535 3779 3632 3832 etsi
3653 3778 3834 3847 junior
3855 3779 4029 3835 adhuc
4051 3791 4188 3846 erat,

2597 3880 2627 3919 a
2653 3865 2901 3920 secundis
2928 3866 3127 3935 nuptiis
3164 3866 3416 3920 abstinuit
3471 3885 3484 3920 :
3535 3869 3864 3923 instituendo
3909 3879 4086 3924 autem
4137 3879 4194 3924 et

2598 3956 2873 4011 educando
2898 3956 3092 4011 Joanni
3119 3957 3316 4012 nullam
3345 3973 3452 4012 non
3483 3959 3728 4013 adhibuit
3771 3975 4020 4028 operam;
4060 3959 4193 4014 nihil

2599 4047 2740 4116 quod
2769 4047 2833 4100 ad
2859 4047 2975 4117 ejus
3001 4046 3324 4116 profectum,
3368 4056 3481 4102 tum
3531 4049 3584 4102 in
3626 4049 3938 4104 liberalibus
3982 4058 4092 4102 tum
4139 4055 4194 4104 in

2600 4136 2916 4192 Christianis
2970 4138 3289 4207 disciplinis,
3333 4149 3689 4208 opportunum
3745 4151 3888 4194 esset
3941 4140 4192 4210 neglexit.

2602 4227 2756 4293 Quod
2785 4245 2942 4298 quam
2971 4229 3179 4283 felicem
3211 4229 3413 4282 exitum
3444 4227 3711 4293 habuerit,
3740 4245 3828 4285 res
3856 4230 3966 4300 ipsa
4018 4229 4197 4283 decla-

2604 4322 2759 4375 ravit.
2788 4321 2969 4391 Neque
2998 4331 3177 4377 tamen
3200 4321 3288 4376 illa
3338 4321 3417 4376 rei
3471 4319 3751 4376 familiaris
3799 4337 3980 4376 curam
4031 4321 4197 4390 depo-

2604 4412 2745 4476 suit;
2778 4413 2886 4465 imo
2930 4427 3060 4467 vero
3086 4414 3158 4468 ita
3185 4413 3364 4468 omnia
3397 4413 3734 4483 temperavit,
3764 4421 3822 4467 ut
3850 4428 3912 4468 ex
3945 4429 4038 4468 sua
4068 4413 4197 4468 dote

2605 4501 2823 4571 suisque
2850 4502 3183 4558 facultatibus
3203 4503 3414 4559 abunde
3443 4505 3544 4559 sibi
3573 4513 3628 4559 et
3648 4504 3758 4560 lilio
3783 4514 4024 4572 sumptus
4065 4521 4195 4573 sup-

2606 4592 2890 4664 peditaret,
2927 4601 3281 4664 paternasque
3306 4609 3438 4665 opes
3456 4605 3510 4650 et
3535 4595 3675 4651 bona
3718 4597 3897 4650 omnia
3936 4595 4043 4651 ﬁlio
4079 4611 4197 4650 scr-

2606 4694 2756 4739 varet
2781 4685 3000 4738 intacta.

2680 4777 2900 4831 Joannis
2923 4779 3063 4829 dotes
3085 4785 3131 4829 et
3154 4793 3336 4830 mores.
3353 4807 3426 4817 —
3452 4776 3691 4848 Egregia:
3723 4777 3885 4832 indoli
3907 4777 3977 4830 ita
3999 4775 4201 4844 profuit

2607 4869 2855 4924 educatio
2886 4868 3211 4938 hujusmodi,
3244 4877 3302 4923 ut
3321 4869 3501 4923 statim
3527 4885 3555 4923 a
3585 4870 3846 4938 principio
3875 4869 4036 4921 animi
4065 4870 4201 4923 tanti

2611 4962 2763 5016 dotes
2791 4961 3107 5016 eminerent.
3136 4961 3262 5015 Erat
3281 4960 3514 5016 Joannes
3540 4961 3840 5014 divinarum
3874 4973 4051 5011 rerum
4088 4968 4203 5011 stu.

2611 5055 2698 5108 dio
2724 5055 2973 5109 incensus
3006 5073 3018 5108 :
3044 5064 3098 5109 et
3119 5055 3208 5107 ubi
3237 5053 3404 5108 semel
3431 5054 3738 5115 veritatem,
3761 5049 4019 5119 justitiam
4043 5059 4097 5103 et
4124 5050 4204 5103 of-

2612 5148 2716 5204 ficii
2735 5148 2972 5204 debitum
3001 5147 3451 5216 apprehenderat,
3488 5146 3560 5200 ita
3597 5153 3850 5199 constans
3887 5152 3942 5196 et
3983 5142 4205 5210 intrepi-

2611 5244 2710 5297 dus
2725 5255 2861 5307 erat,
2891 5251 2950 5295 ut
2979 5258 3007 5293 a
3035 5241 3325 5301 nonnullis.
3357 5240 3447 5309 qui
3469 5237 3558 5292 vel
3585 5235 3656 5290 ad
3685 5236 3927 5288 intimam
3952 5235 4068 5302 ejus
4097 5235 4202 5303 plti-

2613 5337 2910 5406 losophiam
2934 5350 3040 5390 non
3062 5333 3437 5404 penetrabant,
3455 5329 3539 5383 vel
3571 5342 3693 5397 erga
3720 5327 3866 5381 illum
3894 5327 4031 5379 male
4051 5337 4205 5380 erant

2613 5428 2812 5491 allecti,
2837 5435 2892 5480 ut
2922 5436 3202 5494 protervus
3225 5432 3280 5478 et
3307 5434 3563 5490 arrogans
3608 5418 3918 5472 haberetur.
3961 5415 4038 5469 Ad
4069 5415 4204 5470 iram

2614 5536 2840 5592 pronum
2872 5518 3034 5573 fuisse
3055 5517 3185 5572 dixit
3211 5517 3424 5587 quidam
3449 5512 3619 5584 (Socr.
3645 5512 3684 5564 ι.
3715 5510 3768 5564 6.
3801 5526 3846 5561 c.
3881 5510 3972 5578 5);
4001 5509 4094 5563 sed
4136 5527 4202 5564 ex

2613 5631 2796 5672 eorum
2823 5627 3046 5668 numero
3076 5613 3162 5665 ille
3187 5619 3291 5673 est,
3323 5608 3409 5677 qui
3437 5605 3501 5659 ad
3543 5603 3736 5672 judicia
3778 5602 3945 5670 probe
3984 5600 4202 5656 ferenda

2614 5725 2720 5765 non
2745 5705 3095 5767 assuefactus,
3129 5703 3389 5755 fervorem
3425 5697 3474 5749 in
3510 5695 3667 5748 rebus
3692 5692 3883 5747 divinis
3910 5704 3964 5747 ut
3993 5695 4205 5746 iracuuo

2614 5802 2754 5856 diam
2794 5797 3062 5853 habuerit.
3088 5795 3161 5847 De
3183 5792 3362 5844 animo
3391 5787 3507 5855 ejus
3538 5785 3603 5838 ad
3635 5785 3763 5838 iram
3807 5785 3995 5854 magis,
4043 5796 4204 5850 quam

2617 5894 2684 5951 ad
2710 5891 3084 5949 verecundiam
3115 5900 3304 5956 prono,
3326 5882 3426 5938 hoc
3451 5895 3514 5937 ex
3542 5878 3758 5936 alterius
3789 5876 4093 5935 testimonio
4119 5887 4202 5926 re-
