4504 6718
401 583 472 641 εε
1567 567 1748 626 NUNC
1786 567 2044 627 PRIMUM
2084 567 2478 626 ADORNATA.
3607 569 3676 624 85

402 695 502 750 fert
531 692 802 765 Socrates,
827 696 913 765 qui
948 691 1117 762 pergit
1145 694 1199 740 et
1221 685 1294 739 ait
1325 702 1338 740 :
1375 702 1393 734 ι
1428 682 1496 738 Et
1520 683 1582 737 οι
1624 684 1749 735 vita:
1788 684 1980 738 sancti-

404 787 635 840 moniam
664 803 770 841 non
795 788 866 840 ita
892 791 1079 838 cantus
1104 778 1244 831 circa
1269 776 1442 828 lutura
1464 772 1560 838 ;ob
1592 770 1980 843 simplicitatem

402 892 530 931 vero
547 878 694 932 aditu
724 874 911 928 facilis.
943 866 1229 921 Immodica
1273 869 1433 918 etiam
1481 862 1691 919 dicendi
1738 864 1982 919 libertate

402 972 454 1024 in
486 970 767 1038 colloquiis
796 962 1059 1017 utebatur.
1080 956 1149 1011 Et
1174 958 1227 1011 in
1256 954 1496 1011 docendo
1520 955 1731 1027 quidem
1759 956 1982 1009 multum

396 1062 621 1131 juvabat
645 1059 711 1112 ad
733 1048 1099 1109 informandos
1120 1048 1420 1103 auditorum
1444 1064 1616 1103 mores
1632 1066 1647 1112 ;
1662 1049 1713 1102 in
1730 1061 1983 1115 congres-

401 1154 550 1207 sibus
570 1162 694 1202 vero
714 1141 1049 1211 arrogantior
1073 1138 1348 1195 videbatur
1369 1141 1432 1195 iis
1455 1141 1545 1211 qui
1562 1140 1725 1209 ipsius
1746 1137 1983 1191 animum

402 1257 510 1297 ηοιι
537 1241 813 1292 noverant.
851 1249 872 1283 ι

475 1329 599 1384 limo
646 1321 889 1377 fortassis
938 1320 1211 1377 acerbiora
1256 1322 1573 1377 videbuntur
1625 1334 1745 1374 esse
1788 1318 1853 1373 iis
1894 1317 1983 1386 qui

410 1414 771 1487 Cbrysostomi
796 1412 1150 1483 eloquentiam
1180 1425 1234 1467 et
1259 1414 1421 1467 animi
1452 1410 1868 1481 magnitudinem
1896 1409 1987 1461 mi-

405 1519 623 1563 rantur:
659 1520 841 1559 verum
871 1505 922 1557 in
949 1506 1147 1559 sanctis
1178 1506 1319 1557 illam
1349 1502 1535 1573 agendi
1568 1501 1877 1554 varietatem
1900 1498 1989 1551 ob-

409 1613 710 1654 servamus.
740 1597 843 1651 Alii
873 1612 1099 1665 namque
1128 1596 1424 1650 divinarum
1462 1609 1639 1648 rerum
1683 1590 1859 1646 studio
1902 1590 1985 1643 in-

403 1691 571 1755 (ensi,
602 1704 706 1742 non
736 1688 911 1742 habita
940 1698 1238 1755 temporum
1286 1696 1741 1755 personarumque
1780 1682 1989 1735 ratione

404 1784 470 1836 ad
515 1796 693 1834 mores
732 1779 1094 1833 informandus
1137 1777 1376 1833 feruntur
1417 1777 1689 1831 ardentius
1739 1790 1751 1825 :
1800 1771 1889 1825 alii
1932 1779 1990 1824 ut

413 1872 697 1927 dissolutos
720 1880 1061 1939 compescant
1090 1884 1266 1924 mores
1290 1868 1530 1923 doctrina
1571 1863 1729 1919 simul
1768 1872 1988 1917 utuntur

409 1974 460 2017 ει
479 1973 615 2016 arte.

481 2053 731 2106 Oratoria:
762 2052 861 2105 arti
892 2062 940 2105 et
968 2050 1301 2121 philosophia:
1321 2050 1405 2101 o'at
1428 2063 1654 2117 operam.
1687 2074 1737 2086 —-
1787 2045 1843 2097 In
1871 2043 1985 2097 elo-

409 2144 623 2214 quentia
662 2154 716 2197 et
750 2143 982 2197 oratoria
1031 2152 1145 2194 arte
1166 2140 1435 2193 doctorem
1467 2138 1650 2191 habuit
1686 2136 1984 2197 Libanium,

408 2238 461 2292 in
487 2236 817 2308 philosophia
850 2249 980 2289 vero
1020 2230 1463 2301 Andragathium,
1492 2237 1741 2282 narrante
1769 2228 1988 2281 Socrate

412 2326 647 2397 (Pallad.
673 2343 725 2393 p.
758 2324 883 2377 240.
934 2322 1083 2376 Socr.
1114 2320 1152 2373 ι.
1186 2320 1240 2385 6,
1269 2336 1316 2372 c.
1348 2318 1427 2386 ⁸5).
1462 2318 1609 2370 Licet
1636 2330 1797 2385 porro
1835 2323 1960 2368 ante

407 2434 568 2489 quam
609 2416 924 2487 vigesimum
976 2427 1173 2465 annum
1213 2410 1497 2479 attigisset,
1548 2407 1615 2462 de
1666 2404 1991 2476 capessenda

410 2512 513 2564 vita
540 2507 832 2562 mo::astica
859 2519 1003 2574 sarpe
1026 2504 1299 2573 cogitaret,
1342 2501 1622 2566 abductus,
1663 2510 1722 2553 ut
1761 2498 1987 2563 videtur,

407 2604 474 2655 ab
496 2599 740 2654 oratoriae
780 2600 911 2651 artis
957 2605 1011 2650 et
1057 2592 1411 2665 philosophia:
1459 2592 1655 2659 studio,
1704 2590 1991 2646 theatrales

410 2692 563 2745 ludos
587 2690 924 2758 frequentare
944 2686 1127 2756 C(Bpit,
1156 2694 1211 2740 et
1239 2684 1291 2738 in
1341 2683 1458 2737 foro
1488 2682 1777 2737 oratoriam
1818 2691 1987 2735 artem

409 2784 665 2838 exercuit.
701 2781 1121 2835 Declamationcs
1145 2777 1328 2832 habuit
1369 2776 1562 2830 multas
1614 2772 1769 2843 (Isid.
1816 2772 1985 2829 I’elas.

410 2875 496 2928 lib.
520 2875 577 2928 2.
602 2875 751 2942 epist.
781 2872 852 2926 4‘2
876 2877 894 2939 )
924 2912 939 2937 ,
970 2884 1232 2937 unamque
1261 2869 1404 2922 misit
1433 2868 1653 2922 Libanio
1700 2868 1751 2920 in
1780 2866 1987 2919 laudem

410 2968 790 3036 imperatorum
817 2962 1209 3025 concinnatam,
1250 2974 1407 3028 quam
1448 2959 1518 3012 ita
1558 2958 1792 3012 celebrat
1833 2955 1991 3010 Liba—

410 3060 529 3112 nius
561 3075 575 3110 :
615 3075 634 3107 ι
667 3054 798 3109 Cum
828 3068 1073 3122 magnam
1106 3059 1248 3105 tuam
1277 3059 1331 3105 et
1357 3049 1653 3119 elegantem
1693 3046 1991 3101 orationem

409 3148 760 3219 accepissem,
787 3147 918 3199 viris
937 3143 1250 3215 quibusdam
1278 3157 1395 3196 eam
1423 3142 1523 3210 legi
1542 3181 1558 3205 ,
1598 3140 1687 3209 qui
1730 3138 1991 3193 orationi-

410 3244 512 3300 bus
540 3244 668 3297 dant
692 3255 909 3311 operam
941 3257 954 3292 :
983 3253 1209 3309 quorum
1240 3236 1419 3290 nullus
1440 3242 1557 3288 erat
1583 3235 1671 3303 qui
1702 3248 1806 3287 non
1834 3232 1994 3286 salta-

411 3341 513 3393 ret,
542 3331 832 3385 clamorem
856 3328 1058 3391 ederet,
1078 3342 1246 3394 eaque
1270 3324 1447 3379 omnia
1471 3322 1689 3385 faceret,
1732 3338 1851 3391 qua:
1899 3321 1996 3374 ho-

413 3424 584 3477 mines
612 3421 975 3476 admiratione
998 3416 1225 3488 perculsi
1251 3415 1429 3469 facere
1456 3414 1647 3468 solent.
1680 3412 1794 3482 Ego
1838 3412 1995 3482 igitur

411 3514 684 3583 voluptate
707 3511 927 3566 allectus
948 3524 1088 3571 sum,
1116 3507 1259 3577 quod
1284 3506 1351 3561 ad
1376 3504 1645 3560 forensem
1687 3514 1855 3558 artem
1902 3519 1995 3556 ex—

413 3606 696 3661 hibendam
729 3601 1212 3657 demonstrationes
1260 3611 1471 3667 quoque
1512 3595 1789 3665 adjungas.
1831 3593 1993 3663 Atqui

412 3708 467 3751 et
497 3707 548 3750 te
566 3696 777 3749 beatum
807 3691 1061 3762 pra-dico,
1082 3690 1171 3759 qui
1220 3688 1289 3743 ad
1331 3688 1473 3742 hunc
1510 3685 1726 3741 modum
1773 3684 1993 3740 laudare

412 3800 608 3858 queas;
642 3787 869 3854 itemque
894 3798 989 3837 eos
1012 3782 1102 3852 qui
1131 3781 1288 3835 talem
1318 3793 1620 3849 prmconem
1650 3776 1790 3831 nacti
1834 3784 1990 3841 sunt;

416 3880 517 3933 hoc
542 3887 625 3931 est
644 3884 697 3930 et
728 3882 955 3943 patrem,
982 3872 1074 3943 qui
1098 3870 1385 3941 imperium
1413 3866 1581 3933 dedit,
1626 3878 1681 3923 et
1726 3866 1863 3922 ﬁlios
1903 3866 1993 3937 qui

414 3976 753 4038 acceperunt.
790 3983 811 4016 ι

485 4056 669 4125 Neque
697 4054 893 4108 mirum
916 4050 1181 4107 videbitur
1225 4050 1290 4105 iis
1333 4049 1424 4120 qui
1468 4048 1557 4104 vel
1605 4048 1997 4119 extemporales

413 4146 780 4218 (Ihrysostomi
810 4142 979 4197 nostri
1005 4142 1273 4196 orationes
1300 4139 1519 4194 laudant
1547 4148 1600 4194 et
1628 4140 1919 4204 celebrant,
1950 4139 1996 4195 si

415 4238 587 4290 oratio
612 4234 817 4298 istbmc,
848 4248 1002 4303 quam
1026 4241 1142 4286 arte
1176 4240 1231 4285 et
1257 4230 1558 4285 urbanitate
1586 4229 1882 4291 limaverat,
1907 4228 1997 4283 Li-

414 4326 577 4381 banio
612 4324 926 4393 exterisque
953 4322 1256 4377 oratoribus
1293 4322 1365 4375 ita
1395 4319 1669 4389 placuerit.
1699 4318 1755 4373 in
1781 4319 1845 4372 iis
1870 4334 1997 4374 vero

416 4418 603 4481 etiam,
638 4430 769 4485 quas
797 4412 975 4467 studio
1000 4414 1166 4467 multo
1210 4412 1512 4474 concinnat,
1556 4410 1697 4464 nulla
1748 4424 1995 4479 umquam

414 4509 649 4581 suspicio
672 4506 1018 4577 apparitionis
1038 4505 1408 4559 etartiliciosre
1427 4504 1715 4574 diligentia:
1737 4504 1993 4568 nascitur,

414 4601 557 4673 quod
577 4607 663 4655 est
682 4599 908 4653 oratoris
934 4598 1131 4652 summi
1159 4610 1375 4650 munus.

485 4692 616 4759 Qum
642 4702 769 4743 vero
789 4696 968 4741 narrat
989 4685 1407 4757 Chrysostomus
1430 4686 1481 4738 in
1512 4686 1649 4739 libro
1674 4686 1739 4740 ad
1775 4685 1995 4741 Viduam

412 4783 681 4851 iuniorem
708 4778 776 4834 Τ.
822 4773 865 4841 1,
903 4775 1008 4829 col.
1046 4779 1170 4839 601,
1200 4776 1267 4830 de
1303 4775 1527 4830 Libanio
1571 4776 1751 4831 forsan
1800 4778 1996 4833 intelli-

412 4871 586 4940 genda
614 4869 913 4925 videantur.
941 4868 1029 4921 Ait
1064 4867 1152 4920 ille
1174 4866 1447 4920 doctorem
1482 4881 1659 4933 suum,
1691 4868 1782 4937 qui
1810 4867 1995 4920 admo-

412 4963 540 5017 dum
572 4962 973 5032 superstitiosus
992 4969 1107 5015 erat
1141 4967 1297 5027 atque
1340 4958 1581 5025 gentilis,
1613 4957 1870 5028 quosdam
1915 4961 1995 5014 in-

415 5060 718 5124 terrogasse
747 5054 1023 5123 cujusnam
1050 5050 1186 5105 (ilius
1211 5060 1349 5104 esset
1388 5048 1643 5105 Joannes.
1685 5049 1997 5121 Responde-

415 5154 540 5197 runt
566 5144 665 5209 illi,
701 5144 882 5199 Vidute
909 5142 1184 5213 cujusdam
1213 5156 1331 5195 esse
1351 5138 1539 5195 lilium.
1569 5139 1707 5196 Tum
1728 5140 1818 5197 ille
1844 5158 1991 5211 qua:-

413 5234 559 5299 sivit,
587 5236 739 5305 cujus
764 5237 937 5290 aetatis
958 5245 1099 5291 esset
1142 5242 1331 5295 mater,
1361 5240 1416 5286 et
1440 5247 1470 5285 a
1511 5241 1709 5301 quanto
1755 5243 1995 5303 tempore

416 5323 573 5377 vidua
602 5336 766 5382 esset.
791 5328 1072 5397 Reponunt
1099 5324 1175 5379 illi
1210 5322 1555 5395 quadraginta
1582 5338 1847 5380 annorum
1876 5342 1995 5381 esse

416 5423 665 5478 matrem,
702 5428 755 5471 et
788 5419 898 5486 jam
947 5418 1256 5487 vigesimum
1296 5415 1564 5469 viduitatis
1593 5431 1789 5470 annum
1814 5432 1992 5487 agere.

414 5504 567 5558 Tunc
614 5506 876 5559 exclamat
923 5508 1015 5563 ille
1056 5525 1069 5561 :
1104 5508 1288 5577 Papae,
1330 5505 1514 5575 quales
1554 5505 1803 5560 mulieres
1854 5508 1995 5577 apud

414 5597 747 5653 Christianos
774 5602 931 5654 sunt!
955 5601 1144 5664 Tanta,
1199 5600 1369 5671 pergit
1420 5598 1856 5669 Chrysostomus,
1886 5616 1990 5653 non

417 5690 577 5745 modo
602 5689 741 5759 apud
767 5705 887 5755 nos,
916 5694 1009 5746 sed
1060 5695 1223 5749 etiam
1270 5692 1411 5765 apud
1454 5692 1680 5765 gentiles
1724 5692 1992 5747 viduitatis

414 5788 531 5842 laus
559 5792 641 5840 est
667 5791 723 5837 et
740 5782 1038 5838 admiratio.

486 5876 677 5930 Narrat
703 5873 962 5942 Georgius
999 5875 1422 5947 Alexandrinus,
1450 5880 1709 5936 Joannem
1752 5886 1992 5933 nostrum

412 5966 633 6034 juvenili
661 5977 814 6023 actate
859 5965 1158 6029 ﬂori-nterii,
1187 5968 1423 6025 Athenas
1462 5989 1521 6027 se
1571 5973 1879 6039 contulisse,
1926 5980 1980 6025 ut

739 6100 1008 6159 Parnm“
1058 6094 1102 6155 (ἶ
1118 6113 1175 6152 n.
1226 6094 1476 6154 XLVII.

2099 700 2165 739 ne
2190 682 2315 754 quid
2358 682 2412 737 in
2460 681 2635 735 studio
2674 682 3073 753 disciplinarum
3123 692 3269 738 retro
3319 682 3673 753 relinqueret;

2092 781 2250 842 atque
2278 773 2330 827 in
2364 772 2461 824 ista
2494 772 2621 826 urbe
2665 773 2731 825 ita
2775 771 3087 842 profecisse,
3131 782 3187 825 ut
3230 788 3415 828 omnes
3457 774 3677 828 omnino

2090 875 2390 933 superaret,
2412 879 2463 915 Ill
2484 878 2646 932 seque
2663 865 2953 919 concitaret
2970 863 3373 918 Atheniensium
3402 865 3673 920 invidiam.

2091 956 2289 1011 Verum
2322 956 2435 1009 haec
2465 963 2644 1009 narrat
2669 970 2802 1009 unus
2830 957 2918 1011 ille
2945 955 3205 1025 Georgius
3222 953 3499 1022 fabulator,
3517 972 3677 1025 quem

2091 1055 2272 1101 monet
2311 1044 2535 1100 Photius
2580 1045 2799 1098 omnino
2845 1044 3244 1113 deSpicicndum
3288 1060 3429 1108 esse,
3467 1048 3678 1114 quando

2090 1141 2293 1195 scilicet
2317 1155 2379 1195 ea
2411 1137 2718 1206 refert,qu:e
2733 1152 2763 1191 a
2784 1138 2991 1191 carteris
3010 1138 3355 1207 scriptoribus
3375 1135 3677 1208 mvoChry-

2090 1230 2310 1284 sosmmi
2338 1229 2613 1297 proximis,
2637 1242 2743 1283 non
2770 1236 3154 1283 memorantur.

2164 1324 2206 1375 Α
2236 1321 2426 1376 Basilio
2444 1322 2631 1393 juvene
2652 1321 2720 1375 ad
2741 1323 2975 1393 pietatem
2996 1321 3265 1390 pristinam
3305 1330 3579 1375 revocatur.
3607 1351 3678 1362 —

2094 1414 2219 1469 Erat
2247 1430 2405 1485 porro
2432 1415 2506 1469 illi
2538 1430 2659 1469 cum
2682 1415 2876 1484 juvene
2900 1414 3150 1483 quodam,
3186 1411 3272 1467 cui
3300 1427 3493 1466 nomen
3524 1412 3675 1467 Basi-

2094 1506 2213 1568 lius,
2240 1517 2383 1559 areta
2414 1505 2803 1575 colloquiorum
2832 1505 3060 1558 societas
3100 1503 3209 1572 (De
3229 1503 3525 1559 Sacerdotio
3554 1501 3591 1557 Ι.
3625 1504 3677 1557 1.

2100 1614 2146 1649 c.
2174 1598 2230 1666 4)
2262 1613 2276 1650 :
2305 1598 2395 1665 qui
2424 1596 2654 1650 Basilius
2680 1595 2998 1651 Christianis
3024 1596 3257 1651 imbutus
3284 1597 3591 1666 praeceptis,
3624 1606 3680 1650 et

2093 1688 2158 1741 ad
2191 1685 2478 1757 perfectius
2498 1688 2621 1742 vita:
2645 1702 2812 1755 genus
2843 1687 3120 1749 anhelans,
3145 1687 3211 1741 ad
3238 1702 3418 1756 parem
3443 1688 3563 1741 vita:
3589 1703 3678 1740 ra-

2096 1778 2292 1833 tionem
2321 1778 2578 1831 Joannem
2603 1780 2830 1833 amicum
2857 1778 3072 1834 allicere
3101 1787 3154 1833 et
3180 1794 3207 1831 a
3247 1776 3368 1833 foro
3402 1778 3679 1833 retrahere

2094 1869 2449 1925 contendebat
2472 1886 2487 1923 :
2509 1870 2827 1940 demumque
2853 1870 2903 1923 id
2932 1871 3071 1939 quod
3095 1870 3341 1939 cupiebat
3360 1880 3679 1938 assequutus

2092 1972 2173 2017 est
2204 1962 2436 2034 (Sozam.
2466 1962 2556 2015 lib.
2610 1961 2663 2016 8.
2696 1978 2742 2014 c.
2774 1959 2854 2031 2).
2886 1960 3054 2030 Hujus
3084 1963 3227 2015 enim
3274 1960 3551 2031 colloquiis
3586 1975 3675 2014 re-

2092 2068 2303 2109 creatus
2330 2054 2564 2109 Joannes
2580 2069 2640 2109 se
2666 2056 2733 2107 ad
2760 2054 2984 2124 pristina
3017 2052 3226 2122 pietatis
3259 2052 3433 2105 studia
3462 2066 3679 2107 revoca-

2094 2145 2168 2196 vit
2200 2144 2373 2214 (Sorr.
2397 2145 2434 2197 ι.
2464 2144 2518 2198 6.
2549 2160 2596 2197 c.
2625 2145 2680 2213 5)
2708 2162 2721 2198 :
2750 2158 2813 2197 ac
2851 2151 3055 2198 mutata
3079 2150 3225 2197 veste
3251 2157 3281 2195 a
3311 2142 3424 2196 foro
3458 2150 3511 2195 et
3554 2156 3681 2195 ora-

2096 2234 2246 2287 toria:
2273 2236 2404 2288 artis
2430 2235 2698 2289 exercitiis
2724 2233 2999 2299 abstinuit,
3026 2233 3417 2301 lectionemque
3442 2230 3681 2302 Scriptu-

2096 2340 2272 2378 rarum
2315 2333 2370 2377 et
2405 2324 2720 2378 Christiana:
2754 2324 2875 2377 vita:
2900 2322 3073 2377 oflicia
3100 2323 3393 2393 amplexus,
3437 2330 3679 2375 sanctum

2096 2413 2393 2483 disciplina:
2438 2430 2643 2485 genus,
2683 2428 2714 2467 a
2752 2428 2858 2483 quo
2894 2428 3179 2484 numquam
3225 2421 3407 2481 postea
3452 2411 3681 2476 destitit.

2097 2508 2230 2562 inire
2258 2507 2442 2577 coepit.

2164 2599 2465 2670 Baptizatur
2510 2608 2556 2653 et
2602 2598 2779 2652 Lector
2821 2598 3084 2652 ordinatur
3128 2612 3262 2649 αηηο
3306 2595 3502 2651 circiter
3552 2595 3677 2650 5G9.

2095 2691 2295 2745 -—Erat
2321 2700 2444 2745 tunc
2472 2690 2763 2745 Antiochiae
2789 2689 3069 2759 episcopus
3085 2687 3320 2743 lleletius
3346 2684 3512 2759 (Pall.
3531 2685 3676 2741 Dial.

2097 2803 2149 2854 p.
2181 2785 2273 2838 40.
2298 2782 2412 2855 Al),
2446 2785 2524 2837 vir
2550 2783 2828 2836 sanctitate
2848 2781 3187 2850 conspicuus,
3212 2779 3300 2850 qui
3331 2794 3449 2833 cum
3479 2778 3684 2833 videret

2094 2875 2355 2930 Joannem
2379 2875 2626 2944 juvenem
2664 2873 2878 2942 ingenio
2902 2880 2958 2927 et
2984 2871 3194 2941 egregia
3234 2868 3412 2924 indole
3454 2868 3679 2938 pollere,

2098 2966 2269 3034 ipsum
2290 2964 2357 3019 ad
2383 2965 2708 3018 consortium
2736 2972 2789 3017 et
2817 2962 3080 3031 colloquia
3114 2976 3209 3015 sua
3238 2960 3543 3030 frequenter
3585 2959 3687 3011 atl-o

2098 3055 2360 3120 mittebat,
2384 3069 2611 3123 eumque
2630 3053 2698 3107 de
2719 3054 2810 3106 illo
2832 3067 3075 3121 magnam
3104 3066 3252 3121 spem
3274 3051 3599 3119 conciperet,
3621 3064 3685 3102 ac

2100 3146 2433 3217 prophetico,
2473 3154 2529 3199 ut
2572 3146 2741 3210 aiunt,
2787 3144 2975 3213 Spiritu
3014 3142 3078 3195 ad
3121 3142 3320 3211 majora
3361 3142 3683 3195 destinatum

2100 3246 2478 3310 praenosceret,
2498 3252 2615 3291 cum
2646 3252 2741 3305 per
2770 3244 2875 3288 tres
2902 3248 3070 3288 annos
3105 3247 3285 3286 secum
3311 3241 3551 3286 νοτεειιιιε
3590 3245 3681 3285 CS-

2098 3340 2199 3394 set,
2232 3331 2400 3400 ipsum
2430 3329 2575 3397 prius
2602 3342 2753 3380 sacro
2779 3326 2989 3380 lavacro
3017 3325 3234 3378 tinctum
3265 3324 3512 3378 lectorem
3543 3322 3687 3376 ordi-

2101 3422 2266 3475 navit.
2319 3420 2603 3488 Postquam
2646 3427 2823 3471 autem
2873 3414 3195 3483 baptismum
3241 3414 3465 3482 accepit,
3517 3412 3688 3481 inquit

2101 3508 2386 3574 Palladius,
2430 3521 2714 3576 numquam
2754 3504 2838 3559 vel
2886 3503 3103 3574 juravit,
3151 3503 3229 3556 vel
3269 3501 3489 3569 alicujus
3529 3499 3682 3554 fama:

2097 3602 2345 3666 detraxit,
2376 3599 2459 3653 vel
2487 3600 2757 3662 mentitus,
2782 3598 2860 3650 vel
2893 3602 3213 3665 imprecatus
3237 3604 3334 3657 est,
3358 3595 3437 3649 vel
3464 3593 3682 3649 facetias

2099 3692 2325 3745 libenter
2345 3689 2552 3757 excepit
2581 3687 2743 3755 (Pall.
2769 3686 2907 3739 Dial.
2937 3704 2991 3756 p.
3028 3686 3149 3741 183.
3181 3684 3326 3754 184).

2172 3783 2305 3837 Dum
2338 3780 2513 3835 Basilii
2542 3779 2704 3849 igitur
2726 3779 2999 3833 consortio
3036 3776 3287 3847 frequens
3323 3777 3588 3832 frueretur
3629 3787 3684 3830 et

2098 3876 2256 3929 ambo
2281 3873 2349 3928 de
2378 3873 2538 3927 rebus
2560 3870 2754 3926 divinis
2795 3870 3057 3941 colloquia
3101 3871 3388 3925 miscerent
3426 3869 3540 3940 (De
3578 3868 3685 3925 Sa-

2100 3965 2319 4017 cerdotia
2348 3962 2436 4016 lib.
2470 3962 2548 4032 1),
2579 3977 2644 4017 ac
2670 3960 2903 4017 Joannes
2923 3975 2953 4014 a
2981 3961 3094 4015 foro
3120 3969 3175 4015 et
3219 3960 3562 4015 saecularibus
3587 3974 3686 4030 pe-

2101 4056 2244 4109 nitus
2270 4054 2591 4121 abstractus,
2622 4069 2785 4109 unum
2812 4052 3065 4107 Basilium
3088 4053 3467 4121 frequentaret,
3480 4067 3541 4107 ac
3561 4066 3685 4106 cum

2105 4150 2194 4203 illo
2222 4150 2291 4205 de
2310 4148 2503 4204 divinis
2528 4162 2742 4217 semper
2767 4155 2821 4202 et
2843 4145 2912 4201 de
2938 4147 3047 4201 vita
3081 4145 3375 4201 monastica
3403 4138 3562 4199 verba
3607 4142 3686 4197 fa-

2075 4249 2266 4306 ceret,
2291 4240 2535 4303 Basilius,
2561 4239 2648 4309 qui
2674 4242 2791 4294 sine
2815 4237 3020 4292 Joanne
3044 4252 3147 4291 noo
3163 4237 3379 4291 vitalem
3401 4236 3501 4291 sibi
3521 4236 3687 4291 vitam

2102 4349 2220 4388 esse
2248 4331 2487 4402 putabat,
2514 4340 2570 4385 et
2588 4330 2677 4398 qui
2698 4330 2891 4398 smpius
2912 4330 2981 4383 ab
3008 4328 3123 4397 ejus
3148 4329 3503 4383 contubernio
3526 4327 3684 4382 avelli

2101 4422 2407 4492 cogebatur,
2434 4419 2628 4475 Joanni
2649 4418 2941 4488 proposuit,
2972 4428 3032 4472 ut
3058 4418 3215 4471 ambo
3239 4419 3471 4487 paternis
3486 4418 3686 4472 relictis

2101 4512 2321 4573 :edibus,
2354 4511 2406 4564 in
2436 4510 2690 4579 peculiari
2714 4508 2941 4579 quadam
2969 4508 3131 4563 domo
3151 4508 3305 4563 sedes
3327 4516 3608 4580 ponerent,
3630 4518 3687 4562 et

2100 4601 2257 4656 simul
2286 4602 2451 4655 vitam
2490 4600 2751 4657 ducerent
2776 4600 3084 4655 monastica:
3112 4600 3361 4653 similem.
3391 4598 3684 4654 Consilium

2103 4692 2313 4747 tandem
2344 4692 2589 4762 probavit
2610 4690 2877 4756 Joannes;
2918 4691 3012 4745 sed
3057 4706 3114 4744 re
3158 4700 3427 4761 comperta
3469 4690 3687 4744 Joannis

2101 4792 2293 4850 mater,
2312 4800 2430 4853 qua:
2454 4784 2665 4840 unicum
2697 4784 2863 4837 lilium
2891 4782 3174 4836 admodum
3195 4782 3465 4853 diligebat,
3509 4784 3680 4851 ipsum

2101 4874 2331 4944 profusis
2356 4875 2607 4946 lacrymis
2636 4874 2826 4926 ohnixe
2856 4882 3103 4942 precatur
3139 4889 3205 4927 ne
3231 4889 3289 4927 se
3318 4862 3547 4939 desierat,
3582 4888 3687 4929 nec

2101 4966 2350 5021 sevidum
2374 4975 2426 5020 et
2456 4976 2560 5019 tam
2589 4966 2724 5019 bene
2749 4963 2951 5018 affecta:
2981 4964 3165 5019 matris
3195 4966 3517 5019 consortium
3537 4966 3690 5022 alteri

2104 5068 2405 5127 postponat,
2438 5057 2500 5109 iis
2528 5070 2619 5109 usa
2647 5054 2845 5119 verbis,
2877 5071 2995 5123 qua:
3022 5054 3434 5126 Chrysostomus
3464 5057 3574 5125 ipse
3601 5073 3679 5111 re-

2104 5148 2225 5210 fert,
2250 5162 2472 5217 qumque
2496 5144 2789 5214 potuissent
2813 5144 3064 5213 juvenem
3090 5146 3297 5200 Joanne
3333 5146 3510 5200 minus
3552 5145 3678 5201 bene

2103 5239 2349 5294 allectum
2379 5253 2407 5291 a
2455 5236 2732 5308 proposito
2779 5252 3049 5292 revocare.
3100 5238 3282 5291 Matris
3324 5238 3501 5307 itaque
3549 5238 3679 5292 votis

2103 5332 2478 5399 obtemperans
2503 5327 2756 5393 Joannes,
2782 5344 2904 5383 cum
2935 5328 3022 5383 illa
3048 5344 3142 5397 pro
3171 5344 3319 5383 more
3343 5343 3444 5384 suo
3470 5330 3683 5384 mansit.

2177 5423 2230 5477 In
2260 5431 2499 5476 materna
2522 5421 2698 5491 itaque
2722 5420 2882 5475 domo
2905 5437 2935 5475 a
2959 5421 3180 5490 negotiis
3205 5434 3397 5476 vacans
3420 5422 3683 5477 smculario

2103 5513 2202 5567 bus
2236 5512 2515 5584 (Anthusa
2545 5513 2740 5581 quippe
2797 5527 2907 5565 rem
2951 5510 3259 5564 familiarem
3292 5525 3507 5566 omnem
3536 5527 3681 5566 cura.

2105 5606 2253 5671 bat),
2284 5604 2515 5659 Joannes
2540 5603 2739 5657 divinas
2770 5612 2971 5656 tantum
3004 5600 3353 5671 philosophiae
3378 5602 3535 5659 dabat
3562 5618 3683 5674 ope-

2102 5714 2214 5751 ram
2236 5738 2249 5760 ,
2284 5709 2477 5763 corpus
2503 5708 2778 5749 macerans
2821 5693 3067 5762 jejuniis,
3113 5690 3325 5762 vigiliis,
3357 5691 3507 5747 humi
3542 5706 3668 5747 reen

2102 5791 2234 5843 bans
2253 5830 2267 5852 ,
2300 5802 2490 5857 pravos
2528 5786 2749 5841 allectus
2785 5800 2971 5841 omnes
2998 5786 3278 5842 eliminans
3298 5829 3313 5853 ,
3340 5802 3487 5840 vana:
3510 5786 3693 5855 gloriae

2104 5883 2304 5935 fumum
2347 5880 2622 5949 depellens
2659 5888 2713 5934 et
2754 5876 3038 5949 dissipans.
3068 5878 3284 5950 Lingua:
3327 5893 3451 5934 vero
3478 5894 3545 5933 ne
3567 5880 3694 5950 quid

2104 5982 2285 6024 contra
2338 5969 2633 6039 proximum
2696 5969 2817 6023 mali
2868 5969 3161 6037 proferret,
3207 5971 3447 6039 perpetui
3500 5968 3693 6026 silentii

3220 6129 3227 6135 .
3288 6075 3329 6140 9
