4504 6712
779 606 845 660 27
1863 599 1920 655 3.
1951 595 2229 655 JOANNIS
2266 591 2745 651 CHRYSOSTOMI
2784 591 2963 657 VITA,
3982 587 4047 640 38

780 728 1007 777 ctauStra
1063 726 1339 789 posuerat;
1409 716 1671 771 neminem
1725 714 1919 784 quippe
1974 712 2357 783 alloquebatur.

785 812 921 868 llinc
948 810 1083 881 apud
1108 808 1390 864 nonnullos
1418 807 1595 877 opinio
1620 811 1734 860 erat
1758 819 2004 874 asperum
2036 804 2179 858 illum
2206 812 2325 856 esse
2348 841 2363 867 ,

778 902 871 970 qui
897 900 1180 953 humanam
1218 897 1512 967 quamlibet
1554 894 1860 948 societatem
1891 894 2129 965 fugeret:
2160 907 2223 945 ac
2247 904 2367 945 cum

785 990 977 1045 similia
1008 988 1221 1059 quidam
1250 988 1410 1043 multa
1440 985 1736 1057 proferrent
1762 994 1817 1039 et
1844 1001 2057 1039 rumore
2084 984 2268 1038 nuntio
2316 980 2369 1035 id

783 1081 877 1136 ille
906 1095 1010 1136 non
1037 1082 1321 1152 ignoraret,
1350 1076 1486 1131 haud
1514 1077 1737 1131 libenter
1763 1076 1919 1130 talem
1944 1075 2011 1130 de
2034 1090 2092 1128 se
2119 1071 2373 1140 suspicio-

784 1189 910 1228 nem
941 1173 1119 1227 haberi
1150 1170 1409 1239 comperit
1450 1185 1464 1221 :
1505 1169 1687 1225 maluit
1716 1179 1888 1223 tamen
1919 1168 2102 1223 eadem
2153 1178 2372 1234 pergere

786 1268 872 1320 via
900 1263 1339 1333 solitudinemque
1367 1277 1462 1333 pro
1507 1277 1655 1317 more
1700 1261 1880 1317 colere
1924 1276 1937 1312 :
1984 1268 2231 1328 expertus
2261 1255 2371 1310 for-

795 1367 935 1410 tasse
959 1395 976 1422 ,
1005 1353 1133 1409 dum
1178 1354 1230 1408 in
1262 1353 1376 1408 foro
1404 1365 1704 1409 versaretur
1724 1392 1739 1417 ,
1793 1352 1881 1406 vix
1914 1365 2070 1421 posse
2100 1348 2372 1403 hominum

788 1446 1060 1501 consortio
1088 1446 1470 1515 colloquiisque
1494 1443 1789 1509 fruentem,
1822 1442 1875 1497 in
1905 1442 1993 1496 illa
2019 1439 2228 1494 virtutis
2256 1441 2336 1492 via
2356 1478 2371 1504 ,

787 1552 949 1606 quam
976 1537 1087 1607 ipse
1111 1536 1384 1605 amplexus
1408 1542 1542 1600 erat,
1569 1535 1683 1589 sine
1709 1534 1857 1603 lapsu
1886 1531 2150 1602 progredi.

868 1627 1049 1698 Neque
1072 1635 1250 1681 tamen
1273 1626 1345 1681 ita
1371 1633 1729 1696 sequestratus
1752 1633 1866 1680 erat
1894 1625 1961 1678 ab
1990 1623 2262 1678 hominum
2294 1639 2381 1678 so-

792 1719 1009 1784 cietate,
1041 1726 1098 1773 ut
1124 1718 1394 1773 sodalibus
1418 1725 1473 1774 et
1500 1717 1683 1772 amicis
1709 1716 1953 1771 omnibus
2002 1714 2382 1769 intercluderet

799 1811 1024 1867 aditum.
1053 1810 1303 1865 Basiliam
1349 1810 1491 1864 enim
1516 1850 1529 1873 ,
1577 1808 1667 1879 qui
1698 1823 1793 1878 par
1834 1806 2039 1862 vivendi
2089 1806 2381 1860 institutum

797 1900 1129 1965 sectabatur,
1158 1899 1225 1954 ad
1271 1898 1561 1969 colloquia,
1592 1908 1650 1953 ut
1677 1898 1904 1953 vidimus
1923 1938 1937 1962 ,
1963 1896 2265 1965 frequenter
2289 1892 2385 1947 ad-

802 1991 1067 2046 mittebat.
1094 1990 1276 2059 Neque
1301 2005 1519 2059 prorsus
1547 1990 1841 2060 negligebat
1867 1989 2074 2043 sodales
2095 1986 2213 2041 illos
2232 2027 2247 2053 ,
2293 1984 2385 2055 qui

800 2081 988 2137 iisdem
1002 2094 1183 2135 secum
1214 2080 1340 2135 olim
1367 2080 1662 2150 disciplinis
1684 2080 1850 2142 tincti,
1881 2079 2190 2133 saecularem
2218 2077 2384 2130 vitam

804 2173 1262 2243 amplectebantur
1283 2182 1335 2230 et
1364 2174 1661 2229 forensibus
1700 2173 1887 2227 studiis
1920 2172 2117 2227 dabant
2144 2186 2382 2241 cperam.

807 2285 828 2313 ε
865 2265 1130 2319 Persuasit
1157 2266 1317 2328 enim,
1351 2266 1520 2335 inquit
1550 2264 1796 2319 Socrates
1825 2264 2017 2335 (Socr.
2049 2263 2087 2317 Ι.
2116 2262 2170 2318 6.
2202 2279 2248 2316 c.
2282 2262 2347 2332 5)
2369 2303 2382 2326 ,

809 2353 1093 2409 Theodoro
1119 2364 1172 2409 et
1195 2353 1421 2409 Maximo
1440 2354 1813 2425 condiscipulis
1837 2356 1967 2420 suis,
1998 2356 2089 2425 qui
2136 2369 2238 2409 una
2268 2366 2385 2409 cum

803 2445 923 2511 ipso
952 2444 1226 2500 Libanium
1252 2449 1540 2516 soptiistam
1571 2447 1866 2513 audierant,
1896 2458 1953 2502 ut
1972 2449 2153 2503 relicta
2183 2448 2388 2517 profes-

806 2533 979 2598 sione,
1000 2548 1120 2604 qute
1144 2534 1269 2588 nihil
1299 2546 1492 2603 prmter
1512 2546 1774 2606 quaistuin
1796 2546 2075 2606 spectaret,
2098 2538 2389 2606 simplicem

814 2622 989 2689 potius
1030 2637 1093 2677 ac
1141 2633 1354 2678 tenuem
1400 2626 1562 2680 vitam
1605 2626 2069 2696 amplecterentur.
2126 2645 2144 2678 ι
2179 2627 2259 2680 Ex
2309 2626 2392 2681 bis

815 2714 1127 2770 Theodorus
1148 2715 1484 2785 Mopsuestia:
1526 2718 1577 2771 in
1602 2717 1782 2773 Cilicia
1820 2718 2153 2788 postmodum
2180 2718 2393 2788 episco-

816 2816 910 2872 p":
940 2804 1070 2869 fuit;
1102 2806 1362 2862 Maximus
1403 2823 1533 2863 vero
1574 2809 1829 2865 Seleucia:
1877 2812 1928 2864 in
1979 2810 2195 2864 Isauria.
2245 2811 2397 2864 llunc

815 2910 974 2962 porro
1011 2896 1292 2953 Maximum
1322 2900 1470 2953 illum
1516 2909 1665 2970 putat
1712 2901 1875 2956 fuisse
1904 2902 2274 2966 llermantius,
2307 2901 2398 2971 qui

814 2984 1182 3058 Chrysostomi
1210 2991 1411 3045 amicus
1436 2997 1490 3045 et
1513 2991 1712 3061 collega
1739 3000 1874 3057 erat,
1899 2993 2092 3062 quique
2118 2991 2399 3046 conciona-

820 3077 979 3132 ‘batur
1004 3078 1221 3135 alternis
1245 3095 1365 3136 cum
1387 3082 1479 3137 illo
1504 3082 1726 3147 vicibus,
1755 3092 1815 3139 ut
1840 3083 2008 3139 fertur
2049 3084 2217 3139 Tomo
2244 3083 2399 3138 tertio

812 3170 925 3226 col.
948 3169 1205 3235 225,226.
1235 3172 1527 3228 Maximum
1556 3188 1769 3244 quoque
1794 3182 2055 3229 memorat
2081 3172 2401 3245 Chrysosto-

818 3276 938 3318 mus
963 3261 1065 3318 sibi
1093 3264 1323 3318 amicum
1357 3266 1410 3319 in
1442 3265 1669 3335 epistola
1697 3265 1924 3335 quadam
1942 3266 2007 3321 ad
2028 3265 2399 3338 Olympiadem

811 3354 907 3426 (Τ.
933 3356 987 3411 3.
1010 3372 1057 3411 ο.
1080 3355 1205 3414 610.
1232 3357 1273 3412 1.
1293 3358 1371 3428 1).
1393 3356 1626 3414 Maximo
1643 3360 1803 3415 etiam
1825 3360 1925 3415 sibi
1951 3361 2125 3416 amico
2144 3363 2402 3432 episcopo

818 3448 1037 3519 scripsit
1070 3448 1159 3504 ille
1182 3446 1268 3520 (Τ.
1308 3451 1362 3505 3.
1403 3466 1452 3504 c.
1490 3450 1640 3521 700).
1679 3449 1874 3506 Verum
1901 3467 1967 3506 an
1992 3452 2044 3506 in
2069 3453 2132 3507 iis
2158 3453 2289 3508 locis
2321 3462 2405 3509 ter

822 3543 963 3599 idem
980 3554 1328 3609 memoretur,
1348 3558 1415 3598 an
1432 3558 1580 3606 vero,
1600 3545 1642 3599 si
1662 3544 1845 3615 plures
1861 3549 1987 3609 sint,
2006 3562 2195 3601 eorum
2212 3546 2406 3617 aliquis

830 3629 925 3686 ille
948 3630 1019 3687 sit
1043 3630 1112 3687 de
1136 3647 1243 3702 quo
1266 3632 1379 3703 jam
1403 3634 1575 3704 agitur
1594 3677 1607 3700 ,
1637 3635 1844 3689 nonnisi
1883 3634 2167 3689 divinando
2195 3634 2297 3689 dici
2318 3647 2411 3703 p0-

832 3727 937 3776 test
959 3738 973 3774 :
996 3721 1148 3777 multi
1176 3722 1369 3793 quippe
1400 3733 1523 3779 tunc
1548 3734 1699 3779 erant
1728 3725 1938 3779 nomine
1963 3725 2192 3779 Maximi.
2287 3751 2289 3754 ⁴

904 3810 1148 3881 Episton
1164 3814 1231 3866 ad
1253 3812 1568 3869 Theodorum
1594 3815 1809 3881 lapsum.
1833 3845 1891 3855 —
1930 3814 2240 3870 Theodorus
2260 3828 2408 3881 vero,

840 3901 930 3967 qui
958 3901 1215 3957 suadente
1241 3901 1463 3968 Joanne,
1492 3903 1747 3958 abdicatis
1772 3903 1927 3958 rebus
1954 3903 2269 3969 forensibus,
2304 3905 2413 3974 pie-

842 3988 964 4043 tatis
989 3991 1252 4047 exercitiis
1274 4006 1394 4049 sese
1420 4003 1585 4048 totum
1610 3994 1903 4061 dediderat,
1931 3995 1982 4049 in
2008 3996 2279 4066 proposito
2308 4010 2414 4050 non

843 4082 933 4135 diu
965 4084 1221 4153 perstitit;
1244 4085 1336 4140 sed
1358 4099 1569 4141 rursum
1594 4086 1658 4141 ad
1681 4086 1857 4156 prisca
1882 4100 2130 4142 reversus
2152 4128 2167 4153 ,
2192 4087 2413 4142 smcula-

841 4174 920 4227 ria
942 4176 1149 4243 negotia
1176 4184 1404 4233 tractare
1440 4178 1635 4247 coepit,
1671 4178 2131 4249 voluptatibusque
2174 4178 2411 4246 deditus,

846 4265 1142 4322 llermionis
1171 4270 1328 4323 etiam
1365 4272 1554 4340 puellae
1584 4269 1858 4340 cujusdam
1892 4286 2074 4326 amore
2117 4270 2368 4341 ﬂagrabat
2398 4288 2412 4325 :

844 4355 1036 4423 quibus
1060 4359 1348 4426 compertis
1368 4359 1602 4414 Joannes
1646 4360 1831 4414 intimo
1867 4359 2066 4415 doloris
2089 4376 2247 4416 sensu
2291 4362 2419 4417 all'e-

840 4459 985 4516 ctus,
1003 4451 1295 4508 orationem
1323 4454 1419 4524 ipsi
1440 4455 1795 4527 longissimam
1817 4457 2093 4528 misit,qna
2108 4457 2255 4513 illum
2270 4459 2420 4529 quasi

840 4540 955 4607 jam
984 4540 1124 4596 vitiis
1146 4541 1378 4598 deditum
1399 4547 1701 4616 compellat,
1731 4545 1796 4600 ad
1827 4546 2189 4616 paenitentiam
2226 4547 2421 4603 cohor-

841 4641 992 4697 ntans,
1020 4632 1088 4686 ad
1115 4647 1404 4698 secessum,
1436 4636 1501 4690 ad
1529 4637 1806 4703 pristinum
1835 4637 1957 4691 vitm
1984 4652 2169 4707 genus,
2198 4637 2340 4708 quod
2367 4653 2426 4691 se

852 4722 1112 4777 suadente
1140 4734 1447 4794 susceperat
1475 4724 1865 4796 (T.l.c.'503).
1893 4727 2314 4798 Exemplumque
2351 4726 2430 4781 af-

848 4808 958 4864 «fert
981 4810 1190 4879 juvenis
1208 4812 1480 4881 cujusdam
1505 4813 1772 4871 Plimnicis
1799 4813 1993 4870 Urbani
2024 4816 2134 4879 ﬁlii,
2160 4816 2431 4871 nobilitate

858 4902 1132 4971 et-Opibus
1158 4905 1402 4972 pollentis
1419 4945 1436 4972 ,
1470 4908 1558 4976 qui
1585 4920 1735 4971 cum,
1769 4908 1858 4976 pio
1883 4917 2057 4962 motus
2084 4908 2272 4961 atl’ectu
2292 4949 2307 4974 ,
2353 4907 2435 4960 lu-

860 4994 1198 5062 dimagistris,
1227 4996 1381 5051 fastui
1407 4998 1736 5069 terrenisque
1762 4998 2008 5054 omnibus
2033 4999 2247 5070 longum
2292 5000 2436 5053 vale-

862 5084 1104 5149 dixisset,
1136 5086 1187 5141 in
1214 5098 1425 5145 montes
1450 5090 1782 5157 ascenderat,
1812 5101 1864 5146 et
1885 5092 1949 5146 ad
1976 5106 2242 5146 summum
2277 5092 2437 5145 virtu-

866 5180 936 5232 tis
972 5176 1189 5249 gradum
1232 5181 1540 5249 pervenisse
1583 5181 1889 5250 videbatur;
1917 5184 2011 5239 sed
2064 5196 2243 5254 postea
2290 5200 2317 5235 ει
2350 5198 2437 5237 co-

865 5272 1038 5340 gnatis
1067 5268 1327 5328 abductus
1348 5283 1403 5329 et
1430 5278 1495 5330 ad
1527 5273 1745 5343 pristina
1788 5282 2084 5340 revocatus,
2116 5289 2145 5329 a
2172 5274 2440 5328 montibus

866 5364 920 5419 in
947 5363 1180 5420 medium
1206 5364 1377 5421 forum
1405 5381 1464 5422 se
1488 5366 1731 5431 contulit,
1761 5366 1846 5420 ubi
1874 5382 2010 5436 equo
2036 5375 2216 5421 vectus
2239 5407 2252 5429 ,
2284 5374 2338 5419 et
2366 5364 2444 5418 fa-

869 5459 1137 5516 mulorum
1196 5459 1634 5530 adulatorumque
1686 5458 1833 5513 turba
1896 5460 2135 5525 cinctus,
2196 5455 2444 5511 omnibus

870 5552 1174 5621 spectaculo
1201 5562 1316 5609 erat
1346 5572 1359 5607 :
1392 5554 1710 5619 demumque
1736 5564 1764 5603 a
1797 5549 1896 5619 piis
1931 5547 2242 5618 quihusdam
2270 5545 2445 5599 bomi-

871 5641 1033 5701 nibus
1060 5645 1253 5699 sensim
1278 5644 1345 5701 ad
1375 5660 1557 5700 sanam
1588 5650 1820 5699 mentem
1849 5639 2125 5703 reductus,
2160 5635 2447 5690 solitariam

873 5734 1035 5788 vitam
1065 5736 1296 5803 repetiit,
1327 5745 1379 5791 et
1408 5735 1473 5791 ad
1497 5735 1703 5789 virtutis
1724 5732 1930 5803 apicem
1951 5728 2163 5784 demum
2190 5727 2447 5797 pervenit.

2479 710 2707 780 priscam
2735 708 2895 761 vitam
2928 714 3231 771 revocatus,
3260 704 3312 759 in
3337 699 3524 757 cellula
3551 713 3609 753 se
3636 700 3930 763 COﬂCanll,
3961 700 4049 753 ubi

2477 821 2615 875 pane
2638 806 2806 859 solum
2851 810 2902 855 et
2930 814 3064 868 aqua
3089 799 3249 853 vitam
3294 802 3594 852 sustentans
3614 831 3628 855 ,
3661 799 3832 845 tantos
3876 804 4049 859 poeni-

2478 897 2655 951 tentia:
2681 894 2881 949 fructus
2909 888 3122 955 emisit,
3171 899 3227 944 ut
3273 889 3431 944 etiam
3472 882 3739 941 miraculis
3778 882 4049 936 claruerit.

2477 988 2638 1042 Addit
2684 987 2841 1041 etiam
2899 982 3200 1046 Valerium,
3252 978 3613 1042 Florentium,
3662 974 4049 1046 Porphyrium,

2478 1081 2717 1150 aliosque
2784 1077 2927 1130 viros
2991 1077 3259 1142 sapientes
3318 1068 3584 1127 Theodori
3637 1068 3804 1121 vicem
3869 1060 4053 1119 dolere

2482 1169 2588 1241 (Τ.
2617 1167 2899 1237 i.c.313).

2550 1258 2796 1331 Ερὶδιοιω
2837 1257 2904 1312 ad
2949 1253 3263 1309 Theodorum
3304 1254 3523 1321 lapsum.
3552 1281 3624 1292 -—
3662 1250 3897 1319 Cumque
3947 1263 4053 1302 non

2481 1362 2663 1423 posset
2682 1352 2859 1407 statim
2887 1344 3222 1404 Theodorum
3250 1357 3282 1396 a
3314 1343 3402 1396 tali
3427 1345 3548 1397 vita:
3576 1357 3771 1411 genere
3795 1354 4015 1394 avocare
4034 1378 4049 1401 ,

2482 1445 2600 1501 aliis
2625 1444 2864 1515 epistolis
2887 1452 2939 1497 et
2959 1438 3171 1511 quidem
3218 1433 3400 1489 multis
3421 1475 3435 1497 ,
3468 1442 3524 1486 ut
3550 1449 3616 1489 ex
3646 1434 3808 1502 ipsius
3836 1431 4056 1486 Joannis

2484 1544 2701 1591 narratu
2732 1534 3035 1604 percipitur,
3067 1529 3212 1581 illum
3257 1523 3483 1578 sollicite
3518 1525 3653 1576 ursit
3680 1534 3737 1575 ut
3767 1523 3934 1589 prisca
3966 1535 4053 1574 rc-

2486 1636 2706 1697 peteret.
2738 1626 2849 1680 Etsi
2880 1638 3004 1677 vero
3030 1636 3133 1674 non
3155 1623 3334 1687 aperte
3361 1613 3505 1677 dicit,
3530 1610 3863 1666 Theodorum
3890 1613 4058 1666 literis

2485 1717 2596 1772 suis
2634 1710 3006 1785 respondisse,
3037 1726 3100 1764 ex
3132 1712 3247 1778 ejus
3274 1703 3448 1761 verbis
3474 1701 3623 1772 argui
3661 1717 3815 1771 posse
3854 1704 4060 1756 videtur

2487 1805 2823 1864 Theodorum
2851 1802 3086 1873 epistolis
3130 1796 3493 1869 Chrysostomi
3540 1790 3901 1862 frequentibus
3928 1808 4057 1847 con-

2487 1902 2703 1956 citatum
2732 1940 2748 1964 ,
2779 1892 3118 1965 reSpondisse
3144 1890 3217 1944 illi
3247 1907 3260 1943 :
3289 1903 3348 1942 se
3376 1885 3505 1941 nihil
3547 1895 3730 1937 contra
3766 1885 3853 1952 jus
3881 1883 4061 1952 fasque

2490 1996 2700 2056 facere,
2746 1987 3198 2053 Hermionemque
3218 1994 3437 2045 amare,
3484 1976 3607 2046 quia
3652 1975 3797 2029 illam
3841 1990 4060 2029 uxorem

2489 2086 2683 2140 ducere
2706 2077 2990 2148 cogitabat.
3018 2074 3128 2129 Sub
3155 2072 3269 2127 haec
3291 2080 3469 2125 autem
3495 2067 3879 2138 Chysostomus
3904 2066 4062 2119 aliam

2491 2175 2588 2245 ipsi
2614 2170 2893 2243 epistolam
2926 2166 3070 2221 misit
3088 2206 3101 2226 ,
3132 2179 3234 2233 qua
3262 2162 3409 2217 illum
3435 2157 3801 2213 vehementius
3827 2156 4063 2209 concita-

2491 2264 2599 2331 bat,
2632 2273 2689 2319 ut
2716 2262 2894 2317 missis
2921 2257 3168 2313 omnibus
3192 2251 3533 2310 saicularibus
3582 2249 3741 2304 rebus
3787 2248 4065 2319 pristinum

2491 2357 2611 2411 vitae
2638 2366 2805 2424 genus
2830 2358 3117 2418 repeteret.

2562 2447 2689 2514 Quae
2713 2444 2821 2514 jam
2853 2441 3082 2497 diximus
3108 2454 3171 2493 ex
3200 2432 3330 2505 ipsis
3374 2428 3739 2503 Chrysostomi
3772 2425 3943 2481 verbis
3970 2441 4066 2480 ex-

2494 2548 2683 2607 cerpta
2699 2540 2869 2594 fuere.
2883 2534 3062 2604 Longe
3076 2530 3233 2585 aliter
3250 2542 3361 2583 rem
3385 2525 3657 2580 constituit
3682 2519 4067 2581 Tillcmontins,

2495 2630 2583 2698 qui
2618 2634 2763 2697 putat
2792 2625 3014 2694 primam
3044 2620 3188 2674 illam
3224 2616 3291 2672 ad
3322 2613 3660 2671 Theodorum
3706 2610 3920 2663 missam
3950 2621 4072 2660 ora-

2501 2721 2720 2782 tionem,
2746 2731 2849 2770 non
2876 2713 2941 2767 ad
2983 2712 3127 2765 illum
3170 2709 3261 2778 qui
3312 2714 3492 2776 postea
3521 2704 3802 2772 episcopus
3828 2698 4071 2766 Mopsue-

2500 2812 2615 2866 stia:
2643 2807 2767 2871 fuit;
2808 2803 2902 2858 sed
2929 2801 2993 2855 ad
3032 2800 3195 2854 alium
3236 2794 3604 2865 cognominem
3632 2792 3846 2845 missam
3872 2788 4072 2853 fuisse,

2499 2902 2588 2971 qui
2618 2898 2859 2954 similiter
2885 2902 3161 2965 postquam
3194 2887 3448 2942 mundum
3474 2884 3776 2951 reliquerat,
3801 2891 3985 2933 rursus
4007 2877 4075 2931 ad

2500 2968 2774 3049 saecularia
2804 2986 3133 3043 convolarat.
3164 2980 3294 3051 Ejus
3322 2986 3630 3048 argumenta
3666 2974 3841 3027 omnia
3868 2968 4074 3040 depuli-

2502 3100 2655 3149 mus,
2686 3080 2921 3151 illudque
2950 3079 3001 3131 in
3032 3075 3245 3147 primis,
3292 3071 3431 3143 quod
3475 3070 3587 3138 ipse
3633 3065 3915 3120 maximum
3962 3076 4080 3117 om-

2504 3176 2652 3230 nium
2696 3187 2816 3228 esse
2860 3176 3048 3241 putat,
3073 3175 3262 3235 estque
3308 3158 3606 3231 bujusmodi
3632 3176 3645 3211 :
3672 3155 3981 3211 Theodorus
4023 3154 4077 3206 in

2504 3266 2737 3326 secunda
2777 3261 2999 3333 epistola
3046 3264 3369 3314 memoratus
3410 3249 3641 3306 nondum
3682 3244 3865 3316 viginti
3912 3258 4080 3298 annos

2506 3362 2843 3432 expleverat;
2873 3354 2924 3408 in
2955 3351 3125 3421 prima
3175 3360 3302 3402 vero
3327 3343 3459 3399 dixit
3485 3337 3767 3395 Theodoro
3811 3350 3915 3390 non
3961 3334 4084 3432 plus

2508 3423 2889 3521 quinquaginta
2914 3443 3035 3497 vitae
3060 3450 3229 3493 annos
3254 3434 3354 3505 ipsi
3400 3443 3713 3501 superesse.
3761 3435 3818 3481 ut
3854 3425 3921 3479 ad
3958 3423 4079 3478 ulti~

2512 3514 3002 3596 mam—senectutem
3022 3526 3336 3601 perveniret.
3359 3522 3594 3590 Hincque
3618 3518 3788 3588 arguit
3808 3515 3895 3570 ille
3908 3514 4084 3569 Theo-

2510 3631 2698 3685 dorum
2713 3627 2858 3681 illum
2872 3622 3098 3693 primum
3111 3614 3455 3687 quadraginta
3476 3622 3734 3663 annorum
3756 3616 3878 3661 tunc
3894 3602 4080 3693 fuisse,

2513 3719 2655 3775 illam
2688 3691 2926 3772 ultimam
2948 3715 3273 3765 senectutem
3291 3704 3358 3758 de
3381 3697 3735 3768 nonagenario
3762 3702 3960 3749 tantum
3979 3691 4087 3747 dici

2515 3824 2671 3881 posse
2698 3816 2908 3877 putans.
2940 3798 3255 3857 Theodorus
3280 3808 3408 3848 vero
3433 3791 3585 3853 alter,
3630 3786 3720 3857 qui
3748 3796 3869 3840 tunc
3897 3783 4089 3854 vigesi-

2516 3876 2658 3958 mum
2686 3876 2881 3953 annum
2909 3890 3137 3963 agebat,
3161 3886 3350 3942 additis
3380 3890 3561 3953 postea
3590 3876 3959 3948 quinquaginta
3988 3888 4087 3926 an-

2517 3997 2601 4051 nis
2626 3986 3063 4062 septuagenarius
3087 3989 3289 4037 tantum
3314 3974 3522 4030 fuisset.
3570 3970 3682 4024 lloc
3720 3973 4088 4062 argumentum

2520 4089 2571 4143 ni
2601 4052 2756 4140 fallor
2780 4052 2991 4151 egregie
3014 4072 3190 4143 depuli
3220 4070 3272 4124 in
3294 4066 3492 4122 Mouito
3515 4061 3578 4116 T.
3612 4061 3639 4113 1
3674 4058 3843 4151 initio.
4005 4066 4093 4105 se-

2520 4178 2754 4234 cundum
2783 4143 2989 4228 hiec'in
3014 4168 3188 4222 locum
3226 4158 3413 4222 incidi,
3448 4166 3604 4224 quem
3633 4147 3865 4204 nondum
3904 4143 4094 4234 adver-

2521 4232 2711 4332 teram,
2744 4267 2794 4320 in
2823 4278 2929 4335 quo
2974 4259 3183 4313 videtur
3206 4250 3616 4335 Chrysostomus
3650 4237 3770 4335 data
3793 4248 3953 4305 opera
3979 4232 4093 4332 Til-

2522 4322 2759 4417 lemon'tii
2816 4322 2977 4409 telum
3017 4343 3309 4415 depellere.
3355 4326 4023 4417 (Ξυιιιιιιεθιηξι-ξο-[ιςιιιιριεΔ
4040 4322 4093 4373 in

2527 4410 2815 4521 again...
2857 4444 2883 4496 ι
2928 4436 2994 4491 ad
3015 4410 3316 4521 Corinthios
3333 4421 3521 4521 (rio.
3540 4436 3589 4476 c.
3604 4414 3694 4470 55.
3712 4413 3745 4469 ι.
3758 4411 3876 4481 se),
3901 4412 3969 4521 de
3991 4410 4094 4521 so.

2525 4508 2672 4595 crate
2726 4537 2948 4603 loquens
2988 4526 3092 4579 ait:
3117 4518 3184 4576 Et
3229 4532 3343 4572 cum
3381 4513 3451 4567 ad
3497 4517 3768 4565 extremam
3801 4508 4096 4603 senectutem

2530 4593 2829 4700 pervenisset
2860 4635 2878 4673 :
2906 4614 3095 4671 dicebat
3114 4610 3245 4664 enim
3266 4622 3318 4661 se
3336 4616 3584 4658 armorum
3633 4593 3947 4700 septimginta
3970 4602 4095 4651 esse,

2531 4680 2732 4789 quando
2756 4712 2907 4765 vitam
2926 4702 3166 4774 despexit.
3198 4698 3313 4754 Jam
3343 4694 3491 4749 vides
3516 4691 3589 4789 ita
3634 4680 3948 4789 explicanda
3977 4692 4099 4778 θεῖε

2534 4777 2649 4861 loca
2675 4818 2704 4857 a
2729 4794 3062 4856 Tillemontio
3090 4792 3264 4852 allata,
3287 4784 3425 4842 utde
3449 4780 3633 4837 eodem
3651 4777 3702 4830 in
3729 4782 3951 4839 utraque
3976 4782 4095 4835 epi-

2537 4896 2667 4953 stola
2695 4888 2974 4948 Theodoro
3001 4884 3266 4954 loquatur.
3296 4878 3351 4932 ln
3380 4863 3549 4945 prima
3572 4868 3699 4923 dicit
3725 4874 3891 4917 annos
3908 4872 4097 4927 super-

2538 5002 2655 5046 esse
2679 4980 3053 5056 quinquaginta
3078 4984 3136 5031 ut
3158 4972 3223 5027 ad
3250 4976 3540 5025 extremam
3569 4960 3896 5056 senectutem
3923 4962 4104 5051 perve-

2540 5082 2667 5148 niat,
2697 5047 2757 5132 in
2779 5047 3011 5132 secunda
3027 5081 3153 5123 vero
3171 5064 3317 5118 illum
3339 5067 3532 5111 annum
3558 5047 3770 5148 circiter
3797 5047 4108 5148 vigesimum

2541 5137 2805 5243 attigisse:
2829 5167 2883 5222 in
2903 5162 3065 5218 allato
3084 5164 3258 5212 autem
3278 5152 3395 5243 loco
3415 5138 3741 5243 septuaginta
3757 5137 4110 5243 annos:

2544 5219 2797 5321 extremae
2835 5251 3124 5313 senectutis
3142 5258 3263 5301 esse
3291 5237 3501 5293 dicitur.
3521 5228 3707 5283 Iisdem
3748 5237 3873 5321 usus
3900 5219 4114 5274 vocibus

2544 5314 2889 5426 Elivrvsostom
2899 5362 2960 5403 us
2975 5345 3079 5400 duo
3104 5340 3190 5395 illa
3211 5337 3347 5396 loca,
3364 5339 3480 5397 quae
3885 5324 4119 5426 Efﬁnge

2549 5401 2783 5518 putdliat,
2807 5437 3075 5497 conciliat,
3097 5433 3365 5518 unum‘l“‘_3
3385 5428 3503 5470 esse
3521 5405 3856 5518 'Fheo‘lomf“

2620 5491 2783 5590 Si};
2802 5491 3000 5588 annum
3029 5491 3175 5580 vero,
3203 5526 3310 5583 quo
3339 5508 3421 5561 ha:
3449 5501 3658 5570 scriptae
3702 5501 3825 5551 sunt
3850 5491 4110 5564 epistolae,

2556 5644 2583 5682 a
2613 5585 2953 5681 fi-lleinontio
2983 5627 3091 5670 non
3143 5598 3427 5660 dissentior
3455 5592 3593 5646 circa
3637 5585 3941 5646 secundam,

2558 5669 3161 5789 pultat-scriptamfuisse
3188 5706 3327 5749 anno
3343 5687 3446 5744 369
3470 5693 3566 5789 :‘at
3615 5687 3796 5783 contra
3843 5669 4113 5789 quatit:

2556 5769 2861 5867 arbitratur,
2908 5795 3128 5866 primam
3178 5794 3386 5855 quoque
3418 5774 3602 5831 eodem
3640 5769 3848 5867 circiter
3894 5770 4127 5867 tempore

2952 5887 3002 5939 in
3029 5879 3214 5937 eodem
3264 5871 3461 5927 Monito
3490 5864 3724 5939 probavi.
3760 5858 3931 5957 Unnum
3952 5859 4128 5957 tamen

2858 5977 3123 6051 negotium
3169 5968 3429 6025 facessere
3477 5961 3659 6035 possit.
3697 5954 3782 6011 Ait
3821 5946 4129 6009 Chrysalo-

873 5825 1027 5881 Aliud
1058 5824 1256 5897 profert
1285 5830 1583 5900 exemplum
1608 5828 1726 5893 viri,
1750 5824 1840 5894 qui
1866 5837 1986 5877 eum
2016 5834 2108 5891 per
2136 5818 2330 5875 multos
2358 5834 2452 5873 an-

866 5936 973 5975 nos
997 5923 1155 5978 vitam
1178 5922 1416 5979 duxisset
1452 5920 1740 5991 angelicam
1760 5956 1777 5982 ,
1807 5930 1872 5970 eo
1896 5912 2108 5968 demum
2143 5924 2453 5982 progressus

867 6026 958 6074 est
981 6025 1035 6071 ut
1063 6016 1366 6088 in‘lupanar
1386 6029 1443 6069 se
1482 6010 1771 6073 conferret,
1805 6003 1896 6061 sed
1927 6012 2105 6073 postea
2142 6017 2172 6057 a
2196 6002 2341 6059 socio
2385 6001 2453 6055 ad
