  <div class='ocr_page' id='page_1' title='image "/cluster/home/n/w/nwhite01/storage/ocr_20150623/47/hvd.32044025239690/140.png"; bbox 0 0 4504 6724; ppageno 0'>
   <div class='ocr_carea' id='block_1_1' title="bbox 425 558 3699 641">
    <p class='ocr_par' dir='ltr' id='par_1_1' title="bbox 425 558 3699 641">
     <span class='ocr_line' id='line_1_1' title="bbox 425 558 3699 641; baseline -0.004 -14"><span class='ocrx_word' id='word_1_1' title='bbox 425 573 494 628; x_wconf 80' lang='lat'><strong>89</strong></span> <span class='ocrx_word' id='word_1_2' title='bbox 1553 558 1740 623; x_wconf 68' lang='lat' dir='ltr'><strong>NUNC</strong></span> <span class='ocrx_word' id='word_1_3' title='bbox 1776 560 2036 620; x_wconf 74' lang='lat' dir='ltr'><strong>PRIMUM</strong></span> <span class='ocrx_word' id='word_1_4' title='bbox 2075 561 2468 620; x_wconf 67' lang='lat' dir='ltr'><strong>ADOBNATA.</strong></span> <span class='ocrx_word' id='word_1_5' title='bbox 3629 585 3699 641; x_wconf 59' lang='grc' dir='ltr'><strong>ω</strong></span> 
     </span>
    </p>
   </div>
   <div class='ocr_carea' id='block_1_2' title="bbox 425 676 2000 761">
    <p class='ocr_par' dir='ltr' id='par_1_2' title="bbox 425 676 2000 761">
     <span class='ocr_line' id='line_1_2' title="bbox 425 676 2000 761; baseline -0.008 -19"><span class='ocrx_word' id='word_1_6' title='bbox 425 706 545 744; x_wconf 82' lang='lat' dir='ltr'><strong>mus</strong></span> <span class='ocrx_word' id='word_1_7' title='bbox 577 688 630 745; x_wconf 91' lang='lat' dir='ltr'><strong>in</strong></span> <span class='ocrx_word' id='word_1_8' title='bbox 652 689 870 760; x_wconf 79' lang='lat' dir='ltr'><strong>epistola</strong></span> <span class='ocrx_word' id='word_1_9' title='bbox 882 696 1066 761; x_wconf 84' lang='lat' dir='ltr'><strong>prima,</strong></span> <span class='ocrx_word' id='word_1_10' title='bbox 1085 676 1418 742; x_wconf 67' lang='lat' dir='ltr'><strong>c.302.l.42:</strong></span> <span class='ocrx_word' id='word_1_11' title='bbox 1435 679 1588 734; x_wconf 82' lang='lat' dir='ltr'><strong>Nunc</strong></span> <span class='ocrx_word' id='word_1_12' title='bbox 1613 677 1815 749; x_wconf 80' lang='lat' dir='ltr'><strong>quidem</strong></span> <span class='ocrx_word' id='word_1_13' title='bbox 1841 677 2000 731; x_wconf 88' lang='lat' dir='ltr'><strong>tristi-</strong></span> 
     </span>
    </p>
   </div>
   <div class='ocr_carea' id='block_1_3' title="bbox 424 769 2002 843">
    <p class='ocr_par' dir='ltr' id='par_1_3' title="bbox 424 769 2002 843">
     <span class='ocr_line' id='line_1_3' title="bbox 424 769 2002 843; baseline -0.008 -10"><span class='ocrx_word' id='word_1_14' title='bbox 424 783 496 834; x_wconf 83' lang='lat' dir='ltr'><strong>tia</strong></span> <span class='ocrx_word' id='word_1_15' title='bbox 530 785 744 842; x_wconf 74' lang='lat' dir='ltr'><strong>fratrum</strong></span> <span class='ocrx_word' id='word_1_16' title='bbox 790 785 1000 837; x_wconf 80' lang='lat' dir='ltr'><strong>chorum</strong></span> <span class='ocrx_word' id='word_1_17' title='bbox 1040 782 1276 843; x_wconf 71' lang='lat' dir='ltr'><strong>occupat,</strong></span> <span class='ocrx_word' id='word_1_18' title='bbox 1299 770 1531 837; x_wconf 75' lang='lat' dir='ltr'><strong>voluptas</strong></span> <span class='ocrx_word' id='word_1_19' title='bbox 1551 781 1597 825; x_wconf 84' lang='lat' dir='ltr'><strong>et</strong></span> <span class='ocrx_word' id='word_1_20' title='bbox 1622 771 1799 824; x_wconf 76' lang='lat' dir='ltr'><strong>latitia</strong></span> <span class='ocrx_word' id='word_1_21' title='bbox 1822 769 2002 838; x_wconf 67' lang='grc' dir='ltr'><strong>ἱηράερ</strong></span> 
     </span>
    </p>
   </div>
   <div class='ocr_carea' id='block_1_4' title="bbox 423 863 1999 936">
    <p class='ocr_par' dir='ltr' id='par_1_4' title="bbox 423 863 1999 936">
     <span class='ocr_line' id='line_1_4' title="bbox 423 863 1999 936; baseline -0.01 -10"><span class='ocrx_word' id='word_1_22' title='bbox 423 874 549 928; x_wconf 84' lang='lat' dir='ltr'><strong>lium</strong></span> <span class='ocrx_word' id='word_1_23' title='bbox 575 885 890 936; x_wconf 64' lang='lat' dir='ltr'><strong>certantum,</strong></span> <span class='ocrx_word' id='word_1_24' title='bbox 907 884 1096 924; x_wconf 79' lang='lat' dir='ltr'><strong><em>necnon</em></strong></span> <span class='ocrx_word' id='word_1_25' title='bbox 1109 867 1351 935; x_wconf 74' lang='lat' dir='ltr'><strong>juvenem</strong></span> <span class='ocrx_word' id='word_1_26' title='bbox 1379 864 1480 918; x_wconf 91' lang='lat' dir='ltr'><strong>otio</strong></span> <span class='ocrx_word' id='word_1_27' title='bbox 1512 864 1671 933; x_wconf 74' lang='lat' dir='ltr'><strong>ntagis</strong></span> <span class='ocrx_word' id='word_1_28' title='bbox 1695 863 1999 917; x_wconf 75' lang='lat' dir='ltr'><strong>deditorum.</strong></span> 
     </span>
    </p>
   </div>
   <div class='ocr_carea' id='block_1_5' title="bbox 422 954 2002 1027">
    <p class='ocr_par' dir='ltr' id='par_1_5' title="bbox 422 954 2002 1027">
     <span class='ocr_line' id='line_1_5' title="bbox 422 954 2002 1027; baseline -0.01 -5"><span class='ocrx_word' id='word_1_29' title='bbox 422 967 520 1023; x_wconf 84' lang='lat' dir='ltr'><strong>llic</strong></span> <span class='ocrx_word' id='word_1_30' title='bbox 545 969 764 1024; x_wconf 77' lang='lat' dir='ltr'><strong>fratrum</strong></span> <span class='ocrx_word' id='word_1_31' title='bbox 795 966 1017 1019; x_wconf 89' lang='lat' dir='ltr'><strong>chorum</strong></span> <span class='ocrx_word' id='word_1_32' title='bbox 1045 958 1157 1012; x_wconf 88' lang='lat' dir='ltr'><strong>vult</strong></span> <span class='ocrx_word' id='word_1_33' title='bbox 1175 957 1473 1027; x_wconf 87' lang='lat' dir='ltr'><strong>signiﬁcare</strong></span> <span class='ocrx_word' id='word_1_34' title='bbox 1501 954 1871 1010; x_wconf 82' lang='lat' dir='ltr'><strong>Tillemontius</strong></span> <span class='ocrx_word' id='word_1_35' title='bbox 1887 966 2002 1007; x_wconf 64' lang='lat' dir='ltr'><strong>cm-</strong></span> 
     </span>
    </p>
   </div>
   <div class='ocr_carea' id='block_1_6' title="bbox 423 1043 2002 1118">
    <p class='ocr_par' dir='ltr' id='par_1_6' title="bbox 423 1043 2002 1118">
     <span class='ocr_line' id='line_1_6' title="bbox 423 1043 2002 1118; baseline -0.012 -7"><span class='ocrx_word' id='word_1_36' title='bbox 423 1070 533 1114; x_wconf 85' lang='lat' dir='ltr'><strong>tum</strong></span> <span class='ocrx_word' id='word_1_37' title='bbox 559 1055 964 1116; x_wconf 84' lang='lat' dir='ltr'><strong>monachorum,</strong></span> <span class='ocrx_word' id='word_1_38' title='bbox 994 1048 1223 1118; x_wconf 82' lang='lat' dir='ltr'><strong>hincque</strong></span> <span class='ocrx_word' id='word_1_39' title='bbox 1253 1046 1463 1117; x_wconf 90' lang='lat' dir='ltr'><strong>probari</strong></span> <span class='ocrx_word' id='word_1_40' title='bbox 1487 1053 1634 1116; x_wconf 88' lang='lat' dir='ltr'><strong>putat</strong></span> <span class='ocrx_word' id='word_1_41' title='bbox 1660 1043 2002 1100; x_wconf 82' lang='lat' dir='ltr'><strong>Theodorum</strong></span> 
     </span>
    </p>
   </div>
   <div class='ocr_carea' id='block_1_7' title="bbox 421 1135 2004 1211">
    <p class='ocr_par' dir='ltr' id='par_1_7' title="bbox 421 1135 2004 1211">
     <span class='ocr_line' id='line_1_7' title="bbox 421 1135 2004 1211; baseline -0.015 -5"><span class='ocrx_word' id='word_1_42' title='bbox 421 1154 582 1205; x_wconf 76' lang='lat' dir='ltr'><strong>istem</strong></span> <span class='ocrx_word' id='word_1_43' title='bbox 626 1149 787 1202; x_wconf 91' lang='lat' dir='ltr'><strong>alium</strong></span> <span class='ocrx_word' id='word_1_44' title='bbox 829 1159 858 1195; x_wconf 88' lang='lat' dir='ltr'><strong>a</strong></span> <span class='ocrx_word' id='word_1_45' title='bbox 901 1140 1294 1211; x_wconf 81' lang='lat' dir='ltr'><strong>Mopsuesteno.</strong></span> <span class='ocrx_word' id='word_1_46' title='bbox 1338 1138 1533 1193; x_wconf 82' lang='lat' dir='ltr'><strong>Verum</strong></span> <span class='ocrx_word' id='word_1_47' title='bbox 1575 1138 1644 1193; x_wconf 90' lang='lat' dir='ltr'><strong>de</strong></span> <span class='ocrx_word' id='word_1_48' title='bbox 1677 1135 2004 1191; x_wconf 85' lang='lat' dir='ltr'><strong>monasterio</strong></span> 
     </span>
    </p>
   </div>
   <div class='ocr_carea' id='block_1_8' title="bbox 420 1224 2001 1304">
    <p class='ocr_par' dir='ltr' id='par_1_8' title="bbox 420 1224 2001 1304">
     <span class='ocr_line' id='line_1_8' title="bbox 420 1224 2001 1304; baseline -0.013 -8"><span class='ocrx_word' id='word_1_49' title='bbox 420 1255 475 1296; x_wconf 87' lang='lat' dir='ltr'><strong>et</strong></span> <span class='ocrx_word' id='word_1_50' title='bbox 526 1243 596 1294; x_wconf 88' lang='lat' dir='ltr'><strong>de</strong></span> <span class='ocrx_word' id='word_1_51' title='bbox 643 1232 919 1292; x_wconf 77' lang='lat' dir='ltr'><strong>monachis</strong></span> <span class='ocrx_word' id='word_1_52' title='bbox 978 1247 1046 1287; x_wconf 89' lang='lat' dir='ltr'><strong>ne</strong></span> <span class='ocrx_word' id='word_1_53' title='bbox 1106 1234 1192 1304; x_wconf 69' lang='grc' dir='ltr'><strong>νρῦ</strong></span> <span class='ocrx_word' id='word_1_54' title='bbox 1239 1231 1452 1303; x_wconf 86' lang='lat' dir='ltr'><strong>quidem</strong></span> <span class='ocrx_word' id='word_1_55' title='bbox 1510 1230 1596 1284; x_wconf 85' lang='lat' dir='ltr'><strong>hic</strong></span> <span class='ocrx_word' id='word_1_56' title='bbox 1647 1227 1778 1282; x_wconf 91' lang='lat' dir='ltr'><strong>dicit</strong></span> <span class='ocrx_word' id='word_1_57' title='bbox 1824 1224 2001 1291; x_wconf 85' lang='lat' dir='ltr'><strong>Chry-</strong></span> 
     </span>
    </p>
   </div>
   <div class='ocr_carea' id='block_1_9' title="bbox 419 1315 2004 1394">
    <p class='ocr_par' dir='ltr' id='par_1_9' title="bbox 419 1315 2004 1394">
     <span class='ocr_line' id='line_1_9' title="bbox 419 1315 2004 1394; baseline -0.012 -10"><span class='ocrx_word' id='word_1_58' title='bbox 419 1341 708 1388; x_wconf 82' lang='lat' dir='ltr'><strong>sustomus,</strong></span> <span class='ocrx_word' id='word_1_59' title='bbox 749 1324 815 1378; x_wconf 91' lang='lat' dir='ltr'><strong>de</strong></span> <span class='ocrx_word' id='word_1_60' title='bbox 835 1323 1026 1394; x_wconf 86' lang='lat' dir='ltr'><strong>quibus</strong></span> <span class='ocrx_word' id='word_1_61' title='bbox 1041 1321 1365 1379; x_wconf 75' lang='lat' dir='ltr'><strong>mentionem</strong></span> <span class='ocrx_word' id='word_1_62' title='bbox 1410 1319 1551 1376; x_wconf 88' lang='lat' dir='ltr'><strong>haud</strong></span> <span class='ocrx_word' id='word_1_63' title='bbox 1575 1318 1737 1373; x_wconf 84' lang='lat' dir='ltr'><strong>dubie</strong></span> <span class='ocrx_word' id='word_1_64' title='bbox 1767 1315 2004 1370; x_wconf 87' lang='lat' dir='ltr'><strong>facturus</strong></span> 
     </span>
    </p>
   </div>
   <div class='ocr_carea' id='block_1_10' title="bbox 420 1405 2004 1482">
    <p class='ocr_par' dir='ltr' id='par_1_10' title="bbox 420 1405 2004 1482">
     <span class='ocr_line' id='line_1_10' title="bbox 420 1405 2004 1482; baseline -0.01 -10"><span class='ocrx_word' id='word_1_65' title='bbox 420 1429 554 1482; x_wconf 81' lang='lat' dir='ltr'><strong>emt,</strong></span> <span class='ocrx_word' id='word_1_66' title='bbox 583 1417 626 1470; x_wconf 93' lang='lat' dir='ltr'><strong>si</strong></span> <span class='ocrx_word' id='word_1_67' title='bbox 660 1416 746 1468; x_wconf 84' lang='lat' dir='ltr'><strong>ille</strong></span> <span class='ocrx_word' id='word_1_68' title='bbox 772 1429 838 1468; x_wconf 87' lang='lat' dir='ltr'><strong>ex</strong></span> <span class='ocrx_word' id='word_1_69' title='bbox 892 1416 1214 1470; x_wconf 89' lang='lat' dir='ltr'><strong>monasterio</strong></span> <span class='ocrx_word' id='word_1_70' title='bbox 1241 1415 1476 1479; x_wconf 89' lang='lat' dir='ltr'><strong>exiisset,</strong></span> <span class='ocrx_word' id='word_1_71' title='bbox 1512 1412 1610 1467; x_wconf 91' lang='lat' dir='ltr'><strong>sed</strong></span> <span class='ocrx_word' id='word_1_72' title='bbox 1640 1424 1734 1479; x_wconf 90' lang='lat' dir='ltr'><strong>per</strong></span> <span class='ocrx_word' id='word_1_73' title='bbox 1781 1405 2004 1460; x_wconf 82' lang='lat' dir='ltr'><strong>fratrum</strong></span> 
     </span>
    </p>
   </div>
   <div class='ocr_carea' id='block_1_11' title="bbox 420 1495 2004 1563">
    <p class='ocr_par' dir='ltr' id='par_1_11' title="bbox 420 1495 2004 1563">
     <span class='ocr_line' id='line_1_11' title="bbox 420 1495 2004 1563; baseline -0.01 0"><span class='ocrx_word' id='word_1_74' title='bbox 420 1510 647 1563; x_wconf 86' lang='lat' dir='ltr'><strong>chorum</strong></span> <span class='ocrx_word' id='word_1_75' title='bbox 681 1505 765 1559; x_wconf 82' lang='lat' dir='ltr'><strong>hic</strong></span> <span class='ocrx_word' id='word_1_76' title='bbox 790 1508 1010 1560; x_wconf 86' lang='lat' dir='ltr'><strong>omnino</strong></span> <span class='ocrx_word' id='word_1_77' title='bbox 1035 1522 1226 1562; x_wconf 87' lang='lat' dir='ltr'><strong>vocare</strong></span> <span class='ocrx_word' id='word_1_78' title='bbox 1264 1505 1475 1560; x_wconf 90' lang='lat' dir='ltr'><strong>videtur</strong></span> <span class='ocrx_word' id='word_1_79' title='bbox 1510 1502 1737 1556; x_wconf 86' lang='lat' dir='ltr'><strong>chorum</strong></span> <span class='ocrx_word' id='word_1_80' title='bbox 1765 1495 2004 1550; x_wconf 89' lang='lat' dir='ltr'><strong>ﬁdelium</strong></span> 
     </span>
    </p>
   </div>
   <div class='ocr_carea' id='block_1_12' title="bbox 421 1590 2002 1669">
    <p class='ocr_par' dir='ltr' id='par_1_12' title="bbox 421 1590 2002 1669">
     <span class='ocr_line' id='line_1_12' title="bbox 421 1590 2002 1669; baseline -0.006 -17"><span class='ocrx_word' id='word_1_81' title='bbox 421 1607 568 1653; x_wconf 84' lang='lat' dir='ltr'><strong>recte</strong></span> <span class='ocrx_word' id='word_1_82' title='bbox 589 1599 900 1664; x_wconf 90' lang='lat' dir='ltr'><strong>viventium,</strong></span> <span class='ocrx_word' id='word_1_83' title='bbox 924 1614 1058 1669; x_wconf 88' lang='lat' dir='ltr'><strong>quos</strong></span> <span class='ocrx_word' id='word_1_84' title='bbox 1081 1615 1186 1654; x_wconf 90' lang='lat' dir='ltr'><strong>non</strong></span> <span class='ocrx_word' id='word_1_85' title='bbox 1241 1597 1412 1653; x_wconf 90' lang='lat' dir='ltr'><strong>semel</strong></span> <span class='ocrx_word' id='word_1_86' title='bbox 1465 1597 1658 1648; x_wconf 78' lang='lat' dir='ltr'><strong>fratres</strong></span> <span class='ocrx_word' id='word_1_87' title='bbox 1687 1590 1778 1645; x_wconf 90' lang='lat' dir='ltr'><strong>ille</strong></span> <span class='ocrx_word' id='word_1_88' title='bbox 1826 1598 2002 1655; x_wconf 90' lang='lat' dir='ltr'><strong>vocat,</strong></span> 
     </span>
    </p>
   </div>
   <div class='ocr_carea' id='block_1_13' title="bbox 419 1687 2003 1760">
    <p class='ocr_par' dir='ltr' id='par_1_13' title="bbox 419 1687 2003 1760">
     <span class='ocr_line' id='line_1_13' title="bbox 419 1687 2003 1760; baseline -0.005 -16"><span class='ocrx_word' id='word_1_89' title='bbox 419 1699 476 1744; x_wconf 87' lang='lat' dir='ltr'><strong>et</strong></span> <span class='ocrx_word' id='word_1_90' title='bbox 538 1692 757 1760; x_wconf 81' lang='lat' dir='ltr'><strong>opponit</strong></span> <span class='ocrx_word' id='word_1_91' title='bbox 797 1693 1080 1746; x_wconf 81' lang='lat' dir='ltr'><strong>conventui</strong></span> <span class='ocrx_word' id='word_1_92' title='bbox 1118 1691 1410 1746; x_wconf 90' lang='lat' dir='ltr'><strong>inﬁdelium</strong></span> <span class='ocrx_word' id='word_1_93' title='bbox 1437 1697 1492 1743; x_wconf 89' lang='lat' dir='ltr'><strong>et</strong></span> <span class='ocrx_word' id='word_1_94' title='bbox 1533 1687 1788 1756; x_wconf 90' lang='lat' dir='ltr'><strong>juvenum</strong></span> <span class='ocrx_word' id='word_1_95' title='bbox 1817 1698 2003 1739; x_wconf 88' lang='lat' dir='ltr'><strong>eorum</strong></span> 
     </span>
    </p>
   </div>
   <div class='ocr_carea' id='block_1_14' title="bbox 421 1775 2004 1852">
    <p class='ocr_par' dir='ltr' id='par_1_14' title="bbox 421 1775 2004 1852">
     <span class='ocr_line' id='line_1_14' title="bbox 421 1775 2004 1852; baseline -0.003 -19"><span class='ocrx_word' id='word_1_96' title='bbox 421 1781 510 1849; x_wconf 83' lang='lat' dir='ltr'><strong>qui</strong></span> <span class='ocrx_word' id='word_1_97' title='bbox 541 1784 648 1834; x_wconf 89' lang='lat' dir='ltr'><strong>otio</strong></span> <span class='ocrx_word' id='word_1_98' title='bbox 671 1792 725 1835; x_wconf 90' lang='lat' dir='ltr'><strong>et</strong></span> <span class='ocrx_word' id='word_1_99' title='bbox 748 1784 992 1852; x_wconf 83' lang='lat' dir='ltr'><strong>segnitiei</strong></span> <span class='ocrx_word' id='word_1_100' title='bbox 1018 1783 1181 1837; x_wconf 90' lang='lat' dir='ltr'><strong>dediti</strong></span> <span class='ocrx_word' id='word_1_101' title='bbox 1205 1791 1376 1837; x_wconf 90' lang='lat' dir='ltr'><strong>erant.</strong></span> <span class='ocrx_word' id='word_1_102' title='bbox 1394 1781 1506 1834; x_wconf 91' lang='lat' dir='ltr'><strong>lmo</strong></span> <span class='ocrx_word' id='word_1_103' title='bbox 1537 1791 1686 1840; x_wconf 89' lang='lat' dir='ltr'><strong>vero,</strong></span> <span class='ocrx_word' id='word_1_104' title='bbox 1714 1775 1856 1845; x_wconf 91' lang='lat' dir='ltr'><strong>quod</strong></span> <span class='ocrx_word' id='word_1_105' title='bbox 1873 1789 2004 1829; x_wconf 87' lang='lat' dir='ltr'><strong>sane</strong></span> 
     </span>
    </p>
   </div>
   <div class='ocr_carea' id='block_1_15' title="bbox 421 1869 2003 1945">
    <p class='ocr_par' dir='ltr' id='par_1_15' title="bbox 421 1869 2003 1945">
     <span class='ocr_line' id='line_1_15' title="bbox 421 1869 2003 1945; baseline -0.003 -19"><span class='ocrx_word' id='word_1_106' title='bbox 421 1873 588 1927; x_wconf 84' lang='lat' dir='ltr'><strong>miror</strong></span> <span class='ocrx_word' id='word_1_107' title='bbox 616 1874 784 1928; x_wconf 87' lang='lat' dir='ltr'><strong>virum</strong></span> <span class='ocrx_word' id='word_1_108' title='bbox 825 1877 1058 1929; x_wconf 91' lang='lat' dir='ltr'><strong>omnium</strong></span> <span class='ocrx_word' id='word_1_109' title='bbox 1092 1877 1246 1945; x_wconf 88' lang='lat' dir='ltr'><strong>longe</strong></span> <span class='ocrx_word' id='word_1_110' title='bbox 1285 1871 1742 1927; x_wconf 87' lang='lat' dir='ltr'><strong>accuratissimum</strong></span> <span class='ocrx_word' id='word_1_111' title='bbox 1773 1885 1877 1924; x_wconf 90' lang='lat' dir='ltr'><strong>non</strong></span> <span class='ocrx_word' id='word_1_112' title='bbox 1904 1869 2003 1922; x_wconf 91' lang='lat' dir='ltr'><strong>ad-</strong></span> 
     </span>
    </p>
   </div>
   <div class='ocr_carea' id='block_1_16' title="bbox 421 1959 2004 2035">
    <p class='ocr_par' dir='ltr' id='par_1_16' title="bbox 421 1959 2004 2035">
     <span class='ocr_line' id='line_1_16' title="bbox 421 1959 2004 2035; baseline -0.003 -17"><span class='ocrx_word' id='word_1_113' title='bbox 421 1966 660 2030; x_wconf 73' lang='lat' dir='ltr'><strong>rertisse,</strong></span> <span class='ocrx_word' id='word_1_114' title='bbox 687 1965 738 2019; x_wconf 90' lang='lat' dir='ltr'><strong>in</strong></span> <span class='ocrx_word' id='word_1_115' title='bbox 765 1967 930 2035; x_wconf 90' lang='lat' dir='ltr'><strong>prima</strong></span> <span class='ocrx_word' id='word_1_116' title='bbox 955 1966 1202 2022; x_wconf 73' lang='lat' dir='ltr'><strong>secunda:</strong></span> <span class='ocrx_word' id='word_1_117' title='bbox 1220 1963 1456 2033; x_wconf 71' lang='lat' dir='ltr'><strong>epistola:</strong></span> <span class='ocrx_word' id='word_1_118' title='bbox 1481 1959 1723 2030; x_wconf 86' lang='lat' dir='ltr'><strong>periodo,</strong></span> <span class='ocrx_word' id='word_1_119' title='bbox 1745 1961 1819 2014; x_wconf 94' lang='lat' dir='ltr'><strong>ait</strong></span> <span class='ocrx_word' id='word_1_120' title='bbox 1838 1961 2004 2030; x_wconf 84' lang='lat' dir='ltr'><strong>Chry-</strong></span> 
     </span>
    </p>
   </div>
   <div class='ocr_carea' id='block_1_17' title="bbox 420 2054 2002 2127">
    <p class='ocr_par' dir='ltr' id='par_1_17' title="bbox 420 2054 2002 2127">
     <span class='ocr_line' id='line_1_17' title="bbox 420 2054 2002 2127; baseline -0.001 -18"><span class='ocrx_word' id='word_1_121' title='bbox 420 2066 689 2112; x_wconf 78' lang='lat' dir='ltr'><strong>sostomus</strong></span> <span class='ocrx_word' id='word_1_122' title='bbox 713 2057 896 2113; x_wconf 89' lang='lat' dir='ltr'><strong>dolere</strong></span> <span class='ocrx_word' id='word_1_123' title='bbox 924 2074 1002 2124; x_wconf 90' lang='lat' dir='ltr'><strong>se,</strong></span> <span class='ocrx_word' id='word_1_124' title='bbox 1024 2057 1165 2127; x_wconf 90' lang='lat' dir='ltr'><strong>quod</strong></span> <span class='ocrx_word' id='word_1_125' title='bbox 1195 2070 1254 2110; x_wconf 89' lang='lat' dir='ltr'><strong>se</strong></span> <span class='ocrx_word' id='word_1_126' title='bbox 1280 2069 1347 2109; x_wconf 89' lang='lat' dir='ltr'><strong>ex</strong></span> <span class='ocrx_word' id='word_1_127' title='bbox 1391 2056 1607 2123; x_wconf 81' lang='lat' dir='ltr'><strong>fratrum</strong></span> <span class='ocrx_word' id='word_1_128' title='bbox 1644 2054 1874 2124; x_wconf 74' lang='lat' dir='ltr'><strong>catalogo</strong></span> <span class='ocrx_word' id='word_1_129' title='bbox 1903 2056 2002 2108; x_wconf 87' lang='lat' dir='ltr'><strong>de-</strong></span> 
     </span>
    </p>
   </div>
   <div class='ocr_carea' id='block_1_18' title="bbox 422 2146 625 2201">
    <p class='ocr_par' dir='ltr' id='par_1_18' title="bbox 422 2146 625 2201">
     <span class='ocr_line' id='line_1_18' title="bbox 422 2146 625 2201; baseline 0 -1"><span class='ocrx_word' id='word_1_130' title='bbox 422 2146 625 2201; x_wconf 77' lang='lat' dir='ltr'><strong>laverit.</strong></span> 
     </span>
    </p>
   </div>
   <div class='ocr_carea' id='block_1_19' title="bbox 495 2233 2006 2310">
    <p class='ocr_par' dir='ltr' id='par_1_19' title="bbox 495 2233 2006 2310">
     <span class='ocr_line' id='line_1_19' title="bbox 495 2233 2006 2310; baseline -0.001 -19"><span class='ocrx_word' id='word_1_131' title='bbox 495 2237 597 2292; x_wconf 88' lang='lat' dir='ltr'><strong>Tot</strong></span> <span class='ocrx_word' id='word_1_132' title='bbox 648 2238 1014 2310; x_wconf 72' lang='lat' dir='ltr'><strong>Clirysostomi</strong></span> <span class='ocrx_word' id='word_1_133' title='bbox 1066 2237 1234 2290; x_wconf 89' lang='lat' dir='ltr'><strong>literis</strong></span> <span class='ocrx_word' id='word_1_134' title='bbox 1270 2233 1482 2289; x_wconf 85' lang='lat' dir='ltr'><strong>tandem</strong></span> <span class='ocrx_word' id='word_1_135' title='bbox 1511 2244 1790 2290; x_wconf 86' lang='lat' dir='ltr'><strong>revocatus</strong></span> <span class='ocrx_word' id='word_1_136' title='bbox 1830 2236 2006 2290; x_wconf 85' lang='lat' dir='ltr'><strong>Theo-</strong></span> 
     </span>
    </p>
   </div>
   <div class='ocr_carea' id='block_1_20' title="bbox 430 2326 2002 2398">
    <p class='ocr_par' dir='ltr' id='par_1_20' title="bbox 430 2326 2002 2398">
     <span class='ocr_line' id='line_1_20' title="bbox 430 2326 2002 2398; baseline -0.001 -16"><span class='ocrx_word' id='word_1_137' title='bbox 430 2329 594 2383; x_wconf 90' lang='lat' dir='ltr'><strong>dorus</strong></span> <span class='ocrx_word' id='word_1_138' title='bbox 633 2345 734 2382; x_wconf 91' lang='lat' dir='ltr'><strong>una</strong></span> <span class='ocrx_word' id='word_1_139' title='bbox 767 2345 888 2383; x_wconf 89' lang='lat' dir='ltr'><strong>cum</strong></span> <span class='ocrx_word' id='word_1_140' title='bbox 932 2329 1160 2383; x_wconf 79' lang='lat' dir='ltr'><strong>Maximo</strong></span> <span class='ocrx_word' id='word_1_141' title='bbox 1201 2326 1350 2396; x_wconf 71' lang='lat' dir='ltr'><strong>(Sos.</strong></span> <span class='ocrx_word' id='word_1_142' title='bbox 1392 2327 1431 2380; x_wconf 86' lang='grc' dir='ltr'><strong>ι.</strong></span> <span class='ocrx_word' id='word_1_143' title='bbox 1467 2328 1520 2382; x_wconf 88' lang='grc'><strong>8.</strong></span> <span class='ocrx_word' id='word_1_144' title='bbox 1553 2344 1599 2380; x_wconf 92' lang='lat' dir='ltr'><strong>c.</strong></span> <span class='ocrx_word' id='word_1_145' title='bbox 1641 2328 1720 2398; x_wconf 72' lang='lat'><strong>2),</strong></span> <span class='ocrx_word' id='word_1_146' title='bbox 1766 2337 1819 2382; x_wconf 91' lang='lat' dir='ltr'><strong>et</strong></span> <span class='ocrx_word' id='word_1_147' title='bbox 1863 2327 2002 2380; x_wconf 88' lang='lat' dir='ltr'><strong>haud</strong></span> 
     </span>
    </p>
   </div>
   <div class='ocr_carea' id='block_1_21' title="bbox 421 2421 2003 2492">
    <p class='ocr_par' dir='ltr' id='par_1_21' title="bbox 421 2421 2003 2492">
     <span class='ocr_line' id='line_1_21' title="bbox 421 2421 2003 2492; baseline -0.001 -16"><span class='ocrx_word' id='word_1_148' title='bbox 421 2423 579 2476; x_wconf 87' lang='lat' dir='ltr'><strong>dubie</strong></span> <span class='ocrx_word' id='word_1_149' title='bbox 599 2421 794 2475; x_wconf 82' lang='lat' dir='ltr'><strong>Basilio</strong></span> <span class='ocrx_word' id='word_1_150' title='bbox 813 2421 1072 2476; x_wconf 90' lang='lat' dir='ltr'><strong>Joannem</strong></span> <span class='ocrx_word' id='word_1_151' title='bbox 1096 2421 1463 2490; x_wconf 81' lang='lat' dir='ltr'><strong>frequentabat</strong></span> <span class='ocrx_word' id='word_1_152' title='bbox 1493 2421 1665 2492; x_wconf 88' lang='lat' dir='ltr'><strong>(Socr.</strong></span> <span class='ocrx_word' id='word_1_153' title='bbox 1693 2422 1730 2474; x_wconf 84' lang='grc' dir='ltr'><strong>ι.</strong></span> <span class='ocrx_word' id='word_1_154' title='bbox 1755 2421 1808 2475; x_wconf 90' lang='grc'><strong>6.</strong></span> <span class='ocrx_word' id='word_1_155' title='bbox 1831 2437 1878 2475; x_wconf 92' lang='lat' dir='ltr'><strong>c.</strong></span> <span class='ocrx_word' id='word_1_156' title='bbox 1905 2421 1960 2489; x_wconf 79' lang='lat'><strong>5)</strong></span> <span class='ocrx_word' id='word_1_157' title='bbox 1987 2439 2003 2474; x_wconf 90' lang='lat'><strong>:</strong></span> 
     </span>
    </p>
   </div>
   <div class='ocr_carea' id='block_1_22' title="bbox 421 2509 2005 2580">
    <p class='ocr_par' dir='ltr' id='par_1_22' title="bbox 421 2509 2005 2580">
     <span class='ocr_line' id='line_1_22' title="bbox 421 2509 2005 2580; baseline 0.001 -16"><span class='ocrx_word' id='word_1_158' title='bbox 421 2525 634 2580; x_wconf 84' lang='lat' dir='ltr'><strong>unaque</strong></span> <span class='ocrx_word' id='word_1_159' title='bbox 662 2509 896 2574; x_wconf 89' lang='lat' dir='ltr'><strong>collecti,</strong></span> <span class='ocrx_word' id='word_1_160' title='bbox 926 2525 1106 2565; x_wconf 84' lang='lat' dir='ltr'><strong>veram</strong></span> <span class='ocrx_word' id='word_1_161' title='bbox 1134 2511 1523 2580; x_wconf 87' lang='lat' dir='ltr'><strong>philosophiam</strong></span> <span class='ocrx_word' id='word_1_162' title='bbox 1555 2511 1668 2566; x_wconf 82' lang='lat' dir='ltr'><strong>sive</strong></span> <span class='ocrx_word' id='word_1_163' title='bbox 1692 2511 2005 2566; x_wconf 66' lang='lat' dir='ltr'><strong>monasticae</strong></span> 
     </span>
    </p>
   </div>
   <div class='ocr_carea' id='block_1_23' title="bbox 419 2601 2003 2672">
    <p class='ocr_par' dir='ltr' id='par_1_23' title="bbox 419 2601 2003 2672">
     <span class='ocr_line' id='line_1_23' title="bbox 419 2601 2003 2672; baseline 0.003 -19"><span class='ocrx_word' id='word_1_164' title='bbox 419 2601 650 2654; x_wconf 81' lang='lat' dir='ltr'><strong>similem</strong></span> <span class='ocrx_word' id='word_1_165' title='bbox 680 2601 836 2655; x_wconf 85' lang='lat' dir='ltr'><strong>vitam</strong></span> <span class='ocrx_word' id='word_1_166' title='bbox 875 2602 1236 2656; x_wconf 87' lang='lat' dir='ltr'><strong>sectabantur.</strong></span> <span class='ocrx_word' id='word_1_167' title='bbox 1264 2602 1592 2672; x_wconf 90' lang='lat' dir='ltr'><strong>Scripturam</strong></span> <span class='ocrx_word' id='word_1_168' title='bbox 1623 2616 1756 2657; x_wconf 90' lang='lat' dir='ltr'><strong>vero</strong></span> <span class='ocrx_word' id='word_1_169' title='bbox 1795 2616 2003 2657; x_wconf 86' lang='lat' dir='ltr'><strong>sacram</strong></span> 
     </span>
    </p>
   </div>
   <div class='ocr_carea' id='block_1_24' title="bbox 419 2692 2002 2750">
    <p class='ocr_par' dir='ltr' id='par_1_24' title="bbox 419 2692 2002 2750">
     <span class='ocr_line' id='line_1_24' title="bbox 419 2692 2002 2750; baseline 0.003 -4"><span class='ocrx_word' id='word_1_170' title='bbox 419 2703 475 2747; x_wconf 87' lang='lat' dir='ltr'><strong>et</strong></span> <span class='ocrx_word' id='word_1_171' title='bbox 500 2692 799 2747; x_wconf 89' lang='lat' dir='ltr'><strong>doctrinam</strong></span> <span class='ocrx_word' id='word_1_172' title='bbox 828 2694 1246 2749; x_wconf 87' lang='lat' dir='ltr'><strong>ecclesiasticam</strong></span> <span class='ocrx_word' id='word_1_173' title='bbox 1282 2695 1558 2750; x_wconf 86' lang='lat' dir='ltr'><strong>discebant</strong></span> <span class='ocrx_word' id='word_1_174' title='bbox 1599 2710 1700 2749; x_wconf 91' lang='lat' dir='ltr'><strong>una</strong></span> <span class='ocrx_word' id='word_1_175' title='bbox 1733 2709 1854 2750; x_wconf 91' lang='lat' dir='ltr'><strong>cum</strong></span> <span class='ocrx_word' id='word_1_176' title='bbox 1883 2710 2002 2750; x_wconf 90' lang='lat' dir='ltr'><strong>mo-</strong></span> 
     </span>
    </p>
   </div>
   <div class='ocr_carea' id='block_1_25' title="bbox 421 2785 2001 2856">
    <p class='ocr_par' dir='ltr' id='par_1_25' title="bbox 421 2785 2001 2856">
     <span class='ocr_line' id='line_1_25' title="bbox 421 2785 2001 2856; baseline 0.001 -18"><span class='ocrx_word' id='word_1_177' title='bbox 421 2786 644 2840; x_wconf 88' lang='lat' dir='ltr'><strong>nasticis</strong></span> <span class='ocrx_word' id='word_1_178' title='bbox 685 2787 984 2851; x_wconf 88' lang='lat' dir='ltr'><strong>exercitiis,</strong></span> <span class='ocrx_word' id='word_1_179' title='bbox 1033 2787 1342 2842; x_wconf 89' lang='lat' dir='ltr'><strong>doctoribus</strong></span> <span class='ocrx_word' id='word_1_180' title='bbox 1383 2785 1638 2852; x_wconf 89' lang='lat' dir='ltr'><strong>Diodoro,</strong></span> <span class='ocrx_word' id='word_1_181' title='bbox 1682 2787 1772 2856; x_wconf 90' lang='lat' dir='ltr'><strong>qui</strong></span> <span class='ocrx_word' id='word_1_182' title='bbox 1817 2796 2001 2856; x_wconf 90' lang='lat' dir='ltr'><strong>postea</strong></span> 
     </span>
    </p>
   </div>
   <div class='ocr_carea' id='block_1_26' title="bbox 418 2878 1999 2950">
    <p class='ocr_par' dir='ltr' id='par_1_26' title="bbox 418 2878 1999 2950">
     <span class='ocr_line' id='line_1_26' title="bbox 418 2878 1999 2950; baseline -0.001 -17"><span class='ocrx_word' id='word_1_183' title='bbox 418 2879 701 2934; x_wconf 80' lang='lat' dir='ltr'><strong>Tarsensis</strong></span> <span class='ocrx_word' id='word_1_184' title='bbox 737 2881 1019 2950; x_wconf 89' lang='lat' dir='ltr'><strong>episcopus</strong></span> <span class='ocrx_word' id='word_1_185' title='bbox 1058 2880 1178 2944; x_wconf 86' lang='lat' dir='ltr'><strong>fuit,</strong></span> <span class='ocrx_word' id='word_1_186' title='bbox 1208 2890 1265 2935; x_wconf 90' lang='lat' dir='ltr'><strong>et</strong></span> <span class='ocrx_word' id='word_1_187' title='bbox 1299 2879 1563 2946; x_wconf 89' lang='lat' dir='ltr'><strong>Carterio,</strong></span> <span class='ocrx_word' id='word_1_188' title='bbox 1603 2878 1693 2948; x_wconf 91' lang='lat' dir='ltr'><strong>qui</strong></span> <span class='ocrx_word' id='word_1_189' title='bbox 1735 2892 1840 2932; x_wconf 89' lang='lat' dir='ltr'><strong>una</strong></span> <span class='ocrx_word' id='word_1_190' title='bbox 1877 2892 1999 2933; x_wconf 90' lang='lat' dir='ltr'><strong>cum</strong></span> 
     </span>
    </p>
   </div>
   <div class='ocr_carea' id='block_1_27' title="bbox 422 2969 1628 3027">
    <p class='ocr_par' dir='ltr' id='par_1_27' title="bbox 422 2969 1628 3027">
     <span class='ocr_line' id='line_1_27' title="bbox 422 2969 1628 3027; baseline -0.002 -3"><span class='ocrx_word' id='word_1_191' title='bbox 422 2969 656 3024; x_wconf 88' lang='lat' dir='ltr'><strong>Diodoro</strong></span> <span class='ocrx_word' id='word_1_192' title='bbox 685 2972 1005 3027; x_wconf 77' lang='lat' dir='ltr'><strong>monasteria</strong></span> <span class='ocrx_word' id='word_1_193' title='bbox 1033 2970 1363 3025; x_wconf 84' lang='lat' dir='ltr'><strong>Antiochena</strong></span> <span class='ocrx_word' id='word_1_194' title='bbox 1389 2970 1628 3025; x_wconf 86' lang='lat' dir='ltr'><strong>curabat.</strong></span> 
     </span>
    </p>
   </div>
   <div class='ocr_carea' id='block_1_28' title="bbox 488 3058 2002 3130">
    <p class='ocr_par' dir='ltr' id='par_1_28' title="bbox 488 3058 2002 3130">
     <span class='ocr_line' id='line_1_28' title="bbox 488 3058 2002 3130; baseline -0.001 -17"><span class='ocrx_word' id='word_1_195' title='bbox 488 3059 714 3114; x_wconf 78' lang='lat' dir='ltr'><strong>Joannes</strong></span> <span class='ocrx_word' id='word_1_196' title='bbox 754 3061 1086 3130; x_wconf 75' lang='lat' dir='ltr'><strong>episcopalem</strong></span> <span class='ocrx_word' id='word_1_197' title='bbox 1111 3061 1407 3130; x_wconf 81' lang='lat' dir='ltr'><strong>dignitatem</strong></span> <span class='ocrx_word' id='word_1_198' title='bbox 1435 3061 1599 3129; x_wconf 78' lang='lat' dir='ltr'><strong>fugit,</strong></span> <span class='ocrx_word' id='word_1_199' title='bbox 1639 3059 1880 3129; x_wconf 78' lang='lat' dir='ltr'><strong>illamque</strong></span> <span class='ocrx_word' id='word_1_200' title='bbox 1905 3058 2002 3112; x_wconf 86' lang='lat' dir='ltr'><strong>Ba-</strong></span> 
     </span>
    </p>
   </div>
   <div class='ocr_carea' id='block_1_29' title="bbox 417 3151 2002 3225">
    <p class='ocr_par' dir='ltr' id='par_1_29' title="bbox 417 3151 2002 3225">
     <span class='ocr_line' id='line_1_29' title="bbox 417 3151 2002 3225; baseline -0.003 -17"><span class='ocrx_word' id='word_1_201' title='bbox 417 3155 533 3208; x_wconf 87' lang='lat' dir='ltr'><strong>silio</strong></span> <span class='ocrx_word' id='word_1_202' title='bbox 553 3155 772 3225; x_wconf 73' lang='lat' dir='ltr'><strong>conferri</strong></span> <span class='ocrx_word' id='word_1_203' title='bbox 805 3164 968 3207; x_wconf 76' lang='lat' dir='ltr'><strong>curat.</strong></span> <span class='ocrx_word' id='word_1_204' title='bbox 995 3183 1065 3193; x_wconf 91' lang='lat'><strong><em>—-</em></strong></span> <span class='ocrx_word' id='word_1_205' title='bbox 1090 3153 1184 3208; x_wconf 84' lang='lat' dir='ltr'><strong>His</strong></span> <span class='ocrx_word' id='word_1_206' title='bbox 1224 3167 1353 3222; x_wconf 88' lang='lat' dir='ltr'><strong>ergo</strong></span> <span class='ocrx_word' id='word_1_207' title='bbox 1393 3153 1586 3207; x_wconf 91' lang='lat' dir='ltr'><strong>studiis</strong></span> <span class='ocrx_word' id='word_1_208' title='bbox 1611 3167 1828 3222; x_wconf 87' lang='lat' dir='ltr'><strong>cperam</strong></span> <span class='ocrx_word' id='word_1_209' title='bbox 1855 3151 2002 3206; x_wconf 88' lang='lat' dir='ltr'><strong>dedit</strong></span> 
     </span>
    </p>
   </div>
   <div class='ocr_carea' id='block_1_30' title="bbox 418 3242 2001 3313">
    <p class='ocr_par' dir='ltr' id='par_1_30' title="bbox 418 3242 2001 3313">
     <span class='ocr_line' id='line_1_30' title="bbox 418 3242 2001 3313; baseline -0.001 -13"><span class='ocrx_word' id='word_1_210' title='bbox 418 3245 567 3301; x_wconf 61' lang='lat' dir='ltr'><strong>istac</strong></span> <span class='ocrx_word' id='word_1_211' title='bbox 596 3256 776 3300; x_wconf 88' lang='lat' dir='ltr'><strong>sancta</strong></span> <span class='ocrx_word' id='word_1_212' title='bbox 798 3254 852 3299; x_wconf 89' lang='lat' dir='ltr'><strong>et</strong></span> <span class='ocrx_word' id='word_1_213' title='bbox 875 3244 1076 3299; x_wconf 86' lang='lat' dir='ltr'><strong>selecta</strong></span> <span class='ocrx_word' id='word_1_214' title='bbox 1098 3243 1372 3313; x_wconf 82' lang='lat' dir='ltr'><strong>juventus.</strong></span> <span class='ocrx_word' id='word_1_215' title='bbox 1389 3243 1623 3298; x_wconf 83' lang='lat' dir='ltr'><strong>Joannes</strong></span> <span class='ocrx_word' id='word_1_216' title='bbox 1639 3257 1766 3297; x_wconf 86' lang='lat' dir='ltr'><strong>vero</strong></span> <span class='ocrx_word' id='word_1_217' title='bbox 1785 3242 2001 3298; x_wconf 87' lang='lat' dir='ltr'><strong>assidue</strong></span> 
     </span>
    </p>
   </div>
   <div class='ocr_carea' id='block_1_31' title="bbox 417 3335 1995 3408">
    <p class='ocr_par' dir='ltr' id='par_1_31' title="bbox 417 3335 1995 3408">
     <span class='ocr_line' id='line_1_31' title="bbox 417 3335 1995 3408; baseline -0.004 -14"><span class='ocrx_word' id='word_1_218' title='bbox 417 3356 539 3394; x_wconf 90' lang='lat' dir='ltr'><strong>cum</strong></span> <span class='ocrx_word' id='word_1_219' title='bbox 586 3340 781 3394; x_wconf 89' lang='lat' dir='ltr'><strong>Basilio</strong></span> <span class='ocrx_word' id='word_1_220' title='bbox 822 3338 1088 3408; x_wconf 86' lang='lat' dir='ltr'><strong>colloquia</strong></span> <span class='ocrx_word' id='word_1_221' title='bbox 1133 3336 1391 3392; x_wconf 88' lang='lat' dir='ltr'><strong>miscebat</strong></span> <span class='ocrx_word' id='word_1_222' title='bbox 1431 3336 1636 3408; x_wconf 80' lang='lat' dir='ltr'><strong>(Chrys.</strong></span> <span class='ocrx_word' id='word_1_223' title='bbox 1677 3336 1740 3390; x_wconf 83' lang='lat' dir='ltr'><strong>de</strong></span> <span class='ocrx_word' id='word_1_224' title='bbox 1781 3335 1995 3390; x_wconf 82' lang='lat' dir='ltr'><strong>Sacerd.</strong></span> 
     </span>
    </p>
   </div>
   <div class='ocr_carea' id='block_1_32' title="bbox 418 3427 1998 3503">
    <p class='ocr_par' dir='ltr' id='par_1_32' title="bbox 418 3427 1998 3503">
     <span class='ocr_line' id='line_1_32' title="bbox 418 3427 1998 3503; baseline -0.002 -18"><span class='ocrx_word' id='word_1_225' title='bbox 418 3433 460 3485; x_wconf 79' lang='grc' dir='ltr'><strong>ι.</strong></span> <span class='ocrx_word' id='word_1_226' title='bbox 490 3431 566 3503; x_wconf 77' lang='grc'><strong>1),</strong></span> <span class='ocrx_word' id='word_1_227' title='bbox 601 3443 658 3484; x_wconf 90' lang='lat' dir='ltr'><strong>ut</strong></span> <span class='ocrx_word' id='word_1_228' title='bbox 703 3432 814 3500; x_wconf 92' lang='lat' dir='ltr'><strong>ipse</strong></span> <span class='ocrx_word' id='word_1_229' title='bbox 853 3429 1014 3485; x_wconf 78' lang='lat' dir='ltr'><strong>refert</strong></span> <span class='ocrx_word' id='word_1_230' title='bbox 1050 3429 1187 3484; x_wconf 92' lang='lat' dir='ltr'><strong>libro</strong></span> <span class='ocrx_word' id='word_1_231' title='bbox 1230 3429 1403 3499; x_wconf 91' lang='lat' dir='ltr'><strong>primo</strong></span> <span class='ocrx_word' id='word_1_232' title='bbox 1446 3429 1516 3484; x_wconf 92' lang='lat' dir='ltr'><strong>de</strong></span> <span class='ocrx_word' id='word_1_233' title='bbox 1557 3427 1891 3492; x_wconf 88' lang='lat' dir='ltr'><strong>Sacerdotio,</strong></span> <span class='ocrx_word' id='word_1_234' title='bbox 1931 3427 1998 3482; x_wconf 90' lang='lat' dir='ltr'><strong>de</strong></span> 
     </span>
    </p>
   </div>
   <div class='ocr_carea' id='block_1_33' title="bbox 419 3521 1999 3592">
    <p class='ocr_par' dir='ltr' id='par_1_33' title="bbox 419 3521 1999 3592">
     <span class='ocr_line' id='line_1_33' title="bbox 419 3521 1999 3592; baseline 0 -18"><span class='ocrx_word' id='word_1_235' title='bbox 419 3523 539 3575; x_wconf 70' lang='lat' dir='ltr'><strong>vitae</strong></span> <span class='ocrx_word' id='word_1_236' title='bbox 568 3523 868 3588; x_wconf 89' lang='lat' dir='ltr'><strong>sanctitate,</strong></span> <span class='ocrx_word' id='word_1_237' title='bbox 891 3521 958 3576; x_wconf 90' lang='lat' dir='ltr'><strong>de</strong></span> <span class='ocrx_word' id='word_1_238' title='bbox 979 3521 1259 3576; x_wconf 86' lang='lat' dir='ltr'><strong>virtutibus</strong></span> <span class='ocrx_word' id='word_1_239' title='bbox 1281 3521 1530 3577; x_wconf 88' lang='lat' dir='ltr'><strong>asceticis</strong></span> <span class='ocrx_word' id='word_1_240' title='bbox 1553 3521 1724 3592; x_wconf 90' lang='lat' dir='ltr'><strong>deque</strong></span> <span class='ocrx_word' id='word_1_241' title='bbox 1743 3521 1860 3575; x_wconf 91' lang='lat' dir='ltr'><strong>aliis</strong></span> <span class='ocrx_word' id='word_1_242' title='bbox 1881 3521 1999 3591; x_wconf 89' lang='lat' dir='ltr'><strong>qui-</strong></span> 
     </span>
    </p>
   </div>
   <div class='ocr_carea' id='block_1_34' title="bbox 419 3612 1995 3683">
    <p class='ocr_par' dir='ltr' id='par_1_34' title="bbox 419 3612 1995 3683">
     <span class='ocr_line' id='line_1_34' title="bbox 419 3612 1995 3683; baseline 0 -17"><span class='ocrx_word' id='word_1_243' title='bbox 419 3613 652 3668; x_wconf 89' lang='lat' dir='ltr'><strong>buslibet</strong></span> <span class='ocrx_word' id='word_1_244' title='bbox 673 3612 740 3666; x_wconf 88' lang='lat' dir='ltr'><strong>ad</strong></span> <span class='ocrx_word' id='word_1_245' title='bbox 766 3614 1014 3682; x_wconf 87' lang='lat' dir='ltr'><strong>pietatem</strong></span> <span class='ocrx_word' id='word_1_246' title='bbox 1043 3613 1426 3683; x_wconf 86' lang='lat' dir='ltr'><strong>spectantibus.</strong></span> <span class='ocrx_word' id='word_1_247' title='bbox 1459 3614 1591 3667; x_wconf 91' lang='lat' dir='ltr'><strong>Dum</strong></span> <span class='ocrx_word' id='word_1_248' title='bbox 1629 3614 1681 3666; x_wconf 90' lang='lat' dir='ltr'><strong>in</strong></span> <span class='ocrx_word' id='word_1_249' title='bbox 1709 3613 1792 3668; x_wconf 91' lang='lat' dir='ltr'><strong>bis</strong></span> <span class='ocrx_word' id='word_1_250' title='bbox 1813 3627 1995 3668; x_wconf 91' lang='lat' dir='ltr'><strong>versa-</strong></span> 
     </span>
    </p>
   </div>
   <div class='ocr_carea' id='block_1_35' title="bbox 419 3703 1993 3774">
    <p class='ocr_par' dir='ltr' id='par_1_35' title="bbox 419 3703 1993 3774">
     <span class='ocr_line' id='line_1_35' title="bbox 419 3703 1993 3774; baseline 0 -18"><span class='ocrx_word' id='word_1_251' title='bbox 419 3715 622 3771; x_wconf 87' lang='lat' dir='ltr'><strong>rentur,</strong></span> <span class='ocrx_word' id='word_1_252' title='bbox 680 3715 958 3774; x_wconf 89' lang='lat' dir='ltr'><strong>postquam</strong></span> <span class='ocrx_word' id='word_1_253' title='bbox 1010 3719 1152 3758; x_wconf 89' lang='lat' dir='ltr'><strong>anno</strong></span> <span class='ocrx_word' id='word_1_254' title='bbox 1201 3705 1306 3758; x_wconf 78' lang='lat'><strong>370</strong></span> <span class='ocrx_word' id='word_1_255' title='bbox 1357 3704 1594 3758; x_wconf 83' lang='lat' dir='ltr'><strong>Meletius</strong></span> <span class='ocrx_word' id='word_1_256' title='bbox 1647 3704 1701 3757; x_wconf 91' lang='lat' dir='ltr'><strong>in</strong></span> <span class='ocrx_word' id='word_1_257' title='bbox 1745 3703 1993 3758; x_wconf 81' lang='lat' dir='ltr'><strong>exsilium</strong></span> 
     </span>
    </p>
   </div>
   <div class='ocr_carea' id='block_1_36' title="bbox 422 3794 1993 3864">
    <p class='ocr_par' dir='ltr' id='par_1_36' title="bbox 422 3794 1993 3864">
     <span class='ocr_line' id='line_1_36' title="bbox 422 3794 1993 3864; baseline 0.001 -16"><span class='ocrx_word' id='word_1_258' title='bbox 422 3796 619 3849; x_wconf 90' lang='lat' dir='ltr'><strong>missus</strong></span> <span class='ocrx_word' id='word_1_259' title='bbox 650 3796 840 3860; x_wconf 89' lang='lat' dir='ltr'><strong>fuerat,</strong></span> <span class='ocrx_word' id='word_1_260' title='bbox 869 3810 991 3850; x_wconf 91' lang='lat' dir='ltr'><strong>cum</strong></span> <span class='ocrx_word' id='word_1_261' title='bbox 1018 3795 1350 3864; x_wconf 90' lang='lat' dir='ltr'><strong>episc0pales</strong></span> <span class='ocrx_word' id='word_1_262' title='bbox 1377 3795 1619 3864; x_wconf 67' lang='lat' dir='ltr'><strong>quaedam</strong></span> <span class='ocrx_word' id='word_1_263' title='bbox 1650 3794 1805 3850; x_wconf 91' lang='lat' dir='ltr'><strong>sedes</strong></span> <span class='ocrx_word' id='word_1_264' title='bbox 1833 3810 1993 3849; x_wconf 81' lang='lat' dir='ltr'><strong>vaca-</strong></span> 
     </span>
    </p>
   </div>
   <div class='ocr_carea' id='block_1_37' title="bbox 416 3885 1994 3956">
    <p class='ocr_par' dir='ltr' id='par_1_37' title="bbox 416 3885 1994 3956">
     <span class='ocr_line' id='line_1_37' title="bbox 416 3885 1994 3956; baseline -0.001 -14"><span class='ocrx_word' id='word_1_265' title='bbox 416 3898 558 3954; x_wconf 94' lang='lat' dir='ltr'><strong>rent,</strong></span> <span class='ocrx_word' id='word_1_266' title='bbox 587 3902 768 3942; x_wconf 91' lang='lat' dir='ltr'><strong>rumor</strong></span> <span class='ocrx_word' id='word_1_267' title='bbox 789 3902 1005 3956; x_wconf 90' lang='lat' dir='ltr'><strong>sparsus</strong></span> <span class='ocrx_word' id='word_1_268' title='bbox 1026 3896 1128 3951; x_wconf 90' lang='lat' dir='ltr'><strong>est,</strong></span> <span class='ocrx_word' id='word_1_269' title='bbox 1157 3885 1419 3941; x_wconf 89' lang='lat' dir='ltr'><strong>Joannem</strong></span> <span class='ocrx_word' id='word_1_270' title='bbox 1443 3895 1496 3940; x_wconf 92' lang='lat' dir='ltr'><strong>et</strong></span> <span class='ocrx_word' id='word_1_271' title='bbox 1518 3885 1768 3940; x_wconf 79' lang='lat' dir='ltr'><strong>Basiliam</strong></span> <span class='ocrx_word' id='word_1_272' title='bbox 1796 3897 1853 3940; x_wconf 92' lang='lat' dir='ltr'><strong>ut</strong></span> <span class='ocrx_word' id='word_1_273' title='bbox 1874 3886 1994 3942; x_wconf 88' lang='lat' dir='ltr'><strong>illas</strong></span> 
     </span>
    </p>
   </div>
   <div class='ocr_carea' id='block_1_38' title="bbox 415 3976 1996 4047">
    <p class='ocr_par' dir='ltr' id='par_1_38' title="bbox 415 3976 1996 4047">
     <span class='ocr_line' id='line_1_38' title="bbox 415 3976 1996 4047; baseline -0.001 -15"><span class='ocrx_word' id='word_1_274' title='bbox 415 3978 573 4033; x_wconf 86' lang='lat' dir='ltr'><strong>sedes</strong></span> <span class='ocrx_word' id='word_1_275' title='bbox 615 3977 896 4047; x_wconf 89' lang='lat' dir='ltr'><strong>implerent</strong></span> <span class='ocrx_word' id='word_1_276' title='bbox 934 3977 1000 4030; x_wconf 85' lang='lat' dir='ltr'><strong>ad</strong></span> <span class='ocrx_word' id='word_1_277' title='bbox 1041 3976 1396 4047; x_wconf 79' lang='lat' dir='ltr'><strong>episcopalem</strong></span> <span class='ocrx_word' id='word_1_278' title='bbox 1431 3976 1740 4047; x_wconf 89' lang='lat' dir='ltr'><strong>dignitatem</strong></span> <span class='ocrx_word' id='word_1_279' title='bbox 1781 3991 1996 4047; x_wconf 87' lang='lat' dir='ltr'><strong>promo-</strong></span> 
     </span>
    </p>
   </div>
   <div class='ocr_carea' id='block_1_39' title="bbox 417 4068 1995 4140">
    <p class='ocr_par' dir='ltr' id='par_1_39' title="bbox 417 4068 1995 4140">
     <span class='ocr_line' id='line_1_39' title="bbox 417 4068 1995 4140; baseline 0.001 -18"><span class='ocrx_word' id='word_1_280' title='bbox 417 4070 619 4125; x_wconf 84' lang='lat' dir='ltr'><strong>vendos</strong></span> <span class='ocrx_word' id='word_1_281' title='bbox 647 4085 786 4125; x_wconf 87' lang='lat' dir='ltr'><strong>esse.</strong></span> <span class='ocrx_word' id='word_1_282' title='bbox 821 4070 899 4124; x_wconf 75' lang='lat' dir='ltr'><strong>lle</strong></span> <span class='ocrx_word' id='word_1_283' title='bbox 925 4077 1196 4140; x_wconf 89' lang='lat' dir='ltr'><strong>comperta</strong></span> <span class='ocrx_word' id='word_1_284' title='bbox 1221 4068 1456 4124; x_wconf 87' lang='lat' dir='ltr'><strong>Joannes</strong></span> <span class='ocrx_word' id='word_1_285' title='bbox 1490 4070 1680 4123; x_wconf 88' lang='lat' dir='ltr'><strong>timore</strong></span> <span class='ocrx_word' id='word_1_286' title='bbox 1719 4070 1995 4138; x_wconf 86' lang='lat' dir='ltr'><strong>perculsus</strong></span> 
     </span>
    </p>
   </div>
   <div class='ocr_carea' id='block_1_40' title="bbox 415 4162 1994 4232">
    <p class='ocr_par' dir='ltr' id='par_1_40' title="bbox 415 4162 1994 4232">
     <span class='ocr_line' id='line_1_40' title="bbox 415 4162 1994 4232; baseline 0 -14"><span class='ocrx_word' id='word_1_287' title='bbox 415 4174 499 4218; x_wconf 90' lang='lat' dir='ltr'><strong>est</strong></span> <span class='ocrx_word' id='word_1_288' title='bbox 523 4184 536 4218; x_wconf 89' lang='lat'>:</span> <span class='ocrx_word' id='word_1_289' title='bbox 567 4180 625 4219; x_wconf 88' lang='lat' dir='ltr'><strong>se</strong></span> <span class='ocrx_word' id='word_1_290' title='bbox 646 4165 811 4230; x_wconf 85' lang='lat' dir='ltr'><strong>enim,</strong></span> <span class='ocrx_word' id='word_1_291' title='bbox 836 4165 906 4218; x_wconf 91' lang='lat' dir='ltr'><strong>ita</strong></span> <span class='ocrx_word' id='word_1_292' title='bbox 935 4178 1124 4232; x_wconf 89' lang='lat' dir='ltr'><strong>nempe</strong></span> <span class='ocrx_word' id='word_1_293' title='bbox 1151 4162 1420 4216; x_wconf 88' lang='lat' dir='ltr'><strong>modestus</strong></span> <span class='ocrx_word' id='word_1_294' title='bbox 1449 4171 1586 4226; x_wconf 87' lang='lat' dir='ltr'><strong>erat,</strong></span> <span class='ocrx_word' id='word_1_295' title='bbox 1612 4171 1756 4216; x_wconf 88' lang='lat' dir='ltr'><strong>tanto</strong></span> <span class='ocrx_word' id='word_1_296' title='bbox 1785 4164 1994 4218; x_wconf 91' lang='lat' dir='ltr'><strong>muneri</strong></span> 
     </span>
    </p>
   </div>
   <div class='ocr_carea' id='block_1_41' title="bbox 416 4254 1994 4327">
    <p class='ocr_par' dir='ltr' id='par_1_41' title="bbox 416 4254 1994 4327">
     <span class='ocr_line' id='line_1_41' title="bbox 416 4254 1994 4327; baseline -0.001 -17"><span class='ocrx_word' id='word_1_297' title='bbox 416 4258 571 4327; x_wconf 84' lang='lat' dir='ltr'><strong>longe</strong></span> <span class='ocrx_word' id='word_1_298' title='bbox 593 4257 851 4326; x_wconf 89' lang='lat' dir='ltr'><strong>imparem</strong></span> <span class='ocrx_word' id='word_1_299' title='bbox 881 4256 1131 4326; x_wconf 90' lang='lat' dir='ltr'><strong>putabat;</strong></span> <span class='ocrx_word' id='word_1_300' title='bbox 1156 4271 1223 4310; x_wconf 91' lang='lat' dir='ltr'><strong>ne</strong></span> <span class='ocrx_word' id='word_1_301' title='bbox 1245 4270 1370 4309; x_wconf 86' lang='lat' dir='ltr'><strong>vero</strong></span> <span class='ocrx_word' id='word_1_302' title='bbox 1394 4255 1461 4308; x_wconf 88' lang='lat' dir='ltr'><strong>ad</strong></span> <span class='ocrx_word' id='word_1_303' title='bbox 1490 4254 1542 4308; x_wconf 91' lang='lat' dir='ltr'><strong>id</strong></span> <span class='ocrx_word' id='word_1_304' title='bbox 1569 4257 1787 4309; x_wconf 89' lang='lat' dir='ltr'><strong>honoris</strong></span> <span class='ocrx_word' id='word_1_305' title='bbox 1809 4256 1893 4309; x_wconf 91' lang='lat' dir='ltr'><strong>vel</strong></span> <span class='ocrx_word' id='word_1_306' title='bbox 1916 4257 1994 4310; x_wconf 84' lang='lat' dir='ltr'><strong>in-</strong></span> 
     </span>
    </p>
   </div>
   <div class='ocr_carea' id='block_1_42' title="bbox 416 4346 1995 4419">
    <p class='ocr_par' dir='ltr' id='par_1_42' title="bbox 416 4346 1995 4419">
     <span class='ocr_line' id='line_1_42' title="bbox 416 4346 1995 4419; baseline 0.001 -18"><span class='ocrx_word' id='word_1_307' title='bbox 416 4350 558 4404; x_wconf 88' lang='lat' dir='ltr'><strong>vitus</strong></span> <span class='ocrx_word' id='word_1_308' title='bbox 584 4358 884 4419; x_wconf 88' lang='lat' dir='ltr'><strong>raperetur,</strong></span> <span class='ocrx_word' id='word_1_309' title='bbox 913 4362 1035 4404; x_wconf 92' lang='lat' dir='ltr'><strong>sese</strong></span> <span class='ocrx_word' id='word_1_310' title='bbox 1061 4347 1362 4402; x_wconf 89' lang='lat' dir='ltr'><strong>occultandi</strong></span> <span class='ocrx_word' id='word_1_311' title='bbox 1382 4347 1664 4402; x_wconf 89' lang='lat' dir='ltr'><strong>consilium</strong></span> <span class='ocrx_word' id='word_1_312' title='bbox 1687 4347 1821 4401; x_wconf 94' lang='lat' dir='ltr'><strong>iniit.</strong></span> <span class='ocrx_word' id='word_1_313' title='bbox 1853 4346 1995 4402; x_wconf 89' lang='lat' dir='ltr'><strong>Inter</strong></span> 
     </span>
    </p>
   </div>
   <div class='ocr_carea' id='block_1_43' title="bbox 415 4439 1992 4510">
    <p class='ocr_par' dir='ltr' id='par_1_43' title="bbox 415 4439 1992 4510">
     <span class='ocr_line' id='line_1_43' title="bbox 415 4439 1992 4510; baseline -0.001 -14"><span class='ocrx_word' id='word_1_314' title='bbox 415 4440 531 4496; x_wconf 64' lang='lat' dir='ltr'><strong>haec</strong></span> <span class='ocrx_word' id='word_1_315' title='bbox 567 4442 794 4496; x_wconf 92' lang='lat' dir='ltr'><strong>Basilius</strong></span> <span class='ocrx_word' id='word_1_316' title='bbox 833 4441 1054 4510; x_wconf 89' lang='lat' dir='ltr'><strong>hujusce</strong></span> <span class='ocrx_word' id='word_1_317' title='bbox 1097 4443 1174 4497; x_wconf 88' lang='lat' dir='ltr'><strong>rei</strong></span> <span class='ocrx_word' id='word_1_318' title='bbox 1216 4440 1354 4495; x_wconf 87' lang='lat' dir='ltr'><strong>fama</strong></span> <span class='ocrx_word' id='word_1_319' title='bbox 1401 4449 1694 4510; x_wconf 91' lang='lat' dir='ltr'><strong>permotus,</strong></span> <span class='ocrx_word' id='word_1_320' title='bbox 1733 4439 1992 4494; x_wconf 91' lang='lat' dir='ltr'><strong>Joannem</strong></span> 
     </span>
    </p>
   </div>
   <div class='ocr_carea' id='block_1_44' title="bbox 418 4533 1993 4603">
    <p class='ocr_par' dir='ltr' id='par_1_44' title="bbox 418 4533 1993 4603">
     <span class='ocr_line' id='line_1_44' title="bbox 418 4533 1993 4603; baseline -0.002 -17"><span class='ocrx_word' id='word_1_321' title='bbox 418 4533 648 4586; x_wconf 91' lang='lat' dir='ltr'><strong>amicum</strong></span> <span class='ocrx_word' id='word_1_322' title='bbox 681 4540 737 4586; x_wconf 92' lang='lat' dir='ltr'><strong>et</strong></span> <span class='ocrx_word' id='word_1_323' title='bbox 764 4542 1066 4586; x_wconf 90' lang='lat' dir='ltr'><strong>consortem</strong></span> <span class='ocrx_word' id='word_1_324' title='bbox 1095 4533 1245 4599; x_wconf 91' lang='lat' dir='ltr'><strong>adiit,</strong></span> <span class='ocrx_word' id='word_1_325' title='bbox 1278 4548 1433 4603; x_wconf 92' lang='lat' dir='ltr'><strong>quem</strong></span> <span class='ocrx_word' id='word_1_326' title='bbox 1463 4533 1578 4588; x_wconf 62' lang='lat' dir='ltr'><strong>hare</strong></span> <span class='ocrx_word' id='word_1_327' title='bbox 1618 4533 1860 4602; x_wconf 86' lang='lat' dir='ltr'><strong>ignorare</strong></span> <span class='ocrx_word' id='word_1_328' title='bbox 1898 4547 1993 4600; x_wconf 85' lang='lat' dir='ltr'><strong>pu-</strong></span> 
     </span>
    </p>
   </div>
   <div class='ocr_carea' id='block_1_45' title="bbox 417 4623 1992 4694">
    <p class='ocr_par' dir='ltr' id='par_1_45' title="bbox 417 4623 1992 4694">
     <span class='ocr_line' id='line_1_45' title="bbox 417 4623 1992 4694; baseline 0 -17"><span class='ocrx_word' id='word_1_329' title='bbox 417 4623 582 4678; x_wconf 85' lang='lat' dir='ltr'><strong>tabat.</strong></span> <span class='ocrx_word' id='word_1_330' title='bbox 615 4623 692 4676; x_wconf 90' lang='lat' dir='ltr'><strong>llli</strong></span> <span class='ocrx_word' id='word_1_331' title='bbox 733 4637 860 4677; x_wconf 89' lang='lat' dir='ltr'><strong>vero</strong></span> <span class='ocrx_word' id='word_1_332' title='bbox 899 4638 1011 4677; x_wconf 91' lang='lat' dir='ltr'><strong>rem</strong></span> <span class='ocrx_word' id='word_1_333' title='bbox 1053 4624 1242 4692; x_wconf 92' lang='lat' dir='ltr'><strong>aperit,</strong></span> <span class='ocrx_word' id='word_1_334' title='bbox 1275 4625 1400 4694; x_wconf 88' lang='lat' dir='ltr'><strong>quid</strong></span> <span class='ocrx_word' id='word_1_335' title='bbox 1440 4624 1647 4679; x_wconf 90' lang='lat' dir='ltr'><strong>consilii</strong></span> <span class='ocrx_word' id='word_1_336' title='bbox 1677 4623 1992 4694; x_wconf 91' lang='lat' dir='ltr'><strong>capiendum</strong></span> 
     </span>
    </p>
   </div>
   <div class='ocr_carea' id='block_1_46' title="bbox 415 4715 1993 4786">
    <p class='ocr_par' dir='ltr' id='par_1_46' title="bbox 415 4715 1993 4786">
     <span class='ocr_line' id='line_1_46' title="bbox 415 4715 1993 4786; baseline -0.001 -16"><span class='ocrx_word' id='word_1_337' title='bbox 415 4719 490 4770; x_wconf 90' lang='lat' dir='ltr'><strong>sit</strong></span> <span class='ocrx_word' id='word_1_338' title='bbox 538 4723 713 4786; x_wconf 84' lang='lat' dir='ltr'><strong>rogat,</strong></span> <span class='ocrx_word' id='word_1_339' title='bbox 757 4730 826 4769; x_wconf 91' lang='lat' dir='ltr'><strong>an</strong></span> <span class='ocrx_word' id='word_1_340' title='bbox 873 4715 1385 4783; x_wconf 87' lang='lat' dir='ltr'><strong>obtemperandum,</strong></span> <span class='ocrx_word' id='word_1_341' title='bbox 1427 4731 1494 4768; x_wconf 91' lang='lat' dir='ltr'><strong>an</strong></span> <span class='ocrx_word' id='word_1_342' title='bbox 1543 4716 1883 4785; x_wconf 88' lang='lat' dir='ltr'><strong>fugiendum,</strong></span> <span class='ocrx_word' id='word_1_343' title='bbox 1941 4715 1993 4769; x_wconf 91' lang='lat' dir='ltr'><strong>in</strong></span> 
     </span>
    </p>
   </div>
   <div class='ocr_carea' id='block_1_47' title="bbox 414 4804 1987 4876">
    <p class='ocr_par' dir='ltr' id='par_1_47' title="bbox 414 4804 1987 4876">
     <span class='ocr_line' id='line_1_47' title="bbox 414 4804 1987 4876; baseline -0.001 -14"><span class='ocrx_word' id='word_1_344' title='bbox 414 4817 699 4876; x_wconf 91' lang='lat' dir='ltr'><strong>utrumque</strong></span> <span class='ocrx_word' id='word_1_345' title='bbox 750 4814 984 4876; x_wconf 85' lang='lat' dir='ltr'><strong>paratus,</strong></span> <span class='ocrx_word' id='word_1_346' title='bbox 1036 4814 1090 4859; x_wconf 92' lang='lat' dir='ltr'><strong>et</strong></span> <span class='ocrx_word' id='word_1_347' title='bbox 1136 4804 1294 4858; x_wconf 92' lang='lat' dir='ltr'><strong>amici</strong></span> <span class='ocrx_word' id='word_1_348' title='bbox 1343 4805 1602 4873; x_wconf 89' lang='lat' dir='ltr'><strong>judicium</strong></span> <span class='ocrx_word' id='word_1_349' title='bbox 1652 4817 1987 4875; x_wconf 85' lang='lat' dir='ltr'><strong>exspectans.</strong></span> 
     </span>
    </p>
   </div>
   <div class='ocr_carea' id='block_1_48' title="bbox 411 4895 1992 4966">
    <p class='ocr_par' dir='ltr' id='par_1_48' title="bbox 411 4895 1992 4966">
     <span class='ocr_line' id='line_1_48' title="bbox 411 4895 1992 4966; baseline -0.003 -10"><span class='ocrx_word' id='word_1_350' title='bbox 411 4899 648 4955; x_wconf 75' lang='lat' dir='ltr'><strong>Joannes</strong></span> <span class='ocrx_word' id='word_1_351' title='bbox 687 4907 889 4960; x_wconf 72' lang='lat' dir='ltr'><strong>autem,</strong></span> <span class='ocrx_word' id='word_1_352' title='bbox 913 4897 1000 4966; x_wconf 88' lang='lat' dir='ltr'><strong>qui</strong></span> <span class='ocrx_word' id='word_1_353' title='bbox 1035 4905 1090 4949; x_wconf 93' lang='lat' dir='ltr'><strong>ut</strong></span> <span class='ocrx_word' id='word_1_354' title='bbox 1119 4911 1177 4950; x_wconf 92' lang='lat' dir='ltr'><strong>se</strong></span> <span class='ocrx_word' id='word_1_355' title='bbox 1206 4895 1478 4964; x_wconf 89' lang='lat' dir='ltr'><strong>indignum</strong></span> <span class='ocrx_word' id='word_1_356' title='bbox 1510 4904 1659 4951; x_wconf 89' lang='lat' dir='ltr'><strong>tanto</strong></span> <span class='ocrx_word' id='word_1_357' title='bbox 1688 4896 1864 4951; x_wconf 89' lang='lat' dir='ltr'><strong>ofﬁcio</strong></span> <span class='ocrx_word' id='word_1_358' title='bbox 1901 4913 1992 4951; x_wconf 89' lang='lat' dir='ltr'><strong>re-</strong></span> 
     </span>
    </p>
   </div>
   <div class='ocr_carea' id='block_1_49' title="bbox 413 4987 1992 5057">
    <p class='ocr_par' dir='ltr' id='par_1_49' title="bbox 413 4987 1992 5057">
     <span class='ocr_line' id='line_1_49' title="bbox 413 4987 1992 5057; baseline -0.001 -13"><span class='ocrx_word' id='word_1_359' title='bbox 413 4989 591 5057; x_wconf 79' lang='lat' dir='ltr'><strong>batur,</strong></span> <span class='ocrx_word' id='word_1_360' title='bbox 615 4989 692 5044; x_wconf 65' lang='lat' dir='ltr'><strong>ita</strong></span> <span class='ocrx_word' id='word_1_361' title='bbox 709 4988 963 5043; x_wconf 75' lang='lat' dir='ltr'><strong>Basiliam</strong></span> <span class='ocrx_word' id='word_1_362' title='bbox 989 4987 1086 5042; x_wconf 85' lang='lat' dir='ltr'><strong>illo</strong></span> <span class='ocrx_word' id='word_1_363' title='bbox 1103 4987 1496 5056; x_wconf 84' lang='lat' dir='ltr'><strong>dignissimum,</strong></span> <span class='ocrx_word' id='word_1_364' title='bbox 1527 4997 1640 5040; x_wconf 83' lang='lat' dir='ltr'><strong>tum</strong></span> <span class='ocrx_word' id='word_1_365' title='bbox 1658 5003 1726 5042; x_wconf 82' lang='lat' dir='ltr'><strong>ex</strong></span> <span class='ocrx_word' id='word_1_366' title='bbox 1749 4996 1992 5042; x_wconf 83' lang='lat' dir='ltr'><strong>anteacta</strong></span> 
     </span>
    </p>
   </div>
   <div class='ocr_carea' id='block_1_50' title="bbox 413 5077 1996 5148">
    <p class='ocr_par' dir='ltr' id='par_1_50' title="bbox 413 5077 1996 5148">
     <span class='ocr_line' id='line_1_50' title="bbox 413 5077 1996 5148; baseline 0.003 -15"><span class='ocrx_word' id='word_1_367' title='bbox 413 5081 544 5144; x_wconf 81' lang='lat' dir='ltr'><strong>vita,</strong></span> <span class='ocrx_word' id='word_1_368' title='bbox 577 5090 690 5134; x_wconf 86' lang='lat' dir='ltr'><strong>tum</strong></span> <span class='ocrx_word' id='word_1_369' title='bbox 727 5095 792 5134; x_wconf 84' lang='lat' dir='ltr'><strong>ex</strong></span> <span class='ocrx_word' id='word_1_370' title='bbox 823 5089 970 5134; x_wconf 89' lang='lat' dir='ltr'><strong>tanto</strong></span> <span class='ocrx_word' id='word_1_371' title='bbox 999 5077 1338 5148; x_wconf 56' lang='lat' dir='ltr'><strong>capessenda</strong></span> <span class='ocrx_word' id='word_1_372' title='bbox 1368 5079 1580 5132; x_wconf 88' lang='lat' dir='ltr'><strong>virtutis</strong></span> <span class='ocrx_word' id='word_1_373' title='bbox 1605 5079 1905 5146; x_wconf 86' lang='lat' dir='ltr'><strong>desiderio;</strong></span> <span class='ocrx_word' id='word_1_374' title='bbox 1935 5098 1996 5138; x_wconf 89' lang='lat' dir='ltr'><strong>se</strong></span> 
     </span>
    </p>
   </div>
   <div class='ocr_carea' id='block_1_51' title="bbox 412 5166 1995 5227">
    <p class='ocr_par' dir='ltr' id='par_1_51' title="bbox 412 5166 1995 5227">
     <span class='ocr_line' id='line_1_51' title="bbox 412 5166 1995 5227; baseline 0.003 -5"><span class='ocrx_word' id='word_1_375' title='bbox 412 5169 669 5223; x_wconf 80' lang='lat' dir='ltr'><strong>damnum</strong></span> <span class='ocrx_word' id='word_1_376' title='bbox 707 5169 968 5223; x_wconf 62' lang='lat' dir='ltr'><strong>Ecclesia:</strong></span> <span class='ocrx_word' id='word_1_377' title='bbox 999 5166 1198 5222; x_wconf 87' lang='lat' dir='ltr'><strong>Christi</strong></span> <span class='ocrx_word' id='word_1_378' title='bbox 1239 5167 1529 5222; x_wconf 79' lang='lat' dir='ltr'><strong>maximum</strong></span> <span class='ocrx_word' id='word_1_379' title='bbox 1569 5169 1837 5224; x_wconf 89' lang='lat' dir='ltr'><strong>illaturum</strong></span> <span class='ocrx_word' id='word_1_380' title='bbox 1875 5186 1995 5227; x_wconf 87' lang='lat' dir='ltr'><strong>esse</strong></span> 
     </span>
    </p>
   </div>
   <div class='ocr_carea' id='block_1_52' title="bbox 416 5257 1994 5328">
    <p class='ocr_par' dir='ltr' id='par_1_52' title="bbox 416 5257 1994 5328">
     <span class='ocr_line' id='line_1_52' title="bbox 416 5257 1994 5328; baseline 0.003 -16"><span class='ocrx_word' id='word_1_381' title='bbox 416 5270 634 5328; x_wconf 82' lang='lat' dir='ltr'><strong>puta-ns,</strong></span> <span class='ocrx_word' id='word_1_382' title='bbox 675 5261 726 5312; x_wconf 88' lang='lat' dir='ltr'><strong>si:</strong></span> <span class='ocrx_word' id='word_1_383' title='bbox 765 5270 878 5312; x_wconf 75' lang='lat' dir='ltr'><strong>tam</strong></span> <span class='ocrx_word' id='word_1_384' title='bbox 903 5258 1149 5327; x_wconf 85' lang='lat' dir='ltr'><strong>probum,</strong></span> <span class='ocrx_word' id='word_1_385' title='bbox 1187 5268 1292 5311; x_wconf 85' lang='lat' dir='ltr'><strong>tam</strong></span> <span class='ocrx_word' id='word_1_386' title='bbox 1332 5257 1400 5310; x_wconf 86' lang='lat' dir='ltr'><strong>ad</strong></span> <span class='ocrx_word' id='word_1_387' title='bbox 1439 5259 1664 5314; x_wconf 84' lang='lat' dir='ltr'><strong>salutem</strong></span> <span class='ocrx_word' id='word_1_388' title='bbox 1707 5262 1994 5316; x_wconf 89' lang='lat' dir='ltr'><strong>multorum</strong></span> 
     </span>
    </p>
   </div>
   <div class='ocr_carea' id='block_1_53' title="bbox 415 5348 1997 5422">
    <p class='ocr_par' dir='ltr' id='par_1_53' title="bbox 415 5348 1997 5422">
     <span class='ocr_line' id='line_1_53' title="bbox 415 5348 1997 5422; baseline 0.003 -20"><span class='ocrx_word' id='word_1_389' title='bbox 415 5351 688 5416; x_wconf 90' lang='lat' dir='ltr'><strong>idoneum,</strong></span> <span class='ocrx_word' id='word_1_390' title='bbox 721 5366 751 5405; x_wconf 86' lang='lat' dir='ltr'><strong>a</strong></span> <span class='ocrx_word' id='word_1_391' title='bbox 781 5367 1004 5405; x_wconf 87' lang='lat' dir='ltr'><strong>munere</strong></span> <span class='ocrx_word' id='word_1_392' title='bbox 1034 5348 1371 5417; x_wconf 88' lang='lat' dir='ltr'><strong>suscipiendo</strong></span> <span class='ocrx_word' id='word_1_393' title='bbox 1397 5359 1686 5415; x_wconf 84' lang='lat' dir='ltr'><strong>averteret,</strong></span> <span class='ocrx_word' id='word_1_394' title='bbox 1720 5355 1997 5422; x_wconf 89' lang='lat' dir='ltr'><strong>respondit</strong></span> 
     </span>
    </p>
   </div>
   <div class='ocr_carea' id='block_1_54' title="bbox 415 5438 1994 5510">
    <p class='ocr_par' dir='ltr' id='par_1_54' title="bbox 415 5438 1994 5510">
     <span class='ocr_line' id='line_1_54' title="bbox 415 5438 1994 5510; baseline 0.004 -18"><span class='ocrx_word' id='word_1_395' title='bbox 415 5440 512 5504; x_wconf 90' lang='lat' dir='ltr'><strong>illi,</strong></span> <span class='ocrx_word' id='word_1_396' title='bbox 558 5443 633 5494; x_wconf 90' lang='lat' dir='ltr'><strong>rei</strong></span> <span class='ocrx_word' id='word_1_397' title='bbox 674 5441 1119 5496; x_wconf 86' lang='lat' dir='ltr'><strong>consultationem</strong></span> <span class='ocrx_word' id='word_1_398' title='bbox 1161 5438 1302 5492; x_wconf 92' lang='lat' dir='ltr'><strong>aliud</strong></span> <span class='ocrx_word' id='word_1_399' title='bbox 1335 5439 1384 5492; x_wconf 93' lang='lat' dir='ltr'><strong>in</strong></span> <span class='ocrx_word' id='word_1_400' title='bbox 1430 5449 1638 5510; x_wconf 90' lang='lat' dir='ltr'><strong>tempus</strong></span> <span class='ocrx_word' id='word_1_401' title='bbox 1677 5443 1994 5498; x_wconf 91' lang='lat' dir='ltr'><strong>mittendam</strong></span> 
     </span>
    </p>
   </div>
   <div class='ocr_carea' id='block_1_55' title="bbox 414 5532 1992 5604">
    <p class='ocr_par' dir='ltr' id='par_1_55' title="bbox 414 5532 1992 5604">
     <span class='ocr_line' id='line_1_55' title="bbox 414 5532 1992 5604; baseline 0.001 -20"><span class='ocrx_word' id='word_1_402' title='bbox 414 5544 556 5594; x_wconf 84' lang='lat' dir='ltr'><strong>esse,</strong></span> <span class='ocrx_word' id='word_1_403' title='bbox 586 5532 722 5586; x_wconf 86' lang='lat' dir='ltr'><strong>nihil</strong></span> <span class='ocrx_word' id='word_1_404' title='bbox 759 5548 970 5604; x_wconf 90' lang='lat' dir='ltr'><strong>urgere,</strong></span> <span class='ocrx_word' id='word_1_405' title='bbox 1014 5532 1144 5585; x_wconf 88' lang='lat' dir='ltr'><strong>nihil</strong></span> <span class='ocrx_word' id='word_1_406' title='bbox 1192 5538 1513 5598; x_wconf 69' lang='lat' dir='ltr'><strong>praemature</strong></span> <span class='ocrx_word' id='word_1_407' title='bbox 1554 5534 1818 5602; x_wconf 84' lang='lat' dir='ltr'><strong>agendum</strong></span> <span class='ocrx_word' id='word_1_408' title='bbox 1851 5550 1992 5589; x_wconf 89' lang='lat' dir='ltr'><strong>esse.</strong></span> 
     </span>
    </p>
   </div>
   <div class='ocr_carea' id='block_1_56' title="bbox 415 5621 1994 5690">
    <p class='ocr_par' dir='ltr' id='par_1_56' title="bbox 415 5621 1994 5690">
     <span class='ocr_line' id='line_1_56' title="bbox 415 5621 1994 5690; baseline 0.003 -15"><span class='ocrx_word' id='word_1_409' title='bbox 415 5621 532 5686; x_wconf 86' lang='lat' dir='ltr'><strong>Quo</strong></span> <span class='ocrx_word' id='word_1_410' title='bbox 562 5622 842 5677; x_wconf 89' lang='lat' dir='ltr'><strong>tenderent</strong></span> <span class='ocrx_word' id='word_1_411' title='bbox 881 5626 1026 5679; x_wconf 66' lang='lat' dir='ltr'><strong>istaec</strong></span> <span class='ocrx_word' id='word_1_412' title='bbox 1062 5639 1168 5678; x_wconf 91' lang='lat' dir='ltr'><strong>non</strong></span> <span class='ocrx_word' id='word_1_413' title='bbox 1211 5621 1496 5677; x_wconf 88' lang='lat' dir='ltr'><strong>advertens</strong></span> <span class='ocrx_word' id='word_1_414' title='bbox 1549 5623 1807 5690; x_wconf 89' lang='lat' dir='ltr'><strong>Basilius,</strong></span> <span class='ocrx_word' id='word_1_415' title='bbox 1837 5626 1994 5680; x_wconf 88' lang='lat' dir='ltr'><strong>amici</strong></span> 
     </span>
    </p>
   </div>
   <div class='ocr_carea' id='block_1_57' title="bbox 415 5715 1124 5786">
    <p class='ocr_par' dir='ltr' id='par_1_57' title="bbox 415 5715 1124 5786">
     <span class='ocr_line' id='line_1_57' title="bbox 415 5715 1124 5786; baseline 0 -16"><span class='ocrx_word' id='word_1_416' title='bbox 415 5715 697 5770; x_wconf 88' lang='lat' dir='ltr'><strong>consilium</strong></span> <span class='ocrx_word' id='word_1_417' title='bbox 726 5719 1001 5786; x_wconf 88' lang='lat' dir='ltr'><strong>amplexus</strong></span> <span class='ocrx_word' id='word_1_418' title='bbox 1023 5727 1124 5773; x_wconf 90' lang='lat' dir='ltr'><strong>est.</strong></span> 
     </span>
    </p>
   </div>
   <div class='ocr_carea' id='block_1_58' title="bbox 491 5805 1996 5878">
    <p class='ocr_par' dir='ltr' id='par_1_58' title="bbox 491 5805 1996 5878">
     <span class='ocr_line' id='line_1_58' title="bbox 491 5805 1996 5878; baseline 0.001 -16"><span class='ocrx_word' id='word_1_419' title='bbox 491 5808 598 5862; x_wconf 88' lang='lat' dir='ltr'><strong>Hac</strong></span> <span class='ocrx_word' id='word_1_420' title='bbox 633 5807 714 5876; x_wconf 90' lang='lat' dir='ltr'><strong>pia</strong></span> <span class='ocrx_word' id='word_1_421' title='bbox 742 5805 926 5862; x_wconf 90' lang='lat' dir='ltr'><strong>fraude</strong></span> <span class='ocrx_word' id='word_1_422' title='bbox 957 5823 1083 5865; x_wconf 92' lang='lat' dir='ltr'><strong>usus</strong></span> <span class='ocrx_word' id='word_1_423' title='bbox 1129 5817 1210 5864; x_wconf 90' lang='lat' dir='ltr'><strong>est</strong></span> <span class='ocrx_word' id='word_1_424' title='bbox 1237 5809 1489 5874; x_wconf 85' lang='lat' dir='ltr'><strong>Joannes,</strong></span> <span class='ocrx_word' id='word_1_425' title='bbox 1522 5816 1576 5863; x_wconf 93' lang='lat' dir='ltr'><strong>et</strong></span> <span class='ocrx_word' id='word_1_426' title='bbox 1602 5808 1722 5878; x_wconf 86' lang='lat' dir='ltr'><strong>quia</strong></span> <span class='ocrx_word' id='word_1_427' title='bbox 1761 5824 1872 5863; x_wconf 89' lang='lat' dir='ltr'><strong>rem</strong></span> <span class='ocrx_word' id='word_1_428' title='bbox 1902 5827 1996 5864; x_wconf 83' lang='lat' dir='ltr'><strong>ur-</strong></span> 
     </span>
    </p>
   </div>
   <div class='ocr_carea' id='block_1_59' title="bbox 417 5899 1998 5974">
    <p class='ocr_par' dir='ltr' id='par_1_59' title="bbox 417 5899 1998 5974">
     <span class='ocr_line' id='line_1_59' title="bbox 417 5899 1998 5974; baseline -0.001 -17"><span class='ocrx_word' id='word_1_429' title='bbox 417 5919 542 5974; x_wconf 89' lang='lat' dir='ltr'><strong>gere</strong></span> <span class='ocrx_word' id='word_1_430' title='bbox 575 5917 679 5955; x_wconf 90' lang='lat' dir='ltr'><strong>non</strong></span> <span class='ocrx_word' id='word_1_431' title='bbox 719 5899 1012 5967; x_wconf 77' lang='lat' dir='ltr'><strong>ignorabat,</strong></span> <span class='ocrx_word' id='word_1_432' title='bbox 1043 5914 1162 5957; x_wconf 89' lang='lat' dir='ltr'><strong>sese</strong></span> <span class='ocrx_word' id='word_1_433' title='bbox 1201 5903 1500 5958; x_wconf 87' lang='lat' dir='ltr'><strong>occultavit.</strong></span> <span class='ocrx_word' id='word_1_434' title='bbox 1543 5900 1688 5956; x_wconf 87' lang='lat' dir='ltr'><strong>Haud</strong></span> <span class='ocrx_word' id='word_1_435' title='bbox 1725 5901 1794 5955; x_wconf 89' lang='lat' dir='ltr'><strong>ita</strong></span> <span class='ocrx_word' id='word_1_436' title='bbox 1832 5902 1998 5956; x_wconf 90' lang='lat' dir='ltr'><strong>multo</strong></span> 
     </span>
    </p>
   </div>
   <div class='ocr_carea' id='block_1_60' title="bbox 419 5995 1996 6071">
    <p class='ocr_par' dir='ltr' id='par_1_60' title="bbox 419 5995 1996 6071">
     <span class='ocr_line' id='line_1_60' title="bbox 419 5995 1996 6071; baseline 0.003 -21"><span class='ocrx_word' id='word_1_437' title='bbox 419 6001 596 6071; x_wconf 75' lang='lat' dir='ltr'><strong>elapso</strong></span> <span class='ocrx_word' id='word_1_438' title='bbox 637 6004 894 6066; x_wconf 89' lang='lat' dir='ltr'><strong>tempore,</strong></span> <span class='ocrx_word' id='word_1_439' title='bbox 935 6009 1055 6049; x_wconf 89' lang='lat' dir='ltr'><strong>cum</strong></span> <span class='ocrx_word' id='word_1_440' title='bbox 1101 5996 1144 6049; x_wconf 88' lang='lat' dir='ltr'><strong>is</strong></span> <span class='ocrx_word' id='word_1_441' title='bbox 1182 5998 1272 6067; x_wconf 91' lang='lat' dir='ltr'><strong>qui</strong></span> <span class='ocrx_word' id='word_1_442' title='bbox 1312 5998 1648 6053; x_wconf 87' lang='lat' dir='ltr'><strong>ordinaturus</strong></span> <span class='ocrx_word' id='word_1_443' title='bbox 1687 6005 1799 6052; x_wconf 85' lang='lat' dir='ltr'><strong>erat</strong></span> <span class='ocrx_word' id='word_1_444' title='bbox 1834 5995 1996 6054; x_wconf 81' lang='lat' dir='ltr'><strong>adve-</strong></span> 
     </span>
    </p>
   </div>
   <div class='ocr_carea' id='block_1_61' title="bbox 2114 677 3690 762">
    <p class='ocr_par' dir='ltr' id='par_1_61' title="bbox 2114 677 3690 762">
     <span class='ocr_line' id='line_1_61' title="bbox 2114 677 3690 762; baseline 0.016 -32"><span class='ocrx_word' id='word_1_445' title='bbox 2114 677 2299 746; x_wconf 87' lang='lat' dir='ltr'><strong>nisset,</strong></span> <span class='ocrx_word' id='word_1_446' title='bbox 2331 685 2515 748; x_wconf 84' lang='lat' dir='ltr'><strong>raptus</strong></span> <span class='ocrx_word' id='word_1_447' title='bbox 2541 679 2764 738; x_wconf 84' lang='lat' dir='ltr'><strong>Basilius</strong></span> <span class='ocrx_word' id='word_1_448' title='bbox 2784 683 3062 740; x_wconf 86' lang='lat' dir='ltr'><strong>adducitur</strong></span> <span class='ocrx_word' id='word_1_449' title='bbox 3091 698 3146 743; x_wconf 92' lang='lat' dir='ltr'><strong>ut</strong></span> <span class='ocrx_word' id='word_1_450' title='bbox 3171 689 3450 762; x_wconf 86' lang='lat' dir='ltr'><strong>episcopus</strong></span> <span class='ocrx_word' id='word_1_451' title='bbox 3475 699 3690 754; x_wconf 85' lang='lat' dir='ltr'><strong>ordina-</strong></span> 
     </span>
    </p>
   </div>
   <div class='ocr_carea' id='block_1_62' title="bbox 2113 769 3692 855">
    <p class='ocr_par' dir='ltr' id='par_1_62' title="bbox 2113 769 3692 855">
     <span class='ocr_line' id='line_1_62' title="bbox 2113 769 3692 855; baseline 0.015 -35"><span class='ocrx_word' id='word_1_452' title='bbox 2113 778 2276 823; x_wconf 87' lang='lat' dir='ltr'><strong>retur.</strong></span> <span class='ocrx_word' id='word_1_453' title='bbox 2307 769 2547 838; x_wconf 88' lang='lat' dir='ltr'><strong>Cumque</strong></span> <span class='ocrx_word' id='word_1_454' title='bbox 2569 774 2918 830; x_wconf 86' lang='lat' dir='ltr'><strong>reluctaretur</strong></span> <span class='ocrx_word' id='word_1_455' title='bbox 2943 777 3050 842; x_wconf 88' lang='lat' dir='ltr'><strong>ille,</strong></span> <span class='ocrx_word' id='word_1_456' title='bbox 3079 781 3289 848; x_wconf 88' lang='lat' dir='ltr'><strong>quidam</strong></span> <span class='ocrx_word' id='word_1_457' title='bbox 3317 799 3384 839; x_wconf 86' lang='lat' dir='ltr'><strong>ex</strong></span> <span class='ocrx_word' id='word_1_458' title='bbox 3414 794 3692 855; x_wconf 70' lang='lat' dir='ltr'><strong>prmsenti-</strong></span> 
     </span>
    </p>
   </div>
   <div class='ocr_carea' id='block_1_63' title="bbox 2114 856 3692 943">
    <p class='ocr_par' dir='ltr' id='par_1_63' title="bbox 2114 856 3692 943">
     <span class='ocr_line' id='line_1_63' title="bbox 2114 856 3692 943; baseline 0.014 -33"><span class='ocrx_word' id='word_1_459' title='bbox 2114 856 2210 910; x_wconf 90' lang='lat' dir='ltr'><strong>bus</strong></span> <span class='ocrx_word' id='word_1_460' title='bbox 2230 858 2278 911; x_wconf 91' lang='lat' dir='ltr'><strong>ei</strong></span> <span class='ocrx_word' id='word_1_461' title='bbox 2300 858 2457 912; x_wconf 70' lang='lat' dir='ltr'><strong>verba</strong></span> <span class='ocrx_word' id='word_1_462' title='bbox 2476 858 2754 926; x_wconf 88' lang='lat' dir='ltr'><strong>dederunt,</strong></span> <span class='ocrx_word' id='word_1_463' title='bbox 2775 867 3086 934; x_wconf 87' lang='lat' dir='ltr'><strong>clamantes,</strong></span> <span class='ocrx_word' id='word_1_464' title='bbox 3105 870 3388 928; x_wconf 87' lang='lat' dir='ltr'><strong>absurdum</strong></span> <span class='ocrx_word' id='word_1_465' title='bbox 3409 892 3549 943; x_wconf 89' lang='lat' dir='ltr'><strong>esse,</strong></span> <span class='ocrx_word' id='word_1_466' title='bbox 3571 895 3692 932; x_wconf 79' lang='lat' dir='ltr'><strong>eum</strong></span> 
     </span>
    </p>
   </div>
   <div class='ocr_carea' id='block_1_64' title="bbox 2111 949 3690 1041">
    <p class='ocr_par' dir='ltr' id='par_1_64' title="bbox 2111 949 3690 1041">
     <span class='ocr_line' id='line_1_64' title="bbox 2111 949 3690 1041; baseline 0.016 -41"><span class='ocrx_word' id='word_1_467' title='bbox 2111 949 2197 1017; x_wconf 92' lang='lat' dir='ltr'><strong>qui</strong></span> <span class='ocrx_word' id='word_1_468' title='bbox 2212 949 2460 1004; x_wconf 91' lang='lat' dir='ltr'><strong>omnibus</strong></span> <span class='ocrx_word' id='word_1_469' title='bbox 2484 949 2709 1007; x_wconf 88' lang='lat' dir='ltr'><strong>ferocior</strong></span> <span class='ocrx_word' id='word_1_470' title='bbox 2727 958 3290 1034; x_wconf 84' lang='lat' dir='ltr'><strong>videbatur(Joauuem</strong></span> <span class='ocrx_word' id='word_1_471' title='bbox 3305 966 3690 1041; x_wconf 68' lang='lat' dir='ltr'><strong>designantrs),</strong></span> 
     </span>
    </p>
   </div>
   <div class='ocr_carea' id='block_1_65' title="bbox 2110 1043 3692 1126">
    <p class='ocr_par' dir='ltr' id='par_1_65' title="bbox 2110 1043 3692 1126">
     <span class='ocr_line' id='line_1_65' title="bbox 2110 1043 3692 1126; baseline 0.013 -33"><span class='ocrx_word' id='word_1_472' title='bbox 2110 1054 2229 1094; x_wconf 88' lang='lat' dir='ltr'><strong>emn</strong></span> <span class='ocrx_word' id='word_1_473' title='bbox 2261 1055 2448 1110; x_wconf 83' lang='lat' dir='ltr'><strong>magna</strong></span> <span class='ocrx_word' id='word_1_474' title='bbox 2488 1043 2743 1099; x_wconf 84' lang='lat' dir='ltr'><strong>modestia</strong></span> <span class='ocrx_word' id='word_1_475' title='bbox 2784 1048 2998 1105; x_wconf 90' lang='lat' dir='ltr'><strong>Patrum</strong></span> <span class='ocrx_word' id='word_1_476' title='bbox 3039 1051 3232 1121; x_wconf 88' lang='lat' dir='ltr'><strong>placito</strong></span> <span class='ocrx_word' id='word_1_477' title='bbox 3266 1055 3692 1126; x_wconf 61' lang='lat' dir='ltr'><strong>obtemperasse;</strong></span> 
     </span>
    </p>
   </div>
   <div class='ocr_carea' id='block_1_66' title="bbox 2111 1131 3691 1217">
    <p class='ocr_par' dir='ltr' id='par_1_66' title="bbox 2111 1131 3691 1217">
     <span class='ocr_line' id='line_1_66' title="bbox 2111 1131 3691 1217; baseline 0.014 -34"><span class='ocrx_word' id='word_1_478' title='bbox 2111 1131 2257 1186; x_wconf 90' lang='lat' dir='ltr'><strong>illum</strong></span> <span class='ocrx_word' id='word_1_479' title='bbox 2297 1141 2509 1196; x_wconf 83' lang='lat' dir='ltr'><strong>autem,</strong></span> <span class='ocrx_word' id='word_1_480' title='bbox 2553 1135 2708 1205; x_wconf 83' lang='lat' dir='ltr'><strong>longe</strong></span> <span class='ocrx_word' id='word_1_481' title='bbox 2748 1139 3142 1206; x_wconf 87' lang='lat' dir='ltr'><strong>prudentiorem</strong></span> <span class='ocrx_word' id='word_1_482' title='bbox 3187 1155 3241 1200; x_wconf 90' lang='lat' dir='ltr'><strong>et</strong></span> <span class='ocrx_word' id='word_1_483' title='bbox 3289 1148 3691 1217; x_wconf 87' lang='lat' dir='ltr'><strong>modestiorem,</strong></span> 
     </span>
    </p>
   </div>
   <div class='ocr_carea' id='block_1_67' title="bbox 2110 1219 3696 1301">
    <p class='ocr_par' dir='ltr' id='par_1_67' title="bbox 2110 1219 3696 1301">
     <span class='ocr_line' id='line_1_67' title="bbox 2110 1219 3696 1301; baseline 0.015 -27"><span class='ocrx_word' id='word_1_484' title='bbox 2110 1219 2335 1279; x_wconf 88' lang='lat' dir='ltr'><strong>ferocire</strong></span> <span class='ocrx_word' id='word_1_485' title='bbox 2361 1233 2417 1279; x_wconf 92' lang='lat' dir='ltr'><strong>et</strong></span> <span class='ocrx_word' id='word_1_486' title='bbox 2439 1239 2627 1280; x_wconf 91' lang='lat' dir='ltr'><strong>vanam</strong></span> <span class='ocrx_word' id='word_1_487' title='bbox 2659 1228 2880 1296; x_wconf 75' lang='lat' dir='ltr'><strong>gloriam</strong></span> <span class='ocrx_word' id='word_1_488' title='bbox 2911 1244 3181 1301; x_wconf 71' lang='lat' dir='ltr'><strong>appetere.</strong></span> <span class='ocrx_word' id='word_1_489' title='bbox 3211 1238 3318 1293; x_wconf 86' lang='lat' dir='ltr'><strong>llac</strong></span> <span class='ocrx_word' id='word_1_490' title='bbox 3338 1240 3560 1296; x_wconf 88' lang='lat' dir='ltr'><strong>delusus</strong></span> <span class='ocrx_word' id='word_1_491' title='bbox 3580 1254 3696 1297; x_wconf 80' lang='lat' dir='ltr'><strong>arte</strong></span> 
     </span>
    </p>
   </div>
   <div class='ocr_carea' id='block_1_68' title="bbox 2109 1315 3694 1408">
    <p class='ocr_par' dir='ltr' id='par_1_68' title="bbox 2109 1315 3694 1408">
     <span class='ocr_line' id='line_1_68' title="bbox 2109 1315 3694 1408; baseline 0.013 -40"><span class='ocrx_word' id='word_1_492' title='bbox 2109 1315 2385 1408; x_wconf 83' lang='lat' dir='ltr'><strong>ordinatus</strong></span> <span class='ocrx_word' id='word_1_493' title='bbox 2423 1328 2505 1373; x_wconf 90' lang='lat' dir='ltr'><strong>est</strong></span> <span class='ocrx_word' id='word_1_494' title='bbox 2533 1318 2758 1377; x_wconf 80' lang='lat' dir='ltr'><strong>Basilius</strong></span> <span class='ocrx_word' id='word_1_495' title='bbox 2785 1324 3068 1394; x_wconf 68' lang='lat' dir='ltr'><strong>episcomts</strong></span> <span class='ocrx_word' id='word_1_496' title='bbox 3099 1328 3397 1398; x_wconf 70' lang='lat' dir='ltr'><strong>Baphaneae</strong></span> <span class='ocrx_word' id='word_1_497' title='bbox 3437 1334 3487 1388; x_wconf 91' lang='lat' dir='ltr'><strong>in</strong></span> <span class='ocrx_word' id='word_1_498' title='bbox 3517 1335 3694 1408; x_wconf 67' lang='lat' dir='ltr'><strong>Syrio,</strong></span> 
     </span>
    </p>
   </div>
   <div class='ocr_carea' id='block_1_69' title="bbox 2111 1407 3129 1474">
    <p class='ocr_par' dir='ltr' id='par_1_69' title="bbox 2111 1407 3129 1474">
     <span class='ocr_line' id='line_1_69' title="bbox 2111 1407 3129 1474; baseline 0.015 -17"><span class='ocrx_word' id='word_1_499' title='bbox 2111 1413 2169 1458; x_wconf 91' lang='lat' dir='ltr'><strong>ut</strong></span> <span class='ocrx_word' id='word_1_500' title='bbox 2190 1407 2532 1474; x_wconf 89' lang='lat' dir='ltr'><strong>probabiliter</strong></span> <span class='ocrx_word' id='word_1_501' title='bbox 2559 1413 2824 1466; x_wconf 81' lang='lat' dir='ltr'><strong>existimat</strong></span> <span class='ocrx_word' id='word_1_502' title='bbox 2853 1415 3129 1472; x_wconf 86' lang='lat' dir='ltr'><strong>Baronius.</strong></span> 
     </span>
    </p>
   </div>
   <div class='ocr_carea' id='block_1_70' title="bbox 2181 1497 3697 1580">
    <p class='ocr_par' dir='ltr' id='par_1_70' title="bbox 2181 1497 3697 1580">
     <span class='ocr_line' id='line_1_70' title="bbox 2181 1497 3697 1580; baseline 0.016 -31"><span class='ocrx_word' id='word_1_503' title='bbox 2181 1497 2329 1552; x_wconf 89' lang='lat' dir='ltr'><strong>Circa</strong></span> <span class='ocrx_word' id='word_1_504' title='bbox 2351 1517 2550 1557; x_wconf 91' lang='lat' dir='ltr'><strong>annum</strong></span> <span class='ocrx_word' id='word_1_505' title='bbox 2581 1519 2726 1566; x_wconf 79' lang='lat' dir='ltr'><strong>vero.</strong></span> <span class='ocrx_word' id='word_1_506' title='bbox 2751 1523 2856 1574; x_wconf 82' lang='lat' dir='ltr'><strong>quo</strong></span> <span class='ocrx_word' id='word_1_507' title='bbox 2882 1507 2994 1562; x_wconf 68' lang='lat' dir='ltr'><strong>haec</strong></span> <span class='ocrx_word' id='word_1_508' title='bbox 3015 1520 3161 1580; x_wconf 89' lang='lat' dir='ltr'><strong>gesta</strong></span> <span class='ocrx_word' id='word_1_509' title='bbox 3192 1511 3355 1577; x_wconf 87' lang='lat' dir='ltr'><strong>fuere,</strong></span> <span class='ocrx_word' id='word_1_510' title='bbox 3389 1514 3697 1573; x_wconf 70' lang='lat' dir='ltr'><strong>Hermantio</strong></span> 
     </span>
    </p>
   </div>
   <div class='ocr_carea' id='block_1_71' title="bbox 2111 1589 3694 1668">
    <p class='ocr_par' dir='ltr' id='par_1_71' title="bbox 2111 1589 3694 1668">
     <span class='ocr_line' id='line_1_71' title="bbox 2111 1589 3694 1668; baseline 0.015 -29"><span class='ocrx_word' id='word_1_511' title='bbox 2111 1597 2166 1640; x_wconf 88' lang='lat' dir='ltr'><strong>et</strong></span> <span class='ocrx_word' id='word_1_512' title='bbox 2192 1589 2528 1647; x_wconf 84' lang='lat' dir='ltr'><strong>Tillemontio</strong></span> <span class='ocrx_word' id='word_1_513' title='bbox 2554 1596 2866 1664; x_wconf 77' lang='lat' dir='ltr'><strong>adstipulor,</strong></span> <span class='ocrx_word' id='word_1_514' title='bbox 2897 1600 2986 1668; x_wconf 86' lang='lat' dir='ltr'><strong>qui</strong></span> <span class='ocrx_word' id='word_1_515' title='bbox 3011 1601 3194 1656; x_wconf 87' lang='lat' dir='ltr'><strong>eadem</strong></span> <span class='ocrx_word' id='word_1_516' title='bbox 3223 1604 3288 1657; x_wconf 87' lang='lat' dir='ltr'><strong>ad</strong></span> <span class='ocrx_word' id='word_1_517' title='bbox 3313 1621 3509 1661; x_wconf 89' lang='lat' dir='ltr'><strong>annum</strong></span> <span class='ocrx_word' id='word_1_518' title='bbox 3535 1609 3694 1662; x_wconf 85' lang='lat' dir='ltr'><strong>Chri-</strong></span> 
     </span>
    </p>
   </div>
   <div class='ocr_carea' id='block_1_72' title="bbox 2112 1678 3694 1764">
    <p class='ocr_par' dir='ltr' id='par_1_72' title="bbox 2112 1678 3694 1764">
     <span class='ocr_line' id='line_1_72' title="bbox 2112 1678 3694 1764; baseline 0.016 -34"><span class='ocrx_word' id='word_1_519' title='bbox 2112 1678 2178 1730; x_wconf 88' lang='lat' dir='ltr'><strong>sti</strong></span> <span class='ocrx_word' id='word_1_520' title='bbox 2225 1680 2349 1746; x_wconf 74' lang='lat'><strong>372,</strong></span> <span class='ocrx_word' id='word_1_521' title='bbox 2393 1683 2472 1736; x_wconf 88' lang='lat' dir='ltr'><strong>vel</strong></span> <span class='ocrx_word' id='word_1_522' title='bbox 2517 1685 2728 1738; x_wconf 89' lang='lat' dir='ltr'><strong>circiter</strong></span> <span class='ocrx_word' id='word_1_523' title='bbox 2766 1687 3031 1754; x_wconf 90' lang='lat' dir='ltr'><strong>referunt,</strong></span> <span class='ocrx_word' id='word_1_524' title='bbox 3079 1703 3369 1764; x_wconf 84' lang='lat' dir='ltr'><strong>putantque</strong></span> <span class='ocrx_word' id='word_1_525' title='bbox 3412 1713 3514 1753; x_wconf 93' lang='lat' dir='ltr'><strong>non</strong></span> <span class='ocrx_word' id='word_1_526' title='bbox 3553 1701 3694 1757; x_wconf 85' lang='lat' dir='ltr'><strong>ultra</strong></span> 
     </span>
    </p>
   </div>
   <div class='ocr_carea' id='block_1_73' title="bbox 2112 1773 3693 1854">
    <p class='ocr_par' dir='ltr' id='par_1_73' title="bbox 2112 1773 3693 1854">
     <span class='ocr_line' id='line_1_73' title="bbox 2112 1773 3693 1854; baseline 0.015 -33"><span class='ocrx_word' id='word_1_527' title='bbox 2112 1785 2308 1824; x_wconf 90' lang='lat' dir='ltr'><strong>annum</strong></span> <span class='ocrx_word' id='word_1_528' title='bbox 2338 1773 2442 1828; x_wconf 75' lang='grc'><strong>574</strong></span> <span class='ocrx_word' id='word_1_529' title='bbox 2473 1789 2631 1842; x_wconf 89' lang='lat' dir='ltr'><strong>posse</strong></span> <span class='ocrx_word' id='word_1_530' title='bbox 2653 1777 2874 1833; x_wconf 79' lang='lat' dir='ltr'><strong>differri.</strong></span> <span class='ocrx_word' id='word_1_531' title='bbox 2909 1780 3079 1836; x_wconf 91' lang='lat' dir='ltr'><strong>Unum</strong></span> <span class='ocrx_word' id='word_1_532' title='bbox 3108 1793 3188 1838; x_wconf 89' lang='lat' dir='ltr'><strong>est</strong></span> <span class='ocrx_word' id='word_1_533' title='bbox 3212 1787 3351 1854; x_wconf 87' lang='lat' dir='ltr'><strong>quod</strong></span> <span class='ocrx_word' id='word_1_534' title='bbox 3373 1803 3401 1839; x_wconf 91' lang='lat' dir='ltr'><strong>a</strong></span> <span class='ocrx_word' id='word_1_535' title='bbox 3425 1789 3514 1842; x_wconf 89' lang='lat' dir='ltr'><strong>tali</strong></span> <span class='ocrx_word' id='word_1_536' title='bbox 3544 1807 3693 1844; x_wconf 84' lang='lat' dir='ltr'><strong>cmu-</strong></span> 
     </span>
    </p>
   </div>
   <div class='ocr_carea' id='block_1_74' title="bbox 2113 1865 3696 1948">
    <p class='ocr_par' dir='ltr' id='par_1_74' title="bbox 2113 1865 3696 1948">
     <span class='ocr_line' id='line_1_74' title="bbox 2113 1865 3696 1948; baseline 0.012 -31"><span class='ocrx_word' id='word_1_537' title='bbox 2113 1865 2330 1934; x_wconf 90' lang='lat' dir='ltr'><strong>putandi</strong></span> <span class='ocrx_word' id='word_1_538' title='bbox 2360 1868 2565 1923; x_wconf 89' lang='lat' dir='ltr'><strong>ratione</strong></span> <span class='ocrx_word' id='word_1_539' title='bbox 2589 1880 2836 1925; x_wconf 88' lang='lat' dir='ltr'><strong>avertere</strong></span> <span class='ocrx_word' id='word_1_540' title='bbox 2866 1876 3052 1942; x_wconf 90' lang='lat' dir='ltr'><strong>possit,</strong></span> <span class='ocrx_word' id='word_1_541' title='bbox 3076 1876 3215 1942; x_wconf 90' lang='lat' dir='ltr'><strong>quod</strong></span> <span class='ocrx_word' id='word_1_542' title='bbox 3243 1893 3434 1948; x_wconf 81' lang='lat' dir='ltr'><strong>nempe</strong></span> <span class='ocrx_word' id='word_1_543' title='bbox 3463 1879 3696 1936; x_wconf 77' lang='lat' dir='ltr'><strong>Joannes</strong></span> 
     </span>
    </p>
   </div>
   <div class='ocr_carea' id='block_1_75' title="bbox 2112 1959 3696 2040">
    <p class='ocr_par' dir='ltr' id='par_1_75' title="bbox 2112 1959 3696 2040">
     <span class='ocr_line' id='line_1_75' title="bbox 2112 1959 3696 2040; baseline 0.011 -27"><span class='ocrx_word' id='word_1_544' title='bbox 2112 1967 2238 2013; x_wconf 90' lang='lat' dir='ltr'><strong>tunc</strong></span> <span class='ocrx_word' id='word_1_545' title='bbox 2271 1959 2363 2025; x_wconf 75' lang='lat'><strong>25,</strong></span> <span class='ocrx_word' id='word_1_546' title='bbox 2391 1961 2478 2016; x_wconf 92' lang='lat' dir='ltr'><strong>vel</strong></span> <span class='ocrx_word' id='word_1_547' title='bbox 2514 1962 2579 2016; x_wconf 91' lang='lat' dir='ltr'><strong>ad</strong></span> <span class='ocrx_word' id='word_1_548' title='bbox 2607 1976 2872 2019; x_wconf 90' lang='lat' dir='ltr'><strong>summum</strong></span> <span class='ocrx_word' id='word_1_549' title='bbox 2898 1965 2966 2020; x_wconf 75' lang='lat'><strong>27</strong></span> <span class='ocrx_word' id='word_1_550' title='bbox 2999 1977 3200 2022; x_wconf 89' lang='lat' dir='ltr'><strong>tantum</strong></span> <span class='ocrx_word' id='word_1_551' title='bbox 3229 1986 3487 2026; x_wconf 89' lang='lat' dir='ltr'><strong>annorum</strong></span> <span class='ocrx_word' id='word_1_552' title='bbox 3517 1985 3696 2040; x_wconf 78' lang='lat' dir='ltr'><strong>esset,</strong></span> 
     </span>
    </p>
   </div>
   <div class='ocr_carea' id='block_1_76' title="bbox 2110 2053 3694 2132">
    <p class='ocr_par' dir='ltr' id='par_1_76' title="bbox 2110 2053 3694 2132">
     <span class='ocr_line' id='line_1_76' title="bbox 2110 2053 3694 2132; baseline 0.009 -27"><span class='ocrx_word' id='word_1_553' title='bbox 2110 2060 2164 2106; x_wconf 90' lang='lat' dir='ltr'><strong>et</strong></span> <span class='ocrx_word' id='word_1_554' title='bbox 2205 2053 2428 2107; x_wconf 87' lang='lat' dir='ltr'><strong>Basilius</strong></span> <span class='ocrx_word' id='word_1_555' title='bbox 2471 2054 2710 2125; x_wconf 88' lang='lat' dir='ltr'><strong>ejusdem</strong></span> <span class='ocrx_word' id='word_1_556' title='bbox 2747 2057 2960 2114; x_wconf 91' lang='lat' dir='ltr'><strong>circiter</strong></span> <span class='ocrx_word' id='word_1_557' title='bbox 2997 2062 3190 2130; x_wconf 60' lang='lat' dir='ltr'><strong>a‘tatis,</strong></span> <span class='ocrx_word' id='word_1_558' title='bbox 3220 2079 3337 2132; x_wconf 68' lang='lat' dir='ltr'><strong>qua:</strong></span> <span class='ocrx_word' id='word_1_559' title='bbox 3381 2064 3444 2118; x_wconf 92' lang='lat' dir='ltr'><strong>ad</strong></span> <span class='ocrx_word' id='word_1_560' title='bbox 3489 2075 3694 2121; x_wconf 87' lang='lat' dir='ltr'><strong>tanlmu</strong></span> 
     </span>
    </p>
   </div>
   <div class='ocr_carea' id='block_1_77' title="bbox 2110 2147 3699 2218">
    <p class='ocr_par' dir='ltr' id='par_1_77' title="bbox 2110 2147 3699 2218">
     <span class='ocr_line' id='line_1_77' title="bbox 2110 2147 3699 2218; baseline 0.008 -18"><span class='ocrx_word' id='word_1_561' title='bbox 2110 2147 2506 2218; x_wconf 90' lang='lat' dir='ltr'><strong>suscipiendum</strong></span> <span class='ocrx_word' id='word_1_562' title='bbox 2537 2165 2731 2204; x_wconf 89' lang='lat' dir='ltr'><strong>munus</strong></span> <span class='ocrx_word' id='word_1_563' title='bbox 2763 2167 2867 2206; x_wconf 92' lang='lat' dir='ltr'><strong>non</strong></span> <span class='ocrx_word' id='word_1_564' title='bbox 2910 2151 3098 2208; x_wconf 84' lang='lat' dir='ltr'><strong>idonea</strong></span> <span class='ocrx_word' id='word_1_565' title='bbox 3139 2155 3394 2210; x_wconf 87' lang='lat' dir='ltr'><strong>videatur.</strong></span> <span class='ocrx_word' id='word_1_566' title='bbox 3437 2157 3542 2212; x_wconf 92' lang='lat' dir='ltr'><strong>Sed</strong></span> <span class='ocrx_word' id='word_1_567' title='bbox 3574 2159 3699 2213; x_wconf 90' lang='lat' dir='ltr'><strong>licet</strong></span> 
     </span>
    </p>
   </div>
   <div class='ocr_carea' id='block_1_78' title="bbox 2110 2241 3696 2315">
    <p class='ocr_par' dir='ltr' id='par_1_78' title="bbox 2110 2241 3696 2315">
     <span class='ocr_line' id='line_1_78' title="bbox 2110 2241 3696 2315; baseline 0.007 -25"><span class='ocrx_word' id='word_1_568' title='bbox 2110 2246 2262 2302; x_wconf 65' lang='lat' dir='ltr'><strong>aetas,</strong></span> <span class='ocrx_word' id='word_1_569' title='bbox 2291 2253 2392 2306; x_wconf 88' lang='lat' dir='ltr'><strong>qua</strong></span> <span class='ocrx_word' id='word_1_570' title='bbox 2419 2241 2652 2308; x_wconf 89' lang='lat' dir='ltr'><strong>episcopi</strong></span> <span class='ocrx_word' id='word_1_571' title='bbox 2680 2243 3013 2307; x_wconf 88' lang='lat' dir='ltr'><strong>ordinantur,</strong></span> <span class='ocrx_word' id='word_1_572' title='bbox 3040 2243 3210 2313; x_wconf 87' lang='lat' dir='ltr'><strong>major</strong></span> <span class='ocrx_word' id='word_1_573' title='bbox 3231 2253 3286 2299; x_wconf 92' lang='lat' dir='ltr'><strong>ut</strong></span> <span class='ocrx_word' id='word_1_574' title='bbox 3310 2246 3595 2315; x_wconf 88' lang='lat' dir='ltr'><strong>plurimum</strong></span> <span class='ocrx_word' id='word_1_575' title='bbox 3620 2265 3696 2302; x_wconf 81' lang='lat' dir='ltr'><strong>re-</strong></span> 
     </span>
    </p>
   </div>
   <div class='ocr_carea' id='block_1_79' title="bbox 2110 2330 3692 2405">
    <p class='ocr_par' dir='ltr' id='par_1_79' title="bbox 2110 2330 3692 2405">
     <span class='ocr_line' id='line_1_79' title="bbox 2110 2330 3692 2405; baseline 0.007 -23"><span class='ocrx_word' id='word_1_576' title='bbox 2110 2330 2373 2398; x_wconf 89' lang='lat' dir='ltr'><strong>quiratur,</strong></span> <span class='ocrx_word' id='word_1_577' title='bbox 2403 2346 2507 2384; x_wconf 92' lang='lat' dir='ltr'><strong>non</strong></span> <span class='ocrx_word' id='word_1_578' title='bbox 2537 2331 2733 2385; x_wconf 87' lang='lat' dir='ltr'><strong>desunt</strong></span> <span class='ocrx_word' id='word_1_579' title='bbox 2757 2335 3001 2402; x_wconf 86' lang='lat' dir='ltr'><strong>exempla</strong></span> <span class='ocrx_word' id='word_1_580' title='bbox 3031 2350 3216 2388; x_wconf 88' lang='lat' dir='ltr'><strong>eorum</strong></span> <span class='ocrx_word' id='word_1_581' title='bbox 3238 2337 3328 2405; x_wconf 90' lang='lat' dir='ltr'><strong>qui</strong></span> <span class='ocrx_word' id='word_1_582' title='bbox 3353 2348 3475 2393; x_wconf 90' lang='lat' dir='ltr'><strong>ante</strong></span> <span class='ocrx_word' id='word_1_583' title='bbox 3497 2339 3568 2394; x_wconf 71' lang='lat'><strong>25</strong></span> <span class='ocrx_word' id='word_1_584' title='bbox 3593 2356 3692 2393; x_wconf 87' lang='lat' dir='ltr'><strong>au-</strong></span> 
     </span>
    </p>
   </div>
   <div class='ocr_carea' id='block_1_80' title="bbox 2113 2424 3694 2500">
    <p class='ocr_par' dir='ltr' id='par_1_80' title="bbox 2113 2424 3694 2500">
     <span class='ocr_line' id='line_1_80' title="bbox 2113 2424 3694 2500; baseline 0.005 -24"><span class='ocrx_word' id='word_1_585' title='bbox 2113 2438 2239 2476; x_wconf 91' lang='lat' dir='ltr'><strong>num</strong></span> <span class='ocrx_word' id='word_1_586' title='bbox 2283 2424 2517 2492; x_wconf 88' lang='lat' dir='ltr'><strong>episcopi</strong></span> <span class='ocrx_word' id='word_1_587' title='bbox 2559 2425 2752 2479; x_wconf 90' lang='lat' dir='ltr'><strong>adlecti</strong></span> <span class='ocrx_word' id='word_1_588' title='bbox 2795 2433 2848 2479; x_wconf 90' lang='lat' dir='ltr'><strong>et</strong></span> <span class='ocrx_word' id='word_1_589' title='bbox 2881 2427 3153 2482; x_wconf 89' lang='lat' dir='ltr'><strong>constituti</strong></span> <span class='ocrx_word' id='word_1_590' title='bbox 3191 2436 3334 2490; x_wconf 89' lang='lat' dir='ltr'><strong>sunt,</strong></span> <span class='ocrx_word' id='word_1_591' title='bbox 3373 2437 3426 2482; x_wconf 92' lang='lat' dir='ltr'><strong>et</strong></span> <span class='ocrx_word' id='word_1_592' title='bbox 3459 2430 3694 2500; x_wconf 90' lang='lat' dir='ltr'><strong>alioquin</strong></span> 
     </span>
    </p>
   </div>
   <div class='ocr_carea' id='block_1_81' title="bbox 2113 2512 3694 2587">
    <p class='ocr_par' dir='ltr' id='par_1_81' title="bbox 2113 2512 3694 2587">
     <span class='ocr_line' id='line_1_81' title="bbox 2113 2512 3694 2587; baseline 0.006 -21"><span class='ocrx_word' id='word_1_593' title='bbox 2113 2512 2228 2581; x_wconf 89' lang='lat' dir='ltr'><strong>ipse</strong></span> <span class='ocrx_word' id='word_1_594' title='bbox 2264 2512 2490 2568; x_wconf 91' lang='lat' dir='ltr'><strong>Basilius</strong></span> <span class='ocrx_word' id='word_1_595' title='bbox 2531 2514 2670 2584; x_wconf 89' lang='lat' dir='ltr'><strong>apud</strong></span> <span class='ocrx_word' id='word_1_596' title='bbox 2711 2514 3152 2587; x_wconf 87' lang='lat' dir='ltr'><strong>Cbrysostomum</strong></span> <span class='ocrx_word' id='word_1_597' title='bbox 3195 2520 3271 2572; x_wconf 92' lang='lat' dir='ltr'><strong>ait</strong></span> <span class='ocrx_word' id='word_1_598' title='bbox 3317 2519 3368 2573; x_wconf 91' lang='lat' dir='ltr'><strong>in</strong></span> <span class='ocrx_word' id='word_1_599' title='bbox 3417 2521 3619 2575; x_wconf 90' lang='lat' dir='ltr'><strong>crimen</strong></span> <span class='ocrx_word' id='word_1_600' title='bbox 3665 2539 3694 2575; x_wconf 90' lang='lat' dir='ltr'><strong>a</strong></span> 
     </span>
    </p>
   </div>
   <div class='ocr_carea' id='block_1_82' title="bbox 2110 2605 3696 2676">
    <p class='ocr_par' dir='ltr' id='par_1_82' title="bbox 2110 2605 3696 2676">
     <span class='ocr_line' id='line_1_82' title="bbox 2110 2605 3696 2676; baseline 0.004 -18"><span class='ocrx_word' id='word_1_601' title='bbox 2110 2605 2380 2658; x_wconf 87' lang='lat' dir='ltr'><strong>nonnullis</strong></span> <span class='ocrx_word' id='word_1_602' title='bbox 2407 2614 2622 2660; x_wconf 88' lang='lat' dir='ltr'><strong>vocatos</strong></span> <span class='ocrx_word' id='word_1_603' title='bbox 2660 2605 2822 2662; x_wconf 89' lang='lat' dir='ltr'><strong>fuisse</strong></span> <span class='ocrx_word' id='word_1_604' title='bbox 2847 2621 2961 2672; x_wconf 90' lang='lat' dir='ltr'><strong>eos,</strong></span> <span class='ocrx_word' id='word_1_605' title='bbox 2989 2608 3077 2676; x_wconf 86' lang='lat' dir='ltr'><strong>qui</strong></span> <span class='ocrx_word' id='word_1_606' title='bbox 3117 2623 3176 2662; x_wconf 89' lang='lat' dir='ltr'><strong>se</strong></span> <span class='ocrx_word' id='word_1_607' title='bbox 3211 2609 3608 2674; x_wconf 80' lang='lat' dir='ltr'><strong>ordinaverunt,</strong></span> <span class='ocrx_word' id='word_1_608' title='bbox 3643 2621 3696 2664; x_wconf 87' lang='lat' dir='ltr'><strong>et</strong></span> 
     </span>
    </p>
   </div>
   <div class='ocr_carea' id='block_1_83' title="bbox 2108 2694 3694 2770">
    <p class='ocr_par' dir='ltr' id='par_1_83' title="bbox 2108 2694 3694 2770">
     <span class='ocr_line' id='line_1_83' title="bbox 2108 2694 3694 2770; baseline 0.003 -21"><span class='ocrx_word' id='word_1_609' title='bbox 2108 2695 2198 2765; x_wconf 92' lang='lat' dir='ltr'><strong>qui</strong></span> <span class='ocrx_word' id='word_1_610' title='bbox 2224 2694 2483 2750; x_wconf 90' lang='lat' dir='ltr'><strong>Joannem</strong></span> <span class='ocrx_word' id='word_1_611' title='bbox 2511 2704 2568 2749; x_wconf 92' lang='lat' dir='ltr'><strong>ut</strong></span> <span class='ocrx_word' id='word_1_612' title='bbox 2594 2697 2905 2766; x_wconf 90' lang='lat' dir='ltr'><strong>episcopum</strong></span> <span class='ocrx_word' id='word_1_613' title='bbox 2928 2708 3307 2752; x_wconf 89' lang='lat' dir='ltr'><strong>consecrarent</strong></span> <span class='ocrx_word' id='word_1_614' title='bbox 3328 2699 3522 2753; x_wconf 89' lang='lat' dir='ltr'><strong>frustra</strong></span> <span class='ocrx_word' id='word_1_615' title='bbox 3555 2717 3694 2770; x_wconf 73' lang='lat' dir='ltr'><strong>qum-</strong></span> 
     </span>
    </p>
   </div>
   <div class='ocr_carea' id='block_1_84' title="bbox 2107 2787 3694 2858">
    <p class='ocr_par' dir='ltr' id='par_1_84' title="bbox 2107 2787 3694 2858">
     <span class='ocr_line' id='line_1_84' title="bbox 2107 2787 3694 2858; baseline 0.003 -18"><span class='ocrx_word' id='word_1_616' title='bbox 2107 2788 2342 2851; x_wconf 88' lang='lat' dir='ltr'><strong>sierant;</strong></span> <span class='ocrx_word' id='word_1_617' title='bbox 2380 2795 2560 2856; x_wconf 90' lang='lat' dir='ltr'><strong>utpote</strong></span> <span class='ocrx_word' id='word_1_618' title='bbox 2585 2787 2674 2858; x_wconf 93' lang='lat' dir='ltr'><strong>qui</strong></span> <span class='ocrx_word' id='word_1_619' title='bbox 2707 2796 2783 2843; x_wconf 94' lang='lat' dir='ltr'><strong>tot</strong></span> <span class='ocrx_word' id='word_1_620' title='bbox 2811 2788 3074 2858; x_wconf 89' lang='lat' dir='ltr'><strong>tantisque</strong></span> <span class='ocrx_word' id='word_1_621' title='bbox 3102 2789 3298 2846; x_wconf 90' lang='lat' dir='ltr'><strong>relictis</strong></span> <span class='ocrx_word' id='word_1_622' title='bbox 3323 2790 3451 2844; x_wconf 90' lang='lat' dir='ltr'><strong>viris</strong></span> <span class='ocrx_word' id='word_1_623' title='bbox 3470 2831 3486 2856; x_wconf 93' lang='lat'><strong>,</strong></span> <span class='ocrx_word' id='word_1_624' title='bbox 3517 2792 3694 2844; x_wconf 86' lang='lat' dir='ltr'><strong>adole-</strong></span> 
     </span>
    </p>
   </div>
   <div class='ocr_carea' id='block_1_85' title="bbox 2106 2875 3692 2941">
    <p class='ocr_par' dir='ltr' id='par_1_85' title="bbox 2106 2875 3692 2941">
     <span class='ocr_line' id='line_1_85' title="bbox 2106 2875 3692 2941; baseline 0.003 -11"><span class='ocrx_word' id='word_1_625' title='bbox 2106 2888 2327 2941; x_wconf 80' lang='lat' dir='ltr'><strong>scentes,</strong></span> <span class='ocrx_word' id='word_1_626' title='bbox 2373 2875 2487 2931; x_wconf 91' lang='lat' dir='ltr'><strong>beri</strong></span> <span class='ocrx_word' id='word_1_627' title='bbox 2529 2892 2593 2931; x_wconf 91' lang='lat' dir='ltr'><strong>ac</strong></span> <span class='ocrx_word' id='word_1_628' title='bbox 2636 2877 3019 2932; x_wconf 89' lang='lat' dir='ltr'><strong>nudiustertius</strong></span> <span class='ocrx_word' id='word_1_629' title='bbox 3059 2879 3113 2932; x_wconf 92' lang='lat' dir='ltr'><strong>in</strong></span> <span class='ocrx_word' id='word_1_630' title='bbox 3156 2879 3502 2935; x_wconf 75' lang='lat' dir='ltr'><strong>saecularibus</strong></span> <span class='ocrx_word' id='word_1_631' title='bbox 3547 2883 3692 2934; x_wconf 74' lang='lat' dir='ltr'><strong>curis</strong></span> 
     </span>
    </p>
   </div>
   <div class='ocr_carea' id='block_1_86' title="bbox 2107 2969 3694 3041">
    <p class='ocr_par' dir='ltr' id='par_1_86' title="bbox 2107 2969 3694 3041">
     <span class='ocr_line' id='line_1_86' title="bbox 2107 2969 3694 3041; baseline 0.003 -20"><span class='ocrx_word' id='word_1_632' title='bbox 2107 2969 2392 3032; x_wconf 84' lang='lat' dir='ltr'><strong>volutatos,</strong></span> <span class='ocrx_word' id='word_1_633' title='bbox 2433 2979 2492 3024; x_wconf 90' lang='lat' dir='ltr'><strong>ut</strong></span> <span class='ocrx_word' id='word_1_634' title='bbox 2528 2969 2595 3023; x_wconf 90' lang='lat' dir='ltr'><strong>ad</strong></span> <span class='ocrx_word' id='word_1_635' title='bbox 2639 2970 2800 3025; x_wconf 83' lang='lat' dir='ltr'><strong>breve</strong></span> <span class='ocrx_word' id='word_1_636' title='bbox 2843 2980 3053 3041; x_wconf 87' lang='lat' dir='ltr'><strong>tempus</strong></span> <span class='ocrx_word' id='word_1_637' title='bbox 3091 2972 3368 3040; x_wconf 86' lang='lat' dir='ltr'><strong>supercilia</strong></span> <span class='ocrx_word' id='word_1_638' title='bbox 3410 2973 3694 3027; x_wconf 71' lang='lat' dir='ltr'><strong>contrahe-</strong></span> 
     </span>
    </p>
   </div>
   <div class='ocr_carea' id='block_1_87' title="bbox 2107 3059 3689 3130">
    <p class='ocr_par' dir='ltr' id='par_1_87' title="bbox 2107 3059 3689 3130">
     <span class='ocr_line' id='line_1_87' title="bbox 2107 3059 3689 3130; baseline 0.004 -18"><span class='ocrx_word' id='word_1_639' title='bbox 2107 3067 2245 3122; x_wconf 89' lang='lat' dir='ltr'><strong>rent,</strong></span> <span class='ocrx_word' id='word_1_640' title='bbox 2271 3059 2440 3128; x_wconf 89' lang='lat' dir='ltr'><strong>pullas</strong></span> <span class='ocrx_word' id='word_1_641' title='bbox 2467 3069 2642 3113; x_wconf 88' lang='lat' dir='ltr'><strong>vestes</strong></span> <span class='ocrx_word' id='word_1_642' title='bbox 2669 3060 2969 3124; x_wconf 89' lang='lat' dir='ltr'><strong>induerent,</strong></span> <span class='ocrx_word' id='word_1_643' title='bbox 3002 3062 3285 3130; x_wconf 88' lang='lat' dir='ltr'><strong>vultusque</strong></span> <span class='ocrx_word' id='word_1_644' title='bbox 3315 3062 3582 3118; x_wconf 79' lang='lat' dir='ltr'><strong>triStitiam</strong></span> <span class='ocrx_word' id='word_1_645' title='bbox 3613 3067 3689 3118; x_wconf 85' lang='lat' dir='ltr'><strong>si-</strong></span> 
     </span>
    </p>
   </div>
   <div class='ocr_carea' id='block_1_88' title="bbox 2107 3151 3687 3220">
    <p class='ocr_par' dir='ltr' id='par_1_88' title="bbox 2107 3151 3687 3220">
     <span class='ocr_line' id='line_1_88' title="bbox 2107 3151 3687 3220; baseline 0.003 -16"><span class='ocrx_word' id='word_1_646' title='bbox 2107 3151 2391 3216; x_wconf 90' lang='lat' dir='ltr'><strong>mularent,</strong></span> <span class='ocrx_word' id='word_1_647' title='bbox 2423 3151 2711 3220; x_wconf 89' lang='lat' dir='ltr'><strong>derepente</strong></span> <span class='ocrx_word' id='word_1_648' title='bbox 2745 3151 2813 3206; x_wconf 91' lang='lat' dir='ltr'><strong>ad</strong></span> <span class='ocrx_word' id='word_1_649' title='bbox 2837 3161 3040 3206; x_wconf 86' lang='lat' dir='ltr'><strong>tantum</strong></span> <span class='ocrx_word' id='word_1_650' title='bbox 3071 3152 3328 3209; x_wconf 87' lang='lat' dir='ltr'><strong>honorem</strong></span> <span class='ocrx_word' id='word_1_651' title='bbox 3350 3153 3687 3220; x_wconf 82' lang='lat' dir='ltr'><strong>adduxerim,</strong></span> 
     </span>
    </p>
   </div>
   <div class='ocr_carea' id='block_1_89' title="bbox 2105 3241 3686 3313">
    <p class='ocr_par' dir='ltr' id='par_1_89' title="bbox 2105 3241 3686 3313">
     <span class='ocr_line' id='line_1_89' title="bbox 2105 3241 3686 3313; baseline 0.004 -20"><span class='ocrx_word' id='word_1_652' title='bbox 2105 3251 2360 3312; x_wconf 87' lang='lat' dir='ltr'><strong>quantum</strong></span> <span class='ocrx_word' id='word_1_653' title='bbox 2390 3257 2456 3295; x_wconf 92' lang='lat' dir='ltr'><strong>ne</strong></span> <span class='ocrx_word' id='word_1_654' title='bbox 2484 3241 2535 3296; x_wconf 91' lang='lat' dir='ltr'><strong>in</strong></span> <span class='ocrx_word' id='word_1_655' title='bbox 2563 3243 2768 3297; x_wconf 89' lang='lat' dir='ltr'><strong>somnis</strong></span> <span class='ocrx_word' id='word_1_656' title='bbox 2795 3242 3006 3312; x_wconf 91' lang='lat' dir='ltr'><strong>quidem</strong></span> <span class='ocrx_word' id='word_1_657' title='bbox 3044 3245 3256 3312; x_wconf 87' lang='lat' dir='ltr'><strong>assequi</strong></span> <span class='ocrx_word' id='word_1_658' title='bbox 3287 3245 3647 3313; x_wconf 83' lang='lat' dir='ltr'><strong>speravissent</strong></span> <span class='ocrx_word' id='word_1_659' title='bbox 3671 3264 3686 3300; x_wconf 76' lang='grc' dir='ltr'>ε</span> 
     </span>
    </p>
   </div>
   <div class='ocr_carea' id='block_1_90' title="bbox 2105 3333 3687 3404">
    <p class='ocr_par' dir='ltr' id='par_1_90' title="bbox 2105 3333 3687 3404">
     <span class='ocr_line' id='line_1_90' title="bbox 2105 3333 3687 3404; baseline 0.006 -21"><span class='ocrx_word' id='word_1_660' title='bbox 2105 3347 2212 3404; x_wconf 84' lang='lat' dir='ltr'><strong>quo</strong></span> <span class='ocrx_word' id='word_1_661' title='bbox 2235 3333 2474 3402; x_wconf 79' lang='lat' dir='ltr'><strong>arguitur</strong></span> <span class='ocrx_word' id='word_1_662' title='bbox 2498 3333 2783 3388; x_wconf 88' lang='lat' dir='ltr'><strong>admodum</strong></span> <span class='ocrx_word' id='word_1_663' title='bbox 2818 3335 3041 3401; x_wconf 77' lang='lat' dir='ltr'><strong>juvenes</strong></span> <span class='ocrx_word' id='word_1_664' title='bbox 3070 3344 3196 3390; x_wconf 89' lang='lat' dir='ltr'><strong>tunc</strong></span> <span class='ocrx_word' id='word_1_665' title='bbox 3237 3335 3400 3392; x_wconf 89' lang='lat' dir='ltr'><strong>fuisse</strong></span> <span class='ocrx_word' id='word_1_666' title='bbox 3427 3335 3687 3393; x_wconf 86' lang='lat' dir='ltr'><strong>Joannem</strong></span> 
     </span>
    </p>
   </div>
   <div class='ocr_carea' id='block_1_91' title="bbox 2103 3426 3044 3496">
    <p class='ocr_par' dir='ltr' id='par_1_91' title="bbox 2103 3426 3044 3496">
     <span class='ocr_line' id='line_1_91' title="bbox 2103 3426 3044 3496; baseline -0.002 -14"><span class='ocrx_word' id='word_1_667' title='bbox 2103 3437 2157 3482; x_wconf 87' lang='lat' dir='ltr'><strong>et</strong></span> <span class='ocrx_word' id='word_1_668' title='bbox 2187 3427 2438 3481; x_wconf 89' lang='lat' dir='ltr'><strong>Basilium</strong></span> <span class='ocrx_word' id='word_1_669' title='bbox 2465 3427 2578 3496; x_wconf 90' lang='lat' dir='ltr'><strong>ejus</strong></span> <span class='ocrx_word' id='word_1_670' title='bbox 2607 3426 3044 3495; x_wconf 89' lang='lat' dir='ltr'><strong>condiscipulum.</strong></span> 
     </span>
    </p>
   </div>
   <div class='ocr_carea' id='block_1_92' title="bbox 2174 3517 3687 3586">
    <p class='ocr_par' dir='ltr' id='par_1_92' title="bbox 2174 3517 3687 3586">
     <span class='ocr_line' id='line_1_92' title="bbox 2174 3517 3687 3586; baseline 0.001 -13"><span class='ocrx_word' id='word_1_671' title='bbox 2174 3517 2262 3573; x_wconf 88' lang='lat' dir='ltr'><strong>Sic</strong></span> <span class='ocrx_word' id='word_1_672' title='bbox 2303 3518 2354 3570; x_wconf 92' lang='lat' dir='ltr'><strong>in</strong></span> <span class='ocrx_word' id='word_1_673' title='bbox 2399 3518 2706 3586; x_wconf 91' lang='lat' dir='ltr'><strong>episcopum</strong></span> <span class='ocrx_word' id='word_1_674' title='bbox 2741 3526 3016 3586; x_wconf 80' lang='lat' dir='ltr'><strong>cooptatus</strong></span> <span class='ocrx_word' id='word_1_675' title='bbox 3045 3517 3273 3572; x_wconf 88' lang='lat' dir='ltr'><strong>Basilius</strong></span> <span class='ocrx_word' id='word_1_676' title='bbox 3302 3520 3480 3574; x_wconf 89' lang='lat' dir='ltr'><strong>statim</strong></span> <span class='ocrx_word' id='word_1_677' title='bbox 3519 3518 3687 3576; x_wconf 80' lang='lat' dir='ltr'><strong>Joan-</strong></span> 
     </span>
    </p>
   </div>
   <div class='ocr_carea' id='block_1_93' title="bbox 2102 3607 3686 3682">
    <p class='ocr_par' dir='ltr' id='par_1_93' title="bbox 2102 3607 3686 3682">
     <span class='ocr_line' id='line_1_93' title="bbox 2102 3607 3686 3682; baseline 0.004 -21"><span class='ocrx_word' id='word_1_678' title='bbox 2102 3624 2224 3662; x_wconf 90' lang='lat' dir='ltr'><strong>nem</strong></span> <span class='ocrx_word' id='word_1_679' title='bbox 2271 3607 2415 3674; x_wconf 88' lang='lat' dir='ltr'><strong>adit,</strong></span> <span class='ocrx_word' id='word_1_680' title='bbox 2465 3617 2519 3662; x_wconf 92' lang='lat' dir='ltr'><strong>et</strong></span> <span class='ocrx_word' id='word_1_681' title='bbox 2560 3609 2793 3678; x_wconf 79' lang='lat' dir='ltr'><strong>graviter</strong></span> <span class='ocrx_word' id='word_1_682' title='bbox 2829 3624 2951 3663; x_wconf 92' lang='lat' dir='ltr'><strong>cum</strong></span> <span class='ocrx_word' id='word_1_683' title='bbox 2995 3609 3090 3664; x_wconf 93' lang='lat' dir='ltr'><strong>illo</strong></span> <span class='ocrx_word' id='word_1_684' title='bbox 3136 3613 3502 3680; x_wconf 89' lang='lat' dir='ltr'><strong>conqueritur,</strong></span> <span class='ocrx_word' id='word_1_685' title='bbox 3543 3613 3686 3682; x_wconf 90' lang='lat' dir='ltr'><strong>quod</strong></span> 
     </span>
    </p>
   </div>
   <div class='ocr_carea' id='block_1_94' title="bbox 2101 3699 3686 3770">
    <p class='ocr_par' dir='ltr' id='par_1_94' title="bbox 2101 3699 3686 3770">
     <span class='ocr_line' id='line_1_94' title="bbox 2101 3699 3686 3770; baseline 0.004 -18"><span class='ocrx_word' id='word_1_686' title='bbox 2101 3699 2288 3754; x_wconf 87' lang='lat' dir='ltr'><strong>fraude</strong></span> <span class='ocrx_word' id='word_1_687' title='bbox 2307 3714 2401 3754; x_wconf 90' lang='lat' dir='ltr'><strong>sua</strong></span> <span class='ocrx_word' id='word_1_688' title='bbox 2425 3699 2491 3753; x_wconf 93' lang='lat' dir='ltr'><strong>ad</strong></span> <span class='ocrx_word' id='word_1_689' title='bbox 2515 3708 2715 3754; x_wconf 89' lang='lat' dir='ltr'><strong>tantum</strong></span> <span class='ocrx_word' id='word_1_690' title='bbox 2740 3716 2876 3754; x_wconf 88' lang='lat' dir='ltr'><strong>onus</strong></span> <span class='ocrx_word' id='word_1_691' title='bbox 2903 3701 3300 3770; x_wconf 90' lang='lat' dir='ltr'><strong>suscipiendum</strong></span> <span class='ocrx_word' id='word_1_692' title='bbox 3328 3712 3544 3758; x_wconf 91' lang='lat' dir='ltr'><strong>coactus</strong></span> <span class='ocrx_word' id='word_1_693' title='bbox 3571 3704 3686 3759; x_wconf 83' lang='lat' dir='ltr'><strong>fue-</strong></span> 
     </span>
    </p>
   </div>
   <div class='ocr_carea' id='block_1_95' title="bbox 2101 3791 3687 3862">
    <p class='ocr_par' dir='ltr' id='par_1_95' title="bbox 2101 3791 3687 3862">
     <span class='ocr_line' id='line_1_95' title="bbox 2101 3791 3687 3862; baseline 0.004 -18"><span class='ocrx_word' id='word_1_694' title='bbox 2101 3792 2172 3845; x_wconf 93' lang='lat' dir='ltr'><strong>rit</strong></span> <span class='ocrx_word' id='word_1_695' title='bbox 2211 3791 2418 3862; x_wconf 84' lang='lat' dir='ltr'><strong>(Chrys.</strong></span> <span class='ocrx_word' id='word_1_696' title='bbox 2456 3791 2519 3845; x_wconf 83' lang='lat' dir='ltr'><strong>de</strong></span> <span class='ocrx_word' id='word_1_697' title='bbox 2548 3791 2763 3846; x_wconf 83' lang='lat' dir='ltr'><strong>Sacerd.</strong></span> <span class='ocrx_word' id='word_1_698' title='bbox 2797 3799 2836 3845; x_wconf 91' lang='lat' dir='ltr'><strong>t.</strong></span> <span class='ocrx_word' id='word_1_699' title='bbox 2868 3796 2919 3847; x_wconf 78' lang='grc' dir='ltr'><strong>ί.</strong></span> <span class='ocrx_word' id='word_1_700' title='bbox 2955 3793 2994 3847; x_wconf 83' lang='grc' dir='ltr'><strong>ι.</strong></span> <span class='ocrx_word' id='word_1_701' title='bbox 3037 3793 3111 3862; x_wconf 86' lang='grc' dir='ltr'><strong>Ι).</strong></span> <span class='ocrx_word' id='word_1_702' title='bbox 3143 3793 3276 3848; x_wconf 90' lang='lat' dir='ltr'><strong>Tum</strong></span> <span class='ocrx_word' id='word_1_703' title='bbox 3318 3794 3584 3860; x_wconf 86' lang='lat' dir='ltr'><strong>Joannes,</strong></span> <span class='ocrx_word' id='word_1_704' title='bbox 3627 3808 3687 3850; x_wconf 88' lang='lat' dir='ltr'><strong>ut</strong></span> 
     </span>
    </p>
   </div>
   <div class='ocr_carea' id='block_1_96' title="bbox 2099 3882 3684 3955">
    <p class='ocr_par' dir='ltr' id='par_1_96' title="bbox 2099 3882 3684 3955">
     <span class='ocr_line' id='line_1_96' title="bbox 2099 3882 3684 3955; baseline 0.003 -20"><span class='ocrx_word' id='word_1_705' title='bbox 2099 3896 2220 3936; x_wconf 90' lang='lat' dir='ltr'><strong>sese</strong></span> <span class='ocrx_word' id='word_1_706' title='bbox 2260 3892 2529 3952; x_wconf 78' lang='lat' dir='ltr'><strong>purgaret,</strong></span> <span class='ocrx_word' id='word_1_707' title='bbox 2561 3882 2756 3938; x_wconf 88' lang='lat' dir='ltr'><strong>fatetur</strong></span> <span class='ocrx_word' id='word_1_708' title='bbox 2791 3898 2976 3938; x_wconf 89' lang='lat' dir='ltr'><strong>revera</strong></span> <span class='ocrx_word' id='word_1_709' title='bbox 3019 3899 3155 3938; x_wconf 84' lang='lat' dir='ltr'><strong>onus</strong></span> <span class='ocrx_word' id='word_1_710' title='bbox 3191 3901 3312 3940; x_wconf 87' lang='lat' dir='ltr'><strong>esse</strong></span> <span class='ocrx_word' id='word_1_711' title='bbox 3344 3886 3566 3955; x_wconf 81' lang='lat' dir='ltr'><strong>grande,</strong></span> <span class='ocrx_word' id='word_1_712' title='bbox 3596 3889 3684 3941; x_wconf 87' lang='lat' dir='ltr'><strong>cui</strong></span> 
     </span>
    </p>
   </div>
   <div class='ocr_carea' id='block_1_97' title="bbox 2101 3973 3684 4048">
    <p class='ocr_par' dir='ltr' id='par_1_97' title="bbox 2101 3973 3684 4048">
     <span class='ocr_line' id='line_1_97' title="bbox 2101 3973 3684 4048; baseline 0.003 -20"><span class='ocrx_word' id='word_1_713' title='bbox 2101 3973 2328 4030; x_wconf 90' lang='lat' dir='ltr'><strong>ferendo</strong></span> <span class='ocrx_word' id='word_1_714' title='bbox 2358 3991 2416 4030; x_wconf 91' lang='lat' dir='ltr'><strong>se</strong></span> <span class='ocrx_word' id='word_1_715' title='bbox 2443 3977 2702 4045; x_wconf 89' lang='lat' dir='ltr'><strong>imparem</strong></span> <span class='ocrx_word' id='word_1_716' title='bbox 2738 3991 2857 4030; x_wconf 90' lang='lat' dir='ltr'><strong>esse</strong></span> <span class='ocrx_word' id='word_1_717' title='bbox 2894 3976 3076 4030; x_wconf 90' lang='lat' dir='ltr'><strong>multis</strong></span> <span class='ocrx_word' id='word_1_718' title='bbox 3105 3976 3173 4031; x_wconf 89' lang='lat' dir='ltr'><strong>de</strong></span> <span class='ocrx_word' id='word_1_719' title='bbox 3196 3977 3394 4042; x_wconf 91' lang='lat' dir='ltr'><strong>causis,</strong></span> <span class='ocrx_word' id='word_1_720' title='bbox 3422 3993 3554 4048; x_wconf 87' lang='lat' dir='ltr'><strong>quas</strong></span> <span class='ocrx_word' id='word_1_721' title='bbox 3580 3979 3684 4032; x_wconf 85' lang='lat' dir='ltr'><strong>ibi-</strong></span> 
     </span>
    </p>
   </div>
   <div class='ocr_carea' id='block_1_98' title="bbox 2101 4067 3687 4142">
    <p class='ocr_par' dir='ltr' id='par_1_98' title="bbox 2101 4067 3687 4142">
     <span class='ocr_line' id='line_1_98' title="bbox 2101 4067 3687 4142; baseline 0.002 -19"><span class='ocrx_word' id='word_1_722' title='bbox 2101 4067 2224 4123; x_wconf 91' lang='lat' dir='ltr'><strong>dem</strong></span> <span class='ocrx_word' id='word_1_723' title='bbox 2259 4068 2480 4139; x_wconf 85' lang='lat' dir='ltr'><strong>profert,</strong></span> <span class='ocrx_word' id='word_1_724' title='bbox 2515 4070 2736 4139; x_wconf 91' lang='lat' dir='ltr'><strong>probare</strong></span> <span class='ocrx_word' id='word_1_725' title='bbox 2773 4069 2987 4135; x_wconf 86' lang='lat' dir='ltr'><strong>nititur;</strong></span> <span class='ocrx_word' id='word_1_726' title='bbox 3029 4069 3123 4124; x_wconf 89' lang='lat' dir='ltr'><strong>sed</strong></span> <span class='ocrx_word' id='word_1_727' title='bbox 3152 4081 3578 4142; x_wconf 87' lang='lat' dir='ltr'><strong>quantacumque</strong></span> <span class='ocrx_word' id='word_1_728' title='bbox 3616 4073 3687 4127; x_wconf 91' lang='lat' dir='ltr'><strong>sit</strong></span> 
     </span>
    </p>
   </div>
   <div class='ocr_carea' id='block_1_99' title="bbox 2102 4161 3682 4235">
    <p class='ocr_par' dir='ltr' id='par_1_99' title="bbox 2102 4161 3682 4235">
     <span class='ocr_line' id='line_1_99' title="bbox 2102 4161 3682 4235; baseline 0.001 -17"><span class='ocrx_word' id='word_1_729' title='bbox 2102 4164 2440 4234; x_wconf 83' lang='lat' dir='ltr'><strong>episcOpatus</strong></span> <span class='ocrx_word' id='word_1_730' title='bbox 2471 4173 2612 4218; x_wconf 91' lang='lat' dir='ltr'><strong>recte</strong></span> <span class='ocrx_word' id='word_1_731' title='bbox 2639 4164 2856 4234; x_wconf 75' lang='lat' dir='ltr'><strong>gerendi</strong></span> <span class='ocrx_word' id='word_1_732' title='bbox 2887 4161 3191 4227; x_wconf 82' lang='lat' dir='ltr'><strong>difficultas,</strong></span> <span class='ocrx_word' id='word_1_733' title='bbox 3224 4174 3474 4235; x_wconf 90' lang='lat' dir='ltr'><strong>oportere</strong></span> <span class='ocrx_word' id='word_1_734' title='bbox 3503 4175 3682 4220; x_wconf 88' lang='lat' dir='ltr'><strong>tamen</strong></span> 
     </span>
    </p>
   </div>
   <div class='ocr_carea' id='block_1_100' title="bbox 2102 4254 3684 4326">
    <p class='ocr_par' dir='ltr' id='par_1_100' title="bbox 2102 4254 3684 4326">
     <span class='ocr_line' id='line_1_100' title="bbox 2102 4254 3684 4326; baseline 0.003 -19"><span class='ocrx_word' id='word_1_735' title='bbox 2102 4257 2244 4311; x_wconf 90' lang='lat' dir='ltr'><strong>viros</strong></span> <span class='ocrx_word' id='word_1_736' title='bbox 2273 4257 2416 4326; x_wconf 87' lang='lat' dir='ltr'><strong>eligi,</strong></span> <span class='ocrx_word' id='word_1_737' title='bbox 2447 4256 2538 4326; x_wconf 91' lang='lat' dir='ltr'><strong>qui</strong></span> <span class='ocrx_word' id='word_1_738' title='bbox 2575 4254 2628 4310; x_wconf 91' lang='lat' dir='ltr'><strong>id</strong></span> <span class='ocrx_word' id='word_1_739' title='bbox 2665 4257 2900 4310; x_wconf 90' lang='lat' dir='ltr'><strong>muneris</strong></span> <span class='ocrx_word' id='word_1_740' title='bbox 2937 4255 3302 4324; x_wconf 82' lang='lat' dir='ltr'><strong>susciperent,</strong></span> <span class='ocrx_word' id='word_1_741' title='bbox 3337 4271 3566 4326; x_wconf 86' lang='lat' dir='ltr'><strong>cumque</strong></span> <span class='ocrx_word' id='word_1_742' title='bbox 3595 4257 3684 4311; x_wconf 85' lang='lat' dir='ltr'><strong>ille</strong></span> 
     </span>
    </p>
   </div>
   <div class='ocr_carea' id='block_1_101' title="bbox 2102 4345 3684 4415">
    <p class='ocr_par' dir='ltr' id='par_1_101' title="bbox 2102 4345 3684 4415">
     <span class='ocr_line' id='line_1_101' title="bbox 2102 4345 3684 4415; baseline -0.001 -13"><span class='ocrx_word' id='word_1_743' title='bbox 2102 4348 2356 4402; x_wconf 78' lang='lat' dir='ltr'><strong>Basiliam</strong></span> <span class='ocrx_word' id='word_1_744' title='bbox 2385 4346 2509 4402; x_wconf 94' lang='lat' dir='ltr'><strong>huic</strong></span> <span class='ocrx_word' id='word_1_745' title='bbox 2547 4345 2857 4401; x_wconf 66' lang='lat' dir='ltr'><strong>exercendae</strong></span> <span class='ocrx_word' id='word_1_746' title='bbox 2884 4345 3126 4415; x_wconf 88' lang='lat' dir='ltr'><strong>dignitati</strong></span> <span class='ocrx_word' id='word_1_747' title='bbox 3165 4346 3395 4400; x_wconf 82' lang='lat' dir='ltr'><strong>maxime</strong></span> <span class='ocrx_word' id='word_1_748' title='bbox 3432 4346 3684 4401; x_wconf 89' lang='lat' dir='ltr'><strong>idoneum</strong></span> 
     </span>
    </p>
   </div>
   <div class='ocr_carea' id='block_1_102' title="bbox 2099 4435 3678 4505">
    <p class='ocr_par' dir='ltr' id='par_1_102' title="bbox 2099 4435 3678 4505">
     <span class='ocr_line' id='line_1_102' title="bbox 2099 4435 3678 4505; baseline -0.003 -13"><span class='ocrx_word' id='word_1_749' title='bbox 2099 4439 2469 4502; x_wconf 89' lang='lat' dir='ltr'><strong>arbitraretur,</strong></span> <span class='ocrx_word' id='word_1_750' title='bbox 2496 4438 2628 4491; x_wconf 88' lang='lat' dir='ltr'><strong>nihil</strong></span> <span class='ocrx_word' id='word_1_751' title='bbox 2654 4437 2871 4500; x_wconf 90' lang='lat' dir='ltr'><strong>mirum,</strong></span> <span class='ocrx_word' id='word_1_752' title='bbox 2897 4436 2942 4490; x_wconf 89' lang='lat' dir='ltr'><strong>si</strong></span> <span class='ocrx_word' id='word_1_753' title='bbox 2966 4437 3032 4490; x_wconf 90' lang='lat' dir='ltr'><strong>ad</strong></span> <span class='ocrx_word' id='word_1_754' title='bbox 3053 4435 3104 4489; x_wconf 90' lang='lat' dir='ltr'><strong>id</strong></span> <span class='ocrx_word' id='word_1_755' title='bbox 3127 4436 3292 4490; x_wconf 65' lang='lat' dir='ltr'><strong>ofﬁcii</strong></span> <span class='ocrx_word' id='word_1_756' title='bbox 3310 4437 3482 4504; x_wconf 74' lang='lat' dir='ltr'><strong>ipsum</strong></span> <span class='ocrx_word' id='word_1_757' title='bbox 3499 4436 3678 4505; x_wconf 82' lang='lat' dir='ltr'><strong>deligi,</strong></span> 
     </span>
    </p>
   </div>
   <div class='ocr_carea' id='block_1_103' title="bbox 2099 4525 3681 4601">
    <p class='ocr_par' dir='ltr' id='par_1_103' title="bbox 2099 4525 3681 4601">
     <span class='ocr_line' id='line_1_103' title="bbox 2099 4525 3681 4601; baseline -0.003 -17"><span class='ocrx_word' id='word_1_758' title='bbox 2099 4540 2352 4601; x_wconf 85' lang='lat' dir='ltr'><strong>quantum</strong></span> <span class='ocrx_word' id='word_1_759' title='bbox 2386 4527 2465 4584; x_wconf 89' lang='lat' dir='ltr'><strong>fas</strong></span> <span class='ocrx_word' id='word_1_760' title='bbox 2501 4527 2604 4581; x_wconf 91' lang='lat' dir='ltr'><strong>sibi</strong></span> <span class='ocrx_word' id='word_1_761' title='bbox 2631 4534 2780 4593; x_wconf 89' lang='lat' dir='ltr'><strong>erat,</strong></span> <span class='ocrx_word' id='word_1_762' title='bbox 2819 4525 3103 4580; x_wconf 84' lang='lat' dir='ltr'><strong>curaverit.</strong></span> <span class='ocrx_word' id='word_1_763' title='bbox 3136 4525 3308 4579; x_wconf 85' lang='lat' dir='ltr'><strong>Totus</strong></span> <span class='ocrx_word' id='word_1_764' title='bbox 3332 4540 3462 4580; x_wconf 86' lang='lat' dir='ltr'><strong>vero</strong></span> <span class='ocrx_word' id='word_1_765' title='bbox 3485 4526 3681 4593; x_wconf 82' lang='lat' dir='ltr'><strong>dialogi</strong></span> 
     </span>
    </p>
   </div>
   <div class='ocr_carea' id='block_1_104' title="bbox 2099 4615 3677 4685">
    <p class='ocr_par' dir='ltr' id='par_1_104' title="bbox 2099 4615 3677 4685">
     <span class='ocr_line' id='line_1_104' title="bbox 2099 4615 3677 4685; baseline -0.004 -9"><span class='ocrx_word' id='word_1_766' title='bbox 2099 4636 2249 4676; x_wconf 91' lang='lat' dir='ltr'><strong>more</strong></span> <span class='ocrx_word' id='word_1_767' title='bbox 2277 4634 2456 4676; x_wconf 88' lang='lat' dir='ltr'><strong>sermo</strong></span> <span class='ocrx_word' id='word_1_768' title='bbox 2481 4618 2803 4684; x_wconf 83' lang='lat' dir='ltr'><strong>contexitur,</strong></span> <span class='ocrx_word' id='word_1_769' title='bbox 2835 4617 2924 4672; x_wconf 90' lang='lat' dir='ltr'><strong>ubi</strong></span> <span class='ocrx_word' id='word_1_770' title='bbox 2963 4626 3068 4670; x_wconf 88' lang='lat' dir='ltr'><strong>tam</strong></span> <span class='ocrx_word' id='word_1_771' title='bbox 3098 4617 3351 4685; x_wconf 85' lang='lat' dir='ltr'><strong>praeclare</strong></span> <span class='ocrx_word' id='word_1_772' title='bbox 3388 4615 3458 4670; x_wconf 89' lang='lat' dir='ltr'><strong>de</strong></span> <span class='ocrx_word' id='word_1_773' title='bbox 3493 4630 3677 4670; x_wconf 87' lang='lat' dir='ltr'><strong>sacer-</strong></span> 
     </span>
    </p>
   </div>
   <div class='ocr_carea' id='block_1_105' title="bbox 2098 4706 3677 4782">
    <p class='ocr_par' dir='ltr' id='par_1_105' title="bbox 2098 4706 3677 4782">
     <span class='ocr_line' id='line_1_105' title="bbox 2098 4706 3677 4782; baseline -0.004 -16"><span class='ocrx_word' id='word_1_774' title='bbox 2098 4711 2282 4768; x_wconf 91' lang='lat' dir='ltr'><strong>dotum</strong></span> <span class='ocrx_word' id='word_1_775' title='bbox 2308 4710 2583 4782; x_wconf 83' lang='lat' dir='ltr'><strong>dignitate,</strong></span> <span class='ocrx_word' id='word_1_776' title='bbox 2613 4709 2808 4775; x_wconf 87' lang='lat' dir='ltr'><strong>ofﬁcio,</strong></span> <span class='ocrx_word' id='word_1_777' title='bbox 2839 4708 3147 4763; x_wconf 90' lang='lat' dir='ltr'><strong>muneribus</strong></span> <span class='ocrx_word' id='word_1_778' title='bbox 3175 4707 3420 4762; x_wconf 89' lang='lat' dir='ltr'><strong>edisserit</strong></span> <span class='ocrx_word' id='word_1_779' title='bbox 3443 4706 3677 4777; x_wconf 85' lang='lat' dir='ltr'><strong>Chryso-</strong></span> 
     </span>
    </p>
   </div>
   <div class='ocr_carea' id='block_1_106' title="bbox 2100 4798 3682 4873">
    <p class='ocr_par' dir='ltr' id='par_1_106' title="bbox 2100 4798 3682 4873">
     <span class='ocr_line' id='line_1_106' title="bbox 2100 4798 3682 4873; baseline -0.004 -14"><span class='ocrx_word' id='word_1_780' title='bbox 2100 4815 2343 4870; x_wconf 89' lang='lat' dir='ltr'><strong>stomus,</strong></span> <span class='ocrx_word' id='word_1_781' title='bbox 2371 4814 2430 4858; x_wconf 90' lang='lat' dir='ltr'><strong>ut</strong></span> <span class='ocrx_word' id='word_1_782' title='bbox 2473 4804 2558 4858; x_wconf 87' lang='lat' dir='ltr'><strong>vix</strong></span> <span class='ocrx_word' id='word_1_783' title='bbox 2600 4817 2780 4873; x_wconf 87' lang='lat' dir='ltr'><strong>parem</strong></span> <span class='ocrx_word' id='word_1_784' title='bbox 2827 4801 2923 4857; x_wconf 89' lang='lat' dir='ltr'><strong>hac</strong></span> <span class='ocrx_word' id='word_1_785' title='bbox 2953 4801 3020 4857; x_wconf 90' lang='lat' dir='ltr'><strong>de</strong></span> <span class='ocrx_word' id='word_1_786' title='bbox 3060 4815 3119 4856; x_wconf 88' lang='lat' dir='ltr'><strong>re</strong></span> <span class='ocrx_word' id='word_1_787' title='bbox 3148 4813 3452 4854; x_wconf 88' lang='lat' dir='ltr'><strong>sermonem</strong></span> <span class='ocrx_word' id='word_1_788' title='bbox 3489 4798 3682 4853; x_wconf 88' lang='lat' dir='ltr'><strong>alicubi</strong></span> 
     </span>
    </p>
   </div>
   <div class='ocr_carea' id='block_1_107' title="bbox 2100 4897 2359 4967">
    <p class='ocr_par' dir='ltr' id='par_1_107' title="bbox 2100 4897 2359 4967">
     <span class='ocr_line' id='line_1_107' title="bbox 2100 4897 2359 4967; baseline -0.015 -16"><span class='ocrx_word' id='word_1_789' title='bbox 2100 4897 2359 4967; x_wconf 84' lang='lat' dir='ltr'><strong>reperias.</strong></span> 
     </span>
    </p>
   </div>
   <div class='ocr_carea' id='block_1_108' title="bbox 2173 4979 3684 5055">
    <p class='ocr_par' dir='ltr' id='par_1_108' title="bbox 2173 4979 3684 5055">
     <span class='ocr_line' id='line_1_108' title="bbox 2173 4979 3684 5055; baseline -0.005 -13"><span class='ocrx_word' id='word_1_790' title='bbox 2173 4989 2325 5042; x_wconf 83' lang='lat' dir='ltr'><strong>Circa</strong></span> <span class='ocrx_word' id='word_1_791' title='bbox 2354 4996 2584 5055; x_wconf 90' lang='lat' dir='ltr'><strong>tempus,</strong></span> <span class='ocrx_word' id='word_1_792' title='bbox 2613 4999 2718 5053; x_wconf 91' lang='lat' dir='ltr'><strong>quo</strong></span> <span class='ocrx_word' id='word_1_793' title='bbox 2741 4984 2840 5037; x_wconf 90' lang='lat' dir='ltr'><strong>bos</strong></span> <span class='ocrx_word' id='word_1_794' title='bbox 2872 4996 3147 5037; x_wconf 86' lang='lat' dir='ltr'><strong>sermones</strong></span> <span class='ocrx_word' id='word_1_795' title='bbox 3171 4979 3338 5036; x_wconf 91' lang='lat' dir='ltr'><strong>edidit</strong></span> <span class='ocrx_word' id='word_1_796' title='bbox 3362 4980 3684 5052; x_wconf 87' lang='lat' dir='ltr'><strong>Chrysosto-</strong></span> 
     </span>
    </p>
   </div>
   <div class='ocr_carea' id='block_1_109' title="bbox 2103 5076 3684 5146">
    <p class='ocr_par' dir='ltr' id='par_1_109' title="bbox 2103 5076 3684 5146">
     <span class='ocr_line' id='line_1_109' title="bbox 2103 5076 3684 5146; baseline -0.007 -11"><span class='ocrx_word' id='word_1_797' title='bbox 2103 5096 2243 5146; x_wconf 91' lang='lat' dir='ltr'><strong>mus,</strong></span> <span class='ocrx_word' id='word_1_798' title='bbox 2287 5094 2393 5134; x_wconf 91' lang='lat' dir='ltr'><strong>non</strong></span> <span class='ocrx_word' id='word_1_799' title='bbox 2438 5094 2536 5132; x_wconf 90' lang='lat' dir='ltr'><strong>una</strong></span> <span class='ocrx_word' id='word_1_800' title='bbox 2575 5085 2657 5130; x_wconf 91' lang='lat' dir='ltr'><strong>est</strong></span> <span class='ocrx_word' id='word_1_801' title='bbox 2697 5077 3014 5146; x_wconf 87' lang='lat' dir='ltr'><strong>scriptorum</strong></span> <span class='ocrx_word' id='word_1_802' title='bbox 3055 5076 3337 5139; x_wconf 87' lang='lat' dir='ltr'><strong>sententia,</strong></span> <span class='ocrx_word' id='word_1_803' title='bbox 3378 5087 3549 5141; x_wconf 89' lang='lat' dir='ltr'><strong>neque</strong></span> <span class='ocrx_word' id='word_1_804' title='bbox 3591 5089 3684 5126; x_wconf 68' lang='lat' dir='ltr'><strong>au.</strong></span> 
     </span>
    </p>
   </div>
   <div class='ocr_carea' id='block_1_110' title="bbox 2102 5164 3683 5238">
    <p class='ocr_par' dir='ltr' id='par_1_110' title="bbox 2102 5164 3683 5238">
     <span class='ocr_line' id='line_1_110' title="bbox 2102 5164 3683 5238; baseline -0.006 -12"><span class='ocrx_word' id='word_1_805' title='bbox 2102 5171 2284 5226; x_wconf 89' lang='lat' dir='ltr'><strong>diendi</strong></span> <span class='ocrx_word' id='word_1_806' title='bbox 2308 5177 2431 5225; x_wconf 89' lang='lat' dir='ltr'><strong>sunt</strong></span> <span class='ocrx_word' id='word_1_807' title='bbox 2456 5168 2542 5238; x_wconf 90' lang='lat' dir='ltr'><strong>qui</strong></span> <span class='ocrx_word' id='word_1_808' title='bbox 2565 5167 2752 5221; x_wconf 84' lang='lat' dir='ltr'><strong>volunt</strong></span> <span class='ocrx_word' id='word_1_809' title='bbox 2775 5183 2840 5222; x_wconf 89' lang='lat' dir='ltr'><strong>eo</strong></span> <span class='ocrx_word' id='word_1_810' title='bbox 2866 5169 2981 5237; x_wconf 91' lang='lat' dir='ltr'><strong>ipso</strong></span> <span class='ocrx_word' id='word_1_811' title='bbox 3000 5167 3191 5236; x_wconf 87' lang='lat' dir='ltr'><strong>dialogi</strong></span> <span class='ocrx_word' id='word_1_812' title='bbox 3212 5181 3333 5220; x_wconf 92' lang='lat' dir='ltr'><strong>cum</strong></span> <span class='ocrx_word' id='word_1_813' title='bbox 3361 5164 3555 5219; x_wconf 88' lang='lat' dir='ltr'><strong>Basilio</strong></span> <span class='ocrx_word' id='word_1_814' title='bbox 3583 5164 3683 5218; x_wconf 83' lang='lat' dir='ltr'><strong>ha-</strong></span> 
     </span>
    </p>
   </div>
   <div class='ocr_carea' id='block_1_111' title="bbox 2103 5256 3682 5331">
    <p class='ocr_par' dir='ltr' id='par_1_111' title="bbox 2103 5256 3682 5331">
     <span class='ocr_line' id='line_1_111' title="bbox 2103 5256 3682 5331; baseline -0.004 -13"><span class='ocrx_word' id='word_1_815' title='bbox 2103 5264 2196 5319; x_wconf 87' lang='lat' dir='ltr'><strong>biti</strong></span> <span class='ocrx_word' id='word_1_816' title='bbox 2215 5272 2470 5331; x_wconf 90' lang='lat' dir='ltr'><strong>tempore,</strong></span> <span class='ocrx_word' id='word_1_817' title='bbox 2491 5258 2654 5315; x_wconf 90' lang='lat' dir='ltr'><strong>hosce</strong></span> <span class='ocrx_word' id='word_1_818' title='bbox 2677 5258 2840 5314; x_wconf 88' lang='lat' dir='ltr'><strong>libros</strong></span> <span class='ocrx_word' id='word_1_819' title='bbox 2860 5268 2918 5313; x_wconf 91' lang='lat' dir='ltr'><strong>ut</strong></span> <span class='ocrx_word' id='word_1_820' title='bbox 2939 5275 3075 5313; x_wconf 87' lang='lat' dir='ltr'><strong>nunc</strong></span> <span class='ocrx_word' id='word_1_821' title='bbox 3097 5259 3381 5324; x_wconf 87' lang='lat' dir='ltr'><strong>habentur,</strong></span> <span class='ocrx_word' id='word_1_822' title='bbox 3401 5256 3682 5325; x_wconf 82' lang='lat' dir='ltr'><strong>scripsisse</strong></span> 
     </span>
    </p>
   </div>
   <div class='ocr_carea' id='block_1_112' title="bbox 2103 5348 3682 5420">
    <p class='ocr_par' dir='ltr' id='par_1_112' title="bbox 2103 5348 3682 5420">
     <span class='ocr_line' id='line_1_112' title="bbox 2103 5348 3682 5420; baseline -0.005 -12"><span class='ocrx_word' id='word_1_823' title='bbox 2103 5354 2381 5409; x_wconf 90' lang='lat' dir='ltr'><strong>Joannem.</strong></span> <span class='ocrx_word' id='word_1_824' title='bbox 2411 5349 2540 5405; x_wconf 83' lang='lat' dir='ltr'><strong>Nam</strong></span> <span class='ocrx_word' id='word_1_825' title='bbox 2579 5351 2664 5405; x_wconf 92' lang='lat' dir='ltr'><strong>vel</strong></span> <span class='ocrx_word' id='word_1_826' title='bbox 2701 5351 2813 5420; x_wconf 85' lang='lat' dir='ltr'><strong>ipsa</strong></span> <span class='ocrx_word' id='word_1_827' title='bbox 2846 5350 3088 5405; x_wconf 88' lang='lat' dir='ltr'><strong>ordiendi</strong></span> <span class='ocrx_word' id='word_1_828' title='bbox 3129 5351 3268 5405; x_wconf 89' lang='lat' dir='ltr'><strong>ratio</strong></span> <span class='ocrx_word' id='word_1_829' title='bbox 3307 5348 3516 5418; x_wconf 87' lang='lat' dir='ltr'><strong>aliquod</strong></span> <span class='ocrx_word' id='word_1_830' title='bbox 3571 5349 3682 5402; x_wconf 84' lang='lat' dir='ltr'><strong>ela-</strong></span> 
     </span>
    </p>
   </div>
   <div class='ocr_carea' id='block_1_113' title="bbox 2104 5438 3678 5515">
    <p class='ocr_par' dir='ltr' id='par_1_113' title="bbox 2104 5438 3678 5515">
     <span class='ocr_line' id='line_1_113' title="bbox 2104 5438 3678 5515; baseline -0.005 -15"><span class='ocrx_word' id='word_1_831' title='bbox 2104 5460 2257 5515; x_wconf 90' lang='lat' dir='ltr'><strong>psum</strong></span> <span class='ocrx_word' id='word_1_832' title='bbox 2286 5453 2494 5512; x_wconf 91' lang='lat' dir='ltr'><strong>tempus</strong></span> <span class='ocrx_word' id='word_1_833' title='bbox 2514 5441 2832 5508; x_wconf 90' lang='lat' dir='ltr'><strong>subindicat,</strong></span> <span class='ocrx_word' id='word_1_834' title='bbox 2852 5449 2907 5496; x_wconf 92' lang='lat' dir='ltr'><strong>et</strong></span> <span class='ocrx_word' id='word_1_835' title='bbox 2931 5441 3098 5496; x_wconf 91' lang='lat' dir='ltr'><strong>series</strong></span> <span class='ocrx_word' id='word_1_836' title='bbox 3119 5450 3226 5494; x_wconf 89' lang='lat' dir='ltr'><strong>tota</strong></span> <span class='ocrx_word' id='word_1_837' title='bbox 3242 5456 3354 5494; x_wconf 89' lang='lat' dir='ltr'><strong>rem</strong></span> <span class='ocrx_word' id='word_1_838' title='bbox 3371 5438 3678 5494; x_wconf 90' lang='lat' dir='ltr'><strong>meditatam</strong></span> 
     </span>
    </p>
   </div>
   <div class='ocr_carea' id='block_1_114' title="bbox 2104 5530 3682 5601">
    <p class='ocr_par' dir='ltr' id='par_1_114' title="bbox 2104 5530 3682 5601">
     <span class='ocr_line' id='line_1_114' title="bbox 2104 5530 3682 5601; baseline -0.006 -10"><span class='ocrx_word' id='word_1_839' title='bbox 2104 5547 2158 5592; x_wconf 90' lang='lat' dir='ltr'><strong>et</strong></span> <span class='ocrx_word' id='word_1_840' title='bbox 2179 5537 2232 5590; x_wconf 92' lang='lat' dir='ltr'><strong>in</strong></span> <span class='ocrx_word' id='word_1_841' title='bbox 2258 5535 2368 5590; x_wconf 90' lang='lat' dir='ltr'><strong>otio</strong></span> <span class='ocrx_word' id='word_1_842' title='bbox 2396 5533 2707 5588; x_wconf 88' lang='lat' dir='ltr'><strong>adornatam</strong></span> <span class='ocrx_word' id='word_1_843' title='bbox 2735 5547 2843 5601; x_wconf 76' lang='lat' dir='ltr'><strong>prze</strong></span> <span class='ocrx_word' id='word_1_844' title='bbox 2881 5546 2941 5586; x_wconf 91' lang='lat' dir='ltr'><strong>se</strong></span> <span class='ocrx_word' id='word_1_845' title='bbox 2968 5531 3086 5585; x_wconf 87' lang='lat' dir='ltr'><strong>fert.</strong></span> <span class='ocrx_word' id='word_1_846' title='bbox 3118 5531 3208 5584; x_wconf 85' lang='lat' dir='ltr'><strong>Ait</strong></span> <span class='ocrx_word' id='word_1_847' title='bbox 3244 5530 3494 5585; x_wconf 89' lang='lat' dir='ltr'><strong>Socrates</strong></span> <span class='ocrx_word' id='word_1_848' title='bbox 3522 5530 3682 5585; x_wconf 81' lang='lat' dir='ltr'><strong>Joan-</strong></span> 
     </span>
    </p>
   </div>
   <div class='ocr_carea' id='block_1_115' title="bbox 2105 5622 3682 5694">
    <p class='ocr_par' dir='ltr' id='par_1_115' title="bbox 2105 5622 3682 5694">
     <span class='ocr_line' id='line_1_115' title="bbox 2105 5622 3682 5694; baseline -0.004 -12"><span class='ocrx_word' id='word_1_849' title='bbox 2105 5643 2248 5694; x_wconf 87' lang='lat' dir='ltr'><strong>nem,</strong></span> <span class='ocrx_word' id='word_1_850' title='bbox 2294 5641 2414 5682; x_wconf 90' lang='lat' dir='ltr'><strong>cum</strong></span> <span class='ocrx_word' id='word_1_851' title='bbox 2459 5625 2713 5679; x_wconf 89' lang='lat' dir='ltr'><strong>diaconus</strong></span> <span class='ocrx_word' id='word_1_852' title='bbox 2756 5633 2916 5687; x_wconf 90' lang='lat' dir='ltr'><strong>esset,</strong></span> <span class='ocrx_word' id='word_1_853' title='bbox 2960 5636 3150 5691; x_wconf 87' lang='lat' dir='ltr'><strong>nempe</strong></span> <span class='ocrx_word' id='word_1_854' title='bbox 3187 5622 3255 5677; x_wconf 90' lang='lat' dir='ltr'><strong>ab</strong></span> <span class='ocrx_word' id='word_1_855' title='bbox 3295 5638 3437 5678; x_wconf 90' lang='lat' dir='ltr'><strong>anno</strong></span> <span class='ocrx_word' id='word_1_856' title='bbox 3474 5622 3573 5678; x_wconf 75' lang='grc'><strong>581</strong></span> <span class='ocrx_word' id='word_1_857' title='bbox 3616 5623 3682 5676; x_wconf 85' lang='lat' dir='ltr'><strong>ad</strong></span> 
     </span>
    </p>
   </div>
   <div class='ocr_carea' id='block_1_116' title="bbox 2106 5713 3683 5787">
    <p class='ocr_par' dir='ltr' id='par_1_116' title="bbox 2106 5713 3683 5787">
     <span class='ocr_line' id='line_1_116' title="bbox 2106 5713 3683 5787; baseline -0.004 -14"><span class='ocrx_word' id='word_1_858' title='bbox 2106 5735 2302 5776; x_wconf 90' lang='lat' dir='ltr'><strong>annum</strong></span> <span class='ocrx_word' id='word_1_859' title='bbox 2327 5717 2450 5784; x_wconf 78' lang='lat'><strong>386,</strong></span> <span class='ocrx_word' id='word_1_860' title='bbox 2477 5733 2585 5787; x_wconf 93' lang='lat' dir='ltr'><strong>quo</strong></span> <span class='ocrx_word' id='word_1_861' title='bbox 2615 5716 2891 5787; x_wconf 86' lang='lat' dir='ltr'><strong>presbyter</strong></span> <span class='ocrx_word' id='word_1_862' title='bbox 2931 5715 3210 5769; x_wconf 91' lang='lat' dir='ltr'><strong>ordinatus</strong></span> <span class='ocrx_word' id='word_1_863' title='bbox 3251 5713 3380 5779; x_wconf 88' lang='lat' dir='ltr'><strong>fuit,</strong></span> <span class='ocrx_word' id='word_1_864' title='bbox 3415 5714 3579 5767; x_wconf 89' lang='lat' dir='ltr'><strong>libros</strong></span> <span class='ocrx_word' id='word_1_865' title='bbox 3615 5713 3683 5767; x_wconf 87' lang='lat' dir='ltr'><strong>de</strong></span> 
     </span>
    </p>
   </div>
   <div class='ocr_carea' id='block_1_117' title="bbox 2106 5803 3685 5879">
    <p class='ocr_par' dir='ltr' id='par_1_117' title="bbox 2106 5803 3685 5879">
     <span class='ocr_line' id='line_1_117' title="bbox 2106 5803 3685 5879; baseline -0.006 -11"><span class='ocrx_word' id='word_1_866' title='bbox 2106 5811 2414 5869; x_wconf 90' lang='lat' dir='ltr'><strong>Sacerdotio</strong></span> <span class='ocrx_word' id='word_1_867' title='bbox 2441 5808 2669 5865; x_wconf 90' lang='lat' dir='ltr'><strong>edidisse</strong></span> <span class='ocrx_word' id='word_1_868' title='bbox 2696 5807 2866 5879; x_wconf 88' lang='lat' dir='ltr'><strong>(Socr.</strong></span> <span class='ocrx_word' id='word_1_869' title='bbox 2897 5804 2938 5858; x_wconf 88' lang='lat' dir='ltr'><strong>l.</strong></span> <span class='ocrx_word' id='word_1_870' title='bbox 2970 5805 3023 5859; x_wconf 88' lang='lat'><strong>6.</strong></span> <span class='ocrx_word' id='word_1_871' title='bbox 3064 5822 3110 5859; x_wconf 90' lang='lat' dir='ltr'><strong>c.</strong></span> <span class='ocrx_word' id='word_1_872' title='bbox 3139 5804 3218 5878; x_wconf 78' lang='lat'><strong>3).</strong></span> <span class='ocrx_word' id='word_1_873' title='bbox 3253 5803 3517 5860; x_wconf 84' lang='lat' dir='ltr'><strong>Palladius</strong></span> <span class='ocrx_word' id='word_1_874' title='bbox 3557 5820 3685 5859; x_wconf 81' lang='lat' dir='ltr'><strong>vero</strong></span> 
     </span>
    </p>
   </div>
   <div class='ocr_carea' id='block_1_118' title="bbox 2107 5897 3686 5971">
    <p class='ocr_par' dir='ltr' id='par_1_118' title="bbox 2107 5897 3686 5971">
     <span class='ocr_line' id='line_1_118' title="bbox 2107 5897 3686 5971; baseline -0.005 -9"><span class='ocrx_word' id='word_1_875' title='bbox 2107 5905 2395 5966; x_wconf 86' lang='lat' dir='ltr'><strong>secundum</strong></span> <span class='ocrx_word' id='word_1_876' title='bbox 2439 5903 2932 5971; x_wconf 86' lang='lat' dir='ltr'><strong>interpretationem</strong></span> <span class='ocrx_word' id='word_1_877' title='bbox 2977 5899 3222 5955; x_wconf 87' lang='lat' dir='ltr'><strong>Latinam</strong></span> <span class='ocrx_word' id='word_1_878' title='bbox 3263 5897 3529 5953; x_wconf 85' lang='lat' dir='ltr'><strong>Ambrosii</strong></span> <span class='ocrx_word' id='word_1_879' title='bbox 3581 5897 3686 5954; x_wconf 83' lang='lat' dir='ltr'><strong>Ca-</strong></span> 
     </span>
    </p>
   </div>
   <div class='ocr_carea' id='block_1_119' title="bbox 2110 5991 3688 6064">
    <p class='ocr_par' dir='ltr' id='par_1_119' title="bbox 2110 5991 3688 6064">
     <span class='ocr_line' id='line_1_119' title="bbox 2110 5991 3688 6064; baseline -0.006 -7"><span class='ocrx_word' id='word_1_880' title='bbox 2110 5997 2451 6057; x_wconf 87' lang='lat' dir='ltr'><strong>maldulensis</strong></span> <span class='ocrx_word' id='word_1_881' title='bbox 2472 6037 2486 6064; x_wconf 88' lang='lat'><strong>,</strong></span> <span class='ocrx_word' id='word_1_882' title='bbox 2526 5995 2782 6053; x_wconf 86' lang='lat' dir='ltr'><strong>Joannem</strong></span> <span class='ocrx_word' id='word_1_883' title='bbox 2824 5995 2876 6051; x_wconf 92' lang='lat' dir='ltr'><strong>in</strong></span> <span class='ocrx_word' id='word_1_884' title='bbox 2908 5993 3190 6051; x_wconf 89' lang='lat' dir='ltr'><strong>solitudine</strong></span> <span class='ocrx_word' id='word_1_885' title='bbox 3227 5992 3323 6047; x_wconf 91' lang='lat' dir='ltr'><strong>bos</strong></span> <span class='ocrx_word' id='word_1_886' title='bbox 3358 5991 3522 6048; x_wconf 90' lang='lat' dir='ltr'><strong>libros</strong></span> <span class='ocrx_word' id='word_1_887' title='bbox 3555 5995 3688 6049; x_wconf 78' lang='lat' dir='ltr'><strong>emi-</strong></span> 
     </span>
    </p>
   </div>
  </div>
