4504 6706
799 567 860 624 9i
1898 551 1953 606 S.
1993 546 2267 605 JOANNIS
2303 539 2777 598 CllBYSOSTOMl
2804 536 2980 600 VITA,
4011 536 4081 591 οι

798 682 932 734 sisse
968 677 1122 741 dixit,
1160 689 1351 744 nempe
1391 671 1459 726 ab
1499 684 1638 725 anno
1679 666 1890 722 circiter
1929 667 2034 720 575
2075 663 2140 718 ad
2183 675 2381 715 annum

801 771 927 835 581,
955 783 1060 838 quo
1090 783 1155 822 ex
1179 763 1463 824 solitudine
1488 763 1539 816 in
1567 760 1751 814 urbem
1782 757 1957 811 rediit.
1985 754 2272 810 Palladium
2306 753 2382 804 in-

803 870 1113 917 cunctanter
1151 872 1521 927 sequercmur,
1568 855 1609 909 si
1663 854 1716 905 in
1763 851 1951 906 Gneeo
2003 858 2179 909 textu,
2227 861 2383 913 quem

805 956 969 1010 edidit
999 953 1277 1008 Emericus
1303 951 1555 1018 Bigotius,
1583 945 1768 1001 eadem
1797 944 2120 1014 legerentur;
2151 938 2240 992 sed
2264 953 2386 990 cum

809 1048 878 1100 ibi
911 1062 977 1100 ne
1008 1048 1212 1099 minime
1237 1044 1449 1113 quidem
1479 1041 1576 1094 hac
1601 1039 1667 1094 de
1699 1054 1754 1093 re
1782 1045 2103 1106 compareat,
2129 1051 2157 1088 a
2185 1030 2387 1087 calculo

808 1138 1032 1192 ferendo
1057 1135 1486 1204 supersedemus.

883 1231 1035 1282 Anno
1055 1228 1175 1287 574,
1204 1240 1323 1278 cum
1347 1223 1522 1276 adhuc
1549 1220 1840 1276 Antiochia:
1872 1225 2110 1272 maneret
2134 1216 2386 1279 Joannes,

812 1321 863 1374 in
905 1316 1190 1385 periculum
1225 1314 1428 1376 incidit,
1458 1312 1614 1382 quale
1655 1319 1834 1365 narrat
1874 1309 1988 1378 ipse
2030 1311 2081 1361 in
2109 1307 2394 1362 Commen-

812 1404 949 1457 tario
973 1403 1023 1455 in
1051 1404 1180 1457 Acta
1207 1402 1582 1471 Apostolorum
1622 1397 1706 1470 (T.
1739 1398 1792 1451 9.
1825 1414 1869 1450 c.
1899 1396 2026 1449 274.
2057 1412 2111 1447 n.
2153 1391 2228 1461 5).
2258 1391 2393 1445 Cum

811 1498 912 1550 sub
941 1497 1168 1550 Valente
1201 1495 1530 1562 ltnperatore
1557 1490 1869 1560 perquisitio
1888 1502 2074 1556 magna
2095 1483 2396 1539 Antiochia:

814 1587 952 1641 facta
983 1595 1064 1642 est
1093 1586 1348 1640 librorum
1377 1582 1701 1653 magicorum
1734 1588 1786 1634 et
1814 1578 2220 1648 prazstigiarum,
2249 1576 2395 1631 mili-

814 1689 999 1747 tesque
1044 1678 1243 1731 circum
1295 1674 1482 1729 urbem
1527 1671 1681 1742 positi
1732 1678 1875 1736 sunt,
1925 1684 1991 1723 ne
2030 1669 2149 1738 quis
2187 1667 2397 1722 crimini

814 1766 1121 1838 hujusmodi
1151 1765 1438 1829 obnoxius,
1484 1763 1621 1817 elabi
1660 1769 1874 1829 posset;
1911 1769 2020 1814 tum
2061 1757 2276 1826 quidam
2308 1757 2396 1826 qui

816 1857 1010 1913 librum
1037 1856 1336 1924 hujusmodi
1365 1854 1564 1908 fecerat
1587 1864 1641 1906 et
1669 1853 1974 1919 scripserat,
2007 1865 2072 1903 ne
2102 1849 2401 1917 deprehen-

820 1948 1053 2009 deretur,
1100 1946 1289 1998 librum
1337 1944 1388 1997 in
1433 1943 1632 1997 ﬂumen
1677 1941 1918 2009 projccit.
1951 1938 2059 1993 Sed
2099 1954 2219 1991 cum
2260 1934 2399 1989 haud

821 2037 994 2092 dubiis
1016 2035 1224 2090 indiciis
1243 2044 1426 2089 notum
1448 2042 1590 2088 esset
1609 2032 1801 2086 librum
1826 2031 2002 2083 abillo
2024 2029 2396 2083 concinnatum

817 2131 1002 2191 fuisse,
1029 2144 1059 2182 a
1085 2128 1340 2182 militibus
1365 2135 1552 2194 captus
1575 2135 1674 2186 est,
1704 2124 1792 2191 qui
1820 2131 1878 2174 ut
1905 2121 2097 2174 librum
2128 2119 2281 2172 daret
2309 2133 2400 2170 ex-

819 2221 1089 2289 petebant.
1119 2218 1212 2273 lile
1253 2232 1380 2272 vero
1401 2218 1509 2286 jam
1539 2215 1664 2269 dare
1690 2228 1793 2267 non
1824 2219 2050 2280 poterat,
2087 2210 2204 2273 sed,
2239 2219 2295 2263 ut
2322 2209 2400 2262 vi-

820 2311 992 2374 detur,
1043 2325 1101 2364 se
1143 2309 1335 2364 fecisse
1377 2305 1623 2377 negabat,
1665 2319 1852 2359 verum
1888 2304 2056 2357 auctis
2099 2301 2307 2356 indiciis
2348 2307 2404 2354 et

821 2399 1240 2471 probationibus,
1264 2413 1453 2468 pinnas
1475 2395 1639 2450 dedit.
1669 2395 1803 2450 Dum
1829 2396 2103 2462 conjectus
2130 2394 2181 2447 in
2205 2392 2401 2446 ﬂumen

823 2483 960 2546 liber
1000 2491 1367 2558 incompactns
1408 2495 1798 2557 supernataret,
1837 2487 2029 2540 accidit
2074 2494 2132 2539 ut
2172 2484 2403 2540 Joannes

824 2590 1010 2637 noster
1031 2595 1151 2634 cum
1178 2580 1324 2634 socio
1353 2578 1418 2632 ad
1445 2579 1754 2648 martyrium
1777 2592 1870 2632 seu
1902 2576 2178 2630 ecclesiam
2206 2574 2401 2645 Marty-

825 2688 942 2726 rum
973 2685 1217 2743 pergens,
1245 2671 1393 2740 juxta
1434 2669 1631 2724 flumen
1667 2671 1768 2724 iter
1798 2669 2014 2723 faceret.
2056 2668 2246 2724 Socius
2283 2682 2407 2720 vero

829 2766 1009 2832 ipsius,
1040 2777 1098 2816 ut
1127 2767 1191 2816 ad
1222 2779 1367 2818 oram
1398 2773 1827 2832 supernatantem
1869 2762 2064 2816 librum
2099 2763 2263 2828 vidit,
2309 2763 2409 2815 litt-

829 2863 971 2908 tcum
998 2869 1116 2908 esse
1161 2855 1380 2922 putavit,
1423 2868 1484 2906 ac
1528 2852 1862 2907 descendens
1900 2854 2124 2923 accepit.
2172 2853 2408 2908 Joannes

828 2958 957 2997 vero
973 2953 1254 3013 antequam
1275 2942 1398 3012 quid
1429 2943 1478 2997 id
1501 2951 1644 2998 esset
1663 2944 1908 3007 sciretur,
1939 2953 2166 3013 reperta:
2193 2945 2269 2999 rei
2293 2959 2411 3012 par-

828 3042 938 3086 tem
968 3034 1034 3087 ad
1059 3049 1115 3088 se
1146 3034 1409 3102 pertinere
1440 3033 1660 3088 ridendo
1688 3034 2064 3088 contendebat.
2090 3035 2227 3088 Tum
2259 3049 2411 3088 revo-

832 3127 940 3178 luta
987 3124 1173 3193 pagina
1227 3126 1402 3179 socius
1448 3127 1648 3195 magica
1691 3127 1886 3194 scripta
1940 3126 2158 3180 invenit.
2205 3126 2410 3180 Accidit

833 3226 1006 3268 autem
1041 3223 1096 3267 ut
1122 3215 1307 3269 eodem
1339 3224 1580 3284 tempore
1609 3216 1760 3270 miles
1785 3216 2051 3270 transiret.
2079 3216 2211 3270 Hinc
2239 3225 2410 3269 terror

834 3316 1116 3375 utrumque
1140 3306 1364 3368 invasit;
1401 3306 1593 3360 librum
1625 3307 1853 3376 abjicere
1884 3321 1985 3360 non
2012 3306 2309 3371 audebant,
2344 3323 2410 3362 ne

835 3398 1136 3453 viderentur
1156 3400 1272 3466 ejus
1293 3408 1538 3454 auctores
1555 3414 1689 3454 esse.
1711 3399 1944 3453 Tandem
1965 3414 2095 3454 vero
2113 3401 2408 3469 projccere,

841 3501 893 3544 ct
925 3489 1034 3543 Deo
1055 3490 1273 3558 juvante
1301 3505 1328 3544 a
1355 3490 1589 3560 periculo
1610 3491 1777 3559 erepti
1809 3499 1951 3544 sunt.

906 3577 1276 3633 Monac/torum
1327 3582 1380 3633 in
1432 3579 1682 3634 montibus
1737 3581 2016 3634 Antiochia
2071 3581 2243 3634 vicinis
2293 3582 2411 3633 vita.

837 3669 1032 3724 —Hoc
1063 3669 1303 3725 fortassis
1329 3679 1522 3726 eventu
1553 3671 1834 3741 perculsus
1861 3671 2115 3736 Joannes,
2145 3686 2413 3726 secessum

836 3761 902 3812 ad
932 3762 1251 3814 monasteria
1289 3761 1340 3814 in
1369 3761 1640 3815 montibus
1667 3760 1961 3815 Antiochim
1989 3761 2175 3814 vicinis
2207 3761 2375 3829 posita
2403 3802 2416 3817 .

836 3865 993 3917 quem
1029 3850 1228 3917 jamdiu
1274 3852 1453 3905 animo
1495 3861 1839 3918 conceperat,
1882 3850 2154 3905 ardentius
2194 3851 2415 3920 appetiit

839 3939 1006 4002 (Pall.
1044 3940 1181 3995 Dial.
1207 3961 1258 4012 p.
1298 3942 1407 4013 41).
1439 3942 1622 4013 Neque
1665 3944 1807 3998 enim
1842 3943 1916 3997 illi
1947 3944 2237 4013 quidquam
2275 3959 2412 4013 pra:-

840 4033 1086 4086 stabilius
1120 4033 1396 4088 videbatur
1441 4051 1561 4089 esse
1601 4036 1705 4089 vita
1750 4036 1858 4099 illa,
1904 4051 2021 4104 qua:
2069 4044 2179 4089 tota
2225 4035 2418 4089 divinis

841 4122 1006 4176 rebus
1035 4123 1239 4178 addicta
1281 4135 1440 4179 esset.
1489 4126 1551 4179 Et
1592 4126 1704 4195 ipse
1733 4126 1946 4196 quidem
1973 4127 2082 4194 jam
2117 4141 2279 4194 penes
2309 4141 2420 4179 ma-

842 4223 980 4266 trem
1007 4215 1166 4267 vitam
1199 4216 1424 4270 ducebat
1455 4218 1763 4271 monasticae
1804 4232 1908 4270 non
1950 4216 2266 4278 absimilem,
2301 4231 2423 4285 pre-

842 4304 1061 4367 cationi,
1089 4304 1304 4373 jejuniis
1327 4347 1342 4368 ,
1374 4307 1586 4376 vigiliis,
1619 4307 2014 4375 Scripturarum
2047 4305 2258 4360 lectioni
2285 4307 2420 4359 assi—

844 4394 952 4446 due
981 4395 1234 4459 intentus,
1266 4397 1502 4450 inclusus
1531 4412 1743 4466 semper
1774 4412 2012 4464 manens,
2041 4407 2094 4451 et
2115 4409 2420 4467 segregatus

844 4500 871 4535 a
896 4484 1090 4538 saeculo
1117 4495 1167 4540 et
1184 4501 1212 4539 a
1240 4487 1582 4542 smeularibus
1599 4488 1856 4559 negotiis;
1879 4497 2109 4543 attamen
2132 4488 2196 4542 ad
2215 4500 2422 4543 montes

845 4575 990 4628 illum
1025 4577 1276 4631 evocabat
1306 4580 1406 4632 vita
1438 4579 1524 4632 illa
1555 4580 1938 4635 monachorum
1971 4580 2231 4650 angelica,
2261 4596 2419 4648 quam

848 4681 953 4720 non
986 4668 1150 4720 semel
1181 4669 1292 4735 ipse
1321 4669 1589 4725 describit.
1620 4663 1700 4724 llli
1738 4684 1992 4740 namque,
2021 4671 2112 4740 qui
2150 4672 2422 4724 szecularia

849 4756 1026 4809 omnia
1050 4755 1438 4819 abdicaverant,
1468 4759 1556 4812 diu
1595 4769 1718 4812 ante
1747 4760 1918 4812 lucem
1945 4759 2177 4828 quotidie
2207 4775 2425 4828 surgere

847 4859 1254 4915 consueverant,
1285 4859 1338 4904 et
1381 4866 1482 4904 una
1525 4851 1729 4905 collecti
1769 4867 1953 4920 preces
1992 4850 2282 4904 fundebant
2320 4850 2424 4903 Do—

850 4941 999 4994 mino
1038 4941 1420 5009 supplicantes,
1468 4950 1525 4996 ut
1572 4942 1624 4994 in
1659 4939 1837 4995 medio
1880 4941 2235 5009 periculorum
2271 4937 2426 5007 hujus

851 5030 980 5084 vita:
1004 5029 1155 5083 illzesi
1179 5033 1532 5099 praeterirent,
1556 5047 1619 5086 ac
1646 5031 1861 5086 demum
1892 5039 2015 5086 ante
2040 5029 2273 5084 tribunal
2295 5029 2424 5083 illud

847 5129 1149 5174 extremum
1183 5117 1301 5170 sine
1345 5125 1489 5168 metu
1539 5124 1595 5167 et
1639 5113 1837 5167 damno
1880 5111 2217 5167 accederent.
2249 5111 2430 5165 Tunc-

847 5230 955 5286 que
995 5218 1279 5281 surgentes
1317 5207 1480 5261 horas
1509 5206 1794 5258 matutinas
1825 5204 2142 5272 psallebant,
2189 5219 2287 5258 nec
2315 5217 2432 5258 mo-

850 5308 974 5363 dico
1025 5307 1078 5360 in
1131 5303 1215 5358 his
1255 5302 1443 5356 officiis
1493 5301 1762 5367 insumpto
1806 5307 2068 5365 tempore,
2101 5299 2165 5351 ad
2196 5298 2430 5352 laborem

853 5414 1108 5453 manuum
1140 5393 1521 5465 properabant.
1559 5391 1694 5444 Tum
1735 5389 1824 5442 alii
1869 5400 2065 5443 terram
2111 5388 2312 5456 fodere,
2345 5391 2436 5445 alii

855 5490 1003 5545 olera
1045 5498 1098 5542 et
1139 5485 1408 5557 legumina
1452 5497 1671 5545 curare,
1722 5480 1810 5536 alii
1850 5495 2043 5550 aquam
2086 5490 2316 5550 gestare,
2349 5481 2438 5536 alii

856 5580 1020 5634 cistas
1069 5589 1122 5632 ct
1176 5579 1348 5633 cilicia
1401 5577 1612 5646 aliaque
1667 5572 1969 5642 hujusmodi
2023 5580 2210 5625 texere
2268 5588 2282 5624 :
2340 5586 2440 5626 nec

857 5672 1082 5725 deerant
1130 5669 1220 5739 qui
1276 5669 1425 5723 libris
1470 5665 1769 5723 scribendis
1824 5673 1878 5720 et
1927 5661 2296 5718 exscribendis
2343 5662 2441 5717 da-

861 5774 982 5818 rent
1011 5777 1226 5833 operam
1263 5760 1348 5831 (T.
1376 5762 1428 5814 7.
1460 5778 1505 5814 c.
1538 5761 1662 5816 643.
1693 5778 1746 5813 n.
1780 5759 1833 5812 5.
1864 5756 1989 5812 651.
2022 5773 2075 5810 n.
2119 5755 2172 5812 '5.
2204 5754 2267 5811 Τ.
2310 5757 2358 5810 1.
2392 5771 2440 5808 c.

862 5856 984 5910 645.
1007 5873 1058 5909 n.
1087 5855 1163 5926 5).

933 5950 1140 6006 Partem
1211 5953 1369 6006 etiam
1439 5944 1813 6001 matutiuarum
1884 5940 2135 5996 horarum
2196 5934 2433 6008 legendis

2491 653 2546 707 S.
2575 653 2860 722 Scriptura:
2888 648 3038 701 libris
3063 648 3399 702 insumebant
3423 688 3437 711 ,
3471 643 3698 713 indeque
3723 647 3974 718 quidquid
4011 647 4077 702 ad

2493 744 2780 799 severioris
2831 737 3125 807 disciplinte
3177 741 3345 810 legem
3392 736 3679 808 pertineret
3726 735 4062 793 hauriebant.

2495 835 2739 890 Universi
2774 847 2952 904 porro,
2986 841 3094 884 tum
3124 832 3158 884 ii
3187 833 3276 899 qui
3299 828 3606 886 excolenda:
3639 838 3795 882 terra:
3822 832 4077 883 οχρτρίιὶο

2496 943 2615 983 sese
2642 927 2917 988 dederant,
2962 934 3072 978 tum
3112 923 3201 977 alii
3243 925 3332 992 qui
3377 926 3429 978 in
3473 921 3678 979 cellulis
3720 920 3830 974 suis
3862 924 4075 976 texendi

2497 1019 2580 1072 vel
2609 1017 2904 1072 consuendi
2935 1014 3164 1070 cilicium
3206 1016 3550 1084 peragebant,
3585 1020 3838 1084 perpetuo
3863 1011 4080 1065 silentio

2497 1110 2695 1163 addicti
2723 1119 2899 1164 erant.

2570 1200 2625 1254 Si
2654 1211 2829 1254 tamen
2855 1197 3136 1254 Steculares
3156 1195 3338 1266 aliqui,
3369 1206 3476 1252 tam
3508 1207 3711 1252 sancta:
3733 1240 3747 1263 ,
3783 1206 3886 1250 tam
3916 1204 4080 1248 arcta:

2499 1291 2622 1343 vita:
2662 1291 2800 1344 fama
2842 1289 3087 1360 permoti,
3130 1286 3195 1340 ad
3231 1287 3450 1342 cellulas
3496 1304 3680 1342 eorum
3727 1286 4074 1348 accederent;

2501 1395 2604 1434 non
2643 1380 2753 1449 jam
2793 1382 3038 1436 tacebant
3071 1380 3164 1443 illi,
3207 1377 3299 1432 sed
3335 1379 3402 1432 de
3445 1380 3509 1433 iis
3534 1395 3652 1448 qua:
3695 1380 3760 1433 ad
3803 1378 4081 1448 praesentis

2500 1472 2621 1524 vita:
2654 1480 3014 1541 contemptum
3039 1478 3091 1524 et
3124 1469 3311 1522 futura:
3341 1468 3614 1537 beatarque
3629 1468 3945 1522 desiderium
3965 1469 4082 1522 alli-

2502 1577 2624 1616 cere
2667 1571 2913 1629 poterant
2942 1561 3077 1616 baud
3123 1560 3386 1613 illibenter
3426 1559 3588 1613 verba
3615 1558 3894 1613 faciebant.
3928 1559 4081 1614 Unde

2504 1653 2768 1706 interdum
2815 1654 3110 1716 accidebat,
3157 1662 3215 1707 ut
3259 1652 3295 1705 ii
3341 1651 3429 1721 qui
3477 1650 3576 1704 hos
3625 1650 3884 1704 invisendi
3921 1666 4079 1704 causa

2503 1750 2708 1796 tantum
2753 1753 3029 1806 venerant,
3077 1742 3166 1797 illo
3209 1742 3438 1811 perculsi
3481 1740 3807 1810 spectaculo,
3851 1739 4081 1811 idipsum

2503 1834 2625 1886 vite
2653 1850 2820 1903 genus
2847 1834 3316 1904 amplecterentur.

2576 1924 2701 1980 Dies
2736 1926 2791 1980 in
2824 1936 3002 1996 partes
3032 1936 3258 1996 quatuor
3291 1925 3568 1978 distributa
3608 1923 3745 1993 apud
3784 1923 3898 1978 lllos
3929 1932 4078 1989 erat;

2504 2014 2727 2083 singula:
2772 2031 2899 2070 vero
2941 2026 3120 2084 partes
3170 2015 3354 2070 divino
3397 2013 3574 2066 officio
3626 2014 4081 2076 terminabantur;

2503 2103 2683 2158 Tertia
2711 2120 2926 2174 nempe,
2957 2105 3138 2171 Sexta,
3167 2105 3311 2157 Nona
3338 2111 3391 2156 ct
3417 2101 3687 2169 Vesperis,
3712 2117 3828 2170 qute
3858 2103 4082 2156 alternis

2503 2195 2680 2249 choris
2730 2195 3059 2264 psalmorum
3115 2205 3273 2249 cantu
3323 2192 3747 2246 celebrabantur.
3797 2190 4082 2260 Postquam

2504 2304 2635 2342 vero
2658 2288 2848 2358 jejuni,
2868 2288 3009 2342 diem
3037 2297 3204 2341 totum
3236 2287 3285 2338 in
3310 2282 3579 2352 precibus,
3602 2281 3786 2336 labore
3808 2297 4079 2342 manuum.

2508 2381 2748 2450 psalmis,
2796 2395 2948 2434 sacra
2989 2380 3215 2433 lectione
3255 2382 3646 2443 transegerant,
3677 2373 3745 2426 ad
3772 2374 3945 2427 cibum
3988 2389 4081 2427 su-

2510 2472 2759 2526 mendum
2782 2471 2995 2525 tandem
3016 2466 3419 2523 conveniebant.
3439 2465 3617 2520 C(ente
3637 2472 3922 2532 apparatus
3945 2472 4085 2517 totus

2509 2571 2626 2618 erat
2665 2562 2814 2632 panis
2840 2576 2961 2614 cum
3001 2559 3140 2622 sale,
3175 2555 3337 2625 aliqui
3373 2555 3549 2610 oleum
3590 2553 3882 2616 addebant,
3929 2567 4086 2607 senes

2511 2664 2687 2708 autem
2731 2662 2783 2705 et
2823 2651 3141 2704 infirmiores
3183 2647 3329 2701 olera
3374 2645 3458 2699 vel
3500 2644 3761 2714 legumina
3803 2662 3816 2696 :
3855 2658 3990 2712 aqua
4031 2644 4082 2694 in

2513 2754 2694 2814 potum
2738 2742 2867 2796 satis
2911 2749 3045 2794 erat.
3092 2739 3218 2792 Post
3261 2751 3466 2792 cumam
3514 2736 3641 2789 fusis
3687 2734 3929 2804 precibus
3972 2733 4081 2787 Deo

2511 2836 2707 2906 gratias
2731 2833 2978 2902 agebant,
3005 2831 3302 2900 exindeque
3333 2829 3579 2883 sedentes
3606 2843 3709 2881 una
3739 2827 3805 2880 de
3832 2825 3990 2880 rebus
4014 2826 4081 2880 ad

2515 2929 2737 2983 salutem
2767 2935 2821 2979 et
2850 2925 3122 2979 cmlcstem
3150 2925 3310 2975 vitam
3342 2920 3699 2990 spectantibus
3729 2918 3890 2972 verba
3922 2916 4082 2972 facie-

2514 3021 2659 3086 bant,
2687 3018 2900 3072 demum
2944 3015 3074 3069 fusis
3115 3013 3379 3083 precibus,
3414 3012 3465 3064 in
3497 3010 3688 3063 storcis
3729 3007 3872 3060 humi
3901 3007 4086 3075 positis

2513 3111 2791 3173 cubantes,
2818 3106 3130 3161 tenuissimo
3169 3103 3288 3157 cibo
3325 3116 3568 3154 somnum
3599 3098 3925 3153 levissimum
3956 3097 4084 3149 sub-

2514 3200 2871 3258 ministrante,
2921 3196 3124 3263 aliquot
3170 3192 3316 3246 horis
3368 3189 3728 3260 quiescebant,
3770 3187 4088 3253 demumquo

2516 3289 2767 3360 prtefecto
2795 3287 2980 3342 leviter
3009 3291 3383 3337 commonente
3414 3291 3466 3332 et
3494 3279 3608 3333 sine
3639 3277 3859 3344 strepitu
3890 3289 4086 3342 exper-

2516 3380 2732 3451 gefacti,
2761 3377 3048 3448 surgebant
3072 3375 3136 3428 ad
3166 3375 3338 3443 priora
3365 3369 3672 3440 repetenda.
3691 3367 3925 3421 Vestitus
3947 3375 4089 3418 tutus

2518 3487 2581 3527 ex
2609 3471 2729 3539 pilis
2754 3482 3031 3538 caprarum
3052 3466 3132 3520 vel
3155 3463 3478 3518 camelorum
3503 3468 3633 3522 erat,
3658 3467 3751 3513 aut
3775 3473 3836 3512 ex
3865 3457 4089 3527 pellibus

2521 3577 2616 3616 usu
2649 3561 2807 3615 tritis.

2591 3657 2668 3710 Ex
2707 3668 2956 3709 manuum
2997 3651 3178 3705 labore
3219 3663 3322 3702 non
3367 3645 3466 3700 sibi
3508 3642 3667 3698 modo
3697 3642 3894 3696 victum
3935 3652 4088 3708 para.

2520 3745 2678 3807 bant;
2725 3742 2821 3798 sed
2870 3756 2992 3795 cum
3041 3739 3111 3792 ita
3168 3736 3342 3791 tenuis
3389 3748 3538 3788 etena
3589 3744 3839 3800 perquam
3885 3726 4087 3781 minimi

2519 3844 2763 3904 sumptus
2784 3841 2945 3898 esset,
2961 3845 3076 3901 quae
3098 3834 3408 3898 supererant
3435 3824 3605 3877 omnia
3629 3821 3946 3892 pauperibus
3973 3833 4092 3872 ero-
4143 3856 4147 3859 -

2519 3927 2732 3996 gabant.
2761 3925 2817 3979 Si
2844 3924 2963 3994 quis
2983 3937 3111 3976 vero
3138 3920 3330 3988 hospes
3352 3915 3649 3979 accederet,
3678 3913 3906 3968 libenter
3930 3925 3958 3962 a
3985 3921 4092 3961 mo-

2523 4019 2706 4073 nachis
2731 4015 3111 4086 excipiebatur,
3132 4013 3219 4082 qui
3244 4009 3362 4064 lotis
3383 4009 3496 4078 ejus
3522 4006 3764 4076 pedibus,
3783 4017 3913 4071 quos
3927 4012 4091 4068 penes

2525 4123 2582 4163 se
2609 4107 2872 4162 habebant
2896 4104 3044 4158 cibos
3075 4104 3169 4172 ipsi
3199 4097 3689 4156 subministrabant,
3719 4093 3890 4158 deque
3914 4102 4090 4141 rerum

2526 4211 2852 4255 terrenarum
2891 4195 3029 4250 ﬂuxa
3063 4194 3369 4248 conditione
3405 4187 3800 4251 czelestiumque
3840 4179 4093 4234 felicitate

2525 4291 2686 4348 verba
2716 4289 2996 4354 faciebant,
3028 4294 3087 4340 ut
3116 4298 3273 4354 supra
3295 4280 3543 4335 diximus.

2598 4383 2746 4436 Hanc
2783 4380 2904 4434 vita:
2934 4378 3192 4431 rationem
3232 4370 3499 4436 suscipere
3525 4365 3756 4419 Joannes
3791 4369 3970 4414 noster
3997 4373 4092 4410 cu-

2528 4474 2722 4543 piebat,
2773 4479 2934 4538 utque
2976 4465 3041 4518 ad
3083 4464 3225 4516 illam
3268 4474 3327 4512 se
3369 4463 3720 4524 compararet,
3757 4452 3912 4506 etiam
3951 4448 4092 4502 domi

2527 4537 2779 4619 exercitia
2821 4537 3062 4625 quaedam
3101 4549 3388 4603 monastica
3423 4545 3755 4606 sectabatur;
3797 4553 3981 4594 verum
4027 4537 4095 4588 ab

2531 4657 2634 4708 hoc
2683 4648 2954 4720 proposito
3003 4642 3305 4699 deterrebat
3349 4639 3492 4694 illum
3537 4637 3657 4691 vitae
3699 4632 3957 4703 asperitas
4004 4627 4096 4680 illa

2530 4719 2699 4814 quam
2715 4740 2873 4795 modo
2900 4735 3296 4806 descripsimus.
3325 4733 3396 4787 Ea
3426 4730 3491 4785 de
3520 4744 3578 4783 re
3598 4724 3885 4780 audiendus
3909 4719 3996 4774 ille
4014 4723 4099 4771 est

2523 4810 2626 4910 (Ᾰά
2648 4834 2958 4889 Demetrium
2979 4830 3040 4882 de
3062 4828 3239 4895 Camp.
3265 4834 3302 4878 ι.
3328 4823 3378 4877 1.
3395 4837 3440 4874 c.
3461 4819 3586 4875 405.
3609 4817 3646 4870 ι.
3665 4813 3783 4910 25).:
3800 4810 3922 4863 Cum
3939 4820 4099 4910 nuper

2523 4895 2613 5003 ego
2633 4927 2979 4989 decrevissem,
2998 4920 3176 4975 relicta
3204 4915 3340 4979 urbe,
3371 4911 3440 4965 ad
3469 4901 3792 4962 tabernacula
3820 4895 4094 5003 monacho-

2525 4989 2639 5082 tum
2655 5022 2902 5085 secedere,
2926 5015 3140 5073 sollicite
3153 5009 3433 5080 qua'rebam
3452 5014 3498 5057 et
3518 4995 3828 5056 sciscitabar,
3850 4989 4102 5085 undenain

2532 5107 2923 5162 necessariorum
2950 5111 3254 5156 commeatus
3284 5095 3552 5163 adfuturus
3575 5095 3731 5146 esset,
3764 5093 3807 5134 et
3834 5096 3952 5133 num
3987 5080 4098 5144 ﬁeri

2536 5385 2680 5446 cibo;
2715 5397 2779 5432 an
2821 5378 2932 5447 quis
2973 5392 3050 5428 me
3079 5369 3386 5442 impulsurus
3425 5361 3490 5413 ad
3531 5357 3761 5409 miseram
3802 5351 4104 5422 leguminum

2538 5489 2734 5536 escam;
2775 5486 2841 5521 an
2884 5468 3229 5538 assignaturus
3268 5467 3393 5522 opus
3437 5449 3640 5508 durum,
3676 5451 3728 5494 ul
3768 5451 3871 5504 est,
3913 5441 4102 5511 fodere,

2541 5567 2679 5636 ligna
2707 5534 2920 5632 deferre,
2957 5534 3139 5627 aquam
3165 5553 3499 5614 comportare,
3532 5547 3577 5592 et
3605 5544 3783 5590 cetera
3813 5535 3978 5589 omnia
4007 5534 4106 5585 lm—

2533 5625 3107 5727 jlzsmodi'miniszeﬁa;
3143 5650 3189 5694 et
3227 5647 3279 5690 ut
3315 5631 3602 5688 summatim
3637 5629 3819 5692 dicam,
3848 5627 4003 5681 multa
4042 5625 4106 5676 de

2540 5715 2699 5820 quiete
2720 5744 2945 5814 corporis
2973 5730 3319 5810 percontabar.
3347 5727 3414 5779 At
3443 5724 3538 5777 hos
3562 5722 3663 5786 ille,
3691 5722 3779 5792 qui
3801 5735 3918 5776 sese
3939 5715 4105 5820 menti

2542 5807 2835 5897 oﬂerebant
2881 5807 3080 5890 obices,
3135 5820 3344 5876 virtutis
3391 5825 3446 5872 et
3489 5815 3771 5871 severioris
3817 5807 4108 5897 disciplina!

2545 5894 2726 5988 amore
2762 5928 2970 5987 ductus,
3003 5912 3216 5972 tandem
3254 5907 3537 5979 superavit,
3570 5915 3624 5964 et
3651 5905 3714 5962 ad
3741 5904 3824 5960 illa
3854 5894 4109 5955 montium
