4504 6720
404 575 475 631 sa
1613 555 1794 614 nunc
1835 553 2097 612 PRIMUM
2135 548 2529 608 ADORNATA.
3607 566 3673 620 π

405 687 744 742 tabernacula
765 683 1106 742 conscendit:
1127 677 1256 732 nihil
1274 684 1493 746 patuere
1515 671 1701 726 matris
1721 683 1908 740 preces
1933 676 1987 724 et

403 778 668 849 lacrymte,
702 789 758 833 ut
784 778 928 832 illum
949 776 1254 828 averterent
1277 783 1306 822 a
1329 776 1437 821 tam
1467 763 1664 820 salubri
1692 763 1983 833 proposito,

403 871 495 923 sed
529 870 726 925 Christi
757 867 981 924 consilio
1008 861 1288 929 obtemper
1307 878 1354 910 tu
1392 898 1406 923 ,
1437 864 1659 911 matrem
1687 854 1901 924 reliquit
1930 861 1987 906 ut

403 960 575 1030 ipsum
602 965 934 1028 sequeretur.

472 1053 695 1105 Joannes
719 1050 772 1100 in
798 1045 1102 1098 monasterio
1122 1058 1282 1096 annos
1302 1059 1332 1111 (ι
1404 1052 1516 1095 tuor
1541 1040 1869 1109 lransigil.—
1887 1035 1985 1090 lllo

400 1157 523 1196 cum
553 1140 784 1193 venisset
816 1133 986 1204 (Anno
1018 1134 1142 1188 574.
1175 1133 1251 1187 vel
1287 1134 1322 1188 5
1359 1132 1392 1187 5
1419 1132 1665 1201 ineunte),
1706 1131 1757 1182 in
1788 1127 1984 1197 Syrum

401 1231 683 1302 quemdam
725 1227 942 1290 incidit,
981 1227 1330 1282 severissimae
1360 1225 1653 1294 disciplima
1693 1233 1900 1282 senem,
1931 1225 1985 1270 et

402 1325 615 1379 duriora
645 1320 760 1388 ejus
783 1320 902 1373 vita:
924 1319 1161 1374 instituta
1188 1320 1424 1373 imitatus
1452 1325 1535 1371 est
1555 1313 1710 1366 anuis
1733 1319 1980 1378 quatuor,

404 1419 608 1469 luctans
628 1427 747 1467 cum
775 1413 1104 1482 voluptatum
1128 1412 1382 1481 scopulis,
1405 1423 1540 1478 quos
1568 1404 1726 1458 facile
1748 1417 1854 1454 non
1877 1409 1983 1453 tam

403 1508 584 1560 labore
616 1521 771 1575 quam
804 1507 1009 1559 ratione
1039 1503 1307 1575 superavit
1332 1496 1563 1567 (Pallad.
1594 1512 1646 1562 p.
1679 1493 1791 1561 M).
1820 1491 1984 1545 Paulo

401 1608 680 1666 postquam
712 1597 776 1652 ad
819 1609 1028 1652 montes
1057 1590 1341 1649 secedendi
1371 1601 1531 1642 causa
1570 1600 1631 1640 se
1663 1581 1979 1645 contulerat,

401 1705 431 1740 a
461 1688 727 1742 Demetrio
764 1689 937 1750 amico
979 1693 1194 1755 rogatus
1235 1681 1426 1734 librum
1465 1676 1533 1732 de
1560 1673 1984 1743 Compunetione

401 1780 588 1836 edidit.
643 1780 754 1838 lloe
799 1782 1028 1851 primum
1073 1773 1342 1844 specimen
1397 1770 1545 1826 dedit
1595 1766 1872 1837 scriptoris
1918 1765 1984 1817 ad

401 1889 610 1928 summa
649 1874 757 1928 nati
796 1892 810 1928 :
845 1873 930 1925 hic
977 1866 1230 1939 quidquid
1274 1865 1340 1918 ad
1379 1860 1708 1918 suadendum
1756 1858 1983 1912 validius

401 1965 689 2036 excogitari
721 1973 894 2035 potest
923 1961 1226 2016 adhibetur.
1269 1957 1394 2011 Post
1435 1956 1576 2011 hunc
1622 1967 1750 2008 vero
1791 1953 1981 2007 librum

403 2057 468 2112 ad
499 2057 824 2113 Stelechium
862 2054 1087 2108 alterum
1128 2048 1195 2103 de
1230 2047 1654 2118 Compunctione
1681 2045 1982 2100 ardentiore

402 2152 546 2222 stle
565 2150 728 2204 misit.
759 2149 812 2202 In
853 2146 1024 2214 primo
1052 2140 1116 2194 ad
1149 2141 1468 2194 Demetrium
1497 2156 1556 2194 se
1592 2153 1764 2207 nuper
1797 2136 1862 2190 ad
1900 2147 1980 2188 ta-

403 2238 683 2294 bernacula
713 2234 1093 2291 monachorum
1122 2231 1379 2287 accedere
1406 2231 1707 2286 decrevisse
1726 2229 1820 2294 ait,
1848 2237 1900 2281 et
1930 2229 1980 2280 in

403 2328 752 2398 sequentibus
782 2341 840 2378 se
872 2324 980 2377 illic
1008 2333 1117 2377 tum
1145 2322 1345 2376 versari
1379 2322 1611 2374 insinuat
1640 2337 1654 2372 :
1686 2333 1852 2388 quare
1880 2331 1983 2370 una

406 2419 504 2472 fuit
533 2417 771 2471 omnium
798 2415 979 2484 Opinio
1007 2413 1107 2467 hoc
1127 2427 1260 2483 opus
1286 2411 1518 2467 edidisse
1539 2410 1800 2465 Joannem
1826 2407 1986 2477 paulo

402 2519 682 2580 postquam
711 2508 778 2563 ad
829 2507 1153 2562 monasteria
1190 2521 1249 2560 se
1278 2503 1596 2569 contulerat,
1633 2509 1689 2556 et
1723 2515 1848 2556 cum
1878 2499 1986 2554 illic

405 2611 738 2658 versaretur.
765 2601 966 2656 Verum
992 2598 1362 2654 Tillemontius
1387 2605 1571 2651 contra
1599 2594 1735 2648 hanc
1766 2601 1983 2647 senten-

403 2698 549 2758 tiam,
582 2711 739 2766 quam
769 2703 947 2748 tamen
985 2692 1206 2746 omnino
1245 2707 1349 2744 non
1381 2688 1605 2758 respuit,
1637 2701 1696 2742 se
1720 2685 1984 2740 validissi-

403 2802 548 2839 mum
572 2786 734 2839 telum
761 2793 1115 2853 contorquere
1146 2791 1313 2850 putat,
1340 2795 1460 2834 cum
1488 2780 1581 2844 ait,
1611 2778 1697 2832 hic
1723 2777 1979 2832 Joannem

402 2880 472 2932 ita
511 2879 672 2947 loqui,
715 2887 772 2932 ut
800 2887 910 2931 tum
947 2875 1223 2945 presbyter
1261 2873 1426 2927 fuisse
1460 2885 1679 2941 prorsus
1717 2869 1978 2923 videatur.

401 2967 599 3024 Verum
627 2978 683 3022 ut
707 2969 758 3022 in
784 2967 982 3021 Manilo
1002 2965 1066 3020 ad
1095 2965 1234 3019 hunc
1261 2964 1450 3018 librum
1473 2963 1724 3024 diximus,
1747 2970 1804 3013 ιιι
1821 2960 1982 3014 etiam

403 3061 706 3114 monuimus
743 3068 867 3113 ante
907 3057 1099 3111 librum
1144 3056 1211 3110 de
1242 3055 1575 3125 Virginitate,
1612 3054 1682 3106 ita
1726 3053 1984 3107 familiare

402 3163 482 3206 est
507 3150 908 3222 Chrysostomo,
930 3149 1193 3202 variorum
1220 3160 1505 3217 personam
1528 3143 1769 3207 induere,
1793 3157 1985 3212 nempe

403 3245 795 3314 episcoporum,
840 3240 1296 3311 presbyterorum,
1328 3239 1438 3292 imo
1469 3237 1631 3292 etiam
1674 3237 1986 3305 conjugato-

403 3350 544 3395 rum,
581 3332 721 3402 quod
753 3331 1012 3401 exemplis
1037 3329 1433 3398 comprobatur,
1473 3338 1532 3382 ut
1570 3327 1703 3381 nihil
1742 3327 1866 3381 hinc
1906 3330 1986 3380 in-

405 3424 530 3478 ferri
559 3437 713 3493 posse
735 3423 951 3476 omnino
971 3420 1236 3475 videatur.
1252 3419 1486 3489 Tempus
1513 3419 1674 3488 igitur
1693 3418 1781 3473 ille
1799 3430 1985 3488 aperte

405 3515 625 3577 indicat,
676 3530 796 3569 cum
850 3521 1034 3567 narrat
1080 3527 1139 3567 se
1189 3527 1359 3581 nuper
1405 3512 1472 3566 ad
1525 3513 1847 3566 monasteria
1899 3527 1986 3567 εει

401 3606 648 3664 cessisse.

477 3696 663 3750 Scribit
694 3694 932 3748 adversus
967 3702 1338 3765 Oppugnatores
1365 3694 1480 3747 vitae
1510 3693 1801 3746 monastica:
1826 3692 1983 3745 alios-

405 3806 519 3860 que.
563 3818 635 3829 -
689 3788 882 3843 Valens
935 3787 1267 3857 Imperator,
1315 3787 1406 3856 qui
1454 3787 1702 3841 Arianam
1749 3785 1979 3839 lueresin

407 3881 727 3946 sectabatur,
758 3880 870 3934 dira
903 3881 954 3934 in
980 3879 1318 3946 Catholicos,
1363 3880 1697 3948 maximeque
1723 3879 1774 3931 in
1798 3893 1982 3932 monao

406 3974 537 4028 chos
565 3971 777 4026 molitus
805 3979 906 4026 est.
935 3971 1240 4040 Tameuque
1262 4013 1276 4036 ,
1304 3970 1430 4024 dum
1461 3969 1626 4023 frater
1650 3969 1764 4038 ejus
1788 3967 1980 4021 Valen-

408 4064 638 4117 tinianus
663 4063 779 4133 pius
803 4071 857 4116 et
880 4061 1185 4116 Catholicus
1213 4063 1418 4115 viveret
1441 4102 1454 4126 ,
1491 4075 1558 4114 ne
1588 4059 1801 4113 fratrem
1830 4073 1982 4112 com-

407 4162 666 4219 moveret,
695 4169 722 4205 a
744 4153 1024 4208 vexatione
1053 4151 1329 4206 inferenda
1352 4150 1662 4205 desistebat.
1695 4149 1982 4217 Postquam

408 4252 587 4298 autem
613 4242 1010 4297 Valentinianus
1035 4256 1065 4295 c
1092 4241 1227 4294 vivis
1261 4247 1564 4295 excesserat
1601 4252 1740 4291 anno
1765 4239 1898 4303 574,
1931 4239 1983 4292 in

409 4333 710 4388 Catholicos
735 4333 949 4402 impune
974 4340 1243 4401 grassatur
1266 4373 1280 4396 ,
1327 4330 1659 4397 maximeque
1703 4328 1754 4380 in
1793 4342 1983 4381 mona-

406 4424 538 4480 chos
557 4465 571 4488 ,
619 4438 752 4492 quos
785 4423 944 4493 jussit
971 4439 1036 4476 ex
1060 4421 1273 4476 sedibus
1302 4421 1458 4490 pelli,
1489 4419 1555 4472 ad
1585 4417 1825 4472 militiam
1851 4433 1986 4473 con-

409 4515 589 4578 scribi,
618 4523 672 4568 et
697 4515 747 4567 in
776 4529 1018 4568 carceres
1043 4513 1254 4581 conjici.
1282 4513 1368 4567 Sic
1397 4510 1730 4564 Antiochiam
1756 4512 1984 4566 tumultu

410 4618 717 4674 terroreque
755 4603 980 4674 replevit
1022 4603 1142 4672 (An.
1167 4604 1291 4657 575.
1324 4603 1402 4656 vel
1426 4601 1577 4673 576).
1609 4601 1757 4656 Tunc
1783 4604 1986 4658 amicus

408 4697 622 4769 quidam
659 4695 878 4750 Joannis
916 4694 968 4747 in
998 4694 1282 4748 solitudine
1323 4694 1562 4763 degentis
1599 4693 1748 4748 illum
1778 4696 1908 4750 adiit
1933 4707 1988 4751 et

409 4796 652 4860 precatus
700 4793 821 4851 est,
878 4792 936 4838 ut
981 4783 1361 4838 monachorum
1406 4791 1460 4837 et
1508 4786 1818 4842 monasticae
1865 4788 1986 4843 vitae

408 4893 622 4934 causam
662 4874 968 4932 defenderet
1010 4873 1212 4944 (Chrys.
1240 4883 1281 4930 t.
1312 4875 1364 4928 1.
1404 4879 1504 4934 col.
1554 4878 1659 4935 320
1727 4887 1776 4931 et
1801 4880 1984 4950 seqq.).

409 4969 542 5025 Rem
585 4980 688 5022 tam
715 4969 998 5021 immanem
1028 4966 1114 5018 vix
1149 4963 1367 5019 credere
1392 4972 1603 5033 poterat
1625 4965 1860 5023 Joannes
1888 4987 1900 5021 :
1933 4979 1988 5023 at

410 5065 499 5118 ubi
523 5080 584 5118 es
612 5059 997 5115 amicinarratu
1024 5059 1353 5112 verissimam
1381 5073 1501 5113 esse
1529 5061 1810 5129 comperit,
1841 5070 1988 5117 tanto

411 5155 685 5223 perculsus
726 5150 908 5205 dolore
956 5150 1086 5215 fuit,
1145 5159 1203 5203 ut
1248 5151 1299 5204 in
1351 5149 1613 5222 lacrymas
1659 5162 1984 5221 erumperet,

414 5250 683 5319 Deumque
713 5253 1015 5315 precaretur
1036 5284 1051 5308 ,
1083 5244 1160 5297 uti
1187 5259 1246 5298 se
1275 5259 1344 5298 ex
1382 5244 1482 5299 hac
1509 5246 1617 5298 vita
1646 5245 1884 5306 tolleret,
1919 5261 1985 5300 ne

410 5337 602 5392 similia
645 5337 824 5393 videre
869 5341 1167 5403 cogeretur.
1224 5333 1359 5386 Tum
1405 5334 1448 5387 is
1475 5335 1563 5403 qui
1595 5342 1810 5387 venerat
1837 5377 1849 5395 .
1882 5350 1987 5387 non

409 5425 515 5494 jam
549 5436 756 5497 tempus
802 5422 1128 5496 lacrymandi
1168 5437 1285 5476 esse
1324 5423 1490 5488 dixit,
1518 5413 1632 5478 sed
1666 5433 1811 5478 tanto
1851 5424 1988 5477 malo

413 5520 795 5575 occurrend-_n
819 5535 966 5582 esse,
1018 5514 1158 5586 quod
1187 5515 1298 5584 ipse
1338 5523 1581 5583 poterat,
1636 5517 1681 5570 si
1735 5518 1989 5585 scriptum

414 5609 630 5673 ederet,
684 5625 787 5678 quo
837 5610 1143 5666 violentiam
1197 5604 1499 5676 huiusmodi
1553 5605 1740 5661 sedare
1787 5617 1985 5676 posset.

416 5700 718 5771 Respondet
758 5701 989 5758 Joannes
1035 5711 1273 5758 metuere
1301 5715 1359 5755 se
1388 5713 1455 5752 ne
1484 5698 1709 5768 gentiles
1739 5699 1989 5755 Ecclesiae.

418 5795 510 5850 Dei
531 5792 864 5857 insultarent,
895 5795 938 5848 si
965 5795 1102 5850 mala
1131 5794 1244 5865 ejus
1264 5809 1326 5848 ex
1351 5791 1548 5862 scripto
1575 5805 1672 5844 sno
1700 5790 1987 5846 discerent.

419 5884 646 5955 Repouit
693 5882 814 5944 ille,
865 5883 1009 5937 istaec
1055 5884 1230 5937 omnia
1276 5883 1385 5952 jam
1429 5880 1654 5953 gentiles
1683 5894 1988 5949 cognosse:

420 5977 850 6046 Christianosque
899 5987 1014 6030 csse
1058 5974 1357 6044 multosque
1403 5975 1502 6031 sibi
1545 5982 1697 6030 notos
1738 5971 1826 6043 qui
1869 5972 1990 6026 talia

2100 672 2489 737 perpetrarent.
2535 663 2667 720 Tum
2697 681 2825 722 vero
2861 665 3093 722 Joannes
3123 671 3349 726 amicum
3378 670 3674 747 dimittens,

2092 775 2151 814 se
2179 758 2232 813 id
2263 757 2523 812 facturum
2552 759 2821 826 pollicitus
2850 768 2932 814 est
2965 778 2976 812 :
3006 770 3163 831 atque
3191 761 3349 820 hosce
3375 774 3485 821 tres
3510 768 3675 825 libros

2090 852 2276 907 edidit.
2311 850 2510 904 Prioris
2537 852 2720 907 titulus
2745 863 2847 917 est,
2877 853 3129 908 Aduersus
3159 856 3542 929 Oppugnatores
3562 862 3674 915 rites

2092 944 2383 998 monasticae
2411 957 2431 995 :
2460 942 2513 996 in
2537 945 2770 1000 secundo
2789 988 2804 1011 ,
2829 946 2914 1000 cui
2941 945 3123 1000 titulus
3149 989 3162 1009 ,
3191 949 3271 1002 Ad
3296 952 3550 1018 inﬁdelem
3576 973 3674 1022 pa-

2091 1043 2245 1100 trem,
2289 1031 2430 1088 idem
2469 1044 2835 1101 argumentum
2866 1038 3204 1108 persequitur
3232 1057 3245 1092 :
3280 1040 3332 1094 in
3369 1046 3558 1108 tertio,
3591 1049 3676 1101 cui

2091 1125 2305 1187 titulus,
2337 1123 2419 1176 Ad
2444 1122 2645 1190 ﬁdelem
2669 1136 2893 1194 patrem,
2923 1143 3036 1182 rem
3065 1131 3365 1187 accuratius
3395 1135 3666 1202 expendit,

2087 1217 2428 1286 ostenditque
2469 1232 2627 1286 quam
2666 1217 2884 1274 difficile
2926 1220 2995 1273 sit
3023 1221 3074 1275 in
3105 1225 3301 1278 mundo
3328 1228 3560 1282 versanti
3587 1245 3674 1283 sa-

2089 1309 2249 1366 lutem
2276 1310 2549 1381 consequi,
2582 1318 2636 1365 et
2653 1309 2790 1366 filios
2809 1311 3101 1368 secundum
3121 1313 3476 1373 Christianam
3501 1321 3672 1391 legem

2088 1403 2333 1459 educare.
2376 1402 2432 1458 ln
2459 1405 2816 1460 masculorum
2849 1422 2977 1462 vero
3005 1409 3375 1467 concubitores
3415 1417 3676 1472 acerrime

2093 1495 2360 1550 invehitur
2388 1514 2403 1550 :
2436 1497 2577 1566 quod
2625 1497 2887 1552 nefarium
2935 1500 3108 1556 scelus
3133 1502 3431 1558 Antiochia:
3473 1505 3542 1560 ita
3591 1509 3673 1562 in-

2087 1586 2346 1650 ualuerat,
2378 1596 2437 1640 ut
2463 1589 2757 1656 periculum
2790 1599 2953 1654 esset,
2983 1592 3169 1661 inquit.
3203 1611 3271 1649 ne
3298 1610 3463 1652 sexus
3485 1600 3674 1653 mulie-

2090 1677 2199 1730 bris
2242 1677 2354 1745 jam
2403 1677 2706 1744 superfluus
2760 1679 3082 1736 efficeretur.
3141 1685 3197 1737 lu
3249 1690 3483 1742 secundo
3536 1691 3674 1745 libro

2091 1765 2365 1820 historiam
2393 1766 2558 1821 refert
2597 1767 2872 1837 cujusdam
2911 1772 3065 1825 amici
3105 1773 3224 1836 sui,
3272 1779 3358 1843 qui
3396 1781 3673 1834 solitariam

2089 1855 2520 1926 oilamamplexus
2541 1861 2706 1927 fuerat
2733 1874 2752 1912 :
2782 1862 2926 1929 cujus
2949 1873 3088 1930 pater
3117 1864 3335 1931 inﬁdelis
3360 1881 3484 1934 erat,
3517 1875 3671 1936 dives,

2089 1958 2343 2016 spectatus
2371 1959 2417 2002 et
2446 1949 2774 2003 clarissimus.
2823 1951 2877 2004 Is
2925 1957 3140 2019 primum
3187 1960 3452 2012 concitavit
3488 1964 3679 2030 princi-

2088 2059 2194 2110 pes,
2223 2042 2444 2095 ntinatus
2466 2052 2538 2096 est
2567 2043 2787 2108 vincula,
2822 2046 3084 2115 ipsumque
3104 2049 3268 2116 filium
3296 2054 3526 2108 omnibus
3553 2075 3676 2110 exu-

2090 2144 2197 2187 tum
2225 2137 2277 2189 in
2305 2138 2471 2190 aliena
2498 2148 2632 2191 terra
2661 2138 2862 2207 reliquit
2887 2181 2900 2202 ,
2930 2143 3222 2196 necessariis
3247 2145 3397 2197 etiam
3426 2150 3674 2205 alimentis

2088 2236 2310 2293 egentem
2341 2243 2360 2279 :
2387 2228 2480 2280 hoc
2505 2229 2653 2280 modo
2681 2240 2864 2296 putans
2889 2247 2942 2283 se
2965 2231 3112 2284 illum
3131 2233 3199 2285 ad
3223 2236 3395 2288 saeculi
3421 2239 3570 2291 vitam
3601 2259 3676 2294 re-

2091 2316 2383 2370 ducturum.
2405 2316 2682 2387 Postquam
2699 2322 3024 2374 autemillum
3052 2324 3104 2374 in
3127 2325 3269 2378 nullo
3295 2328 3389 2379 sibi
3404 2329 3577 2382 cedere
3605 2334 3678 2384 ri-

2091 2405 2196 2468 dit,
2219 2407 2377 2460 victus
2393 2407 2593 2460 tandem
2625 2409 2936 2476 palinodiam
2955 2413 3149 2465 cecinit.
3174 2413 3246 2467 Ac
3267 2431 3396 2470 nunc
3413 2419 3464 2472 in
3489 2421 3678 2475 honore

2091 2497 2256 2564 ﬁlium
2282 2498 2462 2563 habet,
2496 2516 2706 2570 eumque
2735 2502 2897 2572 magis
2917 2543 2932 2566 ,
2968 2519 3119 2572 quam
3144 2506 3190 2559 si
3214 2517 3356 2576 pater
3383 2527 3503 2564 suus
3523 2526 3670 2579 esset,

2089 2597 2355 2641 veneratur
2385 2605 2403 2643 :
2429 2605 2640 2657 cumque
2665 2589 2796 2644 alios
2834 2593 3012 2646 habeat
3057 2594 3191 2662 ﬁlios
3217 2639 3230 2659 ,
3273 2610 3522 2668 spectatos
3542 2645 3554 2667 ,
3587 2623 3674 2661 eos

2089 2695 2152 2733 ne
2176 2681 2358 2750 dignos
2383 2683 2586 2749 quidem
2623 2683 2712 2755 qui
2746 2687 2873 2739 servi
2906 2687 3058 2757 hujus
3086 2688 3186 2741 sint
3221 2691 3496 2748 arbitratur
3528 2712 3547 2749 :
3569 2698 3676 2766 ipse

2087 2788 2292 2842 quoque
2316 2783 2524 2843 propter
2551 2776 2716 2843 ﬁlium
2739 2777 2889 2847 longe
2913 2779 3100 2832 clarior
3118 2791 3208 2833 est.

2159 2862 2214 2916 ln
2255 2865 2413 2918 tertio
2440 2874 2617 2920 autem
2650 2866 2786 2922 libro
2833 2869 3050 2924 alteram
3099 2872 3262 2927 refert
3293 2874 3566 2932 historiam
3589 2881 3675 2948 ju-

2087 2960 2242 3009 venis
2269 2957 2546 3025 cujusdam
2574 2959 2892 3014 nobilissimi
2916 3003 2930 3026 ,
2958 2963 3109 3030 cujus
3140 2965 3459 3037 pmdagogus
3493 2986 3677 3025 mona-

2087 3046 2223 3100 chus
2248 3056 2383 3114 erat,
2412 3063 2443 3102 a
2471 3065 2578 3119 quo
2606 3051 2896 3120 paedagogo
2920 3062 3086 3108 totum
3106 3055 3340 3112 Joannes
3367 3060 3672 3119 edidicerat.

2091 3136 2322 3206 Hujusce
2350 3140 2499 3208 pueri
2522 3150 2672 3210 pater
2700 3142 2984 3198 Christiani
3015 3145 3185 3202 ofﬁcia
3211 3165 3395 3216 parum
3428 3155 3669 3222 curabat,

2090 3237 2260 3283 mater
2301 3245 2428 3284 vero
2471 3232 2666 3299 pietate
2705 3234 2925 3302 prtedita
2971 3247 3085 3290 erat
3123 3247 3178 3292 et
3223 3239 3506 3297 admodum
3550 3247 3676 3302 reli-

2088 3319 2258 3389 giosa.
2306 3320 2465 3376 Pater
2510 3322 2674 3376 filium
2722 3324 2787 3378 ad
2837 3327 3120 3382 smculares
3169 3330 3340 3385 solum
3385 3333 3671 3404 dignitates

2089 3425 2406 3480 promovere
2450 3414 2749 3483 cogitabat;
2799 3425 2970 3470 mater
3001 3433 3134 3472 vero
3163 3419 3214 3473 id
3245 3437 3407 3477 unum
3428 3428 3668 3494 curabat,

2091 3509 2148 3555 ut
2189 3516 2284 3570 per
2311 3502 2433 3557 vita:
2479 3505 2812 3560 sanctitatem
2861 3523 3082 3578 regnum
3113 3512 3324 3569 caeleste
3353 3529 3670 3588 mereretur,

2087 3601 2142 3646 et
2169 3593 2382 3661 quidem
2416 3610 2510 3663 per
2540 3596 2662 3649 vitae
2704 3599 3015 3654 monasticae
3043 3604 3314 3658 exercitia.
3360 3606 3438 3662 Ex
3465 3610 3667 3667 educa~

2087 3682 2246 3736 tionis
2273 3692 2450 3738 autem
2476 3686 2636 3741 modo
2662 3696 2828 3741 totum
2858 3690 3119 3758 pendebat
3149 3711 3162 3747 :
3190 3709 3512 3768 quapropter
3538 3718 3672 3758 con-

2079 3771 2193 3842 jugi
2232 3773 2399 3827 suasit
2443 3782 2499 3828 ut
2528 3776 2677 3830 illum
2707 3779 3045 3835 Antiochiam
3079 3785 3355 3854 mitteret,
3386 3800 3442 3844 ut
3465 3791 3538 3847 ibi
3565 3794 3670 3850 lin-

2084 3878 2240 3932 guam
2280 3864 2521 3920 Latinam
2555 3876 2609 3922 et
2634 3867 2873 3923 Grarcam
2901 3873 3162 3928 edisceret
3189 3887 3470 3949 antequam
3499 3883 3673 3941 balteo

2087 3954 2538 4025 praecingeretur;
2583 3973 2702 4028 quae
2730 3958 2894 4015 baltei
2923 3963 3233 4032 przecinetio
3262 3977 3385 4025 tunc
3411 3971 3480 4026 ad
3506 3978 3675 4046 magi-

2087 4052 2288 4099 stratus
2327 4054 2381 4100 et
2428 4047 2794 4105 nobilissimos
2842 4052 2986 4108 viros
3034 4056 3347 4122 pertinebat.
3404 4061 3516 4118 Sub
3557 4065 3671 4121 base

2088 4144 2264 4190 autem
2295 4137 2592 4193 solitarium
2623 4155 2690 4196 ex
2730 4144 2998 4199 montibus
3041 4149 3319 4215 evocavit,
3367 4152 3436 4208 ab
3473 4155 3670 4227 illoque

2091 4228 2282 4296 petiit,
2325 4239 2383 4283 ut
2409 4230 2501 4285 filii
2532 4233 2614 4286 sui
2640 4234 2977 4291 Antiochiam
3004 4238 3069 4292 ad
3107 4242 3279 4297 studia
3309 4245 3550 4304 mittendi
3581 4267 3675 4306 cu-

2089 4337 2205 4376 ram
2236 4323 2481 4390 haberet,
2519 4326 2724 4396 ipsique
2752 4328 3022 4399 paedagogi
3053 4331 3170 4386 loco
3191 4345 3352 4390 esset.
3379 4337 3672 4398 Obniteba-

2092 4425 2181 4470 tur
2205 4416 2294 4470 ille
2322 4431 2383 4470 ac
2424 4417 2674 4482 dicebat,
2728 4418 2778 4471 id
2811 4418 2975 4473 officii
3023 4436 3128 4476 non
3173 4440 3329 4493 posse
3367 4442 3672 4500 competere

2090 4507 2374 4562 monacho.
2425 4508 2495 4562 At
2533 4508 2620 4562 illa
2661 4509 2872 4564 obnixis
2904 4514 3149 4579 precibus
3191 4526 3297 4570 tam
3330 4521 3677 4580 vehementer

2092 4600 2316 4665 institit,
2371 4608 2431 4653 ut
2479 4599 2693 4653 demum
2746 4603 3040 4658 monachus
3087 4605 3488 4677 obsequeretur.
3541 4614 3674 4670 Cum

2092 4707 2258 4763 puero
2306 4692 2465 4762 igitur
2505 4692 2840 4747 Antiochiam
2894 4697 3059 4749 venit.
3113 4696 3347 4754 Joannes
3374 4718 3536 4770 vero,
3584 4710 3672 4777 qui

2092 4791 2215 4838 tunc
2245 4783 2298 4836 in
2325 4784 2457 4838 urbe
2485 4793 2597 4838 erat
2617 4825 2634 4850 ,
2681 4793 2734 4838 et
2765 4785 2907 4839 illum
2939 4787 2993 4840 in
3032 4791 3353 4843 monasterio
3395 4793 3672 4863 degentem

2091 4876 2328 4943 viderat,
2387 4885 2724 4946 percontatus
2769 4885 2852 4930 est
2893 4877 3017 4946 quid
3060 4894 3234 4934 causa:
3277 4895 3420 4938 esset
3469 4896 3525 4940 ut
3568 4889 3674 4944 tale

2092 4968 2328 5023 officium
2356 4967 2668 5036 susciperet.
2725 4967 2816 5022 Ille
2846 4984 2973 5022 vero
3002 4985 3116 5024 rem
3144 4977 3378 5030 narravit
3407 4987 3464 5032 ut
3492 4994 3674 5049 supra.

2093 5058 2431 5126 Puerumque
2458 5056 2534 5110 sic
2555 5055 2809 5117 instituit,
2843 5059 2919 5113 sic
2948 5059 3014 5112 ad
3046 5065 3352 5119 monasticzn
3383 5068 3504 5122 vita:
3529 5085 3676 5123 amo-

2093 5164 2206 5204 rem
2248 5147 2628 5212 inflammavit,
2661 5158 2721 5202 ut
2749 5150 2906 5218 paulo
2938 5163 3119 5221 postea
3145 5155 3194 5207 in
3219 5156 3558 5213 solitudinem
3587 5176 3674 5216 se-

2093 5241 2338 5303 cederet,
2371 5247 2424 5292 et
2455 5239 2524 5293 ibi
2555 5241 2903 5295 monasticam
2932 5243 3092 5296 vitam
3132 5259 3424 5302 exerceret.
3473 5250 3669 5306 Verum

2092 5331 2323 5386 Joannes
2369 5339 2550 5384 noster
2597 5341 2842 5388 metuens
2883 5349 2950 5388 ne
2977 5345 3126 5404 pater
3150 5337 3300 5405 ejus,
3350 5340 3440 5408 qui
3486 5350 3673 5398 natura

2095 5421 2377 5476 iracundus
2406 5429 2520 5476 erat
2541 5462 2554 5485 ,
2593 5422 2646 5477 in
2672 5422 2905 5478 furorem
2933 5440 3136 5486 versus,
3169 5437 3222 5480 et
3247 5428 3594 5500 pzedagogum
3624 5447 3676 5490 et

2094 5513 2390 5568 monachos
2431 5513 2569 5568 male
2610 5515 2896 5581 multaret,
2945 5517 3157 5570 domum
3192 5530 3434 5588 repetere
3459 5527 3673 5596 coegit:

2095 5605 2183 5660 ubi
2214 5605 2305 5661 ille
2333 5620 2363 5659 a
2393 5603 2677 5676 paedagogo
2705 5606 2780 5660 sic
2805 5606 3078 5661 institutus
3102 5650 3115 5671 ,
3151 5609 3364 5666 lectioni
3389 5613 3675 5686 Scriptura:

2097 5711 2261 5750 sacra:
2286 5738 2300 5760 ,
2340 5695 2586 5765 jejuniis,
2616 5697 2805 5766 vigiliis
2832 5698 3143 5768 czeterisque
3171 5705 3478 5759 monasticis
3519 5721 3678 5762 exer-

2098 5790 2236 5844 citiis
2261 5789 2418 5844 dabat
2461 5804 2676 5859 operam
2709 5807 2722 5842 :
2751 5803 2978 5860 cumque
3022 5793 3230 5863 ingenio
3271 5797 3503 5864 valeret,
3547 5800 3681 5857 alios

2099 5881 2258 5935 etiam
2300 5894 2492 5950 pueros
2543 5881 2607 5934 ad
2652 5879 2879 5950 idipsum
2926 5883 3048 5937 vitae
3076 5898 3244 5953 genus
3270 5885 3472 5943 allcxit.
3523 5889 3679 5946 Pater

2102 5988 2228 6028 vero
2257 5973 2419 6043 ipsius
2450 5973 2581 6028 nihil
2609 5987 2715 6029 non
2741 5973 2846 6044 egit
2877 5983 2935 6030 ut
2955 5975 3100 6031 illum
3119 5975 3185 6031 ab
3213 5976 3312 6034 hoc
3342 5980 3464 6036 vita:
3485 5997 3679 6053 genere
