4504 6698
796 544 863 601 95
1890 524 1947 578 ὃ.
1977 519 2254 579 ωΑΝδιε
2289 512 2575 572 CIIRYSOE

2289 512 2766 573 CIIRYSOSTOMI
2809 516 2987 577 \‘lTA.
3993 519 4062 574 96

798 666 1098 724 averteret;
1126 666 1177 711 at
1204 655 1293 709 ille
1322 649 1547 707 feliciter
1561 644 1750 714 emptis
1775 642 1847 697 ita
1875 641 2099 697 firmiter
2123 636 2379 693 haerebat.

798 769 859 810 ut
886 751 1017 807 nihil
1045 756 1222 821 posset
1243 760 1364 802 eum
1391 743 1495 798 alio
1520 738 1804 797 abducere.

876 842 1075 899 Eodem
1115 838 1327 893 circiter
1358 844 1600 903 tempore
1626 828 1869 884 emisisse
1913 825 2126 879 videtur
2152 822 2385 889 Chryso-

802 948 1008 992 stomus
1053 930 1369 1000 Opusculum
1410 924 1538 981 illud
1578 922 1826 989 elegans,
1871 917 2014 987 quod
2063 912 2386 975 inscribitur,

805 1026 1133 1095 Comparatio
1166 1023 1319 1092 Regis
1344 1031 1391 1074 et
1416 1015 1653 1071 Monachi
1682 1012 1768 1085 (Τ.
1796 1013 1850 1067 1.
1876 1025 1923 1063 c.
1948 1011 2049 1062 387
2070 1008 2114 1079 ).
2145 1006 2238 1060 llic
2263 1017 2392 1057 vero

805 1119 999 1189 probat
1039 1132 1161 1171 eum
1202 1114 1289 1183 qui
1328 1106 1678 1179 ρῐ.ξιοεορὶιί;ιξ
1702 1147 1718 1172 ,
1749 1102 1802 1158 id
1827 1112 1909 1158 cst
1935 1102 2058 1155 vita:
2089 1095 2393 1151 monastic-.e

808 1186 901 1268 dat
930 1225 1178 1280 operam,
1228 1218 1407 1273 regem
1434 1216 1560 1256 vere
1587 1199 1691 1253 dici
1720 1211 1914 1268 posse;
1954 1195 2062 1247 imo
2088 1204 2213 1257 rege
2233 1186 2394 1241 ditio-

809 1319 923 1359 rem
962 1278 1015 1356 et
1059 1297 1413 1368 potentiorem
1438 1336 1453 1359 ,
1485 1294 1537 1347 in
1576 1290 1719 1345 bello
1748 1288 2025 1342 fortiorem
2048 1325 2064 1350 ,
2094 1278 2396 1336 hominibus

810 1391 1151 1449 demerendis
1180 1405 1242 1444 ac
1272 1386 1531 1441 beneficio
1557 1380 1812 1436 ornandis
1848 1377 2109 1446 aptiorem
2129 1414 2144 1439 ,
2173 1370 2225 1424 in
2251 1369 2396 1423 obitu

811 1486 1128 1541 beatiorem.

888 1577 953 1631 In
1005 1573 1243 1645 spelunca
1285 1585 1374 1640 per
1418 1567 1671 1621 biennium
1715 1563 1940 1617 inclusus
1986 1564 2172 1611 manet.
2217 1582 2289 1593 —
2339 1550 2397 1604 In

815 1644 1085 1725 montibus
1129 1673 1184 1719 et
1226 1662 1281 1716 in
1329 1656 1687 1714 tabernaculis
1737 1651 2121 1708 monachorum
2168 1644 2402 1701 Joannes

816 1766 999 1813 noster
1026 1769 1122 1827 per
1146 1750 1555 1824 quadriennium
1586 1746 1869 1801 asceticam
1894 1743 2003 1813 egit
2032 1741 2191 1794 vitam
2226 1736 2244 1807 (
2268 1733 2396 1787 Pal-

820 1849 927 1903 lad.
953 1864 1005 1917 p.
1036 1844 1127 1917 41)
1152 1885 1166 1907 .
1219 1844 1271 1897 in
1313 1841 1532 1912 jcjuniis
1557 1881 1572 1905 ,
1602 1836 1795 1907 vigiliis
1818 1876 1833 1899 ,
1860 1833 2189 1904 psalmorum
2218 1835 2399 1890 cantu,

819 1916 1137 2006 cmterisque
1164 1932 1425 2004 ejusmodi
1450 1929 1720 1985 exercitiis
1751 1925 1890 1980 diem
1916 1932 1971 1978 et
2008 1930 2209 1991 partem
2235 1916 2407 1970 noctis

822 2032 1110 2087 maximam
1141 2028 1438 2095 transigens
1461 2065 1478 2089 ,
1511 2023 1626 2076 solo
1651 2034 1786 2088 pane
1811 2026 1866 2072 et
1892 2029 2048 2083 aqua,
2077 2010 2270 2065 additis
2296 2009 2407 2062 for-

824 2133 968 2177 tasse
998 2120 1233 2174 oleribus
1253 2118 1338 2170 vel
1360 2113 1733 2185 leguminibus.
1762 2109 2009 2163 victitans
2039 2121 2055 2159 :
2086 2117 2257 2173 neque
2290 2108 2404 2154 tam

823 2225 1011 2268 scvera
1048 2209 1323 2277 disciplina
1350 2215 1405 2261 et
1430 2205 1598 2258 victus
1641 2200 1848 2255 ratione
1886 2194 2161 2252 remissior
2189 2191 2412 2247 eﬁ‘eetus

824 2316 906 2359 cst
929 2345 943 2368 ,
994 2304 1099 2357 imo
1130 2316 1256 2355 vero
1285 2297 1555 2353 ardentior
1581 2292 1750 2349 evasit
1768 2332 1784 2357 ,
1826 2298 1882 2344 et
1908 2297 2025 2358 post
2046 2294 2280 2357 quatuor
2299 2282 2411 2336 ela-

828 2409 953 2465 psos
979 2408 1147 2447 annos
1174 2392 1226 2445 in
1257 2390 1569 2460 Speluncam
1600 2400 1660 2439 se
1688 2384 1838 2437 solus
1867 2378 2097 2435 inclusit.
2126 2374 2261 2443 Quid
2287 2387 2414 2427 vero

825 2489 947 2543 istic
975 2494 1177 2555 aaleret,
1208 2497 1312 2537 non
1342 2492 1424 2537 est
1449 2476 1851 2549 disquirendum
1876 2515 1892 2540 ,
1928 2486 2102 2541 neque
2130 2484 2159 2523 a
2188 2468 2414 2535 scripto-

828 2580 977 2633 rlbus
1024 2585 1307 2639 narratur,
1359 2580 1563 2627 certum
1612 2578 1791 2623 tamen
1834 2572 1920 2621 est
1964 2577 2085 2618 eum
2135 2559 2265 2615 nihil
2307 2572 2413 2612 non

829 2668 1003 2737 egisse
1028 2674 1087 2720 ut
1109 2678 1323 2720 carnem
1350 2661 1594 2716 domaret
1629 2666 1683 2712 et
1724 2656 1835 2711 Deo
1870 2651 2193 2708 ferventiore
2217 2648 2412 2717 junge-

831 2769 980 2813 retur
1000 2769 1201 2809 amore.
1230 2753 1331 2807 Per
1361 2750 1629 2805 biennium
1660 2743 1984 2801 antem'istic
2010 2740 2246 2795 inclusus
2272 2751 2414 2790 man-

830 2850 920 2913 sit,
948 2847 1215 2915 longiores
1242 2842 1380 2897 haud
1398 2841 1557 2895 dubie
1581 2840 1821 2893 facturus
1837 2848 2035 2898 moras,
2064 2832 2165 2887 nisi
2190 2830 2413 2883 adversa

829 2936 1135 2992 valetudine
1175 2935 1421 2989 laborans
1446 2974 1459 2995 ,
1506 2946 1570 2985 ex
1619 2928 1868 2998 spelunca
1894 2935 1948 2980 et
1973 2940 2037 2979 ex
2064 2921 2333 2977 montibus
2362 2919 2413 2972 in

833 3030 1022 3084 urbem
1074 3026 1250 3082 redire
1300 3032 1518 3079 coactus
1568 3028 1731 3075 esset.
1797 3016 1930 3071 Illud
1977 3029 2108 3069 vero
2154 3010 2417 3066 accidisse

834 3118 1054 3172 omnino
1098 3115 1306 3170 videtur
1350 3126 1491 3166 anno
1537 3110 1647 3179 jam
1695 3116 1936 3162 vertente
1985 3103 2090 3157 380
2120 3120 2132 3155 :
2165 3102 2234 3154 ita
2274 3098 2418 3153 enim

834 3209 1100 3265 constabit
1121 3222 1150 3259 a
1173 3205 1327 3260 nobis
1346 3203 1633 3257 constituta
1657 3210 1953 3268 temporum
1973 3194 2143 3248 ratio:
2165 3192 2209 3245 si
2228 3202 2420 3259 nempe

833 3301 920 3355 vel
954 3305 1193 3353 vertente
1217 3310 1357 3348 anno
1382 3292 1507 3354 574,
1532 3291 1617 3342 vel
1645 3290 1860 3342 ineunte
1882 3286 2006 3348 375,
2040 3281 2105 3335 ad
2128 3289 2336 3334 montes
2364 3285 2421 3332 et

836 3389 1160 3445 monasteria
1199 3402 1257 3440 se
1282 3382 1603 3444 contulerit,
1634 3380 1810 3449 ibique
1835 3392 1930 3432 sex
1956 3389 2126 3430 annos
2150 3379 2241 3427 aut
2264 3370 2421 3426 circi—

839 3495 922 3538 ter
948 3479 1297 3548 transegerit,
1325 3486 1382 3529 ut
1406 3473 1675 3529 Palladius
1701 3470 1883 3525 refert.

910 3572 1069 3626 Annis
1096 3568 1220 3633 380,
1252 3568 1375 3622 58!.
1406 3565 1589 3619 Redua:
1607 3562 1812 3615 domum
1840 3558 2009 3612 scribit
2029 3557 2096 3609 ad
2114 3554 2414 3624 Stagirium.

842 3662 904 3718 Τ.
942 3664 990 3716 1.
1022 3684 1069 3720 c.
1092 3662 1215 3721 425.
1246 3656 1520 3710 -—-Redux
1546 3654 1761 3707 domum
1783 3659 1837 3705 et
1859 3648 2163 3703 infirmitate
2180 3644 2420 3713 corporis

839 3756 1088 3810 raborans
1126 3750 1361 3805 inclusus
1406 3761 1624 3801 manere
1649 3742 1977 3814 eligebatur,
2023 3736 2418 3793 advenientium

836 3844 1043 3899 visendi
1080 3856 1238 3897 causa
1265 3839 1557 3894 amicorum
1588 3824 1870 3904 colloquiis
1899 3831 2135 3885 animum
2164 3839 2417 3883 recreans

838 3948 895 3991 et
922 3933 1248 4007 aegritudinis
1276 3928 1611 3986 incommoda
1644 3926 1872 3981 leniens.
1914 3923 2080 3977 Paulo
2131 3928 2251 3990 post
2288 3917 2412 3972 red-

846 4030 980 4084 itum
1008 4041 1179 4089 suum,
1204 4033 1256 4078 et
1285 4021 1521 4090 quidem,
1552 4019 1596 4072 si
1624 4016 1834 4071 Socrati
1860 4012 1993 4067 fides
2021 4013 2110 4076 sit,
2139 4017 2419 4079 postquam

841 4118 1098 4172 diaconus
1125 4129 1155 4167 a
1181 4112 1390 4167 Mcletio
1417 4108 1692 4163 ordinatus
1728 4104 1925 4170 fuerat,
1953 4102 2118 4155 libros
2144 4099 2209 4153 ad
2241 4098 2418 4165 Stagi-

842 4209 979 4263 rium
1007 4222 1036 4259 a
1062 4205 1305 4260 dmmone
1348 4210 1590 4255 vexatum
1614 4240 1631 4265 ,
1676 4206 1729 4253 et
1766 4196 1868 4250 sibi
1902 4203 2054 4247 antea
2082 4192 2419 4253 familiarem,

845 4296 1059 4365 scripsit
1102 4309 1244 4348 anno
1280 4291 1386 4346 380
1420 4296 1698 4354 vertente,
1739 4287 1820 4341 vel
1851 4286 1948 4340 581
1986 4284 2219 4337 ineunte.
2270 4279 2422 4346 Quod

839 4396 1016 4442 autem
1044 4386 1105 4440 id‘
1125 4384 1322 4439 factum
1350 4383 1564 4437 sitcum
1592 4379 1736 4433 domi
1762 4384 1926 4441 esset,
1946 4383 1998 4429 et
2025 4373 2213 4443 capitis
2236 4371 2423 4425 dolore

838 4476 1183 4545 corporisque
1231 4472 1540 4528 infirmitate
1582 4469 1832 4524 detentus
1863 4465 2043 4536 egredi
2078 4479 2184 4517 non
2217 4470 2419 4531 posset,

844 4567 960 4634 ipse
985 4564 1219 4618 declarat
1247 4563 1396 4615 initio
1420 4559 1577 4631 primi
1617 4558 1737 4611 libri
1766 4557 1848 4610 his
1874 4556 2084 4609 verbis:
2117 4554 2423 4621 Oportuerat

841 4671 935 4708 nos
960 4654 1045 4705 tibi
1068 4666 1203 4704 nunc
1228 4651 1401 4703 adesse
1423 4690 1437 4713 ,
1460 4640 1617 4715 atque'
1636 4649 1689 4698 in
1713 4661 2050 4698 wrtmmarum
2077 4654 2279 4696 tuarum
2303 4658 2424 4694 con-

841 4745 1051 4800 sortium
1074 4742 1289 4795 transire
1305 4781 1319 4803 ,
1345 4755 1406 4792 ac
1426 4738 1584 4793 verbis
1610 4736 1920 4789 exhortando
1944 4774 1958 4795 ,
1996 4748 2144 4801 apere
2169 4731 2422 4800 juvando,

846 4844 1125 4905 cunctaque
1147 4833 1341 4901 reliqua
1369 4846 1460 4899 pro
1493 4828 1624 4881 virili
1662 4835 1836 4879 nostra
1861 4834 2004 4893 parte
2039 4821 2301 4891 inferendo
2332 4819 2423 4872 ob-

842 4929 1015 4994 sequia
1034 4969 1049 4993 ,
1096 4935 1286 4994 portent
1314 4925 1536 4992 aliquam
1559 4920 1716 4975 lenire
1740 4918 1969 4971 maeroris
1999 4931 2019 4969 :
2048 4914 2284 4981 quoniam
2310 4926 2424 4964 vero

842 5029 890 5073 et
924 5016 1147 5083 corporis
1163 5014 1299 5066 mala
1322 5010 1551 5064 valetudo
1576 5051 1591 5075 ,
1620 5019 1666 5063 et
1690 5010 1912 5061 invectus
1940 5006 1994 5058 in
2024 5011 2175 5073 caput
2199 5011 2425 5055 nostrum

846 5106 1028 5169 dolor,
1076 5102 1211 5156 domi
1257 5117 1347 5154 nos
1375 5115 1578 5152 manere
1615 5098 1985 5164 compulerunt,
2013 5092 2252 5162 nobisque
2296 5091 2425 5143 tanti

845 5196 976 5252 lucri
1003 5194 1333 5247 ministerium
1368 5189 1717 5252 abstulerunt;
1757 5189 1870 5256 jam
1898 5186 2031 5255 quod
2074 5185 2322 5253 reliquum
2352 5192 2425 5237 est

846 5303 939 5358 pro
960 5284 1303 5340 consolatione
1328 5293 1413 5335 tua
1439 5290 1487 5334 et
1513 5294 1606 5348 pro
1636 5278 1850 5331 utilitate
1879 5286 2050 5329 nostra
2074 5316 2090 5341 ,
2132 5276 2225 5328 hoc
2259 5284 2313 5327 ut
2339 5279 2423 5343 [ac

849 5379 1011 5432 cultas
1039 5384 1211 5430 nostra
1235 5374 1360 5442 [cret
1382 5412 1397 5435 ,
1422 5370 1658 5424 inducere
1686 5385 1788 5422 non
1808 5365 2141 5435 negligemus.

925 5468 1048 5521 llzcc
1088 5466 1238 5519 initio
1275 5462 1435 5517 verba
1475 5459 1694 5514 Joannis
1721 5456 1997 5511 attulimus
2020 5494 2036 5520 ,
2084 5452 2234 5522 qu'eis
2261 5451 2426 5504 Tille-

847 5560 1035 5616 iuontii
1061 5557 1343 5626 objectioni
1389 5552 1810 5623 respondeamus
1832 5592 1845 5615 ,
1876 5549 1969 5620 qui
1992 5547 2123 5603 dicit
2150 5562 2164 5599 :
2191 5544 2425 5599 Joannes

846 5651 1024 5706 omnia
1047 5665 1163 5720 qua:
1190 5648 1255 5701 de
1291 5646 1521 5716 Stagirio
1564 5643 1920 5698 narrabantur
1944 5681 1959 5707 ,
2011 5655 2070 5694 se
2098 5637 2312 5693 audisse
2342 5636 2427 5690 di-

848 5748 959 5801 cit:
987 5743 1033 5800 si
1058 5756 1187 5797 vero
1223 5740 1515 5794 Antiochiae
1540 5737 1759 5801 fuisset.
1788 5735 2011 5791 vidisset
2036 5734 2179 5802 ipse,
2212 5745 2309 5785 nec
2336 5745 2428 5784 so-

853 5840 960 5891 lum
1000 5835 1182 5891 auditu
1232 5831 1560 5903 percepisset
1605 5829 1672 5883 ab
1715 5829 1853 5883 aliis.
1901 5824 2054 5881 Unde
2103 5824 2264 5878 infert
2306 5831 2431 5875 tunc

855 5930 1107 5985 Joannem
1150 5926 1201 5980 in
1243 5921 1530 5980 solitudine
1559 5922 1642 5976 vel
1672 5922 1725 5975 in
1762 5920 2010 5992 spelunca
2038 5958 2052 5983 ,
2102 5932 2206 5973 non
2238 5914 2424 5970 Antiu-

2491 633 2627 690 chire
2657 634 2840 690 fuisse.
2870 633 2964 688 Cui
2993 632 3280 703 objectioni
3307 633 3537 691 Joannes
3559 648 3589 688 a
3619 634 3877 704 principio
3904 641 4046 708 aptis

2491 729 2629 783 sime
2688 726 2963 797 respondit
3005 736 3065 779 ut
3110 741 3271 797 supra
3302 747 3316 783 :
3346 729 3486 784 unde
3532 728 3697 797 liquet
3734 728 3881 782 illum
3922 732 4069 785 domi

2496 818 2804 873 infirmitate
2833 817 3163 872 laborantem
3201 819 3314 875 haec
3341 819 3644 888 scripsisse,
3676 832 3779 872 non
3809 828 3983 874 autem
4013 825 4066 874 in

2495 911 2748 976 Spelunca
2774 910 3072 979 degentem.

2568 1000 2825 1070 Stagirius
2850 1000 3005 1067 igitur
3024 998 3187 1053 nobili
3209 1001 3328 1057 loco
3355 1012 3529 1067 natus,
3558 1016 3587 1056 a
3615 1001 3811 1057 teneris
3840 1000 3890 1054 in
3916 1000 4073 1054 (ibri-

2500 1094 2672 1144 stiana
2701 1092 2802 1145 fide
2830 1090 3118 1154 educatus,
3135 1091 3396 1161 principio
3414 1094 3627 1162 quidem
3655 1092 3882 1148 terrenis
3908 1092 4073 1147 rebus

2500 1181 2746 1236 addictus
2771 1188 2925 1244 erat;
2972 1178 3066 1232 sed
3107 1179 3254 1234 brevi
3300 1192 3483 1250 postea
3511 1184 3771 1238 abdicatis
3806 1183 4073 1238 facultati-

2502 1270 2602 1325 bus
2625 1272 2912 1342 mundique
2935 1269 3160 1335 deliciis,
3187 1271 3349 1326 vitam
3370 1277 3741 1342 monasticam,
3768 1277 3930 1331 invito
3950 1275 4079 1331 licet

2502 1362 2902 1432 reluctanteque
2948 1370 3131 1430 patre,
3187 1362 3461 1429 amplexus
3517 1374 3619 1420 est.
3692 1366 3846 1421 Initio
3900 1376 4077 1421 tamen

2504 1469 2611 1508 non
2662 1454 2733 1508 ita
2771 1454 3085 1525 diligenter,
3130 1460 3189 1505 ut
3242 1466 3338 1521 par
3386 1453 3612 1520 fuisset,
3652 1457 3749 1512 sed
3792 1458 4082 1513 oscitanter

2505 1554 2561 1599 ct
2606 1544 2966 1615 perfunctorie
3010 1558 3094 1596 res
3137 1543 3391 1597 asceticas
3440 1546 3729 1611 tractabat,
3768 1551 4082 1619 generisque

2506 1637 2589 1690 sui
2632 1636 2819 1691 fiducia
2855 1635 3036 1698 fretus,
3068 1644 3347 1689 monentes
3369 1650 3428 1689 se
3456 1651 3596 1706 aegre
3628 1637 3956 1694 admittebat.
3978 1639 4085 1695 Ve-

2508 1742 2627 1781 rum
2656 1727 3005 1797 prospiciente
3033 1730 3265 1791 numine,
3293 1741 3359 1781 ne
3390 1738 3507 1796 post
3527 1740 3795 1798 peractum
3818 1738 4084 1787 tantarum

2508 1832 2672 1888 opum
2698 1819 3032 1881 sacrificium,
3061 1818 3228 1871 levius
3254 1819 3529 1887 przemium
3549 1819 3807 1890 Stagirius
3834 1822 4077 1888 referret,

2510 1923 2541 1962 a
2569 1909 2812 1964 daemone
2847 1909 3128 1978 corripitur
3168 1917 3224 1962 et
3263 1910 3595 1978 exagitatur;
3641 1912 3711 1965 ita
3752 1922 3807 1966 ut
3832 1912 4087 1968 distortas

2513 2014 2704 2053 manus
2730 1999 2971 2062 vidisses,
3003 2008 3181 2052 torvos
3209 1999 3411 2061 oculos,
3440 1999 3549 2052 oris
3576 2014 3838 2069 spumam,
3862 2002 4087 2058 borren~

2514 2089 2636 2144 dam
2664 2099 2717 2145 et
2738 2090 3012 2144 confusam
3038 2104 3247 2155 vocem,
3274 2090 3520 2157 corporis
3546 2098 3858 2157 tremorem,
3880 2093 4087 2148 diutur-

2514 2198 2637 2236 nam
2683 2198 2872 2238 sensus
2922 2182 3275 2251 privationem
3321 2200 3335 2235 :
3378 2196 3441 2235 ac
3498 2182 3738 2251 repetitis
3786 2183 4093 2255 frequenter.

2513 2274 2718 2328 vicibus
2767 2289 2933 2343 usque
2981 2274 3116 2328 adeo
3161 2283 3425 2341 vexatur,
3472 2281 3530 2327 ut
3569 2274 3625 2328 in
3658 2274 3965 2345 desperatos
3989 2279 4090 2334 sibi

2516 2374 2744 2420 mortem
2774 2364 3139 2419 consciscendi
3168 2364 3516 2433 cogitationes
3564 2365 3828 2420 interdum
3853 2369 4083 2421 veniret.

2518 2456 2651 2511 Hinc
2680 2472 2879 2512 maeror
2901 2467 2955 2511 et
2993 2458 3205 2511 tristitia
3238 2458 3439 2525 ingens.
3497 2456 3605 2511 Via:
3632 2471 3820 2513 omnes
3852 2458 4090 2528 placandi

2520 2547 2610 2601 Dei
2644 2556 2911 2601 tentantur
2932 2588 2947 2614 ,
2981 2548 3120 2601 nulla
3157 2547 3365 2615 proficit
3396 2564 3410 2600 :
3437 2557 3742 2602 sanctorum
3773 2563 3956 2617 preces
3994 2549 4091 2603 ad-

2520 2639 2793 2706 bibentur,
2820 2654 2918 2693 nec
2946 2639 3242 2693 vexationis
3273 2639 3390 2692 finis
3417 2639 3749 2706 impetratur.
3781 2639 3880 2693 Hic
3908 2649 4084 2693 tamen

2516 2745 2583 2786 ex
2637 2739 2713 2784 tot
2758 2731 3009 2785 aerumnis
3061 2729 3263 2784 fructus
3314 2730 3639 2798 percipitur,
3696 2738 3756 2783 ut
3808 2728 3898 2799 qui
3955 2730 4091 2781 olim

2517 2823 2808 2877 oscitanter
2851 2836 2909 2876 se
2951 2822 3213 2892 gerebat,
3256 2822 3367 2891 jam
3414 2820 3702 2875 ferventius
3732 2819 3812 2889 pia
3838 2818 4089 2874 exercitia

2518 2915 2581 2969 ad
2589 2915 2709 2971 imt.

2590 3005 2815 3059 Narratu
2859 3012 3036 3059 autem
3077 3001 3356 3072 TheOphili
3388 3001 3630 3070 Ephesii,
3674 3000 3762 3071 qui
3792 3009 3845 3054 et
3872 3000 4094 3055 J0annis

2521 3104 2576 3149 et
2602 3095 2811 3163 Stagirii
2838 3094 3040 3148 amicus
3068 3103 3211 3159 erat,
3262 3101 3515 3146 evocatur
3543 3092 3607 3145 ad
3642 3099 3798 3145 tantae
3827 3091 4095 3145 calamita-

2525 3187 2592 3242 tis
2620 3185 2865 3239 solatium
2885 3184 3141 3249 Joannes,
3175 3184 3339 3253 ipsins
3368 3185 3569 3237 amicus
3602 3199 3615 3235 :
3647 3182 3878 3250 quicum
3908 3181 4095 3236 morbo

2523 3277 2771 3331 detentus
2799 3317 2815 3340 ,
2854 3275 3015 3329 domo
3062 3274 3322 3329 excedere
3369 3288 3474 3327 non
3505 3274 3740 3338 valeret,
3784 3280 3891 3326 tres
3936 3271 4097 3326 hosce

2524 3369 2689 3421 libros
2739 3366 2991 3435 scripsit,
3054 3365 3302 3420 leniendo
3353 3364 3525 3419 dolori
3578 3372 3903 3433 opportunos
3945 3379 3959 3414 :
4007 3361 4095 3416 ubi

2522 3458 2769 3527 exemplo
2785 3466 3087 3512 sanctorum
3106 3457 3377 3527 utriusque
3394 3455 3711 3510 Testamenti
3731 3454 3914 3524 probat
3931 3453 4095 3508 Deum

2523 3550 2605 3605 vel
2635 3549 2926 3604 carissimis
2944 3549 3044 3603 sibi
3067 3549 3190 3601 viris
3214 3547 3473 3601 atrociora
3500 3547 3617 3601 ideo
3638 3545 3919 3600 immisisse
3935 3543 4095 3608 mala,

2522 3650 2578 3696 ut
2595 3640 2791 3711 majora
2818 3640 3031 3709 praemia
3057 3638 3545 3709 splendidioresqne
3561 3652 3787 3693 coronas
3806 3636 4087 3691 tribueret.

2521 3732 2769 3788 Animum
2800 3733 2874 3786 ait
2898 3731 3293 3785 calamitatibus
3334 3730 3588 3786 afﬂictum
3610 3772 3625 3796 ,
3668 3729 3956 3785 ferventius
3981 3727 4094 3779 Deo

2519 3822 2815 3892 divinisque
2839 3822 2999 3876 rebus
3024 3820 3226 3875 lucrere
3254 3837 3268 3873 :
3300 3820 3533 3875 maculas
3556 3833 3743 3873 omnes
3762 3826 3816 3871 et
3843 3816 3968 3870 vitia
3994 3814 4093 3867 hac

2520 3916 2727 3969 ratione
2768 3914 2925 3967 citius
2969 3911 3244 3982 abstergi:
3292 3921 3347 3966 ut
3388 3910 3555 3981 ipsius
3596 3908 3808 3978 Stagirii
3853 3904 4098 3973 exemplo

2521 4003 2856 4073 comprobari
2884 4012 3129 4072 poterat,
3160 4003 3250 4073 qui
3276 4003 3553 4057 oscitantia
3575 4042 3590 4066 ,
3622 4009 3857 4066 torpore,
3891 4005 4098 4050 tumore

2523 4093 2844 4155 eliminatis.
2884 4094 2995 4160 jam
3044 4093 3182 4146 inter
3232 4092 3589 4146 ferventiores
3640 4086 3832 4141 Christi
3872 4085 4098 4140 athletas

2525 4184 2725 4253 primas
2768 4192 2990 4237 teneret.
3037 4184 3455 4251 Exemplumque
3500 4179 3652 4233 affert
3677 4178 3975 4248 Demophili
4001 4194 4097 4232 cu-

2522 4274 2735 4344 jusdam
2757 4274 2858 4328 sibi
2884 4275 3188 4328 amicissimi
3219 4275 3353 4337 viri,
3379 4270 3686 4326 Aristoxeni
3718 4277 3773 4325 et
3795 4269 4095 4324 aliorumjn

2524 4365 2861 4421 xenodochio
2905 4364 3206 4434 degentium
3234 4405 3248 4427 ,
3301 4364 3390 4433 qui
3433 4378 3555 4417 cum
3602 4362 3853 4432 patientia
3903 4377 4096 4432 magna

2525 4458 2657 4512 diris
2684 4456 3016 4510 vexabantur
3043 4456 3336 4513 doloribus.
3367 4454 3491 4509 Hmc
3518 4454 3605 4508 ille
3634 4453 3751 4509 fuse
3773 4463 3827 4509 et
3851 4455 4101 4525 par/retice

2528 4567 2622 4621 pro
2650 4565 2798 4603 more
2833 4564 2930 4603 suo
2971 4549 3335 4617 prosequitur,
3362 4562 3425 4602 ac
3449 4547 3666 4602 cuilibet
3691 4546 3938 4602 leniendo
3967 4560 4098 4601 mae-

2527 4643 2635 4697 rori
2658 4638 2952 4694 remedium
2977 4637 3131 4692 oﬂ'crt
3156 4638 3369 4708 legenti.

2596 4731 2829 4785 Joannes
2888 4744 3051 4795 vero,
3098 4729 3221 4799 qui,
3250 4743 3371 4784 cum
3425 4729 3651 4798 primum
3700 4727 3767 4781 ad
3818 4724 4098 4794 Stagirium

2530 4823 2723 4878 librum
2775 4822 3007 4877 scribere
3047 4822 3236 4892 coepit,
3289 4821 3460 4890 ipsum
3507 4821 3655 4875 adire
3699 4833 3804 4873 non
3852 4825 4100 4885 poterat;

2528 4913 2716 4969 morbo
2758 4922 2815 4968 ut
2859 4912 3077 4968 credere
3110 4922 3187 4967 est
3214 4912 3516 4975 relevatus,
3568 4911 3738 4979 ipsum
3785 4906 3913 4960 adiit
3954 4915 4104 4961 aute~

2528 5022 2684 5075 quam
2733 5005 2895 5060 hosce
2942 5006 3106 5060 libros
3156 5004 3487 5065 absolveret,
3528 5009 3585 5054 ut
3631 5000 3744 5068 ipse
3781 5012 3884 5050 non
3937 4998 4102 5051 semel

2528 5097 2779 5151 insinuat.
2832 5094 2983 5148 Domi
3030 5093 3216 5146 morbo
3260 5093 3507 5148 detentus
3560 5096 3713 5149 erat,
3742 5085 3954 5156 quando
3984 5086 4103 5155 plu-

2528 5190 2679 5246 rimis
2753 5186 3088 5242 narrantibus
3149 5184 3363 5255 Stagirii
3429 5180 3782 5236 calamitatem
3849 5176 4102 5243 edidicit,

2528 5290 2590 5336 ut
2638 5280 2753 5349 ipse
2800 5278 2911 5341 ait;
2952 5277 3341 5345 verisimileque
3401 5281 3483 5327 est
3535 5272 3706 5340 ipsum
3763 5268 3815 5322 in
3871 5268 3967 5323 hos
4018 5270 4103 5325 in-

2529 5369 2726 5424 cidisse
2792 5368 3038 5430 morbos,
3086 5366 3326 5435 eorporis
3380 5360 3743 5430 aegritudinem
3808 5367 3863 5414 et
3921 5363 4108 5431 capitis

2531 5459 2769 5514 dolorem
2793 5497 2808 5519 .
2838 5472 2958 5511 cum
2984 5459 3037 5512 in
3077 5459 3352 5528 Spelunca,
3382 5452 3469 5506 ubi
3507 5451 3776 5506 biennium
3809 5455 4102 5525 transegit,

2532 5549 2707 5604 debile
2732 5563 2925 5619 corpus
2966 5556 3263 5605 maceraret
3284 5585 3300 5611 ,
3332 5552 3387 5599 et
3413 5543 3646 5597 animum
3670 5545 3933 5602 exercitiis
3960 5561 4110 5603 asce-

2535 5640 2655 5693 tieis
2680 5649 2935 5710 perpetuo
2962 5641 3222 5695 intentum
3261 5634 3539 5689 detineret.
3553 5635 3839 5709 Postquam
3851 5647 4025 5694 autem
4054 5638 4106 5690 vi

2537 5730 2709 5786 morbi
2737 5732 2789 5787 in
2814 5733 2999 5788 urbem
3026 5738 3080 5784 et
3100 5730 3314 5783 domum
3361 5740 3510 5780 suam
3549 5724 3722 5783 redire
3749 5738 3964 5785 coactus
4003 5736 4104 5785 est.

2538 5824 2762 5880 necdum
2788 5840 2819 5879 a
2848 5824 3036 5879 morbo
3066 5822 3355 5888 recreatus,
3387 5817 3500 5874 hzec
3524 5817 3589 5875 de
3611 5819 3836 5892 Stagirio
3864 5819 4105 5891 plurimis

2543 5915 2878 5971 narrantibus
2900 5912 3116 5965 audivit.
