4504 6724
475 567 538 623 97
1647 563 1837 619 NUNC
1879 563 2143 621 PRIMUM
2183 566 2574 626 ADORNATA.
3671 573 3739 630 98

550 687 802 742 Diaccnus
836 688 1097 742 ordinatur
1127 701 1260 739 anno
1291 690 1506 735 vertente
1553 679 1658 734 580
1683 721 1697 747 ,
1737 680 1814 734 vel
1854 680 2052 736 ineunte

474 779 597 834 581.
627 807 696 819 --
726 778 815 834 Ait
858 779 1106 834 Socrates
1127 817 1141 841 ,
1195 787 1352 842 quem
1397 777 1686 839 sequuntur
1716 769 2053 825 Hermantius

473 872 666 940 aliique
699 884 914 935 omnes,
962 881 1070 922 uno
1116 870 1338 931 excepto
1386 861 1764 927 Tillemontio,
1795 860 2051 917 Joannem

470 962 577 1030 jam
629 961 910 1016 diaconum
975 956 1168 1018 fuisse,
1221 952 1432 1022 quando
1487 951 1552 1005 ad
1593 951 1876 1023 Stagirium
1921 953 2052 1008 scri-

475 1055 594 1120 psit.
635 1053 808 1121 Quid,
850 1051 894 1102 si
939 1045 1143 1100 dicatur
1197 1044 1343 1098 illum
1389 1043 1664 1113 scripsisse
1711 1045 1938 1115 primum
1984 1043 2050 1097 ad

472 1144 756 1213 Stagirium
780 1140 1002 1202 librum,
1032 1135 1243 1206 quando
1280 1135 1467 1190 morbo
1511 1135 1760 1191 detentus
1804 1134 2052 1189 manebat

474 1236 615 1287 domi
641 1272 656 1296 ,
689 1231 930 1296 duosque
960 1227 1092 1280 alios
1131 1234 1407 1296 postquam
1449 1236 1715 1281 recreatus
1747 1241 1776 1279 a
1821 1225 2009 1279 morbo
2033 1266 2047 1290 ,

474 1326 725 1376 diaconus
753 1317 1028 1371 ordinatus
1053 1316 1264 1371 fuerat?
1290 1318 1477 1372 Verum
1509 1317 1622 1372 haec
1648 1317 1872 1371 salebris
1896 1316 2049 1384 plena

473 1422 633 1478 sunt,
667 1425 764 1464 nec
785 1419 961 1479 potest
986 1411 1108 1480 quid
1147 1420 1291 1465 certo
1336 1411 1666 1481 pronuntiari
1701 1429 1712 1462 :
1758 1411 1828 1462 ita
1857 1425 2050 1477 nempe

475 1504 703 1558 breviter
723 1512 777 1557 et
805 1503 1029 1558 obscure
1053 1503 1165 1558 ha‘c
1191 1514 1475 1557 narrantur
1499 1519 1527 1557 a
1555 1502 1775 1556 Socrate
1802 1509 1855 1554 et
1876 1500 2048 1554 Palla-

472 1595 581 1648 dio.
612 1592 678 1648 Ut
707 1603 763 1648 ut
791 1608 879 1648 res
907 1603 987 1648 est
1011 1635 1027 1661 ,
1055 1594 1325 1649 ordinatus
1355 1595 1610 1647 diaconus
1648 1589 1747 1644 fuit
1787 1605 1817 1643 a
1840 1589 2049 1643 Meletio

473 1683 557 1737 vel
582 1698 721 1737 anno
745 1676 984 1739 vertente
1005 1684 1130 1750 580,
1153 1683 1234 1736 vel
1267 1684 1478 1737 ineunte
1507 1682 1604 1737 581
1645 1698 1658 1734 :
1684 1694 1804 1733 nam
1837 1679 2049 1734 ineunte

472 1790 598 1829 vere
630 1775 865 1844 ejusdem
896 1777 1017 1829 anni
1041 1777 1135 1829 581
1172 1776 1410 1830 Meletius
1446 1773 1942 1841 Constantinopolin
1990 1787 2048 1826 se

470 1866 691 1919 contulit
716 1906 729 1928 ,
760 1866 937 1933 ibique
962 1865 1099 1919 diem
1129 1866 1338 1920 cluasit.

545 1954 719 2007 Libros
767 1957 833 2007 ad
873 1955 1082 2008 Viduam
1129 1957 1371 2022 juniorem
1422 1957 1607 2009 scribit.
1633 1986 1704 1995 —
1729 1955 1892 2009 Paulo
1933 1966 2050 2024 post

470 2063 626 2116 quam
666 2048 918 2101 diaconus
948 2049 1151 2102 electus
1182 2048 1280 2102 fuit
1307 2049 1539 2104 Joannes
1574 2048 1731 2118 (Vide
1761 2047 2010 2101 Monitum
2029 2091 2043 2114 ,

471 2149 508 2191 t.
537 2141 586 2193 1.
616 2160 662 2196 c.
687 2139 841 2209 595),
862 2146 919 2193 ut
941 2154 1002 2193 ex
1034 2139 1141 2208 ipsa
1167 2140 1281 2208 ejus
1315 2141 1616 2194 narratione
1641 2140 1921 2209 diligenter
1949 2156 2044 2194 ex-

472 2230 673 2282 plorata
721 2232 828 2298 jam
879 2244 975 2282 suo
1022 2230 1138 2283 loco
1173 2230 1483 2294 statuimus,
1516 2229 1761 2284 videlicet
1799 2241 2042 2286 vertente

468 2336 607 2373 anno
645 2321 768 2386 580,
799 2322 879 2374 vel
924 2321 1138 2374 ineunte
1181 2321 1303 2384 581,
1338 2321 1500 2375 libros
1528 2321 1660 2376 duos
1705 2321 1770 2375 ad
1820 2323 2045 2378 Viduam

473 2413 740 2470 iuniorem
788 2413 1001 2476 emisit,
1031 2413 1128 2465 hac
1170 2412 1358 2465 ductus
1399 2414 1677 2467 occasione
1702 2454 1716 2476 ,
1749 2429 1905 2485 quam
1934 2415 2049 2487 ipse

469 2502 704 2570 pluribus
729 2503 986 2555 enuntiat.
1014 2502 1302 2556 Therasius
1327 2543 1342 2568 ,
1380 2502 1462 2555 vir
1488 2503 1624 2556 inter
1652 2503 1932 2570 primarius
1965 2504 2047 2558 sui

468 2593 719 2663 temporis
748 2594 1084 2662 conspicuus,
1112 2608 1309 2662 genere
1336 2593 1778 2664 facultatibusque
1804 2595 2045 2666 insignis,

465 2701 622 2754 quem
653 2701 775 2754 spes
796 2695 915 2741 erat
943 2686 1007 2739 ad
1038 2685 1376 2755 prml‘ecturas
1408 2695 1784 2754 perventurum
1813 2703 1950 2753 esse;
1979 2689 2045 2742 ad

466 2777 580 2830 hzec
627 2776 922 2845 probitate,
955 2777 1212 2829 modestia
1235 2818 1249 2841 ,
1278 2776 1471 2846 pietate
1506 2784 1761 2831 ornatus:
1785 2778 1836 2831 in
1876 2779 2045 2832 aetatis

467 2867 596 2921 ﬂore
640 2867 778 2920 diem
808 2866 938 2919 obiit
968 2875 1264 2920 extremum
1289 2908 1301 2930 ,
1335 2873 1613 2935 postquam
1645 2880 1812 2920 annos
1840 2875 2040 2920 tantum

464 2961 694 3029 quinque
733 2974 851 3013 cum
902 2973 1066 3012 uxore
1111 2967 1313 3027 egerat.
1357 2957 1523 3023 Quam
1571 2967 1630 3010 ut
1675 2958 2043 3012 consolaretur

466 3053 603 3105 hunc
628 3050 815 3104 librum
845 3050 1011 3104 edidit
1039 3049 1304 3103 Joannes:
1330 3058 1383 3103 et
1409 3050 1580 3118 primo
1603 3049 1696 3103 Dei
1720 3049 2040 3118 singularem

463 3158 586 3211 erga
617 3141 798 3195 viduas
828 3141 1114 3194 exhibitam
1146 3156 1327 3193 curam
1358 3140 1425 3193 ob
1446 3141 1627 3193 oculos
1657 3141 1825 3208 ponit,
1853 3140 2042 3209 quibus

462 3237 621 3290 etiam
663 3236 760 3289 viri
813 3235 930 3289 loco
958 3249 1074 3288 esse
1104 3233 1312 3301 probat.
1341 3232 1472 3286 Hinc
1500 3232 1738 3286 honesta:
1776 3232 2043 3286 \iduitatis

463 3326 767 3393 dignitatem
795 3340 858 3378 ex
890 3324 1034 3377 Pauli
1063 3323 1236 3376 verbis
1262 3321 1528 3387 celebrat,
1550 3337 1720 3392 neque
1748 3323 2038 3391 proborum

461 3418 606 3470 obitu
650 3415 984 3484 gaudendum
1022 3430 1141 3469 esse
1181 3414 1531 3469 demonstrat.
1569 3415 1757 3470 Postea
1799 3416 2040 3472 humana:

463 3509 583 3561 vita:
613 3508 992 3561 volubilitatem
1016 3515 1073 3561 ut
1098 3507 1342 3561 ostendat
1367 3549 1382 3574 ,
1415 3509 1715 3578 exemplum
1741 3509 2040 3579 aﬂ‘ertquo-

463 3598 702 3652 rumdam
733 3599 1016 3668 insignium
1054 3599 1316 3662 virorum,
1345 3599 1433 3668 qui
1463 3599 1530 3652 ad
1574 3599 1830 3668 majorem
1869 3602 2037 3655 evecti

460 3690 795 3760 dignitatem,
828 3689 1085 3758 praecipiti
1115 3688 1448 3756 violentaque
1474 3698 1643 3741 morte
1673 3689 1866 3744 sublati
1890 3702 2036 3747 sunt.

455 3782 563 3835 Nec
591 3782 653 3834 iis
679 3780 940 3834 beatiores
961 3793 1080 3833 esse
1105 3780 1177 3831 ait
1198 3777 1570 3846 Imperatores,
1593 3778 1685 3832 sed
1710 3794 1814 3848 quo
1835 3781 2035 3849 majore

455 3873 665 3925 fortuna
696 3871 954 3924 tollantur
985 3871 1035 3922 in
1077 3869 1238 3922 altum
1261 3910 1274 3932 ,
1304 3884 1368 3922 eo
1392 3867 1635 3937 graviore
1663 3868 1813 3938 lapsu
1851 3885 2030 3924 ruere.

456 3961 587 4013 llinc
615 3959 963 4028 Imperatores
983 3959 1062 4011 sui
1088 3958 1339 4026 temporis
1362 3967 1638 4022 recenset,
1671 3959 1759 4027 qui
1788 3972 1884 4013 suo
1917 3975 2032 4014 :cvo

458 4055 650 4106 misere
676 4051 979 4121 perierant;
1010 4066 1114 4103 non
1153 4049 1372 4118 prolatis
1399 4049 1702 4103 nom’ﬁbus
1721 4091 1734 4114 ,
1761 4049 1855 4104 sed
1881 4051 2034 4105 invo-

455 4147 578 4200 lutis
602 4144 779 4199 verbis
801 4186 816 4210 ,
843 4158 960 4212 quae
990 4157 1087 4195 nos
1117 4141 1496 4211 explicavimus
1539 4140 1591 4194 in
1621 4140 1841 4195 Monito.
1868 4140 2036 4196 Erant

453 4245 629 4291 autem
677 4236 1033 4304 Imperatores
1078 4232 1153 4288 illi
1210 4247 1401 4285 novem
1444 4246 1699 4297 numero,
1732 4246 1799 4286 ex
1841 4232 2034 4301 quibus

453 4329 558 4380 duo
591 4336 793 4380 tantum
821 4323 1090 4379 communi
1131 4330 1303 4375 morte
1325 4321 1516 4375 sublati
1549 4321 1761 4374 fuerant
1795 4340 1808 4376 :
1841 4337 2033 4378 novem

455 4420 527 4472 illi
565 4427 688 4472 sunt
714 4415 1094 4472 Constantinus
1134 4422 1188 4468 et
1216 4422 1322 4467 tres
1348 4411 1439 4465 filii
1473 4411 1588 4480 ejus
1615 4410 2028 4481 Constantinus,

454 4509 798 4563 Constantius
825 4516 880 4562 et
918 4505 1196 4570 Constans,
1228 4503 1440 4568 Gallus,
1471 4500 1730 4564 Julianus,
1755 4501 2027 4569 Jovianus,

453 4601 852 4655 Valentinianus
888 4607 943 4652 et
972 4598 1182 4651 Valens.
1214 4595 1347 4649 Hinc
1379 4593 1564 4647 transit
1589 4591 1656 4646 ad
1685 4592 1946 4660 Augustas
1976 4601 2030 4647 et

451 4692 819 4762 Imperatrices
840 4731 855 4756 ,
882 4705 998 4759 quze
1026 4687 1304 4741 infeliciter
1328 4686 1613 4754 perierant,
1638 4691 1690 4737 et
1718 4683 2025 4737 obscuriora

452 4784 690 4855 profert,
715 4795 832 4850 qua:
874 4780 960 4831 vix
998 4778 1063 4830 ad
1112 4777 1386 4829 historiam
1439 4775 1589 4828 istius
1625 4772 1722 4827 aevi
1766 4772 2027 4844 quadrare

449 4875 651 4946 possint
678 4891 692 4926 :
719 4886 836 4941 qua:
866 4883 963 4924 nos
999 4883 1096 4938 pro
1134 4865 1382 4921 facultate
1414 4864 1799 4934 explicavimus
1830 4865 1884 4918 in
1923 4878 2022 4918 eo-

447 4968 565 5021 dem
599 4963 817 5018 Monito.

518 5057 668 5111 Hunc
707 5053 773 5108 ad
801 5051 1026 5105 Viduam
1064 5048 1328 5118 juniorem
1371 5045 1562 5100 librum
1610 5048 1846 5117 sequitur
1887 5049 2024 5105 alius

448 5151 578 5204 liber
618 5147 699 5200 vel
746 5143 990 5207 homilia,
1023 5156 1138 5210 qua:
1175 5141 1332 5195 etiam
1381 5138 1447 5191 ad
1490 5137 1714 5192 Viduam
1756 5138 2024 5207 juniorem

448 5240 768 5296 inscribitur.
797 5236 990 5289 Verum
1019 5233 1104 5287 hic
1130 5248 1235 5286 non
1261 5231 1475 5286 viduam
1503 5246 1658 5284 unam
1676 5271 1689 5293 ,
1715 5230 1810 5284 sed
1835 5231 2024 5285 viduas

447 5347 633 5386 omnes
681 5329 919 5399 juniores
968 5324 1286 5394 alloquitur,
1332 5338 1463 5391 quas
1506 5322 1816 5375 cohortatur
1862 5330 1921 5375 ut
1967 5322 2023 5376 in

448 5429 702 5479 viduitate
743 5427 1122 5493 permaneant,
1166 5433 1270 5472 non
1327 5416 1467 5486 quod
1520 5415 1776 5469 secundas
1815 5416 2022 5484 nuptias

448 5516 694 5582 damnet,
726 5514 817 5569 sed
848 5509 986 5582 quod
1016 5509 1093 5562 sic
1121 5509 1398 5562 liberiores
1426 5514 1710 5572 maneant,
1745 5516 1801 5561 et
1822 5507 2023 5563 caelesti

447 5621 644 5674 SpOIISO
668 5607 882 5660 Christo
912 5618 969 5657 se
998 5600 1194 5657 arctius
1226 5599 1451 5668 jungere
1478 5599 1702 5669 possint.

517 5694 726 5746 Librum
772 5695 834 5747 de
883 5691 1179 5763 Virginitate
1208 5687 1396 5741 scribit.
1428 5718 1500 5726 ——
1536 5689 1925 5758 Longissimum
1969 5699 2022 5745 et

446 5785 697 5839 eximium
725 5786 791 5838 de
819 5784 1134 5856 Virginitate
1159 5781 1371 5845 librum,
1407 5780 1495 5849 qui
1527 5779 1804 5849 plusquam
1828 5781 1894 5835 68
1923 5797 2019 5850 pa-

445 5877 595 5948 ginas
622 5875 823 5942 implet,
854 5875 1097 5929 emisisse
1140 5873 1397 5928 Joannem
1430 5879 1675 5939 putamus
1726 5870 2020 5926 Antiochia:

446 5976 499 6023 et
532 5975 808 6036 antequam
839 5966 1116 6034 presbyter
1161 5973 1320 6020 esset.
1357 5960 1507 6032 Quod
1540 5961 1681 6018 enim
1719 5963 2014 6019 Antiochia:

2165 685 2426 751 ediderit,
2458 686 2570 755 ipse
2621 687 2930 742 testiﬁcatur
2982 687 3195 742 homilia
3241 687 3633 758 undevigesima
3679 691 3736 744 in

2163 777 2338 846 Epist.
2367 778 2432 832 ad
2462 779 2764 834 Corinthios
2796 780 2878 834 his
2903 780 3079 834 verbis
3104 797 3117 831 :
3143 780 3204 834 Si
3231 790 3396 833 autent
3427 781 3735 848 prtvterimm

2160 885 2217 922 ea
2244 884 2357 938 quae
2397 868 2608 922 dicenda
2649 879 2807 923 essent
2837 868 2899 922 de
2925 869 3210 938 virginitate
3233 912 3246 935 ,
3276 885 3419 923 nemo
3456 886 3546 923 nos
3575 871 3733 938 negti-

2157 960 2338 1027 gentiaz
2358 959 2580 1013 damnet.
2611 959 2811 1031 Integer
2840 962 2970 1014 enim
2998 959 3120 1013 liber
3145 961 3196 1012 in
3217 961 3348 1014 hunc
3370 963 3534 1015 locum
3567 977 3600 1013 α
3639 977 3734 1014 no-

2157 1048 2230 1102 bis
2257 1060 2329 1104 est
2356 1050 2519 1102 editus
2542 1066 2559 1102 :
2585 1060 2626 1104 et
2651 1067 2784 1116 cum,
2813 1069 2963 1120 quam
2996 1050 3248 1121 potuimus
3286 1053 3656 1106 accuratissime
3687 1061 3733 1106 et

2157 1138 2537 1209 diligentissime
2560 1179 2575 1204 ,
2604 1141 2772 1192 omnia
2813 1141 2917 1193 illic
2964 1140 3246 1211 persequuti
3272 1141 3429 1194 simus
3451 1182 3464 1204 ,
3495 1159 3734 1210 superva-

2161 1246 2369 1283 caneum
2401 1245 2509 1282 esse
2535 1229 2772 1282 duximus
2799 1247 2858 1282 ea
2885 1247 3084 1283 rursum
3116 1233 3196 1284 hic
3235 1247 3502 1302 exponere.
3532 1232 3729 1286 Locum

2159 1335 2319 1388 porro
2349 1319 2521 1385 illum,
2551 1334 2707 1388 quem
2750 1319 2964 1373 homilia
3001 1321 3393 1390 undevigesima
3438 1321 3493 1376 in
3529 1322 3734 1391 Episto-

2155 1413 2258 1466 lam
2288 1413 2312 1466 1
2343 1411 2409 1466 ad
2441 1411 2749 1466 Corinthios
2778 1413 2830 1466 in
2875 1421 3244 1482 argumentum
3296 1413 3398 1467 sibi
3444 1414 3689 1483 proponit
3715 1456 3729 1472 ,

2154 1505 2376 1570 scilicet,
2399 1504 2601 1558 Bonum
2622 1513 2702 1558 est
2719 1503 2920 1557 homini
2936 1503 3213 1557 mulierem
3229 1518 3332 1556 non
3356 1512 3727 1572 tangere,etc.,

2153 1595 2206 1648 in
2223 1594 2324 1650 hoc
2344 1596 2410 1650 de
2427 1595 2736 1665 Virginitate
2765 1597 2898 1652 libro
2921 1604 3175 1666 perpetuo
3194 1601 3372 1650 versat
3396 1603 3450 1649 et
3473 1595 3684 1650 discutit
3711 1615 3724 1658 ;

2154 1685 2221 1737 ita
2251 1693 2306 1738 ut
2337 1686 2559 1753 perinde
2586 1697 2790 1739 certum
2818 1687 2886 1739 sit
2910 1685 3049 1739 hunc
3084 1686 3150 1741 de
3186 1685 3504 1756 Virginitate
3539 1685 3733 1741 librum

2155 1775 2205 1828 in
2241 1775 2460 1829 homilia
2509 1777 2596 1829 illa
2635 1778 3043 1830 commemorari
3076 1795 3089 1829 :
3137 1786 3195 1832 ut
3231 1787 3430 1833 certum
3461 1785 3583 1846 est,
3616 1778 3732 1848 ipso

2155 1874 2288 1919 teste
2311 1862 2700 1935 Chrysostomo
2719 1905 2735 1930 ,
2767 1874 2822 1919 et
2848 1865 3044 1919 fatente
3067 1866 3406 1922 Til'lemontio
3427 1909 3440 1936 ,
3473 1868 3728 1924 Homilias

2153 1955 2204 2007 in
2229 1954 2519 2024 Epistolam
2544 1956 2569 2009 1
2595 1954 2660 2009 ad
2674 1953 2980 2009 Corinthios
3000 1956 3297 2011 Antiochia:
3317 1957 3520 2013 habitas
3541 1958 3724 2015 fuisse.

2222 2044 2418 2100 Verum
2442 2044 2504 2100 V.
2527 2044 2610 2100 Cl.
2639 2045 3008 2108 Tillemontius
3041 2054 3237 2100 tantam
3264 2046 3387 2101 huic
3415 2049 3729 2104 enervanda:

2150 2138 2428 2193 sententia:
2481 2137 2850 2192 difficultatem
2903 2153 2962 2192 se
3008 2139 3271 2207 reperisse
3317 2148 3504 2208 putat,
3545 2148 3602 2193 ut
3641 2142 3726 2194 illa

2149 2229 2441 2294 abductus,
2489 2229 2746 2285 Joannem
2773 2230 2883 2298 jam
2923 2231 3230 2300 episcopum
3262 2240 3316 2287 et
3354 2231 3728 2286 Constantino-

2150 2319 2255 2386 poli
2287 2320 2482 2374 librum
2521 2319 2663 2374 hunc
2697 2321 2928 2375 edidisse
2977 2321 3267 2388 decernat,
3310 2323 3434 2392 quia
3485 2323 3729 2378 videlicet

2149 2409 2377 2478 quodam
2411 2411 2463 2464 in
2498 2411 2616 2465 loco
2669 2411 2758 2466 ille
2802 2414 2950 2480 quasi
3003 2413 3288 2482 episcopus
3336 2414 3588 2483 loquitur.
3617 2416 3725 2470 Sed

2150 2500 2503 2568 objectionem
2531 2501 2674 2555 illam
2703 2501 3037 2558 confutamus
3068 2505 3118 2557 in
3145 2504 3341 2559 Monito
3371 2505 3437 2559 ad
3480 2506 3619 2560 hunc
3664 2507 3724 2560 li-

2150 2589 2302 2644 brum
2345 2590 2408 2644 T.
2439 2592 2492 2645 1.
2522 2599 2571 2642 C.
2601 2591 2699 2645 551
2744 2591 2878 2647 :uhi
2920 2593 3062 2647 clare
3116 2594 3402 2662 probamus
3444 2595 3613 2663 ipsum
3671 2598 3724 2650 in

2149 2679 2268 2735 Ioco
2321 2681 2414 2734 illo
2442 2697 2508 2736 ex
2561 2681 2709 2736 Pauli
2775 2697 3004 2753 persona
3046 2683 3300 2753 loqui;et
3357 2686 3551 2754 passim
3601 2687 3723 2740 alibi

2147 2771 2294 2826 illum
2322 2773 2692 2843 episcoporum
2714 2816 2729 2842 ,
2767 2774 3166 2846 conjugatorum
3194 2785 3246 2831 et
3282 2777 3507 2831 aliorum
3537 2793 3722 2847 perso-

2145 2879 2240 2918 nas
2267 2866 2342 2920 sic
2369 2880 2644 2922 assumere
2671 2870 3052 2938 comperimus.

2215 2955 2572 3011 lndubitatum
2611 2958 2788 3029 itaque
2822 2967 2944 3022 est,
2975 2960 3090 3028 ipso
3131 2959 3456 3015 reclamante
3494 2960 3722 3031 Chryso-

2143 3056 2355 3111 stomo,
2385 3047 2577 3102 librum
2626 3048 2694 3103 de
2739 3047 3055 3119 Virginitate
3117 3049 3375 3104 emissum
3430 3050 3725 3104 Antiochia:

2145 3135 2327 3200 fuisse,
2355 3138 2425 3190 ita
2460 3145 2518 3191 ut
2555 3152 2619 3191 ex
2662 3137 2839 3192 verbis
2889 3138 3008 3208 ejus
3059 3140 3210 3208 argui
3260 3154 3419 3209 posse
3461 3139 3721 3206 videatur,

2146 3231 2316 3300 ipsum
2346 3240 2468 3286 tunc
2499 3232 2551 3286 in
2583 3233 2867 3288 multorum
2897 3247 3086 3286 manus
3113 3233 3416 3289 devenisse.
3448 3233 3563 3302 Quo
3589 3243 3722 3289 tem-

2146 3339 2272 3392 pore
2309 3335 2489 3379 autem
2538 3325 2687 3379 illum
2738 3327 3046 3394 scripserit,
3077 3341 3333 3394 nusquam
3380 3328 3716 3396 reperimus;

2147 3416 2495 3484 probabiliter
2533 3425 2709 3472 tamen
2741 3417 2844 3471 dici
2876 3431 3030 3486 posse
3058 3425 3202 3486 puto,
3235 3418 3407 3489 ipsum
3437 3429 3717 3489 antequam

2143 3507 2416 3576 presbyter
2446 3515 2589 3561 esset
2635 3507 2774 3561 hunc
2821 3507 3013 3560 librum
3046 3507 3420 3574 adornavisse,
3455 3525 3574 3563 cum
3602 3511 3718 3578 plus

2143 3595 2242 3649 sibi
2289 3597 2378 3650 otii
2421 3605 2582 3650 esset.
2623 3597 2906 3667 Postquam
2959 3598 3101 3652 enim
3141 3600 3422 3670 presbyter
3447 3601 3719 3656 ordinatus

2142 3685 2274 3750 fuit,
2303 3686 2652 3740 concionandi
2693 3687 2867 3741 officio
2892 3687 3318 3758 frequentissime
3357 3689 3674 3760 fungebatur
3700 3734 3713 3757 ,

2140 3785 2195 3828 ut
2223 3792 2326 3830 non
2355 3787 2565 3831 vacaret
2607 3778 2706 3846 ipsi
2749 3787 2855 3832 tam
2900 3779 3141 3849 prolixos
3177 3781 3494 3837 concinnare
3533 3783 3713 3837 libros.

2138 3867 2385 3936 Alioquin
2414 3876 2588 3921 autem
2609 3909 2622 3932 ,
2657 3869 2702 3921 si
2733 3870 3015 3939 presbyter
3043 3870 3156 3925 haec
3184 3872 3506 3940 scripsisset,
3536 3873 3587 3929 in
3613 3873 3713 3928 ho-

2140 3958 2311 4011 milias
2331 4001 2345 4024 ,
2375 3967 2432 4011 ut
2451 3958 2673 4013 credere
2696 3968 2796 4024 est,
2828 3969 2994 4013 totum
3027 3960 3388 4016 distribuisset
3410 4004 3426 4029 ,
3455 3972 3512 4016 ut
3544 3963 3714 4018 homi-

2136 4047 2233 4100 lias
2275 4047 2342 4102 de
2391 4048 2729 4114 Poenitentia,
2781 4049 2848 4104 de
2897 4049 3451 4120 lncomprehensibili,
3496 4053 3564 4108 de
3612 4052 3713 4107 La-

2137 4153 2280 4200 κιαι-ο,
2310 4147 2413 4194 εις.

2207 4232 2287 4285 De
2339 4242 2511 4286 sancto
2585 4232 2780 4304 Babylo
2824 4233 3008 4287 librum
3066 4235 3256 4289 scribit.
3299 4264 3369 4274 —
3407 4233 3522 4290 Huc
3570 4234 3708 4289 refe-

2137 4323 2333 4378 rendus
2362 4323 2497 4378 liber
2536 4324 2626 4378 ille
2657 4324 2708 4378 in
2742 4333 2982 4378 sanctum
3005 4325 3256 4394 Babylam
3287 4326 3303 4395 (
3329 4324 3390 4378 Τ.
3419 4325 3473 4378 2.
3509 4339 3556 4378 c.
3578 4324 3706 4380 527.

2135 4411 2293 4486 555),
2311 4422 2499 4467 contra
2520 4413 2785 4468 Julianum
2811 4423 2864 4468 et
2903 4423 3088 4467 contra
3119 4414 3356 4469 Gentiles
3373 4453 3390 4479 ,
3416 4429 3576 4483 quem
3601 4414 3713 4467 An-

2133 4503 2346 4557 tiochia:
2373 4504 2586 4572 scripsit
2610 4513 2664 4556 et
2687 4519 2752 4556 ex
2777 4504 3046 4556 memoriae
3071 4503 3219 4572 lapsu
3250 4501 3586 4556 Hermantius
3612 4516 3709 4570 pro

2132 4594 2346 4647 homilia
2376 4593 2579 4648 habuit.
2608 4593 2884 4661 Temporis
2928 4601 3106 4645 notam
3140 4592 3224 4646 hic
3259 4591 3490 4646 Joannes
3524 4600 3706 4646 noster

2130 4686 2302 4750 aﬂ’ert,
2331 4701 2452 4740 cum
2475 4685 2606 4740 dicit
2645 4685 2754 4755 jam
2797 4684 3109 4754 vigesimum
3165 4699 3360 4737 annum
3395 4685 3476 4753 agi
3505 4701 3569 4739 ex
3600 4700 3714 4754 quo,

2129 4777 2370 4831 Julianus
2402 4779 2652 4846 Apostata
2675 4776 2927 4846 templum
2954 4774 3456 4846 Jerosolymitanum
3495 4783 3707 4830 restau-

2129 4884 2251 4923 rare
2298 4879 2519 4922 conatus
2561 4876 2662 4922 est.
2710 4866 2764 4921 Id
2815 4882 2944 4921 vero
2997 4867 3219 4922 tentavit
3265 4866 3506 4926 Julianus
3562 4881 3718 4920 anno.

2126 4960 2328 5013 Christi
2376 4959 2480 5014 362
2528 4977 2538 5010 :
2589 4958 2728 5011 unde
2775 4966 3084 5024 sequeretur
3109 4957 3364 5010 Joannem
3408 4972 3549 5009 anno
3601 4957 3717 5010 583-

2131 5049 2274 5104 hunc
2300 5049 2587 5102 adornasse
2625 5046 2838 5099 librum.
2872 5045 3065 5099 Verum
3113 5046 3248 5100 solet
3285 5045 3372 5099 ille
3413 5061 3517 5099 non
3556 5054 3708 5100 tanto

2130 5139 2383 5207 scrupulo
2410 5139 2503 5191 has
2531 5152 2640 5190 sua:
2665 5136 2826 5190 etiam
2852 5137 3021 5189 astatis
3051 5146 3203 5190 notas
3235 5150 3505 5206 apponere
3523 5175 3539 5202 ,
3567 5145 3624 5190 ut
3649 5136 3703 5192 in

2130 5231 2327 5284 Monito
2355 5228 2420 5281 ad
2447 5227 2585 5281 hunc
2616 5227 2807 5282 librum
2835 5226 3078 5297 pluribus
3123 5228 3500 5296 comprobat-ur
3529 5225 3615 5299 (T.
3646 5227 3701 5279 2.

2132 5338 2186 5392 p.
2219 5320 2367 5386 5&5).
2401 5317 2513 5372 Iloc
2540 5332 2702 5371 unum
2733 5317 2848 5372 sine
2879 5318 3091 5372 errandi
3115 5319 3351 5387 periculo
3399 5318 3500 5372 dici
3546 5331 3704 5386 posse

2129 5410 2354 5474 videtur,
2384 5408 2528 5462 illum
2557 5421 2750 5477 nempe
2769 5422 2886 5460 cum
2914 5407 3165 5462 diaconus
3186 5415 3327 5462 esset
3346 5407 3485 5460 hunc
3510 5406 3702 5461 librum

2127 5503 2430 5571 scripsisse,
2457 5499 2524 5552 ab
2574 5513 2715 5554 anno
2758 5514 2949 5569 nempe
2989 5499 3086 5555 581
3140 5498 3205 5553 ad
3245 5498 3349 5554 585
3387 5507 3440 5553 et
3473 5499 3578 5555 586
3621 5499 3706 5554 in-

2126 5607 2364 5651 euntem.

2197 5687 2579 5754 Argumentum
2610 5681 2728 5735 libri
2762 5692 2844 5736 est
2883 5679 3100 5735 historia
3127 5679 3366 5751 martyrii
3404 5679 3461 5736 S.
3490 5680 3702 5749 Bahyla:

2128 5775 2362 5847 episc0pi
2404 5772 2720 5827 Antiocheui
2764 5771 3140 5827 declamatorio
3187 5785 3375 5836 more,
3416 5786 3585 5840 exque
3617 5787 3697 5825 ru-

2129 5882 2278 5922 more
2314 5862 2446 5933 vulgi
2491 5863 2802 5933 plerumquc
2843 5861 3125 5925 recensita,
3156 5862 3320 5930 tropis
3350 5858 3654 5915 redundans
3688 5878 3700 5911 :

2128 5961 2179 6015 in
2219 5973 2319 6030 qua
2375 5957 2648 6011 veritatem
2691 5969 2832 6024 saepe
2877 5953 3169 6011 desideres.
3213 5953 3344 6009 Nam
3395 5961 3452 6008 ut
3498 5963 3700 6011 certum
