4526 6696
783 489 851 546 39
1837 485 1893 540 S.
1933 485 2207 541 JOANNIS
2243 482 2717 542 CHRYSOSTOMI
2751 487 2926 554 \‘lTA,

784 599 1029 656 uistimo
1056 599 1115 654 S.
1147 598 1393 672 [Iabylam
1433 613 1527 667 pro
1567 597 1778 652 Christo
1825 613 2020 652 caasum
2071 598 2259 659 fuisse;
2295 598 2363 648 ita

783 707 951 760 genus
987 703 1042 746 et
1079 706 1236 745 causa
1281 689 1520 759 martyrii
1549 704 1612 744 ex
1658 689 1835 760 populi
1883 703 2095 744 rumore
2153 688 2327 758 potius
2352 728 2366 752 ,

783 801 940 853 quam
995 800 1061 839 ex
1089 799 1211 837 vera
1256 796 1433 836 rerum
1478 790 1745 852 gestarum
1809 780 2028 835 historia
2091 797 2119 834 a
2164 778 2368 834 Joanne

787 875 1010 944 proferri
1055 889 1158 927 non
1216 873 1434 927 dubium
1489 883 1588 927 est.
1647 871 1774 938 Quis
1825 873 2000 937 enim,
2030 886 2243 942 quzeso,
2281 870 2368 922 ille

785 966 944 1019 fuerit
990 964 1350 1018 Romanorum
1390 961 1682 1032 Imperator
1725 961 2088 1028 Christianus,
2118 962 2208 1034 qui
2237 961 2366 1013 inita

781 1073 904 1111 cum
969 1072 1096 1128 rege
1152 1056 1379 1111 barbaro
1441 1069 1610 1125 pace,
1659 1069 1721 1108 ea
1790 1055 2130 1120 conditione,
2176 1062 2234 1106 ut
2300 1051 2364 1104 fi-

781 1149 909 1203 lium
939 1149 1028 1206 ille
1057 1149 1154 1203 sibi
1185 1147 1515 1204 educandum
1547 1145 1817 1212 traderet,
1849 1156 2124 1216 acceptum
2158 1161 2251 1214 pro
2281 1146 2364 1214 pi-

780 1255 948 1308 gnore
996 1239 1140 1309 pacis
1187 1237 1351 1291 ﬁlium
1401 1235 1682 1293 confestim
1725 1235 2071 1306 jugulaverit,
2107 1251 2270 1304 eaque
2297 1235 2364 1290 de

781 1345 940 1384 causa
987 1345 1016 1382 a
1064 1330 1219 1384 beato
1275 1328 1471 1400 Babyla
1512 1328 1764 1382 Ecclesize
1807 1327 1952 1382 aditu
2007 1327 2360 1390 interclusus,

783 1421 1028 1476 eumdem
1056 1421 1113 1476 S.
1142 1422 1421 1491 praesulem
1445 1422 1495 1474 in
1518 1435 1784 1474 carcerem
1815 1419 1953 1474 trudi
1983 1428 2037 1475 et
2061 1418 2361 1474 obtruncari

783 1512 1045 1581 jusserit?
1071 1511 1223 1566 Hunc
1248 1509 1624 1579 Imperatorem
1647 1509 1860 1578 quidam
1890 1511 2003 1566 sive
2029 1509 2359 1575 scholiastes,

781 1605 896 1660 sive
922 1604 1166 1658 librarius
1198 1602 1327 1656 dicit
1356 1615 1476 1656 esse
1524 1601 1905 1655 Numerianum
1935 1620 1947 1654 :
1977 1619 2082 1671 quo
2111 1600 2234 1670 quid
2277 1599 2360 1653 in-

783 1695 993 1764 eptius?
1014 1694 1144 1748 Nam
1173 1693 1256 1747 vel
1277 1692 1637 1746 Christianum
1664 1692 1840 1748 dicere
1856 1693 2256 1757 Numerianum,
2279 1691 2361 1746 vel

779 1785 1175 1841 interfectorem
1205 1785 1602 1854 cujusdamlilii
1630 1786 1770 1856 regis
1799 1785 2180 1849 barbarorum,
2211 1799 2362 1854 teque

778 1892 899 1930 cum
939 1891 1064 1930 vera
1110 1887 1306 1946 pugnat
1337 1876 1576 1930 historia.
1618 1876 1724 1930 Nec
1755 1878 1921 1946 magis
1955 1877 2190 1930 creditur
2215 1876 2360 1929 Actis

774 1967 1092 2030 quibusdam
1135 1983 1166 2020 a
1193 1966 1450 2020 Bollaudo
1479 1967 1634 2020 editis
1661 1967 1724 2020 ad
1761 1967 1829 2020 ΕΗ
1851 1967 2105 2028 Januarii,
2133 1965 2217 2018 ubi
2247 1965 2358 2018 Nu-

780 2063 1049 2114 merianus
1082 2059 1343 2113 idolorum
1371 2059 1541 2113 cultor
1571 2059 1834 2112 inducitur
1872 2058 1925 2112 S.
1956 2058 2205 2126 Babylam
2241 2067 2357 2110 ten-

777 2161 895 2204 tans
940 2151 1005 2204 ad
1052 2151 1373 2220 impietatem
1428 2164 1575 2203 suam
1629 2150 1876 2212 trahere,
1920 2149 2194 2217 ipsumque
2235 2163 2356 2202 cum

776 2242 956 2308 pueris
975 2240 1290 2310 quibusdam
1320 2239 1556 2309 martyrii
1578 2239 1740 2308 gloria
1765 2238 2002 2291 afficiens
2031 2256 2043 2290 :
2074 2255 2191 2308 qua:
2214 2248 2358 2293 certe

773 2345 881 2384 non
913 2339 1130 2398 possunt
1154 2330 1219 2382 ad
1253 2331 1502 2401 Babylam
1536 2340 1776 2383 nostrum
1801 2328 2009 2382 referri.

845 2421 1144 2475 Verisimile
1185 2420 1342 2489 igitur
1371 2430 1454 2475 est
1505 2419 1590 2474 hic
1642 2419 2021 2488 Imperatorem
2057 2419 2358 2490 Philippum

773 2512 1206 2583 memorari,qui
1255 2513 1461 2582 imperii
1518 2511 1800 2567 invadendi
1834 2527 1992 2567 causa
2039 2528 2178 2567 caeso
2223 2512 2356 2568 Gor-

773 2607 936 2658 diano
986 2608 1257 2674 Augusto,
1301 2615 1579 2674 postquam
1636 2621 1730 2673 per
1768 2615 1970 2659 tantum
2026 2607 2198 2660 scelus
2250 2607 2355 2660 voti

774 2711 997 2764 compos
1047 2695 1216 2749 factus
1261 2696 1592 2750 Antiochiam
1625 2706 1881 2763 venerat,
1911 2695 2181 2749 Paschalis
2223 2705 2352 2749 tem-

777 2802 905 2854 pore
935 2786 1001 2840 ad
1031 2787 1310 2840 ecclesiam
1337 2828 1351 2849 ,
1383 2801 1596 2854 precum
1624 2788 2103 2857 mysteriorumquc
2132 2800 2353 2840 consors

770 2877 1000 2942 futurus,
1026 2876 1330 2930 accedebat.
1373 2878 1487 2943 Quo
1525 2886 1798 2945 comperto
1845 2878 1901 2931 S.
1935 2877 2159 2948 Babylas
2200 2893 2352 2933 acce-

777 2966 989 3020 dentem
1033 2964 1411 3035 hnperatorem
1457 2967 1684 3034 repulit,
1733 2969 1972 3022 εεοιοείίη
2007 2968 2152 3022 aditu
2183 2968 2354 3023 inter-

774 3058 946 3123 dixit,
973 3065 1026 3110 et
1063 3057 1431 3125 pmnitentium
1471 3059 1589 3111 loco
1633 3072 1692 3112 se
1733 3059 1923 3112 sistere
1957 3058 2154 3127 jussit,
2183 3060 2354 3114 donec

773 3149 1088 3219 poenitentia
1113 3149 1292 3202 ahluto
1315 3149 1632 3219 eXpiatoquc
1648 3150 1851 3205 scelere
1871 3192 1886 3218 ,
1923 3151 1988 3205 ad
2019 3154 2351 3207 communio—

776 3256 897 3293 nem
926 3240 1175 3294 Ecclesia:
1203 3251 1383 3309 postea
1429 3241 1774 3309 reciperetur.
1808 3242 1953 3297 llanc
1979 3259 2007 3296 a
2034 3243 2089 3297 S.
2123 3246 2352 3314 praesule

773 3332 1061 3402 repulsam,
1085 3342 1234 3401 grato
1250 3331 1428 3385 animo
1445 3333 1792 3402 modesteque
1815 3333 1998 3387 tulisse
2025 3334 2346 3404 Philippum,

771 3433 950 3477 narrat
979 3424 1261 3489 Eusebius,
1285 3424 1515 3493 itemque
1537 3425 1905 3494 ptenitentium
1932 3425 2104 3480 locum
2133 3427 2346 3493 adiisse;

770 3529 832 3566 ac
883 3523 1024 3579 tum,
1051 3522 1392 3586 posteaquam
1423 3524 1525 3567 tam
1557 3530 1715 3582 grave
1743 3524 2016 3583 peccatum
2059 3518 2346 3572 secundum

772 3607 1024 3661 Ecclesia:
1071 3617 1262 3661 statuta
1311 3623 1407 3678 per
1454 3605 1840 3663 confessionem
1886 3607 2240 3676 deposuerat,
2293 3611 2346 3665 in

771 3697 1062 3751 Ecclesiam
1080 3696 1367 3752 admissum
1387 3696 1566 3753 fursse.
1591 3698 1700 3754 Sub
1716 3699 1829 3753 luet:
1843 3708 2039 3764 autem,
2057 3700 2346 3771 imperante

771 3789 933 3843 Decio
955 3829 969 3852 ,
997 3787 1414 3842 Christianorum
1447 3790 1629 3854 hoste,
1661 3790 1719 3845 S.
1761 3789 1986 3862 Babylas
2017 3806 2117 3861 pro
2131 3791 2346 3848 Christo

770 3878 1006 3934 cervices
1025 3879 1188 3933 dedit.
1218 3879 1370 3947 Quod
1405 3880 1473 3935 de
1519 3883 1830 3950 paenitentia
1874 3883 2045 3954 deque
2087 3883 2347 3939 Christia-

773 3969 947 4024 nismo
995 3969 1224 4040 Philippi
1270 3971 1337 4025 ab
1366 3971 1597 4026 Eusebio
1623 3971 1853 4039 dicitur,
1891 3989 1995 4027 non
2038 3975 2190 4043 quasi
2224 3991 2345 4029 cer-

768 4071 904 4125 tum,
935 4058 1026 4112 sed
1059 4073 1155 4112 ceu
1191 4075 1219 4110 a
1262 4060 1574 4128 quibusdam
1605 4061 1671 4115 ab
1699 4077 1757 4114 se
1785 4061 2045 4127 auditum,
2079 4074 2344 4130 narratur,

769 4163 822 4202 et
847 4165 877 4202 a
907 4149 1085 4202 multis
1111 4158 1328 4202 vocatur
1357 4149 1406 4201 in
1434 4150 1672 4203 dubium.
1694 4149 1997 4203 Verisimile
2026 4166 2184 4219 porro
2230 4163 2310 4206 est
2332 4195 2344 4215 ,

769 4255 836 4293 ex
886 4239 1100 4294 historia
1150 4238 1236 4293 illa
1281 4239 1533 4293 Gordiani
1578 4257 1606 4292 a
1635 4240 1882 4310 Philippo
1926 4241 2074 4308 cmsi,
2104 4258 2348 4298 manasse

775 4329 944 4392 illam,
968 4343 1125 4397 quam
1148 4329 1390 4398 superius
1420 4345 1486 4383 ex
1513 4329 1896 4401 Clirysostomo
1921 4333 2218 4397 retulimus;
2251 4335 2346 4389 sed

772 4421 841 4471 ita
882 4418 1211 4488 deturpatam
1250 4418 1705 4490 deformatamque
1743 4421 1793 4473 in
1832 4423 2078 4478 omnibus
2107 4423 2216 4479 fere
2262 4427 2344 4480 sui

774 4512 1028 4580 partibus,
1057 4521 1111 4564 ut
1135 4511 1236 4565 alia
1260 4511 1470 4580 penitus
1496 4527 1613 4566 esse
1640 4512 1900 4567 videatur.

842 4603 1022 4672 Longe
1070 4604 1282 4658 saniora
1337 4619 1455 4657 esse
1508 4605 1754 4657 videntur
1806 4622 1922 4674 «pne
1977 4606 2044 4661 de
2086 4609 2342 4679 Rcliqniis

773 4695 830 4746 S.
867 4691 1076 4762 δίδη-ιω
1125 4707 1188 4745 ex
1231 4693 1486 4746 suburbio
1539 4693 1788 4760 Daphnes
1831 4694 1883 4746 in
1929 4696 2112 4749 urbem
2161 4700 2345 4752 Antio-

772 4785 944 4838 chiam
970 4784 1237 4838 translatis
1258 4784 1668 4854 Chryrostomus
1710 4795 1992 4848 recenset;
2033 4803 2238 4842 necnon
2280 4791 2346 4844 de

772 4875 1244 4945 temploApollinis
1273 4873 1527 4929 divinitus
1555 4874 1774 4930 fulmine
1804 4886 1944 4930 tacto
1966 4886 2018 4930 et
2045 4880 2343 4934 combusto.

770 4966 973 5020 llorum
1010 4967 1150 5019 enim
1182 4982 1288 5019 non
1321 4967 1434 5035 ipse
1475 4968 1634 5020 modo
1663 4966 2075 5037 Chrysostomus
2105 4971 2347 5026 oculatus

771 5057 924 5111 testis
954 5065 1104 5120 erat,
1134 5057 1224 5109 sed
1252 5058 1408 5110 etiam
1435 5072 1622 5111 omnes
1653 5059 1768 5127 ejus
1797 5059 2102 5125 auditores,
2129 5076 2261 5130 quos
2293 5062 2342 5114 in

772 5147 990 5202 homilia
1039 5156 1162 5200 ante
1197 5145 1336 5200 lnmc
1387 5147 1575 5200 librum
1634 5151 1800 5218 posita
1847 5150 2149 5220 alloquitur.
2200 5153 2344 5206 Illius

769 5241 910 5296 enim
932 5238 1157 5309 prodigii
1186 5253 1305 5291 cum
1339 5238 1389 5291 in
1418 5237 1651 5301 homilia,
1676 5249 1783 5293 tum
1812 5241 1861 5293 in
1892 5241 2028 5297 libro
2053 5243 2120 5298 de
2146 5243 2343 5314 Babyla

770 5331 1097 5385 mentionem
1125 5329 1288 5384 facit:
1320 5330 1370 5382 in
1398 5329 1534 5382 libro
1579 5339 1752 5382 autem
1797 5348 1907 5385 rem
1949 5334 2116 5387 fusius
2162 5349 2346 5400 prose-

771 5422 969 5492 quitur,
988 5431 1042 5476 et
1061 5419 1314 5476 irridendi
1341 5435 1498 5474 causa
1529 5421 1782 5490 SOPIIlSitC
1805 5422 2006 5477 Libanii
2037 5424 2344 5480 monodiam

770 5527 866 5566 seu
911 5509 1140 5565 lamenta
1188 5512 1491 5567 minutatim
1539 5510 1740 5574 refert,
1771 5528 1887 5579 qua:
1938 5528 2182 5582 magnam
2227 5515 2342 5570 libri

773 5610 974 5671 partem
1021 5612 1282 5671 occupant
1318 5643 1332 5668 ,
1372 5600 1526 5671 queis
1570 5601 1820 5655 Libanius
1870 5601 2110 5670 deplorat
2163 5620 2341 5659 casum

769 5693 917 5748 illum
950 5693 1265 5760 stupendum
1290 5733 1306 5757 ,
1335 5710 1438 5762 quo
1468 5692 1730 5762 Apollinis
1757 5693 1928 5763 magni
1958 5696 2210 5765 templum
2245 5699 2344 5754 im-

773 5787 938 5838 misso
963 5785 1084 5854 igne
1120 5785 1453 5840 combustum
1484 5783 1674 5840 fuerat.

774 5893 777 5895 ·
845 5875 978 5929 Libri
1005 5877 1066 5931 de
1088 5874 1693 5933 Sacerdotio.-—Lihros
1736 5875 1892 5932 etiam
1929 5877 1990 5934 de
2035 5877 2341 5938 Sacerdoti?

3960 505 4056 562 10';

2481 597 2567 650 vel
2600 613 2719 653 cum
2748 600 3002 654 diaconus
3043 602 3320 660 ordinatus
3345 604 3470 671 fuit,
3498 609 3542 662 si
3583 610 3790 668 Socrati
3820 616 3888 670 sit
3924 617 4051 680 fidet

2477 684 2718 743 habenda
2744 731 2760 756 ,
2791 690 2873 744 vel
2919 691 3076 759 paulo
3107 704 3230 750 ante
3269 711 3426 768 quam
3468 697 3807 757 ordinaretur
3830 720 4052 780 compo-

2475 777 2599 830 suit.
2631 779 2742 849 Qua
2774 780 2840 835 de
2863 795 2920 834 re
2951 779 3061 850 jam
3091 788 3338 854 superius
3359 798 3533 843 actum
3563 789 3676 842 fuit.

2549 868 2602 920 ln
2632 869 2732 923 hoc
2754 871 2912 924 etiam
2937 871 3149 927 circiter
3193 886 3397 947 tempus
3424 877 3511 948 (T.
3536 879 3587 934 6.
3643 896 3692 932 c.
3717 880 3824 935 505
3849 884 3865 951 )
3918 888 4052 941 refe-

2473 961 2637 1014 renda
2665 962 2871 1016 videtur
2899 961 3156 1033 Synopsis
3199 969 3284 1022 illa
3329 971 3613 1042 Scripturte
3650 987 3814 1026 sacra:
3837 1013 3854 1038 ,
3901 977 4052 1044 cujus

2473 1065 2716 1121 magnam
2741 1063 2940 1122 partem
2965 1056 3226 1113 edidimus
3251 1079 3262 1114 :
3289 1077 3392 1116 non
3414 1065 3552 1118 enim
3574 1064 3769 1134 integra
3791 1063 3856 1118 ad
3878 1081 4048 1118 :cvum

2471 1155 2641 1210 usque
2662 1153 2898 1198 nostrum
2924 1148 3178 1213 pervenit.
3206 1151 3351 1220 Opus
3376 1169 3494 1208 esse
3517 1157 3803 1224 genuinum
3831 1155 4046 1225 probavi

2472 1229 2526 1283 in
2562 1232 2790 1287 Diatriba
2815 1276 2829 1299 ,
2862 1233 2927 1288 ad
2953 1251 3112 1305 quam
3139 1238 3390 1296 lectorem
3417 1245 3690 1301 mittimus.
3715 1246 3852 1302 Sane
3883 1263 4049 1317 synoo

2471 1322 2586 1387 psin
2632 1323 3020 1394 Scripturarum
3060 1327 3336 1396 scripsisse
3375 1347 3494 1387 eum
3531 1337 3620 1404 qui
3660 1338 3854 1393 divinis
3883 1341 4051 1394 literis

2470 1412 2749 1479 addictus,
2801 1431 2982 1470 earum
3027 1417 3239 1470 lectioni
3283 1429 3338 1473 et
3377 1425 3704 1480 ineditatioui
3741 1439 4048 1498 perpetuam

2469 1499 2626 1556 dabat
2654 1519 2869 1573 cperam
2895 1548 2910 1572 ,
2940 1505 3089 1560 facile
3115 1508 3382 1564 credatur.
3411 1512 3529 1567 Alia
3556 1532 3678 1570 vero
3703 1533 4009 1588 argumenta
4031 1562 4048 1586 ,

2469 1606 2589 1660 qua:
2619 1597 2670 1649 in
2704 1597 2932 1652 Diatriba
2959 1599 3233 1653 attulimus
3257 1644 3271 1667 ,
3300 1604 3415 1657 orbi
3450 1604 3686 1662 literario
3725 1613 4048 1681 exploranda

2468 1695 2522 1737 et
2548 1686 2612 1739 ad
2644 1689 2891 1742 trutinam
2921 1690 3271 1746 examinanda
3297 1695 3574 1750 mittimus.

2539 1775 2809 1849 Presbyter
2837 1781 3099 1834 ordinatur
3127 1799 3157 1834 a
3188 1782 3459 1839 Flaviano.
3500 1818 3571 1826 —
3604 1789 3835 1846 Joannes
3874 1793 4050 1862 itaque

2468 1876 2652 1921 noster
2680 1885 2775 1938 per
2799 1886 2964 1925 annos
2985 1871 3182 1942 aliquot
3211 1874 3330 1943 (au.
3357 1877 3491 1947 586)
3517 1878 3724 1933 diaconi
3757 1893 3859 1935 tam
3883 1885 4048 1953 probe

2468 1958 2678 2015 functus
2706 1963 2880 2018 officio
2901 2006 2916 2031 ,
2950 1980 3068 2019 cum
3110 1965 3218 2034 jam
3251 1976 3328 2021 tot
3356 1970 3645 2038 spccimina
3676 1974 3907 2029 dedisset
3932 1979 4047 2029 exi-

2467 2051 2586 2102 mite
2615 2051 2934 2121 eloquentiae
2958 2070 3076 2108 cum
3111 2056 3307 2124 pietate
3344 2060 3640 2127 conjuncta:
3665 2103 3680 2126 ,
3723 2081 3751 2116 ει
3797 2064 4049 2119 Flaviano

2466 2143 2719 2210 episcopo
2749 2145 3024 2214 presbyter
3044 2147 3317 2201 ordinatur
3347 2149 3508 2218 (Vide
3530 2151 3846 2206 Palladium.
3876 2173 3926 2223 p.
3956 2159 4045 2210 Μ.

2464 2231 2554 2284 42.
2586 2244 2632 2286 et
2658 2233 2998 2306 Tillemont.).
3049 2238 3278 2294 Noverat
3304 2242 3444 2294 enim
3473 2243 3560 2298 ille
3601 2243 3757 2299 Verbi
3786 2245 3877 2300 Dei
3911 2263 4044 2314 pra:-

2468 2339 2656 2377 conem
2716 2342 2984 2380 summum
3032 2328 3143 2384 fore
3181 2329 3438 2384 Joannem
3484 2343 3766 2402 nostrum,
3811 2337 3901 2406 qui
3948 2339 4049 2391 ets'.

2464 2416 2807 2470 concionalus
2853 2434 3139 2487 numquam
3183 2419 3392 2487 fuerat,
3432 2422 3540 2490 jam
3585 2441 3648 2478 ex
3686 2428 3895 2498 scriptis
3938 2431 4048 2481 suis

2464 2505 2645 2558 talenti
2675 2506 2772 2558 sibi
2799 2509 2984 2562 crediti
3015 2509 3306 2564 uberrimas
3336 2511 3553 2568 dederat
3588 2519 3864 2584 primitias.
3892 2519 4046 2574 Ordi-

2463 2605 2617 2648 natus
2647 2605 2821 2650 autem
2848 2609 2928 2651 est
2952 2610 3074 2654 ante
3096 2601 3561 2672 Quadragesimam
3585 2611 3705 2662 anni
3733 2611 3834 2664 586
3858 2654 3872 2677 ,
3903 2625 3957 2666 ut
3977 2627 4042 2667 ex

2460 2686 2595 2740 infra
2645 2688 2883 2744 dicendis
2933 2694 3217 2748 constabit.
3260 2695 3368 2751 Nec
3410 2714 3556 2753 mora
3602 2719 3614 2752 :
3660 2712 3932 2772 postquam
3974 2707 4041 2758 ad

2458 2779 2788 2838 sacerdotale
2807 2784 3158 2840 ministerium
3179 2799 3479 2858 assumptus
3503 2792 3616 2858 fuit,
3641 2795 3704 2846 ad
3726 2797 4043 2848 concionan—

2460 2870 2513 2922 di
2541 2870 2773 2926 officium
2802 2875 3084 2942 deputatur
3110 2893 3140 2931 a
3170 2878 3420 2933 Flaviano
3455 2900 3465 2933 :
3504 2899 3608 2950 quo
3637 2894 3893 2951 pra'sente
3933 2887 4040 2952 pri-

2458 2976 2600 3015 mam
2629 2962 2899 3018 homiliam
2929 2965 3060 3020 dixit
3086 3009 3102 3033 ,
3131 2977 3324 3022 etcum
3353 2984 3553 3022 summa
3580 2973 3834 3025 modestia
3861 2974 4040 3027 animi-

2458 3069 2564 3122 que
2593 3055 2916 3112 demissione
2942 3074 3096 3112 orsus
3121 3068 3222 3113 est.
3253 3060 3320 3114 Se
3350 3077 3453 3114 non
3485 3063 3645 3115 semel
3675 3063 4040 3118 adolescentu-

2459 3145 2567 3199 lum
2590 3187 2606 3212 ,
2640 3157 2835 3212 vocat,
2865 3150 2965 3202 etsi
2994 3165 3129 3219 pene
3162 3150 3607 3219 quadragenarius
3643 3152 3751 3221 jam
3794 3163 3946 3221 erat;
3979 3171 4040 3209 se

2456 3247 2791 3305 peccatorem
2823 3238 2991 3305 dicit,
3037 3239 3286 3308 additque
3327 3241 3574 3295 Dav-idem
3603 3284 3615 3307 ,
3655 3245 3840 3297 carlum
3867 3285 3881 3308 ,
3929 3256 4035 3300 ter-

2455 3342 2568 3380 ram
2596 3366 2609 3388 ,
2640 3327 2901 3382 elementa
2932 3331 3108 3382 omnia
3136 3372 3151 3397 ,
3184 3329 3322 3384 feras
3351 3330 3650 3401 bestiasque
3671 3375 3686 3398 ,
3717 3334 3957 3389 homines
3984 3346 4038 3389 et

2455 3420 2677 3490 angelos
2702 3420 2769 3474 ad
2802 3421 2964 3474 Deum
2997 3421 3312 3476 laudandum
3353 3433 3403 3477 et
3435 3423 3807 3480 celebrandum
3850 3444 4040 3496 provo-

2454 3525 2616 3576 care,
2653 3520 2960 3579 peccatores
2990 3528 3115 3566 vero
3155 3530 3463 3583 numquam.
3513 3516 3645 3569 lliuc
3690 3518 3754 3569 ad
3802 3517 4034 3572 Flaviani

2455 3611 2581 3655 tunc
2610 3603 2884 3670 prtescntis
2912 3603 3094 3657 laudes
3135 3620 3193 3658 se
3231 3608 3530 3672 convertit,
3578 3609 3755 3677 aitque
3798 3610 3940 3663 illum
3982 3612 4034 3662 in

2454 3703 2761 3762 sumptuosa
2779 3694 2936 3748 domo
2959 3695 3258 3760 educatum,
3281 3697 3388 3766 jam
3411 3714 3651 3766 asperam
3673 3709 3724 3754 et
3744 3701 4032 3770 squalidam

2454 3784 2630 3854 gregis
2659 3783 2740 3837 sui
2768 3785 3018 3852 pascendi
3048 3801 3204 3839 causa
3233 3787 3392 3840 vitam
3427 3803 3606 3857 agere.
3655 3791 3872 3845 Demum
3919 3792 4035 3861 ejus

2453 3886 2846 3933 antecessorem
2877 3877 3120 3932 laudibus
3148 3880 3351 3932 extollit
3383 3880 3677 3935 Meletium.

2524 3967 2652 4020 Post
2683 3967 2817 4021 hanc
2843 3969 3066 4036 primam
3097 3970 3405 4026 concionem
3435 3971 3680 4038 upinatur
3705 3971 3783 4023 vir
3809 3969 4036 4039 sagacis-

2452 4058 2618 4112 simus
2639 4058 3004 4112 Tillemontius
3022 4059 3249 4113 habitam
3274 4061 3434 4116 fuisse
3458 4061 3726 4116 homilidm
3746 4059 4031 4117 secundam

2453 4150 2505 4202 in
2537 4147 2716 4203 Oziam
2744 4161 2796 4202 et
2824 4149 2874 4202 in
2902 4149 3224 4218 Seraphinos
3249 4194 3263 4218 ,
3296 4161 3350 4206 at
3391 4153 3594 4207 levibus
3629 4161 3898 4220 permotus
3938 4165 4031 4207 seu

2453 4239 2745 4292 rationibus
2770 4255 2862 4294 seu
2893 4242 3212 4308 conjecturis
3238 4283 3253 4308 ,
3283 4257 3413 4310 quas
3442 4243 3598 4295 etiam
3632 4242 3718 4294 illc
3742 4241 4031 4296 dubitando

2452 4327 2674 4397 profert.
2707 4329 2835 4383 Nam
2864 4339 2920 4383 ut
2948 4331 3000 4383 in
3030 4330 3228 4383 Monito
3273 4329 3355 4400 (T.
3385 4328 3437 4381 6.
3477 4346 3522 4380 c.
3549 4328 3655 4398 95)
3685 4329 3748 4382 ad
3782 4329 4031 4386 llomilias

2450 4418 2516 4473 de
2542 4419 2850 4488 Seraphinis
2880 4420 3111 4473 diximus
3135 4461 3148 4480 ,
3185 4419 3298 4470 hrec
3321 4418 3533 4470 homilia
3561 4419 3778 4486 proferri
3811 4437 3912 4475 non
3939 4438 4030 4490 po-

2453 4510 2550 4563 tuit
2574 4521 2695 4564 ante
2726 4526 2920 4564 annum
2951 4510 3056 4562 588
3083 4548 3095 4569 ,
3121 4516 3178 4559 ut
3205 4507 3256 4558 in
3287 4505 3485 4559 Mouito
3511 4508 3694 4562 eodem
3723 4511 3994 4578 probatur.

2521 4600 2796 4656 Concioncs
2824 4602 2876 4653 in
2907 4599 3156 4651 Gattcsim.
3189 4598 3333 4650 Auno
3362 4598 3484 4652 586.
3517 4629 3586 4639 —
3618 4600 3806 4655 Verum
3832 4605 4027 4673 Optime

2455 4695 2703 4762 opinatur
2731 4691 2871 4745 idem
2893 4690 3258 4744 Tillemontius
3284 4690 3300 4760 (
3329 4689 3614 4745 Tillemont.
3647 4711 3699 4763 ρ.
3731 4695 3798 4749 4‘2
3821 4695 3841 4762 )
3864 4737 3879 4759 ,
3909 4711 4027 4750 cum

2452 4783 2581 4836 dicit
2605 4790 2791 4849 putare
2821 4795 2878 4834 se
2907 4791 3027 4833 octo
3056 4779 3341 4834 Sermones
3373 4783 3420 4834 in
3446 4783 3690 4837 Genesim
3709 4826 3723 4850 ,
3747 4787 3834 4854 qui
3861 4785 4029 4838 Tomo

2451 4880 2642 4940 quarto
2661 4870 2912 4924 llomilias
2935 4871 2984 4924 in
3009 4871 3251 4925 Genesim
3280 4883 3570 4939 sequuntur
3613 4873 3696 4945 (T.
3726 4875 3775 4929 4.
3802 4893 3846 4928 c.
3867 4876 3960 4930 58!
3986 4877 4025 4943 ).

2457 4961 2666 5015 habitos
2709 4960 2871 5016 fuisse
2912 4963 3123 5017 ineunte
3168 4965 3578 5034 Qnatlragosima
3634 4966 3755 5019 anui
3802 4966 3923 5017 586.
3975 4963 4026 5018 ld

2454 5053 2595 5108 enim
2626 5053 2902 5122 perspicue
2932 5055 3165 5109 declarat
3193 5056 3604 5123 (Lhrvsostomus
3630 5098 3643 5120 ,
3683 5070 3798 5108 cum
3834 5069 4026 5107 secun-

2452 5143 2577 5198 dum
2611 5158 2906 5197 sermonem
2934 5145 3014 5198 his
3039 5147 3213 5199 verbis
3235 5147 3438 5200 orditur
3467 5166 3479 5200 :
3512 5145 3773 5214 Numquid
3799 5145 4025 5197 memini-

2453 5238 2541 5291 stis
2569 5242 2895 5305 qttwstionum
2922 5283 2934 5304 ,
2969 5256 3079 5310 qua:
3107 5259 3262 5310 nuper
3301 5243 3434 5294 vobis
3473 5239 3741 5310 prapositaz
3776 5247 3889 5290 sunt
3912 5236 3936 5288 ?
3963 5235 4027 5290 In

2454 5340 2641 5383 tantam
2671 5333 2802 5384 enim
2825 5333 3167 5402 arrogantiam
3197 5342 3243 5383 et
3287 5334 3550 5385 audaciam
3578 5347 3666 5383 nos
3695 5329 3985 5398 provca'istis
4011 5375 4023 5391 ,

2451 5431 2507 5474 ut
2535 5423 2831 5494 qtttcstioncs
2857 5422 3104 5490 intrepide
3123 5423 3476 5493 aggrediamur
3503 5439 3521 5474 :
3553 5423 3650 5472 imo
3678 5435 3766 5470 nec
3785 5436 4028 5490 arrogan-

2453 5515 2536 5568 tia:
2558 5531 2647 5567 nec
2671 5514 2898 5565 audacia:
2922 5513 2973 5564 id
3003 5515 3199 5583 facinus
3220 5525 3310 5568 est.
3338 5512 3455 5566 Non
3482 5512 3609 5563 enim
3637 5508 3817 5562 viribus
3847 5514 4025 5567 nostris

2449 5606 2756 5674 conﬁdentes
2781 5645 2794 5666 ,
2822 5604 2908 5656 sed
2958 5607 3235 5658 antistitum
3276 5603 3500 5673 precibus
3544 5616 3603 5653 ac
3647 5601 3818 5654 vestris
3857 5607 4024 5658 omnia

2454 5697 2815 5750 committentes
2856 5697 2922 5748 ad
2960 5698 3178 5749 stadium
3219 5711 3307 5748 nos
3354 5691 3680 5744 accinxinms.
3737 5691 3828 5744 llic
3880 5694 4023 5748 clare

2453 5789 2600 5842 vides
2627 5786 3060 5859 Chrysostomum
3099 5788 3164 5842 ad
3208 5785 3432 5840 stadium
3464 5797 3521 5837 se
3544 5783 3900 5854 acciugcutetn
3927 5827 3943 5852 ,
3971 5796 4020 5840 et

2456 5879 2876 5952 Quadi-agesimm
2920 5895 3192 5935 sermones
3239 5877 3460 5945 primum
3509 5874 3813 5944 ineuntem,
3861 5891 4021 5943 seque
