4526 6724
378 537 464 591 101
658 532 669 543 “
1552 547 1737 601 ΝυΝο
1775 544 2040 600 PRIMUM
2077 543 2481 608 ADORNATA.‘

371 672 506 728 pene
529 654 761 712 audacia:
793 658 1119 713 incusantem
1150 654 1288 723 quod
1326 670 1437 711 rem
1470 664 1669 708 tantam
1700 655 1954 724 aggrede-

371 758 515 804 retur
544 766 558 803 :
587 765 704 818 qum
730 760 879 805 certe
921 747 1100 803 omnia
1140 745 1640 817 Quadragesimales
1682 760 1954 801 sermones

370 844 537 913 prima
578 844 694 898 vice
741 841 1080 909 incipientem
1122 839 1372 894 indicant.
1417 838 1532 892 Non
1574 838 1715 890 enim
1746 853 1954 891 cansns

367 946 450 991 est
475 936 716 992 ordiendi
758 935 965 987 ratione
999 946 1137 985 anno
1180 932 1491 1000 insequente
1518 927 1640 991 587,
1675 944 1796 982 cum
1826 929 1952 983 Ser-

370 1043 556 1085 mones
584 1028 651 1082 de
689 1025 890 1081 Statuis
922 1038 1013 1091 per
1040 1034 1199 1077 totam
1238 1022 1706 1091 Quadragcsimam
1748 1020 1949 1075 habuit.

370 1121 550 1190 Itaque
578 1118 632 1171 lti
664 1130 944 1171 sermones
974 1116 1089 1170 sine
1128 1116 1290 1170 dubio
1340 1114 1609 1184 pertinent
1646 1112 1712 1166 ad
1757 1129 1952 1167 annum

368 1213 472 1266 536
496 1253 512 1277 ,
543 1224 651 1280 quo
682 1210 896 1262 ineunte
925 1209 1198 1280 presbyter
1222 1207 1497 1262 ordinatus
1534 1206 1704 1259 fuerat
1726 1246 1741 1269 ,
1774 1215 1827 1258 et
1854 1221 1953 1258 an-

368 1304 451 1354 nis
478 1301 666 1355 saltem
697 1298 903 1354 duobus
931 1310 1053 1355 ante
1082 1315 1237 1370 quam
1268 1298 1525 1354 llomilias
1564 1299 1632 1353 67
1680 1298 1732 1350 in
1775 1296 1952 1351 Gene-

368 1393 467 1445 sim
495 1431 508 1451 ,
541 1406 661 1459 qua:
691 1392 741 1444 in
767 1389 959 1446 eodem
990 1392 1157 1446 'l‘omo
1190 1388 1498 1460 prmcedunt
1520 1430 1534 1453 ,
1564 1389 1784 1443 haberet
1810 1430 1825 1454 ,
1858 1387 1958 1440 hos

366 1495 644 1535 sermones
673 1480 880 1537 dixerat
903 1501 917 1547 ;
942 1482 1026 1537 ubi
1053 1483 1273 1552 plurima
1301 1479 1497 1549 passim
1520 1480 1913 1534 animadvertas
1936 1520 1951 1544 ,

367 1585 487 1638 qure
518 1570 703 1626 iisdem
734 1587 876 1643 smpe
906 1574 1082 1628 verbis
1112 1574 1163 1626 in
1195 1570 1430 1625 homiliis
1453 1570 1558 1625 illis
1579 1571 1951 1625 observantur.

442 1662 497 1717 in
520 1662 602 1718 his
624 1666 971 1720 concionibus
988 1706 1003 1729 ,
1029 1662 1239 1718 etiamsi
1268 1662 1407 1718 inter
1428 1662 1624 1732 primas
1644 1676 1775 1732 quas
1796 1660 1958 1730 Chry-

368 1762 635 1809 sostomus
674 1754 863 1810 habuit
908 1760 1297 1817 numerentur,
1344 1768 1451 1807 non
1501 1753 1660 1808 modo
1699 1754 1955 1821 cloquen-

365 1849 494 1899 tiam
519 1887 534 1909 ,
566 1846 863 1900 ubertatem
892 1846 945 1899 in
975 1844 1202 1898 dicendo
1225 1884 1242 1910 ,
1285 1845 1510 1899 nitidum
1554 1861 1721 1914 genus
1762 1846 1956 1899 verbo-

366 1952 482 1991 rum
509 1979 524 2002 ,
571 1946 626 1992 et
669 1936 991 1991 inventionis
1028 1936 1332 1991 felicitatem
1374 1937 1694 2001 admireris,
1742 1953 1860 2007 quae
1902 1937 1954 1991 in

365 2029 573 2083 ceteris
614 2028 863 2081 omnibus
907 2027 1024 2096 ejus
1054 2027 1307 2095 operibus
1348 2028 1577 2092 elucent,
1620 2027 1708 2081 ubi
1756 2028 1953 2097 stylum

365 2136 578 2188 semper
600 2119 842 2173 videmus
864 2118 1106 2188 populari
1132 2118 1427 2171 asscnsioni
1450 2118 1908 2173 accommodatum
1935 2134 1950 2183 ;

367 2211 461 2265 sed
488 2212 647 2266 etiam
690 2211 1085 2266 animadvertas
1110 2220 1365 2279 quantum
1395 2210 1459 2264 ad
1488 2220 1952 2281 extemporaneam

370 2302 807 2356 declamationem
841 2318 1053 2371 semper
1073 2310 1413 2369 comparatus
1441 2300 1600 2355 fuerit
1626 2311 1803 2355 tantus
1828 2302 1957 2355 arti-

370 2396 454 2448 fex
479 2436 493 2459 ,
518 2404 570 2447 et
595 2411 750 2463 quam
779 2395 844 2447 ad
873 2411 958 2448 res
980 2395 1322 2463 quantumvis
1345 2393 1645 2463 inopinatas
1670 2395 1807 2464 stylo
1831 2409 1955 2463 per-

369 2484 669 2551 sequendas
701 2496 893 2551 praesto
924 2485 1096 2540 fuerit.
1131 2485 1242 2541 lloc
1274 2500 1381 2540 uno
1421 2501 1532 2541 rem
1566 2486 1808 2555 exemplo
1840 2501 1957 2554 per-

370 2577 556 2646 cipias.
589 2577 644 2630 In
687 2577 945 2631 Sermone
974 2587 1164 2646 quarto
1203 2595 1353 2634 num.
1392 2580 1426 2633 5
1451 2621 1466 2645 ,
1510 2593 1631 2633 cum
1670 2578 1958 2633 accedente

370 2678 528 2723 nocte
579 2668 811 2723 lucerna:
874 2668 1118 2723 ecclesiae
1176 2671 1633 2736 accenderentur,
1685 2670 1955 2724 auditores

369 2759 573 2813 aversis
599 2774 626 2811 a
650 2759 1029 2813 concionatore
1051 2758 1217 2813 oculis
1241 2801 1255 2825 ,
1279 2760 1343 2814 ad
1370 2762 1614 2815 lucernas
1641 2777 1697 2814 se
1720 2776 1951 2815 conver-

371 2860 535 2905 tunt:
576 2851 699 2906 hinc
743 2853 833 2906 ille
880 2852 1056 2905 statim
1089 2867 1270 2906 eorum
1314 2855 1606 2907 socordiam
1654 2856 1823 2922 carpit
1852 2895 1866 2919 ,
1900 2864 1954 2908 et

368 2941 531 2996 multa
564 2942 703 2996 haud
734 2942 895 2997 dubie
940 2943 1230 3011 imparatus
1258 2985 1271 3008 ,
1304 2944 1431 2997 dicit
1466 2946 1718 3013 praeclare
1743 2989 1757 3011 ,
1808 2961 1869 2999 ac
1909 2946 1951 2997 si

368 3048 483 3087 rem
511 3033 793 3088 meditatus
820 3035 1138 3089 accessisset
1162 3076 1175 3099 ,
1202 3034 1290 3104 qui
1321 3045 1491 3091 tamen
1522 3037 1635 3091 hmc
1664 3038 1955 3108 prmvidere

371 3124 518 3179 nullo
548 3126 706 3179 modo
738 3135 999 3195 potuerat.

443 3215 669 3269 Humilia
711 3217 763 3270 in
806 3216 867 3271 S.
917 3216 1195 3271 Dleletium.
1219 3248 1291 3259 —
1318 3219 1430 3274 lloc
1471 3219 1679 3275 circiter
1717 3228 1959 3290 tempore

372 3308 648 3362 homiliam
679 3308 811 3363 dixit
838 3310 888 3362 in
915 3310 972 3365 S.
1000 3310 1271 3366 Meletium
1301 3356 1315 3376 ,
1348 3328 1375 3364 a
1412 3328 1518 3382 quo
1560 3314 1673 3382 ipse
1713 3315 1879 3369 lector
1906 3325 1959 3369 et

373 3408 559 3468 postea
583 3399 838 3454 diaconus
860 3401 1135 3457 ordinatus
1164 3402 1355 3456 fuerat.
1385 3403 1617 3472 Tempus
1649 3406 1761 3473 ipse
1783 3406 1955 3476 Chry-

371 3498 638 3543 sostomus
661 3489 985 3546 inconcinne
1008 3492 1209 3561 profert
1234 3508 1353 3547 cum
1376 3494 1505 3548 dicit
1540 3513 1552 3549 :
1585 3496 1801 3559 Quintus
1826 3499 1959 3549 enim

372 3598 537 3635 annus
557 3582 669 3651 jam
706 3583 978 3652 prateriit,
1023 3600 1083 3637 ea:
1119 3601 1215 3653 quo
1255 3584 1341 3637 ille
1376 3586 1610 3655 migravit
1652 3587 1719 3639 ad
1758 3589 1954 3641 Jcsum.

371 3671 520 3726 Obiit
553 3682 729 3727 autem
776 3673 1020 3729 Meletius
1047 3676 1499 3744 Constantinopoli
1528 3716 1541 3741 ,
1580 3678 1667 3728 illo
1704 3691 1956 3731 evocatus

373 3763 442 3815 ab
487 3764 812 3831 Imperatore
860 3780 999 3818 anno
1045 3766 1142 3819 581
1192 3768 1327 3820 circa
1375 3766 1531 3821 linem
1571 3767 1769 3820 mensis
1815 3767 1953 3821 Maii.

372 3855 735 3919 Quamobrem
781 3864 901 3922 post
944 3872 1187 3911 mensem
1238 3856 1428 3910 Maium
1467 3858 1589 3910 anni
1628 3857 1731 3911 586
1780 3857 1957 3911 habita

375 3943 534 3997 fuerit
574 3943 688 3998 haec
724 3945 941 3998 homilia
963 3987 977 4009 ,
1005 3957 1128 4002 ante
1151 3963 1362 4017 capsam
1412 3949 1772 4019 Reliquiarum
1820 3950 1960 4019 ejus-

373 4036 495 4088 dem
521 4037 711 4089 sancti.
760 4036 873 4089 Non
905 4038 953 4089 in
982 4040 1344 4094 anniversaria
1372 4041 1547 4095 obitus
1587 4040 1672 4096 die
1713 4058 1729 4098 :
1792 4056 1964 4111 neque

372 4126 517 4181 cnim
542 4124 763 4181 dixisset
802 4126 1215 4198 Chrysostonms
1250 4132 1359 4199 jam
1407 4133 1728 4202 prseteriisse
1767 4148 1963 4187 annmn

374 4219 614 4288 quintum
636 4218 757 4272 :sed
774 4218 1012 4273 fortassis
1032 4221 1084 4273 in
1106 4221 1192 4274 die
1220 4224 1582 4277 translationis
1602 4225 1963 4293 Reliquiarum

375 4314 494 4377 ejus
528 4311 906 4379 Antiochiam,
936 4328 1053 4381 qua:
1095 4313 1329 4369 incidere
1369 4316 1579 4369 videtur
1618 4318 1668 4369 in
1713 4319 1965 4371 duodeci-

378 4417 520 4456 mam
568 4401 884 4467 Februarii,
927 4420 1031 4473 qua
1076 4404 1163 4459 die
1210 4405 1581 4475 Martyrologia
1621 4408 1864 4461 Grmcum
1910 4416 1965 4462 et

382 4497 677 4549 Romanum
724 4497 841 4557 ejus
886 4496 1079 4551 festum
1120 4500 1454 4553 annuntiant.
1501 4501 1599 4566 Qui
1642 4503 1877 4555 calculus
1918 4505 1961 4556 si

380 4594 600 4651 stet,ct
628 4587 672 4640 si
715 4586 1089 4658 Martyrologia
1130 4591 1272 4645 diem
1319 4592 1676 4647 translationis
1722 4603 1965 4648 accurate

380 4688 603 4744 notent,
634 4679 773 4747 quod
809 4689 983 4734 tamen
1021 4697 1175 4737 secus
1215 4698 1320 4737 non
1363 4699 1485 4739 raro
1528 4686 1822 4756 contingit,
1851 4685 1966 4741 ha-c

378 4772 568 4827 concio
596 4770 768 4822 habita
802 4769 957 4823 fuerit
981 4771 1297 4826 duodecima
1341 4776 1616 4830 Februarii
1659 4778 1783 4831 anni
1823 4778 1924 4832 387
1951 4820 1964 4841 ,

380 4875 503 4937 post
525 4877 691 4918 annos
715 4863 947 4932 quinque
971 4872 1024 4916 et
1052 4874 1174 4917 octo
1212 4881 1332 4918 cum
1375 4867 1595 4922 dimidio
1635 4886 1866 4924 menses.
1901 4871 1970 4925 Ut

380 4966 555 5010 utres
581 4962 697 5015 est,
743 4962 948 5005 certum
992 4955 1213 5006 omnino
1259 4956 1469 5009 videtur
1510 4958 1647 5012 hanc
1694 4960 1965 5014 homiliam

382 5044 772 5115 pronuntiatam
827 5043 1030 5108 fuisse,
1076 5044 1162 5099 vel
1218 5060 1359 5099 anno
1410 5046 1513 5100 586
1560 5058 1677 5115 post
1728 5065 1965 5103 mensem

380 5141 573 5194 Maium
602 5181 617 5205 ,
647 5138 729 5192 vel
760 5139 975 5190 ineunte
1005 5152 1147 5191 anno
1186 5138 1309 5192 ³537.
1352 5138 1618 5193 llleletium
1655 5156 1781 5193 vero
1823 5152 1967 5194 tanto

380 5246 566 5286 arnore
594 5228 1051 5302 prosequebantur
1077 5229 1394 5285 Antiochcni
1422 5273 1436 5298 ,
1485 5239 1628 5285 tanta
1666 5232 1805 5302 apud
1850 5234 1967 5288 illos

381 5334 497 5375 erat
524 5324 638 5392 ejus
666 5321 892 5377 nominis
919 5318 1057 5374 fama
1084 5362 1097 5385 ,
1127 5330 1186 5375 ut
1213 5338 1401 5377 omnes
1428 5323 1539 5377 fere
1570 5323 1690 5377 filiis
1722 5326 1831 5379 suis
1860 5325 1968 5378 Mc-

379 5413 495 5467 lctii
528 5430 723 5470 nomen
753 5414 1125 5484 imponerent,
1171 5422 1225 5467 et
1264 5414 1406 5469 illius
1450 5416 1731 5486 imaginem
1775 5417 1968 5486 ubique

378 5506 700 5574 pingerent,
760 5507 1227 5578 imprimerentque
1279 5506 1333 5559 in
1382 5509 1634 5575 annulis,
1688 5509 1873 5580 sigillis
1916 5519 1970 5563 et

379 5594 577 5667 phialis
602 5637 615 5657 ,
647 5601 915 5654 referente
939 5598 1341 5669 ChrySostomo.

452 5686 829 5744 Concionatori
856 5702 1003 5746 tanto
1025 5693 1313 5746 innumera:
1334 5705 1450 5744 sese
1472 5691 1765 5747 offerebant
1786 5693 1984 5748 orandi

382 5788 435 5834 ιι
485 5778 740 5845 arguendi
788 5795 966 5837 musae
1012 5793 1065 5838 et
1101 5783 1406 5838 occasiones
1451 5799 1463 5833 :
1518 5782 1971 5839 Antiochenorum

386 5869 672 5927 multoer
700 5869 941 5925 disstibui
980 5890 1195 5940 mores,
1235 5883 1287 5928 ct
1325 5872 1573 5928 effrenata
1622 5875 1971 5942 quorumdam

390 5967 441 6018 in
472 5959 739 6034 peccando
768 5961 977 6016 Ιίωιιιῖι
1006 6008 1018 6028 ,
1048 5983 1205 6036 quam
1232 5968 1282 6022 in
1313 5967 1447 6021 serie
1488 5966 1825 6021 homiliarum
1867 5970 1969 6025 fre-
2000 5990 2003 5993 ·

3553 549 3655 603 Ιοἱ

2067 665 2296 724 quenter
2325 655 2507 724 impeti
2535 654 2835 711 videbimus
2863 672 2876 708 :
2908 656 3281 712 haereticorum
3319 659 3447 713 varii
3492 676 3654 729 gene-

2061 746 2135 800 ris
2162 788 2177 811 ,
2206 746 2544 817 maximeque
2575 749 2964 802 Anommorum
2990 790 3004 813 ,
3044 749 3333 817 depravata
3369 749 3608 804 doctrina
3635 795 3652 819 ,

2060 837 2147 906 qni
2177 836 2413 905 quotidie
2436 848 2621 892 contra
2645 839 2952 894 Catholicos
2975 841 3380 895 velilicabantur
3404 858 3417 904 ;
3448 839 3655 894 Judmo.

2061 946 2178 983 rum
2208 945 2420 999 quoque
2448 932 2646 989 Christi
2671 934 3008 989 inimicorum
3035 950 3196 989 ausus
3224 978 3238 999 ,
3274 953 3407 1005 quos
3435 937 3487 990 in
3518 950 3653 1005 qua-

2059 1021 2180 1074 dam
2210 1022 2397 1075 saltem
2429 1023 2621 1077 rituum
2643 1037 2789 1093 parte
2813 1026 3153 1081 sectabantur
3174 1027 3371 1096 aliquot
3391 1026 3658 1083 Christia-

2061 1113 2133 1165 ni.
2169 1113 2233 1165 Et
2270 1114 2559 1168 Anomceos
2601 1115 2812 1184 quidem
2852 1116 3130 1172 adoriendi
3170 1119 3497 1186 propositum
3541 1118 3653 1188 jam

2060 1203 2264 1272 pridem
2289 1213 2632 1273 susceperat,
2659 1214 2818 1275 atque
2844 1209 2893 1260 itt
2919 1208 3102 1276 primis
3122 1208 3233 1262 suis
3256 1207 3487 1263 ltomiliis
3510 1209 3654 1277 ipsos

2060 1297 2319 1365 impetere
2345 1311 2501 1351 orsus
2527 1307 2705 1363 esset;
2739 1299 2832 1353 sed
2856 1316 2976 1353 cum
3001 1302 3205 1356 videret
3234 1302 3353 1356 illos
3382 1301 3653 1357 concioni.

2060 1389 2159 1443 bus
2188 1390 2446 1444 interesse
2473 1392 2581 1444 suis
2604 1432 2620 1456 ,
2651 1402 2703 1445 et
2730 1408 2847 1445 cum
2880 1393 3151 1459 voluptate
3178 1409 3333 1448 aures
3372 1394 3472 1449 sibi
3512 1409 3653 1464 pra--

2058 1479 2187 1535 bere
2212 1522 2226 1546 ,
2260 1497 2322 1534 ne
2342 1481 2566 1550 prazdam
2598 1484 2816 1554 abigeret
2843 1524 2857 1548 ,
2894 1484 3061 1552 inquit
3108 1485 3215 1549 ille,
3249 1497 3407 1554 utque
3439 1485 3650 1539 illorum

2060 1571 2264 1624 animas
2291 1572 2520 1627 irrctiret
2541 1615 2554 1638 ,
2591 1574 2820 1643 linguam
2850 1576 2916 1628 ab
2945 1575 3243 1642 huiusmodi
3271 1577 3652 1632 certaminibus

2060 1661 2383 1728 aliquamdiu
2408 1664 2665 1717 coercuit.

2133 1752 2334 1823 Cmptae
2361 1765 2538 1807 autem
2568 1767 2688 1808 sunt
2710 1756 3000 1810 conciones
3031 1756 3135 1810 ιιιω
3158 1767 3341 1809 contra
3365 1758 3654 1812 Anommos

2062 1852 2151 1895 aut
2178 1853 2419 1897 vertente
2458 1844 2599 1897 Julio
2634 1848 2753 1898 anni
2797 1836 2943 1912 586',
2988 1855 3079 1901 aut
3118 1847 3335 1901 ineunte
3375 1837 3650 1917 Augusto:

2061 1934 2152 2004 qui
2191 1934 2429 1989 calculus
2473 1945 2717 1990 constare
2759 1936 3173 2007 deprehenditur
3205 1954 3271 1992 ex
3309 1938 3372 1991 iis
3425 1953 3545 2007 qua:
3587 1938 3655 1992 de

2061 2027 2233 2095 prima
2285 2036 2471 2082 contra
2516 2027 2731 2082 Judaros
2787 2028 3003 2084 homilia
3051 2030 3301 2085 dicuntur
3349 2032 3403 2083 in
3456 2031 3656 2085 Monito

2062 2119 2080 2188 (
2111 2118 2237 2173 Vide
2262 2121 2316 2173 in
2343 2118 2541 2174 Monilo
2589 2130 2626 2173 ι.
2660 2121 2713 2174 1.
2748 2134 2792 2170 c.
2819 2116 3164 2189 857—844)
3200 2120 3267 2175 ad
3310 2121 3426 2175 illas
3469 2130 3655 2177 contra

2061 2210 2273 2266 Judmos
2322 2212 2606 2276 homilias,
2663 2213 2751 2267 ubi
2789 2228 2857 2268 ex
2894 2212 3025 2283 ipsis
3065 2210 3436 2283 Cbrysostomi
3479 2214 3657 2266 verbis

2061 2304 2298 2371 arguitur
2328 2304 2550 2370 primam
2579 2304 2809 2357 habitam
2841 2303 3005 2359 fuisse
3031 2320 3216 2359 mense
3244 2306 3483 2375 Augusto
3513 2304 3656 2373 ejus-

2063 2392 2184 2445 dem
2216 2394 2336 2445 anni
2370 2394 2494 2447 386.

2135 2482 2412 2538 Concionea
2454 2494 2629 2537 contra
2676 2485 2964 2538 Αιιοιιιωοε.
3008 2514 3083 2527 --·
3120 2484 3237 2538 Non
3280 2500 3383 2539 una
3425 2485 3564 2539 serie
3602 2494 3657 2539 οἵ

2064 2575 2404 2630 continenter
2427 2576 2583 2630 dictte
2613 2576 2827 2631 fuerunt
2852 2575 3139 2630 conciones
3164 2576 3279 2630 istm
3300 2585 3483 2630 contra
3515 2578 3655 2631 Ano-

2064 2682 2272 2731 moros;
2324 2666 2417 2721 sed
2454 2667 2659 2721 illarum
2700 2683 2892 2722 cursus
2938 2668 3267 2735 interceptus
3309 2677 3390 2720 est
3430 2668 3530 2721 sub
3570 2667 3655 2721 in-

2064 2761 2235 2823 itittm,
2265 2760 2479 2829 quando
2508 2760 2785 2829 ingruente
2827 2775 2954 2814 casu
2993 2770 3177 2813 contra
3219 2758 3433 2813 ,Ιιιιίιυος
3477 2760 3655 2811 disce-

2063 2853 2315 2921 ptandum
2342 2852 2457 2905 fuit.
2486 2852 2684 2906 Deinde
2710 2867 2835 2906 vero
2866 2861 3052 2905 contra
3078 2853 3370 2905 Anomcnos
3392 2859 3446 2904 et
3472 2863 3655 2904 comra

2062 2945 2276 2999 ,ιυιιςιιυε
2298 2945 2516 2998 alternis
2538 2944 2740 2998 vicibus
2760 2953 3122 2998 concertatum
3147 2951 3250 2998 est.
3281 2944 3348 2995 At
3374 2941 3519 2996 vices
3541 2941 3659 2996 illas

2064 3036 2238 3089 metiri
2274 3050 2375 3087 non
2406 3049 2684 3103 possumus
2711 3034 3005 3088 intervallis
3032 3034 3348 3103 :cqualibus.

2136 3127 2192 3181 In
2222 3128 2386 3196 prima
2418 3128 2594 3196 itaque
2630 3136 2815 3180 contra
2857 3127 3149 3179 AnomtBos
3191 3125 3446 3178 concione
3471 3165 3486 3189 ,
3511 3133 3661 3191 post-

2067 3234 2224 3287 quam
2255 3217 2483 3280 dixerat,
2518 3226 2574 3270 ut
2601 3216 2850 3281 vidimus,
2879 3232 2980 3285 qua
3009 3215 3075 3268 dc
3103 3230 3260 3269 causa
3295 3215 3501 3283 pridem
3533 3231 3653 3267 sus-

2064 3319 2274 3378 ceptum
2316 3308 2594 3363 consilium
2629 3308 2747 3361 illos
2797 3306 3139 3377 impugnandi
3178 3306 3322 3360 aliud
3357 3308 3406 3359 in
3449 3315 3657 3374 tempus

2071 3399 2485 3462 transmisisset,
2526 3413 2717 3467 nempe
2741 3437 2757 3462 ,
2789 3406 2846 3451 ut
2870 3398 3141 3450 auditores
3170 3397 3259 3466 qui
3286 3396 3386 3449 sibi
3414 3396 3655 3450 benevoli

2069 3493 2383 3547 videbantur
2407 3533 2423 3557 ,
2456 3491 2726 3545 irrctiret:
2758 3490 2971 3543 demum
2998 3487 3328 3541 hortantibus
3356 3487 3484 3556 ipsis
3516 3488 3634 3539 Ann

2070 3583 2224 3636 musis
2263 3590 2319 3634 ut
2367 3582 2418 3635 in
2466 3595 2683 3634 arenam
2729 3577 3119 3643 descenderet,
3178 3577 3388 3631 illorum
3446 3592 3660 3630 errores

2068 3675 2326 3741 impetere
2369 3687 2522 3725 orsus
2567 3681 2687 3735 est,
2739 3670 2912 3723 amico
2956 3680 3130 3723 tamen
3175 3667 3395 3732 animo,
3442 3683 3546 3720 non
3602 3679 3661 3722 ut

2068 3765 2402 3818 adversarios
2433 3762 2651 3825 feriret,
2683 3761 2774 3814 sed
2806 3769 2860 3814 ιιι
2880 3760 3118 3828 jacentes
3146 3759 3393 3828 erigeret.

2139 3854 2441 3909 Secundam
2469 3862 2655 3906 contra
2696 3853 2988 3905 Anommos
3030 3849 3302 3903 homiliam
3343 3849 3661 3918 interposito

2071 3948 2419 4017 plurimorum
2448 3945 2656 3999 dierum
2698 3944 2870 4013 spatio
2906 3942 3286 4012 pronuntiavit.
3330 3940 3488 3994 Multa
3513 3942 3656 3994 enim

2069 4046 2508 4114 Chrysostomum
2535 4056 2565 4093 a
2592 4039 2858 4093 destinato
2883 4052 3040 4092 cursu
3066 4036 3511 4105 interpellarunt;
3533 4051 3663 4089 con-

2074 4148 2151 4191 tra
2179 4137 2393 4192 Judtcos
2425 4149 2616 4205 nempe
2640 4133 2819 4187 habita
2840 4175 2856 4199 ,
2885 4147 3053 4202 caque
3081 4130 3365 4187 admodum
3412 4146 3663 4187 necessa-

2074 4232 2148 4284 ria
2177 4273 2189 4294 ,
2219 4229 2548 4284 concertatio
2573 4273 2587 4294 ,
2620 4227 2688 4281 de
2726 4242 2827 4296 qua
2854 4267 2867 4289 ,
2901 4224 2984 4278 his
3020 4235 3203 4279 contra
3254 4226 3543 4278 Anommos
3580 4240 3661 4277 re-

2073 4321 2292 4375 censitis
2316 4362 2328 4382 ,
2358 4320 2597 4390 pluribus
2623 4332 2840 4387 agemus
2866 4332 2879 4379 ;
2911 4317 3127 4370 Patrum
3165 4315 3514 4386 quorumdam
3557 4317 3661 4384 spi-

2072 4415 2331 4466 ritualium
2356 4414 2371 4480 (
2400 4414 2477 4466 sic
2506 4410 2636 4479 ille)
2660 4412 2901 4463 adventus
2923 4449 2939 4475 ,
2968 4408 3034 4463 de
3064 4410 3255 4478 quibus
3277 4424 3374 4461 suo
3396 4409 3511 4460 loco
3540 4424 3659 4461 nar-

2070 4505 2291 4559 rabitur.
2326 4504 2545 4557 Detnum
2576 4502 2678 4555 illis
2703 4500 2767 4554 ad
2814 4501 2928 4554 loca
2970 4514 3061 4553 sua
3111 4499 3340 4554 reversis
3366 4541 3379 4561 ,
3414 4510 3655 4553 sanctum

2072 4610 2367 4664 praeconem
2399 4608 2655 4662 excepere
2686 4591 2958 4645 memorim
2980 4600 3273 4661 martyrum
3316 4589 3657 4659 frequentes;

2073 4689 2263 4757 quibus
2289 4687 2575 4743 celebratis
2606 4688 2962 4741 intermissam
2995 4695 3178 4741 contra
3210 4686 3500 4741 Anommos
3529 4702 3659 4741 con-

2074 4780 2423 4834 certationem
2455 4780 2689 4848 repetiit.

2148 4872 2201 4925 ln
2234 4872 2386 4924 tertia
2412 4871 2547 4924 idem
2573 4878 2938 4937 argumentum
2967 4868 3028 4919 de
3053 4866 3662 4934 Iucomprc/tensibilitule

2076 4961 2170 5015 Dei
2200 4974 2381 5015 contra
2416 4960 2743 5013 adversarios
2783 4960 3136 5026 prosequitur.
3177 4958 3288 5011 Sub
3328 4958 3490 5011 linem
3534 4974 3663 5012 vero

2077 5054 2128 5104 in
2175 5051 2442 5103 auditores
2489 5049 2748 5102 acerrime
2796 5046 3103 5113 invehitur,
3156 5047 3299 5117 quod
3362 5050 3660 5114 concione,

2075 5158 2229 5209 quam
2266 5141 2490 5193 libenter
2516 5138 2840 5201 audiebant,
2873 5139 3045 5193 soluta
3072 5181 3087 5202 ,
3118 5154 3239 5194 sese
3264 5141 3437 5192 statim
3465 5139 3663 5193 subduc

2076 5241 2295 5293 nerunt,
2331 5242 2383 5285 et
2417 5230 2583 5284 sacris
2626 5231 2894 5302 mysteriis
2916 5272 2929 5296 ,
2981 5247 3097 5301 qnce
3139 5231 3390 5286 cuntinuo
3425 5230 3665 5284 celebra-

2078 5324 2268 5376 bantur
2293 5365 2307 5388 ,
2337 5337 2442 5377 non
2471 5321 2811 5377 interessent.

2152 5417 2206 5471 In
2237 5425 2425 5487 quarta
2449 5459 2463 5481 ,
2498 5425 2616 5485 post
2640 5416 2823 5469 solitas
2857 5425 3039 5470 contra
3088 5414 3365 5467 hmreticos
3408 5412 3668 5468 velitatio-

2080 5526 2174 5563 nes
2202 5550 2217 5571 ,
2266 5509 2425 5563 ccetni
2468 5508 2798 5577 gratulatur,
2845 5506 2984 5575 quod
3035 5506 3247 5559 monitis
3303 5504 3415 5558 suis
3461 5521 3664 5559 morem

2080 5602 2345 5669 gesserit,
2377 5614 2698 5670 pravamqne
2738 5607 2861 5652 ante
2900 5612 3049 5651 sacra
3093 5597 3343 5667 mysteria
3382 5598 3664 5651 recedendi

2081 5692 2518 5747 consuetudinem
2547 5689 2800 5757 abjcccrit
2826 5707 2839 5741 :
2869 5689 3010 5743 dolet
3041 5697 3218 5743 tamen
3246 5730 3260 5756 ,
3290 5690 3429 5760 quod
3460 5704 3664 5743 marsu-

2083 5785 2291 5855 piornm
2327 5792 2560 5837 sectores
2604 5780 2813 5847 quidam
2858 5780 3172 5835 concionem
3211 5780 3625 5835 interturbarent
3659 5824 3671 5838 .

2084 5886 2368 5946 monetque
2397 5890 2463 5929 ne
2491 5890 2674 5927 aurum
2718 5884 3065 5943 argentutnve
3103 5874 3157 5928 in
3196 5872 3473 5940 marsupiis
3522 5875 3669 5929 deie-

2088 5981 2205 6025 rant
2230 6011 2243 6035 ,
2274 5967 2313 6020 si
2346 5968 2503 6021 velint
2535 5967 2689 6021 talem
2724 5977 2929 6036 pestem
2962 5966 3193 6035 abigere.
