4504 6704
822 522 924 579 163

893 635 945 687 In
989 634 1171 702 quinta
1214 632 1472 701 demum,
1522 634 1586 689 iis
1628 633 1859 689 breviter
1898 634 2202 688 retractatis
2228 674 2240 697 ,
2283 644 2402 701 qna:

818 728 965 792 prius
991 725 1238 791 dixerat,
1268 740 1402 779 nova
1438 723 1656 779 adhibet
1691 732 1875 779 contra
1914 725 2208 780 Anomaaos
2246 737 2403 790 amu-

820 828 1019 872 menta.
1047 816 1105 871 In
1132 817 1213 870 bis
1243 831 1403 885 porro
1441 816 1786 877 concionibns
1822 816 1999 871 elucet
2035 813 2401 888 Chrysostumi

819 923 926 961 non
952 908 1122 961 solum
1151 904 1455 977 eloquentia
1482 950 1497 974 ,
1529 907 1623 963 sed
1649 907 1807 963 etiam
1832 907 1914 963 vis
1938 918 2398 977 argumentorum.

818 996 927 1051 Nec
953 996 1131 1052 minus
1160 998 1512 1068 suspiciendae
1540 1006 1665 1052 sunt
1692 998 2075 1067 responsiones
2103 999 2169 1053 ad
2197 998 2401 1067 objecta

820 1086 1193 1143 bzereticorum
1219 1131 1235 1155 ,
1276 1088 1464 1158 quibus
1500 1097 1859 1158 asperguntur
1892 1089 2053 1142 etiam
2103 1089 2243 1143 sales
2269 1127 2284 1151 ,
2316 1085 2404 1155 qni

822 1179 1134 1234 indicendo
1163 1179 1351 1232 mirum
1394 1188 1652 1249 quantum
1694 1181 1924 1236 valeant.
1968 1180 2042 1234 Ita
2091 1189 2150 1234 ut
2194 1179 2332 1233 haud
2374 1193 2402 1230 a

823 1284 953 1324 vero
970 1270 1291 1324 aberraverit
1315 1269 1358 1322 si
1378 1269 1501 1340 quis
1527 1270 1623 1324 has
1646 1271 1891 1324 homilias
1918 1272 2055 1324 inter
2079 1270 2407 1341 pratstantis-

820 1361 955 1414 sima
984 1360 1149 1413 sancti
1177 1358 1415 1415 doctoris
1440 1377 1598 1429 opera
1629 1363 2036 1430 computaverit.

892 1447 1076 1503 Concio
1112 1449 1167 1503 in
1206 1449 1269 1504 S.
1313 1449 1699 1520 Philogonium.
1759 1460 1799 1504 t.
1842 1450 1894 1503 l.
1936 1464 1983 1500 ε.
2024 1449 2148 1504 747.
2182 1478 2252 1490 --
2282 1450 2407 1504 Post

820 1540 1058 1609 quintam
1082 1582 1097 1605 ,
1130 1555 1248 1607 quae
1277 1554 1461 1595 mense
1493 1540 1771 1595 Decembri
1799 1538 1820 1613 (
1846 1543 1909 1593 Α.
1941 1540 2065 1595 536.
2095 1538 2334 1594 Decemb.
2358 1541 2401 1613 ),

823 1642 880 1683 nt
909 1630 1194 1684 verisimile
1221 1640 1305 1685 est
1330 1672 1345 1698 ,
1376 1631 1555 1686 habita
1584 1633 1677 1685 fuit
1701 1674 1716 1699 ,
1745 1632 2157 1703 Cbrysostomus
2180 1632 2247 1687 ad
2273 1648 2406 1687 nova

820 1720 932 1775 tela
957 1731 1139 1775 contra
1164 1723 1455 1776 Anomtnns
1476 1721 1731 1775 vibranda
1760 1732 1972 1790 paratus
1995 1762 2013 1789 ,
2041 1732 2098 1776 ut
2123 1723 2237 1793 ipse
2260 1722 2407 1789 dicit,

822 1809 911 1863 die
940 1809 1076 1863 festo
1102 1808 1159 1864 S.
1201 1809 1495 1878 Philogonii
1539 1810 1778 1881 episcOpi
1822 1812 2139 1867 Antiocheni
2164 1853 2180 1879 ,
2226 1815 2317 1884 qui
2357 1815 2408 1868 in

820 1900 1125 1968 vigesimam
1153 1900 1461 1955 Decembris
1484 1942 1500 1968 ,
1542 1902 1779 1972 quinque
1804 1901 1992 1958 diebus
2017 1912 2142 1958 ante
2169 1903 2407 1959 Natalem

820 1990 1028 2043 homini
1052 2029 1069 2056 ,
1100 1989 1405 2056 incidebat,
1440 1991 1812 2062 interpellatus
1837 1994 1932 2046 fuit
1956 2035 1972 2059 ,
1998 1995 2219 2062 ejusque
2245 2008 2408 2062 pane-

819 2083 1062 2154 gyrihum
1101 2082 1504 2155 pronuntiavit,
1550 2084 1724 2153 ipsum
1775 2092 1949 2137 tamen
1988 2098 2095 2136 non
2138 2083 2402 2147 absolvit,

820 2175 916 2228 sed
939 2175 1167 2229 maxima
1189 2176 1439 2245 prmconii
1462 2185 1608 2242 parte
1634 2174 1887 2228 Flaviano
1908 2174 2193 2242 episcOpo,
2217 2172 2404 2228 eadem

819 2264 906 2319 die
933 2265 1311 2319 concionaturo
1336 2305 1349 2327 ,
1380 2263 1561 2317 relicta
1587 2304 1603 2328 ,
1629 2264 1680 2317 in
1702 2263 1962 2319 orationis
1987 2263 2164 2319 medio
2186 2278 2404 2318 cursum

819 2354 1101 2423 intercepit
1126 2394 1141 2417 ,
1171 2364 1227 2408 ut
1252 2354 1503 2423 populum
1530 2354 1596 2407 ad
1624 2353 1870 2409 Natalem
1898 2354 2094 2410 Christi
2130 2355 2233 2410 rite
2267 2356 2408 2409 cele-

819 2446 1082 2501 brandum
1112 2445 1423 2501 hortaretur
1451 2487 1467 2513 ,
1495 2461 1559 2501 ac
1584 2456 1864 2516 postquam
1893 2446 2262 2517 peccatoribus
2291 2462 2407 2516 pte-

816 2538 1054 2592 nitentia:
1094 2537 1587 2609 resipiscentiazque
1629 2537 1847 2593 modum
1887 2538 2216 2609 prtescripsit
2239 2580 2255 2607 ,
2282 2554 2407 2594 ora-

817 2628 1020 2683 tionem
1047 2628 1267 2682 claudit.

884 2716 1207 2787 Sequentem
1246 2718 1329 2773 “de
1382 2717 1833 2773 Consubstantiali
1884 2717 2160 2772 homiliam
2218 2728 2403 2773 contra

728 2868 733 2873 _
814 2811 1105 2865 Anomaos
1152 2809 1375 2877 habuit,
1430 2817 1491 2863 ut
1530 2809 1728 2865 indicat
1778 2810 1932 2879 ipse,
1983 2811 2165 2879 paucis
2214 2810 2404 2865 diebus

819 2913 1097 2975 postquam
1140 2903 1206 2958 de
1255 2902 1445 2959 eodem
1494 2914 1809 2974 argumento
1852 2904 2202 2958 concionatus
2249 2912 2399 2967 erat,

816 2996 1033 3050 ineunte
1059 2995 1305 3049 videlicet
1339 3010 1482 3048 anno
1520 2996 1625 3050 387
1652 3036 1667 3061 ,
1707 3004 1762 3048 ct
1802 3002 2059 3064 quantum
2104 2994 2408 3063 conjectare

814 3088 974 3153 licet,
1008 3088 1189 3157 quinta
1220 3086 1461 3141 Januarii
1486 3085 1614 3151 die,
1655 3100 1756 3156 qua
1798 3087 2069 3140 circenses
2111 3084 2220 3139 ludi
2267 3084 2409 3139 cele-

814 3178 1127 3233 brabantur.
1170 3178 1259 3233 Sic
1296 3178 1438 3232 enim
1468 3178 1559 3231 ille
1586 3178 1901 3231 concionem
1946 3177 2171 3246 incipit:
2214 3173 2408 3229 Iterum

815 3269 1058 3325 circenses
1083 3311 1097 3335 ,
1126 3270 1307 3323 iterum
1336 3268 1480 3323 nobis
1506 3269 1804 3322 imminutus
1831 3278 1904 3321 est
1928 3276 2221 3322 conventus.

887 3362 981 3416 Die
1002 3362 1246 3431 sequenti
1286 3368 1341 3413 ut
1367 3359 1668 3415 confutaret
1692 3360 2005 3423 Anommos,
2035 3360 2124 3429 qui
2163 3375 2228 3412 ex
2271 3358 2413 3428 peti-

814 3457 960 3510 tione
1000 3454 1233 3509 filiorum
1280 3452 1525 3508 Zebedazi
1573 3462 1628 3508 et
1659 3468 1724 3507 ex
1770 3452 2123 3521 responsione
2167 3450 2404 3517 Christi,

814 3548 1003 3602 Sedere
1042 3556 1211 3603 autem
1237 3546 1303 3599 ad
1328 3547 1587 3599 dexteram
1615 3546 1691 3598 vel
1717 3545 1978 3599 sinistram
2005 3561 2167 3597 meam
2194 3560 2295 3597 non
2332 3552 2407 3597 est

810 3657 975 3694 meum
1002 3640 1122 3693 dare
1146 3641 1302 3704 vrbis,
1332 3636 1672 3708 oppugnandi
1702 3652 1886 3690 ansam
1917 3635 2262 3705 arripiebant,
2285 3650 2402 3689 eam

813 3730 995 3784 habuit
1025 3729 1293 3783 homiliam
1326 3744 1445 3798 qua:
1473 3735 1659 3780 octava
1692 3726 2020 3781 inscribitur.

881 3820 1028 3875 lianc
1066 3821 1374 3874 concionem
1416 3818 1655 3888 sequitur
1699 3818 1787 3871 illa
1831 3817 1899 3872 de
1942 3816 2149 3871 Lazaro
2194 3814 2401 3885 quatri-

806 3912 985 3965 duano
1016 3909 1105 3981 (T.
1134 3926 1170 3963 ι.
1198 3927 1245 3965 c.
1273 3910 1435 3977 779),
1470 3909 1522 3961 in
1554 3922 1657 3977 qua
1701 3907 2083 3961 Anomteorum
2115 3919 2401 3974 argumen-

810 4015 923 4057 tnm
955 4018 1019 4057 ex
1047 4001 1266 4055 historia
1316 4000 1504 4055 Lazari
1532 3999 1869 4069 quatriduani
1913 4000 2135 4065 petitum
2165 3995 2407 4050 confuta-

810 4102 919 4147 tur.
952 4092 1009 4147 ln
1054 4092 1189 4144 hanc
1217 4104 1344 4143 vero
1381 4088 1751 4160 illegitimitatis
1786 4088 2140 4158 suspicionem
2188 4086 2406 4155 injicere

809 4192 1035 4237 conatus
1081 4191 1163 4236 est
1208 4181 1423 4251 quidam
1474 4196 1747 4250 nuperus,
1794 4180 1883 4249 qui
1943 4194 2050 4233 non
2104 4177 2407 4232 adverterat

810 4276 950 4331 banc
969 4275 1035 4330 de
1063 4274 1265 4329 Lazaro
1292 4272 1647 4343 quatriduano
1676 4272 1973 4327 luculenter
1996 4270 2405 4327 commemorari

810 4368 862 4420 in
887 4367 1126 4436 sequenti
1153 4366 1220 4419 de
1243 4364 1439 4419 Christi
1462 4364 1728 4434 precibus,
1756 4364 2006 4434 quoniam
2036 4362 2151 4416 haec
2182 4360 2401 4415 homilia

811 4460 863 4513 in
894 4457 1127 4511 editione
1160 4456 1425 4510 Saviliana
1466 4456 1623 4524 longo
1666 4455 1945 4510 intervallo
1982 4468 2013 4507 a
2039 4452 2282 4523 sequenti
2319 4465 2405 4505 se-

810 4558 991 4619 parata
1022 4555 1138 4601 erat
1169 4564 1182 4599 :
1218 4560 1398 4599 verum
1428 4546 1541 4614 ejus
1570 4555 1878 4615 argumenta
1922 4545 2161 4612 pluribus
2208 4542 2403 4599 confu-

813 4639 1037 4692 lavimus
1067 4636 1120 4691 in
1150 4635 1351 4690 Monito
1380 4633 1445 4687 ad
1477 4633 1573 4687 has
1602 4634 1846 4686 homilias
1873 4632 1980 4687 col.
2008 4634 2131 4689 779.

883 4730 1061 4783 Altera
1102 4728 1168 4781 de
1197 4726 1396 4781 Christi
1428 4726 1674 4794 precibus
1701 4725 2039 4779 continenter
2081 4732 2201 4794 post
2226 4724 2405 4779 Homi-

816 4822 939 4876 liam
967 4820 1032 4873 de
1060 4819 1259 4872 Lazaro
1299 4818 1473 4872 habita
1505 4826 1606 4871 est.
1654 4815 1709 4870 ln
1741 4815 1841 4871 hac
1881 4816 2091 4887 egregie
2128 4830 2404 4870 common-

814 4920 1013 4965 stratnr
1032 4909 1228 4962 Christi
1255 4922 1438 4976 preces
1463 4907 1528 4961 ad
1555 4908 1765 4962 Patrem
1783 4907 2035 4973 directas,
2057 4920 2163 4961 non
2182 4906 2406 4976 probare

816 5007 964 5062 illum
1011 5017 1131 5058 esse
1176 5002 1333 5057 Patre
1384 5002 1666 5054 minorem.
1712 4999 2007 5070 Utramque
2051 5014 2178 5053 vero
2226 4999 2409 5054 habuit

818 5101 1033 5153 ineunte
1060 5108 1204 5149 anno
1220 5094 1349 5159 587,
1375 5092 1536 5162 paulo
1568 5102 1684 5161 post
1708 5108 1865 5161 quam
1896 5092 2029 5145 alias
2057 5100 2242 5146 contra
2262 5092 2408 5145 Ano-

818 5202 988 5243 mtros
1016 5186 1245 5250 dixerat,
1275 5192 1330 5237 ut
1359 5183 1471 5251 ipse
1499 5182 1661 5235 refert
1689 5182 1743 5236 in
1772 5182 2023 5244 secunda,
2054 5196 2201 5235 num.
2231 5180 2284 5244 2,
2318 5181 2408 5235 ubi

818 5283 890 5335 sit
931 5295 989 5333 se
1028 5294 1207 5350 nuper,
1240 5277 1308 5331 de
1351 5275 1517 5345 gloria
1565 5273 1827 5344 Unigeniti
1874 5274 2093 5328 dixisse.
2133 5272 2223 5328 Sic
2266 5276 2407 5328 enim

819 5370 1103 5423 conciones
1170 5368 1239 5423 de
1306 5364 1831 5436 lncomprehensibili
1900 5379 2008 5419 non
2079 5363 2248 5418 semel
2315 5379 2411 5433 ap-

823 5464 1002 5535 pellat.

895 5554 1036 5608 Dnas
1061 5551 1192 5607 alias
1216 5560 1398 5607 contra
1440 5552 1732 5605 Anomteos
1769 5549 2053 5603 conciones
2097 5546 2187 5601 ille
2226 5545 2410 5601 habuit

823 5643 1276 5712 rionstantitiopoli
1308 5641 1391 5712 (T.
1428 5658 1464 5696 ι.
1496 5657 1544 5697 c.
1569 5639 1729 5710 795),
1766 5641 1852 5695 ubi
1885 5641 1973 5695 illa
2005 5639 2225 5696 lmresis
2261 5655 2409 5710 gras-

825 5740 1060 5807 sabatur,
1106 5745 1164 5790 ut
1202 5745 1255 5789 et
1299 5733 1591 5789 Antiochia:
1621 5751 1632 5786 :
1666 5732 1733 5788 de
1783 5732 1887 5787 illis
1923 5743 2102 5788 autem
2148 5746 2247 5786 suo
2292 5732 2409 5786 loco

824 5838 1027 5898 agetur.

895 5920 1165 5978 Contiones
1192 5928 1365 5975 contra
1389 5914 1613 5973 Iudam.
1662 5948 1679 5954 ο
1712 5916 2055 5973 llomiliarum
2077 5932 2201 5976 vero
2224 5926 2407 5974 contra

1905 516 1965 573 8.
2005 516 2285 574 JOANNIS
2319 512 2797 573 CllRYSOSTOlll
2841 518 3021 577 νιτΑ.

4007 528 4107 583 101

2512 626 2731 685 Judzcos
2757 631 2999 686 ordinem
3031 632 3081 687 in
3127 632 3276 703 prius
3302 630 3474 688 Editis
3516 630 3652 687 mire
3696 637 4060 703 perturbatum
4088 683 4103 705 ,

2511 716 2623 771 Deo
2647 718 2831 783 dante,
2861 735 2961 775 nec
2984 722 3101 776 sine
3131 722 3315 777 labore
3343 722 3671 778 restituimus
3696 721 3784 791 (T.
3817 739 3854 776 ι.
3874 741 3923 781 c.
3945 726 4101 797 837).

2510 807 2745 862 Primam
2772 809 3045 865 homiliam
3071 813 3275 877 habuit,
3300 822 3577 885 postquam
3606 813 3897 871 certamina
3916 827 4102 871 contra

2510 902 2803 957 Anomteos
2840 916 3015 968 orsus,
3060 905 3336 975 primaque
3358 906 3468 975 jam
3511 907 3687 962 habita
3713 904 3991 970 concione,
4018 906 4071 959 in

2509 992 2774 1048 stantibus
2798 991 3104 1047 Iudaeorum
3137 994 3304 1061 feriis,
3346 999 3697 1069 seenopegiis,
3722 996 3955 1069 jejuniis,
3986 997 4102 1067 qui.

2511 1080 2613 1138 bus
2641 1083 2927 1139 Christiani
2956 1083 3172 1153 quidam
3202 1088 3542 1155 Antiocheni,
3574 1091 3765 1159 partim
3804 1088 4103 1160 spectandi,

2511 1175 2705 1244 partim
2752 1176 2910 1230 etiam
2944 1190 3045 1228 una
3090 1176 3399 1233 celebrandi
3446 1191 3609 1251 atque
3631 1182 3901 1252 jejunandi
3943 1197 4105 1238 causa

2512 1264 2772 1320 interesse
2814 1266 3099 1321 solebant:
3133 1266 3257 1322 huic
3310 1268 3401 1323 ille
3441 1272 3631 1327 morbo
3658 1282 3713 1327 ιιι
3760 1274 4107 1341 mederetur,

2511 1356 2925 1412 concertationis
2946 1364 3135 1413 contra
3156 1359 3447 1413 Anomaeos
3474 1375 3690 1417 cursum
3716 1364 4016 1437 intercepit,
4044 1380 4108 1420 ac

2513 1446 2728 1503 Judaaos
2752 1449 3161 1521 Judaeorumque
3183 1464 3439 1521 sequaces
3460 1451 3679 1507 adortus
3703 1465 3806 1510 est.
3838 1457 3951 1523 Qua
3976 1474 4105 1511 vero

2513 1537 2640 1590 anni
2686 1547 3003 1610 tempestate
3027 1540 3142 1596 haec
3183 1541 3485 1597 concionari
3515 1544 3761 1611 cmperit,
3789 1545 3904 1614 ipse
3946 1551 4109 1617 paulo

2516 1638 2635 1697 post
2674 1630 2881 1684 initium
2924 1632 3156 1688 homilia:
3191 1633 3379 1703 prima:
3408 1632 3719 1689 testiﬁcatur
3760 1635 3843 1691 his
3881 1638 4105 1697 verbis:

2516 1716 2686 1774 Ferit:
2727 1722 3022 1777 miserorum
3046 1733 3195 1795 atque
3225 1740 3623 1780 terumnosorum
3659 1724 3957 1782 Judteorum
3984 1745 4108 1783 con-

2516 1810 2671 1865 tinuae
2711 1822 2759 1866 et
2784 1813 3071 1883 frequentes
3100 1813 3313 1881 instant,
3348 1816 3497 1881 tubae,
3530 1820 3857 1891 seenopegite,
3880 1820 4102 1891 jejunio.

2516 1898 2612 1954 His
2639 1911 2853 1956 notatur
2879 1902 3022 1957 haud
3038 1902 3199 1957 dubie
3224 1908 3427 1959 mensis
3445 1906 3605 1972 Tisri,
3627 1910 3743 1965 sive
3769 1909 4103 1981 September,

2514 1990 2665 2059 cujus
2706 1991 2919 2046 decimo
2960 1993 3146 2062 quinto
3184 1994 3273 2049 die
3315 1995 3601 2065 incipiebat
3640 2002 3977 2073 scenopegia,
4008 2018 4105 2057 seu

2512 2078 2705 2133 festum
2751 2081 3261 2139 Tabernaculorum.
3308 2084 3403 2140 Illo
3459 2096 3639 2142 autem
3695 2105 3880 2145 mense
3926 2093 4107 2161 plures

2510 2171 2649 2240 apud
2674 2172 2889 2229 Judazos
2912 2178 3268 2231 occurrebant
3291 2177 3407 2233 dies
3437 2178 3576 2245 festi,
3602 2195 3763 2250 quam
3791 2183 3842 2236 in
3867 2184 4106 2253 quolibet

2510 2262 2618 2317 alio
2643 2264 2801 2318 totius
2825 2265 2971 2333 anni,
3018 2275 3075 2321 ut
3098 2267 3283 2322 videas
3326 2269 3463 2339 apud
3493 2270 3826 2340 Buxtorfum,
3869 2273 4104 2329 Leusde-

2513 2368 2642 2408 num
2667 2363 2723 2411 et
2748 2356 2901 2411 alios.
2930 2357 3083 2425 Quod
3109 2360 3268 2413 etiam
3299 2360 3494 2417 indicat
3523 2360 3954 2437 Cbrysostomus,
3980 2380 4107 2423 cum

2514 2444 2644 2500 dicit
2686 2448 2879 2501 assidui
2918 2460 2967 2503 et
3007 2451 3183 2505 crebri.
3234 2451 3381 2510 Hanc
3423 2456 3817 2512 Solemnitatum
3857 2458 4103 2529 frequen-

2515 2538 2641 2591 tiam
2668 2538 2869 2607 aliquot
2894 2538 3082 2597 diebus
3119 2546 3466 2600 antevertisse
3503 2546 3959 2618 Chrysostomum;
3990 2558 4101 2604 tum

2512 2631 2791 2697 praemissa
2820 2633 2981 2687 verba
3011 2633 3304 2702 declarant,
3346 2645 3457 2691 tum
3488 2652 3609 2691 mox
3655 2638 3923 2694 aﬂerenda
3953 2642 4103 2695 testi-

2510 2720 2755 2775 ﬁcantur.
2802 2722 2980 2789 Quare
3030 2739 3219 2781 mense
3258 2728 3497 2797 Augusto
3552 2730 3775 2800 primam
3824 2730 4098 2787 homiliam

2509 2811 2714 2867 dixisse
2739 2812 2965 2868 videtur.

2584 2902 2639 2959 In
2671 2905 2769 2959 hac
2809 2922 2937 2961 vero
2967 2907 3205 2974 homilia,
3240 2909 3327 2963 ubi
3356 2907 3687 2965 Christianos
3721 2912 3837 2967 illos
3863 2912 4095 2969 insecta-

2512 3000 2620 3061 tur,
2650 2996 2738 3065 qui
2764 2996 3036 3066 religionis
3055 3012 3215 3053 causa
3238 2998 3544 3053 Judzeorum
3571 3015 3718 3054 sacra
3745 3001 3923 3067 ferias,
3949 3004 4095 3058 aedes

2514 3084 2743 3148 adirent,
2774 3100 2888 3140 rem
2917 3085 3070 3141 aﬂ‘ert
3122 3088 3463 3158 singularem,
3496 3092 3579 3143 cni
3624 3092 3714 3145 ille
3743 3092 4014 3158 interfuit,
4043 3106 4095 3149 et

2514 3190 2672 3245 quam
2703 3177 3108 3245 praetermittere
3144 3193 3250 3232 non
3278 3179 3421 3233 licet.
3464 3180 3742 3250 Postquam
3784 3185 3895 3237 hate
3926 3185 4093 3239 Evan-

2512 3267 2635 3336 gelii
2678 3267 2901 3323 Joannis
2927 3270 3087 3324 verba
3116 3270 3293 3325 attulit
3322 3270 3407 3341 (Τ.
3426 3284 3464 3324 t.
3485 3285 3532 3323 c.
3550 3269 3858 3340 847.1.27),
3876 3276 3934 3329 Si
3960 3276 4092 3329 enim

2516 3356 2723 3411 Patrem
2751 3375 2917 3411 meum
2950 3360 3180 3425 nossetis,
3224 3372 3273 3415 et
3299 3378 3379 3415 me
3415 3364 3625 3417 nossetis
3651 3380 3670 3417 :
3694 3382 3846 3432 neque
3870 3382 3983 3419 rere
4012 3384 4092 3419 me

2513 3450 2690 3513 nostis,
2720 3465 2809 3502 nec
2840 3448 3091 3513 Patrem;
3120 3452 3190 3505 ita
3219 3452 3391 3521 pergit
3420 3470 3433 3506 ι
3468 3452 3616 3517 Quod
3643 3456 3975 3509 testimonium
4000 3460 4094 3511 hoc

2513 3539 2615 3605 ﬁde
2647 3539 2848 3608 dignius
2890 3540 3183 3595 adducam?
3210 3542 3275 3596 Si
3317 3542 3522 3596 Patrem
3551 3561 3650 3597 non
3676 3556 3876 3608 norunt,
3905 3545 4095 3601 Filium

2510 3630 2888 3697 cruciﬁxerunt,
2930 3633 3154 3700 Spiritus
3182 3634 3428 3687 auxilium
3456 3637 3765 3703 repulerunt,
3797 3638 3906 3706 quis
3930 3639 4094 3691 locum

2509 3722 2653 3774 illum
2682 3739 2788 3776 esse
2814 3724 3100 3776 dwmonum
3128 3726 3455 3778 diversorium
3488 3728 3742 3796 afﬁrmare
3790 3745 3888 3781 non
3916 3730 4098 3782 ausit?

2511 3810 2631 3865 Non
2656 3812 2901 3865 aduratur
2925 3814 2991 3865 ibi
3031 3811 3191 3877 Deus,
3220 3814 3382 3878 absit;
3409 3816 3496 3869 sed
3538 3817 3841 3871 idololatria:
3864 3818 4095 3889 deinceps

2510 3904 2648 3957 locus
2687 3913 2757 3957 est
2783 3919 2802 3957 :
2832 3913 2877 3958 et
2906 3913 3072 3958 tamen
3117 3905 3273 3974 aliqui
3315 3906 3417 3959 illis
3444 3916 3699 3971 tamquam
3732 3910 3969 3963 sacrariis
3994 3911 4091 3963 ad-

2512 3996 2721 4049 haerent.
2765 3996 2926 4065 Atque
2954 3997 3061 4051 hazc
3090 4014 3191 4051 non
3218 4000 3515 4067 conjecturis
3554 4000 3805 4055 adductus
3830 4002 3962 4065 dico,
4004 4005 4095 4056 sed

2511 4088 2623 4156 ipsa
2648 4087 2852 4139 edoctus
2880 4088 3207 4156 experientia.
3249 4087 3387 4142 Nam
3415 4100 3528 4143 ante
3560 4091 3653 4143 hoc
3696 4093 3938 4159 triduum,
3969 4094 4096 4146 mihi

2511 4178 2717 4244 credite,
2762 4194 2863 4230 non
2894 4177 3135 4241 utentior,
3166 4188 3448 4231 matronam
3489 4179 3759 4248 quamdam
3788 4182 4044 4235 honestam
4076 4225 4091 4246 ,

2510 4270 2800 4340 ingenuam,
2852 4269 3127 4323 modestam
3152 4279 3201 4323 et
3237 4270 3436 4337 ﬁdelem
3462 4272 3583 4333 uidi,
3628 4288 3778 4339 quam
3806 4274 3955 4327 homo
3979 4278 4093 4339 qui-

2510 4362 2628 4414 dam
2664 4362 2913 4429 impurus,
2944 4362 3180 4430 Opinione
3205 4359 3523 4415 Christianus
3550 4363 3697 4431 (talia
3737 4364 3867 4418 enim
3894 4366 4088 4419 auden-

2510 4462 2629 4519 tem,
2659 4453 2907 4505 sincerum
2951 4450 3295 4505 Christianum
3332 4467 3432 4504 non
3474 4452 3734 4525 dixerim),
3763 4453 4092 4510 Hebraeorum

2507 4544 2669 4599 cedem
2695 4544 2885 4596 intrare
2907 4582 2922 4606 ,
2952 4541 3115 4610 ibique
3128 4542 3495 4611 jusjurandum
3525 4544 3587 4596 de
3613 4548 3821 4617 negotiis
3846 4547 3940 4600 sibi
3970 4564 4092 4601 con-

2508 4635 2711 4691 creditis
2751 4636 2872 4688 dare
2897 4634 3117 4704 cogebat.
3154 4633 3222 4688 Ut
3263 4650 3378 4689 vero
3414 4634 3505 4689 illa
3532 4652 3675 4702 apem
3700 4638 4019 4708 implorabat,
4044 4648 4093 4691 et

2510 4729 2609 4781 vim
2649 4726 2942 4781 sceleratam
2978 4724 3179 4777 amoliri
3220 4726 3489 4795 cupiebat;
3512 4726 3606 4780 sibi
3631 4728 3791 4792 enim,
3821 4744 3935 4792 qua:
3958 4728 4090 4781 dioi-

2511 4836 2691 4875 norum
2734 4818 3083 4889 mysteriorum
3124 4833 3325 4871 consors
3368 4821 3502 4887 facta
3542 4829 3686 4882 esset,
3736 4820 3881 4873 illum
3925 4820 4092 4871 locum

2510 4912 2671 4977 adire,
2703 4912 2847 4979 nefas
2886 4924 2991 4961 esse
3029 4907 3233 4977 putabat
3260 4923 3279 4959 :
3308 4908 3537 4963 incensus
3566 4927 3657 4979 ego
3694 4910 3801 4964 zelo
3828 4920 3975 4976 atque
4008 4924 4095 4961 ar-

2512 5004 2635 5057 dens
2662 5001 2879 5063 surrexi,
2926 5015 3018 5053 nec
3054 4999 3197 5051 illan:
3228 4997 3295 5049 ad
3322 5001 3777 5067 prxuaricationem
3806 5000 3938 5053 trahi
3978 5015 4093 5051 sum

2515 5112 2713 5165 passus,
2744 5094 3005 5162 eripuique
3030 5091 3091 5143 ab
3113 5090 3284 5159 iniqua
3308 5091 3403 5143 ista
3426 5091 3743 5146 abductione.
3771 5092 3956 5146 Postea
3980 5106 4094 5143 eum

2514 5188 2598 5256 qui
2645 5194 2865 5239 traxerat
2928 5183 3105 5246 illam,
3149 5178 3527 5237 Christianusne
3569 5193 3731 5246 esset,
3770 5180 3943 5251 rogavi
3970 5195 3988 5233 :
4013 5180 4096 5233 cui

2514 5277 2765 5345 conﬁtenti
2790 5274 3007 5345 graviter
3042 5272 3218 5338 institi,
3252 5273 3531 5342 fatuitatem
3574 5274 3903 5342 exprobrans,
3930 5280 4092 5325 aure-

2516 5382 2746 5435 memque
2772 5362 3096 5426 dementiam,
3138 5371 3183 5415 et
3211 5362 3367 5417 asinis
3387 5360 3534 5416 illum
3565 5373 3805 5431 praestare
3829 5361 4021 5429 negaui,
4052 5364 4095 5415 si

2515 5458 2767 5513 Christum
2792 5471 2845 5509 se
2863 5453 3079 5507 adorare
3106 5454 3364 5523 proﬁtens,
3392 5454 3457 5507 ad
3474 5452 3795 5514 Iudaeorum,
3824 5450 3909 5519 qui
3930 5452 4095 5520 ipsum

2515 5547 2903 5616 cruci/ixissent,
2936 5544 3201 5613 speluncas
3224 5560 3522 5613 quemquam
3550 5544 3787 5597 tre/met.
3806 5541 4095 5597 Producto-

2515 5657 2609 5711 que
2635 5638 2835 5709 longius
2858 5653 3101 5703 sermone,
3134 5638 3351 5706 primum
3367 5636 3549 5705 jurare
3573 5651 3778 5703 prorsus
3798 5654 3897 5691 non
3926 5639 4097 5700 licere,

2518 5748 2673 5802 neque
2718 5730 2787 5783 ad
2820 5730 3188 5800 jusjurandum
3225 5727 3508 5797 queMpiam
3571 5728 3801 5795 incitare,
3846 5746 3911 5784 ex
3952 5745 4100 5784 sacro

2520 5822 2797 5895 Evangelia
2849 5823 2995 5877 docui
3026 5823 3266 5885 :deinde,
3318 5836 3419 5875 non
3467 5822 3665 5889 ﬁdelem
3712 5834 3760 5877 et
3805 5823 4055 5876 initiatum
4082 5860 4099 5883 ,

2519 5918 2638 5990 quin
2668 5933 2824 5987 neque
2853 5936 2962 5972 cum
2990 5919 3074 5990 qui
3118 5919 3341 5975 nondum
3384 5917 3445 5971 sit
3476 5918 3719 5986 initiatus,
3749 5918 3799 5971 in
3825 5919 3969 5977 istam
4010 5928 4099 5965 nec
