4504 6714
417 577 522 634 105

411 703 686 758 cessitatem
717 701 1015 756 trahendum
1053 697 1225 766 fuisse.
1258 693 1531 764 Postquam
1571 693 1661 746 diu
1691 689 1998 753 multumque

411 798 648 866 loquutus
673 797 899 849 animum
927 791 1039 860 ejus
1063 789 1124 840 ab
1149 802 1318 840 errore
1345 785 1596 855 opinionis
1624 780 1849 845 liberavi,
1877 796 1998 832 cau-

411 905 521 942 sam
561 889 838 942 sciscitatus
866 899 997 946 sum,
1029 896 1120 932 cur
1156 877 1362 932 ecclesia
1401 878 1577 932 relicta
1607 873 1676 927 ad
1701 871 2000 925 Judteorum

409 981 622 1051 collegia
645 978 788 1031 illam
816 972 1044 1028 traxerit.
1075 970 1139 1023 At
1163 971 1250 1025 ille
1275 971 1460 1024 multos
1477 969 1572 1024 sibi
1596 965 1787 1020 dixisse
1805 963 1999 1032 inquie-

410 1078 512 1142 bat,
531 1069 920 1144 jusjurandum,
945 1065 1080 1137 quod
1099 1065 1166 1119 ibi
1191 1065 1415 1130 daretur,
1439 1062 1600 1132 magis
1623 1057 2001 1130 formidandum

408 1184 534 1221 esse.
584 1165 661 1218 0b
708 1177 823 1231 qua:
859 1159 1256 1230 ingemiscebam,
1304 1169 1350 1213 et
1393 1159 1472 1212 ira
1513 1153 1832 1216 incendebar,
1883 1153 1997 1205 hinc

408 1273 586 1310 rursus
612 1253 858 1306 ridebam.
882 1250 1096 1305 Cernens
1120 1252 1250 1305 enim
1280 1248 1471 1304 diaboli
1493 1245 1736 1299 astutiam
1756 1244 1994 1315 ingemui,

408 1348 542 1416 quod
570 1346 852 1399 hominibus
881 1344 932 1397 id
963 1345 1260 1412 persuadere
1291 1350 1452 1411 posset
1480 1355 1500 1392 :
1526 1337 1842 1391 considerata
1883 1352 1998 1389 vero

408 1452 584 1490 eorum
625 1435 710 1503 qui
753 1435 1120 1505 decipiebantur
1143 1433 1396 1496 socordia,
1424 1427 1692 1490 excandui,
1725 1435 1771 1480 et
1794 1441 1996 1479 eorum-

410 1529 522 1580 dem
551 1536 738 1595 quanta
777 1537 898 1582 esset
935 1528 1153 1580 amentia
1194 1539 1388 1578 mecum
1431 1530 1690 1590 reputans,
1721 1518 1830 1571 risi.
1863 1518 2000 1571 Risit

412 1621 572 1689 igitur
599 1620 705 1685 ille,
735 1621 858 1675 licet
885 1622 959 1675 rei
987 1619 1220 1690 gravitas
1249 1616 1511 1669 adimeret
1536 1611 1749 1681 jocandi
1781 1609 2000 1663 faculta-

413 1723 552 1777 tem;
582 1713 674 1768 sed
699 1714 852 1783 jocus
883 1713 968 1767 ille
994 1711 1122 1766 nihil
1155 1710 1221 1763 de
1247 1707 1504 1778 gravitate
1541 1704 1825 1772 decerpsit.

481 1805 778 1861 Secundam
812 1805 1086 1859 homiliam
1133 1801 1321 1855 decem
1348 1807 1441 1852 aut
1483 1797 1721 1867 pluribus
1747 1794 1943 1864 elapsis
1970 1808 1998 1845 a

411 1896 580 1965 prima
611 1896 796 1951 diebus
838 1895 1040 1958 habuit,
1085 1906 1149 1945 ac
1173 1891 1405 1960 quinque
1435 1887 1624 1942 diebus
1665 1895 1808 1950 ante,
1841 1899 1998 1954 quam

411 1986 715 2041 Judmorum
757 1985 1015 2055 jejunium
1057 1982 1289 2048 adesset,
1319 1989 1378 2033 ut
1405 1979 1482 2033 sic
1512 1977 1627 2047 ipse
1649 1975 1886 2030 declarat
1915 1975 1999 2027 in-

415 2083 539 2135 itio:
564 2079 892 2150 Illegitimum
920 2078 1074 2148 igitur
1101 2076 1326 2145 ipsorum
1352 2071 1608 2143 jejunium
1639 2078 1750 2138 post
1779 2068 1999 2138 quinque

413 2174 518 2226 dies
546 2172 777 2240 deinceps
799 2171 952 2222 instat
981 2184 998 2220 :
1028 2175 1080 2219 at
1103 2181 1199 2235 ego
1222 2173 1338 2216 ante
1358 2162 1525 2215 decem
1548 2160 1672 2225 dies,
1704 2158 1782 2213 vel
1805 2156 1995 2229 plures,

413 2263 804 2316 cohortationem
830 2261 894 2312 ad
919 2275 1002 2311 vos
1024 2256 1194 2320 habui,
1223 2265 1280 2308 ut
1307 2254 1487 2322 fratres
1511 2259 1697 2305 vestros
1725 2248 2002 2318 prwmuni-

412 2372 538 2408 rem.
585 2353 662 2407 Ne
689 2367 816 2406 vero
843 2351 1054 2404 dubites
1083 2349 1219 2402 hanc
1246 2349 1414 2417 ipsam
1444 2361 1585 2410 esse,
1622 2359 1781 2413 quam
1812 2357 2004 2397 secun-

413 2447 533 2498 dam
577 2453 760 2498 contra
799 2442 1012 2496 Judmos
1061 2441 1275 2504 habuit,
1327 2437 1447 2490 vide
1509 2434 1775 2505 quomodo
1821 2434 1892 2488 ibi
1935 2432 2004 2487 de

412 2538 582 2609 prima
613 2538 858 2606 loquatur
903 2550 1050 2588 num.
1078 2533 1114 2587 5
1141 2549 1154 2584 :
1187 2530 1306 2584 Non
1335 2529 1547 2582 audistis
1592 2527 1646 2580 in
1677 2527 1834 2597 priori
1877 2542 2002 2579 con-

410 2631 572 2695 cione,
597 2644 750 2694 quam
791 2626 927 2679 clare
957 2623 1106 2696 fuerit
1145 2622 1373 2675 oratione
1411 2619 1826 2682 demonstratum,
1865 2617 2004 2686 ipsas

409 2720 606 2772 animas
633 2717 952 2782 Judteorum,
983 2723 1029 2768 et
1073 2713 1183 2767 loca
1211 2711 1295 2764 ubi
1337 2718 1721 2780 congregantur,
1753 2724 1784 2760 a
1811 2708 2002 2760 damm-

410 2812 552 2864 nibus
579 2809 844 2863 habitari?
875 2806 928 2861 Id
955 2820 1104 2867 vero,
1130 2819 1322 2874 nempe
1363 2812 1416 2857 ct
1441 2802 1645 2855 animas
1669 2799 1994 2864 Judaaorum,

407 2912 460 2955 et
499 2901 613 2955 loca
651 2898 960 2954 eorumdem
986 2912 1016 2950 a
1042 2894 1378 2950 daemonibus
1413 2891 1659 2956 habitari,
1707 2892 1997 2960 conspicue

407 3004 461 3046 et
485 2991 597 3046 fuse
628 2991 814 3060 probat
839 2989 925 3043 ille
955 2986 1170 3042 homilia
1193 2985 1362 3056 prima
1390 2992 1573 3039 contra
1605 2981 1819 3037 Judteos
1845 2997 1992 3035 num.

407 3085 441 3138 6
474 3102 484 3135 :
515 3083 584 3137 ita
616 3091 674 3136 ut
698 3090 845 3136 certo
887 3079 1084 3134 certius
1112 3078 1215 3142 sit,
1247 3076 1390 3130 illam
1420 3090 1540 3130 esse
1568 3084 1752 3128 contra
1784 3073 2000 3128 Iudaeos

408 3176 652 3242 primam,
683 3173 820 3227 hanc
849 3187 976 3227 vero
1005 3169 1316 3236 secundam,
1347 3183 1507 3238 quam
1536 3167 1779 3224 dolemus
1805 3167 1871 3222 ad
1901 3181 2000 3222 nos

409 3268 646 3321 mutilam
694 3266 975 3321 devenisse
1005 3282 1016 3317 :
1049 3264 1180 3318 nihil
1209 3273 1355 3318 certe
1395 3277 1501 3316 non
1548 3263 1752 3332 egimus
1793 3269 1851 3315 ut
1878 3275 1998 3316 eam

407 3371 604 3413 sariam
633 3366 688 3412 et
718 3367 909 3412 tectam
952 3355 1273 3421 ederemus;
1306 3353 1398 3409 sed
1429 3353 1625 3408 frustra
1664 3368 1875 3410 cessere
1904 3367 1998 3409 co-

408 3460 563 3508 Μιυε
588 3465 796 3504 omnes.

479 3543 714 3598 Tertiam
745 3543 1116 3597 incunctanter
1147 3541 1422 3610 posuimus
1449 3540 1730 3595 Homiliam
1759 3555 1874 3594 eam
1904 3555 1997 3595 cu-

404 3632 489 3701 jus
519 3634 698 3687 titulus
737 3643 838 3696 est,
866 3630 933 3686 In
960 3649 1044 3686 eos
1081 3633 1167 3700 qui
1213 3634 1375 3701 primo
1420 3631 1624 3685 Pascha
1653 3633 1914 3703 jejunant,
1945 3631 1998 3686 id

404 3733 506 3784 est,
532 3732 716 3776 contra
743 3722 1075 3776 Christianos
1099 3721 1238 3787 illos,
1267 3723 1355 3790 qui
1398 3735 1518 3774 cum
1553 3721 1751 3775 Pascha
1778 3721 1998 3775 Judaeo-

406 3828 522 3865 rum
553 3813 753 3881 aliquot
780 3813 969 3867 diebus
998 3821 1114 3878 post
1150 3811 1350 3865 Pascha
1381 3811 1804 3866 Christianorum
1848 3811 1993 3868 cele-

407 3903 607 3965 bratur,
643 3903 692 3954 in
736 3901 993 3955 Paschate
1019 3899 1440 3954 Christianormn
1466 3901 1728 3970 jejunant,
1757 3911 1814 3956 ut
1853 3901 1992 3972 jeju-

408 3997 553 4046 nium
575 4008 740 4062 usque
769 3992 834 4046 ad
866 3991 1064 4045 Pascha
1088 3991 1393 4046 Judazorum
1426 4002 1832 4064 prosequantur.
1861 3991 1995 4047 lllud

407 4095 584 4140 autem
613 4101 751 4138 anno
780 4085 1021 4153 sequenti
1067 4084 1192 4149 387,
1238 4083 1408 4153 inquit
1435 4082 1872 4156 Cbrysostomus,
1904 4099 1994 4139 ac-

406 4176 637 4241 cidebat,
678 4185 858 4244 atque,
903 4183 960 4228 ut
1003 4187 1106 4228 tam
1156 4189 1370 4243 pravam
1409 4175 1848 4230 consuetudinem
1897 4177 1996 4231 ab-

406 4271 571 4336 oleat,
615 4268 948 4322 bomiliarum
992 4275 1173 4321 contra
1220 4268 1510 4321 Anommos
1556 4278 1609 4321 et
1635 4267 1701 4321 de
1732 4267 1997 4337 Unigeniti

405 4361 575 4429 gloria
601 4376 819 4415 cursum
844 4359 1128 4428 intercipit,
1161 4366 1214 4412 ut
1241 4359 1352 4428 ipse
1379 4358 1530 4412 initio
1558 4357 1792 4413 homilia:
1817 4359 1997 4414 decla-

407 4460 489 4504 rat
516 4451 599 4505 bis
623 4452 799 4506 verbis
829 4469 842 4504 :
873 4451 1068 4506 Rursus
1092 4452 1425 4505 necessarium
1453 4451 1707 4521 quoddam
1737 4460 1782 4505 et
1809 4469 1996 4521 urgens

410 4544 680 4615 negotium,
707 4560 879 4597 eorum
898 4560 1010 4612 qua:
1037 4561 1197 4614 nuper
1222 4544 1356 4598 dicta
1377 4554 1490 4598 sunt
1515 4546 1691 4598 seriem
1716 4522 2017 4608 interrum-‘l

410 4653 550 4705 pens,
567 4633 634 4686 ad
653 4650 707 4688 se
732 4635 1004 4688 orationem
1027 4636 1264 4703 traducit,
1281 4646 1326 4690 et
1342 4637 1628 4706 asusceptis
1656 4653 1768 4690 cum
1798 4630 2021 4690 haerete"

411 4730 480 4780 cis
517 4726 866 4780 certaminibus
894 4741 985 4778 nos
1013 4726 1232 4778 abducit.
1286 4726 1426 4780 Nam
1466 4744 1556 4782 nos
1585 4729 1784 4797 quidem
1823 4745 1998 4782 rursus

411 4823 472 4876 de
512 4817 762 4890 Unigeniti
803 4817 967 4888 gloria
1007 4817 1076 4870 ad
1116 4820 1376 4872 caritatem
1402 4830 1614 4874 uestram
1644 4823 1790 4876 verba
1834 4825 2000 4891 facere

412 4913 577 4984 parati
601 4926 816 4965 erantus.
848 4909 938 4962 llis
966 4923 1124 4977 porro
1150 4909 1385 4964 declarat
1412 4925 1470 4965 se
1494 4911 1604 4980 jam
1636 4913 1870 4968 secundo
1902 4913 2001 4968 llo-

413 5004 677 5058 miliarum
699 5011 886 5057 contra
907 5001 1197 5056 Anommos
1217 5015 1428 5055 cursum
1460 5001 1819 5072 interpellare,
1853 5005 1995 5074 quod

411 5111 471 5150 se
502 5096 675 5165 primo
723 5094 908 5148 fecisse
945 5092 1072 5146 dicit
1113 5091 1263 5147 initio
1311 5092 1542 5148 homilia:
1583 5093 1766 5163 prima:
1809 5107 1996 5154 contra

409 5187 643 5242 Judzeos.
678 5187 884 5242 Etenim
913 5200 1032 5240 cum
1065 5184 1288 5253 primam
1330 5196 1516 5241 contra
1547 5188 1835 5243 Anommos
1874 5204 1998 5243 ora-

413 5279 619 5334 tionem
660 5278 950 5339 habuisset,
994 5288 1210 5328 cursum
1255 5277 1446 5332 sistere
1486 5287 1702 5333 coactus
1739 5287 1842 5344 est,
1890 5294 1996 5333 non

415 5369 574 5421 modo
627 5379 684 5423 ut
723 5381 905 5424 contra
947 5366 1158 5424 Iudaeos
1206 5378 1562 5434 concertaret,
1612 5369 1752 5440 quod
1793 5371 1998 5426 duabus

415 5458 648 5515 homiliis
679 5462 956 5531 praestitit;
986 5458 1080 5514 sed
1103 5459 1263 5514 etiam
1292 5469 1349 5513 ut
1381 5461 1566 5517 Patres
1595 5462 1883 5533 spirituales
1906 5478 1996 5518 seu

413 5550 695 5621 episcopos
721 5557 942 5620 vicinos,
972 5554 1062 5624 qui
1108 5552 1443 5609 Antiochiam
1485 5567 1763 5625 venerant,
1793 5559 2002 5628 excipe-

413 5651 524 5702 ret,
545 5657 608 5696 ac
637 5657 819 5711 postea
847 5654 1188 5703 occurrentes
1209 5645 1400 5699 multas
1428 5658 1721 5720 martyrum
1751 5653 2004 5706 solemni-

417 5740 552 5787 tates
592 5734 909 5792 celebraret.
950 5739 1065 5804 His,
1097 5740 1330 5808 inquam,
1361 5738 1609 5793 omnibus
1641 5742 2004 5811 interpellatus

419 5832 501 5880 est
524 5837 552 5875 a
584 5832 757 5892 ccepta
785 5838 971 5883 contra
1003 5833 1290 5886 Anommos
1324 5844 1528 5898 pugna;
1561 5831 1629 5884 ita
1662 5843 1718 5884 ut
1747 5849 1854 5888 non
1887 5851 2004 5890 mo-

421 5916 595 5970 dicum
625 5915 879 5983 temporis
910 5919 1248 5976 intervallum
1289 5919 1450 5976 fuerit
1492 5922 1712 5992 primam
1743 5923 1878 5978 inter
1909 5925 1997 5980 ho-

429 6007 618 6063 stilium
649 6015 831 6063 contra
859 6008 1149 6069 Anomoeos
1174 6022 1228 6070 et
1270 6013 1498 6071 tertiam.
1529 6014 1660 6071 Cum
1688 6025 1862 6071 autem
1890 6020 1971 6089 pri
1984 6045 2006 6057 -ε

1581 571 1762 630 NUNC
1802 567 2062 625 PRIMUM
2102 565 2495 623 ADORNATA.

3590 577 3694 634 166

2107 701 2249 741 mam
2291 695 2477 740 contra
2515 683 2729 743 .ludteos
2769 687 3041 743 homiliam
3083 687 3331 746 habuerit
3357 706 3540 749 mense
3573 698 3688 748 Au-

2104 788 2258 848 gusto
2303 780 2430 831 anni
2474 777 2596 842 586,
2629 788 2688 834 ut
2725 795 2886 851 supra
2916 780 3180 848 diximus;
3227 783 3516 839 secundam
3565 801 3692 840 vero

2105 872 2330 925 ineunte
2357 870 2570 924 circiter
2596 869 2916 940 Septembri,
2950 871 3145 938 decem,
3169 875 3244 928 ait
3271 875 3380 940 ille,
3413 884 3504 928 aut
3527 877 3687 945 pluri-

2103 962 2192 1015 bus
2215 963 2390 1014 diebus
2422 969 2537 1029 post
2566 963 2813 1034 primam,
2839 977 3085 1034 magnam
3127 963 3456 1033 Septembris
3483 976 3692 1038 partem

2104 1054 2456 1122 insumpserit
2495 1055 2545 1108 in
2582 1055 2908 1124 excipiendis
2958 1057 3062 1111 illis
3085 1057 3274 1112 vicinis
3313 1060 3594 1129 episcopis,
3637 1070 3694 1115 et

2101 1146 2436 1200 celebrandis
2494 1155 2788 1217 martyrum
2851 1149 3312 1213 solemnitatibus,
3369 1166 3690 1220 rursumque

2103 1236 2406 1305 Septembri
2450 1245 2678 1291 exeunte
2706 1237 2891 1293 mense
2920 1255 3144 1308 pugnam
3189 1253 3374 1297 contra
3400 1245 3692 1298 Anommos

2103 1331 2474 1400 resumpserit,
2514 1347 2671 1400 quam
2690 1372 2706 1397 ,
2738 1331 2819 1386 vel
2849 1331 3085 1386 nondum
3115 1346 3302 1390 exacto
3343 1338 3676 1406 Septembri.

2103 1429 2185 1482 vel
2211 1429 2363 1484 initio
2378 1428 2620 1485 Octobris
2648 1431 2837 1486 iterum
2870 1439 3231 1501 prosequutus
3252 1432 3341 1497 sit,
3366 1439 3606 1501 urgente,
3635 1432 3680 1484 ti

2104 1519 2192 1574 ille
2217 1522 2307 1585 ait,
2338 1523 2654 1577 necessitate
2681 1531 2939 1577 utcontra
2965 1523 3182 1577 Judzeos
3211 1537 3398 1576 rursus
3421 1533 3695 1577 certamen-

2106 1611 2342 1666 haberet.
2389 1615 2470 1666 An
2501 1629 2630 1668 vero
2676 1623 2795 1683 post
2837 1615 3124 1669 secundam
3173 1623 3360 1669 contra
3405 1615 3701 1668 Anomaaos

2106 1703 2440 1766 concionem,
2469 1702 2607 1756 hanc
2636 1704 2847 1758 tertiam
2877 1715 3061 1759 contra
3087 1703 3302 1759 Judazos
3330 1703 3592 1766 habuerit,
3625 1719 3694 1757 an

2107 1803 2229 1864 post
2253 1795 2463 1849 tertiam
2505 1797 2588 1850 vel
2639 1806 2764 1867 post
2810 1806 3074 1866 quartam,
3125 1796 3181 1850 id
3231 1798 3386 1865 plane
3433 1798 3700 1851 incertum-

2109 1896 2211 1953 est,
2245 1903 2417 1958 neque
2443 1888 2541 1944 hac
2569 1887 2638 1946 de
2665 1903 2726 1944 re
2761 1889 3050 1959 quidquam
3079 1888 3211 1944 certi
3240 1890 3398 1944 statui
3429 1903 3584 1959 posse
3611 1891 3695 1943 vi—

2107 1980 2283 2034 detur.

2173 2070 2250 2124 Ne
2285 2081 2461 2125 autem
2494 2069 2634 2126 hanc
2678 2071 2890 2126 tertiam
2920 2078 3107 2126 contra
3132 2069 3348 2126 Iudaeos
3383 2071 3697 2125 concionem

2105 2161 2192 2216 diu
2222 2173 2341 2231 post
2370 2161 2742 2231 Septembrem
2771 2161 3142 2226 amandemus,
3173 2161 3460 2230 prohibere
3487 2160 3700 2214 videtur

2104 2252 2516 2320 Cbrysostomus
2541 2251 2768 2307 Homilia
2792 2253 2844 2307 in
2866 2251 3010 2308 diem
3033 2251 3272 2307 Natalem
3294 2251 3515 2316 Christi,
3537 2269 3696 2322 qmtm

2108 2342 2291 2396 habuit
2334 2359 2475 2396 anno
2519 2344 2642 2409 386,
2691 2345 2779 2399 die
2807 2345 3061 2415 vigesima
3105 2346 3291 2415 quinta
3338 2344 3694 2400 Decembris:

2107 2431 2328 2502 Tempus
2356 2445 2522 2486 autem
2563 2444 2667 2487 tum
2692 2445 2820 2500 erat,
2866 2436 3056 2504 inquit,
3091 2437 3205 2506 {esti
3234 2435 3697 2490 Tabernaculorum

2109 2532 2157 2577 et
2175 2524 2360 2593 jejunii
2386 2541 2404 2578 :
2434 2524 2527 2578 hoc
2551 2526 2684 2578 enim
2717 2526 2809 2580 illa
2850 2526 2998 2580 verba
3034 2527 3129 2580 sibi
3167 2529 3358 2590 uolunt,
3408 2527 3700 2583 Humiliatc

2108 2615 2314 2668 animas
2357 2623 2599 2679 vestras;
2648 2616 2800 2686 idque
2828 2634 2859 2670 a
2895 2617 3093 2673 Judteis
3126 2619 3265 2672 circa
3318 2619 3472 2688 ﬁnem
3515 2622 3711 2674 mensis

2109 2707 2352 2776 Uorpicei,
2399 2707 2455 2760 id
2481 2717 2553 2761 est
2582 2707 2893 2778 Septembris
2910 2750 2925 2774 ,
2952 2708 3089 2780 quod
3115 2717 3164 2763 et
3190 2725 3276 2764 vos
3313 2711 3583 2776 testamim',
3613 2728 3698 2766 ce-

2104 2799 2406 2853 lebrabatur.
2462 2800 2607 2853 Tunc
2668 2803 2801 2856 enim
2845 2803 3031 2855 multos
3080 2803 3401 2872 prolixosque
3440 2821 3696 2858 sermones

2103 2902 2277 2945 contra
2300 2891 2510 2947 Juda'os
2534 2893 2855 2964 protulimus,
2879 2895 3225 2966 importunum
3251 2914 3425 2951 eorum
3437 2900 3694 2970 jejunium

2104 2995 2418 3038 accusantes.
2454 2985 2532 3039 Eo
2573 2987 2751 3056 igitur,
2797 2996 2854 3041 ut
2881 3001 2981 3043 nos
3025 2989 3422 3053 constituimus,
3455 2998 3700 3060 tempore

2107 3074 2203 3129 has
2233 3083 2342 3130 tres
2369 3087 2551 3130 contra
2582 3076 2796 3131 Judmos
2837 3077 3126 3134 conciones
3155 3078 3360 3134 habuit.
3406 3079 3590 3150 Neque
3620 3091 3699 3135 ta-

2106 3182 2228 3221 men
2269 3168 2338 3221 ita
2386 3182 2570 3223 mense
2611 3166 2913 3237 Septembri
2959 3169 3164 3226 habitas
3198 3169 3329 3225 dicit
3371 3170 3468 3226 has
3506 3172 3700 3227 multas

2105 3260 2445 3330 prolixasque
2489 3259 2758 3328 homilias,
2806 3270 2864 3316 ut
2910 3262 3110 3317 nullam
3153 3272 3298 3328 ante,
3330 3264 3530 3318 nullam
3577 3275 3706 3334 post

2105 3352 2474 3422 Septembrem
2522 3353 2893 3421 pronuntiarit.
2922 3353 3056 3408 Nam
3099 3368 3220 3408 cum
3250 3353 3347 3418 ait,
3375 3353 3529 3408 Tune
3560 3356 3696 3409 enim

2104 3446 2290 3498 multos
2317 3444 2638 3514 prolixosque
2666 3461 2919 3499 sermones
2948 3454 3124 3498 contra
3155 3444 3368 3501 Judteos
3408 3448 3697 3514 habuimus,

2105 3545 2314 3604 tempus
2342 3535 2554 3589 circiter
2597 3543 2834 3600 annotat,
2867 3551 3041 3605 neque
3084 3536 3333 3591 homilias
3361 3536 3482 3592 illas
3507 3553 3707 3592 omnes

2104 3644 2290 3684 mense
2341 3627 2642 3697 Septembri
2709 3629 3154 3683 circumscribit:
3197 3645 3302 3684 non
3361 3631 3504 3684 enim
3558 3632 3704 3686 solet-

2101 3719 2516 3789 Chrysostnmus
2548 3729 2696 3774 tanto
2724 3721 2974 3790 scrupulo
3003 3729 3159 3774 notas
3187 3731 3487 3790 temporum
3515 3722 3695 3776 consi-

2099 3827 2298 3881 gnare,
2349 3819 2410 3865 ut
2452 3811 2650 3880 passim
2695 3811 3121 3867 observavimus.
3172 3812 3306 3866 Cum
3348 3828 3478 3868 vero
3519 3813 3656 3868 dicit
3676 3857 3701 3878 ..

2101 3904 2284 3956 multos
2314 3903 2634 3972 prolixosque
2669 3919 2942 3968 sermones,
2993 3904 3089 3958 has
3123 3913 3230 3958 tres
3261 3904 3508 3960 homilias
3555 3906 3695 3960 indi-

2101 4010 2225 4050 care
2256 3995 2489 4058 videtur,
2538 3994 2806 4066 etiamque
2857 3995 3085 4052 fortasse
3126 3998 3281 4061 alias,
3327 4014 3448 4068 qua:
3499 3998 3700 4070 injuria

2103 4095 2404 4156 temporum
2451 4086 2859 4141 interciderint:
2893 4102 3080 4157 parum
3129 4090 3271 4143 enim
3315 4089 3512 4156 abfuit,
3567 4093 3693 4160 quin

2103 4176 2335 4254 secunda
2378 4176 2537 4231 etiam
2582 4175 2798 4230 homilia
2848 4179 3084 4247 perierit,
3115 4188 3301 4249 utpote
3338 4195 3458 4249 qua:
3504 4181 3559 4235 in
3590 4197 3696 4235 uno

2105 4275 2306 4322 tantum
2335 4267 2532 4322 Codice
2573 4283 2763 4338 magna
2812 4269 2894 4323 sui
2942 4279 3090 4339 parte
3139 4270 3325 4324 mutila
3366 4281 3574 4341 reperta
3604 4273 3692 4326 sit.

2104 4359 2215 4414 lmo
2239 4374 2366 4414 vero
2393 4368 2598 4414 certum
2638 4360 2844 4414 videtur
2871 4361 3072 4430 aliquot
3097 4377 3162 4415 ex
3195 4363 3258 4416 iis
3302 4378 3433 4432 quas
3461 4364 3546 4419 hic
3573 4380 3692 4420 me-

2077 4459 2275 4507 ,morat
2306 4449 2547 4503 homilias
2575 4450 2904 4504 intercidisse
2933 4467 2947 4513 ;
2981 4465 3102 4504 nam
3134 4453 3185 4504 in
3210 4454 3314 4506 line
3343 4453 3513 4508 tertia:
3535 4455 3687 4509 dicit:

2083 4541 2542 4608 Quemadmodum
2573 4540 3042 4603 demonstravimus,
3072 4557 3188 4595 cum
3232 4544 3329 4596 hac
3356 4544 3420 4598 de
3448 4561 3504 4598 re
3545 4547 3692 4600 multi

2087 4632 2258 4702 ,Itabiti
2304 4632 2488 4701 fuerint
2517 4648 2549 4684 a
2577 4647 2656 4685 me
2698 4648 2991 4698 sermones;
3034 4647 3141 4688 non
3185 4634 3264 4688 sic
3307 4634 3600 4702 locuturus,
3646 4638 3690 4691 si

2102 4725 2236 4781 duos
2267 4734 2466 4780 tantum
2497 4724 2594 4780 hac
2636 4725 2704 4781 de
2748 4742 2807 4781 re
2835 4742 3114 4784 sermones
3143 4729 3552 4798 pronuntiasset.
3586 4731 3691 4785 Sed

2103 4833 2232 4874 cave
2257 4826 2409 4887 putes
2438 4833 2556 4871 cum
2599 4816 2871 4874 Frontone
2920 4819 3130 4884 Ducaeo,
3177 4819 3421 4879 homilias
3458 4822 3692 4890 quinque

2104 4919 2387 4981 sequentes
2418 4909 2497 4963 bis
2525 4908 2894 4980 Chrysostomi
2920 4912 3114 4974 verbis,
3143 4911 3326 4981 longos
3347 4914 3692 4985 prolixosque

2108 5019 2380 5059 sermones
2422 5001 2728 5072 signiﬁcari.
2773 5004 2895 5061 Illas
2936 5004 3194 5075 siquidem
3238 5008 3526 5064 conciones
3565 5025 3692 5079 pro-

2101 5095 2362 5150 nuntiavit
2407 5093 2498 5148 diu
2551 5104 2671 5164 post
2717 5096 2996 5152 Homiliam
3046 5098 3098 5152 in
3147 5097 3386 5155 Natalem
3443 5101 3690 5166 Domini,

2102 5203 2243 5240 anno
2271 5187 2376 5241 586
2421 5185 2654 5243 habitam
2677 5233 2692 5255 ,
2725 5190 2864 5244 unde
2907 5200 3160 5260 excerpta
3195 5193 3278 5246 illa
3323 5194 3480 5248 verba
3527 5205 3652 5247 sum

2105 5288 2164 5333 ..ι
2214 5295 2384 5347 mox,
2439 5295 2612 5351 neque
2673 5281 2846 5334 dubiis
2915 5284 3242 5353 argumentis
3305 5285 3476 5354 palam
3535 5285 3694 5341 iacie-

2105 5387 2245 5428 mus.

2177 5469 2373 5523 Contra
2401 5467 2539 5520 hunc
2566 5477 2804 5522 nostrum
2829 5469 3090 5525 calculum
3114 5470 3269 5525 dubia
3299 5471 3540 5543 quaedam
3567 5488 3696 5545 pro-

2111 5560 2259 5629 ponit
2290 5559 2350 5613 V.
2380 5559 2460 5614 Cl.
2488 5557 2861 5616 Tillemontius
2885 5604 2900 5626 ,
2931 5563 3071 5617 circa
3108 5571 3316 5631 tempus
3363 5580 3555 5635 nempe
3593 5583 3698 5634 quo

2112 5652 2325 5708 homilia
2357 5651 2506 5705 tertia
2538 5653 2716 5706 habita
2741 5653 2856 5707 fuit.
2883 5652 2984 5708 Sed
3010 5652 3080 5706 illi
3115 5663 3240 5722 apte
3260 5697 3274 5718 ,
3309 5656 3361 5710 ni
3392 5657 3541 5710 fallor
3565 5698 3579 5720 ,
3609 5673 3697 5712 re-

2111 5745 2418 5816 spondimus
2443 5743 2494 5797 in
2522 5743 2721 5800 Monito
2745 5745 2810 5798 ad
2839 5743 3093 5798 Homilias
3126 5755 3311 5800 contra
3332 5748 3543 5801 Judmos
3560 5749 3620 5801 Τ.
3646 5751 3697 5811 t,

2113 5850 2160 5887 c.
2185 5833 2287 5890 857
2321 5853 2334 5888 :
2366 5851 2473 5905 quo
2504 5836 2752 5892 lectorem
2776 5837 3114 5892 remittimus.
3142 5837 3320 5909 Longe
3345 5839 3700 5895 difﬁciliorem

2111 5930 2264 5984 aliam
2307 5940 2478 5983 movet
2509 5931 3022 6002 quieStionem,qu:c
3050 5947 3200 5990 suam
3247 5933 3444 6002 pariter
3493 5945 3549 5989 et
3603 5952 3702 5989 no-

2117 6036 2276 6080 stram
2306 6027 2622 6080 sententiam
2656 6026 2894 6097 impetat,
2923 6042 2988 6094 er
3017 6026 3168 6082 titulo
3193 6042 3382 6100 nempe
3409 6028 3564 6102 hujus
3593 6038 3699 6083 ter-
