4504 6742
817 581 915 635 107

811 697 895 748 lia:
923 693 1174 758 humilius,
1209 695 1294 762 qui
1321 692 1595 756 sichabet,
1622 693 1674 746 in
1694 708 1778 746 eos
1818 695 1902 762 qui
1941 698 2106 763 primo
2148 696 2392 751 Paschate

801 785 1061 852 jejunum.
1080 783 1229 849 Quod
1255 794 1431 836 autem
1461 783 1560 836 hoc
1585 783 1699 850 ipso
1725 797 1864 838 anno
1885 785 1941 850 ii,
1972 789 2061 856 qui
2088 787 2390 842 Judieorum

806 873 1069 927 «calculum
1123 872 1176 926 in
1231 873 1489 927 Paschate
1531 873 1908 941 sequebantur,
1961 877 2061 930 etsi
2107 877 2390 931 Christiani

804 972 982 1026 erant,
1014 963 1129 1030 ipso
1153 963 1426 1017 Paschalis
1447 962 1532 1016 die
1561 962 1849 1030 jejunaturi
1877 979 2076 1030 essent,
2108 969 2185 1022 sic
2209 965 2388 1021 decla-

805 1062 889 1105 rat
912 1051 1326 1124 Chrysostomus
1356 1069 1498 1106 num.
1526 1053 1558 1105 5
1590 1069 1602 1103 :
1632 1049 1766 1107 Ecce
1810 1072 2023 1125 namque
2052 1059 2241 1128 primus
2287 1057 2391 1110 dies

807 1144 1114 1212 Azymorum
1153 1144 1247 1196 hoc
1289 1158 1422 1194 anno
1465 1143 1519 1196 in
1568 1141 1893 1200 Dominicam
1934 1149 2065 1202 diem
2099 1149 2290 1214 incidit,
2343 1160 2391 1202 et

805 1237 1012 1289 omnino
1026 1251 1221 1288 necesse
1240 1245 1314 1288 est
1337 1245 1392 1288 ut
1422 1246 1527 1289 tota
1558 1236 1871 1291 hebdomada
1885 1242 2192 1310 jejunemus,
2212 1249 2390 1294 etcum

803 1324 972 1390 passio
1014 1325 1308 1393 pra'tcrierit
1338 1335 1383 1379 et
1429 1344 1554 1380 crux
1587 1329 1838 1381 aduenerit
1867 1344 1912 1381 et
1941 1333 2235 1384 resurrectio
2258 1373 2272 1393 ,
2299 1347 2389 1386 nos

801 1415 968 1467 adhuc
985 1415 1282 1486 jejunantes
1305 1434 1611 1470 maneamus.
1640 1417 1708 1469 Et
1736 1434 2074 1485 «spenumero
2105 1421 2240 1474 istud
2256 1423 2388 1474 acci-

800 1507 899 1568 dit,
938 1517 991 1561 ut
1041 1517 1154 1576 post
1197 1524 1413 1570 crucem,
1457 1518 1565 1575 post
1603 1509 2028 1575 resurrectionem,
2073 1511 2388 1567 ltebdomada

803 1597 1028 1649 nondum
1053 1596 1301 1662 absoluta,
1316 1598 1571 1666 jejunium
1591 1598 1923 1656 observemus.
1950 1601 2073 1656 Hzec
2092 1612 2277 1657 contra
2295 1620 2388 1659 eos

799 1688 1065 1747 dicuntur,
1082 1687 1170 1754 qui
1189 1686 1450 1755 jejunium
1466 1688 1687 1744 Judaico
1708 1705 1855 1745 more
1870 1693 2172 1760 servabant,
2191 1695 2388 1765 quique

797 1776 1082 1845 aliquando
1107 1777 1160 1830 in
1186 1777 1304 1847 ipso
1334 1779 1594 1835 Pascliate
1616 1781 2169 1852 jejunabant,quando
2191 1788 2390 1842 scilicet

795 1866 1103 1920 Judzeorum
1124 1868 1362 1925 calculus
1384 1870 1579 1924 Pascha
1599 1873 1898 1940 assignabat
1928 1885 2044 1942 post
2062 1874 2387 1929 Christiano-

801 1975 916 2013 rum
939 1960 1159 2015 Pascha.
1187 1961 1339 2016 Tunc
1389 1964 1528 2016 enim
1559 1964 1836 2018 Christiani
1886 1966 1977 2024 illi.
2027 1967 2115 2034 qui
2164 1965 2385 2020 Iudaico

796 2051 903 2103 ritu
929 2049 1190 2119 jejunium
1212 2052 1514 2118 servabant,
1543 2054 1633 2106 illo
1667 2055 1752 2107 die
1787 2054 2112 2121 jejunabant,
2140 2069 2247 2124 quo
2272 2071 2379 2108 cte-

798 2141 896 2195 teri
922 2142 1212 2196 Christiani
1236 2143 1438 2197 Pascha
1465 2144 1812 2197 celebrarent.

865 2233 1023 2301 Atqui
1049 2235 1341 2287 secundum
1368 2235 1568 2287 tabulas
1596 2234 1877 2289 Paschales
1897 2251 2036 2290 anno
2057 2236 2159 2291 387
2177 2236 2378 2292 Pascha

796 2320 981 2375 incidit
1009 2322 1061 2376 in
1086 2323 1157 2378 25
1189 2323 1406 2390 Aprilis,
1450 2340 1642 2392 nempe
1682 2340 1840 2394 quam
1879 2326 2177 2383 tardissime
2206 2337 2382 2397 potest

791 2429 1072 2470 occurrere
1095 2432 1110 2468 :
1144 2415 1415 2485 quomodo
1431 2431 1560 2485 ergo
1575 2417 1906 2486 judaizantes
1927 2419 2002 2472 illi
2023 2428 2263 2488 poterant
2280 2420 2382 2476 hoc

789 2521 933 2561 anno
981 2507 1034 2560 in
1085 2507 1290 2562 Pascha
1336 2507 1613 2577 jejunare,
1662 2524 1782 2563 eum
1822 2510 2024 2564 Pascha
2077 2510 2382 2567 Judasorum

793 2613 1086 2668 numquam
1137 2600 1308 2667 possit
1347 2599 1484 2653 ultra
1533 2599 1841 2668 vigesimam
1894 2603 2132 2671 quintam
2186 2604 2381 2671 Aprilis

789 2693 1111 2746 occurrere?
1138 2691 1334 2746 Verum
1368 2691 1487 2747 bmc
1508 2692 1789 2747 difﬁcultas
1818 2695 2140 2748 eertissimas
2170 2704 2378 2762 tempo-

790 2784 866 2837 ris
893 2792 1047 2837 notas
1096 2798 1126 2836 a
1162 2784 1316 2837 nobis
1357 2785 1671 2838 constitutas
1707 2795 1948 2838 evertere
1994 2785 2195 2853 nequit.
2241 2785 2373 2839 Nam

789 2885 965 2929 utrum
997 2887 1210 2942 semper
1230 2873 1544 2928 Antiocheni
1581 2875 1873 2929 invariabili
1913 2876 2028 2945 lege
2060 2875 2377 2930 Alexandri-

791 2980 981 3019 norum
1008 2965 1149 3018 circa
1201 2962 1402 3020 Pascha
1453 2965 1658 3019 Domini
1699 2966 1961 3020 calculum
1995 2967 2203 3036 sequuti
2249 2968 2374 3030 sint,

790 3073 895 3111 non
924 3057 1079 3112 nobis
1106 3065 1437 3126 compertum
1463 3065 1547 3111 est
1569 3067 1756 3126 :atque
1780 3059 1989 3112 etiamsi
2014 3058 2224 3128 sequuti
2251 3059 2377 3124 sint,

786 3166 854 3202 an
881 3149 1148 3202 affirmare
1173 3163 1455 3215 possumus
1476 3164 1765 3216 numquam
1793 3165 2031 3203 errorem
2076 3150 2128 3203 in
2172 3148 2381 3203 calculo

788 3237 1158 3291 intercidisse?
1202 3238 1357 3291 Certe
1398 3237 1711 3307 Anonymus
1749 3238 1855 3297 ille,
1885 3241 1971 3306 qui
1998 3253 2274 3293 sermones
2329 3239 2378 3291 in

787 3327 989 3383 Pascha
1014 3327 1100 3384 Jo.
1125 3328 1494 3399 Chrysostomi
1524 3329 1741 3382 nomine
1761 3328 2097 3398 edidit,quos
2125 3329 2176 3381 in
2207 3328 2378 3381 lucem

787 3419 1066 3474 emisimus
1093 3420 1146 3473 in
1173 3429 1364 3474 octavo
1392 3419 1562 3474 Tomo
1593 3418 1679 3491 (T.
1710 3419 1766 3474 8.
1796 3437 1842 3473 c.
1870 3419 1968 3472 261
1996 3418 2014 3490 )
2039 3459 2055 3485 ,
2083 3425 2382 3474 contrarias

786 3528 928 3567 circa
953 3512 1264 3568 Paschalem
1291 3512 1551 3568 calculum
1569 3511 1860 3567 sententias
1871 3526 1935 3565 eo
1951 3510 2070 3580 ipso
2086 3526 2249 3578 anno,
2275 3527 2382 3581 quo

786 3609 901 3673 ipse
927 3604 1198 3659 homiliam
1247 3620 1397 3659 suam
1442 3605 1496 3659 in
1540 3604 1710 3659 lucem
1759 3603 1926 3669 dedit,
1974 3603 2241 3658 exstitisse
2285 3603 2377 3657 ait.

783 3698 1070 3766 Gregorius
1091 3713 1219 3752 vero
1252 3698 1582 3752 Turonensis
1617 3696 1778 3767 (Vide
1818 3695 2024 3767 ibidem)
2053 3711 2155 3750 non
2210 3698 2377 3752 semel

781 3789 1033 3844 observat
1073 3790 1382 3842 varii-tatem
1432 3789 1573 3842 illam
1614 3789 1754 3842 circa
1783 3787 1921 3841 diem
1956 3787 2228 3840 Paschalis
2270 3802 2366 3841 suo

786 3892 1026 3951 tempore
1067 3882 1118 3934 in
1150 3881 1375 3934 diversis
1415 3879 1724 3949 regionibus
1762 3879 2065 3948 contigisse.
2120 3878 2375 3933 Fateatur

782 3982 960 4028 autem
989 3973 1090 4026 viri
1119 3972 1172 4026 in
1201 3973 1282 4026 his
1305 3971 1462 4024 rebus
1493 3971 1799 4041 peritissimi
1829 3986 2064 4024 errorem
2106 3970 2370 4024 interdum

780 4066 836 4121 in
865 4064 1083 4119 calculis
1119 4063 1424 4131 huiusmodi
1463 4063 1768 4130 contingere
1792 4102 1808 4124 ,
1838 4076 1936 4115 nec
1965 4062 2143 4115 multis
2182 4061 2376 4116 abhinc

782 4158 942 4212 annis
967 4156 1256 4227 contigisse
1278 4196 1293 4219 ,
1325 4170 1496 4223 neque
1522 4162 1690 4207 tutum
1711 4168 1922 4221 semper
1943 4168 2060 4207 esse
2093 4163 2244 4207 notas
2272 4154 2375 4207 Pa-

785 4246 998 4303 schales
1020 4245 1138 4300 aliis
1172 4246 1314 4300 notis
1337 4253 1682 4312 anteponere.
1711 4242 1850 4296 Sane
1885 4249 2027 4296 tanta
2057 4242 2264 4296 videtur
2288 4257 2377 4295 eo-

781 4355 902 4393 rum
929 4351 1047 4408 quas
1075 4351 1235 4406 supra
1259 4336 1490 4390 diximus
1509 4334 1749 4398 firmitas,
1782 4345 1839 4386 ιιι
1869 4333 2041 4400 potius
2068 4349 2131 4386 ex
2153 4348 2372 4401 compu-

783 4431 982 4484 tatione
1008 4436 1188 4482 nostra
1211 4426 1467 4481 calculum
1487 4425 1796 4480 Paschalem
1818 4423 2102 4494 ejusmodi,
2119 4439 2277 4493 quam
2303 4441 2369 4478 ex

782 4521 987 4575 calculo
1028 4520 1264 4575 Paschali
1312 4527 1499 4573 contra
1549 4517 2000 4584 computationem
2042 4516 2182 4570 illam
2215 4515 2373 4570 liceat

783 4612 1098 4667 decernere.

856 4700 1006 4754 Liber
1026 4709 1200 4752 contra
1229 4696 1436 4749 Judwos
1460 4705 1604 4760 atque
1634 4694 1870 4774 (gentiles.
1897 4725 1968 4734 -—
1988 4696 2114 4750 “asc
2141 4697 2206 4751 de
2229 4699 2369 4766 prio-

784 4793 932 4847 ribus
956 4790 1127 4845 tribus
1163 4797 1349 4844 contra
1373 4786 1586 4840 Judatos
1616 4785 1880 4849 homiliis,
1910 4802 2026 4854 qua:
2072 4787 2367 4856 Septembri

797 4885 922 4941 enni
951 4883 1055 4938 386
1078 4881 1274 4936 habitae
1329 4888 1475 4945 sunt,
1499 4879 1637 4932 dicta
1676 4888 1852 4932 sunto.
1900 4881 2196 4949 Antequam
2244 4897 2369 4935 vero

783 4976 1018 5047 quinque
1041 4980 1322 5042 sequentes
1340 4971 1721 5040 pronuntiaret,
1747 4971 1939 5025 librum
1962 4979 2145 5024 contra
2159 4969 2369 5026 Judaaos

783 5079 944 5139 atque
965 5065 1201 5121 Gentiles
1220 5063 1393 5117 emisit
1416 5064 1796 5132 longissimum,
1816 5080 1990 5135 neque
2009 5065 2058 5117 in
2084 5065 2368 5118 conciones

782 5162 1008 5216 divisum
1041 5176 1055 5211 :
1084 5172 1242 5228 quem
1264 5171 1329 5208 an
1362 5170 1608 5224 umquam
1637 5157 1808 5224 palam
1825 5167 1876 5211 et
1896 5163 2160 5225 prasente
2175 5155 2368 5224 populo

785 5249 1136 5320 pronuntiarit
1177 5248 1435 5300 incertum
1478 5254 1576 5298 est.
1612 5245 1717 5298 Sed
1741 5255 1939 5298 eertum
1963 5245 2172 5298 videtur
2207 5243 2368 5297 emis-

784 5358 902 5396 sum
931 5341 1089 5396 fuisse
1115 5340 1308 5394 librum
1328 5345 1450 5391 ante
1472 5335 1832 5405 Septembrem
1862 5338 1982 5390 anni
2010 5338 2112 5391 587
2129 5378 2144 5401 ,
2179 5343 2238 5390 ut
2253 5336 2367 5404 plu-

785 5437 931 5488 ribus
961 5436 1014 5489 in
1049 5435 1247 5489 Monito
1264 5438 1714 5487 commonstratur
1743 5428 1826 5498 (T.
1862 5430 1911 5483 l.
1936 5445 1981 5482 c.
2010 5427 2165 5499 8H).

857 5523 915 5579 In
941 5530 1040 5581 hoc
1062 5543 1220 5595 opere
1246 5527 1473 5597 plurima
1495 5524 1628 5578 scitu
1649 5522 1950 5592 dignissima
1975 5528 2356 5585 memorantur,

783 5636 900 5690 qtttB
932 5635 1038 5674 non
1076 5619 1196 5672 licet
1234 5619 1446 5674 silentio
1493 5615 1916 5687 praetermittere.
1947 5613 2133 5684 Agitur
2177 5611 2265 5665 hic
2292 5610 2361 5665 de

787 5714 1062 5768 divinitate
1082 5710 1295 5776 Christi,
1322 5726 1476 5780 quam
1493 5707 1736 5764 Anomtei
1758 5705 1949 5773 aliique
1968 5719 2152 5761 omnes
2176 5704 2358 5758 Ariani

786 5809 868 5862 vel
898 5807 1179 5877 negabant,
1208 5818 1328 5857 cum
1364 5803 1601 5856 dicerent
1641 5799 1909 5856 Christum
1952 5799 2114 5854 Deum
2143 5794 2356 5867 quidem

784 5915 926 5963 csse,
957 5899 1049 5954 sed
1079 5913 1183 5953 non
1215 5910 1339 5948 vere
1367 5893 1562 5957 Deum;
1589 5892 1674 5946 vel
1699 5907 1792 5947 ore
1821 5899 2018 5944 tantum
2043 5900 2196 5944 tenus
2231 5903 2357 5941 con—

783 5991 1085 6056 ﬁtebantur,
1129 6002 1248 6043 cum
1296 5984 1441 6041 illum
1484 5982 1790 6053 simpliciter
1841 5981 2003 6036 Deum
2053 5979 2351 6035 vocabant:

1903 581 1961 638 S.
2002 581 2278 638 JOANNIS
2307 581 2781 642 CHRYSOSTOMI
2827 590 2978 645 VITA
3000 634 3015 657 ,

3980 610 4076 663 103

2506 696 2675 755 Judaei
2698 719 2825 759 vero
2857 717 3014 775 atque
3043 710 3264 777 gentiles
3295 710 3493 780 absque
3523 709 3628 764 ullo
3659 721 4075 780 temperamento

2499 790 2827 859 rejiciebant.
2852 796 3068 854 Orditur
3095 811 3270 856 autem
3292 804 3476 859 dicens
3499 821 3556 860 se
3577 803 3764 860 librum
3794 806 3932 863 hunc
3955 813 4076 866 bre-

2498 883 2644 937 viore
2685 884 3026 960 facilioreque
3067 895 3205 964 stylo
3252 898 3594 964 concinnare,
3640 907 3696 953 ut
3731 899 3814 954 vel
3858 905 4073 959 ancilla-

2498 988 2635 1036 rum,
2683 974 2984 1041 viduarum,
3030 995 3340 1051 nautarum,
3382 989 3728 1058 agricolarum
3771 990 3943 1061 captui
3985 1009 4070 1048 ac-

2496 1064 2880 1120 commodatior
2913 1080 3076 1124 esset.
3120 1073 3254 1130 Hine
3301 1089 3487 1134 contra
3538 1082 3761 1151 gentiles
3802 1084 4069 1153 Evangelii

2495 1153 2768 1255 veritatem
2791 1156 2996 1224 probat,
3015 1162 3156 1228 quod
3178 1171 3604 1255 oppugnantibus
3625 1172 3749 1228 licet
3773 1176 4071 1232 nationibus

2495 1246 2772 1308 universis.
2802 1261 2896 1315 per
2921 1256 3085 1302 totum
3120 1252 3304 1306 orbem
3337 1263 3657 1328 pervaserit;
3692 1266 3761 1320 ita
3790 1268 3914 1320 utin
3946 1268 4072 1322 Per-

2492 1332 2608 1387 side
2646 1350 2876 1404 quoque,
2923 1338 3010 1393 ubi
3057 1351 3348 1410 martyrum
3403 1347 3589 1415 ingens
3642 1369 3894 1410 numerus
3935 1368 4068 1422 erat.

2493 1426 2795 1495 evangelica
2818 1429 3123 1496 praedicatio
3160 1431 3393 1487 ﬂoreret.
3422 1436 3614 1493 Christi
3647 1444 3935 1502 adventum
3965 1465 4069 1504 non

2494 1515 2654 1569 modo
2686 1521 3092 1585 praenuntiatum
3134 1523 3293 1578 fuisse
3317 1526 3464 1590 dicit,
3507 1529 3601 1583 sed
3627 1533 3787 1588 etiam
3812 1537 4074 1594 adventus

2495 1608 2709 1661 modum
2732 1620 2784 1664 et
2799 1613 3030 1679 gentium
3054 1630 3368 1670 concursum
3381 1617 3445 1671 ad
3464 1617 3621 1672 fidem
3643 1624 4028 1693 suscipiendam
4054 1647 4068 1691 ;

2495 1698 2565 1751 ita
2595 1707 2651 1751 ut
2677 1700 2822 1754 orbis
2845 1701 2953 1770 jam
2981 1712 3119 1756 totus
3162 1705 3213 1758 in
3257 1706 3524 1762 Bethleem
3556 1709 3804 1777 conﬂuat,
3835 1724 3891 1767 ut
3915 1727 4069 1769 nata-

2494 1787 2618 1841 lium
2649 1788 2824 1843 locum
2849 1801 3146 1846 veneretur.
3189 1793 3402 1850 Judaaos
3428 1806 3602 1854 tamen
3630 1799 3804 1855 adhuc
3832 1803 4070 1873 ingratos

2492 1894 2726 1945 manere,
2759 1890 2817 1935 ut
2857 1882 2908 1934 in
2948 1882 3130 1936 multis
3165 1882 3453 1954 Scripturrc
3503 1889 3634 1944 locis
3662 1893 4065 1960 pra-dicebatur.

2488 1970 2822 2037 Sepulturam
2849 1987 3060 2040 quoque
3089 1972 3285 2027 Christi
3322 1979 3730 2044 praenuntiatam
3755 1982 3918 2038 fuisse
3946 2002 4072 2054 pro-

2487 2059 2676 2113 batur:
2705 2076 2909 2115 necnon
2936 2063 3218 2116 mittendos
3234 2063 3345 2118 fore
3367 2069 3624 2135 evangelii
3649 2085 3941 2136 praecones,
3973 2078 4062 2141 qui

2487 2159 2654 2205 totum
2697 2160 2960 2206 terrarum
3001 2153 3184 2207 orbem
3226 2153 3504 2223 disciplina
3533 2156 3728 2211 Christi
3775 2162 4062 2228 replerent.

2485 2241 2786 2312 Probatque
2816 2243 3028 2297 Petrum
3059 2252 3114 2299 et
3153 2245 3373 2300 Pattlum
3405 2247 3616 2317 regibus
3650 2257 3703 2302 et
3732 2248 4066 2319 Imperatori-

2488 2332 2585 2387 bus
2611 2334 2839 2404 majores
2864 2335 3293 2407 potentioresque
3337 2336 3496 2392 fuisse
3516 2379 3531 2403 ,
3575 2339 3661 2408 qui
3706 2339 3849 2409 leges
3879 2356 4062 2396 eorum

2489 2426 2889 2495 abrogaverint,
2934 2428 3085 2497 queis
3111 2426 3310 2483 Christi
3356 2440 3621 2500 pra‘cepta
3658 2433 4065 2490 substituerunt.

2487 2513 2759 2569 Judaieum
2796 2516 2994 2570 cultum
3031 2516 3392 2586 abrogandam
3421 2516 3535 2573 fore
3574 2534 3605 2573 a
3633 2521 3904 2590 prophetis
3933 2538 4066 2590 pra:—

2489 2609 2783 2660 nuntiatum
2828 2605 2988 2661 fuisse
3015 2608 3239 2675 probat,
3288 2608 3624 2679 futurumque
3661 2612 3804 2665 orbis
3834 2612 4063 2666 universi

2478 2696 2760 2764 judicium.
2809 2697 3024 2750 Demum
3065 2698 3237 2750 crucis
3266 2697 3463 2752 Christi
3491 2701 3844 2766 praestantiam
3875 2711 3928 2756 et
3962 2701 4063 2755 ho-

2483 2800 2669 2838 norem
2698 2785 2930 2852 pluribus
2960 2785 3172 2838 indicat.
3206 2785 3547 2853 Imperatores
3570 2790 3720 2852 enim,
3755 2790 3942 2858 inquit,
3967 2807 4062 2860 po-

2482 2879 2576 2929 sito
2599 2876 2900 2941 diademate,
2933 2892 3129 2930 crucem
3157 2879 3455 2946 suscipiunt,
3483 2878 3764 2947 symbolum
3793 2882 3966 2932 mortis
3993 2883 4061 2933 il-

2486 2969 2582 3022 lius
2604 2986 2621 3021 :
2643 2970 2694 3022 in
2726 2985 2952 3037 purpura
2984 2984 3136 3034 crux,
3173 2969 3223 3020 in
3252 2967 3534 3021 diademate
3561 2985 3718 3031 crux,
3759 2970 3810 3021 in
3836 2971 4062 3039 precibus

2485 3074 2629 3124 crux,
2661 3059 2713 3110 in
2742 3058 2894 3111 armis
2919 3073 3076 3122 crux;
3103 3068 3148 3110 et
3170 3057 3348 3127 ubique
3373 3067 3619 3110 terrarum
3638 3074 3764 3110 crus:
3784 3060 3896 3128 plus
3915 3076 4064 3127 quam

2488 3149 2565 3202 sol
2593 3148 2825 3218 refulget.
2856 3147 3036 3217 Pergit
3055 3162 3182 3201 vero
3212 3148 3278 3201 de
3299 3162 3455 3201 cruce
3484 3147 3738 3216 loquens;
3771 3149 3896 3202 dicit
3920 3150 4061 3217 priu-

2488 3241 2632 3309 cipes
2659 3249 2712 3294 et
2741 3238 2977 3292 subditos
2999 3280 3013 3303 ,
3057 3240 3305 3293 mulieres
3331 3247 3385 3291 et
3413 3240 3553 3292 viros
3572 3279 3587 3304 ,
3617 3240 3841 3308 virgines
3870 3250 3923 3295 et
3959 3257 4064 3295 nu-

2490 3340 2641 3398 ptas,
2673 3343 2860 3383 servos
2889 3338 2944 3383 et
2971 3329 3164 3383 liberos
3207 3330 3412 3398 signum
3454 3330 3628 3382 crucis
3664 3328 3923 3385 frontibus
3961 3333 4061 3385 im-

2487 3421 2737 3489 primere,
2766 3434 2830 3472 ac
2853 3420 2996 3472 viros
3021 3419 3374 3487 mulieresque
3401 3435 3540 3472 verte
3559 3421 3729 3473 erucis
3756 3423 4060 3488 particulam

2487 3523 2620 3562 auro
2647 3508 2900 3560 inclusam
2929 3522 2961 3560 a
2989 3508 3125 3560 collo
3153 3507 3495 3575 suspendere.
3539 3507 3863 3577 Demumquc
3888 3519 4063 3565 narrat

2487 3600 2718 3664 Judmos,
2747 3599 2954 3654 favente
2981 3599 3077 3653 sibi
3106 3599 3446 3668 imperatore,
3477 3601 3566 3669 qui
3589 3616 3771 3655 omnes
3797 3602 4063 3670 impietate

2484 3691 2788 3762 superabat,
2822 3705 3012 3758 nempe
3037 3690 3245 3744 Juliano
3274 3692 3543 3761 Apostata,
3576 3692 3824 3760 templum
3854 3705 4060 3747 restau-

2484 3798 2602 3835 rare
2633 3781 2822 3835 frustra
2855 3782 3156 3834 tentavisse.

2551 3871 2794 3940 Quinque
2833 3886 2959 3925 vero
2996 3880 3279 3940 sequentes
3325 3881 3507 3926 contra
3555 3871 3766 3926 Judaeos
3816 3872 4060 3927 bomilias

2482 3963 2568 4016 diu
2599 3973 2717 4031 post
2744 3963 3097 4016 intermissam
3145 3973 3328 4016 contra
3355 3963 3570 4018 eosdem
3612 3966 4056 4019 concertationem

2484 4054 2690 4107 habitas
2733 4054 2892 4106 fuisse
2941 4054 3238 4106 subindit‘at
3288 4054 3399 4120 ipse
3446 4053 3857 4125 Chrysostomus
3909 4057 4058 4110 initio

2484 4154 2714 4215 quartas,
2746 4143 2830 4197 his
2857 4144 3067 4197 verbis:
3101 4143 3297 4197 Rursus
3321 4144 3544 4212 infelices
3574 4147 3650 4197 illi
3677 4147 4058 4216 mortaliumque

2485 4235 2749 4286 miserrimi
2765 4232 2938 4287 Judaei
2954 4235 3242 4305 jejunaturi
3270 4243 3427 4286 sunt:
3456 4251 3629 4288 rursus
3654 4233 3837 4288 Christi
3858 4253 4055 4305 gregem

2483 4325 2767 4378 muniamus
2805 4341 3002 4378 necesse
3037 4333 3128 4377 est.
3176 4322 3282 4378 Sed
3330 4335 3513 4392 aperte
3559 4323 3795 4378 declarat
3843 4325 4056 4378 homilia

2479 4427 2627 4470 sexta
2670 4432 2816 4470 num.
2859 4417 2930 4470 6:
2979 4415 3116 4483 Quid
3161 4425 3326 4468 autem
3369 4416 3546 4485 loquor
3587 4415 3649 4468 de
3696 4417 4054 4483 pradonibus?

2478 4514 2701 4580 profecto
2743 4509 2879 4561 scitis
2908 4524 3078 4560 omnes
3118 4523 3178 4560 ac
3207 4506 3532 4572 meministis,
3561 4507 3758 4576 quando
3787 4508 3925 4576 apud
3963 4523 4053 4561 nos

2475 4600 2703 4654 scelerati
2721 4599 2924 4669 quidam
2945 4608 2990 4650 et
3022 4597 3407 4666 prastigiatores
3430 4607 3621 4651 statuas
3641 4598 3880 4668 principis
3909 4597 4020 4667 deje

2477 4700 2667 4753 cerunt,
2699 4705 2796 4758 quo
2828 4698 2973 4757 pacto
2999 4704 3099 4741 non
3126 4689 3204 4742 illi
3226 4697 3439 4752 tantum,
3463 4690 3549 4759 qui
3575 4690 3769 4757 facinus
3793 4689 3905 4741 ausi
3935 4691 4047 4758 {ue-

2477 4792 2625 4845 rant,
2655 4779 2745 4834 sed
2768 4788 3006 4848 quotquot
3031 4779 3323 4847 simpliciter
3359 4790 3624 4848 prtesentes
3662 4780 3910 4848 conspecti
3937 4781 4050 4848 fuc-

2477 4884 2628 4940 rant,
2673 4872 2910 4943 quoniam
2938 4872 3229 4925 videbantur
3266 4873 3368 4926 illis
3411 4873 3669 4936 assentiri,
3719 4871 3769 4924 in
3799 4871 4050 4939 judicium

2475 4964 2668 5034 abrepti
2689 5006 2700 5028 ,
2729 4963 2976 5032 simulque
3000 4979 3113 5016 cum
3143 4964 3244 5016 illis
3271 4963 3471 5016 abducti
3490 5005 3503 5026 ,
3548 4971 3764 5015 extremo
3799 4959 4050 5028 supplicio

2473 5066 2588 5110 sunt
2608 5054 2797 5121 affecti.
2823 5053 2916 5107 Hic
2935 5063 3278 5108 memoratam
3294 5053 3534 5107 videmus
3555 5052 3693 5105 illam
3719 5049 4046 5118 tragtediam,

2476 5163 2593 5217 qua:
2623 5163 2720 5216 per
2759 5154 2924 5199 totam
2954 5145 3417 5213 Quadragesimam
3448 5143 3571 5199 anni
3615 5142 3739 5204 587,
3772 5141 4050 5194 occasione

2473 5241 2800 5307 dejectarum
2831 5246 3153 5297 statuarum,
3182 5237 3472 5290 Antiochia:
3494 5234 3795 5304 spectaculo
3822 5231 3951 5294 fuit,
3979 5230 4047 5284 de

2471 5349 2572 5402 qua
2598 5332 2832 5401 pluribus
2853 5345 2951 5384 suo
2975 5329 3107 5382 loco.
3139 5329 3259 5383 llmc
3281 5345 3438 5398 porro
3459 5337 3605 5383 sexta
3633 5326 3846 5380 homilia
3869 5324 4043 5378 habita

2470 5433 2550 5479 est
2578 5426 2692 5495 ipso
2714 5423 2907 5498 jejunii
2937 5420 3236 5476 Judzeorum
3267 5421 3350 5475 die
3371 5464 3385 5485 ,
3413 5430 3470 5475 ut
3495 5421 3609 5489 ipse
3636 5417 4043 5486 Chrysostomns

2471 5517 2597 5570 dicit
2625 5520 2677 5570 in
2710 5516 2852 5569 line:
2883 5522 3068 5583 quarta
3095 5513 3279 5568 decem
3305 5513 3516 5568 circiter
3550 5510 3735 5565 diebus
3761 5517 3879 5562 ante
3904 5509 4042 5578 jeju-

2471 5609 2614 5664 nium
2639 5625 2653 5663 :
2684 5608 2866 5678 quinta
2889 5606 3225 5669 intermedio,
3251 5614 3306 5660 ut
3324 5620 3390 5660 ex
3415 5601 3654 5657 ordiendi
3678 5601 3832 5653 modo
3857 5600 4039 5671 liquet,

2475 5711 2713 5770 tempore
2739 5717 2750 5752 :
2776 5698 3020 5767 septima,
3043 5699 3273 5752 nondum
3297 5695 3539 5750 absoluto
3554 5692 3851 5746 Judaeorum
3876 5695 4041 5746 festo:

2470 5803 2653 5846 octava
2675 5833 2688 5854 ,
2737 5801 2855 5860 post
2879 5789 3135 5858 jejunium
3176 5797 3229 5842 et
3259 5787 3481 5848 festum;
3514 5783 3582 5837 ita
3629 5794 3683 5838 ut
3712 5800 3774 5838 ex
3813 5785 4046 5854 Chryso-

2473 5882 2630 5936 stomi
2658 5879 2833 5935 verbis
2858 5879 3003 5934 clare
3027 5879 3308 5950 colligatur
3329 5891 3450 5930 eum
3480 5875 3649 5929 minus
3674 5890 3829 5946 quam
3862 5873 4043 5942 viginti

2468 5974 2669 6028 dierum
2701 5973 2872 6042 spatio
2907 5970 3137 6041 quinque
3167 5977 3461 6041 postremas
3492 5976 3672 6023 contra
3700 5965 3911 6021 Judzeos
3936 5963 4033 6017 ho-
