4504 6748
435 559 534 614 μθ

433 673 604 725 milias
643 688 822 728 mense
862 669 1158 740 Septembri
1197 671 1502 726 absolvisse.
1544 672 1652 725 llac
1693 672 1757 725 de
1788 688 1844 726 re
1869 673 2006 726 diffi-

431 763 598 817 t‘ultas
630 765 774 817 nulla
815 762 1042 816 suboriri
1075 771 1263 828 potest.
1300 762 1481 817 Utrum
1513 773 1688 815 autem
1717 779 1855 815 anno
1881 764 2007 831 587,

431 857 618 911 eodem
665 865 970 911 recurrente
1009 853 1241 920 jejunio,
1286 855 1434 924 cujus
1464 869 1621 908 causa
1661 866 1768 909 tres
1813 855 2011 923 priores

432 947 675 1000 bomilias
714 959 854 997 anno
893 944 1132 1012 proximo
1158 943 1439 1005 habuerat,
1489 942 1583 998 has
1619 946 1850 1014 quinque
1877 960 2007 999 con-

429 1039 614 1092 ciOnes
645 1034 1080 1105 pronttn'tiavcrit,
1111 1036 1208 1089 etsi
1235 1053 1337 1087 non
1369 1034 1586 1102 perinde
1610 1046 1812 1088 certum
1845 1035 2008 1090 habe-

431 1136 537 1189 tur,
564 1126 782 1178 omnino
814 1137 986 1177 tamen
1011 1127 1276 1193 probabile
1305 1134 1415 1178 cst.
1445 1124 1502 1177 In
1533 1124 1716 1179 barum
1741 1138 1884 1178 certe
1910 1125 2008 1177 bo-

431 1216 694 1267 miliarum
717 1213 942 1267 decursu
967 1227 1256 1286 martyrum
1279 1215 1560 1268 memorias
1579 1230 1864 1269 occurrere
1885 1214 2011 1269 dicit

431 1315 645 1358 sanctus
689 1303 894 1370 doctor,
928 1305 1371 1374 quemadmodum
1413 1313 1466 1357 et
1509 1306 1558 1357 in
1601 1306 1865 1374 prioribus
1909 1305 2012 1358 illis

429 1395 776 1447 cmzcionibus
799 1396 922 1449 anni
956 1397 1058 1450 586
1087 1415 1098 1450 :
1131 1412 1260 1463 quas
1289 1410 1470 1448 mense
1499 1396 1794 1464 Septembri
1826 1411 1884 1449 se
1915 1395 2009 1448 ba-

433 1485 610 1537 buissc
642 1485 966 1539 testificatur.
1019 1487 1341 1553 Videturque
1385 1483 1792 1554 Chrysostontus
1831 1484 2012 1539 Judai-

430 1590 548 1628 eum
581 1577 842 1641 morbum,
876 1578 1294 1631 Christianorum
1317 1578 1667 1646 quorumdam
1697 1579 1890 1631 animis
1918 1577 2009 1630 ad-

433 1668 533 1720 huc
571 1667 892 1732 luerentcm,
925 1669 1010 1721 cui
1054 1667 1310 1719 medicam
1360 1684 1571 1722 manum
1604 1684 1744 1722 anno
1783 1668 1886 1721 586
1915 1667 2009 1719 ad-

433 1769 688 1822 moverat,
739 1775 879 1812 anno
925 1759 1082 1811 etiam
1115 1758 1409 1826 insequenti
1456 1759 1664 1827 penitus
1699 1772 1886 1811 curare
1912 1771 2008 1810 vo-

433 1851 629 1905 luisse:
664 1852 941 1918 ipsumque
970 1848 1200 1901 homilize
1236 1860 1432 1914 quarta:
1469 1849 1746 1903 exordium
1767 1889 1780 1911 ,
1813 1847 2010 1901 Rursus

431 1939 600 1994 ,ιιιάωὶ
618 1942 899 2011 jejunaturi
924 1949 1040 1992 sunt
1060 1979 1074 2001 ,
1106 1939 1348 1994 eamdem
1380 1942 1620 2009 proxime
1647 1950 2007 1994 recurrentem

430 2031 552 2084 anni
574 2040 933 2099 tempestatem
964 2045 1182 2099 prorsus
1210 2030 1505 2100 signiﬁcare
1532 2031 1766 2086 videtur.

504 2123 630 2191 Qune
655 2137 838 2177 contra
869 2126 1157 2177 Anomoeos
1189 2133 1241 2176 et
1265 2134 1447 2177 contra
1473 2124 1688 2179 Judreos
1713 2125 1866 2178 annis
1903 2123 2008 2178 386

431 2223 484 2267 et
507 2215 610 2266 587
655 2215 815 2276 dixit,
866 2225 919 2267 et
953 2214 1165 2283 quidem
1196 2229 1300 2267 non
1344 2216 1507 2268 semel
1547 2215 1768 2269 alternis
1805 2214 2008 2268 vicibus

435 2300 700 2356 interdum
729 2303 795 2356 de
831 2320 955 2364 uno,
990 2303 1250 2357 interdum
1278 2304 1346 2357 de
1371 2304 1475 2357 alio
1501 2314 1840 2373 argumento,
1877 2318 2008 2356 con-

436 2392 661 2443 tinenter
706 2398 758 2444 et
799 2406 900 2443 una
945 2393 1082 2446 serie
1126 2392 1438 2458 referenda,
1488 2409 1587 2447 nec
1629 2393 2008 2460 intercipienda

431 2479 715 2544 duximus,
761 2482 936 2535 missis
979 2483 1096 2536 aliis
1145 2484 1340 2537 diversi
1394 2484 1690 2553 argumenti
1735 2481 2006 2548 homiliis,

431 2587 560 2639 quas
587 2589 682 2642 per
709 2573 834 2627 illud
868 2576 1122 2643 temporis
1158 2577 1382 2641 spatium
1406 2578 1470 2629 ad
1503 2575 1752 2644 populum
1790 2574 2004 2636 habuit,

432 2678 495 2714 ne
525 2665 598 2716 rei
619 2705 633 2726 ,
666 2679 782 2732 qua:
810 2664 1047 2732 ejusdem
1079 2667 1370 2734 argumenti
1408 2677 1521 2720 erat
1542 2707 1557 2731 ,
1600 2681 1808 2720 cursum
1841 2666 2005 2719 inter-

431 2753 764 2818 pcllarcmus.
795 2754 1150 2820 Quamobrem
1177 2756 1462 2824 repetenda
1495 2765 1619 2810 sunt
1644 2771 1704 2810 ea
1725 2797 1738 2819 ,
1768 2772 1885 2823 qua:
1913 2771 2006 2823 per

433 2842 554 2894 illud
601 2845 851 2912 temporis
899 2845 1233 2900 interstitium
1282 2848 1554 2910 tractavit,
1599 2862 1821 2914 quorum
1871 2862 2003 2900 non-

431 2933 567 2983 nulla
605 2949 707 2984 non
739 2935 991 3000 minoris,
1040 2935 1146 2989 imo
1193 2935 1410 3003 majoris
1454 2935 1708 2989 momenti
1749 2950 1868 2989 esse
1907 2951 2002 3004 pu-

433 3031 627 3075 tantur.

501 3112 726 3166 Homilia
761 3114 822 3168 de
858 3117 1202 3169 Auathemate.
1234 3147 1305 3156 —
1333 3117 1507 3169 Primo
1552 3127 1728 3171 autem
1772 3116 2000 3171 occurri:

429 3204 651 3259 llomilia
690 3204 756 3259 de
785 3205 1167 3268 Anathematc,
1208 3223 1363 3275 quam
1411 3217 1528 3275 post
1569 3209 1773 3261 tertiam
1812 3217 1997 3262 contra

427 3296 713 3350 Anomaaos
739 3311 795 3350 se
821 3297 1265 3365 pronuntiavisse,
1297 3313 1393 3350 nec
1417 3298 1641 3353 obscure
1673 3298 1910 3352 declarat
1947 3297 1997 3350 in

427 3385 706 3453 principio,
739 3389 868 3440 utin
892 3387 1087 3440 Mouito
1114 3388 1445 3454 probavimus
1470 3387 1557 3456 (T.
1587 3391 1634 3441 i.
1663 3403 1709 3438 c.
1738 3386 1833 3439 941
1862 3392 1912 3456 );
1944 3399 2000 3443 ut

425 3492 616 3551 nempe
644 3478 856 3538 sedaret
896 3481 1219 3540 simultatem
1267 3480 1536 3540 snbortam
1563 3481 1690 3541 olim
1732 3481 1868 3542 inter
1894 3481 2003 3542 Me-

427 3573 649 3627 letianos
675 3583 728 3627 et
753 3575 1088 3630 Paulinianos
1115 3587 1368 3647 utrosque
1397 3577 1718 3646 Catholicos,
1749 3595 1867 3648 qua:
1895 3580 2002 3634 dis-

425 3663 604 3716 cordia
632 3664 731 3717 sub
756 3664 1030 3730 Flaviano,
1057 3675 1110 3720 et
1135 3667 1200 3720 ad
1228 3668 1439 3736 longum
1470 3680 1648 3736 p05tea
1671 3679 1876 3738 tempus
1906 3686 2000 3724 ex-

427 3761 585 3806 tracta
616 3761 716 3807 est.
765 3753 868 3808 Sed
897 3755 963 3808 ad
992 3756 1205 3810 lectoris
1243 3759 1580 3812 commodum
1619 3775 1706 3814 res
1747 3761 1814 3814 ab
1843 3761 1996 3816 initio

424 3842 624 3897 dissidii
650 3845 935 3913 repetenda
965 3855 1065 3899 est.

495 3934 794 3990 Eustathius
821 3937 1206 4003 Antiochenus,
1235 3939 1317 3993 vir
1340 3951 1552 3994 sanctus
1578 3950 1632 3996 et
1653 3941 1958 3996 Catholicus
1977 3986 1993 4010 ,

426 4028 650 4097 ideoque
680 4030 886 4083 Arianis
920 4031 1122 4084 invisus
1141 4071 1156 4096 ,
1186 4032 1420 4099 ipsorum
1447 4048 1607 4101 opera
1633 4042 1688 4088 et
1715 4035 1996 4089 calumniis

423 4118 696 4186 depositus
719 4119 770 4173 in
811 4120 1163 4188 exsiliumque
1191 4131 1342 4174 actus
1381 4121 1586 4186 fuerat,
1618 4138 1758 4177 anno
1785 4126 1997 4180 circiter

424 4211 554 4273 350;
586 4212 637 4263 in
667 4211 883 4282 ejusque
909 4212 1076 4265 locum
1106 4211 1418 4266 substitutus
1442 4213 1610 4268 fuerat
1629 4216 1763 4270 alius
1789 4217 1994 4284 cpisco-

423 4314 521 4367 pus
575 4302 852 4357 Arianus:
901 4302 1252 4371 deincepsque
1302 4304 1604 4357 continuata
1652 4309 1992 4361 successione

423 4390 659 4455 ejusdem
689 4401 848 4446 secta:
885 4394 1116 4462 episcopi
1143 4394 1520 4448 Antiochenam
1547 4403 1762 4449 tenuere
1784 4397 1986 4462 sedem,

423 4479 704 4534 Catholicis
750 4483 956 4538 interim
1011 4502 1129 4540 cum
1182 4485 1530 4540 Eustatbiano
1570 4487 1713 4540 clero
1759 4490 1981 4542 seorsim

421 4571 672 4625 collectas
711 4575 1020 4640 agentibus,
1063 4577 1233 4631 donec
1275 4578 1451 4631 Ariani
1495 4577 1789 4644 Meletium,
1832 4594 1985 4646 quem

425 4662 608 4716 heresi
636 4677 742 4715 sua:
764 4664 1026 4717 addictum
1058 4668 1331 4734 putabant,
1364 4670 1414 4723 in
1445 4673 1746 4739 episcopqu
1779 4672 1991 4725 ordina-

423 4762 562 4806 runt.
595 4752 990 4821 Peropportune
1025 4770 1150 4808 vero
1175 4758 1365 4810 cecidit
1406 4769 1462 4812 ut
1489 4761 1597 4827 ipse
1627 4776 1730 4812 non
1758 4760 1990 4815 Catholi-

423 4859 516 4898 cus
543 4842 727 4908 modo,
757 4841 848 4896 sed
875 4843 1032 4896 etiam
1063 4859 1125 4896 ex
1157 4844 1557 4902 ferventioribus
1595 4849 1881 4904 Catholicis
1907 4867 1992 4905 es-

421 4945 520 4990 set.
551 4937 618 4989 At
642 4950 761 4989 cum
791 4943 968 5003 postea
992 4936 1372 5002 comperissent
1399 4939 1568 5006 ipsum
1595 4940 1880 4995 Catholic;e
1913 4944 1986 4996 rei

421 5026 680 5080 vindicem
701 5066 717 5088 ,
745 5026 1054 5094 Arianisque
1092 5024 1349 5080 infensum
1378 5043 1496 5081 esse
1516 5069 1528 5089 ,
1571 5028 1740 5082 virum
1771 5032 1822 5083 in
1851 5035 1991 5085 exsi-

421 5117 546 5169 lium
588 5118 713 5187 pelli
755 5125 972 5182 curant,
1017 5116 1067 5171 in
1098 5117 1316 5187 ejusque
1355 5119 1524 5174 locum
1559 5120 1810 5176 Euzoium
1839 5125 1990 5176 Aria-

417 5221 543 5258 num
571 5209 912 5264 substituunt.
941 5208 1087 5265 Tunc
1115 5224 1241 5262 vero
1281 5218 1388 5264 tres
1428 5212 1478 5263 in
1526 5221 1698 5278 partes
1737 5213 1986 5270 distracta

416 5293 605 5351 civitas
636 5298 767 5352 fuit:
801 5301 961 5368 prima
989 5307 1102 5354 erat
1130 5298 1588 5354 Eustathiauorum
1612 5344 1626 5364 ,
1654 5304 1766 5358 sive
1801 5322 1985 5359 eorum

417 5383 508 5449 qui
539 5387 597 5439 S.
630 5388 905 5445 Eustathio
931 5390 1121 5444 addicti
1158 5399 1334 5452 erant,
1375 5391 1569 5459 quique
1610 5393 1798 5447 Melctii
1840 5411 1986 5450 com-

416 5473 721 5530 munionem
745 5520 759 5542 ,
790 5481 928 5549 quod
972 5481 1038 5534 ab
1065 5480 1269 5533 Arianis
1299 5481 1348 5531 in
1377 5481 1681 5551 episeopum
1712 5494 1986 5554 c00ptatus

419 5558 635 5625 fuisset,
671 5571 1018 5636 respuebant;
1051 5570 1277 5625 secunda
1319 5569 1712 5627 Meletianorum
1735 5616 1749 5640 ,
1785 5577 1987 5632 scilicet

417 5647 834 5722 Catholicorum,
866 5662 954 5728 qui
982 5662 1248 5717 Meletium
1270 5705 1283 5727 ,
1316 5662 1416 5716 etsi
1445 5662 1510 5715 ab
1537 5663 1747 5718 Arianis
1773 5668 1987 5722 ordina-

418 5748 526 5790 tum
549 5781 562 5801 ,
591 5749 771 5808 utpote
796 5747 1130 5806 Catholicum
1160 5752 1650 5821 sanetissimumque
1673 5754 1842 5809 virum
1861 5800 1875 5823 ,
1903 5773 1986 5814 se-

418 5828 744 5898 quebantur:
778 5839 926 5891 tertia
959 5842 1274 5898 Arianorum
1295 5885 1309 5907 ,
1351 5841 1438 5914 qui
1477 5857 1596 5898 cum
1627 5841 1826 5899 Euwio
1857 5863 1985 5904 con-

422 5928 602 5974 ventus
629 5921 870 5990 agebant.
902 5925 1166 5986 Hactenus
1189 5945 1359 5989 tamen
1390 5934 1595 5989 nonnisi
1620 5934 1723 5990 duo
1745 5937 1979 6008 episcopi

1612 560 1790 614 NUNC
1833 559 2084 615 PRIMUM
2127 557 2516 616 ADORNATA.

3607 565 3702 618 Hi)

2113 675 2408 728 Antiochia:
2433 685 2604 738 erant,
2638 677 2886 729 nimirum
2908 691 2970 730 ex
3000 687 3144 745 parte
3171 675 3560 733 Catholieorum
3597 681 3703 734 Me-

2114 765 2303 828 letius;
2349 780 2414 818 ex
2456 767 2772 820 Arianorum
2799 781 2928 821 vero
2954 779 3102 835 parte
3130 768 3360 823 Euzoius
3386 787 3397 823 ε
3429 786 3548 823 nam
3596 770 3703 823 En-

2113 856 2361 909 stathiani
2405 870 2523 908 cum
2568 855 2785 911 Paulino
2826 858 3137 929 presbytero
3182 860 3406 914 seorsim
3446 861 3699 914 collectas

2117 948 2366 1017 agebant.

2183 1036 2536 1103 Quamobrem
2579 1037 2896 1093 Athanasius
2943 1039 2996 1094 in
3044 1038 3258 1111 Synodo
3302 1041 3687 1104 Alexandrina,

2110 1141 2250 1179 anno
2271 1125 2396 1187 562,
2427 1127 2549 1179 totis
2587 1128 2782 1181 viribus
2809 1129 3067 1182 nitebatur
3095 1141 3149 1181 ut
3175 1129 3503 1182 Eustathiani
3533 1131 3678 1186 Mele-

2113 1217 2648 1284 tianisjungercntur,
2668 1232 2954 1286 omnesque
2969 1218 3223 1274 Catholici
3241 1236 3403 1274 unum
3427 1219 3684 1274 Mcletiunt

2112 1307 2420 1374 episc0pum
2445 1319 2820 1375 agnoscerent,
2851 1307 2914 1361 ad
2937 1323 3158 1377 eamque
3187 1325 3296 1363 rem
3331 1311 3530 1379 legatos
3556 1309 3686 1363 duos

2111 1397 2396 1453 Eusebium
2429 1399 2813 1455 Vercellenscm
2839 1410 2887 1454 et
2923 1401 3189 1454 Asterium
3220 1402 3498 1470 episcopos
3520 1417 3550 1454 a
3583 1401 3687 1472 Sy-

2112 1488 2254 1541 nodo
2281 1490 2631 1544 Alexandrina
2655 1491 2788 1544 mitti
2816 1491 3040 1544 curavit.
3074 1490 3263 1543 Verum
3295 1491 3524 1555 interim,
3555 1492 3679 1544 dum

2111 1577 2266 1646 legati
2297 1580 2394 1632 iter
2411 1592 2644 1650 agerent,
2671 1582 2879 1635 Lucifer
2899 1581 3228 1634 Calarilanus
3253 1580 3392 1648 pium
3417 1582 3687 1634 Athanasii

2112 1667 2589 1738 Alexandrinmquc
2615 1671 2812 1740 Synodi
2839 1671 3120 1724 consilium
3162 1670 3566 1734 iuterturbavit,
3598 1669 3688 1740 qui

2112 1758 2386 1812 Paulinqu
2432 1760 2482 1810 in
2524 1762 2824 1828 episcopum
2869 1761 3076 1829 adegit;
3109 1761 3175 1813 ita
3209 1769 3264 1814 ut
3297 1770 3406 1813 tres
3428 1760 3537 1828 jam
3569 1761 3690 1828 epi.

2109 1852 2254 1919 sc0pi
2284 1851 2578 1906 Autiochim
2605 1862 2802 1914 essent,
2829 1853 2933 1905 duo
2959 1851 3244 1911 Catholici.
3276 1862 3330 1905 et
3353 1867 3489 1904 unus
3532 1852 3686 1904 Aria-

2111 1959 2229 1996 ntts.
2261 1944 2334 1996 Ex
2369 1943 2469 1996 hoc
2497 1951 2673 1996 autem
2697 1942 3084 1996 Catliolicorum
3110 1941 3348 2007 dissidio,
3371 1941 3509 2010 quod
3535 1942 3688 1994 annis

2108 2034 2242 2086 bene
2271 2034 2450 2086 multis
2481 2033 2747 2100 perstitit,
2781 2031 3070 2085 innumerae
3111 2035 3234 2086 rixae
3264 2033 3494 2085 subat-uc
3522 2043 3646 2084 sunt
3668 2072 3684 2094 ,

2108 2125 2464 2187 Contumelia‘,
2491 2124 2736 2184 dicteria,
2764 2121 3064 2185 maledicta,
3096 2122 3285 2191 quibus
3308 2136 3364 2172 se.
3392 2132 3573 2172 mutuo
3602 2121 3686 2174 di-

2109 2218 2277 2268 versis
2300 2214 2494 2267 addicti
2527 2213 2765 2282 partibus
2793 2212 3113 2276 lacerabant,
3143 2213 3304 2266 rebus
3335 2213 3502 2279 palan)
3533 2211 3689 2264 exul-

2109 2308 2319 2361 Ceratis.
2349 2307 2597 2361 Paulinus
2629 2322 2753 2360 vero
2779 2306 2831 2359 in
2858 2306 3164 2373 episcopum
3187 2304 3426 2358 adiectus
3453 2304 3685 2356 Alexan-

2109 2396 2276 2449 drinae
2339 2395 2554 2466 Synodo
2622 2395 2974 2464 subscripsit,
3035 2395 3087 2447 iit
3144 2409 3248 2462 qua
3316 2392 3676 2461 Apollinarius

2109 2484 2459 2547 Laodicenus,
2491 2485 2578 2554 qui
2609 2500 2675 2538 eo
2704 2483 2994 2538 mooachos
3023 2495 3268 2537 oratores
3290 2498 3416 2536 suos
3443 2485 3680 2548 miserat,

2111 2585 2168 2628 ut
2199 2574 2581 2644 professionem
2627 2574 2748 2629 ﬁdei
2792 2591 2902 2629 sua:
2939 2576 2990 2628 in
3023 2584 3162 2629 cestu
3201 2575 3413 2628 Patrum
3462 2575 3682 2641 darent,

2109 2665 2178 2718 ita
2208 2675 2381 2719 tamen
2410 2677 2466 2718 ut
2494 2681 2702 2719 errores
2732 2680 2858 2718 suos
2883 2664 3104 2718 subdole
3133 2666 3441 2730 reticerent,
3468 2666 3518 2718 in
3540 2681 3685 2719 com-

2107 2757 2413 2810 munionem
2443 2756 2762 2808 admittitur.
2797 2754 3049 2809 Paulinus
3076 2765 3250 2808 autcm
3280 2769 3421 2809 anno
3449 2755 3553 2809 362
3590 2772 3682 2808 or-

2103 2849 2338 2914 dinatus,
2369 2863 2509 2901 anno
2538 2846 2660 2909 588,
2689 2848 2769 2901 vel
2792 2847 2916 2914 589,
2940 2846 3095 2900 ﬁnem
3121 2846 3324 2900 vivendi
3353 2845 3496 2900 fecit.
3522 2847 3680 2914 Apol-

2104 2939 2326 2992 linarius
2382 2954 2546 3001 vero,
2609 2938 2698 3006 qui
2763 2945 2883 3007 post
2935 2936 3205 3006 Synodum
3261 2935 3679 2989 Alexandrinam

2103 3043 2316 3081 errores
2345 3043 2469 3080 suos
2494 3027 2778 3096 spargebat
2814 3035 2870 3080 ut
2892 3036 3016 3080 ante
3036 3067 3052 3093 ,
3083 3026 3149 3079 ab
3177 3024 3466 3080 Athanasio
3492 3025 3680 3080 confu-

2106 3127 2244 3170 tatus
2270 3116 2366 3170 fuit
2394 3125 2449 3170 ut
2476 3116 2778 3170 hatreticus.

2173 3207 2298 3261 lla-c
2342 3205 2710 3275 praemittenda
2754 3215 2938 3272 erant,
2986 3215 3042 3259 ut
3083 3203 3444 3275 Chrysostomi
3490 3221 3680 3274 scapus

2100 3309 2153 3353 et
2184 3300 2320 3352 dicta
2359 3298 2802 3366 intelligereutur.
2836 3297 3098 3352 Meletiani
3127 3312 3254 3366 ergo
3280 3295 3576 3361 Catholici,
3609 3297 3678 3352 do

2101 3391 2258 3457 vulgo
2306 3391 2526 3465 loquor,
2578 3389 2940 3449 Eustatliianis
2985 3388 3200 3458 infensi,
3232 3386 3354 3441 hinc
3399 3389 3676 3442 malcditta

2105 3489 2404 3559 proferendi
2434 3490 2766 3542 occasionem
2795 3485 3112 3554 captabant,
3139 3477 3278 3553 quod
3319 3477 3570 3538 Paulinus
3596 3485 3675 3536 ei-

2101 3580 2221 3633 dem
2251 3578 2624 3633 Alexandriua:
2645 3577 2859 3648 Synodo
2887 3575 3305 3644 subscripsisset,
3329 3575 3411 3629 cui
3438 3576 3674 3630 subscri-

2102 3677 2279 3738 pserat
2329 3669 2488 3723 etiam
2553 3669 2914 3737 Apollinarius
2986 3666 3379 3730 hmresiarcha,
3447 3666 3675 3731 ideoque

2099 3760 2482 3828 Apollinarium
2507 3759 2708 3813 Paulini
2739 3759 3043 3827 magistrum
3072 3756 3405 3812 dictitabant.
3432 3754 3674 3828 Chryso-

2094 3859 2300 3905 stomus
2327 3864 2452 3903 vero
2490 3850 2577 3918 qui
2623 3863 2763 3918 (egre
2810 3846 3096 3902 admodum
3135 3847 3345 3901 videbat
3380 3847 3669 3901 Ecclesium

2098 3938 2483 3992 Antiochenam
2505 3938 2574 3992 ita
2597 3937 2896 4001 discissam,
2924 3945 2981 3990 ut
3007 3936 3260 3990 Catholici
3290 3937 3340 3989 in
3365 3936 3670 3989 Catholicos

2099 4041 2203 4083 tam
2235 4029 2485 4084 atrociter
2512 4030 2883 4098 insurgerent,
2911 4028 3181 4081 auditores
3210 4041 3335 4082 suos
3363 4028 3481 4080 talia
3515 4043 3609 4080 aus
3633 4042 3672 4079 ιε

2096 4135 2286 4190 aSpere
2315 4121 2507 4189 excipit
2535 4137 2548 4173 :
2581 4120 2684 4174 Sed
2707 4119 2828 4187 quid
2855 4119 3025 4172 dicunt
3050 4119 3148 4182 illi,
3181 4119 3366 4186 inquit,
3391 4117 3459 4169 ad
3475 4135 3668 4170 omnem

2097 4213 2341 4264 malitiam
2373 4211 2586 4263 audaces
2607 4210 2632 4262 Ρ
2663 4209 2954 4273 Htercticus,
2984 4210 3140 4271 aiunt,
3173 4209 3256 4260 illc
3279 4212 3441 4278 factus
3469 4217 3558 4263 est.
3589 4208 3668 4258 in-

2095 4302 2402 4354 Itabitantem
2448 4302 2593 4354 liabet
2637 4301 2920 4362 diabolum,
2970 4309 3014 4352 et
3057 4299 3274 4368 loquitur
3309 4308 3480 4350 contra
3511 4297 3667 4349 Dmm

2093 4391 2383 4459 nequitiam,
2417 4391 2696 4457 multosque
2724 4390 2930 4441 suadela
2956 4404 3179 4457 vanaque
3216 4388 3420 4455 fallacia
3457 4387 3508 4439 in
3548 4405 3669 4456 pro-

2091 4479 2308 4548 fundum
2335 4479 2474 4530 exitii
2501 4478 2737 4540 abducit;
2761 4477 2970 4544 ideoque
3009 4493 3040 4527 α
3084 4476 3318 4528 Palribus
3352 4478 3535 4545 ejectus
3561 4487 3663 4541 est,

2091 4569 2307 4623 maxime
2332 4568 2482 4637 hujus
2511 4567 2764 4636 magister,
2804 4564 2889 4632 qui
2920 4574 3111 4633 partem
3137 4562 3380 4617 Ecclesia:
3415 4564 3663 4618 abscidit:

2091 4662 2161 4714 sic
2189 4669 2277 4712 aut
2311 4658 2579 4711 Paulinum
2607 4665 2692 4710 aut
2721 4655 3089 4726 Apollinarium
3115 4655 3394 4724 designant.

2165 4751 2288 4804 [hcc
2307 4749 2460 4803 refert
2486 4747 2894 4816 Clirysostomus
2916 4755 2968 4797 ιιι
2993 4745 3057 4797 ab
3082 4744 3345 4796 incondita
3375 4745 3524 4797 turba
3554 4760 3658 4798 non

2094 4845 2163 4896 ita
2187 4850 2427 4895 accurate
2456 4839 2799 4892 dicebantur;
2829 4846 2882 4890 et
2909 4837 3031 4905 quia
3063 4851 3166 4889 non
3190 4853 3311 4890 raro
3341 4838 3540 4904 plebeia
3563 4837 3662 4890 btt-

2087 4933 2316 5003 jusmodi
2349 4931 2580 4984 convicia
2613 4939 2663 4982 et
2689 4928 2826 4981 dicta
2863 4927 3199 4996 peregrinum
3246 4930 3484 4982 sonantia
3532 4943 3656 4982 ora-

2094 5027 2220 5079 ti0ni
2247 5025 2692 5087 iutermisecntur,
2717 5020 2829 5074 haec
2866 5021 3053 5074 concio
3081 5021 3259 5075 multis
3301 5021 3350 5074 in
3393 5020 3524 5075 locis
3549 5037 3653 5074 non

2093 5115 2202 5184 pari
2227 5122 2383 5181 atque
2409 5119 2612 5165 creterze
2643 5110 2903 5179 elegantia
2933 5110 3073 5164 dicta
3102 5111 3327 5163 videtur.
3362 5110 3508 5163 llanc
3532 5125 3650 5163 cu.u

2091 5206 2315 5260 Baronio
2344 5212 2396 5258 et
2427 5203 2753 5268 llermantio,
2783 5212 3017 5256 vertente
3044 5218 3183 5254 anno
3210 5201 3312 5256 586
3337 5202 3524 5255 dictam
3555 5216 3654 5268 ptt-

2092 5308 2298 5360 tamus,
2347 5311 2537 5364 resque
2572 5296 2789 5348 omnino
2832 5302 2974 5348 certa
3023 5293 3247 5346 videtur.
3291 5291 3659 5346 Tillemontius

2093 5401 2268 5444 tamen
2295 5404 2360 5443 ex
2387 5389 2524 5441 male
2545 5388 2704 5441 allato
2729 5397 2781 5440 et
2810 5387 3074 5441 intellecto
3092 5384 3245 5451 hujus
3266 5383 3493 5437 bomilia:
3515 5385 3656 5448 loco,

2091 5490 2239 5549 putat
2267 5495 2382 5534 eam
2411 5478 2641 5532 habitam
2687 5477 2845 5532 fuisse
2877 5487 2992 5545 post
3020 5476 3216 5530 Paulini
3251 5485 3506 5538 mortem,
3541 5487 3658 5543 post

2091 5587 2286 5625 annum
2314 5571 2513 5624 scilicet
2543 5571 2665 5624 588.
2695 5570 2826 5624 V'ide
2857 5570 3103 5623 Monitum
3137 5578 3396 5632 nostrum,
3421 5568 3508 5622 ubi
3531 5582 3654 5620 sen-

2092 5664 2252 5718 tentia
2285 5663 2397 5734 ejus
2427 5663 2738 5726 ciarissime,
2771 5663 2820 5714 ni
2849 5661 3020 5723 fallor,
3051 5659 3372 5713 confutatur.

2163 5755 2227 5808 In
2254 5755 2433 5808 Natali
2461 5755 2645 5807 Clu-isti
2667 5752 2930 5806 concio.-—-
2945 5751 3187 5820 Quinque
3214 5751 3397 5804 diebus
3427 5757 3540 5817 post
3567 5750 3657 5799 ha-

2093 5849 2252 5902 bitam
2283 5847 2331 5899 in
2374 5846 2428 5899 S.
2461 5843 2824 5911 Philogonium
2872 5841 3140 5896 homiliam
3163 5883 3176 5906 ,
3209 5840 3258 5894 id
3284 5849 3364 5893 est
3399 5838 3659 5908 vigesima

2091 5939 2266 6009 quinta
2298 5935 2634 5999 Decembris,
2665 5944 2716 5987 ut
2749 5934 2860 6003 ipse
2888 5933 3290 6004 Chrysostomus
3329 5929 3657 5996 testiﬁcatur,
