4504 6704
819 660 984 728 prima
1014 661 1128 714 vice
1156 660 1222 716 de
1249 660 1335 714 die
1360 659 1528 714 Natali
1553 657 1742 713 Chri-ti
1771 658 2114 710 Concionatus
2134 665 2215 712 est
2236 653 2319 726 (T.
2338 653 2392 706 2.

818 761 864 799 c.
898 745 1024 801 351.
1046 747 1082 799 ι.
1100 749 1212 818 24).
1233 746 1363 802 Cutn
1386 750 1532 804 enim
1571 749 1794 802 nondum
1827 749 2054 805 decimus
2074 768 2239 804 annus
2256 761 2402 811 esset,

819 834 994 906 inquit
1022 839 1130 904 ille,
1160 855 1223 892 ea:
1247 856 1348 909 quo
1375 841 1484 896 dies
1508 841 1596 895 ille
1623 841 1975 896 Autiochenis
2017 843 2302 896 inualuerat
2339 839 2407 894 ab

817 928 1125 990 Occidente,
1159 927 1249 980 ubi
1279 928 1346 982 ab
1375 927 1590 980 exordio
1621 925 1708 977 illa
1737 923 1823 978 die
1861 924 2164 979 celebratus
2193 925 2394 989 fuerat,

820 1019 1156 1074 Antiochiam
1195 1020 1432 1081 delatus;
1465 1017 1612 1070 multi
1643 1017 1785 1071 diem
1829 1017 2022 1071 festum
2069 1015 2397 1086 hujusmodi,

819 1111 969 1181 quasi
998 1127 1192 1165 novum
1221 1126 1284 1164 ac
1312 1119 1553 1164 recenter
1585 1109 1855 1165 inductum
1882 1108 2280 1172 detrectabant;
2308 1107 2399 1160 alii

821 1213 998 1255 tamen
1043 1215 1234 1270 magno
1280 1215 1503 1254 numero
1545 1199 1775 1255 libenter
1819 1200 2210 1254 admittebant:
2242 1213 2399 1268 quam

821 1294 1256 1361 disceptationem
1280 1303 1336 1346 ut
1355 1294 1556 1362 sopiret
1583 1292 2015 1363 Chrysostomus,
2041 1293 2126 1346 ubi
2149 1295 2397 1362 primum,

822 1393 1098 1452 postquam
1146 1385 1425 1455 presbyter
1464 1384 1736 1437 ordinatus
1787 1386 1992 1447 fuerat,
2040 1385 2272 1438 occurrit
2314 1385 2401 1438 illa

819 1474 1126 1538 celebritas,
1165 1477 1299 1527 hanc
1327 1474 1596 1526 homiliam
1630 1473 1831 1535 habuit,
1859 1481 1921 1526 ut
1947 1472 2221 1527 subortam
2255 1473 2400 1527 litem

823 1565 1056 1629 tolleret,
1082 1573 1136 1617 et
1162 1563 1300 1617 diem
1332 1563 1572 1618 Natalem
1598 1563 1796 1618 Christi
1826 1565 1880 1618 in
1904 1563 2216 1633 vigesimum
2242 1565 2401 1634 quin-

824 1667 929 1709 tam
959 1655 1268 1710 Decembris
1309 1655 1543 1710 incidere
1571 1656 1750 1710 multis
1779 1656 2105 1726 argumentis
2135 1657 2403 1725 probaret.

827 1747 1007 1802 Primo
1047 1747 1124 1801 ait
1161 1745 1302 1801 hanc
1338 1763 1519 1802 veram
1547 1764 1666 1803 esse
1692 1749 2012 1803 sententiam
2038 1749 2122 1804 vel
2145 1749 2265 1804 inde
2287 1765 2408 1818 pro-

826 1838 1074 1893 babiliter
1097 1840 1283 1909 argui,
1311 1839 1452 1908 quod
1484 1855 1884 1909 quaquaversus
1909 1841 2217 1894 denuntiata
2239 1882 2254 1906 ,
2285 1856 2404 1894 cum

827 1940 969 1984 tanta
1000 1931 1274 1984 celeritate
1301 1932 1369 1984 ab
1404 1930 1651 1986 omnibus
1687 1941 1931 1999 suscepta
1976 1931 2157 1985 fuerit.
2201 1932 2406 1986 Deinde

823 2027 900 2077 ait
924 2023 1012 2076 illa
1039 2022 1125 2078 die
1150 2023 1218 2076 ab
1241 2023 1466 2078 exordio
1494 2039 1587 2092 per
1607 2033 1773 2078 totum
1800 2023 2140 2077 Occidentem
2162 2022 2404 2076 celebra-

825 2124 938 2167 tum
981 2114 1142 2167 fuisse
1168 2113 1365 2167 Christi
1408 2124 1618 2177 ortum,
1649 2113 1978 2181 maximeque
2020 2112 2224 2166 Romm.
2270 2112 2402 2166 Cum

821 2215 1002 2257 autem
1033 2218 1226 2257 census
1254 2202 1466 2273 Cyrenii
1488 2203 1641 2272 jussu
1667 2203 1887 2272 Augusti
1925 2204 2095 2257 factus
2119 2245 2133 2266 ,
2168 2204 2220 2257 in
2250 2203 2404 2258 tabu-

825 2296 996 2364 lisque
1037 2293 1372 2363 descriptus,
1419 2308 1584 2364 penes
1621 2293 1893 2349 Romanos
1937 2294 2254 2362 haberetur;
2283 2296 2407 2352 hinc

823 2399 1001 2438 verum
1035 2398 1456 2454 germanumque
1493 2383 1692 2440 Natalis
1719 2384 1915 2440 Christi
1957 2387 2098 2442 diem
2140 2387 2410 2442 Romanos

825 2475 1089 2530 hausisse.
1124 2474 1278 2528 Aliud
1303 2489 1514 2544 quoque
1552 2485 1922 2545 argumentum
1955 2487 2226 2531 mutuatur
2251 2494 2316 2532 ex
2346 2493 2412 2532 eo

825 2566 912 2619 die
932 2607 947 2631 ,
975 2579 1084 2637 quo
1115 2565 1386 2638 ingressus
1412 2575 1494 2618 est
1519 2566 1572 2619 in
1605 2567 1858 2635 templum
1899 2567 2182 2622 Zacharias
2202 2611 2217 2633 ,
2250 2585 2410 2638 quem

827 2642 942 2726 ipse
967 2672 1234 2712 summum
1275 2655 1580 2727 pontiﬁcem
1609 2666 1761 2727 putat
1789 2674 1804 2711 :
1837 2658 1960 2711 inde
1991 2673 2117 2712 vero
2143 2660 2408 2714 calculum

825 2749 1004 2812 ducit,
1050 2757 1110 2802 ut
1154 2750 1339 2818 probet
1383 2750 1434 2803 in
1465 2750 1771 2818 vigesimum
1816 2748 2052 2820 quintam
2097 2749 2409 2804 Decembris

828 2840 1064 2895 incidere
1093 2840 1232 2896 diem
1259 2841 1500 2896 Natalem
1531 2843 1760 2897 Domini.
1788 2843 1896 2898 llac
1923 2859 2049 2898 vero
2079 2843 2146 2898 de
2175 2859 2232 2899 re
2258 2845 2408 2913 plura

831 2933 1144 3004 protulimus
1171 2934 1225 2988 in
1253 2933 1452 2988 Monito
1480 2934 1542 2988 T.
1570 2934 1627 2999 2,
1653 2949 1701 2988 c.
1722 2934 1825 2991 347
1844 2976 1858 3000 ,
1891 2934 1980 2988 ubi
2008 2935 2128 2988 vide
2157 2935 2251 2989 sis.

900 3023 1088 3080 Concio
1103 3025 1470 3080 alim—Erant
1494 3026 1791 3082 Antiochize
1818 3025 2034 3095 quidam
2053 3026 2121 3080 de
2138 3036 2281 3080 recta
2313 3025 2415 3080 fide

833 3130 939 3171 non
970 3116 1137 3186 probe
1163 3117 1478 3180 sentientes,
1509 3118 1598 3186 qui
1629 3115 1731 3171 hoc
1758 3116 1904 3170 Pauli
1928 3116 2130 3170 dictum
2161 3117 2212 3169 in
2236 3117 2416 3171 Eccle-

831 3208 908 3262 sia
967 3207 1160 3261 lectum
1201 3205 1302 3276 (T.
1343 3207 1395 3262 3.
1443 3223 1492 3259 c.
1536 3208 1632 3262 3H
1660 3208 1718 3278 ),
1769 3207 1888 3262 Sive
1926 3224 2017 3276 per
2067 3208 2416 3274 occasionem,

830 3299 930 3354 sive
959 3315 1047 3368 per
1071 3298 1326 3352 veritatem
1351 3296 1582 3352 Christus
1608 3300 1956 3362 annuntietur,
1985 3308 2032 3353 et
2068 3301 2120 3352 in
2161 3301 2254 3353 hoc
2285 3317 2418 3371 gau-

833 3393 949 3455 deo,
993 3391 1066 3446 ita
1111 3406 1272 3462 prave
1312 3391 1817 3460 interpretabantur,
1862 3401 1922 3446 ut
1965 3391 2247 3458 dicerent,
2292 3393 2419 3446 dum

833 3482 1080 3536 Christus
1103 3481 1526 3543 annuntiaretur,
1558 3496 1741 3550 parum
1767 3480 2030 3536 interesse
2060 3498 2127 3535 an
2168 3482 2418 3536 haeretica

835 3590 903 3626 an
945 3586 1068 3627 vera
1115 3571 1364 3642 dogmata
1393 3580 1596 3625 essent.
1626 3571 1738 3626 [loc
1765 3573 1963 3626 erroris
1993 3581 2297 3642 portentum
2323 3573 2420 3628 de-

837 3665 986 3734 pellit
1027 3663 1483 3734 Chrysostomus,
1532 3663 1876 3733 pluribusque
1929 3663 2260 3717 demonstrat
2312 3677 2420 3718 non

834 3770 953 3809 eam
979 3769 1099 3810 esse
1124 3753 1272 3808 Pauli
1297 3761 1550 3807 mentem.
1581 3751 1685 3807 Sed
1711 3769 1778 3807 ex
1798 3768 1922 3809 vera
1948 3769 2125 3808 rerum
2149 3763 2420 3824 gestarum

838 3847 1058 3901 historia
1081 3845 1230 3900 Pauli
1257 3845 1574 3899 sententiam
1618 3844 1758 3898 hanc
1795 3859 1915 3899 esse
1955 3843 2271 3900 conﬁrmat:
2299 3859 2421 3900 cum

838 3941 986 3996 Pauli
1027 3939 1227 3994 inimici
1267 3938 1482 4008 quidam
1512 3952 1634 3992 eum
1670 3937 1897 3992 vinculis
1921 3939 2272 3993 constrictum
2297 3952 2422 3992 cer-

841 4040 1065 4099 nerent,
1112 4041 1172 4086 ut
1211 4030 1478 4085 Neronem
1525 4031 1693 4100 magis
1735 4030 1787 4083 in
1822 4045 1946 4086 eum
1999 4039 2422 4101 exasperarent,

842 4124 1114 4192 ipsiusque
1160 4121 1448 4191 perniciem
1510 4121 1845 4186 molirentur,
1900 4137 2082 4176 veram
2136 4135 2428 4191 snnamque

843 4213 1005 4268 Iidem
1038 4213 1158 4266 ideo
1188 4211 1566 4281 prmdicabant,
1613 4221 1672 4264 ut
1713 4219 1870 4264 aucto
1915 4211 2297 4281 discipulorum
2325 4230 2428 4267 nu-

845 4321 996 4359 mero
1027 4315 1281 4374 tyrannus
1309 4303 1397 4357 ille
1430 4304 1482 4356 in
1509 4303 1727 4356 Paulum
1754 4303 1957 4358 catenis
1978 4317 2228 4359 onustum
2262 4307 2430 4376 magis

846 4397 1119 4467 Illilgiaqllc
1145 4396 1376 4448 sasviret.
1405 4395 1516 4448 llac
1543 4410 1668 4449 vero
1698 4395 1763 4450 de
1788 4411 1944 4450 causa
1969 4439 1982 4462 ,
2010 4397 2082 4451 ait
2111 4397 2429 4468 Chrysosto-

848 4505 987 4553 mus,
1014 4487 1204 4540 Paulus
1230 4487 1358 4540 dicit
1386 4503 1398 4539 :
1427 4487 1546 4540 Sive
1567 4503 1654 4555 per
1677 4488 2020 4555 occasionem,
2051 4489 2152 4542 sive
2187 4507 2276 4560 per
2302 4491 2430 4543 veri-

849 4588 999 4630 tatem
1041 4575 1269 4630 Christus
1308 4577 1652 4639 annuntietur,
1699 4586 1744 4629 et
1785 4579 1838 4629 in
1881 4577 1975 4630 hoc
2013 4579 2226 4648 gaudeo.
2269 4579 2428 4634 Multa

852 4665 1067 4737 pra-fert
1097 4664 1212 4718 haec
1247 4664 1463 4717 homilia
1491 4665 1541 4715 in
1572 4663 1834 4732 principio
1855 4665 1921 4718 de
1957 4667 2272 4730 humilitate,
2301 4679 2351 4722 et
2380 4670 2430 4722 in

853 4757 959 4812 line
988 4755 1054 4810 de
1098 4755 1325 4809 utilitate
1356 4755 1775 4820 necessitateque
1819 4756 2154 4822 precationis.
2193 4757 2431 4811 liabitam

853 4859 1031 4903 autem
1075 4847 1242 4901 fuisse
1285 4855 1404 4916 post
1443 4845 1583 4899 diem
1611 4845 1854 4910 Natalem
1877 4845 2072 4901 Christi
2103 4849 2300 4902 ultimis
2331 4849 2434 4903 De-

853 4939 1088 4994 cembris
1107 4937 1296 4992 diebus
1316 4938 1438 4991 anni
1471 4937 1606 5003 386,
1639 4953 1702 4992 ex
1748 4938 1877 5007 ipsis
1907 4937 2274 5010 Chrysostomi
2319 4957 2436 4994 ver-

857 5029 942 5085 bis
984 5028 1255 5099 arguitur,
1287 5037 1341 5082 ut
1366 5027 1546 5082 videas
1587 5030 1641 5082 in
1671 5029 1869 5084 Mouito
1897 5030 1957 5085 T.
1992 5032 2047 5097 3,
2085 5048 2135 5084 c.
2165 5031 2272 5086 509
2301 5049 2313 5084 :
2346 5033 2434 5086 ubi

857 5138 966 5176 rem
986 5163 1002 5187 ,
1031 5121 1076 5176 si
1103 5137 1208 5174 non
1255 5121 1477 5174 omnino
1505 5133 1703 5175 certam
1723 5163 1738 5188 ,
1773 5123 2057 5178 admodum
2085 5124 2434 5178 verismtilem

856 5213 1412 5269 eummoustravimus.

927 5306 1111 5362 Concio
1140 5308 1192 5360 in
1220 5305 1563 5377 Epiphaniam
1585 5317 1632 5360 et
1657 5308 1793 5362 alia.
1815 5338 1886 5348 —
1906 5308 1959 5362 ln
1987 5309 2073 5363 die
2104 5322 2281 5362 autem
2311 5307 2437 5376 Epi-

862 5398 1063 5467 phania:
1094 5400 1330 5469 sequenti
1366 5400 1534 5472 (Anno
1558 5401 1707 5469 587),
1745 5409 1803 5454 ut
1835 5403 2049 5455 omnino
2088 5399 2437 5472 probabiliter

857 5491 1205 5555 existimatur,
1237 5489 1305 5546 de
1332 5491 1598 5562 Baptismo
1640 5501 1694 5545 et
1734 5490 2024 5561 Epiphania
2062 5491 2262 5546 Christi
2306 5505 2435 5543 con-

857 5582 1064 5634 cionem
1093 5580 1271 5635 habuit
1302 5579 1386 5654 (T.
1415 5581 1469 5635 2.
1492 5600 1538 5634 c.
1572 5580 1699 5651 565)
1725 5599 1736 5634 :
1758 5580 1846 5634 ubi
1875 5591 2150 5653 postquam
2182 5580 2431 5650 pupulum

857 5675 920 5727 ad
949 5673 1242 5728 Ecclesium
1266 5675 1696 5744 frequentandam
1730 5676 1973 5730 hortatus
2003 5687 2102 5743 est,
2134 5679 2201 5732 de
2230 5673 2430 5746 duplici

859 5765 1144 5836 epiphania
1175 5766 1315 5836 agit;
1347 5767 1411 5820 de
1442 5767 1530 5821 illa
1570 5782 1761 5839 nempe
1787 5784 1894 5838 qua
1935 5770 2102 5839 magis
2129 5785 2191 5824 ex
2224 5770 2432 5823 oriente

855 5861 1184 5915 venientibus
1229 5860 1494 5930 apparuit,
1537 5859 1706 5931 deque
1743 5873 2036 5933 postrema,
2078 5877 2178 5930 qua
2222 5863 2272 5916 in
2300 5875 2434 5916 con-

851 5956 1205 6011 summatione
1223 5955 1405 6011 sxculi
1435 5970 1552 6010 cum
1583 5955 1748 6028 gloria
1783 5965 1836 6013 et
1866 5955 2150 6026 splendore
2177 5966 2431 6010 venturus

1879 544 1932 599 s.
1975 542 2254 599 JUANXIS
2286 539 2752 598 cunvsosrou;
2799 545 2978 614 vim,

2508 667 2610 714 est.
2650 659 2961 716 Miraculum
3007 664 3200 718 deinde
3243 665 3382 718 circa
3422 677 3607 734 aquam
3635 661 3882 733 baptismi
3921 683 4089 724 enun-

2508 749 2632 815 tiat;
2678 766 2802 804 nam
2848 768 2970 807 cum
3019 771 3206 809 versus
3250 756 3479 811 mediam
3521 765 3752 816 noctem,
3791 771 3909 824 qua:
3941 761 4082 814 diem

2511 840 2820 912 Epiphania:
2847 846 3186 911 pra‘cedebat
3205 889 3218 910 ,
3249 849 3442 917 singuli
3471 848 3538 904 de
3566 863 3698 918 aqua
3729 846 3814 900 itla
3842 846 4086 914 baptismi

2508 931 2691 988 latices
2731 947 2910 986 secum
2938 947 3306 1002 astrortareut,
3339 954 3472 1008 aqua
3513 940 3599 994 illa
3639 954 3741 992 non
3782 952 4089 1003 corrumpe-

2508 1022 2684 1088 batur,
2710 1021 2802 1076 sed
2834 1022 3042 1090 integro
3071 1039 3250 1090 anno,
3285 1029 3410 1096 quin
3439 1037 3494 1082 et
3527 1030 3740 1084 biennio
3775 1037 3828 1083 et
3858 1027 4088 1081 triennio

2509 1115 2810 1185 incorrupta
2838 1117 3104 1170 manebat.
3132 1118 3298 1172 Docet
3321 1121 3514 1176 deinde
3533 1122 3657 1192 quid
3681 1122 3883 1176 intersit
3900 1120 4087 1175 discri-

2508 1207 2668 1260 minis
2692 1207 2831 1261 inter
2862 1206 3120 1274 baptisma
3145 1207 3452 1263 Judzuorum
3473 1252 3489 1275 ,
3516 1213 3776 1281 baptisma
3795 1213 4010 1269 Joannis
4033 1222 4084 1263 et

2509 1296 2768 1367 baptisma
2818 1297 3033 1352 Christi.
3081 1298 3215 1352 llinc
3261 1300 3492 1366 explicat
3535 1304 3804 1371 quomodo
3849 1304 4088 1359 Christus

2511 1388 2810 1460 impleverit
2843 1407 3054 1444 onmem
3081 1389 3377 1459 justitiam;
3403 1390 3618 1445 demum
3650 1394 3891 1450 hortatur
3921 1412 4089 1466 p0pu-

2510 1479 2642 1545 lum,
2673 1491 2728 1535 ut
2753 1497 2940 1552 magna
2970 1497 3089 1535 cum
3120 1481 3415 1536 reverentia
3444 1482 3509 1534 ad
3540 1485 3811 1539 tremenda
3840 1488 4091 1559 mysteria

2511 1573 2750 1626 accedat.

2582 1663 2908 1720 Concionem
2950 1666 3018 1720 de
3062 1666 3332 1736 Baptismo
3369 1666 3565 1724 Christi
3609 1668 3685 1722 sic
3724 1683 3876 1725 orsus
3923 1672 4095 1728 fuerat

2511 1754 2922 1823 Chrysostomus
2953 1775 2966 1809 ε
3003 1756 3187 1811 Omnes
3215 1773 3299 1811 vos
3318 1757 3370 1810 in
3395 1758 3568 1810 latitia
3593 1758 3762 1822 hodie,
3792 1777 3882 1831 ego
3906 1778 4020 1817 vero
4043 1767 4095 1817 in

2513 1861 2723 1898 mwrore
2749 1863 2859 1898 sum
2886 1848 3044 1901 solus.
3074 1846 3211 1901 Nam
3237 1865 3352 1901 cum
3378 1850 3430 1902 in
3467 1850 3563 1902 hoc
3598 1851 3861 1919 spirituale
3887 1856 4095 1926 pelagus

2511 1934 2684 1988 oculos
2729 1952 2864 1990 meos
2906 1948 3173 2000 converto,
3219 1948 3266 1991 et
3310 1939 3578 1994 immensas
3620 1939 3863 1996 Ecclesia:
3898 1946 4096 2001 divitias

2509 2024 2811 2091 complector
2827 2042 2847 2089 ;
2874 2043 2934 2078 ac
2962 2027 3142 2079 deinde
3163 2029 3416 2098 perpendo
3454 2033 3563 2100 fore
3581 2071 3595 2095 ,
3635 2039 3687 2083 ut
3723 2047 3837 2085 cunt
3877 2035 4097 2102 primum

2507 2113 2801 2167 solemnitas
2829 2117 2926 2169 ista
2952 2120 3270 2185 prteterierit,
3297 2120 3561 2174 multitudo
3582 2139 3759 2176 rursus
3778 2122 3876 2176 ista
3905 2127 4098 2179 resiliat

2509 2218 2570 2256 ac
2598 2204 2822 2258 discedat
2849 2221 2868 2258 :
2897 2208 3096 2260 crucior
3120 2217 3167 2260 et
3197 2210 3355 2262 animi
3382 2210 3558 2264 dolore
3591 2229 3770 2282 angor,
3796 2215 3950 2282 quod,
3981 2232 4098 2268 cum

2514 2304 2616 2348 tam
2643 2297 2829 2350 multos
2860 2298 3041 2353 liberos
3061 2302 3308 2370 pepererit
3336 2301 3584 2368 Ecclesia,
3609 2320 3710 2357 non
3734 2304 3838 2358 illis
3857 2306 4028 2360 itidem
4043 2307 4098 2360 in

2514 2387 2728 2457 singulis
2757 2390 2978 2444 collectis
3001 2432 3016 2455 ,
3062 2393 3149 2445 sed
3178 2393 3229 2446 in
3258 2393 3396 2463 festis
3422 2395 3737 2450 solummodo
3777 2399 3879 2467 frui
3921 2401 4094 2468 possit.

2515 2475 2666 2542 Quod
2697 2492 2856 2545 porro
2878 2480 3145 2535 metuebat
3166 2481 3254 2537 ille
3278 2483 3364 2538 die
3391 2487 3632 2554 sequenti
3660 2489 3884 2556 septima
3905 2488 4100 2544 Janua-

2516 2568 2580 2620 rii
2611 2569 2807 2622 accidit
2837 2571 3008 2638 (Anno
3028 2571 3178 2641 387).
3203 2572 3337 2628 Cum
3367 2577 3507 2629 enim
3538 2575 3605 2631 de
3633 2579 3690 2631 S.
3723 2577 3952 2632 Luciano
3972 2595 4101 2633 cou-

2515 2657 2722 2712 cionem
2752 2659 2968 2714 haberet
3003 2659 3087 2733 (T.
3117 2662 3172 2714 2.
3203 2678 3249 2712 c.
3283 2664 3439 2731 5l9),
3463 2665 3572 2734 jam
3605 2682 3709 2720 non
3736 2667 3878 2721 illam
3911 2671 4094 2738 populi

2515 2746 2868 2816 frequentiam
2891 2749 3082 2804 adesse
3103 2753 3253 2815 vidit,
3271 2752 3364 2805 sed
3388 2753 3542 2823 longe
3563 2757 3792 2812 rariores
3809 2759 4095 2824 auditores;

2513 2839 2860 2910 quamobrem
2888 2841 2965 2895 sic
2997 2841 3082 2896 ille
3111 2842 3318 2896 orditur
3347 2861 3360 2898 :
3393 2845 3544 2910 Quod
3567 2845 3797 2900 hesterno
3836 2848 3918 2901 die
3939 2850 4098 2918 perti-

2516 2931 2792 2986 mescebam
2833 2932 3022 2998 evenit,
3051 2942 3099 2986 et
3139 2934 3206 2986 ad
3247 2931 3484 3000 effectum
3514 2936 3628 3005 jam
3668 2937 3962 3002 perductum
3991 2949 4100 3001 est;

2520 3038 2698 3089 nempe
2721 3023 2804 3074 ubi
2834 3021 3014 3090 festum
3041 3025 3300 3091 praeteriit,
3323 3024 3476 3077 simul
3495 3026 3643 3078 etiam
3664 3027 3934 3081 multitudo
3957 3029 4100 3083 nobis

2521 3113 2789 3177 abscessit,
2836 3113 3100 3182 minorque
3137 3115 3278 3167 nobis
3307 3124 3461 3168 cactus
3496 3116 3664 3183 [actus
3697 3125 3788 3170 est.
3817 3117 3950 3172 Hinc
3981 3119 4101 3175 luco

2523 3204 2718 3258 clarius
2747 3205 3154 3258 commoustrari
3193 3205 3403 3259 videtur
3433 3205 3570 3261 hanc
3593 3206 3648 3262 S.
3673 3207 3888 3266 Luciani
3932 3225 4099 3280 pane-

2523 3297 2675 3369 gyrin
2708 3297 3096 3365 pronuntiatam
3129 3296 3290 3350 fuisse
3305 3296 3393 3353 die
3417 3296 3764 3366 Epiphaniam
3792 3300 4101 3370 insequente

2525 3398 2582 3443 et
2609 3387 2796 3442 eodem
2823 3402 2962 3442 anno
2983 3387 3108 3442 387.
3131 3387 3396 3442 Lucianus
3420 3397 3595 3443 autem
3619 3390 3897 3461 presbyter
3917 3393 4104 3446 Antio-

2525 3479 2767 3541 chenus,
2818 3479 2988 3547 inquit
3023 3477 3466 3549 Chrysostomus,
3513 3479 3651 3535 fame
3691 3491 3746 3534 et
3788 3483 4106 3538 cruciatibus

2526 3571 2710 3624 multis
2739 3570 2940 3624 Christi
2963 3585 3158 3625 nomen
3190 3571 3420 3640 gloriose
3442 3570 3717 3625 confessus
3749 3581 3849 3626 est.
3878 3572 3932 3626 ld
3961 3574 4107 3627 acci-

2524 3663 2602 3717 dit
2627 3677 2769 3717 anno
2794 3662 2929 3729 5H,
2963 3662 3046 3716 vel
3088 3662 3223 3728 3l2,
3269 3662 3321 3715 in
3359 3664 3773 3731 persequutione
3814 3662 4105 3718 Maximini.

2524 3755 2954 3827 Martyrologium
2986 3754 3284 3808 Romanum
3314 3753 3380 3808 ad
3409 3752 3550 3807 diem
3590 3754 3623 3808 7
3657 3752 3890 3810 Januarii
3916 3753 3972 3808 S.
4002 3753 4108 3807 Lu-

2526 3847 2665 3901 ciani
2692 3847 3008 3917 martyrium
3035 3846 3333 3900 annuntiat.
3362 3844 3514 3900 Hunc
3537 3845 3720 3899 Ariani
3747 3860 3958 3900 suarum
3987 3861 4110 3915 par-

2529 3938 2660 3991 tium
2686 3936 2847 3990 fuisse
2872 3935 3284 3999 mentiebantur,
3311 3936 3561 4004 quoniam
3590 3951 3659 3991 ex
3683 3937 3958 4007 discipulis
3988 3937 4107 4008 ejus

2530 4028 2745 4097 quidam
2789 4041 2849 4082 se
2893 4027 2946 4080 in
2992 4026 3309 4080 Arianorum
3355 4035 3530 4080 castra
3578 4028 3960 4094 conjecerant:
3999 4029 4109 4082 imo

2534 4120 2649 4188 ipse
2692 4119 2850 4173 Arius
2896 4121 3129 4187 itemque
3177 4115 3440 4171 Eusebius
3477 4116 3924 4185 Nicomediensis,
3965 4120 4110 4174 illius

2535 4220 2694 4265 sectm
2721 4210 3092 4280 primipilares.
3120 4209 3337 4263 Luciani
3366 4207 3612 4276 discipuli
3645 4208 3882 4274 fuerant,
3911 4220 3965 4265 et
3991 4224 4111 4264 sese

2533 4301 2937 4356 Collucianistas
2956 4299 3237 4354 vocabant.
3265 4298 3461 4352 Verum
3487 4298 3559 4351 illi
3581 4313 3610 4350 a
3632 4297 3846 4352 Luciani
3872 4298 4112 4353 doctrina

2534 4403 2587 4447 et
2617 4409 2645 4446 a
2676 4392 2937 4446 catholica
2975 4391 3081 4446 ﬁde
3123 4391 3476 4445 desciverant.
3511 4390 3620 4443 Hac
3648 4391 3713 4443 de
3741 4407 3799 4445 re
3827 4406 3954 4446 vero
3981 4393 4113 4448 nihil

2535 4485 2586 4538 in
2619 4481 2989 4555 Chrysostomi
3021 4480 3275 4551 panegyri
3304 4480 3361 4534 S.
3386 4479 3601 4535 Luciani
3644 4481 3826 4536 fertur.

2608 4575 2720 4629 Hoc
2764 4575 2981 4628 ineunte
3011 4587 3153 4626 anno
3183 4573 3285 4626 387
3311 4573 3658 4627 concionatus
3699 4583 3781 4627 est
3819 4572 3874 4628 S.
3903 4573 4111 4628 doctor.

2537 4667 2616 4721 Ex
2661 4665 2892 4720 homiliis
2937 4679 3095 4733 porro
3142 4664 3274 4731 illis,
3307 4679 3438 4734 quas
3477 4674 3602 4719 ante
3642 4664 4112 4735 Quadragesimam

2538 4757 2776 4827 ejusdem
2802 4755 2926 4809 anni
2950 4755 3015 4809 ad
3038 4756 3287 4825 pepulum
3316 4755 3518 4821 habuit,
3543 4755 3684 4810 illam
3709 4757 3973 4825 ponimus,
3996 4772 4116 4826 quae

2543 4849 2607 4903 de
2634 4847 3046 4904 Resurrectione
3083 4858 3412 4903 mortuorum
3444 4848 3770 4910 inscribitur,
3818 4848 3932 4915 ipso
3976 4847 4117 4900 indi-

2542 4950 2693 4994 cante
2721 4939 2873 4993 nobis
2897 4938 3278 5009 Chrysostomo
3300 4981 3314 5002 ,
3348 4940 3434 5008 qui
3457 4939 3532 4992 sic
3550 4939 3690 4993 illam
3713 4937 3917 4991 orditur
3949 4937 4035 5006 (Τ.
4055 4938 4112 4991 2.

2554 5044 2598 5080 c.
2627 5029 2726 5084 417
2764 5049 2776 5082 :
2809 5029 2889 5082 De
2917 5031 3035 5098 ﬁdet
3058 5040 3242 5082 nostra:
3263 5030 3596 5100 dagrnatibus,
3625 5029 3782 5097 deque
3798 5029 3962 5098 gloria
3989 5027 4119 5082 Uni-

2542 5123 2694 5191 geniti
2720 5120 2845 5175 Filii
2875 5120 2972 5174 Dei
3003 5132 3120 5173 ante
3151 5121 3289 5190 apud
3330 5137 3414 5174 vos
3449 5121 3802 5186 disseruimus,
3831 5121 4120 5174 obturantes

2541 5228 2712 5266 eorum
2737 5229 2847 5276 ora,
2875 5213 2960 5281 qui
2989 5212 3202 5281 gloriam
3232 5212 3307 5264 illi
3335 5213 3624 5279 detrahunt,
3654 5224 3699 5266 et
3724 5230 3754 5266 a
3774 5210 4005 5266 Genitore
4026 5228 4117 5264 suo

2542 5305 2761 5358 alienum
2791 5305 2988 5357 dicunt.
3020 5303 3314 5357 Couciones
3336 5320 3462 5360 vero
3487 5315 3670 5360 contra
3697 5305 4005 5366 Anommos,
4028 5304 4115 5371 qui

2543 5398 2759 5469 gloriam
2789 5395 3054 5465 Unigcuiti
3087 5393 3404 5451 labefactare
3447 5397 3733 5460 curabant,
3765 5394 3854 5448 hic
3881 5407 4115 5448 commeo

2543 5501 2734 5553 morat,
2765 5505 2896 5558 quas
2924 5487 3137 5541 ineunte
3166 5503 3307 5542 anno
3328 5490 3429 5544 387
3457 5486 3708 5551 absolvit,
3737 5494 3793 5538 ut
3833 5485 3884 5538 in
3921 5484 4119 5539 Mouito

2542 5582 2605 5634 ad
2636 5582 2851 5634 easdem
2885 5579 3241 5648 probavimus.
3270 5580 3404 5634 Hinc
3426 5593 3551 5632 vero
3577 5577 3812 5647 arguitur
3832 5575 3965 5631 hanc
3983 5591 4114 5631 cou-

2541 5673 2746 5727 cionem
2776 5670 2876 5724 sub
2901 5671 3104 5725 initium
3143 5673 3265 5726 anni
3307 5672 3409 5726 387
3441 5669 3670 5722 habitam
3698 5668 3884 5735 fuisse,
3914 5679 3968 5723 et
3997 5667 4119 5736 qui-

2545 5765 2662 5822 dem
2691 5773 2813 5820 ante
2837 5763 3330 5835 Quadragesimam,
3361 5777 3518 5832 quam
3552 5769 3710 5815 totam
3743 5762 3792 5816 in
3825 5761 4120 5830 deplorau-

2544 5859 2624 5913 dis
2650 5856 3095 5912 Antiochcnorum
3121 5864 3241 5928 post
3270 5867 3486 5910 eversas
3515 5863 3712 5908 statuas
3733 5849 4118 5908 οηίτιιιιὶωιώιιε

2547 5956 2891 6024 consumpsit.
