4504 6716
388 601 489 656 11³

455 716 687 785 Hujusce
731 730 892 786 porro
934 708 1208 766 concionis
1246 717 1616 779 argumentum
1661 706 1714 758 in
1752 706 1969 758 exordio

381 807 566 862 statuit
589 807 644 863 S.
669 808 885 861 Doctor.
907 801 1098 870 Agitur
1113 799 1178 852 de
1197 799 1589 854 resurremione
1615 804 1965 857 mortuorum,

381 899 535 969 Cujus
577 899 855 953 veritatem
907 891 1102 961 passim
1146 892 1334 945 asserit
1371 909 1383 944 :
1421 897 1754 943 mortuorum
1796 894 1970 938 autem

389 993 845 1050 resurrectionem
873 984 1136 1040 innumeri
1157 985 1418 1054 negabant
1440 981 1810 1054 Chrysostomi
1837 995 1970 1034 aevo.

381 1083 728 1152 Prosequitur
773 1085 956 1146 postea
1005 1075 1072 1130 de
1115 1075 1434 1131 instituenda
1477 1071 1773 1128 secundum
1804 1070 1974 1147 Deum,

381 1180 516 1238 vita,
549 1174 615 1227 de
638 1170 920 1234 adeundis,
950 1184 1208 1238 perpensa
1238 1169 1436 1238 praemii
1467 1163 1864 1237 magnitudine,
1895 1164 1972 1216 la-

383 1265 658 1320 boribus:
705 1260 1015 1314 nonnullam
1071 1259 1326 1314 bonorum
1380 1274 1604 1328 operum
1672 1253 1975 1310 mercedem

385 1355 547 1408 etiam
577 1351 628 1406 in
655 1351 751 1405 hac
775 1353 876 1404 vita
906 1350 1085 1415 tribui,
1110 1350 1252 1403 Pauli
1275 1351 1528 1419 exemplo
1557 1347 1831 1418 probatur.

459 1441 601 1496 Inter
627 1457 709 1506 ea,
739 1457 858 1511 qua:
883 1441 1106 1495 Joannis
1142 1439 1509 1512 Chrysostomi
1543 1449 1787 1506 tempore
1837 1435 1976 1489 acci-

391 1535 584 1588 derunt
606 1575 620 1596 ,
652 1534 783 1587 nihil
814 1531 1212 1587 memorabilius
1240 1532 1325 1586 illa
1348 1528 1805 1585 Antiochenorum
1840 1523 1980 1578 sedi-

391 1626 554 1689 tione,
574 1639 686 1695 qua
716 1624 937 1693 dejectis
959 1622 1243 1678 Theodosii
1267 1620 1609 1694 Imperatoris
1635 1629 1689 1674 et
1714 1616 1980 1672 Flaccilla:

387 1718 506 1786 ejus
553 1717 734 1771 uxoris
775 1716 1003 1780 statuis,
1048 1715 1340 1786 iisdemque
1384 1730 1480 1784 per
1521 1712 1708 1767 urbem
1738 1710 1978 1778 raptatis,

391 1808 751 1863 Theodosium
780 1808 848 1860 ita
875 1816 1277 1874 exasperarunt,
1310 1815 1367 1860 ut
1389 1805 1456 1860 de
1479 1803 1612 1858 urbe
1637 1800 1862 1855 delenda
1892 1814 1982 1853 co-

390 1899 654 1966 gitaverit.
699 1897 823 1953 Ilrec
868 1896 962 1950 fuit
1004 1895 1388 1966 Chrysostomo
1430 1905 1618 1950 nostro
1662 1892 1728 1944 ad
1766 1891 1980 1944 concio-

392 1989 550 2044 nandi
582 1989 886 2044 facultatem
919 1987 1274 2043 exercendam
1305 1987 1477 2057 ampla
1506 1983 1777 2040 materies.
1803 1983 1981 2036 Antio-

390 2080 579 2135 dtenis
624 2081 818 2151 quippe
862 2080 1002 2132 inter
1042 2093 1191 2148 spem
1234 2087 1287 2132 et
1324 2086 1522 2130 metum
1566 2071 1977 2136 ﬂuctuantibus,

389 2172 516 2227 dum
530 2172 790 2244 repentini
808 2187 962 2227 casus
983 2186 1174 2225 novam
1198 2171 1726 2240 inexspectatamque
1746 2163 1982 2233 quotidie

396 2263 480 2317 vel
519 2262 770 2331 sperandi
800 2262 882 2316 vel
917 2260 1139 2316 timendi
1168 2274 1384 2314 causam
1416 2257 1712 2317 offerrent,
1744 2253 1978 2322 impara-

393 2364 478 2406 tus
508 2353 617 2407 fere
641 2367 858 2421 semper
882 2352 1316 2422 Chrysostomus,
1344 2359 1504 2418 prout
1527 2361 1612 2400 res
1642 2360 1767 2398 sese
1787 2342 1985 2397 dabant

391 2443 590 2512 stylum
621 2451 830 2497 vertere
858 2451 1095 2508 coactus,
1124 2455 1267 2510 sazpe
1296 2455 1360 2494 ex
1390 2447 1651 2506 tempore,
1677 2437 1794 2489 illas
1817 2434 1986 2487 admi-

393 2533 601 2586 ratione
629 2531 817 2601 dignas
859 2534 1144 2587 conciones
1191 2530 1569 2600 pronuntiabat
1603 2532 1622 2598 (
1652 2525 1894 2580 Homiliw
1919 2525 1986 2576 ad

393 2621 767 2688 Antiochenos,
818 2630 857 2674 t.
900 2621 958 2677 2.
1014 2621 1226 2691 initio);
1277 2620 1438 2674 modo
1481 2627 1538 2674 ut
1584 2617 1636 2670 in
1682 2615 1986 2670 calamitate

393 2720 699 2766 versantem
748 2710 1004 2780 populum
1055 2710 1436 2772 consolaretur,
1488 2706 1647 2761 modo
1689 2714 1750 2760 ut
1789 2706 1984 2759 fractos

393 2804 612 2873 periculi
654 2801 1020 2873 magnitudine
1049 2802 1254 2856 animos
1283 2802 1624 2856 confirmaret
1650 2818 1662 2853 :
1688 2809 1798 2852 tum
1842 2813 1982 2865 pra:-

391 2896 547 2965 cipue
578 2903 636 2948 ut
661 2894 948 2948 occasione
983 2891 1376 2946 imminentium
1401 2892 1660 2945 malorum
1690 2886 1982 2941 Antioche-

395 3004 493 3042 nos
552 2987 621 3041 ad
683 2987 810 3041 vitia
857 2984 1174 3056 corrigenda
1219 2994 1271 3038 et
1323 3000 1498 3037 mores
1547 2978 1982 3050 componendos,

394 3078 725 3148 cluendaque
765 3077 968 3132 scelera
990 3118 1006 3143 ,
1052 3093 1174 3146 qua:
1205 3085 1402 3130 tantam
1437 3075 1526 3128 Dei
1556 3075 1691 3128 iram
1722 3070 1986 3126 accende-

397 3178 537 3236 rant,
563 3170 885 3224 monitorum
912 3169 1208 3238 frequentia
1235 3168 1526 3222 deduceret
1551 3185 1564 3220 :
1593 3165 1684 3235 qui
1711 3174 1856 3219 certe
1890 3176 1986 3216 co-

398 3270 553 3315 natus
575 3260 957 3332 Chrysoswmo
981 3259 1148 3316 cessit
1188 3275 1256 3316 ex
1285 3267 1412 3314 voto
1430 3300 1446 3326 ,
1476 3266 1535 3313 ut
1568 3257 1660 3313 ille
1686 3254 1880 3311 alicubi
1909 3253 1989 3308 fa-

400 3359 562 3407 ιειυτ.

467 3442 797 3498 Antiocheam
828 3442 1086 3496 seditionis
1117 3441 1349 3496 historia.
1375 3471 1447 3481 —
1472 3441 1660 3496 Tanta:
1686 3455 1814 3496 vero
1841 3438 1987 3496 sedi-

401 3534 561 3589 u‘onis
597 3549 757 3589 causa
783 3533 909 3601 fuit,
940 3541 1076 3590 teste
1119 3533 1334 3588 Zosimo
1361 3531 1587 3604 (Zosim.
1620 3533 1658 3586 ι.
1690 3532 1754 3602 4)
1780 3572 1796 3599 ,
1825 3530 1989 3585 nimia

403 3626 725 3681 tributorum
752 3666 768 3692 ,
813 3641 932 3697 quae
972 3625 1205 3696 quotidie
1234 3625 1671 3695 excogitabantur
1693 3665 1709 3687 ,
1738 3624 1948 3678 exactio
1969 3663 1985 3690 ,

401 3718 514 3772 sive
540 3732 638 3787 pro
663 3717 977 3773 celebritate
1019 3717 1190 3788 quinti
1215 3717 1329 3772 initi
1372 3717 1439 3770 ab
1482 3714 1712 3771 Arcadio
1747 3714 1872 3768 anni
1921 3729 1988 3768 ex

402 3824 509 3876 quo
560 3809 832 3878 Augustus
859 3811 1229 3880 promulgatus
1281 3809 1488 3873 fuerat,
1519 3817 1574 3863 et
1618 3806 1811 3862 decimi
1864 3806 1988 3860 anni

404 3899 691 3954 Theodosii
720 3899 1093 3968 Imperatoris,
1116 3901 1206 3970 qui
1235 3915 1377 3956 anno
1404 3900 1501 3955 581
1536 3897 1851 3969 incipiebat,
1879 3897 1992 3952 sive

407 4006 503 4058 pro
530 4001 784 4060 apparatu
813 3989 940 4044 belli
965 4000 1151 4045 contra
1199 3991 1487 4046 Maximum
1519 4000 1798 4062 tyrannqu
1821 4029 1839 4058 ,
1880 3989 1994 4043 sive

408 4095 506 4150 pro
532 4080 652 4135 aliis
678 4079 900 4150 publicis
944 4082 1375 4136 necessitatibus.
1409 4080 1616 4136 Tributi
1661 4095 1828 4136 onere
1875 4095 1997 4149 per-

406 4169 541 4225 culsi
568 4169 883 4226 Antiocheui
920 4170 1064 4224 cives
1099 4170 1416 4227 Prazfectum
1461 4171 1695 4240 adeunt,
1729 4172 1764 4226 ii
1794 4172 1998 4227 scilicet

405 4261 498 4330 qui
526 4261 824 4316 urbanioris
864 4269 1002 4316 notae
1029 4271 1219 4326 erant;
1250 4271 1304 4315 et
1342 4261 1698 4331 laerymantes
1723 4300 1739 4326 ,
1771 4261 1996 4330 vectigal

409 4352 666 4408 indictum
693 4352 913 4407 nimium
939 4360 1249 4422 queruntur,
1279 4351 1479 4420 Deique
1507 4366 1662 4420 opem
1689 4351 1991 4420 implorant.

411 4444 614 4499 Deinde
645 4458 777 4499 vero
805 4445 1346 4499 circumforaneorum
1375 4452 1428 4498 et
1464 4450 1772 4497 exterorum
1823 4441 1996 4496 homi-

369 4545 380 4555 ‘
410 4551 538 4590 num
569 4551 637 4590 ex
676 4535 861 4590 infima
903 4536 1058 4606 plebe
1119 4535 1271 4591 turba
1296 4576 1312 4600 ,
1343 4534 1624 4589 commotis
1662 4533 1855 4588 animis
1881 4574 1896 4600 ,
1940 4533 1992 4587 iu

411 4625 647 4680 facinora
690 4637 997 4697 erumpunt.
1027 4627 1208 4682 Primo
1247 4628 1299 4682 in
1355 4626 1568 4697 publico
1600 4626 1791 4682 balneo
1817 4626 1994 4681 omnia

409 4715 676 4785 susdeque
721 4725 968 4785 ponunt:
1018 4716 1142 4772 hinc
1185 4717 1426 4774 Praefecti
1495 4719 1713 4773 domum
1761 4718 1995 4787 adeunt,

411 4806 680 4862 cancellos
719 4806 1015 4876 januasque
1045 4807 1331 4872 invadunt;
1357 4809 1550 4879 vixque
1595 4811 1851 4877 coerciti,
1895 4811 2001 4865 alio

412 4900 648 4955 furorem
678 4907 1014 4961 convertunt,
1044 4897 1387 4968 depictasque
1413 4900 1794 4971 Imperatorum
1829 4902 1999 4956 tabelo

412 4993 492 5048 las
523 4992 784 5064 lapidibus
807 4993 1070 5062 impetum
1091 5032 1106 5057 ,
1138 4991 1340 5046 findant
1362 5001 1414 5046 et
1440 4993 1759 5047 labefactant
1785 5013 1797 5046 :
1824 4996 1999 5062 ipsos-

413 5099 518 5153 que
541 5083 1111 5156 Augustosmaledictis
1137 5093 1189 5137 et
1213 5083 1464 5137 conviciis
1495 5094 1751 5137 onerant:
1782 5085 1996 5140 demum

417 5177 758 5248 Imperatoris
809 5176 1097 5233 Theodosii
1143 5176 1511 5245 Flaccillthue
1539 5177 1653 5244 ejus
1683 5178 1862 5232 uxoris
1887 5179 1996 5248 jam

412 5270 680 5327 defuncta:
704 5281 905 5327 statuas
919 5271 1196 5341 dejiciunt,
1221 5279 1274 5325 et
1302 5285 1394 5340 per
1424 5269 1570 5323 vicos
1598 5270 1740 5324 urbis
1762 5280 1995 5341 raptant.

414 5360 639 5432 Jamque
676 5364 832 5433 'plura
887 5363 1088 5418 inferre
1138 5363 1332 5418 damna
1383 5371 1696 5432 cmperant,
1734 5377 1853 5416 cum
1901 5363 2002 5417 im-

416 5454 577 5508 missa
609 5472 638 5510 a
674 5457 934 5512 Pratfecto
963 5458 1357 5526 sagittariorum
1389 5472 1544 5511 manu
1566 5497 1580 5521 ,
1604 5455 1812 5525 depulsi
1851 5466 1997 5512 sunt.

413 5541 504 5596 Sic
529 5549 792 5605 exstincta
832 5551 1114 5616 seditione,
1149 5551 1317 5605 furori
1348 5551 1505 5605 timor
1525 5548 1810 5612 successit;
1840 5558 2001 5618 atque

412 5633 743 5694 imminentis
774 5656 948 5711 pinnae
977 5642 1306 5710 exspectatio
1341 5643 1552 5696 onerosi
1582 5639 1809 5712 impositi
1836 5640 2001 5694 vecti-

413 5725 548 5794 galis
578 5727 903 5787 oblivionem
961 5733 1186 5788 induxit.
1227 5733 1364 5798 Quid
1410 5733 1535 5788 hine
1579 5735 1650 5788 sit
1697 5746 1999 5802 consequu-

413 5828 523 5871 tum
543 5857 557 5879 .
583 5816 716 5870 infra
741 5825 1044 5880 narrabitur
1073 5825 1127 5881 in
1157 5826 1470 5882 recensione
1493 5825 1865 5892 homiliarum;
1893 5825 2002 5896 jam

411 5910 478 5964 de
506 5923 644 5962 anno
679 5909 957 5968 seditionis
980 5955 996 5980 ,
1024 5933 1130 5987 quo
1183 5918 1267 5974 ha:
1303 5927 1427 5974 sunt
1479 5918 1674 5974 habitae
1721 5919 1954 5976 homilitc
1979 5957 1995 5986 ,

413 5999 603 6073 aliquid
632 5999 933 6056 dicendum.

1573 589 1754 648 NUNC
1795 589 2054 646 PRIMUM
2098 586 2492 643 ADORNATA.

3569 595 3670 652 1Ιᾶ

2157 703 2315 756 Missa
2342 700 2663 757 Theodoreti
2694 711 2749 758 et
2782 704 3059 760 Sozomeni
3089 709 3393 763 narratione
3412 751 3427 776 ,
3471 727 3538 767 ex
3566 731 3668 784 qua

2083 805 2204 864 post
2231 795 2426 849 bellum
2451 805 2632 850 contra
2660 797 2949 852 Maximum
2974 801 3165 856 seditio
3195 803 3341 856 istac
3367 811 3422 858 et
3449 808 3668 860 concio-

2083 902 2177 941 nes
2197 902 2226 939 a
2264 885 2647 957 Chrysostomo
2677 888 2872 943 habita:
2901 890 3137 944 locanda:
3185 903 3364 948 essent
3387 937 3401 960 ,
3434 911 3500 949 ex
3531 900 3670 953 notis

2084 969 2342 1039 temporis
2369 969 2523 1038 longe
2550 973 2867 1028 certioribus
2895 983 3022 1028 ante
3065 974 3258 1030 bellum
3288 989 3471 1033 contra
3499 980 3670 1034 Maxi-

2085 1081 2229 1118 mum
2286 1063 2401 1118 hzec
2429 1065 2687 1120 accidisse
2736 1068 2846 1135 jam
2893 1068 3186 1138 probarunt
3235 1072 3568 1139 viri.docti,
3617 1082 3668 1127 cf

2083 1158 2322 1227 pluribus
2348 1158 2580 1211 asseruit
2625 1158 2989 1214 Tillemontius
3017 1162 3070 1216 in
3116 1172 3243 1216 nota
3291 1161 3360 1215 27
3399 1164 3465 1217 ad
3496 1164 3666 1218 Vitam

2083 1248 2369 1303 Theodosii
2415 1248 2774 1318 Imperatoris.
2809 1249 3198 1306 Validissimum
3232 1267 3390 1322 porro
3414 1253 3663 1309 adversus

2082 1340 2226 1392 illam
2282 1339 2511 1407 priorem
2555 1341 2874 1395 sententiam
2927 1343 3132 1396 eruitur
3174 1354 3544 1412 argumentum
3605 1358 3669 1401 et.

2085 1431 2213 1498 ipsis
2243 1429 2609 1501 Chrysostomi
2641 1431 2820 1486 verbis
2851 1449 2864 1484 :
2900 1446 3021 1485 nam
3053 1433 3278 1488 Ilomilia
3320 1435 3438 1490 XVI
3470 1477 3486 1502 ,
3519 1452 3670 1491 nutu.

2083 1523 2118 1575 2
2147 1563 2163 1588 ,
2193 1523 2510 1577 testificatur
2555 1523 2697 1577 hunc
2733 1539 2931 1577 annum
2964 1523 3258 1578 secundum
3286 1541 3404 1581 esse
3427 1568 3444 1592 ,
3474 1545 3542 1583 ex
3566 1545 3672 1598 quo

2085 1612 2390 1666 concionari
2417 1623 2672 1681 cmperat.
2703 1613 2880 1682 C(Bpil
2905 1625 3084 1668 autem
3115 1630 3235 1668 cum
3283 1615 3558 1687 presbyter
3585 1633 3675 1672 or-

2087 1703 2300 1756 dinatus
2349 1703 2484 1768 fuit,
2512 1718 2651 1757 anno
2678 1705 2893 1760 ineunte
2922 1708 3026 1764 “586
3055 1726 3068 1760 :
3097 1710 3444 1777 quamobrem
3477 1710 3528 1764 in
3570 1725 3673 1763 an-

2090 1809 2214 1846 num
2261 1794 2364 1848 387
2415 1795 2529 1847 haec
2577 1797 2892 1850 conferenda
2939 1808 3083 1856 sunt.
3134 1800 3397 1855 Baronius
3450 1809 3671 1865 tamen,

2088 1882 2336 1938 Petavius
2364 1891 2418 1938 et
2461 1883 2721 1938 Henricus
2770 1885 3013 1941 Valesius
3062 1888 3116 1942 in
3168 1905 3365 1944 annum
3412 1891 3517 1945 388
3561 1891 3674 1945 haec

2086 1976 2414 2044 conjiciunt:
2449 1975 2676 2047 ideoque
2708 1978 2849 2032 hunc
2869 1979 3133 2033 calculum
3161 1991 3402 2050 ponunt,
3434 1984 3554 2051 quia
3585 1984 3676 2037 illo

2085 2085 2227 2124 anno
2249 2069 2536 2139 incipiebat
2564 2070 2808 2124 decimus
2840 2071 3046 2140 imperti
3092 2072 3401 2138 Theodosii,
3430 2074 3497 2128 ad
3523 2075 3678 2143 cujus

2087 2161 2449 2215 celebritatem
2478 2161 2754 2215 inductum
2784 2160 2883 2215 fuit
2929 2162 3183 2216 tributum
3216 2179 3376 2232 supra
3408 2179 3674 2218 memora-

2089 2262 2219 2305 tum.
2248 2251 2401 2319 Quod
2443 2262 2622 2306 autem
2653 2269 2717 2308 ex
2752 2253 2973 2308 Libanio
3001 2253 3224 2308 affertur
3246 2255 3313 2308 ad
3353 2255 3494 2309 illam
3523 2264 3682 2311 tue'-

2089 2342 2208 2397 dam
2231 2345 2570 2407 sententiam,
2601 2344 2905 2399 intricatum
2929 2345 3150 2399 omnino
3176 2356 3277 2411 est,
3303 2353 3360 2401 et
3387 2346 3452 2401 ad
3479 2355 3678 2400 utram-

2092 2435 2172 2490 vis
2197 2436 2499 2504 opinionem
2530 2445 2706 2504 potest
2731 2437 3060 2506 detorqueri.
3082 2437 3379 2492 Certiorem
3409 2453 3569 2508 porro
3593 2439 3677 2493 his

2093 2527 2342 2580 omnibus
2383 2534 2562 2581 notam
2595 2527 2831 2581 eruimus
2874 2544 2942 2582 ex
2993 2543 3058 2582 eo
3087 2569 3102 2594 ,
3150 2528 3294 2598 quod
3344 2528 3679 2585 Theodosius

2094 2617 2390 2688 Imperator
2449 2618 2751 2674 certissime
2807 2619 3272 2691 Constantinopoli
3321 2621 3538 2690 degeret
3586 2640 3680 2693 per

2091 2711 2321 2766 hiemem
2338 2721 2391 2766 et
2411 2710 2881 2781 Quadragesimam
2901 2713 3024 2768 anni
3045 2713 3152 2769 387
3177 2733 3189 2768 :
3225 2729 3332 2784 quo
3356 2716 3516 2770 etiam
3539 2730 3680 2770 anno

2088 2801 2404 2856 seditionem
2426 2801 2716 2872 contigisse
2740 2811 2981 2870 oportet:
3000 2818 3122 2858 nam
3149 2813 3385 2874 tempore
3404 2805 3682 2860 seditionis

2087 2891 2544 2962 Constantinopoli
2584 2902 2699 2947 erat
2728 2910 2743 2958 ;
2772 2909 2914 2948 anno
2938 2903 3116 2949 autem
3144 2898 3385 2966 sequenti
3425 2899 3524 2950 hac
3566 2896 3680 2966 ipsa

2092 2992 2408 3053 tempestate
2473 2983 2867 3039 Thessalonica:
2940 2987 3252 3041 versabatur
3325 2987 3678 3043 Theodosius.

2092 3073 2246 3141 Quod
2267 3074 2513 3142 objicitur
2527 3091 2658 3130 vero
2687 3090 2752 3129 ex
2769 3075 3128 3131 celebratione
3150 3079 3274 3130 anni
3291 3078 3482 3132 decimi
3510 3079 3684 3134 Theo.

2093 3167 2229 3222 dosii
2248 3209 2262 3233 ,
2291 3167 2380 3237 qui
2409 3182 2551 3222 anno
2579 3167 2684 3222 588
2706 3168 2993 3238 incipiebat
3020 3185 3035 3232 ;
3069 3168 3199 3224 illud
3220 3211 3236 3235 ,
3281 3170 3497 3240 inquam
3532 3172 3679 3226 nihili

2093 3268 2197 3324 est,
2247 3274 2370 3314 cum
2397 3269 2602 3314 certum
2633 3259 2704 3313 sit
2747 3275 2811 3313 ex
2866 3259 3014 3313 fastis
3047 3258 3197 3314 ldatii
3244 3268 3302 3315 et
3342 3261 3681 3327 Marcellini,

2095 3351 2266 3421 ipsum
2294 3351 2418 3406 anni
2448 3350 2641 3405 decimi
2671 3349 2878 3419 imperii
2915 3351 2997 3406 sui
3017 3349 3378 3406 celebritatem
3406 3367 3512 3406 uno
3541 3367 3684 3405 anno

2097 3441 2429 3511 prznvertisse
2456 3481 2472 3507 ,
2519 3449 2576 3496 ut
2616 3456 2736 3496 cum
2783 3440 2892 3495 filio
2941 3456 3039 3496 suo
3065 3442 3294 3496 Arcadio
3321 3482 3337 3508 ,
3363 3442 3455 3512 qui
3485 3458 3684 3497 annum

2095 3535 2340 3605 quintum
2395 3533 2602 3603 imperii
2657 3548 2799 3587 anno
2844 3533 2948 3588 587
3005 3533 3202 3598 inibat,
3243 3548 3346 3588 una
3418 3533 3686 3589 decimum

2094 3641 2251 3681 suum
2320 3626 2654 3692 celebraret,
2725 3624 3168 3696 quemadmodum
3231 3634 3285 3680 et
3341 3626 3688 3682 Maximianus

2095 3717 2416 3780 Herculius,
2473 3732 2596 3771 cum
2638 3733 2835 3771 annum
2883 3716 3144 3771 decimum
3188 3724 3433 3772 octavum
3480 3727 3686 3774 tantum

2095 3808 2303 3878 imperii
2331 3808 2412 3862 sui
2455 3817 2678 3877 ageret,
2733 3823 2836 3861 una
2864 3823 2984 3862 cum
3013 3807 3340 3862 Diocletiano
3359 3849 3373 3872 ,
3401 3810 3492 3879 qui
3535 3811 3680 3880 vige-

2095 3899 2291 3952 simum
2331 3898 2894 3967 agebat,vigesimum
2924 3907 2979 3952 et
3027 3897 3140 3966 ipse
3191 3899 3506 3954 celebrarat.
3544 3901 3686 3957 Nihil

2099 3990 2275 4058 itaque
2303 3987 2428 4043 hinc
2469 3999 2646 4058 potest
2673 3999 2860 4043 contra
2889 3989 3149 4043 calculum
3178 3999 3418 4044 nostrum
3460 3993 3641 4047 inferri
3667 4034 3684 4058 ,

2101 4091 2157 4136 ut
2187 4082 2388 4151 Optime
2413 4083 2604 4152 probat
2631 4082 3025 4137 Tillemontius.

2174 4172 2353 4242 Longe
2379 4173 2588 4242 gravior
2617 4172 2900 4228 difficultas
2929 4174 3122 4242 opponi
3151 4183 3334 4244 posset
3373 4191 3438 4230 ex
3487 4176 3690 4230 calculo

2104 4264 2346 4318 Paschali
2389 4265 2538 4318 istius
2583 4266 2707 4320 anni
2747 4266 2872 4331 387,
2909 4283 3013 4332 quo
3038 4267 3329 4320 secundum
3362 4267 3566 4321 tabulas
3593 4268 3694 4322 Pa-

2100 4356 2315 4410 schales
2337 4357 2539 4410 Pascha
2566 4356 2831 4412 incidebat
2851 4358 2906 4410 in
2931 4357 3070 4412 diem
3092 4357 3164 4412 ‘25
3191 4359 3414 4427 Aprilis;
3443 4368 3497 4412 et
3514 4369 3688 4413 tamen

2099 4445 2302 4500 Pascha
2323 4446 2626 4501 Judaeorum
2659 4448 2761 4501 hoc
2792 4462 2934 4500 anno
2955 4449 3343 4513 celebrabatur,
3370 4457 3502 4502 teste
3527 4449 3687 4519 Chry-

2099 4545 2335 4592 sostomo
2356 4577 2372 4604 ,
2404 4537 2604 4606 aliquot
2631 4537 2819 4591 diebus
2846 4547 2961 4605 post
2999 4537 3202 4591 Pascha
3243 4539 3685 4594 Christianorum.

2099 4627 2253 4698 Quod
2292 4644 2421 4684 vero
2466 4628 2637 4684 Judzei
2682 4636 2802 4698 post
2847 4628 3159 4698 vigesimam
3200 4629 3440 4699 quintam
3491 4631 3691 4702 Aprilis

2103 4720 2308 4778 Pascha
2345 4719 2670 4777 celebrarint
2693 4762 2709 4786 ,
2739 4720 2790 4774 id
2819 4722 3001 4792 utique
3044 4736 3329 4790 numquam
3374 4723 3688 4792 contingere

2107 4814 2298 4885 potuit.
2328 4813 2687 4881 Quamobrem
2712 4855 2728 4880 ,
2757 4822 2816 4867 ut
2847 4814 3084 4882 pluribus
3109 4828 3265 4880 supra
3297 4813 3558 4878 diximus,
3593 4831 3689 4868 va-

2108 4906 2350 4961 rietatem
2374 4905 2426 4958 in
2445 4905 2653 4960 calculo
2669 4905 2907 4957 Paschali
2926 4902 3219 4957 Antiochia:
3236 4920 3377 4958 anno
3402 4905 3504 4960 587
3525 4905 3692 4962 fuisse

2107 4996 2394 5065 putandqu
2426 5005 2508 5048 cst
2536 5012 2547 5046 :
2591 5010 2710 5062 quae
2740 4993 3023 5048 varietates
3051 5006 3155 5048 tam
3203 4995 3506 5065 frequenter
3545 5013 3689 5053 accr-

2103 5085 2330 5151 derunt,
2368 5094 2425 5139 ut
2470 5084 2666 5138 ibidem
2705 5084 2928 5138 dicimus
2951 5126 2966 5150 ,
2995 5095 3051 5140 ut
3089 5085 3178 5142 hic
3223 5088 3383 5142 etiam
3436 5089 3691 5146 accidisse

2106 5177 2297 5231 mirum
2330 5191 2436 5230 non
2466 5177 2554 5230 sit.

2178 5270 2545 5326 Tillemontius
2589 5279 2768 5326 tamen
2821 5269 2910 5340 qui
2978 5269 3336 5325 difficultatem
3387 5269 3690 5340 bujusmodi

2110 5361 2162 5416 in
2189 5362 2330 5416 notis
2354 5361 2420 5416 ad
2448 5361 2620 5416 Vitam
2662 5361 3049 5432 Chrysostomi,
3086 5362 3170 5414 ubi
3201 5361 3376 5429 agitur
3403 5360 3470 5414 de
3503 5360 3684 5414 Homi-

2111 5455 2197 5508 liis
2223 5465 2410 5509 contra
2436 5453 2672 5520 Judteos,
2709 5452 3085 5509 animadvertit
3111 5459 3162 5506 et
3197 5453 3462 5516 excussit,
3493 5453 3692 5506 nullam

2109 5546 2226 5614 ejus
2285 5547 2610 5601 mentionem
2654 5545 2778 5599 fecit
2808 5546 2860 5597 in
2903 5543 3043 5596 notis
3093 5542 3160 5598 ad
3195 5543 3368 5598 Vitam
3408 5543 3692 5599 Theodosii

2108 5635 2452 5706 Imperatoris
2498 5653 2511 5690 :
2567 5636 2651 5689 ubi
2720 5634 2969 5690 homilias
3010 5635 3169 5690 hasce
3220 5633 3584 5706 Chrys-ostenti
3631 5638 3696 5688 ad

2109 5731 2363 5799 pepulum
2392 5730 2777 5785 Antiocheuum
2809 5729 2879 5783 ita
2905 5729 3152 5795 ordinat,
3180 5743 3242 5783 ac
3279 5730 3324 5781 si
3355 5728 3556 5781 Pascha
3584 5771 3598 5792 ,
3641 5740 3696 5782 ut

2109 5821 2287 5876 ferunt
2317 5822 2600 5877 Paschales
2621 5820 2834 5887 tabulae,
2861 5821 3106 5875 inciderit
3135 5821 3186 5874 in
3203 5819 3512 5890 vngesimam
3545 5823 3700 5890 quin-

2111 5921 2218 5969 tam
2257 5916 2477 5986 Aprilis.
2504 5915 2732 5970 Primam
2761 5914 2921 5983 igitur
2951 5913 3222 5970 homiliam
3259 5912 3415 5982 paulo
3445 5925 3570 5968 ante
3611 5929 3695 5967 5e-

2114 6007 2368 6064 ditionem
2395 6008 2530 6064 locat
2563 6024 2574 6060 :
2605 6004 2918 6061 seditionem
2961 6019 3086 6060 vero
3133 6005 3385 6077 vigesima
3419 6015 3561 6061 sexta
3596 6005 3696 6059 Fe-
