4526 6724
864 569 960 624 H5

861 679 1060 735 hruarii
1086 722 1099 743 .
1133 681 1312 734 decem
1361 677 1549 733 diebus
1597 687 1719 732 ante
1754 674 2219 745 Quadragesimam
2246 717 2259 737 ,
2316 687 2433 742 qua:

860 770 1158 825 Antiochia:
1208 768 1495 838 incipiebat
1536 767 1665 823 feria
1698 765 1925 822 secunda
1973 765 2435 837 Quinquagesimte

864 868 1080 926 nostrae,
1101 860 1188 913 illo
1204 874 1346 913 anno
1370 861 1425 913 in
1441 859 1476 915 8
1500 859 1666 913 Martii
1687 856 1929 912 cadente.
1949 856 2248 912 Secundam
2268 856 2437 910 homi-

862 948 986 1001 liam
1013 948 1092 1002 vel
1142 948 1271 1003 feria
1310 950 1489 1019 quinta
1518 949 1600 1002 vel
1641 947 1863 1001 sabbato
1906 955 2032 1001 ante
2081 945 2431 1014 Quadragesi-

859 1055 1000 1093 mam
1031 1042 1064 1095 6
1092 1039 1285 1109 Martii,
1313 1053 1498 1096 octavo
1544 1050 1662 1110 post
1713 1041 2027 1097 seditionem
2064 1042 2168 1097 die.
2202 1041 2433 1095 Tertiam

861 1130 1135 1184 liominica
1156 1140 1407 1200 sequente
1423 1132 1453 1183 7
1475 1130 1644 1184 Martii
1672 1132 1755 1186 vel
1778 1132 2010 1187 circiter.
2035 1132 2287 1201 Quartam
2308 1130 2435 1183 feria

859 1221 1092 1275 secunda
1117 1221 1355 1290 sequenti
1379 1221 1413 1276 8
1435 1221 1628 1276 Martii.
1652 1225 1899 1291 Quintam
1926 1224 2057 1279 feria
2084 1224 2235 1279 tertia
2256 1223 2289 1278 9
2314 1222 2437 1275 llar-

862 1310 940 1363 tii.
972 1310 1184 1364 Sextam
1214 1311 1342 1365 feria
1382 1323 1565 1381 quarta
1593 1315 1836 1377 circiter,
1864 1329 1958 1367 seu
2005 1314 2072 1368 10
2119 1313 2309 1367 Martii.
2340 1312 2435 1365 Se-

864 1403 1077 1470 ptimam
1107 1402 1237 1457 feria
1267 1405 1446 1475 quinta
1479 1406 1538 1458 ll
1587 1405 1776 1458 Martii.
1807 1404 2059 1458 Octavam
2108 1404 2236 1458 feria
2286 1414 2432 1457 sexta

861 1492 932 1547 12
963 1493 1155 1547 Martii.
1184 1494 1385 1548 Nonam
1433 1494 1559 1547 feria
1593 1494 1823 1548 secunda
1854 1494 2198 1549 hebdomadm
2243 1509 2434 1548 secun-

858 1582 944 1638 da:
966 1584 1388 1653 Quadragesimtn
1416 1585 1480 1637 15
1509 1584 1701 1638 Martii.
1725 1585 1992 1639 Decimam
2033 1586 2215 1655 paucis
2239 1584 2436 1654 elapsis

862 1683 1041 1739 postea
1069 1674 1276 1728 diebus.
1305 1673 1648 1730 Undecimam
1676 1685 1857 1746 utpote
1886 1674 2436 1747 transpositam,leria

857 1762 1086 1817 secunda
1104 1772 1306 1833 quarta:
1332 1766 1680 1821 hebdomadis
1707 1766 2133 1836 Quadragesinne
2150 1766 2219 1821 29
2245 1767 2433 1822 Martii.

860 1852 1243 1910 Duodecimam
1295 1855 1428 1911 feria
1455 1858 1608 1913 tertia
1660 1867 1915 1928 sequente
1942 1860 2013 1914 50
2050 1859 2243 1913 Martii.
2279 1861 2437 1914 Deci-

859 1958 1002 1998 mam
1033 1946 1242 1999 tertiam
1272 1944 1403 2001 feria
1445 1956 1627 2016 quarta
1659 1956 1916 2016 sequente
1963 1949 2023 2001 3|
2058 1948 2253 2002 Martii.
2285 1949 2435 2002 Deci-

860 2052 1000 2089 matn
1039 2046 1278 2105 quartam
1317 2038 1471 2105 paulo
1519 2048 1637 2106 post
1677 2054 1793 2091 eam
1835 2053 1953 2107 qua:
1991 2038 2197 2092 decima
2246 2048 2430 2091 octava

858 2136 1185 2191 numeratur,
1213 2142 1434 2195 quaeque
1461 2127 1639 2181 habita
1667 2128 1763 2182 fuit
1794 2128 2063 2182 Dominica
2094 2129 2273 2198 quinta
2301 2128 2433 2195 Qua-

856 2214 1167 2283 dragesimzn
1207 2217 1241 2270 5
1267 2218 1482 2285 Aprilis.
1516 2218 1783 2271 Decimum
1817 2218 2053 2287 quintam
2097 2218 2319 2271 sabbato
2349 2234 2433 2272 se-

854 2307 1043 2361 cunda:
1069 2307 1412 2363 hebdomadis
1457 2310 1886 2379 Quadragesima:
1915 2352 1929 2373 ,
1982 2326 2075 2365 seu
2123 2309 2196 2367 20
2239 2311 2431 2366 Martii.

860 2398 1126 2452 Decimum
1172 2407 1378 2454 sextam
1412 2400 1682 2456 Dominica
1714 2403 1867 2455 tertia
1910 2401 2341 2471 Quadragesitnm
2367 2402 2428 2455 ιη

856 2487 1046 2540 Martii.
1077 2487 1347 2542 Decimam
1396 2489 1675 2556 septimam
1708 2490 1849 2543 circa
1882 2490 2039 2543 tinem
2071 2501 2273 2561 quarta:
2304 2490 2437 2544 heb-

854 2577 1098 2633 domadis
1122 2579 1567 2649 Quadragesimaz.
1597 2581 1863 2635 Decintam
1890 2590 2130 2635 octavam
2164 2582 2433 2636 Dominica

852 2667 1036 2741 quinta
1077 2668 1503 2738 Quadragesima:
1552 2668 1589 2724 5
1617 2671 1812 2739 Aprilis
1864 2671 1949 2726 vel
2003 2672 2235 2726 circiter.
2281 2671 2428 2725 Deci-

849 2773 993 2811 tnam
1022 2774 1216 2813 nouam
1250 2772 1366 2828 post
1388 2760 1646 2814 decimam
1674 2773 1914 2829 quartam
1949 2763 2004 2816 ll
2036 2765 2249 2815 circiter
2276 2763 2434 2831 Apri-

856 2853 940 2906 lis.
972 2848 1292 2920 Vigcsimam
1324 2852 1409 2906 die
1458 2853 1726 2908 Pasehatis
1766 2853 1836 2908 9.5
1860 2855 2075 2923 Aprilis.
2105 2854 2431 2924 Vigesimam

856 2942 1080 3008 primam
1121 2942 1308 2996 eodem
1336 2943 1548 2998 circiter
1578 2954 1815 3013 tempore
1842 2962 1947 3016 quo
1991 2947 2301 3016 vigesimam
2340 2963 2431 3002 se-

854 3031 1083 3088 cundam
1123 3045 1431 3103 sequentem
1456 3075 1471 3098 ,
1498 3049 1615 3104 quae
1645 3034 1821 3090 habita
1867 3047 1949 3091 eSt
1981 3036 2110 3092 feria
2140 3048 2289 3092 sexta
2318 3051 2437 3107 post

859 3121 1188 3175 Dominicam
1233 3122 1503 3178 Passionis
1552 3124 1620 3179 l6
1677 3127 1892 3196 Aprilis.
1935 3126 2023 3183 Sic
2072 3130 2433 3197 perturbatum

859 3212 1111 3266 harumce
1157 3211 1492 3267 homiliarum
1548 3215 1791 3271 ordinem
1842 3233 2046 3271 summa
2094 3220 2433 3274 accuratione

859 3302 1139 3358 restituere
1191 3314 1414 3358 conatur
1453 3304 1853 3372 Tillemontins,
1886 3309 2003 3373 cui,
2053 3319 2109 3362 ut
2154 3309 2208 3363 in
2250 3310 2434 3366 multis

856 3392 1243 3462 adstipulamur
1266 3435 1280 3458 ,
1307 3395 1362 3448 in
1409 3395 1526 3449 aliis
1553 3411 1849 3466 repugnare
1891 3400 2150 3467 cogimur.
2178 3400 2433 3455 Ordinem

860 3499 1019 3552 porro
1064 3485 1398 3543 homiliarum
1423 3491 1633 3560 qualem
1671 3493 1759 3547 ille
1784 3495 2006 3559 statuit,
2054 3495 2139 3550 hic
2166 3512 2272 3550 uno
2301 3511 2433 3551 con-

857 3584 1042 3644 spectu
1070 3590 1534 3648 reprmsentamtts.

858 3727 1038 3779 ﬁdem.
1177 3738 1351 3782 Fronto
1373 3741 1493 3783 Duc.
1643 3737 1652 3792 Ι
1680 3736 1857 3787 Tillem.
1984 3747 2159 3791 Fronto
2187 3750 2307 3792 Duc.

918 3816 937 3863 1
1192 3818 1340 3866 Prima
1640 3816 1649 3874 Ι
1733 3820 1793 3868 12
2004 3825 2195 3871 Decima
2229 3832 2370 3874 sexta

914 3875 947 3923 2
1187 3879 1402 3928 Secunda
1639 3875 1647 3933 l
1732 3882 1790 3929 13
2004 3885 2258 3933 Undecima

913 3937 947 3984 3
1188 3941 1348 3990 Tertia
1639 3937 1648 3997 Ι
1731 3942 1791 3990 Η
2004 3946 2286 3997 Duodecima

911 3997 945 4044 4
1187 4007 1357 4057 Quarta
1639 3997 1648 4057 I
1734 4005 1792 4051 l5
2005 4008 2194 4055 Decima
2228 4009 2371 4057 tertia

911 4058 946 4129 ξ
1192 4064 1359 4129 Quinta
1640 4058 1649 4129 ι
1736 4064 1793 4129 ςρ
2010 4068 2200 4115 Decima
2224 4077 2433 4129 septtma

911 4118 946 4166 ϐ
1189 4127 1333 4170 Sexta
1641 4118 1649 4179 |
1735 4126 1790 4172 l7
2008 4130 2194 4175 Decima
2208 4118 2372 4179 octava

909 4181 944 4251 Ζ
1187 4183 1396 4251 Septima
1640 4181 1649 4251 Ι
1735 4185 1794 4251 ςρ
2008 4190 2197 4237 Decima
2219 4199 2390 4251 quarta

910 4240 944 4287 8
1187 4240 1362 4293 Octava
1641 4240 1649 4299 l
1735 4247 1795 4295 l9
2008 4251 2200 4297 Decima
2236 4240 2359 4299 bona

910 4301 970 4369 ll
1189 4310 1313 4369 Noua
1641 4301 1649 4369 Ι
1732 4308 1793 4356 20
2008 4310 2242 4369 \‘igesima
2259 4325 2430 4361 secun.

1188 4366 1377 4435 pecima
1461 4430 1469 4435 Δ
1638 4362 1649 4435 Ι
1732 4369 1787 4435 gl
2007 4362 2245 4435 \iigesima
2282 4375 2431 4435 prima

912 4424 964 4472 ll
1186 4428 1375 4476 Decima
1389 4430 1554 4492 quiata
1637 4424 1647 4469 Ι
1729 4429 1791 4479 22
2006 4424 2244 4492 “Iresima

922 4570 1215 4639 Antequam
1241 4589 1368 4628 vero
1395 4572 1463 4628 de
1492 4576 1709 4644 singulis
1739 4576 1967 4631 homiliis
1992 4579 2335 4648 disseramus,
2367 4599 2429 4639 ac

846 4658 916 4713 de
944 4659 1199 4730 cujusque
1230 4670 1338 4714 tum
1382 4663 1569 4716 ordine
1610 4676 1716 4717 tum
1760 4679 2068 4728 argumento
2097 4685 2260 4739 pauca
2287 4673 2429 4727 dira-

849 4764 990 4813 mus,
1018 4764 1051 4805 e
1076 4765 1134 4805 re
1155 4749 1311 4805 fuerit
1331 4762 1608 4813 annotare.
1635 4769 1697 4807 cx
1725 4756 1874 4809 titulo
1896 4756 2143 4825 homiliae,
2166 4776 2284 4829 qua:
2304 4763 2428 4817 olim

850 4842 1099 4911 vigesima
1130 4846 1381 4910 secunda,
1406 4846 1517 4915 jam
1551 4861 1675 4900 vero
1702 4848 1953 4917 vigesima
1983 4863 2307 4918 numeratur,
2342 4856 2429 4923 qui

849 4932 1030 4985 titulus
1059 4934 1110 4986 in
1127 4932 1279 4987 Notis
1293 4933 1573 4989 Frontonis
1593 4946 1646 4991 et
1670 4938 1721 4992 in
1740 4938 1863 4993 Mss.
1884 4941 2081 4995 nostris
2097 4940 2272 5009 docet,
2294 4942 2431 4999 hanc

849 5024 1121 5077 homiliam
1154 5026 1539 5093 pronuntiatam
1576 5028 1733 5084 fuisse
1757 5030 1939 5085 decem
1966 5032 2153 5088 diebus
2177 5044 2301 5088 ante
2331 5034 2433 5089 Pa-

847 5116 975 5170 scha
1004 5134 1017 5169 :
1050 5118 1280 5186 itemque
1307 5133 1371 5173 ex
1400 5117 1482 5172 his
1514 5122 1683 5175 verbis
1709 5130 1831 5176 ante
1857 5125 2011 5178 linem
2040 5126 2292 5187 homilim.
2313 5129 2428 5198 jam

845 5208 1181 5278 quadraginta
1206 5211 1313 5264 dies
1338 5214 1709 5280 praztericrual,
1735 5216 1897 5283 probe
1923 5217 2317 5273 Tillemontium
2348 5220 2426 5272 in-

848 5296 1015 5365 ferre,
1046 5298 1512 5371 Quadragesimam
1543 5302 1679 5370 apud
1731 5306 2076 5362 antiochenos
2101 5324 2164 5363 ex
2196 5324 2423 5364 consue-

846 5388 1030 5443 tudine
1058 5393 1283 5459 coepisse
1313 5392 1443 5447 l'eria
1472 5393 1703 5448 secunda
1737 5405 1853 5463 post
1881 5396 2381 5470 Quinquagesimam
2407 5418 2420 5463 ;

844 5489 1151 5548 septemque
1176 5480 1589 5539 hebdomadibus
1619 5485 1757 5554 apud
1786 5486 1902 5540 illos
1931 5497 2088 5542 totam
2115 5490 2423 5559 Quadrage-

840 5569 1032 5623 simam
1080 5570 1307 5640 persolvi
1351 5576 1691 5630 consuevisse
1734 5594 1746 5630 :
1784 5576 2009 5647 jureque
2052 5580 2422 5637 Tillemontius

841 5659 975 5714 hanc
1002 5660 1273 5716 homiliam
1301 5663 1355 5717 in
1381 5662 1564 5719 feriam
1591 5677 1792 5723 sextam
1816 5668 2157 5725 hebdomadis
2183 5673 2419 5727 ultimam

837 5750 1266 5823 Quadragesimte
1311 5754 1693 5812 hebdomadem
1742 5763 2113 5828 praecurrentis
2155 5763 2365 5819 confert
2400 5779 2417 5818 :

834 5849 949 5893 erat
979 5858 1169 5912 qmppe
1206 5845 1293 5899 illa
1324 5845 1439 5902 dies
1464 5857 1517 5901 et
1544 5848 1943 5917 quadragesima
1971 5849 2039 5903 ab
2066 5851 2311 5908 inchoato
2334 5852 2418 5922 je—

828 5932 981 6001 junio
1008 5944 1059 5989 et
1085 5935 1285 5991 decima
1324 5949 1445 5994 ante
1472 5938 1672 5995 Pascha
1724 5940 1853 5995 llinc
1895 5957 1991 6012 pro
2018 5954 2219 5998 asserto
2246 5945 2409 6000 hahe-

1921 563 1979 619 s
2017 564 2293 620 JOANNIS
2316 561 2788 618 CiiltYSUS’l‘OMl
2824 563 3002 631 tm,

4019 572 4118 624 H3

2548 686 2667 725 tnus
2691 671 3181 744 Quadragesimam,
3211 691 3328 745 qum
3358 676 3556 745 aliquot
3584 673 3634 726 in
3667 672 3916 726 Ecclesiis
3947 678 4123 733 limiti-

2544 763 2641 816 bus
2660 766 2819 818 variis
2840 767 3241 837 circumscripta
3262 784 3307 822 ei
3321 778 3396 835 at,
3422 784 3514 838 per
3537 779 3738 839 septem
3766 766 4122 826 hebdomadas

2543 854 2837 908 Antiochia:
2863 857 3198 913 observatam
3227 859 3409 913 fuisse.

2612 947 2743 1002 Cum
2782 963 2938 1016 porro
2977 953 3286 1005 memoratis
3326 968 3481 1023 supra
3510 954 3576 1008 de
3603 955 3776 1008 causis
3798 996 3813 1017 ,
3844 951 4121 1006 Paschales

2544 1037 2746 1092 tabulas
2772 1037 3077 1103 hodiernus,
3107 1055 3225 1109 qum
3253 1042 3453 1097 Pascha
3474 1046 3599 1099 anui
3620 1046 3720 1099 587
3745 1046 3794 1099 in
3818 1043 4122 1112 vigesintam

2540 1129 2777 1199 quintam
2802 1128 3101 1193 conferunt,
3128 1146 3229 1183 non
3257 1143 3495 1187 servatas
3519 1138 3706 1189 saltem
3731 1136 3831 1190 hoc
3856 1150 3996 1190 anno
4016 1136 4123 1188 An-

2543 1219 2752 1274 tiochia:
2777 1221 2939 1274 fuisse
2968 1236 3064 1284 pro
3088 1231 3236 1275 certo
3263 1222 3581 1289 habeamus;
3609 1243 3835 1297 cumque
3862 1228 4011 1282 nobis
4032 1241 4124 1280 cx-

2541 1311 2803 1380 ploratum
2835 1325 2940 1365 non
2968 1311 3038 1366 sit
3062 1327 3163 1381 qua
3183 1311 3269 1365 die
3291 1327 3433 1366 anno
3452 1315 3557 1369 587
3578 1318 3892 1372 Antiocheni
3921 1317 4121 1373 Pascha

2540 1402 2939 1466 celebraverint,
2968 1417 2997 1455 a
3024 1402 3111 1457 die
3137 1401 3335 1456 mensis
3362 1402 3414 1455 in
3444 1406 3759 1459 recensione
3789 1407 4122 1461 homiliarum

2542 1493 3010 1569 commemorando
3047 1493 3463 1557 abstinebimus;
3495 1494 3587 1548 sed
3630 1495 3980 1551 iudicabimus
4012 1511 4126 1551 tan-

2543 1591 2653 1638 tum
2675 1626 2691 1650 ,
2721 1585 2932 1654 quando
2959 1586 3011 1639 id
3041 1585 3251 1651 licebit,
3277 1599 3379 1654 qua
3404 1585 3491 1640 die
3520 1585 3865 1640 hebdomadis
3889 1590 4123 1643 homilia:

2543 1674 2698 1729 dicta:
2722 1676 2935 1730 iuerint.

2617 1763 2856 1817 Homilia:
2878 1764 2939 1816 de
2964 1762 3177 1818 Statuis.
3206 1792 3268 1802 —
3290 1762 3466 1818 Prima
3501 1766 3677 1837 itaque
3706 1766 3919 1821 homilia
3946 1766 4121 1822 habita

2542 1862 2624 1907 est
2650 1854 2833 1923 paucis
2855 1863 2976 1906 ante
3004 1852 3319 1906 seditionem
3344 1855 3731 1911 Antiochenam
3747 1857 3935 1913 diebus
3957 1857 4125 1930 (Anno

2541 1944 2686 2013 587),
2715 1953 2771 1997 ut
2795 1960 2859 1997 ex
2890 1943 2970 1998 his
3000 1942 3249 1997 secunda:
3275 1942 3507 1997 homilia:
3528 1960 3675 1999 num.
3700 1949 3734 2001 5
3776 1949 3951 2001 verbis
3980 1950 4123 2001 erui-

2539 2043 2624 2088 tur
2654 2052 2667 2088 :
2698 2034 2925 2104 Longam
2954 2050 3116 2104 nuper
3139 2034 3279 2102 apud
3304 2035 3561 2088 caritatem
3597 2047 3812 2089 vestram
3848 2040 4123 2091 orationem

2536 2126 2822 2186 extendi...
2848 2136 2894 2177 et
2914 2124 3142 2178 laborum
3161 2126 3432 2179 mercedem
3454 2126 3688 2195 accepi...
3715 2126 3841 2192 Quia
3860 2143 3973 2180 vero
3994 2144 4125 2180 mer-

2537 2232 2615 2268 ccs
2646 2215 2795 2268 erat?
2833 2214 3056 2269 Civitatis
3090 2215 3514 2285 blaspltematorcs
3554 2216 3764 2285 punire,
3795 2226 3843 2269 et
3878 2218 4126 2286 castigare

2539 2304 2703 2359 Deum
2736 2306 3035 2359 contumelia
3071 2307 3338 2376 aﬂ'icientes
3358 2347 3371 2372 ,
3404 2317 3451 2359 et
3478 2307 3695 2375 furiosos
3719 2308 3964 2360 cohibere.
3997 2307 4122 2362 Htcc

2543 2397 2724 2466 procul
2755 2397 2915 2451 dubio
2950 2406 3193 2466 spectant
3216 2396 3284 2451 ad
3312 2398 3535 2467 primam
3566 2396 3835 2451 humiliatn
3857 2438 3871 2460 ,
3899 2413 4124 2467 eamque

2542 2488 2925 2556 longissimam,
2950 2489 3015 2540 de
3041 2498 3345 2542 sanctorum
3371 2488 3642 2552 mrumnis,
3665 2487 3837 2558 deque
3880 2489 3970 2542 Dei
3998 2504 4121 2557 pro-

2542 2579 2773 2632 videntia
2802 2594 2926 2647 erga
2952 2579 3149 2631 electos
3178 2593 3324 2640 suos.
3348 2580 3437 2648 qtti
3465 2579 3517 2632 in
3546 2579 3643 2633 hac
3668 2580 3769 2632 vita
3796 2582 4119 2644 cruciantur,

2536 2677 2591 2722 et
2616 2668 2869 2722 adversus
2903 2684 2995 2721 eos
3029 2669 3116 2736 qui
3159 2668 3466 2737 blaSphcma
3498 2669 3636 2722 dicta
3668 2670 3719 2722 in
3750 2670 3914 2723 Deum
3944 2669 4122 2739 profe-

2535 2760 2722 2813 rebant
2752 2776 2764 2811 :
2799 2760 2883 2813 ubi
2913 2759 3126 2813 demtun
3166 2759 3279 2812 haec
3304 2760 3586 2813 observatu
3624 2770 3769 2815 certe
3796 2760 3953 2827 digna
3995 2775 4119 2826 pro-

2536 2848 2640 2905 fert
2670 2867 2682 2901 :
2714 2848 2819 2903 Sed
2858 2861 3118 2919 postquam
3160 2850 3223 2902 de
3259 2848 3570 2919 blasphemia
3615 2853 3757 2905 nobis
3793 2852 3941 2904 verba
3983 2855 4121 2920 facta

2537 2957 2669 2993 nunc
2692 2949 2827 3005 sunt,
2857 2958 3011 2995 unam
3036 2958 3069 2993 a
3094 2942 3230 2995 vobis
3257 2943 3483 2996 omnibus
3512 2954 3673 3012 petere
3699 2944 3810 2997 volo
3836 2944 4119 2996 retributio-

2540 3048 2653 3084 nem
2679 3048 2770 3102 pro
2797 3034 3035 3087 concione
3060 3034 3154 3086 hac
3178 3044 3325 3102 atque
3351 3051 3596 3100 sermone,
3624 3045 3679 3087 ut
3710 3035 3761 3087 in
3796 3036 3989 3088 civitate
4008 3038 4117 3088 bla-

2543 3123 2859 3190 spliemantes
2885 3124 3007 3175 milii
3031 3123 3299 3193 castigetis.
3324 3124 3385 3178 Si
3407 3141 3702 3195 quemquam
3719 3126 3769 3179 in
3787 3126 3911 3179 bicio
3935 3137 3979 3179 et
4005 3130 4117 3196 [oro

2538 3214 2590 3266 in
2621 3212 2783 3267 Deum
2807 3214 3237 3283 blasphemantem
3260 3215 3502 3280 audieris,
3529 3217 3727 3280 accede,
3751 3217 3969 3286 increpa,
4001 3226 4045 3269 et
4073 3218 4119 3269 si

2538 3306 2739 3357 verbera
2762 3306 2991 3375 inﬂigere
3015 3315 3263 3374 aporteat,
3290 3322 3351 3359 ne
3374 3321 3605 3368 recuses;
3632 3308 3788 3375 ipsius
3809 3310 3984 3377 faciem
4008 3310 4118 3361 ala-

2539 3414 2607 3467 pa
2643 3406 2865 3467 percute,
2896 3407 3096 3450 contere
3121 3413 3177 3450 os
3202 3398 3380 3466 ipsius,
3413 3400 3729 3467 percussione
3756 3415 3955 3451 ntanum
3981 3410 4117 3452 tuam

2539 3490 2817 3557 sancti/ica.
2859 3488 2957 3555 Qui
2997 3503 3124 3543 sane
3164 3489 3461 3558 corrigendi
3506 3490 3691 3543 modus
3727 3504 3830 3543 non
3872 3499 4012 3544 esset
4050 3491 4117 3545 ad

2541 3596 2693 3634 usum
2723 3579 3037 3634 hodiernum
3067 3579 3515 3634 accommodatus.

2608 3671 2902 3727 Secundam
2934 3670 3203 3726 homiliam
3231 3670 3437 3725 confert
3457 3670 3826 3727 Tillemontius
3851 3673 3932 3727 vel
3964 3674 4015 3726 in
4042 3674 4119 3727 [ου

2536 3764 2669 3818 riam
2698 3764 2932 3832 quintam
2960 3764 3041 3817 vel
3073 3764 3121 3817 in
3153 3764 3425 3817 sabbatum
3458 3774 3578 3817 ante
3606 3764 4067 3834 Quadragcsimam
4097 3783 4111 3818 :

2536 3856 2700 3909 tutius
2728 3870 2855 3909 vero
2882 3854 3086 3908 dicatur
3112 3855 3192 3908 his
3220 3855 3432 3909 circiter
3453 3855 3640 3911 diebus
3673 3855 3900 3910 habitam
3930 3856 4113 3920 fuisse,

2535 3956 2737 4014 septem
2762 3946 2980 4011 exactis,
3012 3956 3069 3999 ut
3103 3946 3214 4013 ipse
3242 3946 3651 4015 Chrysostomus
3677 3947 3770 4012 ait,
3800 3962 3828 3999 a
3858 3947 4117 4001 seditione

2536 4035 2745 4099 diebus,
2776 4036 2967 4104 quibus
2991 4050 3051 4090 se
3080 4037 3305 4090 tacuisse
3333 4036 3479 4100 dicit,
3511 4037 3649 4106 quod
3677 4039 3872 4107 ingenti
3900 4038 4116 4091 calami-

2540 4134 2645 4178 tate
2666 4165 2679 4183 .
2708 4134 2762 4178 ct
2790 4125 3005 4193 periculi
3038 4127 3393 4191 magnitudine
3418 4128 3736 4182 consternati
3764 4128 4073 4181 Antiocheni
4095 4168 4113 4193 ,

2538 4232 2642 4270 non
2680 4224 2857 4270 essent
2896 4216 3174 4272 audiendis
3214 4218 3555 4272 concionibus
3592 4219 3786 4273 idonei.
3816 4219 3896 4272 οι)
3933 4220 4115 4288 negle-

2535 4318 2672 4362 ctam
2714 4323 2873 4377 porro
2915 4308 3131 4360 fratrum
3178 4308 3652 4376 blasphemantium
3691 4309 4112 4363 emendationem

2536 4397 2649 4452 haec
2677 4399 2811 4452 mala
2841 4398 3091 4452 divinitus
3120 4398 3247 4453 dicit
3291 4400 3544 4453 immissa.
3575 4400 3805 4466 Quorum
3835 4409 4113 4469 postquam

2535 4488 2815 4556 imaginem
2845 4488 3115 4558 eleganter
3139 4488 3441 4558 descripsit,
3471 4487 3539 4543 de
3563 4488 3776 4554 divitiis,
3807 4489 3873 4544 de
3900 4488 4111 4543 divitia-

2532 4593 2649 4631 rum
2678 4594 2794 4642 usu,
2823 4578 2991 4648 deque
3014 4579 3353 4649 elecmosyna
3380 4587 3433 4632 et
3456 4578 3520 4634 de
3546 4589 3848 4649 paupertate
3874 4580 4113 4649 pluribus

2533 4672 2892 4736 concinnatus,
2919 4672 3215 4725 orationem
3239 4670 3454 4725 claudit.

2604 4761 2779 4816 Tertia
2811 4761 3025 4816 homilia
3050 4762 3335 4817 secundam
3361 4778 3392 4818 e
3414 4763 3638 4832 vestigio
3662 4763 3898 4833 sequitur
3925 4780 3939 4815 :
3968 4763 4107 4815 illaut

2533 4868 2659 4907 vero
2711 4853 2944 4907 habitam
2997 4863 3239 4923 putamus
3291 4870 3409 4908 cum
3461 4854 3797 4908 Tillemoutio
3841 4852 4109 4905 Dominira

2534 4946 3009 5015 Quinquagesimte,
3040 4954 3096 5000 ut
3124 4945 3382 5001 hodierno
3419 4959 3567 4999 more
3597 4944 3891 5012 loquamur.
3927 4942 4110 5013 Agitur

2533 5035 2597 5089 de
2627 5036 2947 5104 profectione
2985 5036 3218 5091 Flaviani
3248 5035 3561 5089 Antiochetti
3589 5034 3821 5104 episcopi
3847 5031 4105 5087 Constan-

2535 5126 2787 5194 tinopolin
2829 5126 2896 5181 ad
2944 5126 3319 5194 Imperatorem
3368 5122 3680 5191 placandum
3716 5140 3730 5177 :
3762 5134 3814 5177 et
3852 5124 3927 5178 rei
3972 5124 4109 5177 bene

2529 5216 2772 5284 gerendre
2797 5231 2891 5284 spe
2918 5217 3169 5285 populum
3198 5214 3503 5269 consolatur
3528 5212 3955 5283 Chryscstamus.
3984 5214 4104 5268 Plu.

2529 5306 2675 5361 ribus
2702 5307 2897 5363 deinde
2936 5313 3319 5361 commonstrat
3345 5304 3563 5373 jejunii,
3593 5306 3692 5359 nisi
3720 5321 3750 5361 a
3780 5307 3906 5360 vitio
3937 5309 4103 5361 alisti-

2529 5408 2751 5465 neatur,
2799 5400 3079 5453 utilitatem
3124 5412 3244 5452 esse
3284 5396 3503 5452 nullam.
3544 5398 3828 5468 Postquam
3876 5415 4001 5454 vero
4037 5402 4102 5456 de

2527 5488 2853 5543 detractione
2880 5488 3089 5542 vitanda
3119 5502 3284 5557 pauca
3309 5488 3549 5553 dixerat,
3576 5488 3928 5543 calamitatem
3967 5508 4099 5559 prmo

2526 5589 2731 5634 sentem
2752 5579 3013 5648 deplorat,
3035 5588 3089 5635 et
3107 5580 3473 5636 intolerantius
3493 5581 3733 5633 scevitum
3754 5596 3872 5636 esse
3890 5596 4095 5639 narrat:

2530 5668 2599 5721 Hi
2622 5670 2821 5733 quidem
2847 5672 3001 5741 fma,
3026 5671 3215 5741 inquit,
3246 5672 3322 5725 illi
3351 5672 3485 5740 igne,
3512 5670 3716 5735 quidam
3744 5672 3907 5727 bestiis
3926 5678 4099 5728 traditi

2526 5762 2813 5829 perierunt,
2844 5778 2945 5816 non
2982 5763 3075 5815 viri
3115 5772 3309 5815 tantum
3335 5801 3350 5823 ,
3384 5762 3473 5813 sed
3516 5771 3562 5813 et
3601 5764 3760 5831 pueri.
3801 5763 3909 5818 Nec
3936 5767 4095 5819 a-tatis

2520 5854 2875 5920 immaturitas,
2907 5871 2997 5908 nec
3026 5854 3200 5922 papuli
3227 5852 3490 5917 tumultus,
3518 5870 3605 5907 nec
3633 5858 3767 5924 quod
3793 5862 3965 5927 furore
3984 5860 4097 5908 dia-

2524 5945 2683 5998 bolica
2711 5947 2883 6014 perciti
2918 5948 3121 6017 quidam
3154 5946 3259 5997 [nec
3296 5946 3533 6013 fecerint,
3565 5965 3652 6002 nec
3679 5952 3810 6020 quod
3838 5950 4092 6019 vectigalis
