4526 6714
423 549 525 605 117

421 662 615 720 exactio
637 665 961 723 intolerabilis
981 675 1124 728 esset,
1150 678 1248 715 non
1276 670 1563 729 paupertas,
1590 678 1688 714 non
1708 663 1841 731 quod
1864 677 1997 714 com-

422 775 572 812 mune
597 772 851 830 peccatum
876 761 1056 832 fuerit,
1089 772 1189 808 non
1217 755 1349 823 quod
1387 755 1704 823 promiserint
1733 772 1998 826 numquam

422 865 475 902 se
503 853 719 921 amplius
746 853 870 906 talia
897 861 1133 909 ausuros,
1163 859 1261 896 non
1290 843 1434 896 aliud
1461 844 1721 913 quidpiam
1745 845 1881 913 ipsos
1903 848 2000 901 eri-

426 943 535 1009 puit
551 961 569 1008 ;
583 944 671 997 sed
684 945 869 1010 absque
890 936 1035 991 venia
1060 934 1126 985 ad
1141 934 1431 987 barathrum
1447 934 1840 1001 adducebantur,
1860 937 1996 990 utili-

424 1030 558 1086 tibus
582 1032 828 1097 utrimque
850 1028 984 1095 ipsos
1010 1024 1316 1092 urgentibus,
1346 1033 1392 1076 et
1418 1024 1783 1078 observantibus
1803 1042 1864 1078 ne
1886 1025 1999 1093 quis

424 1140 508 1176 cos
533 1125 759 1188 eriperet.
785 1115 851 1168 Et
871 1114 1202 1184 sequebantur
1225 1124 1425 1178 matres,
1455 1115 1630 1184 procul
1648 1114 1847 1185 quidem
1866 1114 1999 1180 filios

424 1211 780 1281 conspicientes
806 1206 1081 1259 abstractos
1100 1246 1115 1270 ,
1142 1205 1228 1258 sed
1252 1204 1313 1259 de
1335 1207 1615 1260 calamitate
1640 1204 1872 1274 conqueri
1900 1218 1997 1255 non

424 1303 666 1354 audentes
700 1313 717 1350 :
744 1294 983 1362 affectum
1006 1298 1135 1349 enim
1160 1295 1377 1349 vincebat
1413 1296 1630 1365 formido
1652 1336 1664 1359 ,
1696 1305 1740 1347 et
1768 1304 2000 1346 naturam

426 1389 693 1459 superabat
721 1398 898 1440 metus.
942 1386 1065 1440 Haec
1098 1387 1272 1441 omnia
1313 1388 1450 1441 illata
1494 1394 1617 1440 sunt
1659 1381 2000 1437 Antiochenis

428 1479 566 1534 mala
592 1493 621 1529 a
650 1476 940 1540 Prtefectis,
965 1491 1058 1531 seu
1080 1476 1489 1546 magistratibus,
1518 1482 1799 1540 antequam
1826 1468 2000 1522 Theo-

427 1568 610 1620 dosins
639 1566 705 1620 de
733 1567 990 1621 seditione
1018 1566 1301 1635 quidquam
1327 1565 1595 1624 audisset,
1625 1572 1678 1613 ut
1703 1560 1775 1612 ait
1806 1557 1997 1613 ibidem

428 1655 859 1726 Cbrysostomus.
905 1656 1207 1712 Orationem
1256 1668 1414 1724 porro
1451 1651 1648 1707 claudit
1687 1664 1909 1703 monens
1943 1658 2000 1703 ιιι

428 1761 461 1800 a
478 1746 820 1813 detractione,
840 1748 907 1803 ab
926 1747 1210 1802 inimicitiis
1229 1755 1284 1801 et
1301 1761 1331 1799 a
1346 1742 1660 1814 juramentis
1680 1740 1997 1795 abstineant.

502 1836 726 1891 llomilia
764 1848 947 1907 quarta
969 1879 984 1904 ,
1021 1853 1138 1907 qua:
1171 1836 1302 1891 feria
1327 1832 1557 1888 secunda
1588 1838 1707 1899 post
1729 1829 2000 1898 Quinqua-

430 1927 705 1996 gesimam,
735 1938 791 1981 ut
820 1928 1045 1992 videtur,
1072 1926 1247 1981 habita
1274 1925 1388 1986 fuit,
1417 1938 1534 1992 quin
1559 1921 1671 1975 dies
1696 1929 1811 1974 erat
1835 1920 1999 1989 prima

429 2016 888 2087 Quadragesimas;
922 2018 1003 2071 illa
1030 2018 1243 2086 inquam
1264 2014 1453 2069 concio
1472 2053 1486 2076 ,
1527 2011 1660 2066 bona
1691 2026 1757 2066 ex
1783 2010 2000 2065 calami-

432 2116 541 2161 tate
568 2118 712 2177 parta
735 2107 1007 2172 describit,
1034 2113 1262 2159 mutatos
1280 2104 1409 2157 dicit
1432 2110 1485 2157 et
1509 2117 1537 2155 a
1564 2101 1800 2171 pristinis
1825 2101 1998 2170 pravis

431 2198 667 2252 moribus
700 2197 944 2251 reductos
977 2197 1355 2251 Antiochenos.
1399 2194 1455 2248 ln
1500 2195 1604 2249 tine
1642 2209 1768 2248 vero
1793 2209 1854 2247 ea
1885 2193 1996 2262 ipsa

430 2288 660 2349 monita,
691 2302 809 2353 qua:
837 2288 890 2339 in
921 2286 1235 2355 prmcedcnti
1264 2301 1322 2340 se
1344 2285 1554 2339 dedisse
1582 2292 1993 2343 commemorat,

429 2375 619 2429 iterum
648 2376 875 2443 repetit,
906 2375 1154 2429 nimirum
1188 2376 1257 2429 de
1288 2374 1516 2429 vitandis
1553 2372 1997 2437 detractionibus,

429 2464 715 2519 inimicitiis
734 2474 783 2518 et
805 2464 1117 2533 juramentis
1143 2483 1157 2518 :
1178 2480 1241 2519 ac
1264 2480 1322 2519 se
1343 2481 1438 2534 per
1463 2467 1595 2518 hanc
1618 2461 2000 2518 hebdomadam

426 2553 497 2608 de
519 2554 832 2623 juramentis
858 2553 1119 2608 dicturum
1149 2569 1268 2608 esse.
1296 2554 1626 2623 praenuntiat.

498 2644 722 2698 llomilia
752 2644 932 2713 quinta
962 2644 1047 2699 die
1088 2646 1361 2714 sequenti,
1393 2654 1451 2699 ut
1486 2647 1598 2715 ipse
1626 2644 1730 2710 ait,
1761 2659 2001 2714 pronun-

429 2735 553 2788 tiata
582 2734 675 2789 fuit
694 2775 709 2799 ,
742 2750 932 2806 nempe
968 2734 1098 2789 feria
1126 2736 1300 2790 tertia.
1328 2735 1385 2790 In
1416 2736 1502 2790 illa
1530 2750 1857 2791 aerumnosos
1885 2738 1997 2789 An-

428 2827 703 2882 tiochenos
746 2842 842 2897 pro
879 2843 1028 2884 more
1064 2830 1369 2884 consolatur
1402 2829 1811 2901 Chrysostomus
1844 2840 1901 2885 et
1931 2830 1996 2885 ad

426 2919 613 2972 mortis
642 2920 805 2988 ipsius
846 2929 1204 2990 contemptum
1232 2920 1556 2974 cohortatur.
1598 2921 1653 2974 In
1687 2924 1792 2976 tine
1820 2931 1995 2974 autem

424 3008 493 3061 de
514 3007 827 3074 juramentis
849 3007 1074 3061 vitandis
1098 3008 1205 3077 agit
1228 3024 1376 3061 nunt.
1411 3009 1460 3072 7,
1488 3023 1551 3063 ac
1587 3010 1998 3077 praecedentium

425 3099 864 3167 sequentiumque
893 3098 1225 3153 homiliarum
1261 3099 1490 3167 aliquem
1532 3099 1730 3153 inducit
1757 3101 1997 3154 ordinem

427 3188 509 3242 his
537 3189 710 3243 verbis
738 3208 751 3244 :
780 3188 1011 3243 Primum
1040 3192 1191 3260 igitur
1219 3190 1438 3243 auditori
1460 3193 1866 3260 persuadeamus,
1887 3204 1939 3245 ut
1968 3210 1999 3246 a

422 3281 821 3350 juramentorum
852 3282 975 3350 fuga
1004 3286 1325 3333 mutationem
1354 3280 1564 3349 incipiat
1590 3297 1606 3334 :
1635 3282 1723 3335 etsi
1748 3284 1880 3335 enim
1905 3299 2000 3336 nu-

425 3371 715 3424 diustertius
754 3372 849 3424 Itac
885 3371 948 3424 de
974 3388 1027 3423 re
1053 3371 1189 3424 vobis
1226 3371 1457 3440 loquutus
1481 3388 1620 3439 sum,
1652 3389 1807 3441 neque
1834 3383 1999 3427 tamen

426 3460 572 3511 hodie
597 3461 853 3528 desistant,
886 3477 1042 3529 neque
1068 3478 1200 3525 cras,
1232 3478 1388 3531 neque
1414 3464 1664 3531 perendie,
1696 3465 1864 3518 eadem
1892 3481 1997 3517 mo-

422 3564 557 3600 nere.

498 3639 716 3691 llomilia
748 3650 915 3703 sexta,
946 3640 1069 3695 feria
1099 3652 1282 3708 quarta
1324 3643 1505 3710 prima:
1531 3642 1875 3698 hebdomadis
1904 3644 1996 3697 ba-

423 3726 552 3793 bita,
592 3729 1006 3782 consolationem
1045 3728 1252 3783 afﬂictis
1295 3731 1558 3799 impertit,
1588 3732 1776 3785 bonam
1819 3749 1992 3786 rerum

426 3820 767 3873 mutationem
804 3834 1017 3887 sperare
1042 3820 1192 3889 jubet
1219 3838 1232 3873 :
1262 3834 1437 3874 moras
1464 3822 1659 3874 nuntiis
1679 3863 1693 3885 ,
1721 3824 1809 3891 qui
1849 3822 1994 3876 sedi-

426 3911 619 3964 tionem
671 3910 1049 3964 Antiochenam
1099 3911 1404 3979 lmperatori
1448 3913 1707 3965 narraturi
1746 3922 1929 3976 erant,
1963 3929 1992 3967 a

424 3998 535 4053 Deo
563 4000 823 4054 immissas
850 4000 995 4067 dicit,
1025 4010 1180 4069 atque
1204 4000 1325 4055 inde
1350 4016 1495 4070 spem
1525 4000 1713 4055 bonam
1740 4003 1996 4057 auditori-

424 4092 523 4146 hus
543 4091 711 4153 all‘ert,
736 4102 790 4146 et
815 4092 881 4147 de
904 4092 1050 4146 venia
1076 4107 1105 4145 a
1131 4092 1380 4158 Flaviano
1400 4093 1649 4161 episc0po
1670 4094 1993 4163 impetranda

422 4182 667 4236 ﬁduciam
700 4182 893 4237 habere
929 4182 1096 4250 jubet.
1128 4182 1408 4251 Postquam
1446 4197 1567 4236 vero
1592 4184 1657 4237 de
1694 4194 1863 4239 morte
1891 4200 1992 4238 non

425 4272 654 4327 timenda
694 4272 981 4337 disseruit,
1012 4272 1264 4326 adversus
1288 4272 1584 4342 juramenta
1617 4289 1708 4341 pro
1736 4290 1884 4328 more
1912 4274 1992 4327 lo-

420 4364 620 4433 quitur.

495 4452 719 4507 Homilia
744 4453 967 4519 septima
999 4453 1082 4507 die
1111 4453 1381 4523 sequenti,
1414 4463 1471 4507 ut
1498 4454 1673 4508 multis
1696 4470 1758 4508 ex
1786 4454 1913 4507 locis
1942 4462 1995 4508 et

418 4542 565 4595 notis
607 4540 862 4608 liquidum
902 4551 1023 4608 est,
1070 4543 1244 4596 habita
1277 4561 1289 4595 :
1328 4544 1523 4597 Etenim
1560 4545 1785 4613 quintam
1825 4546 1990 4610 diem,

419 4631 594 4700 inquit
618 4630 1046 4700 Chrysostomus,
1074 4634 1268 4701 agimus
1292 4644 1504 4687 vestram
1527 4636 1838 4688 consolantes
1865 4636 1995 4688 cari-

419 4730 594 4775 tatem.
624 4720 813 4786 Quinta
843 4735 999 4788 porro
1028 4720 1141 4774 dies
1172 4720 1284 4775 haec
1308 4734 1616 4777 numeratur
1642 4726 1941 4791 incipiendo
1963 4741 1995 4780 a

423 4813 726 4878 Dominica,
756 4811 825 4865 ita
856 4821 913 4864 ut
942 4810 1009 4865 de
1031 4812 1211 4879 quinta
1241 4811 1587 4867 hebdomadis
1614 4816 1701 4870 die
1726 4818 1988 4885 loquatur.

420 4904 609 4970 Agitur
648 4903 731 4956 hic
772 4901 838 4956 de
883 4901 1064 4970 primis
1094 4901 1362 4955 Geneseos
1390 4903 1564 4955 verbis
1592 4921 1604 4954 :
1636 4904 1700 4957 In
1738 4907 1983 4973 princirv'o

420 4992 536 5060 fecit
583 4991 715 5046 Deus
750 4993 926 5046 calum
968 5002 1015 5046 et
1056 5001 1277 5054 terram;
1313 4991 1611 5060 diciturque
1654 4994 1852 5058 Deum,
1886 5011 1988 5049 non

420 5082 580 5135 modo
608 5099 727 5137 cum
758 5082 1038 5144 benefacit,
1075 5082 1169 5137 sed
1196 5082 1352 5136 etiam
1380 5097 1498 5136 cum
1527 5084 1764 5153 castigat,
1796 5085 1989 5139 bonum

420 5186 561 5235 esse,
587 5185 639 5230 et
658 5175 955 5244 juramenta
982 5174 1192 5228 vitanda
1221 5189 1337 5228 esse
1365 5189 1460 5243 pro
1489 5190 1634 5229 more
1659 5176 1805 5231 dicit.

492 5261 771 5319 llomiliam
794 5274 1032 5320 octavam
1056 5275 1203 5335 putat
1222 5265 1587 5319 Tillemontius
1603 5266 1688 5319 die
1711 5270 1989 5337 septimam

418 5346 690 5408 homiliam
717 5366 1000 5425 sequente,
1034 5357 1084 5409 id
1112 5365 1221 5422 est,
1251 5356 1378 5410 feria
1408 5364 1553 5408 sexta
1584 5355 1774 5411 dictam
1807 5360 1986 5414 fuisse.

423 5441 618 5496 Verum
647 5449 898 5502 reclamat
921 5448 1358 5519 Chrysostomus,
1386 5448 1471 5517 qui
1508 5449 1816 5503 testiﬁcatur
1843 5452 1992 5506 initio

421 5546 481 5585 se
508 5549 667 5599 nuper
686 5577 700 5599 ,
730 5552 833 5591 non
864 5550 1039 5593 autem
1068 5541 1204 5606 heri,
1233 5542 1284 5593 in
1320 5540 1445 5594 illud
1467 5581 1481 5605 ,
1511 5538 1575 5591 lu
1602 5543 1849 5611 principio
1875 5547 1991 5615 fecit

422 5623 560 5676 Deus
585 5625 759 5678 uelum
785 5640 831 5682 et
857 5642 1058 5697 terram,
1083 5635 1241 5688 verba
1272 5634 1478 5697 fecisse,
1503 5634 1642 5701 quod
1669 5634 1805 5689 haud
1831 5639 1991 5693 dubie

421 5715 487 5769 ad
517 5714 781 5770 homiliam
825 5724 1103 5789 septimam
1134 5726 1378 5795 pertinet.
1411 5725 1505 5780 Est
1534 5725 1689 5795 igitur
1718 5726 1771 5780 in
1797 5729 1990 5783 sabba-

425 5817 535 5860 tum
557 5804 870 5860 conl‘erenda
891 5825 904 5871 ;
927 5814 1065 5879 quod
1088 5820 1244 5870 etiam
1272 5816 1425 5871 nobis
1450 5815 1669 5871 suadent
1697 5815 1809 5871 haec
1829 5820 1990 5873 verba

420 5898 597 5954 statim
638 5905 757 5968 post
795 5898 1026 5959 initium.
1058 5906 1125 5954 ad
1171 5908 1315 5960 tinem
1354 5909 1493 5963 nobis
1533 5911 1660 5964 venit
1698 5910 1985 5968 Iiebdomas.

734 5983 1003 6043 l’arnoc.
1053 5982 1169 6044 Gn.
1216 5989 1269 6046 X
1285 5988 1465 6050 LVII.

1577 551 1756 607 NUNC
1796 550 2055 608 PRIMUM
2094 552 2484 608 ADORNATA.

3569 547 3670 602 113

2104 666 2484 731 Argumentum
2513 659 2739 715 bomiliac
2770 666 3039 713 mutuatur
3060 658 3128 713 ab
3153 657 3234 712 his
3260 655 3459 711 verbis:
3494 656 3678 710 Demn-

2102 753 2305 806 bulabat
2342 747 2479 804 Deus
2517 751 2568 805 in
2606 750 2842 820 paradiso
2868 750 2922 802 in
2960 749 3191 814 meridie,
3221 746 3451 817 dicitque
3490 746 3679 817 impios

2103 857 2315 911 semper
2339 842 2553 910 pavidos
2573 853 2625 898 et
2648 842 3020 897 formidolosos
3041 856 3177 904 esse,
3207 841 3322 909 pios
3344 848 3520 894 autem
3548 838 3681 891 ticiu-

2103 932 2182 983 eia
2222 930 2425 998 plenos.
2462 932 2683 987 Demum
2723 947 2820 1001 pro
2853 930 3233 987 consuetudine
3265 929 3332 983 de
3366 929 3683 998 juramentis

2105 1020 2327 1074 vitandis
2355 1024 2494 1093 agit,
2536 1032 2848 1089 sextumque
2869 1021 2977 1090 jam
3009 1020 3149 1074 diem
3189 1033 3306 1073 esse
3345 1019 3448 1083 ait,
3482 1033 3587 1088 quo
3613 1018 3683 1073 de

2103 1111 2358 1165 servanda
2388 1110 2687 1179 hujusmodi
2719 1111 2832 1178 lege
2856 1110 3157 1165 admoneat.

2172 1201 2453 1256 Bomiliam
2479 1216 2670 1254 nonam
2692 1201 2743 1254 in
2769 1200 2950 1254 feriam
2977 1200 3260 1254 secundam
3282 1199 3531 1255 secunda:
3553 1198 3685 1252 lieb.

2104 1291 2341 1345 domadis
2362 1290 2787 1360 Quadragesimte
2809 1288 3148 1358 probabiliter
3168 1290 3379 1358 conjicit
3400 1290 3683 1343 Tillemon-

2105 1382 2225 1435 tius.
2250 1381 2358 1436 llac
2384 1381 2450 1435 de
2477 1397 2533 1435 re
2557 1396 2684 1436 vero
2710 1382 2849 1435 nulla
2873 1389 3143 1449 comparet
3168 1390 3311 1443 nota,
3334 1395 3436 1449 qua
3460 1381 3540 1434 vel
3562 1395 3682 1434 eer-

2105 1480 2212 1524 tum
2240 1471 2326 1527 vel
2354 1471 2637 1525 verisimile
2666 1471 2932 1539 quidpiam
2971 1480 3282 1523 statuamus.
3317 1468 3500 1522 Habita
3530 1479 3677 1521 certe

2104 1559 2200 1613 fuit
2228 1560 2344 1614 hate
2372 1560 2559 1613 concio
2589 1570 2705 1628 post
2731 1559 3000 1612 silentium
3028 1560 3107 1612 vel
3136 1559 3288 1613 unius
3328 1559 3409 1613 vel
3450 1558 3678 1628 plurium

2102 1651 2341 1714 dierum,
2380 1659 2436 1703 ut
2476 1649 2627 1703 initio
2668 1649 2864 1704 diserte
2902 1650 2975 1703 ait
3011 1648 3457 1719 Chrysostomus,
3495 1660 3681 1703 contra

2104 1755 2262 1810 qttam
2288 1740 2535 1809 Opinatur
2572 1740 2967 1806 Tillemontius,
2995 1741 3085 1810 qui
3112 1755 3232 1794 cum
3260 1750 3497 1794 octavam
3525 1742 3574 1794 in
3608 1742 3684 1801 te:-

2104 1832 2236 1883 riam
2266 1840 2469 1885 sextam
2492 1831 2771 1900 conjiciat,
2800 1840 2854 1886 et
2878 1847 3071 1885 nonam
3102 1832 3153 1885 in
3185 1830 3367 1886 feriam
3394 1832 3683 1886 secundam

2107 1918 2450 1975 hebdomadis
2486 1921 2789 1991 sequentis,
2830 1923 2903 1974 ait
2940 1923 2990 1974 in
3029 1922 3144 1975 Vita
3176 1923 3541 1993 Chrysostomi
3580 1932 3683 1976 art.

2106 2012 2193 2078 15,
2223 2012 2559 2079 interpositas
2588 2011 2791 2065 sabbati
2817 2020 2869 2066 et
2900 2011 3182 2065 Dominieae
3208 2012 3321 2065 dies
3352 2011 3515 2065 fuisse
3545 2012 3683 2065 haud

2104 2101 2263 2156 dubie
2281 2100 2646 2171 Chtysostomi
2667 2100 3012 2155 concionibus
3032 2100 3326 2170 insignitas,
3345 2117 3461 2170 quin
3481 2104 3687 2155 concio-

2105 2208 2198 2246 nes
2218 2192 2326 2260 jam
2347 2191 2557 2245 amissa:
2579 2191 2790 2245 fuerint.
2821 2191 3073 2260 Populum
3096 2199 3272 2245 autem
3295 2189 3683 2244 Antiochenutn

2108 2284 2287 2337 laudat
2322 2282 2473 2336 initio
2496 2321 2512 2347 ,
2540 2283 2679 2351 quod
2708 2284 2922 2337 monitis
2946 2284 3055 2337 suis
3082 2284 3513 2350 obtemperantes
3536 2283 3685 2336 andi-

2109 2384 2249 2428 tores
2272 2374 2340 2429 de
2373 2374 2629 2444 abigcnda
2664 2373 3083 2443 juramentorum
3114 2372 3497 2428 consuetudine
3525 2389 3682 2426 cura-

2106 2473 2243 2520 rent.
2272 2464 2329 2518 ln
2362 2465 2475 2518 ha:c
2506 2465 2632 2518 item
2662 2464 2821 2518 verba
2840 2507 2855 2529 ,
2886 2464 3008 2517 Caeli
3034 2474 3267 2517 euarraut
3300 2463 3516 2535 gloriam
3558 2464 3682 2528 Dei,

2104 2556 2269 2610 multa
2295 2555 2442 2622 dicit,
2472 2569 2534 2610 ac
2561 2555 2652 2609 Dei
2683 2555 3062 2623 providentiam
3090 2557 3141 2610 in
3167 2570 3340 2610 rerum
3366 2556 3682 2610 naturalium

2106 2644 2291 2700 ordine
2324 2654 2483 2714 atque
2524 2653 2785 2699 concentu
2827 2644 3077 2714 prmdicat
3107 2661 3119 2697 :
3148 2643 3466 2714 demumque
3504 2655 3685 2698 monet

2106 2744 2162 2789 ut
2189 2752 2218 2789 a
2242 2735 2560 2805 juramentis
2588 2735 2938 2790 abstineatur.

2176 2830 2396 2883 llomilia
2423 2828 2628 2883 decima
2658 2844 2761 2883 non
2794 2828 2881 2883 die
2920 2843 3113 2882 nonam
3156 2829 3463 2898 insequente
3504 2826 3682 2880 habita

2104 2921 2219 2985 fuit,
2247 2922 2371 2976 licet
2397 2921 2534 2975 idem
2568 2930 2915 2990 prosequatur
2939 2931 3309 2990 argumentum
3341 2928 3396 2972 ut
3424 2932 3555 2971 voce
3584 2934 3684 2970 nuo

2105 3030 2211 3081 per,
2239 3012 2519 3065 indicatur.
2547 3012 2885 3066 Auditoribus
2914 3019 3089 3065 autem
3116 3010 3412 3077 gratulatur
3445 3008 3681 3078 Chryso-

2106 3114 2340 3169 stomus,
2378 3103 2517 3173 quod
2561 3105 2774 3157 monitis
2813 3103 2923 3158 suis
2964 3102 3460 3172 obtemperaverint.
3502 3101 3683 3169 Longe

2106 3196 2292 3249 melius
2312 3210 2430 3249 esse
2454 3196 2527 3248 ait
2555 3195 2772 3248 verbum
2797 3193 2998 3256 audire,
3023 3208 3177 3263 quam
3200 3193 3463 3261 jejunare.
3492 3192 3685 3245 Probat

2103 3286 2293 3341 deinde
2315 3286 2567 3340 mundam
2592 3287 2705 3340 sine
2729 3285 2818 3339 Dei
2843 3268 3167 3354 providentia
3193 3294 3333 3337 stare
3360 3298 3461 3337 non
3489 3298 3679 3352 posse:

2104 3376 2398 3443 desinitque
2423 3376 2635 3428 demum
2660 3374 2989 3429 cohortando
3016 3383 3071 3426 nt
3094 3373 3393 3442 juramenta
3429 3373 3678 3425 vitentur.

2174 3466 2454 3519 Ilomiliam
2484 3464 2816 3519 undecimam
2857 3473 3003 3534 putat
3043 3463 3413 3517 Tillemontius
3449 3462 3679 3515 habitam

2104 3555 2265 3610 fuisse
2295 3564 2411 3624 post
2438 3570 2576 3621 eam,
2609 3570 2724 3624 qua:
2752 3554 2955 3609 decima
2981 3555 3162 3623 quinta
3190 3553 3493 3608 inscribitur
3520 3552 3677 3615 infra,

2102 3661 2306 3699 necnon
2336 3653 2455 3713 post
2483 3654 2787 3713 sequentem
2813 3643 3069 3698 decimam
3097 3653 3320 3696 sextam.
3356 3642 3464 3695 Hoc
3494 3652 3674 3697 autem

2099 3737 2375 3791 ratiocinio
2404 3736 2589 3789 nititur
2615 3735 2705 3790 ille
2729 3751 2743 3787 :
2770 3734 2827 3788 ln
2856 3749 2916 3789 ea
2939 3776 2953 3799 ,
2978 3732 3180 3802 inquit,
3205 3732 3419 3786 llomilia
3447 3732 3513 3787 de
3539 3734 3680 3803 peri-

2099 3827 2237 3881 culis
2272 3834 2325 3881 et
2366 3826 2647 3891 aerumnis,
2678 3825 2872 3894 quibus
2907 3824 3015 3894 jam
3058 3823 3233 3878 functa
3271 3825 3455 3877 civitas
3495 3824 3680 3877 Antio-

2103 3919 2268 3973 chena
2297 3928 2441 3983 erat,
2471 3919 2663 3987 agitur,
2696 3932 2814 3986 qua:
2848 3926 2965 3986 post
2995 3916 3276 3970 adventum
3306 3915 3597 3970 llellebichi
3624 3926 3678 3968 et

2103 4008 2319 4063 Cresarii
2360 4008 2617 4062 accidisse
2646 4008 2906 4061 videntur.
2942 4006 3031 4059 llle
3059 4014 3238 4060 autem
3266 4004 3522 4059 adventus
3551 4004 3678 4059 Hel-

2102 4097 2293 4153 lebichi
2320 4107 2375 4153 et
2398 4096 2611 4152 Caesarii
2642 4098 2692 4151 in
2720 4097 2939 4151 decima:
2973 4097 3211 4166 septima:
3240 4095 3471 4150 homilia:
3504 4096 3673 4159 titulo,

2102 4191 2256 4261 longe
2284 4200 2399 4260 post
2428 4189 2790 4253 undecimam,
2820 4187 2888 4243 de
2918 4203 3018 4258 qua
3048 4202 3187 4242 nunc
3214 4186 3448 4256 agimus,
3478 4202 3676 4240 memo-

2100 4294 2266 4335 ratur.
2306 4282 2417 4335 lloe
2454 4281 2614 4335 fultus
2639 4290 2953 4350 argumento
2989 4279 3357 4334 Tillemontius
3382 4292 3487 4331 non
3517 4277 3675 4331 modo

2100 4371 2358 4425 decimam
2399 4371 2667 4439 quintam,
2707 4370 2800 4424 sed
2840 4371 2998 4425 etiam
3028 4369 3285 4424 decimam
3316 4377 3517 4423 sextam
3553 4378 3676 4424 ante

2099 4463 2429 4517 undecimam
2452 4462 2726 4517 locandam
2745 4476 2863 4516 esse
2884 4469 3050 4532 putat.
3077 4462 3144 4516 At
3166 4472 3512 4531 prasterquam
3536 4461 3675 4530 quod

2099 4569 2283 4611 onmes
2307 4568 2525 4624 prorsus
2551 4552 2887 4621 Manuscripti
2912 4551 3155 4607 eumdem
3186 4567 3338 4621 quem
3366 4552 3505 4605 Editi
3531 4551 3676 4605 ordi-

2102 4661 2220 4701 nem
2242 4655 2455 4700 servant
2479 4663 2493 4698 :
2513 4660 2574 4699 ea
2594 4644 2771 4699 omnia
2793 4660 2911 4714 qua:
2932 4654 3057 4699 tunc
3078 4645 3330 4713 temporis
3344 4643 3671 4709 acciderunt,

2100 4738 2291 4791 bonam
2314 4735 2576 4790 interdum
2603 4750 2770 4805 spem,
2802 4734 3051 4803 pericula,
3081 4734 3321 4800 timores,
3344 4733 3532 4797 minas,
3557 4748 3674 4802 qua:

2099 4826 2235 4880 bene
2271 4825 2433 4879 multa
2470 4828 2522 4879 in
2566 4826 2675 4894 pari
2710 4839 2837 4879 casu
2878 4839 3086 4892 semper
3121 4824 3426 4891 contingere
3462 4823 3675 4889 solent,

2099 4932 2203 4970 non
2225 4924 2308 4968 sat
2332 4924 2572 4970 accurate
2602 4916 2860 4978 novimus,
2896 4923 2951 4966 ut
2978 4929 3041 4967 ex
3074 4912 3370 4981 hujusmodi
3391 4913 3672 4968 ratiocinio

2097 5008 2295 5075 aliquid
2323 5008 2373 5060 in
2410 5008 2594 5061 ordine
2632 5007 2942 5059 mutandum
2969 5021 3030 5059 ea
3060 5004 3127 5059 de
3151 5020 3309 5060 causa
3337 5021 3668 5061 censeamus.

2099 5097 2255 5150 Multa
2294 5097 2427 5149 dixit
2464 5096 2903 5167 Chrysostomus,
2944 5095 3187 5164 forteque
3218 5095 3371 5164 longe
3411 5096 3557 5163 plura
3591 5106 3669 5147 ta-

2097 5190 2228 5243 cuit.
2257 5187 2612 5254 Quamobrem
2642 5187 2811 5241 donec
2838 5186 2961 5255 quid
2987 5187 3181 5239 certius
3209 5194 3463 5253 emergat,
3494 5185 3673 5254 prisco

2096 5277 2266 5330 ordini
2294 5277 2541 5332 standum
2571 5286 2834 5346 putamus.
2863 5274 2915 5328 In
2942 5275 3038 5328 hac
3065 5274 3221 5340 igitur
3249 5274 3462 5328 llomilia
3498 5276 3669 5342 primo

2096 5370 2290 5438 gratias
2331 5371 2437 5439 agit
2473 5370 2915 5437 Clirysostomus,
2948 5363 3087 5431 quod
3118 5363 3301 5417 civitas
3329 5365 3395 5417 ab
3432 5363 3666 5416 immisso

2097 5470 2304 5515 terrore
2332 5461 2700 5528 respiraverit;
2732 5472 2794 5510 ex
2825 5455 3031 5524 injectis
3055 5456 3248 5523 quippe
3280 5455 3667 5522 suspicionibus

2098 5554 2361 5620 perterriti
2390 5548 2758 5621 quamplurimi
2783 5548 3128 5616 aufugerant:
3158 5546 3256 5599 hoc
3280 5545 3594 5601 calamitatis
3613 5556 3666 5601 et

2094 5644 2315 5697 terroris
2341 5650 2598 5709 tempore,
2623 5641 2821 5709 aliquot
2845 5639 3031 5694 diebus
3053 5637 3211 5690 tacuit
3230 5635 3659 5707 Chrysostomus,

2097 5743 2151 5787 ut
2180 5735 2291 5801 ipse
2319 5732 2407 5785 ait.
2446 5731 2590 5785 Hanc
2617 5748 2744 5786 vero
2769 5730 3033 5784 homiliam
3060 5726 3270 5795 conjicit
3298 5727 3663 5783 Tillemontius

2096 5825 2149 5879 in
2180 5824 2361 5878 feriam
2389 5822 2673 5877 secundam
2708 5829 2906 5891 quarta:
2937 5816 3281 5873 hebdomadis
3310 5818 3660 5888 Quadragesi-

2098 5933 2218 5977 mre.
2248 5924 2300 5970 et
2324 5914 2532 5975 quidem
2559 5915 2773 5977 optime.
2802 5921 2859 5966 ut
2884 5908 2949 5963 ad
2976 5906 3245 5962 bomiliam
3272 5909 3526 5963 decimam
3553 5918 3663 5964 ter-

3242 5980 3318 6042 10
