4504 6710
833 582 931 636 119

832 697 955 749 tiam
984 694 1241 747 dicemus.
1274 689 1459 759 Agitur
1487 686 1747 759 prtccipue
1774 701 1826 740 In
1849 686 1949 741 hac
1975 686 2189 741 homilia
2221 684 2285 739 de
2314 684 2405 737 Dei

830 786 1084 854 sapientia
1126 784 1177 836 in
1216 781 1446 835 hominis
1475 778 1847 835 constitutione
1868 820 1881 844 ,
1921 789 1974 832 et
2004 779 2054 831 in
2097 779 2196 831 line
2226 777 2291 829 de
2324 776 2375 829 vi

831 876 989 928 tando
1010 875 1329 941 iuramento.

904 967 1277 1021 Dnodecimam
1309 975 1435 1020 ttem
1462 972 1515 1019 et
1542 963 1800 1016 decimam
1837 961 2043 1015 tertiam
2065 1004 2079 1028 ,
2112 968 2230 1031 post
2262 958 2407 1013 deci-

831 1074 969 1111 mam
1000 1056 1234 1126 quintam
1262 1065 1313 1108 et
1347 1053 1603 1107 decimam
1635 1060 1869 1113 sextam,
1902 1052 2088 1106 eadem
2120 1064 2219 1119 qua
2247 1063 2403 1116 supra

830 1150 897 1202 de
925 1163 1081 1201 causa
1109 1145 1278 1213 rejicit
1301 1144 1688 1199 Tillemontius.
1719 1144 1786 1196 At
1814 1143 1998 1196 nescio
2022 1157 2127 1212 quo
2154 1149 2303 1210 pacto
2326 1140 2406 1192 in-

831 1236 1030 1305 telligat
1058 1235 1182 1288 illud
1218 1234 1267 1287 in
1297 1234 1395 1288 hac
1429 1234 1641 1287 homilia
1667 1230 1980 1287 duodecima
2011 1248 2154 1287 num.
2189 1233 2212 1285 l
2248 1248 2261 1283 :
2292 1229 2407 1283 Tri-

829 1328 919 1380 bus
942 1326 1090 1395 igitur
1113 1326 1375 1393 prwteritis
1397 1324 1566 1378 diebus
1589 1340 1741 1375 unum
1768 1324 2065 1392 cognitionis
2085 1320 2180 1374 Dei
2202 1321 2405 1372 modum

829 1418 1193 1483 qutrrcbamus,
1225 1416 1485 1483 ipsumque
1519 1414 1569 1465 in
1599 1413 1750 1481 ﬁnem
1790 1413 2085 1465 deduximus
2107 1452 2121 1473 ,
2158 1410 2406 1478 interpre-

828 1519 985 1562 tantes
1009 1507 1259 1577 quomodo
1281 1504 1408 1560 (Σωιί
1433 1514 1683 1559 euarraut
1702 1505 1922 1574 gloriam
1953 1502 2078 1565 Dei;
2106 1512 2151 1555 et
2171 1505 2318 1571 quate
2341 1503 2404 1555 sit

832 1600 982 1653 Pauli
1010 1603 1196 1653 dictum
1217 1642 1229 1661 ,
1262 1598 1547 1652 invisibilia
1579 1597 1744 1665 ipsius
1771 1611 1798 1647 a
1828 1603 2071 1649 creatura
2101 1591 2280 1646 mundi
2312 1608 2403 1659 per

826 1710 885 1745 r-a
907 1733 921 1754 ,
950 1708 1067 1761 qum
1099 1692 1230 1745 facta
1267 1698 1419 1753 sunt,
1462 1689 1728 1743 intellecta
1768 1687 2165 1757 conspiciuntur
2194 1705 2207 1739 :
2239 1696 2285 1738 et
2316 1685 2405 1739 de-

825 1784 1205 1838 monstrat-imus
1244 1782 1492 1850 quomodo
1527 1798 1555 1832 α
1584 1789 1813 1833 creatura
1848 1780 2051 1841 mundi,
2082 1788 2127 1832 et
2156 1779 2403 1847 quomodo

826 1892 913 1943 per
935 1876 1109 1928 (mlum
1136 1885 1179 1927 et
1211 1885 1393 1927 terram
1416 1884 1459 1925 et
1485 1889 1623 1925 mare
1651 1872 1858 1926 Creator
1884 1872 2209 1942 glorificatur.
2240 1868 2405 1923 Hodie

824 1983 965 2030 vero,
996 1976 1097 2020 etc.
1130 1965 1227 2019 llic
1265 1965 1460 2019 seriem
1492 1964 1647 2018 trium
1686 1964 2016 2017 homiliarum
2039 2003 2053 2024 ,
2081 1977 2187 2030 quo
2215 1960 2401 2014 ordine

823 2056 1019 2111 habita:
1042 2055 1249 2111 fuerant
1268 2065 1390 2111 ante
1410 2055 1773 2111 duodecimam
1795 2054 1946 2108 aﬂ'ert
1966 2054 2397 2123 Chrysostomus,

825 2161 1014 2214 nempe
1044 2162 1227 2209 neme,
1254 2146 1471 2200 dceimre
1510 2156 1563 2203 et
1601 2146 1908 2199 undecima).
1939 2143 1994 2197 lu
2026 2159 2160 2197 nona
2190 2160 2337 2198 num.
2366 2144 2401 2198 2

822 2243 1187 2304 argumentum
1212 2235 1466 2289 orationis
1494 2235 1640 2304 ponit
1665 2234 1766 2288 hoc
1792 2235 1937 2288 Pauli
1966 2234 2186 2299 dictum,
2217 2232 2402 2289 Invisi-

822 2326 941 2379 bilia
972 2326 1147 2393 ipsius,
1177 2334 1320 2389 ete.;
1362 2326 1595 2393 illudque
1631 2326 1980 2388 Psalmorum,
2010 2324 2133 2379 Ca'li
2163 2338 2402 2381 enarrant

821 2416 1033 2483 gloriam
1061 2414 1172 2469 Dei.
1202 2414 1257 2469 in
1286 2415 1487 2471 decima
1520 2418 1644 2470 item
1672 2432 1817 2469 num.
1851 2416 1885 2468 2
1909 2430 1966 2470 se
1992 2415 2091 2470 hoc
2118 2416 2289 2485 ipsum
2315 2433 2401 2470 ar-

817 2515 1126 2575 gumentum
1172 2508 1416 2576 persequi
1457 2506 1693 2561 declarat
1729 2525 1741 2559 :
1777 2507 1827 2560 iu
1871 2507 2153 2563 undecima
2191 2523 2402 2578 quoque

821 2613 970 2652 num.
993 2597 1029 2650 2
1052 2612 1110 2652 se
1137 2597 1309 2652 eidem
1335 2608 1646 2667 argumento
1668 2599 1912 2653 insistere
1938 2599 2267 2654 testiﬁcatur.
2292 2606 2400 2653 An-

822 2704 926 2743 non
955 2690 1317 2761 Chrysostomi
1346 2690 1501 2744 dictis
1529 2690 1633 2743 vim
1675 2688 1833 2743 infert
1862 2690 1902 2743 Τ
1908 2690 2247 2755 illemontius,
2277 2705 2397 2744 cum

818 2780 1079 2835 decimam
1112 2781 1249 2835 inter
1277 2789 1331 2835 et
1360 2781 1689 2835 undecimam
1729 2780 1839 2833 vult
1869 2780 2107 2834 interseri
2137 2780 2395 2834 decimam

820 2873 1054 2943 quintam
1088 2881 1144 2928 et
1179 2871 1438 2927 decimam
1470 2872 1715 2927 sextam?
1742 2871 1794 2925 ld
1823 2880 1997 2924 autem
2031 2871 2118 2925 ille
2143 2870 2399 2925 subdubi-

823 2964 983 3019 tando
1004 2973 1205 3019 tantum
1226 2965 1472 3034 proponit
1497 2965 1547 3017 in
1576 2972 1698 3017 nota
1726 2962 1794 3019 29
1821 2962 1886 3017 ad
1916 2963 2087 3017 Vitam
2112 2962 2397 3018 Theodosii

824 3054 1182 3122 Imperatoris,
1212 3070 1265 3107 η.
1296 3054 1382 3115 10,
1412 3055 1471 3108 ll
1500 3062 1552 3107 et
1576 3068 1749 3123 seqq.,
1776 3052 2069 3121 fateturque
2094 3067 2213 3105 eum
2240 3067 2396 3121 quem

823 3158 919 3196 nos
946 3143 1222 3197 statuimus
1247 3143 1487 3197 ordinem
1516 3144 1661 3198 clare
1683 3158 1711 3196 a
1732 3142 2110 3213 Chrysostomo
2136 3143 2353 3196 indicari
2380 3162 2392 3196 :

822 3232 913 3287 sed
941 3234 1120 3287 nescio
1141 3248 1246 3303 quo
1267 3242 1420 3301 pacto
1444 3234 1511 3286 ab
1536 3232 1723 3287 eodem
1743 3233 1856 3301 ipso
1872 3233 2057 3286 ordine
2083 3242 2262 3302 postea
2288 3232 2397 3287 dis-

819 3322 990 3377 cedat.
1016 3322 1276 3379 Cacterum
1312 3339 1431 3377 cum
1458 3322 1588 3377 dicit
1629 3322 2058 3394 Chrysostomus,
2086 3325 2242 3378 tribus
2268 3340 2398 3395 prte-

820 3414 977 3465 teritis
1000 3413 1191 3476 diebus,
1220 3428 1326 3468 non
1353 3414 1662 3483 intelligitur
1686 3413 1753 3467 de
1784 3414 1953 3468 tribus
1983 3416 2266 3484 postremis
2286 3415 2399 3469 die-

822 3504 920 3557 bus
952 3504 1002 3557 in
1038 3504 1226 3572 quibus
1264 3505 1465 3560 scilicet
1501 3506 1847 3560 concionatus
1874 3515 2007 3559 erat.
2039 3506 2093 3559 lu
2129 3505 2230 3560 hac
2271 3506 2397 3560 item

820 3595 1033 3649 bomilia
1062 3594 1396 3661 duodecima,
1420 3612 1538 3666 qua:
1565 3596 1740 3650 habita
1768 3605 1848 3651 est
1873 3595 2002 3651 feria
2027 3596 2177 3651 tertia
2198 3607 2397 3667 quarta:

822 3684 1165 3741 hebdomadis
1191 3686 1649 3757 Quadragesimm.
1678 3687 1851 3742 eidem
1883 3686 2078 3742 insistit
2116 3689 2395 3758 hypothesi

822 3774 888 3827 de
915 3774 1168 3842 sapientia
1192 3775 1283 3830 Dei
1305 3776 1355 3829 in
1378 3774 1557 3830 mundi
1580 3776 1790 3845 opiﬁcio
1813 3793 1827 3829 :
1852 3785 2033 3845 postea
2060 3777 2166 3846 agit
2191 3776 2257 3830 de
2276 3776 2396 3846 jure

824 3862 1067 3926 naturali,
1093 3864 1245 3931 cujus
1269 3864 1623 3932 cognitionem
1655 3864 1797 3919 Deus
1822 3862 2020 3919 homini
2052 3864 2241 3920 indidit
2259 3906 2273 3931 ,
2301 3865 2395 3920 de-

823 3967 925 4019 que
946 3953 1243 4019 juramento
1272 3954 1506 4009 vitando.

900 4042 1159 4095 Decimam
1188 4047 1395 4098 tertiam
1421 4045 1689 4099 homiliam
1711 4046 1844 4100 dixit
1866 4044 2124 4116 postridie
2144 4045 2397 4102 duodeci-

827 4148 987 4186 mam.
1019 4133 1284 4203 Principio
1309 4137 1505 4205 gratias
1533 4138 1639 4207 agit
1665 4137 1773 4193 Deo
1802 4138 1868 4193 de
1894 4147 2089 4192 mutata
2118 4153 2295 4193 rerum
2323 4140 2398 4193 la-

824 4225 928 4291 cie,
954 4224 1123 4295 deque
1148 4226 1355 4280 sublato
1378 4236 1540 4291 metu,
1565 4229 1651 4298 qui
1674 4238 1848 4284 tantus
1876 4229 2062 4294 fuerat,
2083 4238 2136 4283 ut
2161 4231 2393 4294 civitatis,

825 4314 1010 4383 inquit,
1038 4317 1199 4386 major
1223 4334 1339 4385 pars
1369 4334 1474 4387 prce
1503 4320 1678 4372 timore
1703 4328 1750 4372 et
1777 4319 2159 4373 comminatione
2182 4319 2275 4373 illa
2293 4363 2307 4384 ,
2330 4322 2397 4374 ad

825 4406 1017 4459 deserta
1046 4418 1091 4460 et
1112 4408 1280 4473 fauces
1302 4410 1543 4462 montium
1567 4451 1582 4474 ,
1613 4419 1659 4463 et
1688 4410 1885 4465 occulta
1912 4412 2134 4464 locorum
2161 4414 2395 4465 transmi-

824 4498 1055 4565 gravcrit.
1088 4496 1217 4551 lline
1241 4498 1306 4552 de
1330 4500 1508 4556 multis
1537 4501 1601 4555 ad
1633 4500 1856 4555 tribunal
1883 4501 2152 4560 adductis.
2182 4503 2248 4557 de
2272 4502 2397 4557 bor—

828 4586 961 4639 ribili
992 4585 1162 4641 habita
1200 4589 1475 4642 verberum
1520 4598 1574 4644 et
1616 4590 1939 4658 ﬂagellorum
1970 4592 2264 4660 qumstione
2286 4633 2298 4653 ,
2332 4592 2399 4645 de

824 4680 941 4732 abis
966 4680 1029 4734 ad
1055 4680 1367 4748 supplicium
1396 4682 1632 4747 raptatis,
1655 4680 1722 4734 de
1744 4690 1911 4735 matre
1936 4689 1988 4735 et
2011 4696 2195 4735 sorore
2223 4683 2401 4747 cujus-

825 4768 967 4830 dam,
990 4769 1056 4824 de
1082 4784 1187 4839 quo
1228 4770 1368 4823 intus
1392 4769 1741 4839 indicabatur,
1768 4770 1833 4823 ad
1864 4769 2177 4823 vestibulum
2205 4770 2255 4824 in
2287 4772 2400 4839 pul-

828 4872 947 4912 vere
969 4859 1231 4914 volutatis.
1263 4860 1385 4914 [hac
1414 4859 1676 4929 pathetiee
1697 4859 1948 4914 describit
1967 4858 2396 4929 Chrysostomus,

826 4964 942 5015 qum
968 4951 1143 5015 paucis
1166 4959 1287 5005 ante
1310 4950 1513 5013 diebus.
1538 4951 2039 5021 scilicetantequam
2066 4950 2394 5004 undecimam

826 5041 1133 5095 concionem
1162 5040 1379 5098 haberet
1401 5085 1415 5108 ,
1447 5054 1591 5113 gesta
1620 5046 1845 5100 fuerant.
1878 5043 2002 5099 Hzcc
2027 5051 2201 5096 autem
2230 5042 2397 5095 homi-

827 5132 892 5184 lia
935 5130 1111 5187 habita
1150 5131 1309 5188 fuisse
1350 5137 1565 5188 omnino
1593 5134 1796 5187 videtur
1826 5134 1949 5188 feria
1984 5142 2167 5201 quarta
2198 5132 2397 5186 hebdo-

832 5224 997 5277 madis
1024 5236 1225 5295 quarta:
1253 5226 1700 5296 Quadragesimaa.
1739 5224 2032 5279 Prtemissis
2056 5233 2233 5277 autem
2262 5223 2397 5279 bene

832 5316 1006 5369 multis
1042 5317 1109 5371 de
1147 5318 1445 5373 calamitate
1490 5315 1817 5371 Antiochena
1844 5354 1858 5376 ,
1900 5313 1966 5366 ad
2014 5314 2289 5381 pristinum
2331 5314 2398 5369 de

834 5405 1058 5461 heminis
1086 5410 1295 5477 Opilicio
1336 5419 1702 5480 argumentum
1750 5404 2067 5467 descendit,
2107 5414 2161 5459 et
2201 5405 2395 5459 cohor-

830 5497 990 5552 tando
1015 5498 1082 5554 de
1113 5514 1259 5555 more
1286 5501 1350 5555 ad
1376 5501 1673 5570 iuramenta
1696 5496 1908 5552 vitanda
1936 5494 2228 5551 orationem
2254 5497 2398 5552 clau-

829 5590 923 5644 dit.

904 5681 1164 5736 Decimam
1224 5690 1468 5753 quartam
1516 5678 1882 5735 Tillemontius
1924 5676 2199 5732 locandam
2252 5686 2399 5747 putat

831 5781 945 5841 post
974 5772 1227 5825 decimam
1260 5782 1498 5826 octavam
1519 5812 1536 5834 ,
1582 5771 1679 5822 hac
1718 5777 1985 5837 permotus
2036 5769 2238 5822 ratione
2269 5787 2280 5820 :
2315 5767 2400 5820 lu—

830 5864 921 5913 itio
948 5864 1018 5915 ait
1043 5861 1471 5931 Chrysostomus,
1506 5859 1626 5912 Non
1654 5875 1830 5929 parum
1861 5858 2103 5909 civitatem
2126 5859 2264 5910 nobis
2291 5857 2398 5909 lteri

832 5954 1059 6006 diabolus
1090 5970 1131 6020 pi
1152 5950 1407 6016 rturbavit,
1436 5951 1523 6003 sed
1546 5958 1593 6003 et
1622 5947 1752 6001 Deus
1782 5962 1870 6000 nos
1891 5947 2063 5999 iterum
2089 5963 2185 6000 non
2219 5960 2395 6015 parum

1904 573 1958 627 S.
2000 571 2274 627 JOANNIS
2312 571 2776 630 CliRYSOSTOMI
2821 571 2996 635 \l'l'.\,

3993 592 4091 647 r20

2516 688 2803 740 consolatus
2825 695 2913 740 est.
2940 685 3064 740 Haec
3086 692 3265 758 verba,
3297 694 3461 764 inquit
3491 694 3579 747 ille
3602 733 3616 757 ,
3650 694 3930 755 adventum
3962 703 4089 759 llel-

2517 773 2731 843 lehichi,
2760 787 2813 831 et
2843 777 3078 830 nuntium
3097 779 3205 845 jam
3229 781 3683 855 Constantinopoli
3707 786 3894 845 adesse
3921 794 4087 863 signi-

2514 864 2690 919 llcant.
2725 866 2915 920 Verum
2956 866 3069 920 hmc
3110 867 3419 930 hariolando
3458 876 3719 931 dicuntur.
3752 877 3890 942 Quot
3915 886 4087 950 διηερί-

2512 957 2695 1011 ciones
2721 968 2773 1011 et
2803 967 3032 1012 terrores
3073 958 3338 1017 immissos
3366 977 3514 1033 putas
3548 969 3887 1024 Antiocheais
3912 1014 3927 1034 ,
3958 972 4083 1027 dum

2512 1048 2672 1101 animi
2703 1049 3010 1116 penderent,
3035 1058 3086 1103 et
3106 1065 3356 1119 quorsum
3380 1064 3485 1111 tam
3509 1059 3731 1115 infausta
3758 1076 3842 1116 res
3862 1076 4084 1117 evasura

2512 1148 2653 1193 esset
2698 1140 3034 1210 ignorarent?
3070 1141 3143 1195 De
3174 1143 3236 1196 iis
3267 1160 3392 1199 vero
3433 1152 3724 1207 terroribus
3761 1156 4087 1211 rumoribus-

2512 1246 2614 1296 que
2661 1234 2961 1287 ratiocinari
2998 1234 3262 1302 quomodo
3290 1252 3588 1308 possumus,
3620 1248 3706 1314 qui
3736 1264 3917 1303 eorum
3945 1250 4081 1303 hami

2511 1321 2672 1377 dubie
2712 1326 2991 1379 maximam
3024 1336 3223 1396 partem
3270 1330 3604 1399 ignoramus;
3634 1350 3687 1394 et
3715 1344 3757 1397 si
3798 1361 3895 1414 qua
3936 1348 4056 1401 novi

2512 1428 2649 1479 mus,
2680 1416 2745 1467 ita
2776 1419 3079 1485 plerumque
3110 1419 3450 1490 intelligimus
3470 1467 3483 1483 .
3526 1436 3581 1480 ut
3618 1431 3703 1484 vix
3744 1435 3862 1489 inde
3890 1453 4081 1506 quam-

2512 1508 2650 1570 piam
2678 1515 2854 1560 notam
2886 1509 3139 1576 expiscari
3175 1513 3481 1577 possimus?
3520 1514 3641 1573 llree
3670 1522 3884 1580 homilia
3918 1529 4084 1584 ferme

2511 1600 2617 1649 tota
2645 1608 2726 1651 est
2753 1599 2817 1653 de
2845 1599 3056 1653 vitando
3076 1601 3396 1668 iuramento.

2583 1686 2845 1742 Decimam
2874 1691 3105 1758 quintam
3136 1690 3407 1749 homiliam
3441 1698 3548 1751 vult
3585 1700 3957 1761 Tillemontius
3988 1710 4083 1764 ha-

2508 1774 2669 1831 bitam
2708 1777 2868 1835 fuisse
2907 1780 3045 1833 inter
3082 1780 3340 1838 decimam
3377 1797 3429 1840 et
3471 1791 3797 1849 undecimam
3822 1837 3837 1861 ,
3873 1808 3979 1853 tum
4010 1800 4080 1855 ob

2506 1880 2694 1921 causas
2732 1884 2887 1938 supra
2932 1869 2996 1924 ad
3042 1871 3372 1928 undecimam
3414 1892 3734 1938 memoratas
3759 1926 3773 1950 ,
3817 1895 3924 1941 tum
3956 1892 4078 1958 quia

2507 1955 2914 2027 ChrySOstomus
2950 1961 3024 2014 sic
3074 1961 3231 2017 habet
3258 1964 3407 2019 initio
3433 1986 3446 2021 :
3477 1968 3746 2037 Oportebat
3784 1986 3829 2029 et
3856 1955 4003 2032 hodie
4030 1991 4078 2033 et

2507 2049 2763 2115 superiore
2801 2050 3004 2105 sabbato
3034 2052 3094 2105 de
3122 2053 3320 2123 jejunio
3349 2073 3542 2112 movere
3565 2078 3856 2119 sermonem.
3888 2069 3983 2123 Ubi
4015 2072 4078 2124 il-

2509 2132 2595 2191 iud
2620 2181 2633 2203 ,
2676 2143 2931 2209 superiore
2956 2185 2969 2209 ,
2999 2145 3147 2213 quasi
3174 2157 3314 2201 esset
3352 2150 3513 2217 primo
3551 2152 3616 2205 de
3653 2156 3823 2221 primo
3858 2160 4077 2215 sabbato

2504 2229 2962 2303 Quadragcsima),
2995 2238 3383 2293 subdubitando
3421 2250 3594 2297 tamen
3616 2286 3631 2309 ,
3674 2244 3948 2318 intelligit;
3979 2254 4074 2307 sed

2508 2340 2625 2389 nos,
2660 2336 2715 2380 ut
2740 2337 2793 2381 et
2821 2326 3120 2383 Bcrnardns
3148 2330 3445 2395 Brixianus,
3477 2334 3545 2389 de
3571 2338 3843 2403 superiore
3871 2342 3980 2397 sive
4008 2344 4073 2398 de

2508 2416 2837 2483 praecedente
2866 2420 3224 2487 intelligimus,
3256 2430 3412 2491 atque
3440 2423 3508 2477 ita
3537 2426 3929 2499 intelligendum
3954 2449 4073 2489 esse

2504 2508 2767 2576 exemplis
2809 2511 3184 2578 comprobatur
3218 2529 3231 2564 :
3272 2512 3574 2584 nuliamque
3616 2519 3770 2573 aliam
3810 2522 4071 2593 interponi

2506 2611 2659 2665 posse
2690 2598 2957 2652 homiliam
2986 2601 3121 2655 inter
3141 2601 3399 2657 decimam
3425 2617 3473 2659 et
3499 2608 3830 2664 undecimam
3852 2610 3961 2681 jam
3983 2630 4072 2669 su-

2504 2689 2682 2757 perius
2722 2691 3078 2758 probavimus.
3110 2695 3400 2751 OccasiOnc
3432 2710 3602 2753 metus
3627 2718 3730 2770 quo
3760 2704 3930 2759 allecti
3962 2707 4070 2759 Au-

2502 2777 2731 2833 tiocheni
2762 2789 2913 2835 erant
2936 2824 2951 2849 ,
2986 2783 3149 2837 multa
3194 2784 3324 2839 dicit
3368 2787 3433 2842 de
3477 2787 3616 2843 bono
3646 2788 3848 2846 timoris
3882 2812 3893 2847 :
3925 2804 3977 2847 et
4015 2794 4067 2848 in

2502 2867 2605 2921 line
2629 2879 2810 2923 contra
2836 2871 3075 2940 iurandi.
3106 2874 3171 2928 ab
3197 2874 3418 2945 aliisque
3443 2878 3797 2947 juramcntum
3827 2883 4067 2952 exigendi

2500 2961 2936 3017 consuetudinem
2962 2964 3323 3020 concionatur.

2570 3052 2784 3105 Decima
2814 3066 2961 3109 sexta
2992 3063 3113 3108 tunc
3144 3055 3317 3110 habita
3346 3056 3463 3124 fuit,
3486 3074 3602 3114 cum
3632 3075 3815 3130 Sparso
3840 3064 4067 3133 quodam

2501 3139 2634 3195 falso
2660 3142 2847 3195 lutum
2874 3144 3225 3212 populationis
3250 3162 3482 3211 rumore,
3511 3149 3578 3203 de
3602 3150 3721 3219 fuga
3745 3154 4066 3220 capessenda

2500 3245 2687 3284 omnes
2710 3231 3091 3287 deliberabant.
3121 3234 3265 3288 llanc
3288 3237 3443 3290 etiam
3470 3238 3583 3291 loco
3611 3254 3821 3294 movere
3850 3252 4069 3296 conatur

2500 3319 2888 3390 Tillemontius,
2908 3332 2961 3379 et
2990 3325 3124 3379 inter
3142 3325 3397 3381 decimam
3424 3337 3477 3381 et
3500 3328 3825 3384 undecimam
3853 3334 4065 3397 locare;

2500 3412 2641 3481 quod
2673 3422 2870 3478 tamen,
2904 3422 2964 3468 ut
2992 3413 3055 3467 ad
3086 3414 3448 3469 duodecimam
3471 3418 3718 3482 diximus,
3745 3421 3944 3475 admitti
3977 3439 4069 3477 ne-

2501 3502 2633 3571 quit.
2668 3502 2759 3557 His
2791 3518 2949 3572 porro
2979 3504 3162 3558 nititur
3185 3504 3549 3577 Chrysostomi
3584 3510 3756 3563 verbis
3785 3509 4070 3565 Tillemon-

2504 3592 2606 3646 tius
2638 3595 2743 3647 :ait
2763 3594 2818 3647 S.
2847 3594 3033 3648 doctor
3062 3612 3115 3649 n.
3148 3594 3200 3661 6,
3233 3595 3519 3650 Secundam
3538 3600 3723 3668 jejunii
3736 3604 4069 3670 septimanam

2502 3684 3024 3749 praeterivimusﬂuas
3036 3700 3160 3755 ergo
3174 3694 3372 3739 tantum
3388 3686 3741 3744 hebdomadas
3754 3693 4070 3760 prteteriisse

2498 3773 2646 3840 dicit,
2679 3774 2817 3845 quod
2848 3775 3053 3830 admitti
3099 3793 3205 3831 non
3254 3793 3409 3847 posse
3440 3779 3699 3844 videatur,
3731 3784 3773 3837 si
3814 3784 3987 3837 locum
4016 3792 4071 3837 et

2500 3881 2779 3920 numermn
2828 3882 2979 3921 suum
3020 3867 3103 3922 illa
3136 3877 3349 3923 teneat:
3385 3870 3504 3924 ideo
3528 3872 3895 3927 Tillemontius
3927 3875 4066 3926 illam

2497 3952 2617 4009 loco
2644 3955 2955 4009 movendam
2978 3971 3097 4011 esse
3128 3967 3275 4026 putat
3302 3970 3354 4013 et
3382 3960 3516 4013 inter
3539 3961 3795 4016 decimam
3823 3972 3875 4015 et
3905 3962 4071 4016 unde—

2500 4046 2711 4099 cimam.
2740 4044 2854 4100 Non
2885 4062 3036 4116 posse
3066 4048 3209 4102 illam
3234 4050 3370 4103 inter
3388 4052 3644 4105 decimam
3667 4061 3718 4104 et
3737 4050 4063 4106 undecimam

2501 4136 2720 4204 reponi,
2748 4136 2855 4205 jam
2884 4139 3123 4207 superius
3153 4139 3426 4207 probatum
3456 4147 3554 4191 est.
3584 4138 3697 4191 Non
3728 4152 3879 4206 posse
3907 4140 4063 4193 etiam

2500 4224 2601 4281 hoc
2643 4227 2693 4281 in
2729 4228 2847 4282 loco
2884 4237 2937 4283 et
2973 4244 3193 4283 numero
3232 4230 3522 4281 consistere
3564 4229 3778 4280 omnino
3816 4228 4022 4283 videtur
4052 4250 4065 4283 :

2502 4330 2620 4368 nam
2651 4317 2695 4370 si
2720 4326 2836 4385 post
2863 4316 3347 4383 secundamjcjunii
3370 4317 3712 4381 septimanam
3745 4316 3917 4371 habita
3951 4320 4065 4383 fuit,

2500 4407 2757 4462 decimam
2803 4409 3007 4461 tertiam
3044 4415 3098 4458 et
3138 4414 3415 4473 sequentes
3448 4407 3729 4472 prmcessit.
3774 4406 3898 4461 [Lee
3927 4420 4071 4463 certe

2502 4498 2723 4551 salebris
2758 4505 2878 4548 sunt
2922 4496 3071 4563 plena
3110 4512 3122 4547 :
3160 4502 3476 4563 quapropter
3517 4510 3626 4548 rem
3657 4496 3865 4552 dubiam
3906 4500 4068 4553 relin-

2503 4602 2665 4654 qnerc
2696 4585 2864 4639 visam
2892 4593 2991 4637 est.
3025 4583 3158 4649 Quid
3200 4585 3241 4637 si
3272 4584 3557 4639 dixerimus
3586 4602 3817 4641 errorem
3850 4589 4070 4643 fortasse

2506 4675 2556 4727 in
2582 4674 2720 4727 hunc
2740 4674 2911 4727 locum
2943 4673 3202 4727 invectum
3224 4688 3342 4728 esse
3368 4689 3397 4727 a
3420 4676 3608 4739 scriba,
3633 4678 3719 4744 qui
3750 4678 3948 4730 literam
3973 4694 4070 4730 utt-

2505 4765 2753 4818 meralem
2774 4788 2802 4830 γ
2828 4780 2921 4834 pro
2944 4765 3091 4819 tertia
3117 4765 3337 4833 positam
3361 4767 3410 4818 in
3432 4775 3477 4827 ε,
3509 4766 3557 4819 id
3586 4775 3667 4820 est
3691 4768 3742 4819 in
3764 4767 4067 4829 secundam.

2505 4855 2823 4909 mutaverit?
2864 4854 2919 4909 in
2960 4855 3057 4909 hac
3085 4856 3339 4910 concione
3371 4856 3650 4923 przemissis
3676 4856 3980 4922 quibusdam
4004 4859 4071 4912 de

2499 4946 2781 5000 timiditate
2811 4945 3256 4999 Antiochenorum
3278 4986 3293 5010 ,
3321 4945 3491 5013 deque
3513 4944 3814 5010 juramento
3833 4945 4065 5009 vitando,

2501 5049 2867 5108 argumentum
2900 5038 3132 5092 boniilire
3161 5045 3428 5090 mutuatur
3454 5037 3857 5105 Chrysostomus
3885 5054 3948 5092 ex
3988 5040 4069 5095 his

2504 5131 2647 5184 l‘auli
2676 5130 2850 5184 verbis
2880 5148 2891 5183 :
2928 5129 3121 5182 Paulus
3149 5130 3338 5181 vinctus
3356 5127 3477 5180 Jcsu
3503 5126 3688 5181 Christi
3711 5138 3755 5181 et
3780 5128 4069 5187 Timotheus

2502 5224 2693 5291 frater,
2740 5222 3061 5288 Paulumque
3099 5218 3459 5287 gloriosiorem
3496 5232 3557 5271 ex
3595 5219 3815 5275 vinculis
3846 5221 4066 5278 demon-

2501 5323 2655 5378 strat,
2684 5328 2842 5381 quam
2872 5328 2935 5365 ex
2970 5310 3158 5362 virtute
3184 5308 3574 5361 miraculorum.

2575 5402 2788 5457 Decima
2834 5399 3055 5466 septima
3103 5397 3275 5451 habita
3306 5407 3387 5451 est
3426 5406 3696 5468 postquam
3734 5400 4069 5462 Hellebiehus

2502 5496 2749 5565 Magister
2774 5492 2998 5544 militum
3026 5498 3077 5544 et
3104 5488 3362 5543 Ctesarius
3389 5490 3632 5559 Magister
3656 5493 3723 5547 ab
3749 5494 4069 5566 Imperatori:

2503 5584 2651 5638 missi
2684 5580 3027 5649 perquisitum
3056 5579 3122 5633 de
3151 5579 3407 5634 seditione
3429 5621 3444 5645 ,
3477 5580 3803 5638 Antiochiam
3839 5587 4069 5643 advene—

2505 5681 2642 5726 rant.
2677 5671 3008 5725 licllebiehus
3035 5670 3117 5724 hic
3136 5712 3151 5735 ,
3181 5670 3425 5740 Magister
3447 5674 3676 5739 equitum
3706 5678 4067 5749 peditumque,

2504 5762 2626 5813 alibi
2672 5770 2992 5814 memoratus
3029 5762 3295 5824 occurrit,
3339 5770 3391 5816 et
3428 5762 3641 5831 justitize
3678 5769 4072 5836 clementiaeque

2506 5850 2655 5904 laude
2685 5851 2908 5905 celebris
2932 5859 3043 5904 erat
3072 5892 3083 5903 .
3113 5849 3369 5907 Cmsarius
3393 5855 3571 5920 etiam,
3604 5857 3846 5929 Magister
3871 5857 4072 5909 ofﬁcio-

2506 5955 2621 5995 rum
2651 5941 2774 5995 alibi
2800 5940 2987 6006 dietus,
3024 5942 3133 6013 pari
3158 5943 3418 6014 gaudebat
3446 5947 3721 6017 probitatis
3751 5949 3909 6001 fama.
3940 5944 4069 5999 Pro-
