4504 6730
419 543 511 598 lii
1588 533 1767 591 NUNC
1806 530 2061 586 PRIMUM
2101 527 2493 585 ADORNATA.

418 652 655 707 nuntiata
677 662 852 711 autem
880 656 979 711 l'uit
1001 655 1114 710 haec
1135 650 1350 705 humilia
1376 663 1498 703 cum
1529 646 1842 703 Antiocheni
1875 664 2007 717 pene

415 758 445 796 a
471 753 615 798 metu
641 745 792 803 liberi
822 757 1020 803 essent.
1056 744 1355 805 lnnumera,
1380 741 1450 793 ait
1473 739 1561 794 ille
1580 755 1726 793 num.
1752 739 1807 807 Ξ,
1831 757 2008 807 ea‘spe—

414 837 659 891 ctavimus
686 840 858 904 mala;
882 838 1108 891 omnium
1129 833 1395 900 facultates
1416 832 1667 900 direptum
1694 831 1777 896 iri,
1811 831 2009 884 habita-

414 928 532 979 cala
559 946 673 982 cum
699 925 1039 982 habitantibus
1068 921 1406 975 comburenda
1432 963 1446 986 ,
1476 922 1721 976 civitatem
1753 922 1815 974 de
1846 919 2008 972 medio

416 1021 692 1074 tollendam
719 1021 856 1083 orbe,
884 1026 931 1070 et
952 1016 1109 1085 ipsius
1134 1015 1371 1084 reliquias
1391 1032 1559 1070 ontnes
1585 1016 1855 1087 perituras,
1889 1026 2007 1062 ara-

417 1122 549 1163 trum
570 1112 733 1179 ipsius
757 1118 944 1161 terram
969 1107 1283 1161 sulcaturum
1308 1124 1430 1162 esse.
1458 1108 1561 1161 Sed
1581 1122 1693 1159 ecce
1709 1106 1816 1157 lucc
1838 1102 2008 1155 omnia

415 1200 550 1253 intra
568 1197 989 1266 exspectationem
1006 1206 1199 1251 tantum
1216 1209 1476 1264 steterunt,
1497 1208 1541 1252 et
1556 1198 1613 1250 in
1630 1213 1755 1267 opus
1772 1212 1871 1249 non
1888 1212 2008 1265 pro-

416 1297 689 1343 cesserunt.
722 1286 833 1341 Sub
854 1288 967 1342 hare
995 1300 1171 1344 narrat
1196 1289 1464 1361 quomodo
1487 1288 1731 1343 monachi
1759 1304 1823 1342 ex
1850 1303 2005 1339 mon-

420 1381 559 1432 libus
591 1378 924 1433 Antiochiam
954 1380 1362 1449 descenderint,
1391 1390 1449 1434 ut
1472 1381 1679 1451 jndiccs
1713 1379 2003 1447 placarent,

417 1468 543 1521 dum
576 1468 787 1522 interim
811 1470 1109 1541 philosophi
1138 1488 1325 1528 omnes
1365 1472 1536 1527 Grzeci
1569 1470 1757 1522 urbem
1787 1467 2007 1521 desere-

419 1570 537 1615 rent
562 1578 573 1612 :
603 1577 709 1630 quo
749 1572 902 1632 pacto
930 1568 1090 1622 etiam
1129 1568 1436 1621 sacerdotes
1470 1564 1522 1616 in
1564 1564 1787 1631 gratiam
1831 1562 2007 1630 Ρ⁰Ρ¹¹¹ί

418 1661 639 1708 strenue
668 1670 780 1709 rem
806 1659 1067 1727 gesserint
1097 1676 1112 1712 :
1140 1672 1325 1727 plenas
1354 1656 1421 1707 ab
1441 1654 1767 1721 lmperature
1788 1653 2004 1707 domum

418 1744 677 1815 irrogatas
698 1789 712 1813 ,
747 1748 892 1803 leves
922 1749 1330 1817 tolerabilcsque
1352 1760 1491 1810 esse,
1521 1760 1691 1814 neque
1714 1744 2006 1800 dolendum

418 1836 465 1890 si
495 1839 803 1894 orchestram
831 1851 877 1895 et
902 1842 1083 1895 balnea
1111 1840 1416 1901 occluserit,
1447 1852 1509 1891 ac
1537 1839 1892 1909 metrOpoleos
1921 1838 2005 1893 di-

418 1929 670 1995 gnitatem
698 1932 764 1985 ab
791 1933 922 1986 urbe
948 1930 1246 1985 Antiochia:
1277 1930 1572 1984 sustulerit.
1604 1930 1794 1987 Veram
1818 1932 2007 1987 Antio-

417 2019 553 2074 ehiaz
572 2021 883 2091 dignitatem
912 2036 1055 2087 esse,
1088 2020 1231 2089 quod
1256 2020 1308 2074 in
1336 2036 1395 2074 ea
1419 2019 1872 2091 diseipuliChristi
1893 2023 2001 2092 pri-

417 2127 563 2168 mum
593 2113 878 2169 Christiani
901 2114 1006 2168 sint
1027 2112 1218 2177 vocati,
1242 2112 1453 2182 etquod
1472 2114 1785 2169 Antiocheni
1807 2117 2005 2171 sanctis

416 2203 879 2273 Jerosolymitanis
900 2206 1035 2255 fame
1056 2202 1418 2257 laborantibus
1438 2218 1593 2272 opem
1623 2205 1873 2259 tulerint:
1899 2220 2002 2259 non

419 2295 831 2363 magnitudinem
853 2334 868 2358 ,
914 2291 1009 2346 sed
1043 2293 1290 2361 pietatem
1326 2293 1482 2348 urbes
1510 2310 1789 2349 exornare.
1818 2296 1872 2347 In
1901 2295 2008 2349 fine

416 2396 593 2438 autem
620 2385 764 2450 dicit,
786 2386 920 2439 alios
936 2383 1111 2440 adhuc
1130 2386 1182 2440 in
1204 2401 1416 2441 carcere
1442 2386 1658 2456 degere,
1682 2386 1817 2440 alios
1842 2386 1892 2439 in
1915 2401 2008 2439 ex-

417 2476 592 2529 silium
636 2477 921 2531 mittcndos
968 2492 1106 2533 esse.
1154 2477 1297 2533 lianc
1330 2478 1601 2533 homiliam
1632 2477 2006 2531 Tillemontius

416 2570 623 2621 confert
651 2570 701 2623 in
745 2569 1128 2625 hebdomadem
1159 2580 1400 2640 quartam
1428 2569 1858 2638 Quadragesima:
1890 2579 2008 2638 post

418 2651 603 2707 furiam
630 2664 893 2723 quartam,
925 2655 1020 2709 sed
1048 2670 1114 2709 ex
1140 2656 1442 2723 conjectura
1473 2663 1696 2707 tantum.
1730 2651 2003 2723 Metropo-

416 2743 531 2799 leos
589 2761 714 2799 vero
771 2745 1000 2815 dignitas
1043 2746 1298 2801 translata
1347 2746 1445 2799 fuit
1485 2744 1767 2799 Antiochia
1816 2745 2006 2800 Laodi-

414 2849 586 2901 ceam,
611 2835 873 2891 referente
900 2836 1237 2892 Theodorcto
1265 2838 1299 2889 Ι.
1330 2837 1384 2901 5,
1413 2850 1462 2889 c.
1495 2835 1583 2891 l9.

490 2924 700 2979 Decima
728 2938 910 2980 octava
944 2927 1159 2982 homilia
1191 2936 1310 2996 post
1338 2925 1615 2980 dimidium
1642 2926 1831 2996 jejunii
1861 2927 2003 2983 dicta

415 3016 533 3079 fuit,
566 3029 620 3070 ut
645 3019 716 3070 ait
747 3018 895 3072 initio
919 3019 1351 3089 Chrysostomus.
1388 3017 1543 3071 Putat
1565 3032 1694 3073 vero
1713 3017 2005 3073 Tillemon-

416 3110 519 3160 tius
547 3109 684 3163 illam
718 3111 767 3163 in
796 3110 1125 3164 Dominicam
1157 3115 1391 3180 quintam
1418 3108 1851 3180 Quadragesimzc
1882 3126 2005 3180 pro-

416 3198 659 3253 bahiliter
678 3200 865 3267 conjici
890 3214 1067 3269 posse.
1098 3201 1283 3269 Agitur
1314 3214 1472 3269 porro
1498 3200 1564 3254 de
1587 3217 1709 3255 vera
1728 3201 2001 3271 jejunandi

414 3291 619 3345 ratione
639 3332 653 3354 ,
685 3292 750 3346 de
772 3291 1075 3346 divitiarum
1099 3299 1406 3359 contemptu
1425 3332 1438 3355 ,
1466 3290 1534 3346 de
1569 3292 1780 3346 tristitia
1808 3308 2001 3348 secun-

413 3382 536 3434 dum
574 3383 758 3446 Deum,
788 3392 893 3439 etc.

485 3474 751 3530 "actenus
794 3476 847 3530 in
884 3475 1225 3531 homiliarum
1265 3492 1489 3531 numero
1516 3486 1569 3532 et
1600 3477 1787 3533 ordine
1817 3477 2000 3532 Savilii

410 3574 467 3617 et
508 3564 789 3623 Frontonis
843 3568 1016 3621 [luctui
1062 3567 1330 3622 Editioues
1376 3579 1632 3637 sequutus
1677 3584 1839 3635 sum;
1892 3570 2000 3624 imo

412 3657 572 3709 etiam
601 3656 861 3712 decimam
894 3674 1087 3713 nonam
1109 3660 1444 3715 continenter
1470 3662 1641 3729 posui,
1670 3661 2001 3716 Tillemontii

411 3750 646 3816 opinioni
676 3751 1061 3821 adstipulatus,
1095 3753 1181 3823 qui
1214 3753 1352 3808 inter
1373 3753 1874 3824 Quadragesimales
1901 3754 1999 3809 de-

411 3841 602 3892 cimam
646 3856 838 3895 nonam
880 3851 935 3897 et
974 3843 1087 3912 ipse
1129 3845 1331 3912 putavit
1367 3846 1776 3900 accensendam.
1802 3845 1999 3900 Verum

412 3940 592 3999 postea
623 3932 869 3987 secundis
894 3935 1036 3987 curis
1060 3938 1294 4004 comperi
1322 3935 1463 3989 illam
1493 3935 1584 3989 ditt
1614 3945 1735 4006 post
1763 3936 1963 3991 Pascha
1984 3977 1999 3999 ,

415 4022 684 4077 Dominica
726 4040 918 4093 nempe
946 4033 1070 4079 ante
1107 4026 1491 4080 Ascensionem
1520 4027 1727 4081 Domini
1757 4028 1992 4082 habitam

413 4113 608 4178 fuisse,
649 4126 709 4169 ut
745 4117 905 4172 etiam
946 4117 999 4171 in
1039 4116 1192 4172 titulo
1232 4117 1397 4172 fertur
1421 4160 1437 4185 ,
1485 4134 1679 4188 nempe
1723 4119 1995 4174 Dominica

410 4220 492 4267 τῆς
519 4212 861 4275 ιπισωςομένης
889 4248 904 4271 ,
947 4224 1066 4278 qua:
1098 4210 1423 4264 Dominicam
1454 4210 1692 4279 quintam
1736 4221 1856 4280 post
1899 4211 1999 4265 Pa-

409 4298 558 4363 scha,
583 4299 695 4353 sive
724 4300 1050 4354 Dominicam
1072 4310 1198 4355 ante
1223 4302 1607 4356 Ascensionem
1636 4302 1918 4372 significat,
1943 4312 2000 4357 ut

409 4389 483 4443 ait
505 4390 612 4445 Leo
634 4390 877 4445 Allatius.
897 4392 1001 4446 Sed
1028 4407 1090 4447 ea
1117 4393 1184 4447 de
1210 4408 1268 4447 re
1295 4391 1428 4447 infra
1457 4393 1713 4462 pluribus.
1740 4393 1872 4449 Cum
1901 4396 2000 4449 ita-

410 4497 513 4550 que
539 4482 629 4534 illa
660 4482 797 4537 inter
824 4484 1083 4537 llomilias
1104 4484 1172 4537 de
1196 4484 1416 4550 Statuis,
1449 4485 1530 4539 vel
1556 4486 2001 4556 Quadragesima-

411 4574 487 4629 les
514 4576 774 4629 recenseri
802 4590 905 4629 non
925 4575 1139 4640 debeat,
1165 4576 1370 4630 decima
1402 4592 1541 4631 nona
1562 4578 1665 4632 erit
1689 4578 1809 4643 illa,
1840 4593 1997 4647 quam

411 4681 507 4721 nos
527 4666 833 4734 vigesimam
858 4680 1226 4733 posueramus,
1246 4682 1469 4737 quicque
1490 4668 1542 4721 ln
1565 4669 1815 4723 Editione
1831 4669 2001 4723 Fron-

412 4759 550 4813 tonis
582 4758 753 4810 Duczei
784 4758 1040 4825 vigesima
1066 4756 1300 4810 secunda
1330 4768 1672 4825 numeratur,
1714 4759 1997 4828 habitaqne

413 4852 541 4917 fuit,
575 4860 711 4905 teste
744 4846 1133 4919 Chrysnstomo
1154 4888 1168 4911 ,
1198 4847 1384 4902 decem
1411 4849 1599 4903 diebus
1623 4858 1747 4905 ante
1769 4850 1993 4904 Pascha.

414 4941 503 4996 Illa
534 4956 692 5004 vero,
722 4955 883 5009 quam
910 4939 1113 4992 Fronto
1147 4938 1371 4993 Duczeus
1397 4939 1703 5008 vigesimam
1734 4955 1993 4994 numera-

413 5043 598 5097 verat,
630 5042 683 5087 et
712 5046 810 5085 nos
841 5030 1148 5100 vigesimam
1178 5031 1400 5099 primam
1433 5031 1705 5099 posuimus
1725 5072 1741 5096 ,
1772 5031 1881 5099 jam
1916 5033 1995 5085 vi-

412 5129 612 5195 gesima
628 5129 747 5193 erit,
762 5126 973 5197 dempta
990 5140 1183 5193 nempe
1206 5125 1293 5179 illa
1323 5124 1500 5179 habita
1532 5125 1587 5179 in
1616 5125 1889 5179 Dominica
1913 5142 1998 5187 τῆς

411 5222 784 5285 tumeant-mn
816 5218 883 5270 de
921 5231 1023 5285 qua
1064 5230 1163 5269 suo
1194 5215 1311 5269 loco
1337 5228 1540 5286 agetur.
1588 5216 1708 5269 lla'c
1732 5231 1895 5287 porro
1922 5218 1999 5270 vi-

412 5310 613 5373 gesima
636 5318 714 5364 est
738 5308 919 5362 ultima
942 5306 1009 5360 de
1029 5306 1249 5360 Statuis.
1279 5305 1459 5377 Itaque
1482 5308 1590 5375 jam
1611 5308 1796 5376 viginti
1824 5308 1998 5361 Solum

414 5397 673 5455 Homilias
695 5402 762 5456 de
786 5399 983 5456 Statuis
1004 5413 1287 5453 recensere
1307 5410 1539 5468 oportet,
1564 5401 1683 5469 quia
1706 5399 1816 5465 illa,
1840 5415 1997 5471 quam

417 5504 515 5541 nos
542 5491 799 5546 decimam
828 5506 1020 5547 nonam
1050 5491 1339 5560 posuimus,
1371 5491 1477 5545 alio
1504 5491 1870 5547 transferenda
1896 5502 1998 5557 est,

415 5591 469 5631 et
495 5576 740 5645 homilia,
771 5599 928 5652 quam
960 5580 1267 5652 vigesimam
1299 5580 1524 5650 primam
1558 5582 1756 5636 Fronto
1778 5584 2001 5638 Ducmus

420 5679 666 5741 posuerat
687 5711 702 5731 .
729 5683 812 5726 est
835 5674 1132 5730 catechesis
1157 5682 1303 5729 extra
1330 5674 1527 5728 seriem
1554 5673 1905 5729 llomiliarum
1935 5674 2003 5730 de

414 5758 619 5818 Statuis
649 5763 911 5830 ponenda,
941 5776 998 5819 ut
1024 5768 1141 5821 loco
1170 5782 1267 5821 suo
1288 5765 1547 5820 dicemus.

491 5855 547 5910 In
588 5855 837 5925 vigesima
880 5854 1115 5923 homilia,
1150 5875 1306 5928 quam
1351 5872 1448 5912 n05
1474 5857 1583 5927 jam
1610 5853 1869 5912 decimam
1908 5874 2005 5914 no-

427 5963 550 6002 nam
574 5960 942 6011 numeramus,
961 5945 1014 6001 in
1033 5948 1188 6005 titulo
1203 5952 1315 6006 haec
1336 5951 1605 6006 adduntur
1634 5952 1686 6007 in
1712 5949 2002 6008 Manuscri-

3602 537 3704 594 £29.

2114 645 2218 715 ptis
2247 644 2566 716 quibusdam
2602 663 2613 697 :
2654 645 2796 699 Dicta
2822 656 2893 701 est
2919 648 3087 703 decem
3116 649 3289 704 diebus
3325 662 3439 707 ante
3475 666 3704 711 sanctam

2115 747 2159 788 et
2183 737 2427 805 viviﬁcam
2455 735 2664 790 Domini
2684 739 2840 790 nostri
2864 736 2920 790 J.
2942 739 2999 792 C.
3034 740 3463 798 Resurrectionem
3490 762 3549 798 ea:
3570 764 3705 801 mor-

2116 827 2256 881 tuis:
2282 826 2422 898 quod
2471 828 2672 896 optime
2713 827 2937 899 quadrat
2978 830 3044 883 ad
3076 832 3272 887 dictum
3306 834 3432 890 illud
3464 835 3705 907 Chryso-

2114 919 2271 972 stomi
2315 919 2473 986 paulo
2514 928 2638 975 ante
2683 920 2842 976 linem
2890 921 3125 977 humilia:
3156 942 3168 977 :
3204 925 3555 997 Quadraginta
3598 931 3707 983 dics

2115 1012 2481 1077 prwterierunt.
2507 1012 2693 1067 Habita
2716 1028 2846 1081 ergo
2868 1013 3026 1070 fuerit
3054 1014 3167 1069 hare
3186 1018 3371 1071 concio
3403 1019 3531 1074 feria
3553 1032 3705 1075 sexta

2114 1108 2234 1168 post
2253 1100 2599 1166 Domiuieam,
2615 1118 2772 1172 quam
2793 1104 3061 1161 Passionis
3080 1122 3350 1162 vocamus.
3371 1108 3493 1164 llzec
3509 1114 3705 1180 quippe

2113 1192 2227 1245 dies
2244 1202 2359 1246 erat
2374 1192 2799 1264 quadragesima,
2821 1196 3119 1266 incipiendo
3137 1216 3166 1253 a
3190 1201 3316 1254 feria
3335 1202 3568 1256 secunda
3589 1214 3708 1270 post

2112 1283 2640 1353 Quinquagesimam,
2672 1301 2792 1355 qua:
2834 1297 2951 1341 erat
2988 1287 3194 1342 initium
3224 1290 3655 1361 Quadragesima:
3691 1312 3704 1345 τ

2111 1383 2223 1429 erat
2252 1374 2377 1429 item
2404 1375 2609 1431 decima
2637 1387 2760 1432 ante
2786 1378 3021 1440 Pascha,
3054 1380 3225 1450 ipsum
3256 1380 3531 1435 Paschalis
3560 1384 3702 1438 diem

2111 1466 2531 1520 annumerando.
2558 1467 2651 1520 Est
2676 1476 2852 1521 autem
2881 1469 2993 1523 hazc
3021 1470 3234 1525 hornilia
3259 1471 3428 1527 ferme
3450 1482 3555 1528 tota
3577 1490 3707 1528 Con-

2115 1564 2193 1610 tra
2233 1557 2559 1610 simultatem
2603 1566 2657 1611 et
2701 1556 3006 1626 injuriaram
3034 1562 3343 1616 memoriam
3370 1605 3386 1628 ,
3428 1573 3482 1618 et
3520 1564 3570 1618 in
3601 1565 3705 1620 line

2113 1659 2210 1713 pro
2237 1659 2385 1698 more
2413 1645 2570 1699 solito
2597 1656 2781 1701 contra
2812 1646 3129 1717 iuramenta.

2189 1737 2452 1805 Vigesima
2484 1739 2651 1807 prima
2683 1740 2917 1808 homilia,
2951 1759 3108 1812 quam
3135 1759 3233 1797 nos
3263 1746 3568 1814 vigesimatn
3602 1765 3702 1798 tm-

2114 1827 2422 1881 merandam
2453 1837 2699 1898 putamus
2719 1873 2733 1894 ,
2771 1843 2850 1885 est
2894 1834 3074 1888 ultima
3103 1835 3169 1890 de
3197 1836 3417 1891 Statttis.
3450 1838 3567 1907 Ipso
3599 1839 3703 1894 lle.

2112 1920 2456 1974 surrectionis
2499 1920 2588 1975 die
2632 1921 2810 1976 habita
2854 1925 3107 1991 probatur
3147 1941 3213 1980 ex
3257 1927 3319 1981 iis
3349 1943 3467 1997 quae
3493 1930 3592 1983 sub
3624 1931 3704 1983 in-

2111 2012 2261 2065 ltium
2313 2012 2583 2075 dicuntur,
2630 2024 2684 2068 et
2728 2023 2849 2084 post
2887 2015 3115 2069 reditum
3165 2017 3400 2072 Flaviani
3444 2022 3699 2089 episcopi.

2112 2102 2291 2156 Primo
2330 2103 2511 2156 laudat
2553 2103 2866 2158 Flavianum
2890 2145 2905 2168 ,
2928 2106 3068 2174 quod
3101 2120 3287 2160 sorore
3326 2108 3513 2163 morbo
3553 2110 3704 2163 Iaho-

2111 2204 2295 2258 rante,
2323 2195 2389 2248 de
2414 2197 2672 2251 extremis
2699 2199 3033 2267 periclitante
3052 2241 3065 2264 ,
3096 2210 3149 2253 et
3176 2200 3392 2256 fratrem
3423 2218 3491 2256 ne
3516 2219 3574 2257 se
3604 2203 3701 2257 de-

2112 2293 2318 2338 sereret
2362 2294 2586 2354 rogante
2608 2327 2625 2351 ,
2657 2288 2835 2341 omnia
2867 2298 3041 2343 tamen
3083 2291 3172 2345 ille
3208 2291 3570 2359 posthabuerit
3598 2334 3614 2358 ,
3646 2304 3705 2347 ut

2114 2374 2430 2443 periclitanti
2459 2375 2606 2446 gregi
2637 2376 2987 2445 prospiceret.
3011 2377 3203 2433 Narrat
3228 2380 3495 2449 quomodo
3528 2381 3699 2449 Impe-

2112 2474 2345 2519 ratorem
2373 2465 2566 2520 adierit
2593 2475 2646 2520 et
2678 2467 2729 2520 in
2756 2479 3099 2537 conspectum
3128 2469 3244 2539 ejus
3272 2470 3556 2535 adductus,
3586 2482 3700 2525 sta-

2113 2555 2206 2609 tim
2228 2556 2496 2627 lacrymis,
2514 2557 2658 2611 luctu
2680 2567 2731 2611 et
2760 2558 2973 2613 silentio
2990 2560 3093 2613 vim
3115 2560 3316 2616 doloris
3337 2564 3657 2632 expressorit
3683 2582 3698 2618 :

2111 2644 2414 2716 deindeque
2444 2646 2633 2701 leniter
2658 2646 2904 2702 hortante
2931 2649 3252 2717 lmperatore
3277 2654 3570 2707 orationem
3601 2654 3703 2709 ha.

2109 2737 2328 2804 buerit,
2360 2754 2517 2809 quam
2560 2738 2974 2811 Chrysostomus
3017 2741 3083 2794 ad
3124 2743 3340 2796 vetbnm
3385 2745 3543 2799 refert.
3581 2756 3704 2814 apte

2108 2832 2456 2898 compositam
2484 2830 2548 2883 ad
2577 2830 2935 2885 Theodosium
2971 2832 3286 2901 placandum
3321 2852 3334 2887 :
3364 2834 3699 2891 Theodosius

2108 2937 2239 2975 vero
2277 2922 2341 2975 ad
2388 2923 2808 2978 misericordiam
2855 2935 3189 2989 commotus,
3234 2926 3348 2980 hzcc
3393 2928 3700 2984 Christiano

2110 3013 2360 3084 Principc
2397 3014 2553 3084 digna
2596 3018 2812 3085 protulit
2843 3018 3006 3071 verba
3037 3034 3050 3070 :
3084 3017 3220 3083 Quid
3242 3036 3477 3089 magnum
3504 3024 3626 3080 erit,
3659 3023 3703 3074 si

2109 3104 2416 3171 hominibus,
2446 3106 2532 3174 qui
2556 3124 2644 3160 nos
2674 3109 2985 3162 contumeliis
3008 3107 3300 3174 alfeeerunt,
3322 3109 3451 3162 iram
3472 3114 3699 3164 remittu-

2108 3214 2249 3261 mus,
2282 3213 2397 3250 cum
2424 3214 2513 3251 nos
2544 3199 2641 3267 ipsi
2670 3199 2896 3253 homines
2926 3202 3080 3254 simus
3104 3216 3121 3263 ;
3152 3201 3352 3271 quando
3381 3203 3557 3254 mundi
3587 3202 3696 3255 Do-

2106 3290 2272 3343 minus
2298 3290 2349 3343 in
2382 3301 2568 3343 terram
2595 3292 2896 3345 descendens
2917 3334 2930 3355 ,
2976 3308 3035 3344 ac
3070 3303 3275 3362 propter
3311 3310 3401 3345 nos
3441 3293 3589 3347 homo
3619 3297 3699 3360 fa-

2105 3393 2235 3445 ctus,
2261 3392 2303 3436 et
2324 3400 2355 3435 a
2376 3383 2613 3451 beneﬁcio
2634 3383 2826 3450 aﬂ'ectis
2851 3385 3145 3451 cruciﬁxus,
3173 3401 3263 3454 pro
3282 3385 3696 3454 cruciﬁgenﬁbus

2106 3493 2160 3530 se
2182 3475 2390 3531 Patrem
2419 3478 2577 3530 oravit
2602 3477 2810 3531 dicens:
2833 3476 3047 3547 Ignosce
3073 3478 3213 3541 illis;
3243 3496 3344 3532 non
3369 3480 3501 3532 enim
3529 3481 3696 3534 sciunt

2105 3570 2228 3640 quid
2253 3570 2467 3639 faciunt.
2496 3569 2629 3624 Cum
2660 3579 2843 3625 autem
2886 3569 3167 3624 Flavianus
3203 3569 3404 3625 Pascha
3433 3585 3555 3626 cum
3588 3569 3693 3623 lm-

2110 3671 2358 3730 peratore
2397 3661 2670 3715 celebrare
2697 3660 2887 3723 vellet,
2918 3661 3127 3728 reponit
3155 3658 3489 3714 Theodosius
3516 3678 3531 3714 :
3562 3660 3695 3715 Novi

2107 3751 2562 3805 Antiochenorum
2589 3750 2797 3803 animos
2825 3750 3194 3812 conturbatos,
3222 3759 3276 3803 et
3295 3750 3488 3803 multas
3508 3764 3694 3820 super-

2106 3857 2226 3897 esse
2254 3841 2572 3896 calamitatis
2608 3840 2881 3910 reliquias.
2910 3840 3002 3893 Abi
3030 3849 3074 3894 et
3101 3841 3377 3894 consolare.
3413 3840 3475 3895 Si
3516 3843 3695 3911 guber.

2107 3943 2332 3988 natarent
2372 3934 2621 3997 viderint,
2658 3950 2749 3987 nec
2790 3935 3055 4003 prmerita:
3090 3935 3474 3987 reminiscentur
3505 3943 3695 4003 tempe-

2103 4027 2269 4089 statis,
2292 4026 2378 4079 sed
2407 4025 2571 4094 ipsam
2597 4025 2814 4078 tristium
2844 4024 3135 4077 memoriam
3169 4023 3418 4078 delebant.
3448 4022 3572 4078 lltcc
3603 4024 3696 4078 tthi

2104 4117 2456 4175 Antiochenis
2485 4118 2725 4171 nuntiata
2755 4116 2924 4181 fuere,
2953 4116 3144 4187 gaudio
3174 4115 3371 4186 perfusi
3404 4115 3573 4169 forum
3603 4130 3697 4170 co-

2106 4218 2386 4274 ronarunt,
2416 4210 2663 4263 lucernas
2691 4207 3049 4262 accenderunt
3072 4249 3085 4269 .
3118 4216 3173 4261 et
3200 4217 3325 4261 ante
3351 4205 3591 4260 officinas
3619 4207 3696 4261 le-

2104 4301 2380 4357 ctisternia
2409 4316 2659 4369 posuere.
2695 4299 2789 4355 llic
2822 4299 3032 4354 tondent
3073 4298 3167 4353 fuit
3190 4298 3539 4353 Antiocbcnze
3555 4298 3697 4353 sedi-

2106 4395 2268 4451 tionis
2294 4395 2488 4449 exitus.

2175 4487 2293 4541 Jam
2319 4487 2384 4540 ad
2412 4485 2687 4556 sequentia
2710 4486 3007 4549 veniamus,
3027 4499 3145 4553 qua:
3168 4492 3289 4552 post
3304 4482 3444 4538 diem
3467 4482 3697 4537 Pascha-

2106 4580 2173 4634 tis
2199 4578 2519 4648 subscquuta
2550 4588 2673 4632 sunt
2703 4596 2716 4631 :
2748 4578 2802 4631 in
2827 4578 2979 4647 queis
3007 4591 3073 4630 ex
3106 4575 3357 4629 diuturna
3383 4573 3697 4628 tractatione

2106 4686 2213 4725 non
2242 4684 2411 4740 pauca
2457 4678 2621 4735 sunt,
2649 4683 2768 4738 qua:
2800 4667 3007 4738 pridem
3046 4665 3339 4721 secundum
3366 4664 3695 4719 Tillemontit

2105 4764 2429 4817 sententiam
2454 4772 2812 4816 statueramus
2837 4802 2852 4825 ,
2883 4774 3106 4830 qumque
3124 4759 3236 4828 jam
3264 4756 3515 4810 mutanda
3542 4757 3695 4809 nobis

2104 4862 2249 4908 sunt.
2280 4854 2499 4918 Eorum,
2516 4869 2636 4923 qna:
2656 4862 2775 4922 post
2802 4852 2944 4907 diem
2968 4850 3240 4905 Paschalis
3262 4849 3421 4919 hujus
3445 4850 3569 4903 anni
3592 4849 3695 4903 587

2105 4946 2433 5015 subscquuta
2474 4952 2631 5009 sunt,
2684 4943 2818 4998 ordo
2859 4943 3023 5013 probe
3055 4943 3347 5013 percipitur
3374 4958 3440 4997 ex
3480 4942 3548 4996 iis
3578 4957 3699 5010 qua:

2106 5036 2368 5092 Sermone
2415 5036 2583 5104 primo
2608 5034 2676 5089 de
2714 5036 2869 5089 Anna
2904 5043 3085 5089 narrat
3120 5034 3553 5105 Chrysostomus.
3598 5032 3699 5084 Vos

2106 5129 2239 5182 enim
2264 5128 2500 5197 fortasse,
2532 5127 2724 5197 inquit,
2748 5144 2919 5181 eorum
2946 5128 3086 5181 obliti
3115 5129 3253 5193 estis,
3277 5144 3334 5180 eo
3355 5126 3490 5195 quod
3511 5126 3695 5178 multos

2107 5222 2298 5273 interea
2334 5234 2585 5272 sermones
2610 5259 2625 5284 ,
2658 5230 2703 5273 et
2744 5221 2806 5273 de
2847 5220 2963 5273 aliis
3011 5218 3156 5272 rebus
3207 5234 3299 5271 nos
3353 5218 3694 5272 habuerimus.

2112 5311 2248 5365 Nam
2280 5325 2472 5364 reverso
2501 5326 2532 5360 α
2563 5308 2837 5380 longinqua
2867 5309 3268 5379 peregrinatione
3296 5306 3456 5361 Patre
3483 5317 3653 5359 nostra
3679 5348 3693 5367 ,

2109 5403 2440 5455 necessarium
2465 5400 2562 5468 fuit
2592 5401 2762 5454 omnia
2791 5416 3200 5463 commemorare,
3229 5414 3343 5468 qua?
3366 5400 3417 5451 in
3441 5396 3697 5453 Comitum

2108 5494 2436 5547 acciderant:
2466 5509 2525 5545 ac
2553 5493 2735 5546 deinde
2756 5509 2871 5545 cum
2900 5492 3166 5563 gentilibus
3194 5492 3483 5561 disputare,
3516 5500 3573 5543 ut
3606 5490 3698 5543 Iros

2109 5587 2156 5639 vi
2186 5583 2485 5639 calamitatis
2522 5585 2590 5636 ad
2629 5585 2883 5638 meliorem
2912 5587 3110 5655 frugem
3140 5592 3395 5635 reuocatos
3417 5622 3433 5648 ,
3462 5582 3585 5649 qui,
3608 5581 3698 5632 de-

2110 5686 2242 5730 serto
2276 5674 2536 5746 gentilium
2565 5691 2753 5738 errore,
2783 5691 2890 5727 sese
2910 5674 2977 5727 ad
3002 5689 3094 5729 nos
3118 5672 3436 5727 contulerant
3462 5715 3474 5737 ,
3509 5688 3601 5741 pro
3624 5671 3696 5725 vi-

2111 5769 2194 5823 rili
2221 5768 2652 5837 con/innaremus,
2684 5785 2744 5821 ac
2772 5768 3078 5832 duceremus,
3107 5768 3310 5830 quantis
3338 5766 3549 5821 tenebris
3574 5764 3699 5819 libe-

2111 5862 2250 5930 rati,
2279 5860 2346 5913 ad
2376 5869 2571 5913 tantam
2606 5859 2826 5915 ueritatis
2865 5860 3028 5914 lucem
3066 5862 3417 5914 occurrissent.
3452 5854 3577 5912 Post
3607 5856 3701 5911 illa

2112 5971 2315 6009 rursum
2340 5953 2512 6007 multis
2537 5952 2711 6009 diebus
2736 5961 3015 6024 martyrum
3040 5953 3307 6025 festivitate
3321 5951 3465 6024 potiti
3486 5965 3697 6005 sumus:
