4504 6706
806 602 828 645 ἱ
838 592 907 646 ἛΒ

805 718 961 770 neque
1001 702 1213 770 tempori
1246 703 1537 756 conveniens
1571 704 1741 771 fuisset
1769 719 1850 756 eos
1873 745 1889 769 ,
1921 705 2005 775 qui
2043 706 2093 757 in
2136 702 2375 769 sepulcris

804 802 1084 861 martyrum
1114 801 1446 857 versarentur,
1479 810 1650 845 earum
1688 794 1897 846 laudum
1937 811 2049 862 qua:
2078 791 2379 861 martyribus

806 880 1041 934 debentur
1068 892 1287 934 exsortes
1316 883 1586 936 discedere.
1626 883 1876 937 Successit
1914 886 1993 938 his
2027 887 2093 937 ad
2130 885 2378 936 abstinen-

807 973 926 1024 dum
968 988 998 1022 α
1031 974 1333 1040 juramentis
1386 975 1683 1028 exhortatio.
1740 974 1865 1027 Cum
1915 978 2046 1029 enim
2087 986 2238 1028 totout
2292 991 2379 1026 ru-

809 1061 1045 1113 sticorum
1096 1064 1347 1116 nationem
1402 1065 1451 1116 in
1498 1064 1667 1117 urbem
1716 1066 1993 1134 ingressam
2046 1082 2377 1127 cerneremus,

811 1152 901 1203 hos
953 1151 1041 1204 illo
1084 1169 1113 1203 a
1163 1153 1302 1204 nobis
1348 1153 1615 1207 instructos
1657 1156 1833 1207 viatico
1874 1158 2157 1211 censuimus
2208 1156 2378 1207 dimit—

811 1242 1004 1294 tardos.

886 1328 1122 1383 [laminae
1160 1339 1271 1399 post
1308 1331 1509 1387 Pascha
1559 1334 1723 1387 dictce.
1773 1364 1846 1375 —
1897 1336 2143 1398 Reverso,
2196 1336 2379 1405 inquit,

811 1434 874 1471 ex
932 1421 1203 1489 longinqua
1242 1423 1637 1492 peregrinatione
1679 1423 1837 1478 Patre
1882 1438 2050 1480 nostra
2075 1467 2088 1490 ,
2149 1443 2383 1479 necessa-

814 1508 943 1558 rium
1005 1511 1100 1577 fuit
1155 1512 1324 1562 omnia
1379 1527 1804 1578 commemorare,
1855 1530 1967 1583 qua:
2010 1516 2062 1566 in
2132 1514 2383 1569 Comitatu

813 1599 1115 1658 acciderunt,
1142 1601 1234 1655 llic
1256 1602 1397 1657 haud
1415 1603 1574 1658 dubie
1605 1615 1751 1659 notat
1768 1607 2044 1661 Homiliam
2074 1608 2380 1677 vigesimum

814 1692 1036 1759 primam
1086 1693 1151 1746 ad
1210 1694 1466 1764 Populum
1506 1698 1894 1752 Antiochenum
1936 1698 1998 1752 Τ.
2027 1699 2097 1765 Ξ,
2136 1717 2181 1752 c.
2236 1700 2328 1755 2H
2370 1718 2381 1754 :

812 1794 971 1848 quam
994 1782 1297 1852 vigesimam
1327 1788 1705 1841 unmerandam
1734 1804 1853 1842 esse
1884 1790 2040 1843 modo
2057 1790 2383 1857 dicebamus,

815 1870 868 1922 in
895 1885 995 1939 qua
1011 1873 1182 1940 agitur
1195 1872 1261 1926 de
1276 1874 1444 1927 reditu
1470 1874 1703 1929 Flaviani
1727 1876 1982 1947 episcopi,
2002 1879 2173 1949 deque
2200 1896 2386 1935 recou-

813 1959 987 2015 ciliata
1006 1961 1287 2017 Theodosii
1318 1964 1658 2033 Imperatoris
1674 1982 1792 2021 cum
1824 1971 2166 2024 Antiochenis
2194 1974 2382 2040 gratia,

811 2063 930 2116 qua:
955 2052 1142 2105 concio
1163 2053 1213 2106 in
1238 2053 1324 2110 die
1339 2054 1613 2112 Paschalis
1630 2057 1805 2112 habita
1829 2057 2012 2112 fuerat.
2031 2060 2387 2133 PergitChry-

814 2142 1177 2194 sostomusuic
1198 2145 1378 2198 deinde
1391 2162 1505 2199 cum
1517 2149 1782 2216 gentilibus
1798 2148 2055 2218 disputare
2071 2154 2309 2218 oportuit,
2334 2162 2386 2205 ut

818 2232 907 2283 hos
934 2235 979 2283 ui
1020 2234 1322 2288 calamitatis
1362 2238 1430 2289 ad
1459 2239 1709 2291 meliorem
1739 2242 1937 2311 frugem
1975 2254 2245 2307 revocatos,
2277 2247 2382 2313 qui,

816 2321 1009 2375 deserto
1033 2325 1294 2392 gentilium
1317 2342 1501 2390 errore,
1521 2345 1626 2383 sese
1652 2331 1718 2382 ad
1736 2347 1825 2384 nos
1848 2334 2183 2398 contulerant,
2204 2352 2294 2403 pro
2313 2337 2386 2388 ui-

815 2413 901 2465 rili
928 2415 1361 2482 conﬁrmaremus,
1400 2421 1599 2487 quantis
1624 2421 1836 2476 tenebris
1862 2422 2058 2477 liberati
2083 2425 2149 2478 ad
2194 2436 2388 2481 tantam

816 2501 979 2555 lucem
1030 2505 1249 2559 ueritatis
1276 2510 1619 2563 accurrissent.
1668 2510 1869 2582 Nempe
1898 2512 2088 2570 diebus
2131 2525 2251 2585 post
2287 2516 2387 2571 Ρα-

815 2592 1047 2648 sebalem
1070 2595 1455 2653 solemnitatem
1482 2603 1824 2671 sequentibus
1846 2607 2069 2674 gentiles
2098 2608 2216 2661 illos
2255 2624 2384 2663 con—

821 2680 1036 2739 firmare
1078 2686 1307 2752 studuit,
1352 2689 1440 2759 qui
1466 2706 1532 2745 ex
1571 2692 1868 2750 calamitate
1896 2697 2235 2752 Autiochenis
2281 2709 2385 2753 tam

816 2774 1097 2840 gentilibus
1122 2791 1277 2844 quam
1306 2777 1618 2835 Christianis
1647 2783 1716 2837 ob
1743 2798 1961 2838 eversas
1990 2795 2191 2840 statuas
2216 2788 2383 2855 illata,

818 2861 884 2916 ad
915 2864 1186 2920 meliorem
1219 2866 1419 2938 frugem
1447 2873 1701 2938 revocati,
1744 2874 1810 2928 ad
1841 2874 2196 2932 Christianam
2231 2879 2385 2935 fidem

818 2965 1152 3009 accesserant
1180 2975 1192 3009 :
1226 2972 1291 3010 an
1319 2970 1491 3014 autem
1521 2978 1644 3027 una,
1676 2978 1743 3017 an
1773 2965 2012 3033 pluribus
2040 2969 2388 3027 concionibus

820 3044 871 3097 id
918 3046 1103 3115 egerit,
1146 3048 1401 3103 incertum
1444 3061 1523 3105 est
1551 3069 1565 3115 ;
1610 3053 1702 3107 sed
1732 3055 1844 3109 sive
1878 3071 2037 3111 unam
2068 3058 2183 3114 sive
2213 3060 2387 3129 plures

813 3136 1080 3202 habuerit,
1108 3141 1283 3194 omnia
1313 3142 1608 3197 amisimus.
1638 3145 1831 3200 Verum
1864 3146 2000 3201 hanc
2024 3148 2284 3217 jacturam
2310 3162 2382 3204 ut-

812 3241 1045 3297 cumque
1070 3231 1229 3285 sarcit
1256 3230 1666 3301 Chrysostomus
1691 3275 1706 3298 ,
1735 3237 1823 3305 qui
1849 3252 1909 3291 ea
1931 3253 2048 3306 quin
2071 3240 2135 3291 ad
2165 3240 2385 3308 gentiles

817 3316 1023 3372 dixerat
1049 3319 1099 3372 in
1118 3319 1217 3375 hac
1242 3320 1458 3376 humilia
1484 3338 1583 3378 nec
1610 3326 1792 3394 paucis
1821 3328 1994 3380 verbis
2018 3330 2224 3398 repetit.
2249 3331 2385 3384 Sub-

813 3406 985 3477 jungit
1012 3423 1139 3464 vero
1162 3409 1220 3465 S.
1248 3411 1435 3466 doctor
1460 3413 1642 3467 isthmc
1675 3434 1688 3467 :
1742 3414 1860 3468 Post
1897 3417 1986 3469 illa
2014 3435 2215 3471 rursum
2264 3419 2387 3471 ntul-

820 3499 881 3551 tis
906 3499 1073 3551 diebus
1095 3510 1382 3554 sanctorum
1411 3504 1674 3573 festivitate
1700 3506 1846 3569 potiti
1869 3524 2064 3571 sumus,
2092 3524 2249 3575 neque
2265 3518 2389 3561 tem-

820 3589 931 3654 pori
958 3590 1251 3643 conueniens
1277 3592 1452 3660 {uisset
1478 3609 1561 3645 eos
1584 3632 1600 3657 ,
1630 3595 1717 3661 qui
1742 3596 1795 3646 in
1835 3596 2079 3662 sepulcris
2110 3607 2387 3664 martyrum

817 3685 1160 3743 uersarentur,
1190 3694 1357 3732 earum
1403 3681 1613 3734 laudum
1660 3698 1772 3750 qua:
1819 3684 2121 3753 martyribus
2151 3684 2389 3737 debentur

821 3776 1041 3820 exsortes
1082 3768 1349 3823 discedere.
1377 3772 1630 3825 Successit
1656 3773 1734 3826 Iris
1762 3773 1830 3825 ad
1866 3773 2216 3827 abstinendum
2241 3790 2273 3826 a
2291 3775 2383 3843 ju-

818 3857 1056 3910 ramentis
1080 3859 1357 3913 cohortatio
1383 3877 1401 3914 :
1428 3878 1539 3915 cum
1566 3863 1698 3914 enim
1719 3872 1875 3915 totam
1900 3864 2199 3917 rusticorum
2222 3864 2388 3917 natio-

821 3962 932 3998 nem
963 3948 1017 4000 in
1063 3948 1234 4003 urbem
1274 3952 1549 4021 ingressam
1587 3969 1923 4017 cerneremus,
1954 3954 2043 4008 hos
2067 3953 2156 4008 illo
2185 3970 2216 4007 a
2245 3955 2386 4009 nobis

822 4035 1087 4091 instructos
1109 4039 1286 4092 uiatico
1311 4044 1594 4095 censuimus
1626 4043 1970 4098 dimittendos.

896 4128 1094 4184 Eadem
1120 4144 1278 4198 porro
1307 4133 1436 4201 ipsa,
1467 4149 1586 4202 qua:
1614 4134 1681 4187 de
1702 4145 1991 4205 martyrum
2020 4136 2389 4191 festivitatibus

826 4218 1035 4274 homilia
1070 4221 1235 4290 prima
1262 4222 1329 4276 de
1360 4224 1509 4278 Anna
1554 4224 1733 4291 refert,
1765 4227 1814 4278 in
1840 4226 2068 4280 llomilia
2095 4243 2304 4297 quoque
2335 4230 2385 4282 in

827 4310 1093 4366 Dominica
1134 4320 1579 4381 τῆςιπιςυςομινης
1622 4328 1881 4382 recenset,
1909 4317 2007 4371 etsi
2056 4318 2267 4387 paulum
2305 4319 2389 4373 di-

830 4413 984 4452 verso
1012 4402 1255 4455 narrandi
1288 4404 1465 4466 modo,
1500 4414 1789 4473 martyrum
1821 4420 2011 4475 nempe
2026 4408 2390 4463 solemnitates

828 4491 1004 4545 multis
1045 4491 1231 4547 diebus
1264 4493 1577 4558 celebratas,
1627 4502 1681 4548 et
1716 4496 2033 4551 rusticorum
2080 4498 2386 4566 adventurm,

824 4582 1013 4650 quibus
1037 4582 1121 4635 ille
1147 4584 1488 4638 concionatus
1505 4593 1603 4639 est.
1632 4585 1823 4641 Verum
1842 4587 1930 4642 hic
1953 4590 2025 4642 ait
2049 4591 2139 4645 ille
2160 4605 2238 4654 se,
2263 4592 2388 4644 dum

829 4679 1118 4739 martyrum
1151 4670 1281 4725 festa
1310 4672 1706 4728 celebrarentur
1727 4713 1743 4738 ,
1775 4675 2079 4731 inﬁrmitate
2115 4679 2390 4733 detentum

828 4761 967 4817 domi
1001 4763 1277 4827 mansisse,
1310 4778 1481 4833 neque
1508 4773 1796 4835 martyrum
1824 4765 2191 4822 festivitatibus
2225 4772 2393 4824 inter-

830 4852 1010 4907 fuisse.
1057 4851 1209 4908 Unde
1247 4852 1406 4909 infert
1444 4854 1815 4911 'l‘illemontius
1844 4855 1976 4912 duas
2006 4857 2169 4913 fuisse
2196 4870 2395 4931 marty-

831 4957 949 4996 rum
993 4942 1304 4997 festivitates
1344 4962 1356 4994 :
1390 4954 1443 4998 et
1478 4954 1755 5015 utramque
1792 4948 1945 5018 longa
1977 4949 2117 5003 serie
2161 4950 2398 5020 duosque

832 5032 1153 5087 rusticorum
1178 5033 1434 5089 adventus
1454 5052 1467 5099 ;
1486 5045 1644 5105 atque
1672 5052 1919 5093 sermone
1945 5040 2117 5109 primo
2137 5040 2392 5108 deAnna,

832 5126 897 5181 de
929 5125 990 5181 iis
1020 5134 1310 5198 martyrum
1338 5125 1731 5192 festivitatibus,
1757 5131 1926 5198 deque
1956 5134 2272 5187 rusticorum
2298 5135 2395 5187 ad-

835 5221 1013 5279 ventu,
1032 5230 1146 5284 quze
1176 5217 1226 5271 in
1244 5216 1659 5272 hebdomadibus
1683 5229 1805 5287 post
1833 5220 2030 5274 Pascha
2050 5223 2352 5278 acciderunt
2380 5244 2393 5279 :

838 5305 889 5359 in
921 5304 1131 5359 humilia
1158 5317 1333 5361 autem
1365 5308 1538 5363 habita
1569 5310 1619 5363 in
1656 5309 1923 5363 Dominica
1963 5317 2397 5380 τῆςιπισωςομινης

838 5396 901 5451 de
929 5404 1218 5467 martyrum
1246 5396 1393 5451 festis
1408 5407 1461 5452 et
1488 5401 1554 5454 de
1575 5401 1894 5455 rusticormn
1923 5402 2152 5456 adventu
2177 5406 2281 5473 agi,
2309 5408 2399 5474 qui

839 5488 890 5538 in
943 5484 1353 5558 Quadragesima
1408 5490 1759 5558 contigerunt.
1802 5492 1916 5546 Non
1971 5494 2400 5551 animadverteris

837 5575 1269 5646 (Ihrysostomum
1297 5580 1478 5634 dicere
1504 5580 1553 5633 in
1582 5581 1766 5636 eadem
1793 5582 2028 5650 homilia,
2054 5584 2240 5638 ducem
2287 5601 2401 5641 om-

838 5668 982 5719 nium
1030 5668 1228 5723 scilicet
1271 5670 1601 5738 Flavianum,
1647 5672 1698 5725 in
1741 5673 1886 5728 hisce
1924 5689 2017 5743 per
2045 5674 2229 5730 urbem
2272 5681 2404 5734 actis

840 5766 1128 5827 martyrum
1172 5760 1596 5828 celebritatibus,
1646 5763 1895 5832 pepulum
1946 5765 2401 5824 circnmduxisse:

842 5849 983 5915 atqui
1016 5850 1284 5918 quomodo
1320 5856 1489 5920 potuit
1513 5865 1751 5923 tempore
1780 5853 2205 5925 Quadragesimae
2231 5872 2402 5927 popu-

841 5938 953 5991 lum
1005 5941 1385 5998 Antiocbenum
1423 5947 1600 6001 multis
1630 5944 1817 6001 diebus
1852 5946 2247 6004 circumducere
2269 5988 2284 6015 ,
2313 5949 2401 6018 qui

1860 594 1913 647 S.
1958 592 2232 647 JOANNIS
2272 588 2743 646 CIIRYSOSTOMI
2784 584 2961 655 VITA,

3945 580 3970 641 ’ἱ
3982 588 4050 641 24

2489 717 2583 771 per
2640 711 2805 757 totum
2859 699 3284 769 Quadragcsima:
3338 708 3542 766 tempus
3596 692 4050 767 Constantinopoli

2486 802 2726 846 versatus
2767 791 2870 846 sit?
2921 790 3081 842 Miror
3125 788 3238 843 [nec
3278 804 3381 843 non
3422 783 3856 840 animadvertisse
3885 787 4046 841 Tille-

2486 884 2764 948 ruont-ium,
2807 894 2980 949 neque
3032 881 3131 933 alia
3180 882 3342 935 nmlta
3378 880 3572 933 absona
3605 890 3721 945 quze
3750 892 3815 928 ex
3855 877 4049 945 duplici

2488 974 2572 1027 illa
2615 974 2865 1029 festorum
2893 973 3052 1036 serie,
3086 972 3277 1044 duplici
3310 975 3433 1026 item
3466 970 3781 1023 rusticorum
3822 968 4052 1023 adventu

2487 1066 2842 1133 sequebantur
2888 1066 3210 1133 percepisse.
3259 1064 3439 1133 Neque
3468 1060 3698 1113 dil‘liteor
3737 1058 3929 1127 aliquid
3959 1075 4051 1113 su-

2487 1169 2703 1223 peresse
2733 1153 3055 1207 difficultatis
3077 1171 3091 1218 ;
3117 1156 3207 1209 sed
3233 1156 3350 1219 quia
3393 1152 3456 1204 iis
3480 1150 3724 1204 omnibus
3755 1164 3870 1218 qua:
3896 1148 4054 1218 objici

2488 1250 2751 1311 poterant,
2802 1242 2852 1294 in
2911 1241 3017 1297 fine
3071 1244 3394 1299 Praefationis
3438 1240 3502 1293 ad
3553 1250 3795 1309 quartum
3828 1240 4051 1293 Tomum

2488 1330 2695 1385 abunde
2737 1332 3107 1397 satisiecimus,
3136 1350 3199 1388 eo
3250 1334 3500 1388 lectorem
3543 1332 3820 1398 mittimus,
3853 1341 3908 1385 ut
3935 1346 4053 1386 sus-

2495 1432 2697 1490 eeptam
2716 1420 2990 1476 historiam
3023 1436 3420 1493 persequamur.

2563 1510 2686 1563 Post
2709 1509 2912 1565 Pascha
2938 1513 3094 1582 igitur
3122 1511 3341 1581 gentiles
3372 1510 3508 1574 illos,
3537 1510 3622 1578 qui
3650 1509 3775 1563 dum
3804 1510 4053 1564 Theodo-

2490 1600 2599 1654 sius
2628 1599 2677 1652 in
2703 1601 3083 1667 Antiochenos,
3112 1601 3200 1670 qui
3228 1608 3426 1654 statuas
3452 1614 3575 1653 suas
3596 1600 3916 1669 dejecerant,
3941 1617 4048 1654 sa:-

2491 1691 2659 1755 viret,
2707 1692 2980 1762 majorque
3023 1691 3294 1745 calamitas
3336 1700 3758 1761 exspectaretur,
3790 1691 3855 1745 ad
3900 1692 4057 1745 Chri-

2492 1781 2715 1834 stianam
2746 1780 2905 1837 fidem
2927 1791 3277 1847 accesserant,
3306 1780 3714 1849 Chrysostomus
3743 1781 3796 1834 in
3814 1791 4059 1849 suscepta

2490 1885 2615 1925 vera
2630 1870 2886 1940 religione
2911 1875 3223 1928 confirmare
3247 1872 3445 1924 studuit
3467 1890 3482 1927 :
3502 1872 3692 1926 deinde
3711 1887 3835 1926 vero
3860 1872 4058 1925 solem-

2492 1963 2681 2015 nitates
2712 1973 3003 2034 martyrum
3034 1979 3128 2032 per
3150 1960 3344 2014 multos
3369 1961 3484 2014 dies
3510 1963 3559 2014 in
3592 1963 3747 2015 variis
3776 1961 3918 2014 urbis
3938 1976 4059 2028 par-

2496 2052 2631 2106 tibus
2658 2051 2938 2107 celebratm
2963 2062 3102 2117 sunt,
3129 2051 3378 2105 Flaviano
3406 2051 3656 2118 episcopo
3685 2052 3930 2118 populum
3950 2051 4059 2102 cir-

2491 2142 2859 2208 cumdncente,
2891 2144 3017 2198 dum
3064 2142 3269 2197 interim
3300 2139 3711 2211 Chrysostomus
3750 2140 3933 2193 morbo
3960 2139 4060 2193 de-

2494 2241 2667 2287 tentus
2709 2234 2852 2287 domi
2897 2234 3227 2296 consisteret,
3272 2231 3362 2285 sed
3404 2240 3582 2284 mente
3623 2237 3679 2283 et
3719 2229 3895 2282 animo
3935 2243 4059 2282 cum

2494 2324 2646 2393 plebe
2675 2324 2739 2379 ad
2770 2324 2942 2378 officia
2973 2322 3288 2393 martyribus
3313 2321 3577 2376 reddenda
3607 2330 3906 2375 accurreret
3929 2337 3941 2384 ;
3965 2319 4061 2372 de-

2492 2429 2741 2482 mumque
2788 2413 3195 2469 adventantibus
3232 2412 3441 2466 rusticis
3480 2426 3510 2466 e
3536 2412 3706 2465 vicina
3736 2413 3935 2467 circum
3969 2432 4061 2470 re-

2493 2506 2650 2575 gione
2690 2506 2959 2560 Dominica
2991 2516 3111 2559 ante
3143 2503 3543 2565 Aseensiouem,
3572 2519 3690 2573 quae
3719 2506 4060 2571 ἑπισωςιμένης

2499 2596 2822 2661 inscribitur,
2854 2596 3160 2651 concionem
3194 2594 3411 2659 habuit,
3442 2595 3527 2649 ubi
3554 2604 3827 2665 pestquam
3874 2596 3941 2650 de
3967 2613 4055 2650 ru-

2494 2686 2643 2739 sticis
2664 2686 2754 2755 qui
2784 2694 3070 2755 prmsentes
3098 2693 3266 2745 erant,
3295 2699 3400 2738 non
3430 2699 3593 2752 pauca
3621 2685 3842 2750 dixerat,
3871 2696 4055 2740 contra

2488 2776 2785 2845 juramenta
2829 2791 2924 2846 pro
2949 2790 3096 2830 more
3127 2790 3223 2828 suo
3251 2774 3505 2844 loquutus
3536 2783 3637 2828 est.
3669 2775 3810 2829 Inter
3835 2778 4059 2832 rusticos

2493 2877 2668 2920 autem
2699 2867 2818 2919 illos
2846 2866 3137 2936 presbyteri
3169 2866 3381 2935 quidam
3403 2876 3577 2931 erant,
3608 2866 3695 2934 qui
3724 2876 3917 2921 terram
3936 2883 4055 2921 ara-

2490 2956 2617 3010 bant
2638 2964 2690 3010 et
2714 2966 2903 3010 caetera
2930 2958 3144 3011 rustica:
3170 2957 3291 3011 vita:
3319 2958 3496 3010 munia
3526 2957 3863 3026 praestabant,
3898 2968 4057 3027 atque

2491 3046 2849 3116 apostolorum
2880 3062 3026 3101 more
3055 3047 3249 3101 victum
3274 3047 3373 3101 sibi
3402 3048 4054 3116 parabantexquotidiauo

2491 3136 2692 3192 labore.

2565 3228 2804 3283 llomilire
2827 3230 2889 3283 de
2909 3230 3074 3282 Anna.
3090 3229 3349 3284 -—Paucis
3366 3229 3549 3283 diebus
3572 3237 3688 3298 post
3721 3228 3855 3283 hanc
3881 3228 4053 3282 homi-

2492 3320 2613 3372 Iiam
2641 3320 2856 3388 elapsis,
2884 3318 2951 3372 de
2978 3320 3126 3372 Anna
3150 3330 3318 3373 matre
3341 3318 3603 3374 Samuelis
3630 3319 3929 3372 concionari
3949 3333 4059 3373 cm-

2493 3408 2568 3477 pit
2596 3407 2681 3475 (1‘.
2700 3410 2753 3462 4.
2794 3425 2841 3460 c.
2865 3404 3020 3476 651).
3052 3408 3282 3461 Primam
3311 3424 3437 3463 vero
3466 3408 3733 3462 homiliam
3760 3409 3961 3462 orditur
3975 3408 4058 3462 di—

2493 3510 2639 3560 cens,
2673 3497 2981 3551 memoriam
3012 3496 3440 3566 Quadragesimte
3469 3511 3588 3551 cum
3614 3496 3803 3551 affectu
3821 3506 3873 3551 et
3896 3497 4053 3550 futuri

2489 3587 2677 3656 jejunii
2697 3586 2964 3641 desiderio
2990 3602 3200 3655 semper
3215 3602 3336 3642 esse
3363 3588 3695 3641 servandam.
3719 3587 3851 3640 llinc
3865 3598 4058 3654 quanta

2496 3678 2633 3733 bona
2660 3693 2723 3732 ex
2746 3677 2950 3747 jejunio
2976 3678 3216 3732 oriantur
3234 3688 3465 3732 enarrat.
3496 3678 3568 3731 Ita
3598 3692 3757 3744 porro
3773 3677 3838 3731 de
3852 3677 4057 3745 jejunio

2494 3768 2918 3837 Quadragesimae
2949 3769 3199 3837 loquitur,
3234 3778 3289 3821 ut
3316 3768 3561 3823 crederes
3600 3770 3777 3822 statim
3816 3768 3940 3821 illud
3968 3767 4049 3820 vel

2496 3857 2745 3912 hesterno
2791 3858 2877 3911 vel
2905 3858 3159 3926 proximis
3194 3858 3380 3911 diebus
3420 3858 3659 3911 desiisse.
3697 3856 3798 3911 Sed
3853 3862 4058 3924 postea,

2494 3965 2613 4005 cum
2659 3950 2893 4018 loquitur
2918 3950 2984 4003 de
3024 3950 3087 4003 iis
3115 3965 3234 4018 qua:
3279 3958 3397 4018 post
3443 3948 3907 4017 Quadragesimam
3939 3960 4060 3998 eve-

2496 4050 2705 4104 nerant,
2753 4040 2903 4094 facile
2946 4039 3240 4094 advertitur
3278 4055 3381 4093 non
3412 4054 3595 4108 parum
3626 4038 3777 4105 spatii
3808 4036 4061 4088 interces-

2494 4132 2648 4195 sisse,
2666 4138 2720 4184 et
2749 4130 2971 4199 plurima
3002 4140 3212 4200 peracta
3238 4129 3402 4184 fuisse
3433 4147 3446 4181 :
3479 4141 3670 4193 nempe
3696 4126 4059 4192 disputationes

2496 4235 2590 4274 seu
2620 4221 2880 4290 colloquia
2910 4235 3029 4275 cum
3053 4220 3355 4290 gentilibus,
3384 4233 3502 4287 quae
3528 4216 3934 4284 Chrysostomus
3958 4214 4053 4266 ha-

2497 4313 2607 4366 buit
2630 4353 2645 4378 ,
2668 4323 2726 4367 ut
2755 4313 2872 4366 illos
2897 4313 3212 4368 calamitatis
3241 4320 3478 4378 tempore
3498 4306 3561 4359 ad
3590 4304 3936 4358 Christianam
3963 4320 4056 4358 re-

2497 4404 2742 4472 ligionem
2764 4416 3070 4465 conversos,
3103 4402 3155 4454 in
3187 4400 3292 4453 fide
3320 4398 3657 4452 confirmaret
3681 4414 3694 4449 :
3714 4395 3901 4449 deinde
3927 4394 4059 4449 festa

2496 4503 2789 4564 martyrum
2812 4508 2929 4561 qua:
2960 4491 3138 4544 multis
3157 4488 3343 4542 diebus
3369 4488 3419 4539 in
3447 4486 3772 4540 Antiochena
3803 4487 3933 4539 urbe
3962 4502 4057 4539 ce-

2498 4586 2698 4639 lebrata
2744 4584 2954 4637 fuerunt
2984 4599 2996 4634 :
3037 4581 3354 4648 demumque
3381 4580 3698 4633 rusticorum
3725 4579 3979 4633 adventus
4008 4586 4064 4631 et

2498 4676 2795 4731 cohortatio
2816 4674 2917 4727 illis
2948 4674 3079 4727 facta
3110 4674 3161 4727 in
3187 4672 3456 4726 Dominica
3482 4687 3563 4733 τῆς
3592 4676 3945 4736 ἐπισωςσμινης.

2576 4765 2775 4820 Deinde
2817 4779 2988 4833 neque
3020 4773 3122 4817 tam
3152 4764 3298 4818 brevi
3325 4762 3638 4831 compendio
3667 4762 3827 4814 refert
3852 4758 4064 4813 concio-

2502 4873 2622 4912 nem
2642 4858 2804 4920 illam,
2823 4872 2978 4927 quam
2997 4872 3112 4912 cum
3130 4858 3328 4913 Graecis
3341 4872 3432 4912 seu
3449 4856 3693 4924 gentibus
3710 4854 3808 4906 illis
3824 4852 3887 4904 ad
3909 4851 4062 4905 ﬁdem

2502 4949 2772 5003 conversis
2798 4948 3069 5003 habuerat.
3102 4948 3157 5002 In
3198 4963 3257 5003 ea
3281 4946 3550 5000 eoucionis
3580 4944 3768 4996 habitae
3792 4942 3927 4994 serie
3952 4941 4064 4994 haec

2503 5038 2707 5103 effatur,
2737 5053 2875 5108 quas,
2903 5039 2948 5092 si
2975 5053 3078 5091 nou
3110 5051 3338 5104 semper,
3370 5035 3680 5104 plerumque
3714 5030 3896 5083 saltem
3940 5045 4065 5084 vera

2505 5147 2623 5187 esse
2652 5132 3006 5200 comperimus
3034 5171 3047 5195 ,
3079 5130 3219 5199 quod
3254 5142 3443 5193 nempe
3480 5125 3627 5178 liberi
3661 5122 3860 5175 arbitrii
3901 5123 4068 5190 major

2504 5226 2584 5279 vis
2606 5225 2695 5285 sit,
2724 5238 2883 5292 quam
2910 5232 3130 5275 natum.
3161 5220 3382 5272 Demum
3410 5215 3482 5267 ait
3513 5212 3815 5265 niulieribus
3841 5213 4066 5267 maxime

2505 5323 2807 5381 competere
2818 5311 3180 5366 educationem
3194 5307 3500 5366 liberorum,
3517 5302 3671 5370 idque
3688 5302 4063 5369 probatexem.

2487 5405 2595 5473 'plo
2617 5404 2784 5457 Anna:
2811 5402 2996 5455 matris
3016 5396 3295 5458 Samuelis,
3326 5394 3506 5459 sicque
3530 5392 3738 5444 demum
3765 5391 3829 5444 ad
3848 5406 4063 5462 scopum

2510 5496 2654 5551 venit
2677 5505 2733 5549 et
2759 5495 2824 5548 ad
2845 5489 3114 5547 eoucionis
3134 5492 3521 5553 argumentum.
3550 5482 3715 5535 Anna:
3744 5482 3987 5538 virtutem
4014 5496 4066 5539 et

2512 5588 2694 5642 laudes
2713 5586 2982 5656 prmdicat,
3005 5582 3195 5634 seriem
3223 5592 3285 5630 ex
3313 5589 3459 5628 sacra
3486 5573 3752 5642 Scriptura
3780 5586 4063 5631 mutuatus.

2512 5677 2657 5732 Hane
2681 5690 2841 5746 porro
2869 5670 3176 5725 concionem
3211 5665 3393 5718 habuit
3425 5664 3504 5717 vel
3535 5673 3655 5718 ante
3695 5668 4067 5721 Ascensionem

2511 5767 2667 5835 hujus
2698 5765 2819 5816 anui
2848 5769 2965 5828 post
3000 5756 3323 5810 Dominicam
3353 5754 3608 5825 quintam,
3639 5758 3718 5811 vel
3739 5756 4071 5828 aliquotdie—

2512 5858 2610 5913 bus
2636 5863 2759 5909 ante
2788 5852 3159 5907 Peutecosten.

2587 5942 2890 6000 Secundum
2932 5954 3232 6003 sermonem
3265 5939 3319 6000 in
3364 5940 3571 6006 Annam
3608 5943 3793 6018 paucis
3823 5950 3941 6013 post
3964 5933 4073 6005 pri«
