4504 6724
457 548 559 603 1‘35

453 677 597 716 tuum
625 660 810 715 diebus
840 657 1225 731 pronuntiavit,
1255 649 1555 720 etquidem,
1585 656 1641 699 ιιι
1676 645 1893 743 οῐεάαὲθ
1917 654 2017 707 est,

450 762 578 805 ante
603 750 976 805 Pentecosten.
1002 747 1180 800 Primo
1204 749 1380 793 autem
1413 737 1599 806 probat
1623 737 1837 791 Annani
1858 747 1913 791 et
1934 750 2025 804 pa-

451 852 589 899 trem
621 846 779 900 simul
824 852 879 897 et
920 847 1140 893 matrem
1171 831 1433 889 Samuelis
1464 830 1565 885 dici
1598 845 1772 901 posse,
1805 830 2024 896 ejusque

451 933 713 1003 duplicem
744 934 994 985 virtutem
1024 923 1276 986 celebrat,
1310 935 1498 989 nempe
1535 920 1587 974 in
1615 919 1860 990 precibus
1888 912 2025 967 assi-

450 1026 728 1088 duitatem,
760 1031 815 1075 et
839 1016 999 1071 animi
1027 1015 1370 1086 vigilantiam,
1394 1015 1582 1085 quibus
1603 1010 1795 1067 deinde
1818 1006 2024 1061 tertiam

450 1117 618 1179 addit,
648 1125 838 1178 netupe
863 1106 1227 1162 conviciorum
1257 1105 1590 1161 tolerantiam
1627 1112 1681 1156 et
1718 1105 2026 1153 mansuetu—

450 1210 627 1263 dinem
648 1243 663 1267 ,
690 1199 1021 1268 carptimque
1057 1197 1186 1253 dicit
1224 1198 1546 1269 precandum
1592 1206 1713 1247 esse
1741 1196 2024 1256 antequam

450 1299 515 1352 ad
543 1306 780 1347 mensam
809 1288 1110 1345 accedatur.

521 1382 755 1437 Tertium
777 1423 790 1446 ,
819 1396 978 1451 quem
1005 1391 1127 1436 ante
1164 1381 1511 1436 Pentecosten
1538 1374 1701 1437 dixit,
1738 1371 1944 1426 orditur
1994 1386 2021 1426 a

451 1474 700 1544 Iacryntis
727 1474 921 1539 Anum;
953 1474 1130 1544 aitque
1156 1474 1507 1543 lacrytnarum
1548 1468 1770 1521 imbrem
1806 1465 2025 1533 irrigare

451 1568 682 1635 plantam
705 1566 1041 1633 precationis;
1063 1566 1132 1619 ita
1161 1575 1217 1618 ut
1234 1563 1435 1616 fructus
1450 1568 1506 1613 et
1526 1556 1751 1611 celerior
1775 1564 1830 1609 et
1858 1555 2026 1621 major

452 1656 745 1724 proveniat.
775 1657 980 1710 Annam
1008 1656 1058 1709 in
1094 1654 1397 1721 exemplum
1423 1647 1707 1718 proponit,
1736 1661 1841 1715 quo
1871 1654 2026 1713 pacto

449 1748 599 1800 liberi
633 1748 736 1802 sint
777 1748 1057 1803 educandi.
1093 1746 1221 1800 Cum
1258 1752 1435 1797 autem
1481 1740 1566 1795 illa
1591 1740 1892 1795 Samuelem
1918 1752 2026 1791 ara:

448 1852 616 1891 saeue
644 1840 802 1893 cultui
846 1837 1137 1901 addixerit,
1167 1834 1281 1904 ejus
1324 1831 1645 1887 sacrificium
1689 1827 2023 1883 sacerdotum

448 1930 643 1983 oblatis
668 1931 853 1984 hostiis
874 1935 1232 1996 comparatur.
1266 1926 1485 1981 Demum
1512 1921 1790 1991 disciplina
1820 1919 2022 1974 ccelesti

453 2020 767 2074 imbueudos
786 2021 1010 2089 juvenes
1038 2031 1157 2071 esse
1185 2016 1333 2070 dicit.

519 2112 784 2177 Quartus,
813 2127 972 2181 quem
1003 2110 1067 2164 dc
1096 2109 1243 2164 Anna
1270 2107 1485 2170 habuit,
1516 2120 1693 2161 sermo
1723 2102 2021 2170 intercidit,

449 2212 506 2256 ut
533 2204 794 2271 colligitur
822 2217 887 2256 ex
928 2202 991 2254 iis
1033 2216 1149 2268 qua:
1189 2201 1239 2252 in
1272 2200 1456 2266 quinto
1485 2211 1766 2261 sermone,
1798 2195 1887 2263 qui
1913 2195 2023 2261 jam

448 2302 664 2359 quartus
706 2291 795 2343 illo
847 2294 1045 2342 amisso
1082 2288 1421 2347 inscribitur,
1463 2285 1712 2337 dicuntur
1754 2299 1898 2337 num.
1945 2284 2023 2337 5:

450 2398 640 2450 nempe
684 2383 735 2433 itt
787 2378 1104 2447 pra-cedenti
1129 2391 1375 2430 sermone
1417 2375 1682 2443 explicata
1711 2375 1877 2427 fuisse
1911 2373 2026 2425 haec

449 2466 607 2519 verba
642 2464 829 2516 cantici
875 2465 1040 2513 Anum
1088 2478 1102 2512 :
1144 2458 1505 2526 Con/innatum
1534 2470 1603 2511 est
1644 2474 1729 2509 cor
1768 2472 1934 2509 meum
1975 2458 2027 2508 in

455 2556 678 2609 Domino
700 2596 714 2616 ,
740 2563 846 2607 etc.
882 2571 895 2606 :
924 2566 1148 2621 quorum
1176 2552 1543 2620 interpretatio
1572 2565 1676 2603 non
1723 2548 1946 2602 habetur
1972 2548 2023 2600 in

450 2664 515 2701 co
543 2646 631 2715 qui
664 2644 848 2699 tertius
872 2653 973 2698 est.

520 2738 745 2801 Quintus
766 2776 781 2800 ,
812 2735 903 2805 qui
932 2748 1074 2787 nunc
1102 2742 1320 2803 quartus
1350 2731 1401 2785 in
1433 2730 1583 2785 titulo
1613 2729 1809 2792 fertur,
1842 2728 1908 2781 ab
1927 2742 2022 2781 au-

451 2830 683 2882 ditormn
738 2827 1000 2896 paucitate
1029 2826 1245 2894 incipit,
1291 2834 1345 2879 et
1385 2825 1503 2894 quia
1549 2824 1673 2877 circi
1725 2821 2021 2891 spectacula

457 2920 667 2974 solitam
696 2917 1041 2988 frequentiam
1062 2916 1419 2978 abstulerant,
1450 2923 1632 2969 contra
1675 2913 1827 2967 ludos
1864 2926 2026 2981 eque-

452 3020 614 3071 stres,
637 3023 833 3076 eosque
856 3008 944 3077 qui
965 3008 1056 3061 illo
1084 3005 1398 3077 properandi
1424 3020 1585 3060 causa
1615 3004 1891 3058 ecclesiam
1932 3003 2025 3057 de-

452 3112 726 3163 sererent,
761 3100 922 3153 multa
964 3114 1064 3169 pro
1091 3114 1241 3152 more
1279 3112 1375 3151 suo
1408 3096 1696 3166 profundit.
1733 3096 1807 3148 De
1837 3107 2023 3163 preca-

454 3194 596 3246 tione
612 3192 822 3244 demum
848 3190 977 3260 agit,
1005 3190 1181 3258 aitque
1210 3187 1505 3241 orationem
1528 3201 1649 3240 cum
1680 3184 1873 3239 affectu
1899 3198 2026 3237 con-

450 3286 681 3353 junctam
743 3298 863 3337 esse
908 3281 1143 3344 debere,
1192 3294 1513 3349 omnemque
1575 3279 1748 3331 locum
1797 3291 1916 3331 esse
1958 3275 2025 3330 ad

451 3376 706 3429 orandum
731 3383 1109 3444 opportunum.
1137 3372 1366 3440 Quartus
1409 3379 1463 3425 et
1490 3371 1705 3439 quintus
1736 3377 1860 3422 ante
1889 3368 2025 3422 Pen-

454 3477 686 3520 tecosten
708 3464 836 3519 dicti
869 3463 1038 3519 fuere.

522 3559 712 3611 Sextus
732 3598 746 3621 ,
778 3558 866 3625 qui
900 3571 1039 3609 nunc
1064 3555 1282 3624 quintus
1308 3553 1611 3607 inscribitur
1637 3594 1649 3615 ,
1689 3562 1805 3621 post
1834 3551 2023 3605 festum

453 3648 796 3701 l‘entecostes
853 3647 1065 3700 habitus
1115 3646 1248 3710 fttit,
1300 3653 1357 3698 ut
1400 3653 1521 3713 post
1562 3643 1768 3696 initium
1810 3642 2022 3696 dicitur.

454 3737 715 3805 Principio
741 3736 996 3791 adversus
1024 3751 1118 3790 eos
1162 3734 1420 3805 loquitur,
1448 3733 1533 3802 qui
1566 3734 1617 3786 in
1653 3731 1845 3786 diebus
1876 3731 2024 3786 festis

452 3836 505 3880 et
531 3827 954 3881 solemnitatibus
1001 3836 1206 3880 tantum
1248 3825 1526 3881 ecclesiam
1572 3821 2018 3893 frequentabant:

452 3918 645 3972 deinde
674 3919 903 3988 explicat
926 3920 1053 3989 quid
1080 3920 1149 3973 sit
1178 3919 1292 3973 dies
1317 3918 1513 3982 festus,
1544 3932 1604 3971 ac
1643 3919 1709 3969 de
1746 3916 1901 3969 Anna
1929 3929 2025 3983 pro

454 4026 603 4066 more
629 4013 880 4081 loquitur.
912 4012 1040 4067 Item
1069 4014 1178 4082 agit
1214 4010 1468 4066 adversus
1497 4025 1619 4072 eos,
1652 4009 1743 4079 qui
1784 4008 2028 4062 incusant

453 4106 685 4160 divinam
708 4106 1093 4175 providentiam
1120 4149 1135 4171 ,
1167 4121 1232 4161 eo
1260 4106 1399 4174 quod
1444 4104 1494 4157 in
1525 4105 1621 4156 hac
1662 4103 1765 4156 vita
1811 4101 2025 4171 quidam

453 4198 561 4251 sint
583 4198 800 4262 divites,
833 4198 1047 4269 quidam
1072 4212 1351 4267 pauperes.
1384 4196 1615 4263 Denique
1651 4195 1723 4247 ait
1748 4205 2026 4263 pauperta-

455 4300 561 4343 tem
593 4290 925 4343 utilissimam
946 4304 1084 4354 esse,
1105 4304 1165 4341 ac
1187 4289 1303 4356 plus
1332 4285 1615 4351 voluptatis
1640 4293 1796 4353 atque
1824 4286 2019 4339 securi-

458 4381 578 4434 tatis
602 4380 814 4444 habere,
840 4394 997 4447 quam
1022 4378 1217 4431 divitiae
1240 4375 1500 4441 habeant,
1532 4374 1884 4429 demonstrat.

529 4470 769 4523 llomilite
786 4468 1278 4525 alite.-Homiliam
1304 4468 1566 4522 Debitoris
1588 4468 1774 4522 decem
1796 4468 2022 4521 millium

458 4563 773 4616 talentorum
804 4560 907 4615 hoc
929 4574 1070 4614 anno
1097 4575 1155 4614 se
1179 4559 1425 4615 habuisse
1455 4569 1839 4614 commemorat
1862 4560 2028 4630 Chry-

456 4662 720 4707 sostomus
756 4650 842 4719 (Τ.
874 4652 928 4705 5.
954 4648 1111 4723 (.17)
1135 4694 1148 4715 ,
1178 4666 1297 4705 cum
1336 4652 1410 4704 ait
1434 4668 1580 4705 num.
1614 4652 1638 4705 1
1676 4669 1689 4703 z
1723 4650 1833 4705 Nos
1861 4662 2029 4705 autem

457 4760 611 4796 unam
648 4742 887 4796 chordam
913 4744 1218 4812 pulsavimus
1242 4758 1331 4811 per
1356 4753 1511 4795 totam
1544 4741 2025 4811 Quadragesintam,

457 4836 578 4888 dum
602 4835 759 4904 legem
786 4834 921 4888 vobis
941 4834 1002 4887 de
1017 4836 1305 4904 juramento
1332 4835 1676 4896 recitavimus;
1701 4844 1745 4886 et
1774 4832 1865 4885 Dei
1898 4852 2024 4903 gra-

458 4929 531 4978 tia
557 4926 787 4992 e/Iectum
833 4935 941 4989 est,
971 4936 1024 4978 ut
1054 4926 1290 4994 pleraque
1329 4942 1360 4977 α
1389 4926 1528 4978 nobis
1554 4942 1641 4978 ora
1683 4925 1737 4976 in
1772 4926 1866 4976 hac
1909 4926 2031 4995 legis

459 5017 678 5070 melodia
711 5017 784 5069 ita
812 5018 1035 5070 instituta
1074 5017 1206 5078 sint,
1252 5025 1305 5068 ut
1340 5014 1551 5084 depulsa
1582 5031 1734 5083 prava
1762 5026 2031 5066 consuetu-

465 5108 615 5173 dine,
642 5123 734 5175 pro
763 5124 819 5159 eo
846 5106 981 5177 quod
1001 5117 1115 5160 ante
1133 5105 1295 5159 Deum
1328 5106 1574 5176 jurabunt
1593 5146 1608 5170 ,
1636 5106 1746 5173 jam
1774 5104 1901 5156 nihil
1936 5106 2033 5158 nisi

462 5197 584 5262 Est,
605 5208 652 5249 et
676 5195 793 5248 Non
815 5208 886 5250 est
905 5239 919 5260 ,
946 5208 990 5250 et
1019 5196 1173 5251 Crede
1198 5196 1320 5249 mihi
1340 5238 1353 5259 ,
1381 5197 1432 5249 in
1454 5197 1628 5265 lingua
1656 5211 1745 5246 sua
1771 5194 2033 5262 cireumfe-

462 5297 604 5353 nInt,
635 5286 782 5353 idque
806 5287 1015 5339 inomni
1049 5288 1327 5355 colloquio,
1368 5297 1472 5340 etc.
1506 5287 1685 5355 Itaque
1735 5294 1881 5338 certo
1912 5299 2033 5338 cer-

466 5384 568 5429 t'us
594 5389 675 5431 est
700 5379 868 5446 ipsum
893 5378 1027 5430 hanc
1054 5380 1363 5433 concionem
1400 5377 1647 5431 habuisse
1675 5374 1860 5430 eodem
1897 5391 2035 5429 anno

464 5481 573 5533 quo
604 5468 856 5522 llomilias
886 5467 936 5520 in
975 5466 1187 5521 Statuas
1215 5466 1501 5532 habuerat;
1536 5482 1705 5536 neque
1746 5466 1918 5520 minus
1944 5481 2012 5519 ex

468 5559 729 5622 ploratum
750 5568 831 5615 est
860 5562 1028 5630 ipsum
1059 5559 1191 5612 hanc
1215 5560 1436 5626 primam
1462 5559 1709 5613 habuisse
1729 5558 2035 5612 concionem

471 5656 742 5714 postquam
772 5665 837 5703 ex
867 5650 1054 5703 morbo
1100 5648 1477 5709 convaluerat,
1512 5658 1567 5701 ut
1603 5665 1667 5702 ex
1697 5648 1882 5716 primis
1911 5662 2038 5701 con-

468 5738 635 5789 cionis
658 5737 833 5791 verbis
857 5741 1114 5809 arguitur.
1172 5738 1327 5806 Quasi
1347 5754 1408 5790 ex
1436 5738 1709 5807 longinqua
1744 5737 2035 5807 peregrina-

472 5832 603 5879 tione
623 5871 634 5887 ,
665 5828 857 5894 inquit,
902 5832 968 5878 tul
1000 5847 1080 5882 ros
1108 5847 1327 5883 reversus
1359 5846 1511 5881 essent
1534 5870 1545 5889 ,
1586 5830 1652 5879 itu
1690 5845 1765 5878 me
1790 5829 1936 5880 hodie
1961 5834 2035 5897 of.

474 5920 649 5979 {mum
675 5922 825 5972 sentio
855 5934 872 5981 ,'
905 5936 1014 5970 rmu
1056 5923 1183 5974 enim
1214 5925 1403 5975 nullum
1436 5922 1705 5975 mniwrttirr
1734 5922 2038 5975 consortium

1620 533 1797 589 NUNC
1838 532 2099 588 PRIMUM
2142 530 2530 585 ADORNATA.

3606 542 3708 595 $26

2136 656 2243 692 esse
2286 650 2476 710 potest,
2522 644 2649 697 nihil
2705 646 2955 699 conuuodi
3012 646 3161 712 affert
3217 665 3383 702 eorum
3423 658 3706 719 prwsentiu.

2141 731 2473 796 Quamobrem
2500 752 2591 789 nos
2612 739 2698 805 qui
2724 738 2861 791 domi
2887 740 3239 806 versabantur,
3269 758 3477 812 peregre
3510 761 3706 799 versan-

2134 824 2263 878 tibus
2286 826 2413 880 nihil
2441 828 2535 881 hac
2561 829 2612 881 in
2644 841 2787 899 parte
2819 830 3065 898 feliciores
3105 835 3294 903 fuimus
3323 853 3343 889 :
3367 837 3607 890 nimirum
3629 857 3709 907 qut

2132 919 2392 985 superiore
2417 929 2638 989 tempore
2662 923 2806 975 nulla
2839 921 3091 976 vobiscum
3127 926 3375 993 colloquia
3402 928 3585 983 habere
3617 946 3707 998 po-

2134 1009 2321 1061 tuimus
2346 1024 2364 1061 :
2390 1011 2477 1061 sed
2502 1012 2673 1063 danda
2700 1023 2773 1065 est
2806 1015 2950 1067 venia
2969 1056 2987 1079 ,
3035 1030 3151 1066 cum
3178 1014 3306 1067 illud
3351 1033 3450 1070 non
3479 1020 3672 1072 inertia:
3698 1063 3710 1082 ,

2132 1101 2219 1152 sed
2234 1101 2544 1169 infirmitatis
2563 1104 2817 1157 silentium
2838 1108 3005 1173 fuerit.
3032 1106 3245 1161 Certum
3269 1107 3445 1177 itaque
3470 1120 3552 1162 est
3579 1112 3712 1164 hanc

2132 1190 2357 1257 primaut
2387 1191 2657 1245 homiliam
2686 1191 2932 1249 habuisse
2956 1194 3399 1265 Chrysostomum
3430 1208 3709 1269 postquam

2131 1277 2199 1331 ab
2248 1279 2565 1348 .rgritudine
2613 1283 2980 1337 convaluerat.
3028 1284 3143 1338 Jatn
3188 1290 3441 1354 quarritur
3468 1305 3712 1359 quamam

2131 1369 2390 1438 :egritudo
2419 1389 2432 1424 :
2466 1389 2590 1427 num
2647 1374 2736 1428 illa
2788 1391 2889 1446 qua
2934 1376 3210 1431 laborabat
3253 1379 3378 1432 dum
3419 1392 3710 1452 martyrum

2131 1460 2497 1516 solemnitates
2524 1479 2619 1532 per
2646 1466 2827 1520 urbem
2860 1468 3283 1534 celebrarentur,
3330 1470 3396 1525 de
3427 1488 3528 1542 qua
3556 1488 3711 1541 supe«

2135 1551 2264 1603 rius.
2314 1553 2371 1607 Si
2401 1553 2467 1607 de
2506 1555 2596 1607 illa
2641 1557 2998 1626 intelligatur,
3031 1559 3167 1614 hanc
3205 1573 3353 1616 certe
3395 1563 3709 1617 concionem

2132 1639 2377 1695 habuerit
2401 1652 2684 1712 antequam
2721 1645 3005 1702 llomiliam
3040 1651 3091 1702 itt
3124 1650 3397 1708 Dominica
3424 1670 3509 1717 τῆς
3530 1661 3708 1710 ἐπισω-

2131 1739 2321 1797 ςομένης
2336 1744 2387 1786 et
2404 1732 2657 1789 llomilias
2672 1736 2739 1791 de
2752 1740 2901 1793 Anna
2920 1739 3455 1808 prmdicaretNerum
3468 1746 3599 1800 adeo
3614 1748 3710 1801 fro-

2130 1828 2353 1886 quenter
2370 1821 2778 1893 Chrysostomus
2800 1827 3194 1885 infirmitatibus
3212 1834 3487 1901 corporeis
3506 1834 3712 1891 detineo

2130 1908 2302 1975 batur,
2332 1921 2507 1966 utnon
2536 1915 2803 1982 possimus
2824 1916 2875 1970 id
2900 1920 3048 1985 quasi
3069 1931 3269 1975 certum
3297 1932 3531 1979 statuere
3552 1943 3565 1979 :
3583 1941 3713 1993 qua-

2130 2017 2187 2055 re
2213 2003 2264 2055 in
2297 2004 2498 2059 incerto
2525 2021 2611 2061 res
2635 2015 2849 2063 maneat
2871 2018 3101 2078 oportet.
3128 2011 3183 2064 In
3215 2012 3310 2066 hac
3338 2030 3464 2068 vero
3490 2017 3705 2071 homilia

2128 2091 2178 2145 id
2206 2094 2469 2163 praecipue
2496 2097 2722 2164 probare
2750 2100 2954 2167 nititur,
2984 2102 3128 2155 omni
3154 2113 3372 2171 peccato
3388 2105 3706 2162 deteriorem

2128 2198 2249 2237 esse
2274 2185 2585 2254 injuriarum
2613 2191 3060 2247 recordationem.

2203 2274 2348 2328 llanc
2389 2281 2741 2343 continenter,
2784 2292 2841 2335 ut
2879 2284 3109 2349 videtur,
3156 2296 3393 2357 sequuta!
3432 2300 3555 2343 sunt
3604 2302 3713 2347 tres

2131 2365 2373 2419 llomiliae
2403 2368 2468 2421 de
2510 2371 2703 2425 Davide
2749 2382 2801 2425 ct
2827 2374 2986 2428 Saule
3028 2375 3115 2443 (Τ.
3156 2379 3209 2430 4.
3257 2396 3303 2432 c.
3335 2378 3439 2431 675
3462 2382 3502 2448 ).
3535 2383 3711 2452 Argu-

2131 2469 2368 2513 mentum
2394 2462 2535 2515 enim
2576 2463 2717 2531 quod
2761 2464 2813 2518 in
2862 2465 3085 2520 llomilia
3128 2468 3194 2523 de
3236 2469 3480 2524 Debitore
3523 2473 3709 2528 decem

2131 2551 2349 2604 millium
2378 2552 2693 2607 talentorum
2720 2566 2974 2623 cmperat,
2999 2572 3191 2626 nempe
3212 2560 3277 2614 dc
3300 2561 3606 2629 injuriarum
3631 2579 3714 2619 rei

2128 2641 2438 2697 cordatione
2479 2644 2816 2713 depellenda,
2851 2648 2903 2701 in
2936 2650 3081 2705 hisce
3127 2651 3293 2706 tribus
3336 2652 3566 2709 homiliis
3607 2671 3706 2711 una

2130 2733 2292 2797 serie,
2325 2735 2569 2802 exemplo
2595 2735 2665 2787 Da
2678 2736 2810 2790 vidis
2838 2753 2988 2802 usus,
3014 2747 3229 2794 strenue
3267 2746 3617 2810 persequitur,
3659 2758 3712 2801 et

2127 2823 2339 2891 quidem
2367 2824 2500 2877 adeo
2528 2828 2773 2895 put/retice
2799 2838 2855 2883 ut
2897 2829 3199 2885 auditorum
3229 2834 3491 2904 laerymas
3518 2853 3710 2893 excus-

2128 2913 2293 2977 serit,
2337 2923 2494 2984 atque
2541 2926 2598 2970 ut
2633 2918 2813 2973 videre
2851 2929 2932 2973 est
2958 2963 2973 2987 ,
3016 2923 3375 2977 Antiocltcnos
3406 2926 3471 2978 ad
3510 2943 3710 2997 pra-ce~

2130 3012 2272 3070 ptum
2303 3004 2462 3069 illttd,
2500 3006 2710 3076 Diligite
2733 3010 2961 3064 inimicos
3000 3022 3185 3065 vestros
3205 3055 3217 3076 ,
3262 3015 3585 3082 implendum
3615 3020 3710 3076 atl-

2129 3090 2374 3158 duxerit;
2407 3104 2460 3147 ut
2490 3096 2541 3148 in
2563 3096 2974 3167 Quadragesima
3006 3102 3274 3169 praeterita
3301 3102 3487 3157 eodem
3513 3120 3542 3157 a
3568 3106 3712 3173 jura-

2130 3187 2343 3252 tuentis,
2373 3188 2564 3257 quibus
2592 3190 2874 3245 admodum
2906 3194 3100 3247 assueti
3126 3204 3297 3260 erant,
3330 3207 3603 3254 avocarat.

2203 3275 2258 3330 In
2289 3289 2520 3333 mentem
2546 3280 2670 3333 nzihi
2700 3281 2875 3335 subito
2899 3284 3040 3337 venit
3066 3284 3355 3339 verisimile
3384 3286 3528 3340 nullo
3556 3288 3715 3344 modo

2131 3384 2249 3422 esse
2278 3385 2433 3437 posse
2470 3370 2906 3443 Chrysostomum
2942 3374 3224 3429 Homiliam
3267 3377 3333 3431 de
3375 3378 3622 3434 Debitore
3660 3392 3712 3436 et

2129 3465 2238 3513 tres
2267 3471 2549 3529 sequentes
2589 3462 2833 3518 habuisse
2860 3476 2978 3534 post
3017 3467 3385 3536 aegritudinem
3431 3469 3572 3523 illam
3613 3487 3712 3541 qua

2134 3560 2251 3618 post
2279 3551 2477 3605 Pascha
2502 3555 2625 3606 anni
2655 3555 2756 3609 337
2781 3555 3029 3611 detentus
3057 3557 3173 3621 fuit,
3198 3558 3323 3612 dum
3353 3560 3483 3614 festa
3512 3573 3674 3633 mart)
3692 3596 3711 3604 -

2132 3656 2246 3693 rum
2278 3642 2457 3695 multis
2504 3643 2691 3698 diebus
2734 3659 2828 3712 per
2865 3647 3046 3699 urbem
3092 3646 3428 3702 Antiochiam
3469 3650 3705 3706 celebra-

2130 3741 2312 3785 rentur
2339 3749 2351 3784 :
2384 3734 2438 3785 1⁸³
2468 3734 2588 3802 quia
2619 3744 2736 3801 post
2762 3736 2905 3788 illam
2940 3736 3177 3791 Paschali
3220 3747 3460 3807 tempore
3491 3740 3712 3795 inﬁrmi-

2130 3830 2290 3875 tatem
2345 3824 2510 3890 prima
2565 3825 2754 3877 concio
2798 3823 2898 3879 fuit
2953 3826 3059 3891 illa,
3120 3842 3277 3896 quam
3333 3829 3385 3882 in
3440 3829 3709 3885 Dominica

2128 3917 2471 3979 ιπισωςομένης
2495 3914 2678 3969 videre
2726 3924 2828 3981 est,
2876 3925 2933 3971 ut
2980 3918 3172 3971 ibidem
3223 3920 3372 3973 initio
3422 3920 3712 3985 dicitur,ct

2129 4006 2316 4057 concio
2341 4004 2407 4059 de
2431 4005 2676 4061 Debitore
2704 4009 2872 4076 prima
2911 4024 3121 4078 quoque
3150 4018 3234 4063 est
3254 4051 3270 4077 ,
3298 4010 3391 4065 sed
3420 4020 3535 4081 post
3560 4016 3714 4081 aegri-

2133 4095 2365 4148 tudinem
2413 4095 2548 4151 haud
2580 4098 2737 4153 dubie
2779 4100 2960 4155 aliam.
3001 4101 3058 4153 2°
3101 4101 3233 4169 Quia
3270 4104 3315 4156 si
3372 4103 3603 4158 homilia:
3645 4105 3712 4158 de

2132 4187 2380 4242 Debitore
2409 4199 2463 4243 et
2502 4199 2609 4244 tres
2648 4202 2932 4260 sequentes
2978 4204 3216 4263 tempore
3254 4194 3493 4249 Paschali
3524 4196 3714 4251 habita:

2132 4282 2355 4338 fuissent
2380 4294 2502 4339 ante
2525 4284 2806 4339 Homiliam
2851 4303 2933 4347 ea;
2974 4294 3310 4354 ἐπισωςομένης
3353 4298 3406 4343 et
3445 4289 3512 4343 de
3538 4291 3711 4357 Anna,

2134 4374 2183 4427 in
2212 4374 2292 4427 his
2323 4375 2458 4429 haud
2490 4375 2647 4430 dubie
2674 4386 2980 4429 memorata:
3016 4376 3258 4443 fuissent,
3296 4388 3352 4433 ut
3375 4379 3493 4433 alite
3519 4395 3546 4431 a
3578 4389 3712 4435 tem.

2132 4479 2259 4534 pore
2286 4463 2558 4519 Paschalis
2588 4466 2741 4519 dicta:
2763 4477 3073 4520 memorata:
3098 4477 3240 4521 sunt.
3267 4471 3509 4539 Alioquin
3540 4484 3713 4525 autem

2133 4558 2417 4612 verisimile
2456 4573 2559 4611 non
2608 4567 2689 4612 est
2719 4557 2962 4611 homilias
3002 4560 3115 4612 illas
3163 4570 3389 4628 quatuor
3430 4563 3509 4615 vel
3549 4566 3716 4616 conti-

2133 4662 2321 4703 nenter
2350 4658 2473 4702 ante
2500 4648 2847 4703 Pentecosteu
2880 4650 2963 4704 vel
2984 4650 3206 4705 alternis
3232 4650 3437 4706 vicibus
3466 4667 3585 4707 cum
3614 4654 3715 4708 lto-

2133 4741 2291 4795 miliis
2319 4740 2387 4796 de
2414 4744 2567 4796 Anna
2593 4742 2802 4796 habitas
2829 4741 3012 4797 fuisse.
3039 4744 3374 4813 Quapropter
3402 4754 3528 4814 puto
3549 4746 3715 4815 Chry-

2135 4840 2450 4898 sostomum,
2492 4833 2581 4901 qui
2612 4831 3036 4901 frequentissime
3066 4834 3251 4887 morbo
3278 4834 3568 4898 laborabat,
3597 4848 3717 4905 post

2138 4923 2483 4979 Pentecosten
2520 4924 2700 4994 ignoto
2730 4923 2881 4977 nobis
2924 4939 3109 4978 mense
3157 4924 3470 4994 aegritudine
3503 4934 3714 4996 captum

2137 5013 2323 5081 fuisse,
2356 5024 2409 5068 et
2436 5015 2521 5067 ubi
2564 5014 2849 5079 convaluit,
2886 5014 3110 5084 primam
3140 5015 3410 5069 homiliam
3441 5016 3585 5069 illam
3622 5017 3715 5070 ha-

2137 5104 2315 5159 buisse
2353 5103 2421 5157 de
2458 5102 2696 5157 debitore
2734 5102 2920 5158 decem
2961 5105 3182 5157 millium
3227 5104 3577 5169 talentorum,
3629 5106 3714 5159 ubi

2139 5204 2319 5249 contra
2351 5193 2659 5261 injuriarum
2692 5193 3116 5249 recordationem
3142 5195 3486 5249 concionatns
3508 5204 3606 5249 est.

2212 5287 2268 5341 ln
2298 5286 2464 5354 prima
2512 5284 2578 5338 de
2633 5286 2831 5341 Davide
2878 5285 3094 5339 homilia
3140 5285 3207 5340 de
3258 5286 3537 5341 tolerantia
3588 5288 3714 5353 agit,

2140 5386 2194 5431 et
2230 5376 2365 5446 quod
2402 5384 2643 5443 oporteat
2689 5378 2916 5431 inimicis
2951 5390 3194 5446 parcere,
3237 5392 3335 5432 nec
3375 5377 3441 5431 de
3470 5377 3718 5447 quopiam

2142 5468 2278 5521 male
2308 5466 2467 5535 luqtti.

2216 5560 2269 5613 in
2299 5558 2527 5613 secunda
2570 5559 2757 5628 probat
2796 5575 2902 5613 non
2944 5560 3105 5615 modo
3152 5561 3397 5614 virtutem
3444 5573 3717 5626 exercere,

2146 5651 2237 5705 sed
2270 5652 2426 5705 etiam
2462 5651 2655 5705 virtute
2684 5650 2930 5719 praeditos
2970 5650 3207 5716 laudare,
3238 5666 3343 5705 non
3372 5664 3556 5719 parum
3579 5650 3719 5703 utili-

2147 5743 2267 5796 talis
2298 5740 2486 5795 alTerre
2518 5759 2530 5798 :
2562 5743 2804 5810 quodque
2838 5743 3000 5796 David
3023 5742 3437 5810 magnificentius
3468 5751 3719 5808 tropatutn

2146 5831 2371 5886 erexerit
2394 5834 2655 5899 parcendo
2685 5832 2853 5897 Suilli,
2878 5848 3033 5901 quant
3062 5841 3320 5900 prostrato
3343 5831 3570 5897 Coliallt,
3604 5846 3716 5884 ηιμ

2149 5923 2327 5991 εἰκειιιρ
2359 5921 2455 5975 sibi
2490 5922 2739 5991 profuerit
2770 5940 2925 5989 quam
2959 5923 3123 5977 Sauli.
