4504 6710
818 610 914 664 127

882 724 939 777 In
966 719 1140 784 tertia,
1169 716 1256 770 ubi
1294 712 1420 767 vidit
1458 710 1653 765 mullos
1690 724 1754 762 ex
1786 707 1848 760 iis
1873 706 2081 771 adesse,
2108 704 2195 773 qui
2218 716 2384 769 nuper

811 824 868 869 ut
899 810 1174 866 theatralia
1214 804 1513 875 spectacula
1545 799 1757 855 adirent
1799 797 2043 849 concioni
2076 810 2177 847 non
2218 792 2383 844 inter-

810 905 1037 964 fuerant,
1061 899 1192 951 dixit
1216 912 1280 949 ex
1317 890 1614 962 hujusmodi
1654 895 1909 956 spectator
1924 885 2040 939 ibus
2070 883 2261 937 multos
2287 879 2383 931 ad-

810 995 1007 1047 ultcros
1031 988 1165 1052 licri,
1191 986 1419 1053 hincque
1447 980 1581 1035 bello
1609 986 1663 1031 et
1689 976 2057 1030 contentiones
2084 970 2247 1025 nasci.
2279 967 2385 1021 Ad-

803 1084 1036 1138 ditvero
1063 1079 1313 1133 Davident
1360 1089 1478 1129 cum
1524 1070 1683 1125 Saule
1725 1082 1885 1122 omne
1928 1064 2192 1135 patientia:
2218 1073 2384 1129 genus

807 1186 1089 1240 superasse
1114 1188 1125 1221 :
1158 1161 1657 1232 clauditquedicetis
1678 1158 1918 1226 rapinam
1946 1156 2203 1225 patienter
2224 1151 2379 1214 ferre,

810 1278 914 1316 non
972 1262 1228 1314 minorem
1282 1256 1532 1308 virtutem
1585 1263 1726 1313 esse,
1783 1260 1940 1311 quam
1991 1244 2379 1311 eleemosynam

806 1368 1046 1422 erogare.

875 1445 1055 1499 Mense
1078 1451 1253 1496 autem
1283 1434 1577 1507 Septembri
1607 1432 1731 1486 anni
1759 1431 1862 1485 587
1884 1429 1994 1499 jam
2030 1427 2213 1481 initam
2248 1438 2379 1477 con-

807 1547 885 1589 tra
907 1535 1116 1589 Judmos
1137 1529 1580 1591 concertationem
1611 1521 1698 1592 (T.
1728 1524 1779 1576 l.
1801 1542 1847 1578 c.
1873 1518 2030 1588 871),
2061 1531 2217 1585 quam
2240 1528 2382 1567 anno

806 1626 1049 1694 proximo
1075 1621 1179 1677 586
1220 1635 1403 1675 mense
1427 1617 1638 1672 circiter
1662 1610 1963 1680 Septembri
1990 1615 2259 1676 ceperat,
2289 1620 2381 1660 ea-

804 1716 928 1769 dem
963 1719 1276 1783 tempestate
1303 1707 1607 1775 resumpsit.
1638 1705 1689 1758 ld
1722 1704 1807 1757 ille
1833 1701 1981 1755 initio
2011 1709 2229 1769 quarue,
2266 1712 2383 1767 qum

805 1809 993 1860 Itarttm
1036 1804 1383 1873 posteriorum
1414 1799 1580 1866 prima
1618 1806 1732 1857 est,
1779 1794 1856 1849 sic
1882 1792 2157 1846 enuntiat:
2191 1789 2384 1843 Rursus

802 1895 881 1949 illi
904 1894 1127 1964 infelices
1156 1890 1535 1955 mortaliumque
1563 1885 1784 1938 omnium
1810 1882 2076 1936 miserrimi
2110 1879 2280 1933 Judaei
2298 1880 2386 1948 je-

801 1985 1031 2059 junaturi
1053 1993 1168 2036 sunt
1191 1998 1209 2034 :
1237 1996 1410 2034 rursus
1437 1977 1623 2034 Christi
1653 1992 1849 2046 gregem
1881 1973 2165 2027 muniamus
2191 1985 2387 2023 necesse

802 2088 905 2141 est;
947 2075 1169 2143 ideoque
1197 2088 1255 2126 se
1281 2072 1465 2126 decem
1510 2067 1699 2123 diebus
1728 2074 2008 2134 antequam
2050 2061 2216 2116 Judaei
2243 2059 2383 2127 jeju-

806 2174 995 2220 narent
1020 2163 1136 2217 haec
1174 2161 1371 2228 monita
1402 2159 1613 2213 dedisse
1651 2158 1756 2221 ait,
1797 2158 1918 2223 quia
1957 2152 2106 2206 multi
2131 2165 2195 2205 ex
2224 2164 2385 2219 grege

803 2270 922 2318 suo,
954 2254 1179 2325 quadam
1210 2250 1587 2320 superstitione
1615 2246 1742 2300 moti
1763 2286 1777 2310 ,
1807 2259 1926 2299 eum
1954 2241 2151 2297 Judzeis
2172 2240 2381 2309 jejuna-

803 2349 949 2402 baut.
997 2346 1189 2413 Aitque
1229 2342 1399 2412 primo
1436 2338 1741 2393 Judmorum
1783 2332 1909 2387 illud
1948 2330 2203 2402 jejunium
2242 2329 2383 2398 quod

804 2451 989 2495 contra
1015 2437 1341 2491 voluntatem
1388 2432 1479 2487 Dei
1523 2430 1706 2493 ﬁeret,
1739 2426 1955 2497 impium
1986 2432 2042 2478 et
2068 2422 2385 2477 sceleratum

806 2546 925 2586 esse
950 2549 962 2584 :
991 2530 1213 2598 ideoque
1254 2526 1374 2580 illos
1413 2523 1481 2577 ab
1519 2521 1621 2575 hoc
1654 2519 1872 2574 Judaico
1899 2524 2147 2584 suscepto
2184 2512 2389 2582 jejunio

806 2626 1029 2687 avertit,
1070 2630 1119 2675 et
1168 2623 1219 2673 in
1262 2615 1530 2672 concionis
1561 2614 1664 2667 line
1690 2611 1824 2665 alios
1853 2610 1943 2679 qui
1981 2608 2047 2661 ab
2086 2602 2388 2675 hujusmodi

806 2713 1025 2770 Judaico
1047 2709 1252 2780 jejunio
1294 2706 1621 2760 abstinerent
1662 2702 1791 2756 hort‘
1821 2708 1925 2763 tur,
1968 2706 2024 2752 ut
2053 2697 2241 2750 fratres
2264 2708 2388 2748 suos

808 2812 1038 2859 avocent
1060 2801 1128 2855 ab
1148 2797 1450 2868 lmjusmodi
1467 2796 1704 2867 jejuniis,
1726 2808 1845 2865 qua:
1867 2789 2207 2846 theatralibus
2228 2788 2386 2842 etiam

807 2894 1123 2965 spectaculis
1148 2892 1301 2959 longe
1327 2890 1506 2959 pejora
1536 2896 1735 2942 essent.

878 2984 1124 3049 Quintam
1146 2981 1417 3034 homiliam
1440 2977 1645 3032 orditur
1662 2975 1731 3029 ab
1750 2972 2048 3027 auditorum
2071 2967 2387 3039 frequentia,

809 3090 966 3145 quam
996 3073 1153 3127 solito
1179 3070 1433 3138 majorem
1458 3082 1578 3121 esse
1604 3064 1815 3136 gaudet,
1848 3072 1901 3116 ct
1928 3062 2205 3131 pristinum
2232 3074 2389 3127 argu-

810 3173 1048 3219 mentum
1075 3160 1351 3215 ardentius
1389 3156 1641 3227 suscipit,
1682 3170 1744 3209 ac
1775 3153 1995 3208 Judaica
2035 3152 2217 3206 omnia
2240 3165 2393 3219 pror-

810 3270 902 3310 sus
931 3254 1180 3320 abrogata
1210 3264 1329 3306 esse
1359 3248 1683 3319 pronuntiat.
1715 3244 1995 3314 Templum
2025 3259 2151 3297 vero
2175 3242 2393 3297 Jeroso-

810 3346 1125 3416 lymitzmum
1154 3356 1442 3413 numquam
1467 3354 1588 3395 esse
1615 3335 2018 3393 restaurandum
2048 3334 2257 3403 probat,
2283 3347 2388 3386 non

810 3454 875 3493 ex
902 3437 1098 3492 Christi
1130 3434 1320 3498 modo,
1363 3431 1458 3487 sed
1488 3447 1556 3486 ex
1598 3428 1972 3501 prOphetarum
2014 3426 2174 3480 etiam
2205 3423 2395 3494 praadi-

813 3529 1097 3583 ctionibus.
1128 3526 1296 3595 Leges
1321 3523 1739 3580 Christianorum
1766 3518 2101 3575 solummodo
2130 3517 2183 3569 in
2209 3529 2395 3584 perpe-

813 3632 960 3677 tuum
986 3618 1274 3676 servandas
1300 3632 1447 3681 esse,
1476 3623 1699 3669 caeteras
1728 3625 1915 3666 omnes
1942 3608 2288 3664 obsolevisse.
2319 3606 2394 3660 De

812 3713 1112 3769 Judazorum
1144 3719 1322 3781 postea
1354 3706 1587 3777 pernicie
1612 3703 1851 3774 pluribus
1874 3700 2001 3771 agit,
2034 3699 2394 3766 ultionemque

814 3804 908 3859 Dei
946 3802 1013 3857 de
1042 3802 1144 3855 illis
1184 3809 1447 3869 sumptam
1488 3796 1602 3851 fuse
1624 3793 1974 3865 persequitur.
2006 3790 2238 3845 Danielis
2264 3802 2392 3843 vero

816 3893 1125 3965 prophetias
1150 3890 1447 3946 minutatim
1470 3886 1717 3957 explicat,
1743 3882 2168 3954 peculiaremque
2198 3892 2393 3933 sermo-

817 3999 939 4038 nem
978 3984 1046 4038 de
1076 3979 1492 4037 hebdomadibus
1531 3976 1763 4032 Danielis
1798 3971 2044 4028 instituit.
2087 3969 2392 4025 Judazorum

817 4083 879 4127 nt
908 4074 1162 4143 templum
1192 4069 1533 4125 restituerent
1571 4077 1793 4121 conatus
1833 4068 2249 4123 commemorat,
2295 4058 2395 4113 sub

818 4163 1085 4219 Hadriano
1116 4161 1438 4229 lmperatore
1459 4197 1474 4222 ,
1523 4156 1621 4209 sub
1665 4153 2013 4208 Constantino
2033 4191 2046 4216 ,
2078 4149 2396 4217 demumque

817 4254 921 4308 sub
945 4252 1153 4308 Juliano
1198 4254 1480 4320 Apostata,
1530 4248 1620 4317 qui
1666 4246 1796 4316 ipsis
1838 4242 2079 4305 favebat;
2125 4251 2179 4294 et
2221 4250 2394 4294 tamen

818 4345 997 4399 omnia
1021 4343 1123 4397 illis
1143 4341 1338 4397 frustra
1368 4353 1602 4395 cessere.
1633 4338 1857 4392 Demum
1887 4344 2164 4404 postquam
2193 4332 2397 4387 dixerat

818 4434 1125 4489 Malachiam
1164 4430 1476 4501 prophetam
1504 4427 1863 4483 Christianum
1901 4426 2099 4481 cultum
2124 4424 2399 4494 prtesigni-

820 4524 1081 4588 tieavisse,
1114 4522 1309 4576 claudit
1351 4520 1661 4575 concionem
1684 4560 1701 4586 ,
1727 4518 1933 4574 caeteris
1972 4518 2203 4573 homiliis
2233 4516 2395 4586 duplo

820 4616 1006 4668 saltem
1038 4614 1363 4683 longiorem;
1410 4613 1479 4667 ita
1508 4620 1566 4665 ut
1604 4612 1763 4666 etiam
1791 4625 1858 4665 ex
1889 4609 2074 4664 orandi
2103 4609 2293 4663 ardore
2319 4619 2398 4662 at-

823 4724 927 4780 que
956 4708 1255 4777 prolixitate
1278 4708 1588 4761 raucitatem
1619 4704 1975 4759 contraheret.

896 4799 1075 4866 Neque
1103 4806 1278 4851 tamen
1316 4795 1408 4849 ille
1444 4796 1522 4849 sic
1560 4794 1762 4849 destitit
1802 4808 1832 4845 a
1868 4792 2264 4857 concionando,
2306 4793 2399 4848 sed

824 4882 1081 4957 postridie
1106 4901 1293 4939 raucus
1318 4884 1545 4939 oratoris
1578 4896 1771 4937 munus
1807 4880 2075 4950 suscepit,
2106 4889 2160 4935 et
2196 4891 2399 4935 sextam

824 4976 1094 5031 homiliam
1120 4974 1255 5030 dixit
1279 4984 1540 5043 praesente
1582 4972 1836 5028 Flaviano
1861 4971 2112 5039 episcopo
2131 4976 2187 5023 et
2212 4984 2401 5039 magna

825 5067 1005 5138 populi
1036 5065 1354 5135 frequentia.
1386 5067 1558 5134 Atque
1586 5064 1654 5119 de
1693 5064 1871 5132 templi
1900 5061 2261 5117 destructione
2302 5061 2401 5115 sub

829 5154 1157 5224 Vespasiano
1183 5155 1408 5223 primum
1437 5154 1688 5222 loquitur,
1720 5162 1774 5207 et
1794 5154 2019 5208 oratoris
2044 5152 2211 5222 magis
2241 5166 2398 5222 quam

828 5246 1087 5298 annalium
1126 5244 1384 5314 scriptoris
1412 5256 1603 5297 munus
1632 5256 1882 5295 exercens
1903 5282 1917 5306 ,
1945 5242 2073 5295 dicit
2095 5241 2203 5310 jam
2248 5243 2402 5311 quin-

827 5338 1182 5408 gentesimum
1206 5350 1400 5390 annum
1439 5335 1521 5405 agi
1556 5349 1623 5389 ex
1648 5347 1753 5401 quo
1782 5334 2034 5401 templum
2058 5332 2403 5402 Jerosolymi—

830 5438 1013 5481 ianum
1041 5427 1366 5481 destructum
1406 5424 1610 5487 fuerat;
1652 5423 1774 5476 licet
1814 5437 1919 5477 non
1965 5422 2083 5491 plus
2109 5438 2263 5492 quam
2292 5433 2401 5477 tre-

830 5519 971 5573 centi
1000 5519 1185 5573 decem
1212 5528 1265 5574 et
1287 5528 1408 5573 octo
1427 5516 1551 5570 anni
1578 5515 1645 5571 ab
1671 5513 1876 5569 excidio
1902 5514 1994 5567 illo
2014 5514 2176 5582 elapsi
2202 5522 2398 5567 essent.

834 5610 1028 5664 Verum
1060 5610 1195 5664 solet
1223 5609 1634 5680 Chrysostomus
1678 5609 1732 5662 in
1776 5605 2125 5661 concionibus
2170 5605 2277 5657 suis
2309 5604 2403 5658 has

831 5709 1129 5768 temporum
1175 5700 1407 5752 rationes
1445 5709 1497 5752 et
1525 5698 1929 5768 supputationes
1965 5709 2149 5763 parum
2180 5708 2365 5748 curare
2385 5737 2400 5760 ,

833 5800 890 5842 ut
926 5789 1049 5844 alibi
1088 5788 1451 5842 observamus.
1498 5787 1629 5841 lline
1664 5802 1793 5842 vero
1825 5800 2043 5855 secpum
2084 5799 2405 5855 persequens

835 5880 894 5931 ὃ.
929 5879 1131 5943 doctor,
1170 5877 1299 5932 dicit
1338 5886 1393 5932 et
1438 5876 1626 5946 probat
1671 5890 1855 5931 necem
1902 5873 2096 5929 Christi
2144 5875 2401 5929 malorum

840 5981 1047 6022 causam
1076 5967 1269 6025 iudicis
1296 5968 1484 6036 fuisse,
1522 5968 1697 6038 aitque
1732 5965 1896 6021 Deum
1933 5962 2193 6037 indignius
2218 5968 2400 6023 tulisse

1870 594 1929 649 s.
1969 589 2248 648 JOANNIS
2285 585 2758 645 cuuvsosroui
2803 587 2977 654 Vm,
3956 599 4055 654 ηδ

2496 701 2692 757 Christi
2723 718 2928 767 ncecm,
2957 717 3113 770 quam
3143 707 3289 759 vituli
3320 704 3700 759 adorationem.
3733 708 3809 761 Ex
3842 713 4059 780 prophe-

2494 790 2560 844 tis
2587 792 2763 847 denuo
2792 791 2976 862 prohat
3014 790 3243 847 futuram
3277 796 3579 851 Judteorum
3610 796 4052 863 reprobatiouem.

2493 879 2694 937 Deinde
2730 894 2920 952 quanta
2950 882 3017 935 sit
3044 884 3322 938 sacerdotii
3360 886 3584 957 dignitas
3608 885 3970 952 demonstrat,
4004 899 4057 943 et

2490 986 2632 1027 nunc
2658 974 2966 1043 abrogatum
2994 988 3110 1026 esse
3134 974 3271 1040 apud
3295 975 3503 1033 Judzeos
3530 976 3879 1031 sacerdotium
3911 980 4060 1031 evin-

2488 1063 2593 1129 cit,
2621 1064 2968 1133 observatque
2994 1062 3155 1115 libros
3181 1075 3395 1119 sanctos
3425 1083 3527 1121 non
3573 1078 3806 1121 sanctam
3846 1066 4057 1121 efﬁcere

2486 1166 2831 1224 synagogam,
2857 1156 3089 1222 nihilque
3118 1168 3221 1205 non
3252 1155 3359 1222 agit
3388 1166 3443 1211 ut
3472 1158 3739 1215 auditores
3764 1172 3888 1212 suos
3913 1171 4058 1210 aver-

2488 1251 2564 1296 tat
2592 1259 2621 1295 a
2648 1260 2929 1315 synagoga:
2958 1255 3011 1297 et
3037 1242 3178 1296 aditu
3203 1253 3255 1295 et
3285 1244 3594 1302 imitatione.

2560 1333 2791 1403 ldipsum
2817 1343 3180 1405 argumentum
3210 1338 3541 1403 persequitur
3568 1340 3617 1392 in
3660 1340 3880 1407 septima
3927 1355 4055 1393 evn-

2486 1427 2639 1480 eionc
2670 1428 2960 1497 probatque
2983 1424 3227 1481 Judaieos
3252 1424 3385 1479 ritus
3409 1428 3689 1498 abrogatas
3714 1448 3851 1497 esse,
3880 1448 4055 1485 sacer-

2486 1516 2637 1571 dotes
2666 1517 2801 1584 apud
2834 1517 3038 1571 Judaros
3080 1528 3196 1568 esse
3241 1531 3343 1566 non
3386 1532 3575 1583 posse,
3618 1521 3932 1590 unicumque
3962 1538 4053 1575 sa-

2488 1608 2746 1663 crilicium
2774 1624 2890 1663 esse
2921 1624 3013 1679 per
3041 1622 3231 1675 corpus
3257 1605 3454 1660 Christi
3476 1626 3489 1671 ;
3513 1623 3573 1662 ac
3600 1608 3765 1679 legem
3796 1614 4051 1666 sublatam

2488 1700 2680 1765 fuisse,
2709 1716 2815 1755 non
2844 1701 2911 1754 ob
2938 1706 3145 1770 peccata
3184 1696 3484 1751 Judzeoruin
3505 1740 3520 1763 ,
3552 1699 3643 1752 sed
3677 1699 3816 1768 quod
3855 1702 4051 1770 imper-

2488 1790 2620 1844 fecta
2660 1800 2823 1845 esset.
2856 1792 3074 1845 Demum
3113 1788 3177 1841 ad
3227 1786 3662 1842 Melchisedecum
3695 1789 3872 1855 venit,
3903 1793 4054 1853 cujus

2487 1879 2772 1933 sacerdotii
2804 1881 3107 1951 dignitatem
3137 1876 3392 1941 celebrat,
3430 1887 3483 1931 et
3506 1894 3568 1931 ex
3593 1877 3843 1947 prOpheta
3869 1880 4056 1947 probat

2489 1969 2842 2023 sacerdotium
2868 1970 2994 2024 illud
3017 1976 3307 2022 extremum
3345 1982 3496 2031 esse,
3525 1983 3694 2036 exque
3726 1968 3870 2022 Pauli
3900 1969 4056 2023 dictis

2488 2059 2755 2113 Christum
2796 2075 2915 2115 esse
2954 2074 3134 2114 verum
3180 2057 3326 2110 illum
3377 2060 3707 2110 sacerdotem
3758 2074 3823 2112 ex
3869 2060 4055 2114 ordine

2488 2149 2877 2204 Melchisedeci.
2915 2149 3022 2203 llac
3052 2163 3179 2201 vero
3210 2147 3259 2199 in
3285 2161 3342 2199 re
3367 2145 3565 2199 diutius
3601 2146 3929 2211 immoratur,
3963 2148 4057 2202 de-

2488 2254 2740 2307 mumque
2768 2238 2994 2304 claudit,
3026 2237 3292 2291 auditores
3328 2234 3612 2288 eohortaus
3640 2246 3693 2287 nt
3718 2235 3905 2291 fratres
3932 2252 4060 2291 suos

2488 2344 2519 2383 a
2549 2328 2782 2383 Judaicis
2807 2326 3268 2382 observationibus
3292 2333 3566 2386 avertant,
3597 2335 3648 2379 et
3672 2325 3737 2379 ad
3766 2341 3944 2381 veram
3972 2344 4057 2380 re-

2490 2421 2685 2475 ducant
2711 2420 2870 2472 viatn.
2900 2416 3115 2487 PrOptcr
3140 2421 3232 2468 hoc
3253 2416 3402 2480 enim,
3434 2416 3620 2485 inquit,
3650 2433 3738 2470 nos
3764 2426 3953 2470 tantum
3975 2418 4055 2470 la-

2491 2510 2659 2563 borem
2686 2509 3002 2578 suscipimus,
3034 2523 3188 2576 neque
3212 2516 3264 2558 ut
3295 2507 3526 2573 plausum
3554 2508 3905 2576 strepitumque
3928 2511 4058 2577 refe-

2492 2618 2681 2664 ramus,
2711 2601 2799 2655 sed
2828 2610 2882 2653 ut
2906 2601 3100 2654 avulsas
3126 2599 3193 2651 ad
3232 2598 3359 2651 ciam
3388 2598 3607 2652 veritatis
3635 2599 3949 2652 reducamus.

2562 2692 2811 2745 Octavam
2866 2691 3047 2745 habuit
3105 2698 3380 2759 postquam
3442 2690 3697 2759 jejunium
3756 2690 4057 2745 Judteorum

2494 2786 2795 2846 transierat,
2830 2781 2966 2850 quod
2992 2780 3251 2850 jejunium
3272 2779 3581 2833 ebrietatem
3607 2794 3723 2834 esse
3742 2781 3887 2834 dicit.
3918 2781 4057 2835 Ilur-

2492 2886 2716 2941 sumque
2749 2871 3019 2926 auditores
3053 2870 3312 2934 hortatur,
3359 2879 3415 2922 ut
3445 2869 3663 2923 fratrum
3703 2870 4059 2925 emendationi

2491 2971 2547 3018 et
2569 2963 2725 3017 saluti
2746 2962 3022 3016 consulant
3056 2971 3108 3016 et
3132 2959 3418 3029 advigilcnt
3448 2976 3461 3011 :
3494 2974 3592 3013 nec
3621 2958 3778 3014 modo
3801 2969 3920 3014 ante
3946 2975 4058 3029 pec-

2493 3064 2687 3119 catum,
2720 3055 2812 3109 sed
2842 3054 2999 3109 etiam
3028 3065 3143 3125 post
3168 3067 3437 3125 peccatum
3461 3069 3643 3109 manus
3670 3054 3773 3108 illis
3798 3056 4059 3124 porrigen-

2493 3147 2588 3201 das
2627 3159 2745 3200 esse
2773 3145 2930 3213 dicit,
2973 3156 3029 3199 ut
3066 3146 3204 3200 Deus
3243 3145 3372 3199 fecit
3418 3145 3640 3199 Adamo.
3684 3145 3902 3198 Peccata
3933 3158 4058 3197 vero

2494 3238 2718 3291 fratrum
2764 3236 3115 3306 corrigenda,
3156 3252 3260 3290 non
3298 3234 3588 3304 evulganda
3621 3248 3761 3288 esse.
3799 3234 4057 3300 Quoniam

2493 3338 2669 3383 autem
2703 3326 2871 3382 Judzei
2901 3341 2958 3381 se
2984 3327 3220 3380 medicos
3251 3340 3370 3379 esse
3397 3323 3672 3385 dicebant,
3704 3332 3858 3396 atque
3883 3322 4058 3375 incau-

2495 3418 2778 3472 tationibus
2815 3433 2880 3471 ac
2930 3415 3267 3485 Iigaminibus
3291 3414 3356 3468 ad
3402 3412 3663 3468 curandos
3700 3412 3911 3465 morbos
3946 3420 4059 3465 ute-

2495 3509 2707 3572 bantur,
2733 3518 2919 3562 contra
2945 3521 3037 3561 eos
3077 3506 3166 3575 qui
3196 3504 3260 3559 ad
3298 3504 3428 3557 tales
3463 3503 3696 3557 medicos
3720 3500 4061 3570 confugerent

2497 3601 2722 3670 insurgit
2745 3598 3152 3670 Chrysostomus
3172 3639 3186 3665 ,
3216 3597 3394 3666 aitque
3431 3594 3565 3648 mala
3594 3594 3766 3662 potius
3802 3595 4061 3663 patienter

2498 3692 2735 3756 ferenda,
2760 3707 2916 3761 quam
2948 3691 3081 3744 tales
3104 3687 3428 3742 adhibendas
3456 3685 3757 3739 curationes
3778 3726 3790 3749 ,
3821 3694 3976 3753 atque
3996 3684 4061 3737 ad

2497 3783 2663 3838 Deum
2690 3790 2744 3837 et
2771 3781 2835 3835 ad
2867 3790 3079 3835 sanctos
3105 3788 3365 3849 martyres
3393 3792 3511 3831 esse
3534 3774 3972 3846 confugiendum,
4002 3789 4063 3829 ac

2495 3875 2647 3944 signo
2666 3872 2839 3927 erucis
2859 3869 3109 3925 utendum

2567 3964 2696 4017 Alia:
2728 3962 3009 4016 conciones.
3031 3989 3103 3999 —
3127 3958 3235 4013 lloc
3262 3968 3495 4028 tempore
3534 3957 3711 4011 habita
3743 3955 3837 4010 fuit
3878 3956 4064 4009 concio

2499 4054 2586 4108 illa
2626 4053 2677 4106 in
2722 4051 2985 4106 Psalmum
3028 4051 3088 4105 41
3122 4048 3220 4120 (Τ.
3254 4049 3305 4104 5.
3343 4066 3389 4102 c.
3422 4046 3582 4113 155),
3633 4047 4063 4114 Quemadmodum

2498 4143 2744 4198 desiderat
2759 4159 2951 4209 cervus,
2964 4152 3065 4197 etc.
3076 4183 3089 4207 ,
3109 4149 3165 4193 nt
3180 4141 3291 4210 ipse
3306 4139 3710 4209 Cbrysostonius
3726 4152 3823 4191 nec
3843 4136 4064 4189 obscure

2500 4233 2698 4287 indicat
2725 4233 2874 4287 initio
2898 4231 2981 4286 bis
3001 4231 3176 4286 verbis
3201 4248 3214 4282 :
3257 4229 3356 4283 Vos
3376 4229 3593 4297 quidem,
3623 4226 3825 4295 inquit,
3858 4241 3947 4277 nos
3972 4240 4066 4275 nu-

2502 4342 2591 4394 per
2615 4323 2997 4377 adntirabamini
3016 4364 3029 4387 ,
3061 4320 3260 4391 quando
3302 4318 3445 4371 verba
3474 4317 3681 4386 fecimus
3714 4315 3776 4367 de
3802 4312 4066 4367 Melchise-

2501 4416 2620 4468 deco
2640 4457 2654 4481 ,
2688 4424 2891 4483 propter
2918 4428 3089 4466 eorum
3116 4426 3227 4480 qua:
3248 4409 3381 4461 dicta
3413 4416 3527 4458 sunt
3552 4404 3906 4474 longitudinem
3929 4420 3946 4457 :
3974 4422 4066 4475 ego

2500 4516 2666 4561 autent
2707 4521 2793 4558 vos
2818 4502 3107 4556 admirabar
3146 4508 3347 4568 prapter
3372 4505 3585 4548 uestram
3623 4496 3675 4548 in
3716 4496 3965 4549 audiendo
3990 4506 4068 4548 at-

2503 4599 2770 4654 tentionem
2797 4604 2844 4649 et
2867 4592 3183 4661 sapientiam,
3214 4598 3260 4641 et
3282 4587 3416 4655 quod
3433 4602 3546 4639 cum
3572 4585 3815 4655 prolixior
3840 4603 3893 4640 se
3919 4586 4066 4639 obtuo

2504 4691 2637 4743 (isset
2677 4684 2868 4747 oratio,
2912 4697 3003 4734 nos
3042 4682 3109 4731 ad
3137 4676 3287 4745 ﬁnem
3322 4692 3474 4746 usque
3512 4677 3799 4745 consequuti
3824 4676 3956 4729 estis.
4004 4676 4069 4729 Et

2504 4775 2816 4848 quibusdam
2848 4770 3172 4839 interpositis
3196 4787 3212 4823 :
3251 4767 3679 4834 Quemadmodum
3702 4784 3819 4837 ergo
3848 4778 3965 4818 tunc
3990 4766 4069 4817 di-

2506 4869 2695 4931 cebam,
2722 4864 2853 4933 quod
2878 4862 2996 4915 dum
3019 4861 3124 4930 lupi
3147 4875 3347 4929 gregem
3374 4858 3631 4923 inuadunt,
3654 4857 3828 4909 relicta
3862 4855 4029 4922 ﬁstula
4046 4894 4065 4919 ,

2504 4960 2716 5033 [undam
2757 4957 2810 5010 in
2847 4970 3055 5007 manum
3082 4960 3281 5006 sumunt
3324 4960 3547 5021 pastores
3576 4964 3595 5002 :
3630 4949 3699 5000 ita
3740 4961 3906 5009 nunc,
3949 4945 4067 4998 dum

2506 5055 2631 5122 festa
2658 5048 2955 5103 Jutltzorum
2992 5045 3371 5114 praterierunt,
3400 5041 3483 5111 qui
3520 5046 3634 5092 sunt
3668 5038 3901 5106 quibusve
3937 5038 4068 5104 lujn's

2503 5140 2843 5203 inunaniores,
2871 5136 3045 5190 relicta
3066 5150 3239 5187 rursus
3259 5133 3438 5203 funda,
3463 5128 3721 5181 redeamus
3742 5126 3808 5177 ad
3826 5126 4066 5193 ﬁstulam.

2504 5233 2637 5290 llinc
2663 5229 2809 5284 vides
2836 5228 2970 5281 hanc
2994 5225 3045 5279 in
3079 5224 3346 5280 Palmum
3372 5220 3433 5273 Μ
3464 5216 3731 5271 homiliam
3762 5224 3883 5269 tunc
3922 5216 4070 5271 habi-

2505 5333 2611 5377 tam
2644 5321 2826 5383 fuisse,
2858 5333 2977 5372 cum
3007 5329 3176 5383 nuper
3204 5311 3269 5365 de
3311 5304 3690 5362 Mclchiscdeco
3728 5304 3890 5358 multa
3917 5305 4069 5361 dixis-

2504 5421 2620 5477 set,
2671 5421 2722 5466 et
2764 5409 3006 5465 homilias
3050 5412 3233 5461 contra
3282 5397 3492 5453 Judaaos
3533 5394 3860 5448 absolvisset.
3909 5396 4067 5454 Multa

2507 5514 2679 5558 autem
2703 5502 2769 5557 de
2795 5497 3177 5558 Melchisedeco
3198 5491 3329 5545 dixit
3350 5490 3403 5542 in
3425 5486 3637 5541 homilia
3658 5494 3839 5540 contra
3860 5486 4069 5546 Judmos

2508 5597 2731 5667 septima
2754 5636 2769 5662 ,
2800 5608 2918 5663 qure
2956 5599 3035 5645 est
3084 5581 3370 5653 penultima
3408 5578 3547 5631 illius
3572 5579 3881 5645 argumenti.
3917 5580 4067 5648 Quod

2506 5666 2634 5742 vero
2679 5685 2746 5741 de
2787 5690 3001 5755 pastore
3043 5674 3200 5736 dicit,
3231 5668 3545 5723 adveniente
3588 5666 3710 5735 lupo
3749 5667 3960 5723 fundam
3990 5687 4070 5724 su-

2509 5788 2713 5843 mente,
2755 5778 2807 5829 in
2840 5778 3026 5842 quarta
3066 5763 3310 5826 habetur,
3339 5759 3425 5814 ubi
3465 5756 3612 5813 initio
3647 5762 3859 5814 secundi
3887 5774 4069 5815 contra

2508 5871 2718 5929 Judaeos
2744 5867 2870 5924 belli
2906 5863 2983 5917 sic
3005 5857 3279 5915 classicum
3305 5867 3496 5907 cauere
3520 5850 3727 5908 videtur
3760 5852 4069 5925 Chrysosto.

2514 5978 2671 6021 mus:
2714 5962 2902 6010 ἔξιτετσ
2927 5951 3148 6021 infelices
3187 5945 3266 6000 illi
3305 5943 3683 6016 mortaliumqus
3722 5948 3941 5999 annuum
3972 5943 4065 5994 mi-
