4504 6752
467 582 569 638 129

464 691 660 745 serrtmi
693 690 864 747 Judaei
896 694 1181 765 jejunaturi
1226 700 1379 745 sunt:
1408 704 1583 742 rursus
1619 687 1805 741 Christi
1844 702 2041 759 gregem

464 781 749 838 muniamus
795 801 993 839 necesse
1056 791 1145 837 est.
1208 779 1623 848 Quandoquidem
1682 789 1728 833 et
1785 790 2007 846 pastores
2028 818 2042 842 ,

464 875 706 942 quarndiu
743 877 895 931 noxia
929 875 1083 929 bestia
1107 872 1315 924 molesta
1345 886 1445 922 non
1480 878 1584 936 est,
1630 872 1720 925 sub
1758 872 1922 925 ilicem
1958 876 2048 920 aut

467 964 712 1034 populum
753 966 967 1035 porrecti
986 1004 1000 1025 ,
1033 962 1207 1028 ﬁstula
1240 969 1460 1025 canunt,
1499 961 1713 1016 sinentes
1742 978 1853 1015 oves
1895 960 2048 1013 libere

466 1073 559 1125 pro
592 1073 683 1112 suo
707 1058 951 1108 arbitratu
982 1067 1185 1121 pascere
1206 1067 1225 1103 :
1250 1067 1419 1105 verum
1445 1052 1597 1106 simul
1632 1064 1783 1122 atque
1803 1049 2046 1103 senserint

465 1146 700 1199 alicunde
736 1144 969 1210 luporum
1014 1141 1349 1194 incursionem
1388 1143 1677 1206 imminere,
1711 1156 1828 1193 mox
1853 1138 2046 1207 objecta

466 1239 639 1306 ﬁstula
662 1236 874 1305 fundam
902 1234 1175 1304 arripiunt,
1205 1245 1253 1288 et
1276 1237 1453 1291 emisso
1479 1238 1675 1289 calamo
1697 1275 1711 1299 ,
1745 1232 1959 1302 fustibus
1997 1239 2044 1285 et

466 1328 604 1380 saxis
628 1326 890 1377 obarmant
917 1339 1053 1390 sese,
1095 1340 1283 1394 proque
1319 1327 1439 1380 ovili
1465 1325 1819 1387 consistentes,
1860 1338 2043 1391 magno

466 1421 684 1472 clamore
708 1415 994 1485 ingentique
1020 1418 1218 1471 ululatu
1246 1419 1593 1489 vociferantes,
1627 1416 1909 1484 frequenter
1931 1415 2043 1482 ipso

466 1508 687 1559 clantore
718 1507 914 1573 feram,
961 1507 1250 1577 priusquam
1274 1509 1556 1578 irrumpat,
1587 1506 1812 1576 abigunt.
1858 1504 2043 1569 Itaque

466 1604 589 1666 post
628 1594 996 1664 Septembrem
1038 1600 1160 1653 anni
1187 1599 1311 1666 587,
1345 1610 1622 1669 postquam
1651 1597 1897 1652 homilias
1926 1593 2043 1645 illas

465 1686 699 1755 quinque
719 1698 901 1741 contra
927 1687 1138 1743 Judwos
1158 1690 1382 1755 dixerat,
1408 1689 1490 1743 vel
1518 1688 1741 1744 fortasse
1762 1691 2040 1753 postquam

468 1779 706 1833 ultimam
731 1780 957 1847 dixerat,
987 1799 1103 1851 qua:
1123 1784 1282 1840 etiam
1308 1793 1425 1852 post
1446 1781 1707 1851 jejunium
1736 1775 2041 1830 Judzeorum

468 1868 645 1923 habita
685 1869 812 1935 fuit,
841 1871 979 1926 hanc
1008 1872 1279 1927 homiliam
1305 1872 1475 1936 dixit,
1510 1882 1666 1937 quam
1699 1875 1874 1919 tamen
1906 1864 2040 1918 inter

468 1959 841 2029 Expositiones
880 1964 933 2016 in
978 1964 1215 2019 l’salmos
1240 1964 1344 2015 alio
1385 1971 1623 2027 tempore
1659 1956 2037 2023 concinnatus,

465 2068 651 2107 eorum
678 2056 766 2123 qui
795 2070 892 2109 nos
917 2063 1299 2124 prmcesserant
1318 2051 1563 2119 exemplo
1591 2050 1919 2119 reliquimus.

538 2144 716 2199 Primo
754 2157 929 2200 autem
956 2155 1133 2199 narrat
1157 2159 1257 2214 qua
1285 2143 1351 2197 de
1377 2155 1535 2195 causa
1566 2139 1704 2194 Deus
1730 2140 1959 2208 psalmos
1985 2140 2037 2193 in

467 2234 628 2288 vitam
671 2244 906 2288 nostram
936 2235 1220 2299 induxerit,
1269 2241 1324 2286 ut
1354 2245 1546 2299 nempe
1586 2231 1916 2285 socordiores
1945 2229 2039 2283 ho-

466 2325 637 2379 mines
663 2326 910 2393 erigeret,
937 2325 1166 2378 animam
1196 2329 1485 2383 recrearet,
1529 2320 1736 2389 aliaque
1770 2319 1907 2374 bona
1939 2318 2037 2372 ho-

466 2414 695 2468 minibus
727 2414 1044 2481 impertiret.
1076 2413 1264 2467 Postea
1293 2412 1360 2465 de
1404 2410 1560 2464 modo
1589 2409 1843 2479 psallendi
1872 2409 2038 2471 multa

465 2505 613 2568 dicit,
658 2512 711 2557 et
734 2504 937 2572 aliquas
975 2502 1191 2556 adhibet
1217 2515 1393 2565 voces,
1438 2500 1503 2554 ad
1531 2515 1646 2554 eam
1676 2514 1789 2553 rem
1815 2512 2040 2567 usurpa-

466 2603 566 2657 tas,
605 2607 739 2662 quas
790 2607 898 2647 non
945 2592 1293 2660 intelligentes
1314 2591 1449 2646 bene
1498 2590 1648 2645 multi
1695 2589 2035 2657 interpretes,

465 2701 741 2756 perperam
762 2696 1050 2749 verterunt,
1082 2695 1135 2738 et
1158 2699 1380 2759 quarum
1405 2698 1557 2739 usum
1585 2691 1639 2737 et
1667 2696 1880 2736 sensum
1903 2678 2040 2732 tnui-

464 2777 533 2830 tis
560 2777 782 2831 aliorum
802 2773 1018 2831 Patrum
1048 2784 1104 2829 et
1124 2776 1439 2844 scriptorum
1467 2772 1724 2841 exemplis
1752 2769 2040 2840 explicavi-

463 2885 582 2926 mus
611 2871 663 2924 in
694 2870 911 2926 Monito.

532 2960 820 3015 Catecheses
861 2963 929 3014 ad
972 2962 1353 3015 illuminandos.
1379 2989 1449 2999 —
1479 2958 1635 3014 Binas
1683 2956 2032 3023 Catecheses,

460 3067 593 3122 quas
618 3052 684 3105 ad
718 3052 1091 3106 illuminandos
1146 3067 1238 3106 seu
1275 3050 1685 3105 catechumenos
1712 3048 2034 3119 Chrysosto-

460 3159 580 3199 mus
611 3142 791 3197 habuit
831 3152 950 3212 post
978 3142 1235 3197 llomilias
1257 3143 1325 3198 de
1347 3142 1547 3198 Statuis
1572 3140 1834 3196 edidimus
1860 3138 1944 3210 (T.
1974 3138 2029 3192 2.

470 3254 513 3289 c.
542 3234 695 3304 225).
737 3236 857 3289 Illas
883 3248 1029 3301 vero,
1078 3235 1412 3304 maximeque
1454 3234 1677 3303 primam
1716 3233 1769 3286 in
1796 3231 2033 3298 Quadra-

458 3330 657 3398 gesima
685 3330 807 3382 anni
836 3328 939 3383 387
968 3329 1162 3383 dictam
1203 3328 1365 3384 fuisse
1394 3329 1739 3398 probabiliter
1760 3329 2032 3383 existima-

457 3437 612 3487 mus;
662 3421 1031 3475 Tillemontius
1078 3436 1206 3477 vero
1254 3421 1307 3475 in
1354 3436 1550 3475 annum
1601 3420 1706 3476 588
1755 3428 2029 3490 utramque

456 3515 744 3569 amandare
770 3514 987 3568 mavult.
1018 3514 1130 3582 Qua
1162 3514 1230 3568 de
1258 3530 1316 3569 re
1339 3515 1575 3583 pluribus
1600 3513 1946 3568 disseruimus
1973 3513 2025 3568 in

455 3604 653 3658 Monito
696 3604 762 3658 ad
791 3606 1028 3669 easdem,
1062 3605 1148 3658 ubi
1188 3604 1307 3659 vide
1348 3605 1441 3658 sis.
1488 3605 1541 3657 In
1571 3605 1738 3672 prima
1781 3604 2028 3659 catechu-

456 3710 641 3749 menos
664 3696 910 3761 instituit,
942 3706 993 3751 et
1030 3695 1185 3749 docet
1221 3710 1281 3749 ea
1312 3710 1430 3763 qute
1459 3696 1594 3750 scire
1625 3710 1719 3764 par
1746 3705 1862 3751 erat
1891 3714 1904 3749 :
1934 3712 2029 3751 ne—

453 3800 557 3853 quc
586 3785 726 3838 enim
751 3784 931 3839 omnia
952 3784 1277 3839 docebantur
1296 3786 1687 3851 catechumeni;
1717 3788 2028 3857 mysterium

454 3890 683 3943 namque
731 3875 912 3928 calicis
965 3874 1309 3945 ignorabant,
1363 3874 1534 3930 donec
1589 3876 1779 3931 initiati
1825 3886 2026 3933 essent.

455 3966 659 4022 Laudat
698 3966 816 4019 illos
852 3965 992 4035 quod
1032 3966 1257 4035 juvenes
1296 3967 1615 4036 baptismum
1653 3977 1832 4022 essent
1873 3983 2025 4023 acce-

456 4058 615 4126 pturi,
645 4055 958 4125 illorumque
1003 4056 1376 4125 negligentiam
1418 4056 1701 4123 improbat,
1732 4059 1822 4127 qui
1851 4058 2025 4127 bapti-

454 4162 626 4202 smum
668 4144 981 4200 differebant
1024 4162 1188 4216 usque
1234 4146 1298 4201 ad
1346 4156 1594 4202 mortem.
1625 4148 1876 4218 Baptismi
1925 4163 2025 4203 no-

455 4240 595 4296 mina
644 4239 809 4294 multa
847 4254 967 4294 esse
994 4239 1169 4304 docet,
1212 4256 1401 4311 nempe
1438 4242 1704 4296 lavacrum
1744 4257 2025 4311 regenera—

454 4331 631 4395 tionis,
659 4330 991 4393 illuminatio,
1015 4331 1296 4401 baptisma,
1328 4332 1619 4400 sepultura,
1648 4346 1776 4386 crux
1805 4342 1858 4387 et
1882 4332 1983 4387 alia
2008 4350 2023 4388 :

454 4425 780 4494 multumque
804 4424 1089 4479 discrimen
1116 4440 1235 4479 esse
1263 4424 1390 4478 dicit
1415 4424 1551 4478 inter
1581 4424 1898 4494 baptismum
1927 4425 2025 4480 Ju-

454 4517 687 4572 dzeorum
705 4526 756 4569 et
773 4517 1213 4571 Christianorum.
1228 4516 1529 4571 Christiano
1549 4516 1779 4586 linguam
1796 4519 2026 4573 maxime

453 4608 799 4663 cohibendam
843 4625 981 4673 csse,
1029 4623 1095 4663 ex
1138 4625 1238 4679 qua
1288 4611 1467 4678 lapsus
1501 4610 1648 4664 multi
1691 4609 2021 4678 proveniant.

453 4701 664 4757 Claudit
707 4702 919 4756 demum
974 4700 1157 4756 dicens
1203 4717 1233 4756 a
1285 4703 1600 4772 juramentis
1653 4703 2023 4757 abstinendum

453 4813 593 4864 esse,
622 4794 763 4867 quod
806 4794 1000 4849 malum
1035 4794 1331 4850 Antiochia:
1371 4797 1598 4851 maxime
1623 4804 1746 4850 tunc
1773 4796 2025 4863 temporis

454 4891 765 4954 invaluerat,
796 4895 957 4956 atque
986 4885 1079 4939 illo
1103 4885 1273 4939 solum
1312 4901 1453 4941 anno
1478 4887 1581 4941 587
1609 4903 1701 4957 per
1726 4885 2026 4955 Quadrage-

452 4986 642 5037 simam
684 4990 845 5034 totam
890 4985 1078 5032 contra
1109 4976 1407 5045 juramenta
1446 4979 1747 5033 concinnari
1798 4977 2021 5045 solebat,

453 5072 597 5143 quod
625 5072 938 5127 sententiam
970 5080 1203 5123 nostram
1230 5068 1441 5122 firmare
1462 5070 1689 5125 videtur.

526 5165 580 5218 ln
611 5161 838 5217 secunda
870 5158 1131 5215 cateehesi
1159 5156 1575 5214 illuminatorum
1604 5175 1697 5214 seu
1733 5159 2023 5229 baptizato-

452 5272 571 5313 rum
602 5254 775 5309 ofﬁcia
816 5252 1046 5320 explicat
1074 5267 1089 5303 :
1118 5248 1279 5303 verba
1308 5250 1471 5305 refert
1514 5252 1568 5306 in
1595 5252 1856 5322 baptismo
1894 5266 2022 5320 pro-

454 5348 581 5415 lata,
613 5360 820 5415 nempe,
851 5342 1157 5396 Abrenuntio
1182 5342 1289 5406 tibi,
1317 5337 1529 5411 Satana,
1562 5354 1608 5397 et
1636 5359 1833 5413 pompa:
1856 5352 1954 5396 tua:
1977 5353 2026 5397 et

453 5440 610 5493 cultui
634 5448 737 5492 tuo.
770 5435 920 5492 Unde
962 5433 1295 5487 occasionem
1342 5434 1505 5489 sumit
1548 5434 1796 5505 carpendi
1839 5434 2027 5488 mulie-

452 5545 577 5593 res,
621 5545 739 5600 qna:
785 5528 950 5582 nimio
994 5525 1201 5579 ornatui
1249 5524 1553 5580 studebant.
1605 5526 1855 5594 Pompam
1901 5540 2027 5577 vero

453 5622 739 5673 satanicam
770 5632 887 5675 esse
912 5618 1057 5683 dicit,
1082 5616 1305 5675 theatra.
1325 5616 1592 5671 circenses
1622 5617 1792 5681 ludos,
1821 5615 2025 5669 dierum

456 5709 875 5777 observationes,
918 5708 1209 5781 prmstigias
1250 5714 1304 5760 et
1336 5706 1534 5761 omina.
1574 5707 1827 5776 Loquitur
1865 5705 2024 5758 etiam

457 5802 525 5858 de
552 5800 635 5865 iis,
663 5802 749 5870 qui
786 5802 1108 5858 carminibus
1150 5808 1204 5854 ct
1238 5799 1475 5869 ligaturis
1502 5801 1803 5865 utebantur,
1833 5798 2027 5870 quique

458 5891 773 5949 nomismata
802 5891 1091 5947 Alexandri
1129 5888 1428 5947 Macedonis
1472 5904 1631 5946 aurea
1663 5889 1821 5959 capiti
1845 5897 1901 5944 et
1930 5904 2026 5958 pe-

458 5985 611 6044 dibus
638 5982 1091 6052 circumligabant,
1118 5990 1275 6055 atquc
1318 5982 1370 6037 in
1411 5983 1551 6053 regis
1576 5982 1863 6040 idololatra:
1892 5982 2025 6037 ima—

1625 574 1806 632 NUNC
1848 571 2107 630 PRIMUM
2144 570 2537 628 ADORNATA.

3624 587 3723 643 {Si}

2153 686 2275 774 gine
2297 698 2446 753 spem
2473 686 2768 743 habebant:
2792 700 2847 744 at
2872 692 2922 745 in
2948 708 3105 749 cruce
3124 695 3319 752 Christi
3350 707 3549 756 tantum
3574 718 3723 774 Spen.

2150 772 2450 829 habendam
2477 790 2593 831 esse
2618 779 2760 833 dicit.
2800 779 2857 833 ln
2888 780 3186 850 hujusntodi
3230 787 3443 845 insanas
3472 772 3724 861 superstio

2151 864 2324 919 tiones
2352 868 2513 921 multa
2543 870 2776 938 profert,
2807 881 2862 925 et
2900 886 2994 925 eos
3032 875 3119 941 qui
3150 876 3542 935 incantamenta
3571 883 3721 938 adhi-

2151 953 2337 1012 berent
2367 959 2829 1016 vehementissime
2872 964 3128 1033 coarguit,
3156 976 3315 1037 atque
3343 972 3445 1026 hoc
3476 971 3723 1041 baptismi

2148 1044 2290 1101 dicto
2323 1048 2624 1104 catechcsin
2668 1051 2884 1117 claudit,
2930 1054 3236 1110 Abrenuntio
3285 1059 3391 1126 tibi,
3423 1058 3635 1131 Satana,
3678 1074 3725 1117 et

2149 1154 2347 1207 pompm
2375 1148 2475 1192 tua:
2501 1150 2549 1194 et
2573 1144 2731 1196 cultui
2757 1153 2863 1211 tuo,
2893 1156 2940 1200 et
2968 1150 3247 1221 conjungor
3267 1152 3374 1218 tibi,
3401 1152 3615 1209 Christe.

2221 1226 2463 1282 Ilontilia:
2504 1232 2566 1283 de
2618 1231 3003 1301 Propltetiarum
3042 1240 3355 1296 obscuritate.
3388 1273 3459 1283 -
3482 1244 3723 1301 llomilire

2147 1320 2265 1373 dua:
2291 1320 2357 1376 de
2388 1321 2789 1391 Prophetiarum
2812 1327 3132 1384 obscuritate
3157 1333 3221 1385 ad
3252 1351 3447 1389 annum
3469 1335 3574 1392 588
3599 1353 3725 1391 con-

2147 1413 2421 1483 signantur
2461 1431 2489 1468 a
2531 1415 2602 1470 cl.
2631 1417 2744 1472 viro
2773 1418 3129 1488 Tillemontio,
3176 1424 3269 1477 Sed
3313 1442 3375 1479 ex
3421 1430 3721 1497 conjectum

2152 1513 2353 1558 tantum
2384 1504 2469 1575 (T.
2514 1506 2567 1561 6.
2614 1524 2656 1560 c.
2690 1508 2853 1579 165);
2889 1520 3045 1581 atque
3082 1529 3147 1568 ex
3177 1514 3241 1569 iis
3270 1531 3388 1585 qua:
3429 1519 3479 1572 in
3525 1520 3722 1575 Monito

2147 1590 2375 1647 diximus
2404 1596 2659 1649 incertum
2700 1612 2919 1665 prorsus
2956 1601 3180 1668 videtur,
3214 1620 3319 1673 quo
3346 1622 3487 1662 anno
3513 1612 3721 1666 emissa:

2148 1680 2365 1738 fuerint.
2409 1684 2465 1738 ιη
2494 1686 2663 1754 prima
2701 1686 2859 1742 docet
2885 1693 3151 1759 quomodo
3179 1698 3449 1753 tractanda
3476 1701 3545 1753 sit
3574 1701 3720 1755 Scri-

2148 1782 2299 1841 ptura
2330 1790 2500 1838 sacra,
2528 1775 2596 1831 de
2624 1777 3006 1836 Melchisedeco
3035 1785 3276 1853 qmedatn
3303 1786 3481 1855 habet,
3506 1806 3569 1845 ac
3594 1809 3722 1861 pau-

2146 1863 2225 1917 cis
2237 1866 2525 1920 Anommos
2540 1870 2729 1935 carpit.
2749 1879 2800 1924 et
2815 1882 2998 1926 contra
3016 1873 3294 1931 hzereticos
3312 1880 3495 1947 probat
3510 1897 3722 1951 genera-

2147 1956 2343 2010 tionem
2365 1955 2559 2012 Christi
2586 1969 2840 2015 :eternam
2870 1977 3005 2029 esse,
3032 1968 3425 2034 generationem
3456 1988 3583 2027 vero
3606 1975 3724 2043 ejus

2145 2050 2497 2117 Corporalem,
2538 2052 2639 2106 etsi
2687 2063 2908 2119 certam,
2958 2056 3179 2127 intelligi
3226 2070 3281 2113 et
3317 2062 3569 2129 explicari
3616 2082 3721 2121 non

2145 2154 2344 2208 posse:
2376 2140 2539 2195 Vetus
2581 2144 2978 2201 Testamentum
3015 2148 3296 2205 obscurum
3339 2168 3458 2208 esse
3498 2157 3627 2209 dicit
3669 2168 3723 2212 ct

2145 2233 2387 2291 consulto
2412 2248 2475 2288 ex
2511 2234 2688 2289 divina
2725 2238 3054 2305 providentia
3088 2242 3302 2308 factum,
3336 2255 3393 2298 ut
3433 2247 3719 2301 obscurum

2144 2332 2198 2377 et
2244 2324 2506 2392 explicata
2553 2326 2766 2382 difﬁcile
2819 2331 3280 2402 esset:additque
3331 2338 3716 2403 pra-scientiam

2148 2414 2240 2468 Dei
2289 2430 2393 2469 non
2431 2430 2551 2470 esse
2579 2428 2917 2485 peccatorum
2965 2436 3201 2477 causam.
3235 2424 3356 2478 Ideo
3386 2437 3564 2482 autem
3592 2444 3714 2497 pro-

2146 2504 2334 2573 phetas
2386 2504 2612 2561 obscure
2659 2506 2830 2564 futura
2885 2514 3228 2569 annuntiasse
3266 2524 3434 2583 putat,
3478 2533 3545 2572 ne
3594 2531 3716 2575 ante

2148 2601 2354 2664 tempus
2377 2595 2545 2651 ,ἰυάωί
2584 2598 2672 2651 illa
2703 2598 3078 2670 intelligerent.
3124 2603 3309 2674 Neque
3338 2614 3511 2664 tamen
3540 2612 3715 2665 omnia

2144 2683 2368 2740 obscura
2394 2684 2594 2753 luisse;
2627 2703 2749 2743 nam
2775 2690 2960 2746 inutile
2997 2691 3187 2748 fuisset
3220 2695 3298 2750 sic
3339 2695 3514 2753 futura
3541 2702 3717 2756 omnia

2144 2775 2518 2843 przenuntiare.

2212 2866 2270 2920 ln
2295 2867 2526 2923 secunda
2556 2885 2785 2940 quoque,
2809 2888 2928 2942 quae
2958 2874 3095 2930 inter
3122 2874 3457 2947 longissimas
3480 2881 3715 2952 Chryso-

2141 2956 2296 3010 stomi
2318 2958 2605 3014 conciones
2632 2964 2984 3031 computanda
3028 2974 3129 3028 est,
3160 2981 3348 3023 causas
3378 2970 3715 3026 obscuritatis

2137 3048 2310 3105 all‘ert.
2341 3049 2517 3106 Prima
2559 3067 2716 3108 causa
2747 3064 2851 3118 est,
2883 3058 3003 3126 quia
3048 3059 3185 3113 sicut
3212 3062 3467 3116 velamcm
3508 3064 3716 3136 Moyses

2137 3141 2190 3196 in
2223 3148 2406 3197 monte
2442 3142 2643 3209 habuit,
2675 3146 2766 3214 qui
2806 3146 3011 3217 Moyses
3036 3149 3307 3218 legislator
3342 3160 3425 3207 est
3449 3171 3462 3206 :
3486 3154 3556 3207 ita
3581 3171 3716 3225 quo-

2135 3250 2239 3305 que
2271 3235 2443 3305 legem
2472 3237 2709 3290 velamen
2757 3237 3025 3305 habuisse,
3067 3254 3259 3308 nempe
3300 3242 3711 3311 obscuritatem;

2134 3326 2230 3381 sed
2282 3340 2455 3395 neque
2502 3325 2788 3395 legislatori
2838 3329 2964 3384 vitio
3006 3331 3346 3398 vertendum,
3395 3348 3566 3405 neque
3609 3334 3711 3406 legi

2134 3417 2342 3471 crimini
2368 3417 2598 3472 dandum
2626 3418 2787 3474 fuisse
2816 3421 3076 3488 velamen,
3108 3422 3203 3476 sed
3228 3423 3532 3479 auditorum
3563 3425 3710 3479 infir-

2134 3510 2307 3563 mitati
2342 3508 2694 3564 tribuendum.
2738 3510 2978 3565 Secunda
3006 3526 3164 3566 causa
3191 3513 3533 3568 obscuritatis
3559 3524 3706 3571 vete-

2133 3602 2209 3655 ris
2242 3599 2567 3657 Testamenti
2618 3611 2719 3667 est,
2764 3602 2885 3671 quia
2928 3617 3033 3656 non
3085 3604 3341 3672 scriptum
3384 3604 3483 3659 fuit
3533 3605 3708 3676 lingua

2133 3692 2338 3758 Graeca,
2389 3690 2483 3746 sed
2514 3691 2811 3757 Hebraica;
2860 3707 2982 3747 cum
3024 3703 3201 3748 autem
3245 3710 3311 3749 ex
3355 3696 3611 3751 llebraica
3654 3699 3707 3751 in

2135 3782 2373 3839 Graecam
2414 3783 2643 3852 linguam
2682 3784 2991 3838 translatum
3031 3785 3212 3850 fuerit,
3243 3786 3524 3840 maximam
3552 3787 3710 3842 habet

2130 3875 2513 3930 diﬂicultatem.
2558 3875 2891 3929 Translatum
2934 3886 3109 3930 autem
3148 3876 3248 3931 fuit
3273 3877 3479 3943 Graece,
3520 3880 3707 3949 inquit,

2132 3967 2232 4023 sub
2270 3966 2555 4021 Ptolemaao
2595 3981 2739 4036 rege,
2769 3969 3020 4023 trecentis
3062 3970 3215 4024 annis
3257 3979 3380 4026 ante
3418 3970 3703 4026 adventum

2129 4058 2358 4123 Christi;
2405 4056 2665 4113 adventus
2722 4066 2896 4112 autem
2950 4056 3144 4113 Christi
3198 4076 3317 4129 qua:
3358 4062 3708 4115 amiseramus

2129 4153 2368 4206 auctiora
2398 4151 2551 4206 nobis
2577 4152 2823 4206 restituit.
2858 4150 2991 4205 Dicit
3020 4161 3202 4222 postea
3245 4154 3542 4209 orationem
3572 4158 3707 4211 mul-

2130 4242 2370 4297 titudinis
2395 4256 2637 4313 magnam
2667 4242 2771 4297 vim
2794 4242 3011 4297 habere.
3045 4242 3139 4298 llis
3163 4244 3308 4299 addit
3332 4245 3542 4301 diaconi
3569 4248 3708 4304 dicta

2131 4334 2183 4389 in
2204 4333 2457 4405 Liturgia,
2486 4334 2636 4405 queis
2661 4334 2870 4403 plebem
2897 4333 2961 4388 ad
2990 4336 3308 4403 precandum
3332 4337 3592 4393 hortatur.
3619 4341 3705 4395 Ait

2129 4424 2323 4480 deinde
2359 4440 2571 4480 morum
2603 4425 2987 4481 correctionem
3030 4423 3315 4495 Scriptura:
3352 4442 3518 4482 sacra:
3544 4428 3703 4484 tinem

2129 4530 2249 4569 esse
2281 4533 2295 4569 :
2325 4523 2380 4568 et
2412 4523 2687 4583 postquam
2717 4522 2903 4569 contra
2932 4513 3252 4569 Manicbaaos
3286 4516 3526 4585 quaedam
3553 4517 3707 4574 dixe-

2128 4616 2229 4669 rat,
2273 4604 2471 4659 claudit
2507 4604 2691 4658 dicens
2728 4610 3070 4673 peccatorum
3118 4605 3541 4661 recordationem
3585 4621 3705 4663 esse

2129 4696 2369 4767 peecanti
2398 4695 2713 4751 remedium.

2198 4788 2328 4842 Alia:
2356 4788 2641 4842 conciones.
2670 4816 2741 4829 -—
2759 4785 3055 4843 Secundam
3086 4786 3154 4843 de
3176 4787 3579 4859 Prophetiarum
3606 4789 3702 4846 ob-

2128 4882 2379 4937 scuritate
2418 4881 2686 4936 homiliam
2722 4880 2776 4934 in
2810 4880 3081 4935 Dominica
3107 4880 3331 4935 dixerat.
3359 4881 3548 4936 Paucis
3575 4898 3704 4938 vero

2130 4984 2318 5045 postea
2345 4974 2536 5030 diebus
2576 4974 2719 5027 illam
2746 4972 3015 5025 homiliam
3048 4972 3229 5026 habuit
3259 4972 3346 5044 (T.
3371 4972 3426 5026 2.
3479 4987 3519 5026 c.
3547 4972 3698 5045 245).

2128 5084 2251 5138 qum
2293 5068 2614 5131 inscribitur,
2653 5064 2903 5118 Adversus
2946 5080 3030 5117 eos
3072 5064 3157 5134 qui
3199 5064 3417 5117 dicerent
3449 5074 3703 5118 aazmonas

2130 5159 2406 5230 gubernare
2444 5173 2522 5211 res
2551 5157 2822 5209 humanas.
2862 5153 2920 5210 in
2962 5154 3119 5224 hujus
3141 5156 3283 5209 enim
3324 5156 3583 5224 principio
3614 5156 3702 5210 illa

2131 5249 2308 5304 omnia
2337 5246 2548 5315 repetit,
2581 5260 2698 5315 qua:
2733 5245 2787 5299 in
2826 5246 2931 5300 fine
2957 5245 3097 5299 illius
3121 5245 3393 5299 concionis
3421 5259 3479 5298 se
3507 5244 3705 5300 dixisse

2133 5340 2476 5401 testiﬁcatur;
2508 5335 2757 5389 nimirum
2801 5335 2869 5389 de
2912 5334 3108 5388 sanctis
3140 5334 3405 5403 justisque
3433 5335 3581 5399 viris,
3614 5336 3703 5403 qui

2132 5445 2227 5486 sua
2256 5436 2492 5499 peccata,
2522 5441 2628 5479 non
2659 5437 2835 5481 autem
2872 5425 3067 5489 aliena,
3096 5438 3217 5479 cum
3244 5424 3427 5479 dolore
3456 5440 3701 5479 exsecra-

2132 5522 2396 5589 tionisque
2452 5517 2833 5586 signiﬁcatione
2888 5514 3380 5574 commemorabam
3417 5530 3430 5566 :
3462 5516 3704 5584 exempla

2131 5612 2273 5665 enim
2303 5608 2486 5663 eadem
2512 5609 2689 5661 omnia
2712 5605 3008 5676 eodemque
3038 5606 3223 5660 ordine
3250 5617 3512 5660 recenset.
3546 5605 3704 5661 Ordi—

2133 5712 2219 5757 tur
2254 5709 2431 5754 autem
2461 5699 2529 5753 ab
2557 5696 3007 5759 Antiochenorum
3053 5696 3381 5761 assiduitate,
3424 5698 3600 5766 aitque
3642 5698 3705 5751 ti—

2133 5793 2333 5850 muisse
2371 5806 2430 5846 se
2461 5806 2529 5846 ne
2553 5788 2944 5858 multiplicitate
2972 5790 3230 5845 dictorum
3262 5788 3531 5846 fastidiqu
3558 5803 3705 5844 crea-

2134 5895 2253 5949 ret;
2303 5882 2396 5940 sed
2422 5883 2651 5954 gaudere
2680 5897 2739 5937 se
2761 5882 2905 5950 quod
2948 5882 3116 5953 magis
3139 5881 3464 5938 desiderium
3508 5888 3562 5933 et
3607 5894 3707 5933 au-

2136 5978 2313 6037 diendi
2331 5978 2650 6047 voluptatem
2668 5974 2872 6029 auxerit
2896 5991 2909 6042 ;
2937 5984 3045 6029 tum
3067 5974 3308 6045 Superius
3333 5972 3470 6027 dicta
3489 5970 3705 6042 repetit,
