4504 6706
835 565 928 617 131

837 683 893 727 ut
923 673 1175 738 diximus,
1199 684 1251 726 et
1277 679 1454 739 postea
1484 682 1781 721 sermonem
1800 666 2005 721 orditur
2033 683 2251 722 narrans
2274 666 2414 721 unde

834 766 1091 835 originem
1125 765 1333 819 duxerit
1356 762 1546 816 divisio
1572 762 1886 829 linguarum.
1919 760 2053 815 Hinc
2076 759 2414 815 narratAda-

834 871 979 909 mum
1007 854 1056 908 in
1086 865 1237 924 portu
1270 853 1597 921 naufragium
1626 849 1812 903 fecisse
1838 865 1849 913 ;
1886 867 2076 919 nempe
2112 864 2233 906 cum
2260 850 2413 903 bouis

836 948 1082 1001 omnibus
1134 944 1451 1009 abundaret,
1506 941 1763 996 suadente
1811 940 2045 1006 diabolo,
2093 958 2122 996 e
2168 940 2413 1010 paradiso

836 1040 1037 1109 ejectus
1077 1040 1212 1103 fuit;
1255 1038 1348 1093 sed
1396 1024 1558 1090 Deum
1599 1034 1839 1089 effecisse
1874 1043 1935 1087 ut
1982 1037 2184 1090 lucrum
2216 1033 2413 1087 damno

830 1130 1003 1198 majus
1030 1138 1194 1191 esset,
1224 1138 1278 1182 et
1314 1136 1552 1180 naturam
1581 1135 1817 1177 nostram
1848 1125 1913 1177 ad
1940 1125 2184 1179 thronum
2210 1124 2410 1191 regium

829 1219 1107 1274 extulisse.
1138 1218 1268 1271 Nam
1303 1217 1440 1269 Deus
1472 1230 1575 1268 nou
1615 1229 1736 1267 cum
1774 1214 1863 1268 dat
1902 1214 2081 1279 modo,
2124 1214 2216 1267 sed
2252 1213 2410 1266 etiam

832 1326 951 1364 cum
984 1308 1156 1361 aufert
1197 1308 1369 1361 bonus
1398 1316 1501 1360 est.
1535 1306 1659 1359 Eva:
1708 1306 1867 1359 etiam
1900 1304 2167 1373 profuisse
2196 1303 2335 1372 quod
2381 1319 2409 1356 a

831 1398 1044 1452 diabolo
1068 1396 1287 1465 decepta
1316 1395 1528 1459 fuisset;
1566 1410 1688 1448 cum
1730 1396 1872 1448 enim
1900 1394 2064 1447 lilium
2094 1393 2406 1462 peperisset,

828 1487 981 1550 dixit,
1014 1486 1223 1539 Possedi
1254 1486 1503 1539 hominem
1534 1502 1622 1555 per
1647 1484 1829 1550 Deum,
1858 1484 2180 1552 experientia
2218 1498 2411 1553 nempe

831 1594 927 1632 sua
969 1578 1156 1633 cdocta
1202 1592 1230 1630 a
1279 1577 1389 1631 Deo
1435 1576 1572 1631 bona
1614 1576 1789 1629 omnia
1837 1587 2170 1643 promanare.
2218 1573 2409 1627 Postea

830 1669 939 1737 agit
964 1668 1033 1723 de
1061 1668 1220 1721 variis
1261 1667 1474 1721 malitia:
1502 1666 1805 1736 generibus,
1836 1664 2159 1733 demumque
2187 1663 2253 1717 de
2284 1679 2409 1733 pro-

826 1758 1058 1813 videntia
1094 1759 1206 1811 Dei.

896 1847 1194 1903 Secundam
1224 1847 1494 1915 posuimus
1522 1845 1803 1900 llomiliam
1827 1844 1892 1899 de
1916 1844 2128 1899 diabolo
2151 1853 2410 1900 tentatore

830 1936 915 2008 (Τ.
948 1937 1001 1991 2.
1033 1956 1078 1990 c.
1112 1937 1261 2007 257),
1287 1954 1442 2006 quam
1470 1952 1538 1989 an
1565 1944 1688 1990 ante
1717 1951 1786 1989 an
1817 1945 1934 2003 post
1960 1936 2181 2003 primam
2212 1935 2409 1987 habue-

826 2030 897 2083 rit
941 2030 1223 2083 incertum.
1273 2029 1616 2095 Exploratum
1652 2037 1797 2081 certe
1841 2028 2056 2081 omnino
2094 2027 2298 2080 videtur
2342 2026 2407 2078 il.

826 2119 951 2184 lam,
983 2135 1139 2189 quam
1167 2130 1286 2189 post
1316 2120 1520 2173 initium
1550 2120 1705 2188 hujus
1740 2134 1795 2172 se
1828 2118 1986 2171 biduo
2010 2125 2131 2171 ante
2156 2116 2407 2172 habuisse

826 2209 971 2272 dicit,
1020 2226 1123 2263 non
1167 2225 1286 2265 esse
1324 2225 1441 2263 eam
1468 2224 1625 2278 quam
1656 2209 1877 2276 primam
1922 2207 2212 2275 posuimus,
2260 2217 2317 2260 ut
2354 2223 2407 2261 in

826 2299 1026 2352 Monito
1058 2299 1223 2353 fusius
1248 2299 1521 2368 probatur.
1562 2298 1724 2367 Hujus
1758 2312 1919 2365 porro
1949 2297 2198 2351 secunda:
2227 2298 2407 2352 titulus

823 2400 942 2445 est:
973 2392 1222 2444 Adversus
1252 2408 1333 2444 eos
1377 2392 1463 2459 qui
1497 2391 1759 2459 objiciunt,
1799 2405 1889 2442 cur
1917 2405 1944 2443 e
1976 2388 2139 2442 medio
2184 2390 2408 2442 sublatus

824 2500 925 2535 non
952 2484 1013 2535 sit
1042 2484 1306 2546 diabolus;
1332 2492 1376 2535 et
1399 2482 1533 2552 quod
1559 2482 1710 2550 hujus
1738 2481 1931 2533 malitia
1959 2480 2088 2532 nihil
2117 2496 2206 2533 nos
2234 2480 2404 2545 (cedat,

823 2577 867 2628 si
894 2574 1244 2636 attendamus;
1275 2584 1320 2626 et
1346 2573 1409 2625 de
1447 2572 1755 2641 poenitentia.
1788 2570 1913 2624 Hinc
1940 2570 2207 2639 probanda
2235 2570 2406 2624 susci-

822 2666 899 2735 pit
950 2664 1379 2734 Chrysostomus,
1437 2671 1492 2717 et
1533 2662 1706 2732 primo
1754 2661 2062 2715 Flavianum
2102 2661 2404 2728 epise0pum

823 2767 1137 2826 praesentem
1169 2754 1348 2808 laudat
1376 2769 1402 2807 a
1436 2754 1676 2817 caritate,
1714 2767 1744 2806 a
1769 2766 1975 2805 summa
2001 2750 2279 2804 modestia.
2315 2749 2403 2801 Di-

824 2845 1000 2915 citque
1045 2853 1227 2913 postea
1274 2859 1379 2897 non
1423 2843 1688 2897 diabolum
1737 2841 1931 2895 lredere
1972 2840 2261 2904 hominem,
2312 2838 2404 2892 sed

822 2948 1083 2989 summam
1113 2935 1343 2987 hominis
1372 2932 1653 3003 ignaviam,
1684 2946 1802 3001 qua:
1827 2940 1881 2986 et
1908 2939 2109 2985 rectum
2138 2930 2406 2983 membro-

822 3041 940 3081 rum
969 3042 1119 3081 usum
1150 3026 1465 3094 corrumpit,
1499 3034 1552 3079 et
1591 3024 1694 3077 alia
1726 3024 1971 3092 importat
2012 3022 2167 3075 mala.
2199 3021 2406 3075 Claudit

822 3133 952 3174 vero
981 3133 1281 3173 sermonem
1310 3117 1492 3171 dicens
1514 3116 1745 3186 quinque
1766 3130 1884 3169 esse
1911 3114 2233 3184 poenitentia:
2258 3114 2401 3176 vias;

824 3210 1045 3280 primam
1095 3222 1304 3277 nempe,
1350 3206 1743 3261 damnationem
1788 3213 2157 3272 peccatorum;
2212 3217 2403 3257 secun-

823 3302 968 3367 dam,
996 3302 1037 3355 si
1069 3310 1405 3370 acceptarum
1431 3315 1458 3353 a
1489 3299 1733 3369 proximo
1761 3299 2067 3370 iujuriarum
2098 3312 2200 3353 nou
2228 3312 2404 3353 recor-

823 3395 1042 3457 demur;
1072 3393 1301 3459 tertiam,
1331 3393 1623 3448 orationem
1654 3392 1940 3447 ferventem
1981 3400 2035 3446 et
2062 3400 2362 3446 accuratam
2387 3408 2401 3455 ;

825 3493 1089 3555 quartam,
1119 3484 1513 3554 eleemosynam
1539 3500 1553 3550 ;
1586 3484 1842 3554 quintam,
1873 3482 2185 3538 modestiam
2224 3490 2279 3536 et
2304 3481 2403 3534 hu-

826 3577 1125 3631 utilitatem.

895 3668 1219 3723 Concionem
1258 3677 1566 3737 sequentem
1614 3667 1680 3721 de
1724 3667 1928 3737 Ignavia
1962 3667 2120 3721 biduo
2163 3674 2283 3735 post
2323 3681 2406 3720 se-

826 3758 1049 3813 cundam
1076 3773 1134 3812 se
1158 3758 1403 3812 habuisse
1433 3758 1584 3811 initio
1611 3758 1939 3822 testificatur,
1967 3758 2091 3812 dum
2116 3772 2181 3812 ex
2208 3756 2405 3827 populo

827 3849 979 3903 multi
1011 3848 1075 3901 ad
1110 3848 1392 3903 theatrales
1417 3848 1571 3902 ludos
1613 3864 1671 3903 se
1698 3850 2049 3915 contulerant,
2085 3864 2219 3918 quos
2248 3848 2406 3903 vehe-

827 3952 1036 3996 menter
1072 3941 1380 3996 insectatur.
1412 3941 1692 4011 Postquam
1734 3950 1909 3995 autem
1938 3942 2144 3997 dixerat
2168 3941 2407 3995 volunta-

830 4042 936 4084 tem
981 4046 1099 4085 esse
1141 4032 1429 4095 dominam,
1479 4040 1533 4086 et
1577 4046 1644 4086 ex
1689 4032 1956 4086 voluntate
2004 4032 2313 4102 contingere
2353 4042 2409 4085 ut

832 4121 954 4173 mali
982 4136 1101 4175 cum
1130 4121 1281 4175 bonis
1311 4122 1555 4191 permixti
1582 4124 1707 4185 sint,
1744 4123 1931 4191 quierit
1956 4123 2144 4176 iterum
2170 4137 2268 4176 cur
2292 4122 2407 4177 dia-

831 4211 986 4265 bolus
1029 4212 1079 4266 in
1129 4212 1305 4266 medio
1345 4212 1692 4282 relinquatur,
1741 4222 1795 4266 et
1841 4212 2146 4281 reSpoudet,
2187 4213 2307 4281 quia
2347 4214 2411 4266 iis

831 4302 920 4370 qui
952 4302 1165 4371 vigilant
1191 4311 1247 4358 et
1274 4304 1373 4357 sibi
1412 4304 1710 4370 attendunt,
1741 4319 1844 4357 non
1888 4303 2045 4358 modo
2075 4304 2205 4358 nihil
2235 4314 2409 4371 nocet,

834 4394 928 4449 sed
958 4397 1113 4449 etiam
1142 4396 1283 4449 utilis
1310 4405 1410 4460 est,
1439 4410 1544 4450 non
1577 4410 1641 4450 ex
1680 4396 1953 4451 voluntate
1979 4410 2091 4461 sua,
2120 4412 2237 4466 qua:
2276 4397 2409 4450 mala

835 4494 936 4551 est,
964 4487 1059 4541 sed
1096 4503 1161 4541 ex
1189 4486 1421 4556 ipsorum
1465 4487 1791 4554 fortitudine,
1825 4490 1912 4557 qui
1959 4490 2073 4558 ejus
2104 4491 2319 4553 malitia,
2354 4498 2414 4543 ut

835 4593 933 4647 par
960 4588 1062 4643 est,
1093 4587 1332 4643 utuntur,
1376 4588 1433 4632 ut
1456 4578 1590 4633 Jobo
1617 4580 1854 4649 contigit.
1889 4580 2245 4650 llominesque
2270 4581 2413 4636 solos

835 4670 965 4724 dicit
1002 4680 1245 4723 auctores
1271 4684 1390 4722 esse
1432 4669 1632 4738 peccati
1660 4686 1674 4721 :
1708 4685 1829 4723 nam
1870 4686 1935 4723 ex
1963 4670 2248 4725 voluntatis
2286 4686 2412 4739 pro-

838 4759 1015 4827 posito
1030 4758 1159 4811 boui
1185 4758 1269 4811 vel
1295 4757 1420 4810 mali
1447 4772 1650 4811 sumus.
1680 4758 1754 4811 De
1779 4757 1912 4811 Jobo
1948 4768 2128 4827 postea
2156 4760 2316 4813 multa
2337 4761 2415 4814 di-

838 4851 943 4914 cit;
986 4849 1204 4918 ejusque
1242 4850 1548 4919 patientiam
1598 4848 1653 4902 in
1703 4849 2005 4918 exemplum
2052 4852 2317 4919 proponit,
2361 4862 2418 4905 ut

839 4954 958 5008 quae
1003 4940 1249 4993 omnibus
1296 4939 1646 4994 consolationi
1688 4954 1808 4995 esse
1860 4941 2026 5010 possit
2056 4956 2069 4993 :
2097 4940 2417 5010 demumque

839 5028 1037 5083 claudit
1063 5029 1265 5095 dicens,
1292 5045 1411 5083 cum
1434 5030 1661 5099 Spiritus
1686 5032 1849 5101 gratia
1874 5032 2108 5086 faciliora
2130 5034 2419 5087 certamina

841 5122 1019 5175 omnia
1048 5135 1189 5188 esse,
1218 5122 1552 5190 maximeque
1594 5133 1711 5191 post
1735 5124 2016 5179 adventum
2046 5123 2266 5190 Christi,
2297 5140 2418 5179 cum

840 5214 1006 5281 gratia
1029 5212 1113 5266 illa
1143 5210 1498 5266 abundantior
1517 5221 1619 5268 est.

918 5301 1181 5356 llactenus
1209 5316 1402 5357 annum
1439 5313 1493 5359 et
1530 5304 1843 5373 plerumque
1872 5302 2029 5368 diem,
2058 5320 2164 5373 quo
2201 5306 2418 5360 concio-

845 5407 943 5448 nes
969 5391 1123 5448 dicta:
1149 5392 1377 5458 fuerant,
1414 5396 1618 5465 sequuti
1648 5410 1852 5460 sumus,
1886 5395 2151 5450 interdum
2178 5409 2280 5449 non
2319 5397 2420 5450 du-

848 5486 947 5539 hiis
981 5484 1209 5549 indiciis,
1254 5486 1537 5555 aliquando
1570 5502 1635 5541 ex
1662 5488 1965 5557 conjectura
1993 5498 2195 5543 tantum
2224 5505 2237 5539 :
2266 5497 2422 5557 atque

845 5577 912 5629 ad
956 5592 1151 5631 annum
1193 5578 1298 5634 588
1341 5579 1418 5633 sic
1456 5579 1811 5649 pervenimus.
1858 5579 2040 5650 Neque
2068 5579 2286 5636 dubium
2329 5595 2424 5633 au-

846 5668 929 5720 nis
964 5667 1090 5733 589,
1123 5668 1247 5735 590,
1277 5668 1399 5734 591,
1433 5668 1755 5724 indefessum
1786 5679 2048 5725 oratorem
2077 5670 2143 5725 ad
2170 5670 2421 5740 populum

852 5758 1239 5812 Autiochenum
1279 5761 1469 5816 multas
1511 5776 1574 5816 ex
1621 5760 1684 5815 iis
1709 5774 1829 5829 qua:
1868 5770 2151 5829 supersunt
2177 5760 2424 5815 habuisse

849 5850 1150 5916 conciones,
1191 5866 1309 5921 qua:
1346 5851 1540 5907 nullam
1580 5852 1663 5908 vel
1711 5848 1835 5905 anni
1862 5849 1944 5905 vel
1968 5851 2071 5906 diei
2110 5862 2288 5908 notam
2316 5866 2425 5921 pra:

846 5957 904 5995 se
929 5947 1120 6001 ferunt.

1823 553 1879 609 δ.
1919 552 2198 609 JOANNIS
2236 551 2712 610 CllRYSOSTOMl
2754 554 2933 621 VITA,

3996 570 4097 623 {3‘1

2592 670 2720 723 Alia:
2740 670 3020 723 conciones.
3045 699 3115 708 —
3139 671 3193 725 In
3217 688 3409 728 annum
3434 686 3557 728 vero
3576 671 3680 727 59ὶ
3699 673 3975 734 referimus
4000 695 4095 735 no-

2519 760 2720 813 miliam
2750 760 3052 828 inscriptam
3092 760 3157 814 de
3186 762 3507 820 Ctemetcrio
3548 775 3602 818 et
3626 763 3691 816 de
3717 761 3904 833 Crucc,
3934 782 4092 837 quam

2518 850 2646 904 dicit
2689 850 2873 919 viginti
2916 859 3005 902 aut
3055 852 3211 917 paulo
3256 856 3428 909 minus
3469 855 3654 910 diebus
3698 863 3981 923 antequam
4023 859 4092 913 de

2519 942 2715 997 sanctis
2737 943 3044 997 mulieribus
3072 942 3312 1012 Bernicc,
3334 948 3595 1003 Prosdoce
3611 956 3663 1003 et
3680 947 3935 1001 Domuina
3958 963 4089 1003 con-

2518 1032 2819 1086 cionaretur
2852 1032 2935 1102 (T.
2968 1033 3019 1085 2.
3063 1046 3110 1085 c.
3144 1034 3295 1103 595),
3338 1048 3394 1091 ut
3433 1054 3537 1093 non
3577 1039 3746 1094 dubiis
3776 1038 3913 1092 notis
3942 1039 4092 1093 colli-

2516 1124 2657 1190 gitur
2672 1140 2734 1177 ex
2764 1125 2909 1177 initio
2926 1133 3203 1191 postrema:
3228 1125 3448 1195 hujusce
3467 1132 3755 1197 conciouis,
3780 1130 3867 1185 ubi
3887 1146 3946 1186 se
3968 1141 4092 1186 ante

2518 1213 2699 1281 viginti
2745 1215 2855 1269 fere
2897 1215 3007 1269 dies
3046 1215 3434 1284 conciouatum,
3479 1223 3641 1277 multa
3685 1223 3880 1278 dixisse
3923 1223 3999 1275 ait
4039 1224 4088 1276 in

2517 1300 2631 1357 h:L-c
2669 1306 2867 1359 verba:
2895 1305 3133 1360 Contr-ivit
3179 1315 3349 1374 portas
3390 1326 3568 1377 cereas,
3619 1323 3667 1365 et
3707 1324 3861 1368 vectes
3902 1315 4089 1381 ferreos

2516 1396 2792 1466 confregit;
2820 1414 2936 1466 qua:
2961 1400 3157 1466 optime
3183 1401 3504 1455 conveniunt
3533 1405 3586 1457 in
3621 1405 3756 1461 hanc
3777 1408 3844 1463 de
3872 1408 4089 1463 Caune—

2520 1488 2651 1540 terio
2686 1498 2739 1543 et
2764 1490 2931 1545 Cruce
2958 1490 3244 1543 honnliam.
3274 1490 3407 1545 lliuc
3430 1494 3601 1549 Grteci
3631 1508 3873 1565 putantes
3897 1501 4087 1555 festum

2516 1576 2583 1631 de
2608 1578 2798 1645 Cruee,
2832 1582 2969 1650 quod
2998 1596 3179 1635 mense
3208 1581 3504 1650 Septembri
3544 1586 3631 1641 die
3672 1589 3739 1643 Η
3776 1594 4024 1659 occurrit,
4056 1609 4085 1647 a

2516 1668 2895 1740 Chrysostomo
2921 1673 3224 1736 memorari,
3250 1674 3439 1728 festum
3470 1687 3770 1733 sanctarum
3813 1682 4087 1739 Domniua:

2517 1767 2568 1811 et
2619 1760 2841 1814 filiarum
2896 1763 3073 1831 viginti
3121 1772 3302 1831 postea
3350 1763 3555 1830 diebus,
3608 1777 3792 1835 quarta
3844 1770 4088 1827 videlicet

2516 1847 2778 1913 Octobris,
2800 1852 3093 1917 celebrant;
3126 1853 3218 1906 sed
3250 1869 3547 1923 perperam.
3571 1856 3685 1911 Non
3711 1859 3852 1913 enim
3874 1860 3924 1913 iu
3950 1860 4087 1916 festo

2515 1947 2711 1994 sancta:
2747 1940 2949 2005 Crucis,
2980 1956 3096 2010 qua:
3132 1943 3185 1995 in
3216 1942 3582 2010 Septembrem
3626 1947 3827 2012 incidit,
3861 1964 4087 2019 quaeque

2516 2028 2749 2083 nondum
2795 2032 2886 2085 illo
2913 2047 3026 2086 :evo
3051 2031 3435 2097 celebrabatur,
3469 2033 3604 2089 hanc
3648 2038 3782 2090 dixit
3812 2039 4085 2094 homiliam

2512 2118 2958 2191 Chrysostomus;
2988 2124 3079 2178 sed
3106 2124 3157 2177 in
3191 2124 3275 2178 die
3300 2124 3641 2191 Parasceves,
3670 2129 3853 2182 eadem
3894 2146 4086 2200 nempe

2514 2226 2615 2279 qua
2641 2214 2921 2268 crucifixus
2954 2224 3036 2269 est
3065 2213 3338 2280 Dominus,
3384 2225 3439 2268 ut
3466 2216 3579 2284 ipse
3608 2218 3845 2283 plurimis
3873 2219 3925 2271 in
3953 2221 4086 2275 locis

2514 2302 2763 2357 declarat.
2798 2304 2991 2358 Verum
3037 2320 3099 2360 ea
3139 2305 3205 2359 de
3247 2320 3306 2359 re
3352 2306 3645 2361 audiendus
3690 2316 3766 2361 est
3797 2307 4088 2363 Tillemon-

2516 2396 2617 2449 tius
2644 2411 2695 2464 p.
2726 2397 2821 2450 571
2860 2416 2870 2449 :
2907 2398 3169 2466 Reliquum
3210 2398 3361 2466 igitur
3397 2407 3468 2449 est
3508 2408 3561 2450 ut
3604 2398 3864 2452 credamus
3902 2403 4086 2469 festum

2515 2486 2575 2541 S.
2605 2486 2871 2540 Domnina:
2908 2498 2952 2540 et
2976 2489 3224 2541 sociarum
3250 2488 3547 2553 Antiochiae,
3577 2505 3676 2543 non
3703 2502 3881 2559 quarta
3925 2491 4082 2546 Octo-

2513 2578 2631 2642 bris,
2676 2580 2764 2631 sed
2810 2580 3001 2631 decima
3042 2590 3221 2649 quarta
3265 2580 3476 2649 Aprilis,
3519 2597 3617 2650 qua
3661 2583 3743 2635 die
3788 2593 3986 2636 notatur
4030 2586 4083 2637 in

2513 2666 2875 2737 Martyrologio
2906 2668 3200 2740 Hieronymi
3230 2680 3274 2724 et
3312 2673 3548 2736 aliorum,
3580 2673 3878 2727 celebratum
3906 2676 4079 2744 fuisse.

2513 2756 2660 2822 Quod
2687 2768 2876 2826 spectat
2920 2769 3083 2813 autem
3122 2762 3190 2813 ad
3236 2778 3424 2814 annum
3472 2778 3568 2831 quo
3597 2763 3676 2816 ha:
3708 2763 3822 2818 duc
3864 2765 4085 2820 homilia

2511 2847 2693 2900 habita:
2734 2859 2885 2912 sunt;
2910 2852 3134 2919 queritur
3161 2850 3545 2920 Chrysostomus
3584 2863 3700 2905 tunc
3735 2869 3971 2923 magnum
3994 2870 4084 2909 ex-

2509 2938 2653 2991 citari
2682 2940 2972 3005 tumultum,
3018 2958 3130 2993 cum
3168 2942 3485 2995 accederetur
3512 2942 3579 2994 ad
3616 2958 3813 2997 sacram
3855 2959 4081 2997 commu-

2511 3032 2707 3084 nionem
2728 3048 2746 3084 :
2763 3033 3031 3102 eademque
3063 3034 3220 3085 utitur
3242 3033 3550 3101 querimonia
3578 3033 3630 3086 in
3655 3034 3890 3087 concione
3913 3034 3976 3087 de
4001 3035 4084 3088 die

2514 3125 2694 3179 Natali
2719 3144 2853 3180 anno
2892 3126 3016 3191 586,
3057 3136 3102 3179 et
3140 3128 3190 3179 in
3233 3128 3465 3180 concione
3492 3128 3554 3179 de
3595 3126 3885 3196 Epiphania
3910 3127 4083 3196 paucis

2513 3226 2625 3285 post
2658 3218 2830 3271 diebus
2856 3218 3025 3269 habita
3058 3234 3191 3269 anno
3220 3216 3322 3270 587
3349 3234 3366 3269 :
3404 3217 3537 3269 unde
3573 3217 3801 3285 fortassis
3846 3217 3896 3268 in
3934 3216 4084 3268 alter-

2511 3309 2673 3361 utrius
2701 3308 2822 3360 anni
2852 3304 3164 3360 Parasceve):
3194 3308 3300 3360 haec
3327 3307 3535 3359 homilia
3571 3306 3883 3374 conjicienda
3916 3306 4082 3358 ridea-

2513 3408 2613 3451 tur.
2659 3396 2837 3450 Verum
2866 3414 2999 3450 anno
3028 3398 3131 3452 586
3156 3401 3334 3466 festum
3362 3396 3423 3450 S.
3456 3395 3736 3460 Domuinaz,
3767 3397 3867 3449 sive
3894 3396 4083 3448 decima

2510 3497 2692 3556 quarta
2747 3486 2855 3540 dies
2900 3487 3123 3556 Aprilis,
3180 3487 3443 3539 undecimo
3494 3496 3603 3554 post
3657 3483 3996 3550 Parasceven,
4039 3496 4084 3538 et

2513 3592 2648 3629 anno
2689 3576 2792 3629 587
2835 3576 3095 3629 undecimo
3141 3586 3257 3629 ante
3299 3575 3612 3630 Parascevcn
3659 3576 3739 3628 die
3779 3576 4081 3628 occurrebat.

2516 3666 2835 3719 Probabilius
2869 3684 2985 3735 ergo
3024 3669 3268 3737 referatur
3292 3667 3344 3719 in
3384 3683 3570 3719 annum
3605 3665 3729 3730 592,
3760 3682 3857 3735 quo
3886 3665 4087 3719 Pascha

2512 3759 2852 3813 celebrabatur
2880 3760 3115 3829 vigesima
3151 3769 3324 3812 octava
3353 3757 3546 3826 Martii,
3587 3768 3633 3811 et
3677 3757 3869 3810 decium
3905 3766 4086 3827 quarta

2512 3849 2721 3918 Aprilis,
2778 3850 3051 3902 octodecim
3099 3849 3273 3903 diebus
3328 3858 3438 3917 post
3485 3859 3714 3903 sanctant
3750 3847 4082 3901 Parasceven.

2515 3939 2624 3993 hno
2654 3941 2835 4009 viginti
2867 3940 3070 4003 diebus,
3101 3940 3144 3994 si
3173 3941 3480 4009 vigesimum
3509 3949 3713 3994 sextam
3739 3938 3928 4005 Martii,
3967 3953 4086 4007 qua:

2515 4032 2853 4094 Parasceves,
2898 4040 2951 4085 et
2974 4031 3233 4086 decimam
3269 4040 3472 4085 sextam
3503 4031 3717 4101 Aprilis,
3750 4045 3852 4099 qua
3890 4037 4087 4084 sancta:

2516 4122 2790 4176 Domnina:
2812 4121 3002 4175 festum
3030 4122 3417 4187 celebrabatur,
3448 4134 3818 4175 counumeres.

2591 4214 2684 4269 llis
2710 4215 3005 4283 adjicimus,
3038 4229 3136 4268 nos
3159 4229 3223 4268 ex
3254 4212 3612 4266 admonitione
3637 4208 3778 4263 circa
3797 4206 4088 4261 tumultum

2520 4305 2571 4358 in
2601 4303 2904 4359 accedendo
2932 4304 2997 4357 ad
3026 4318 3232 4357 sacram
3260 4300 3712 4363 communionem,
3736 4313 3839 4351 non
3867 4298 4087 4351 multum

2519 4397 2744 4461 moveri,
2775 4405 2831 4449 ut
2858 4410 2977 4449 eam
3011 4394 3095 4448 vel
3123 4393 3176 4445 in
3199 4406 3396 4446 annum
3423 4389 3547 4454 586,
3580 4388 3660 4442 vel
3690 4389 3739 4441 iu
3769 4404 3964 4441 annum
3987 4387 4089 4441 587

2518 4486 2886 4555 conjiciamus.
2918 4484 3099 4551 Neque
3128 4482 3269 4535 enim
3300 4480 3351 4533 in
3380 4480 3613 4534 homiliis
3644 4488 3844 4533 tantum
3888 4478 3956 4533 de
3985 4477 4088 4532 Na-

2522 4577 2609 4629 tali
2640 4575 2785 4629 etde
2832 4575 3127 4643 Epiphania
3158 4570 3448 4625 admonitio
3493 4571 3790 4641 hujusmodi
3840 4571 4085 4633 occurrit,

2521 4666 2613 4719 sed
2656 4666 2815 4718 etiam
2856 4665 2908 4716 in
2950 4662 3165 4716 homilia
3193 4661 3509 4731 przecedenti
3536 4661 3602 4717 de
3628 4661 3758 4717 Juda
3786 4661 4087 4731 proditore,

2522 4760 2672 4827 cujus
2690 4771 2887 4810 annum
2918 4758 3187 4825 assignare
3211 4769 3315 4809 non
3348 4756 3631 4824 potuimus.
3671 4753 3806 4821 Quid
3834 4753 3973 4807 enim
4014 4750 4094 4804 in-

2523 4849 2789 4905 commodi
2818 4848 3041 4915 accidat,
3067 4848 3111 4903 si
3141 4863 3398 4917 ponamus
3426 4846 3861 4917 Chrysostomum
3910 4844 4094 4900 multis

2525 4942 2791 5010 variisque
2820 4940 2992 5003 annis,
3023 4940 3144 5009 quia
3175 4954 3269 5009 par
3297 4940 3549 4993 tumultus
3576 4956 3604 4991 a
3634 4936 3825 5006 populo
3854 4936 4091 4989 concita-

2525 5034 2697 5099 batur,
2722 5032 2905 5087 eadem
2937 5032 3012 5086 uti
3042 5032 3405 5085 admonitione
3429 5047 3562 5099 opus
3594 5029 3860 5081 habuisse.
3891 5027 4094 5083 Meliori

2525 5127 2683 5196 igitur
2706 5126 2911 5179 calculo
2940 5126 2991 5179 in
3016 5140 3211 5178 annum
3240 5123 3346 5177 592
3372 5122 3669 5181 referimus,
3702 5120 3800 5172 etsi
3845 5134 3948 5171 non
3981 5136 4095 5174 om—

2526 5219 2610 5272 nis
2639 5231 2856 5288 prorsus
2885 5216 3083 5269 tollitur
3108 5214 3380 5269 dubitandi
3411 5227 3589 5265 causa.
3624 5209 3753 5263 Nam
3786 5217 3840 5261 ut
3867 5207 4097 5263 diximus

2527 5310 2578 5363 in
2603 5308 2800 5362 Monito
2818 5306 2885 5360 ad
2913 5307 3157 5360 homilias
3182 5316 3236 5360 et
3258 5305 3403 5369 alibi,
3436 5300 3626 5357 tabula:
3656 5300 3956 5365 Paschales,
3983 5315 4097 5371 qua:

2525 5408 2649 5453 sunt
2678 5397 3061 5467 posterioribus
3080 5398 3288 5453 saeculis
3316 5394 3667 5458 concinnatae,
3689 5406 3808 5443 cum
3832 5392 4097 5448 veteribus

2527 5489 2745 5543 calculis
2773 5504 2880 5543 nou
2911 5504 3121 5559 semper
3144 5487 3487 5551 concordant,
3528 5484 3697 5552 iisque
3727 5498 3830 5537 non
3874 5487 4092 5541 omnino

2530 5578 2661 5633 ﬁdes
2680 5587 2762 5633 est
2787 5578 3047 5634 habenda.

2601 5668 2843 5724 Nondum
2866 5671 3060 5740 elapsis
3083 5670 3264 5739 viginti
3286 5668 3470 5722 diebus
3493 5679 3522 5717 a
3544 5663 3836 5721 Parasceve
3856 5666 4095 5729 Pascha,

2533 5762 2584 5816 in
2609 5777 2710 5833 qua
2735 5765 3044 5820 concionem
3072 5764 3137 5818 de
3154 5759 3486 5817 oCoemetcrio
3502 5756 3739 5815 etCruce
3765 5760 3897 5816 dixit
3923 5762 4010 5833 (Τ.
4039 5760 4095 5825 2,

2540 5850 2758 5925 c.627),
2805 5855 3089 5910 llomiliam
3135 5852 3316 5907 habuit
3358 5849 3423 5904 de
3467 5848 3565 5905 SS.
3608 5850 3829 5908 Bernice
3857 5864 3911 5910 et
3943 5852 4099 5907 Pros-

2536 5945 2667 6001 doce
2700 5948 2991 6019 virginibus
3031 5957 3084 6003 ct
3112 5946 3177 6001 de
3209 5944 3265 5999 S.
3308 5942 3564 5999 Domuiua
3605 5961 3786 6002 earum
3814 5956 4004 6014 matre,
4038 5948 4095 5997 ut
