4504 6736
391 558 496 614 153

380 669 497 738 ipse
526 668 940 743 Chrysostontus
970 668 1248 740 perspicue
1274 667 1407 723 dixit
1425 665 1597 721 initio.
1630 662 1850 719 Orditur
1877 678 1971 717 au-

382 767 490 813 tem
515 762 804 817 ostendens
822 770 945 816 ante
960 758 1157 815 Christi
1180 766 1427 826 mortem,
1453 772 1574 813 cum
1600 754 1835 810 nondum
1859 753 1972 823 ipse

380 860 562 920 portas
591 867 759 909 terens
777 864 830 906 et
848 861 1030 907 vectes
1059 848 1266 903 ferreos
1287 850 1572 905 cruciﬁxus
1597 844 1967 915 confregisset,

379 945 626 1002 homines
650 945 941 1000 admodum
974 950 1202 996 mortem
1228 943 1514 1006 metuisse;
1540 941 1593 995 in
1637 938 1972 1008 exemplum-

375 1052 483 1107 que
513 1037 670 1092 aﬁ‘ert
694 1036 840 1089 viros
870 1035 921 1087 in
949 1034 1115 1088 veteri
1158 1032 1275 1103 lege
1301 1033 1689 1098 sanctissimos,
1732 1028 1972 1084 Abraha-

375 1146 523 1184 mum
552 1142 766 1200 nempe,
799 1126 1055 1181 Iacobum
1082 1135 1135 1180 et
1166 1126 1394 1194 Heliam,
1420 1127 1510 1197 qui
1533 1127 1800 1195 ingentem
1823 1135 1970 1176 mor-

375 1222 443 1275 tis
475 1221 722 1274 timorem
751 1233 858 1286 praa
888 1232 945 1272 se
970 1219 1221 1273 tulerunt.
1254 1218 1382 1273 Post
1410 1227 1636 1272 mortem
1665 1228 1794 1270 vero
1819 1210 1974 1268 Chri-

377 1311 468 1375 sti,
493 1312 527 1363 ii
567 1325 656 1378 qui
686 1311 737 1361 in
774 1309 945 1377 ipsum
998 1309 1217 1365 credunt
1258 1309 1505 1378 illiusque
1548 1320 1733 1360 amore
1784 1313 1974 1357 tenen-

379 1411 483 1465 tur,
513 1410 741 1455 mortem
759 1400 976 1453 omnino
996 1411 1361 1467 contemnunt,
1387 1401 1495 1455 imo
1523 1399 1668 1453 illam
1693 1403 1967 1466 appetunt;

378 1507 478 1547 nec
494 1492 589 1545 viri
618 1489 799 1556 modo,
828 1490 921 1544 sed
945 1492 1100 1544 etiam
1120 1493 1388 1558 mulieres,
1420 1490 1609 1560 puellae
1635 1497 1690 1543 et
1714 1486 1970 1557 virgines.

382 1583 516 1639 Ilinc
547 1583 823 1638 historiam
846 1583 976 1637 texit
999 1582 1268 1651 Bernices,
1295 1584 1592 1639 Prosdoces
1619 1590 1673 1636 et
1695 1579 1973 1634 Domnina:

380 1689 565 1729 earum
594 1676 801 1740 matris,
834 1690 953 1745 qua:
987 1673 1053 1728 ad
1084 1686 1306 1730 mortem
1340 1691 1436 1746 pro
1465 1674 1680 1730 Christo
1704 1672 1964 1744 quaesitae,

379 1764 557 1820 divino
582 1766 797 1821 amante
826 1765 1045 1836 Spiritu,
1075 1766 1126 1819 in
1153 1764 1346 1820 ﬁumen
1377 1781 1435 1821 se
1454 1765 1755 1835 conjecere.

451 1860 587 1915 lluic
605 1861 833 1914 homilia:
856 1859 1015 1914 aliam
1035 1857 1401 1927 subjungimus
1422 1858 1507 1929 (T.
1525 1858 1580 1911 2.
1613 1874 1658 1911 c.
1687 1855 1778 1912 6H
1796 1855 1836 1925 ),
1854 1868 1973 1924 qua:

382 1948 505 2003 licet
534 1964 639 2003 non
666 1950 878 2014 eodem,
925 1949 1019 2005 sed
1053 1950 1232 2019 ignoto
1270 1949 1421 2003 nobis
1451 1966 1591 2002 anno
1616 1947 1759 2001 dicta
1789 1946 1969 2008 fuerit,

380 2038 466 2095 hic
497 2049 671 2095 tamen
701 2039 1170 2096 counnemoranda
1200 2049 1301 2105 est,
1353 2040 1473 2109 quia
1521 2038 1766 2110 quaedam
1810 2036 1972 2092 habet

378 2130 443 2183 ad
470 2131 838 2200 explicandam
869 2134 1103 2201 priorem
1152 2140 1467 2199 opportuna.
1511 2129 1750 2185 Antehac
1790 2129 1971 2198 ignota

379 2222 604 2288 primum
636 2237 664 2275 a
697 2223 849 2276 nobis
887 2221 1027 2277 edita
1071 2220 1190 2275 fuit.
1233 2220 1421 2275 Habita
1459 2236 1621 2290 porro
1665 2230 1747 2276 est
1792 2220 1972 2290 paucis

382 2321 499 2377 post
519 2310 983 2367 Resurreetionem
1018 2312 1229 2365 Domini
1256 2310 1469 2375 diebus,
1496 2319 1550 2365 et
1575 2311 1809 2380 quidem,
1839 2311 1969 2364 utin

386 2398 489 2454 ﬁne
517 2402 791 2457 concionis
816 2404 1071 2469 innuitur,
1101 2404 1153 2457 in
1200 2402 1338 2457 festo
1366 2412 1670 2456 sanctarum
1697 2402 1971 2464 Bernices,

383 2490 679 2546 Prosdoces
703 2501 758 2546 et
786 2492 1056 2548 Domnina:
1082 2495 1289 2549 matris.
1324 2492 1421 2547 Hic
1448 2502 1627 2548 autem
1657 2493 1773 2547 illas
1803 2491 1977 2546 nomi-

381 2583 547 2635 natim
579 2596 686 2635 non
712 2592 951 2637 recenset
975 2584 1410 2655 Chrysostomus,
1438 2584 1534 2640 sed
1569 2583 1703 2639 adeo
1724 2584 1869 2639 clare
1895 2584 1976 2637 in-

380 2670 543 2738 dicat,
574 2680 629 2726 ut
662 2671 881 2740 perinde
901 2682 1100 2727 certum
1129 2673 1199 2728 sit
1225 2673 1293 2729 de
1318 2674 1422 2728 illis
1451 2673 1558 2743 agi,
1586 2681 1746 2742 atque
1772 2673 1815 2728 si
1849 2687 1975 2742 pro-

382 2763 497 2831 prio
524 2763 742 2817 nomine
768 2762 1180 2832 appellarentur.
1204 2764 1391 2835 Agitur
1419 2764 1669 2818 nimirum
1705 2763 1773 2819 de
1798 2774 1972 2819 matre

380 2863 434 2908 et
458 2854 524 2908 de
547 2853 776 2922 ﬁliabus,
803 2871 923 2925 qure
948 2855 1220 2910 servanda:
1251 2856 1371 2911 ﬁdei
1400 2856 1767 2927 pudicititeque
1786 2871 1967 2921 causa,

384 2960 501 3015 post
545 2947 785 3001 relictam
820 2948 1043 3016 patriam
1074 2962 1194 3003 sese
1226 2949 1278 3002 in
1322 2949 1519 3003 flumen
1548 2948 1967 3019 prmcipitarunt.

383 3036 665 3105 Singulare
690 3036 960 3106 quidpiam
988 3036 1075 3092 hic
1111 3037 1336 3106 carptim
1362 3036 1513 3104 dicit,
1542 3037 1682 3107 quod
1707 3037 1758 3092 in
1789 3037 1969 3106 priore

381 3124 451 3180 de
476 3125 570 3180 SS.
601 3126 827 3180 Bernice
863 3136 917 3181 et
959 3126 1230 3183 Prosdoee
1272 3127 1489 3182 homilia
1514 3141 1619 3181 non
1659 3135 1966 3197 comparet;

384 3232 577 3286 nempe
603 3227 883 3288 tyrannum
911 3217 1194 3287 quemdam
1219 3219 1461 3276 caelibem
1492 3218 1846 3289 virginitatem
1880 3234 1972 3273 ea-

391 3323 530 3373 rum,
559 3323 749 3378 nempe
787 3308 1061 3363 Domninae
1089 3308 1343 3376 ﬁliarum,
1368 3320 1577 3368 tentare
1602 3311 1851 3376 voluisse,
1879 3311 1971 3366 sed

386 3401 688 3454 inaccessas
714 3398 874 3454 fuisse
897 3400 1167 3468 virgines:
1197 3401 1338 3471 quod
1370 3403 1555 3472 utique
1585 3403 1710 3458 licet
1752 3403 1974 3458 sileatur

384 3489 435 3543 in
467 3492 665 3559 priore,
695 3490 935 3562 congruit
964 3498 1143 3547 tamen
1185 3508 1305 3546 cum
1353 3492 1439 3559 iis,
1491 3510 1613 3563 qua:
1657 3512 1806 3551 num.
1836 3496 1868 3550 7
1894 3496 1978 3551 di-

381 3591 595 3648 cuntur,
624 3596 813 3651 nempe
839 3581 1153 3637 Domninam
1176 3596 1295 3637 sese
1320 3598 1439 3637 cum
1466 3583 1679 3639 ﬁliabus
1699 3585 1750 3639 in
1773 3586 1972 3642 ﬂumen

384 3674 764 3741 praecipitasse,
796 3689 898 3728 non
928 3674 1067 3744 quod
1098 3685 1361 3731 tormenta
1397 3687 1676 3745 metueret,
1709 3680 1801 3734 sed
1828 3682 1971 3751 quod

385 3764 599 3818 timeret
620 3780 686 3819 ne
708 3766 824 3834 quis
851 3766 1072 3820 ﬁliarum
1103 3780 1319 3821 suarum
1346 3767 1706 3838 virginitatem
1727 3785 1973 3825 corrum-

383 3862 569 3924 peret:
601 3871 706 3925 quo
737 3857 969 3911 innuitur
994 3857 1226 3926 judicem
1258 3874 1351 3914 seu
1378 3870 1660 3932 tyrannum
1694 3862 1969 3919 Domninae

384 3945 600 4000 ﬁliabus
625 3948 927 4017 cupiditatis
953 3950 1131 4005 oculos
1158 3950 1439 4021 adiecisse.
1486 3954 1618 4008 Huic
1666 3954 1734 4009 de
1775 3957 1971 4010 sanctis

384 4035 696 4091 mulieribus
716 4042 949 4095 sermoni
976 4041 1244 4112 prmmittit
1261 4041 1680 4114 Chrysostomns
1700 4047 1973 4103 concionis

384 4127 664 4197 przeterita:
691 4130 962 4202 reliquias,
1009 4132 1097 4187 ubi
1147 4142 1423 4203 postquam
1453 4136 1735 4204 quaesitum
1774 4136 1969 4206 fuerat,

384 4234 479 4273 cur
503 4217 735 4275 Joannes
761 4225 907 4278 solus
931 4226 1375 4295 evangelistarum
1424 4225 1491 4279 de
1537 4227 1739 4281 Lazaro
1767 4231 1973 4298 quatri-

386 4310 561 4365 d‘uano
592 4309 843 4379 loquutus
874 4326 1049 4383 esset;
1077 4332 1196 4371 eum
1217 4331 1431 4372 causam
1461 4317 1751 4384 attulisset,
1781 4318 1848 4373 de
1870 4319 1972 4373 La-

387 4415 511 4456 zaro
538 4414 643 4455 non
673 4416 837 4470 pauca
867 4406 1027 4461 solito
1051 4409 1189 4481 stylo
1216 4408 1481 4465 edisserit.
1506 4410 1582 4464 Ex
1614 4419 1850 4481 tempore
1873 4427 1970 4466 au-

389 4501 497 4549 tem
528 4492 863 4561 pronuntiata
894 4494 1062 4553 fuisse
1092 4497 1303 4554 videtur
1336 4501 1448 4554 lucc
1488 4501 1695 4565 concio,
1745 4509 1803 4555 ut
1847 4500 1967 4555 aliae

391 4602 495 4642 non
519 4599 712 4657 panem,
741 4600 859 4654 qua:
886 4591 1031 4656 paris
1056 4602 1180 4646 sunt
1209 4593 1506 4649 brevitatis.

460 4681 517 4735 lu
549 4680 685 4734 hunc
708 4693 903 4733 annum
935 4680 1308 4742 Tillemontius
1345 4686 1553 4743 confert
1595 4687 1870 4743 llomiliam
1901 4686 1967 4742 de

394 4771 714 4834 Ascensione
735 4767 819 4839 (Τ.
848 4769 901 4822 2.
933 4784 981 4823 c.
1006 4772 1155 4838 441),
1185 4778 1305 4844 quia
1332 4794 1522 4850 nempe
1548 4789 1665 4849 post
1690 4780 1968 4835 llomiliam

389 4866 459 4921 de
486 4862 802 4920 Caemeterio
840 4871 893 4916 et
939 4861 1128 4928 Cruce,
1161 4881 1280 4934 qua:
1326 4869 1503 4925 habita
1554 4872 1716 4929 fuisse
1758 4883 1971 4944 putatur

390 4970 534 5010 anno
560 4954 685 5020 392,
716 4952 850 5007 dicta
882 4952 1012 5007 fuit:
1045 4970 1167 5009 nam
1220 4957 1272 5011 in
1324 4961 1586 5032 principio
1628 4965 1865 5020 Hontilize
1902 4966 1969 5020 de

390 5049 718 5103 Ascensione
763 5046 921 5100 dicit:
951 5046 1121 5100 Etiam
1160 5065 1274 5102 cum
1303 5053 1467 5105 crucis
1510 5058 1806 5111 memoriam
1832 5074 1970 5111 reco-

390 5136 599 5203 Juimus,
628 5148 769 5192 extra
812 5137 979 5190 urbem
1018 5138 1126 5206 ejus
1169 5139 1535 5196 solemnitatem
1577 5148 1969 5212 celebravimus;

389 5229 620 5301 indeque
645 5231 815 5302 arguit
839 5229 1025 5286 eodem
1054 5246 1195 5287 anno
1215 5244 1496 5305 utramque
1521 5236 1759 5296 habitam
1782 5241 1968 5310 fuisse,

388 5337 496 5377 non
524 5325 953 5381 animadvertens
982 5324 1418 5397 Chrysostomum
1442 5329 1593 5385 initio
1613 5336 1889 5393 concionis
1904 5338 1972 5395 de

387 5413 711 5474 Cmmeterio
740 5428 792 5474 et
834 5415 1001 5473 Cruce
1024 5417 1223 5483 dicere,
1256 5435 1323 5475 ex
1350 5421 1467 5493 lege
1492 5423 1595 5477 lata
1621 5440 1650 5477 a
1682 5427 1973 5497 majoribus

388 5512 646 5562 statutum
677 5510 858 5579 fuisse,
904 5518 963 5566 ut
1002 5512 1313 5566 solemnitas
1343 5512 1491 5569 istam
1517 5525 1668 5571 extra
1693 5517 1964 5577 civitatem

390 5596 443 5649 iu
474 5599 703 5666 quodam
726 5606 997 5677 assignato
1022 5604 1139 5660 loco
1158 5604 1541 5662 celebraretur.
1574 5609 1713 5681 Ergo
1743 5620 1973 5681 quotan-

391 5688 474 5742 nis
511 5698 661 5742 extra
693 5696 880 5752 urbem
926 5699 978 5754 in
1010 5700 1097 5755 die
1143 5698 1462 5755 Parasceves
1486 5711 1780 5757 conventus
1810 5703 1973 5761 habe-

391 5780 582 5836 bantur
607 5797 618 5833 :
649 5797 746 5836 nec
774 5799 950 5854 potest
978 5796 1264 5865 quidquam
1290 5808 1353 5848 ex
1397 5807 1559 5862 supra
1585 5794 1758 5851 allatis
1791 5798 1973 5855 verbis

392 5869 459 5925 ad
484 5884 680 5924 annum
712 5880 1053 5937 statuendum
1095 5885 1293 5957 colligi.
1335 5883 1458 5940 Ideo
1500 5894 1675 5941 autem
1706 5896 1855 5943 extra
1886 5906 1976 5946 ur-
2002 5898 2007 5905 ‘

393 5965 512 6021 hem
542 5962 797 6021 celebrari
830 5967 929 6026 hoc
959 5973 1150 6034 lestum
1172 5978 1316 6048 dicit,
1342 5980 1462 6049 quia
1491 5979 1590 6036 isto
1614 5980 1665 6037 in
1693 5980 1810 6037 loco
1833 5999 1971 6042 mar~

1563 553 1746 610 NUNC
1784 548 2044 609 PRIMUM
2082 548 2475 606 ADOllNATA.

3567 554 3669 611 12·Ξὸ

2083 672 2226 735 tyres
2247 661 2442 730 sepulti
2471 669 2643 716 erant.
2670 660 2931 729 Quoniam
2948 676 3074 717 vero
3095 659 3283 718 eodem
3305 662 3489 719 inloco
3505 667 3665 721 etiam

2082 754 2319 810 lueretit-i
2349 753 2561 824 quidam
2606 753 2799 824 sepulti
2850 753 3080 821 fuerant,
3113 770 3214 811 nec
3255 755 3373 811 sine
3418 758 3668 828 scrupulo

2081 846 2311 915 populus
2340 843 2405 897 ad
2451 845 2694 913 sepulcra
2744 855 3038 915 tuartyrum
3084 860 3267 915 preces
3297 844 3569 913 fundebat,
3600 848 3669 902 ob

2078 939 2221 993 illam
2248 934 2526 1000 viciniam;
2558 936 2677 991 ideo
2704 934 2990 989 Flavianus
3011 936 3290 1005 cpiscopus
3313 951 3439 991 vera
3471 946 3672 1007 marty-

2077 1047 2193 1085 rum
2224 1044 2346 1083 ossa
2370 1027 2527 1082 istinc
2555 1027 2750 1083 auferri
2774 1036 3075 1093 curaverat,
3100 1038 3155 1082 et
3182 1028 3236 1081 in
3264 1029 3542 1083 ecclesiam
3561 1028 3672 1084 Ro-

2077 1122 2373 1175 manesiam
2402 1117 2594 1171 dictam
2623 1118 2992 1188 transportari,
3034 1117 3123 1171 ubi
3151 1118 3373 1187 populus
3416 1119 3670 1185 precaba-

2080 1222 2183 1279 tur,
2213 1221 2266 1267 et
2287 1208 2573 1265 conciones
2595 1208 2944 1263 habebantur.
2977 1209 3189 1266 Exhinc
3216 1226 3345 1266 vero
3379 1209 3447 1265 de
3467 1212 3670 1280 angelis

2079 1303 2274 1372 ubique
2304 1311 2358 1356 et
2388 1301 2440 1354 in
2480 1300 2724 1355 ecclesiis
2750 1300 2982 1355 maxime
3014 1302 3361 1369 praesentibus
3398 1302 3666 1374 loquitur:

2076 1394 2256 1465 aitque
2284 1393 2563 1447 diaconum
2588 1394 2640 1448 in
2670 1393 2905 1464 Liturgia
2930 1393 3129 1463 dicere,
3156 1394 3401 1466 Angetam
3427 1396 3566 1467 pacis
3585 1412 3673 1450 ro-

2076 1498 2210 1558 gate.
2266 1487 2453 1542 Postea
2501 1487 2567 1542 de
2615 1489 2940 1543 Ascensione
2990 1488 3204 1544 Domini
3232 1488 3361 1559 agit,
3410 1488 3672 1560 docetque

2078 1579 2343 1647 quomodo
2375 1579 2616 1633 Christus
2641 1579 2705 1633 ad
2732 1579 3012 1634 dexteram
3044 1580 3211 1634 Patris
3232 1581 3445 1647 sedens,
3471 1581 3641 1636 media
3666 1612 3672 1618 -

2081 1678 2163 1722 tor
2188 1669 2279 1722 Dei
2306 1679 2361 1723 et
2391 1671 2663 1725 hominum
2690 1671 2777 1725 sit.
2804 1670 3061 1739 Quantam
3106 1670 3402 1725 differentia
3430 1673 3501 1726 sit
3528 1672 3668 1726 inter

2080 1760 2464 1814 Ascensionem
2508 1761 2704 1815 Christi
2746 1772 2801 1817 et
2830 1763 3199 1817 ascensionem
3246 1760 3376 1817 Elia:
3416 1762 3667 1834 explicat,

2079 1865 2142 1904 ac
2192 1866 2312 1904 cum
2361 1864 2568 1904 summa
2615 1852 2874 1907 modestia
2916 1862 2971 1908 et
3014 1854 3313 1910 humilitate
3353 1855 3668 1911 concionem

2078 1940 2293 1996 claudit.

2151 2031 2262 2087 lloc
2291 2032 2416 2087 item
2446 2046 2587 2086 anno
2611 2031 2736 2098 592,
2769 2033 2853 2088 vel
2882 2033 3116 2100 circiter,
3138 2034 3673 2104 putat'l’illemontius

2076 2122 2514 2193 Chrysostomum
2542 2126 2838 2179 orationem
2866 2124 3115 2180 habuisse
3141 2125 3196 2180 in
3217 2125 3428 2181 laudem
3456 2125 3673 2181 Diodori

2077 2215 2353 2270 Tarsensis
2382 2216 2470 2287 (T.
2513 2217 2567 2272 5.
2613 2234 2659 2269 c.
2686 2214 2783 2269 ’761
2806 2217 2824 2286 )
2847 2235 2860 2269 :
2883 2231 3042 2286 quam
3072 2217 3325 2285 temporis
3354 2224 3533 2270 notam
3574 2231 3673 2271 nec

2078 2306 2409 2376 impugnare,
2453 2322 2552 2362 nec
2591 2315 2650 2360 ut
2687 2307 2909 2361 omnino
2951 2316 3152 2361 certam
3198 2305 3483 2361 defendere
3526 2307 3671 2362 licet.

2078 2398 2384 2452 Orationem
2428 2399 2539 2467 jam
2584 2396 2845 2453 habuerat
2874 2398 3137 2453 Diodorus
3184 2398 3235 2452 in
3265 2414 3368 2469 qua
3411 2398 3671 2455 Joannem

2080 2487 2516 2559 Cltrysostomum
2533 2490 2776 2545 laudibus
2792 2490 3075 2546 extulerat.
3092 2490 3507 2562 Chrysostomus
3518 2507 3669 2561 vero,

2080 2577 2295 2633 laudum
2325 2578 2543 2634 minime
2571 2580 2813 2648 cupidus,
2844 2595 2970 2635 suas
2999 2581 3101 2649 ipsi
3130 2580 3313 2635 laudes
3337 2581 3588 2647 reddidit,
3618 2592 3674 2637 et

2079 2671 2374 2725 orationem
2405 2671 2571 2725 texuit
2598 2670 2992 2738 brevissimam,
3025 2671 3145 2741 quia
3177 2681 3295 2741 post
3316 2672 3463 2726 illum
3485 2672 3672 2728 eadem

2076 2764 2162 2819 die
2186 2764 2598 2819 concionatnrus
2621 2763 2798 2820 denuo
2827 2775 2944 2819 erat
2990 2764 3277 2832 Diodorus,
3310 2774 3366 2819 ut
3391 2765 3533 2820 clare
3557 2766 3673 2835 ipse

2077 2855 2250 2909 innuit
2271 2853 2321 2909 in
2349 2854 2456 2909 ﬁne
2480 2855 2739 2926 pra'conii.
2758 2854 2903 2910 More
2926 2856 3120 2925 quippe
3149 2866 3418 2925 receptum
3445 2855 3674 2911 vidimus

2076 2945 2394 3013 Antiochiae,
2428 2956 2485 3000 ut
2526 2946 2712 3002 eadem
2744 2947 2831 3002 die
2871 2947 2923 3001 in
2954 2946 3247 3017 eademque
3291 2949 3517 3003 ecclesia
3563 2948 3673 3004 duo

2076 3036 2543 3092 eoneionarentur.
2576 3037 2840 3092 Diodorus
2883 3052 3012 3093 vero
3055 3038 3337 3107 episcopus
3365 3038 3670 3107 Tarsensis,

2076 3129 2165 3200 qui
2191 3130 2321 3184 olim
2346 3129 2522 3185 fuerat
2548 3130 2769 3185 Joannis
2798 3129 3165 3205 Chrysostomi
3192 3131 3464 3201 magister,
3498 3132 3672 3187 liben-

2076 3228 2157 3274 ter
2182 3219 2249 3274 ad
2273 3220 2324 3275 id
2353 3221 2515 3276 ofﬁcii
2540 3220 2953 3285 admittebatur;
2983 3222 3106 3291 quia
3124 3222 3249 3277 olim
3270 3222 3550 3295 presbyter
3565 3225 3675 3279 An-

2079 3311 2355 3366 tioehenus
2398 3312 2452 3366 id
2497 3312 2734 3367 muneris
2781 3312 2870 3367 diu
2908 3320 3240 3378 exercuerat,
3287 3328 3394 3383 quo
3432 3324 3673 3383 tempore

2078 3400 2283 3464 Ariani,
2313 3416 2433 3456 cum
2462 3402 2778 3456 auctoritate
2808 3401 3092 3472 plurimum
3138 3403 3394 3468 valerent,
3435 3402 3673 3459 Catholi-

2080 3508 2174 3548 cos
2204 3492 2538 3549 infestabant.
2582 3493 2651 3549 lis
2689 3509 2810 3549 cum
2842 3494 3046 3549 fortiter
3069 3494 3354 3551 obsisteret
3385 3496 3669 3561 Diodorus,

2079 3585 2147 3641 ab
2175 3587 2389 3640 Arianis
2412 3601 2553 3656 saepe
2584 3587 2764 3656 pulsus
2790 3596 2892 3651 est,
2915 3601 3058 3657 saepe
3078 3588 3131 3641 in
3166 3588 3460 3656 periculum
3483 3591 3672 3659 capitis

2079 3679 2253 3744 venit;
2291 3694 2354 3734 ac
2378 3678 2423 3733 si
2452 3695 2559 3733 non
2589 3695 2670 3746 re,
2712 3679 2901 3734 saltem
2933 3680 3205 3749 proposito
3235 3690 3437 3752 martyr
3467 3681 3584 3745 fuit,
3617 3692 3675 3737 ut

2076 3768 2204 3823 dicit
2231 3773 2345 3838 ipse
2368 3768 2809 3839 Cbrysostomus,
2844 3778 2953 3824 tum
2985 3771 3037 3823 in
3068 3770 3165 3824 ista
3196 3772 3456 3838 oratione,
3485 3772 3668 3828 tumin

2074 3860 2371 3929 fragmento
2387 3859 2615 3930 quodam
2640 3875 2705 3915 ex
2732 3858 2986 3914 Facundo
3004 3860 3372 3916 llermianensi
3392 3870 3667 3931 excerpto,

2076 3952 2215 4021 quod
2243 3951 2317 4005 illi
2346 3951 2398 4004 in
2426 3951 2526 4005 hac
2556 3951 2791 4006 editione
2818 3951 3175 4021 subjungitur.

2149 4043 2459 4097 Innumeras
2475 4050 2625 4097 certe
2651 4041 2897 4096 homilias
2915 4041 3210 4099 Antiochia:
3228 4042 3411 4098 habuit
3438 4044 3655 4116 Chryse

2079 4141 2306 4198 stomus,
2336 4146 2561 4202 quarum
2590 4147 2775 4202 magna
2805 4147 2929 4202 pars
2968 4132 3035 4187 ad
3075 4148 3172 4187 nos
3211 4149 3381 4203 usque
3411 4136 3667 4203 pervenit.

2079 4223 2147 4276 At
2172 4237 2355 4277 earum
2382 4222 2619 4277 omnium
2643 4223 2730 4276 vix
2758 4237 2821 4276 ac
2848 4238 2915 4278 ne
2942 4223 3027 4276 vix
3058 4222 3269 4293 quidem
3296 4233 3473 4293 potest
3497 4240 3668 4280 annus

2076 4315 2357 4383 assignari.
2404 4315 2482 4371 Ex
2520 4329 2708 4369 earum
2739 4329 2965 4369 numero
2994 4323 3117 4368 sunt
3141 4314 3383 4369 llomiliaa
3414 4315 3465 4369 in
3494 4316 3670 4372 Gene-

2076 4406 2177 4460 sim
2196 4406 2283 4476 (T.
2300 4408 2351 4463 4.
2372 4423 2419 4459 c.
2440 4404 2553 4467 21),
2588 4421 2813 4460 numero
2840 4407 2927 4471 67,
2947 4422 3078 4475 quas
3095 4405 3550 4477 Constantinopoli
3567 4407 3668 4462 ha-

2076 4494 2213 4550 bitas
2233 4494 2394 4549 fuisse
2416 4495 2542 4549 dicit
2567 4495 2806 4561 Photius,
2833 4496 3181 4551 subdubitans
3212 4508 3406 4563 tamen,
3436 4514 3534 4553 nec
3550 4515 3665 4556 rem

2074 4588 2224 4659 quasi
2250 4596 2452 4643 certam
2479 4586 2738 4642 referens.
2785 4586 2983 4641 Verum
3025 4587 3324 4642 Antiochia:
3364 4591 3666 4647 certissime

2073 4678 2245 4733 dictas
2270 4677 2434 4733 fuisse
2461 4677 2642 4732 multis
2686 4678 3016 4748 argumentis
3042 4677 3229 4748 probat
3270 4678 3661 4748 Tillemontius,

2077 4785 2281 4841 nosque
2309 4770 2716 4841 quamplurimis
2743 4770 2937 4825 additis
2970 4769 3399 4825 conﬁrmavimus
3434 4772 3488 4825 in
3518 4772 3666 4827 Prte-

2074 4862 2276 4917 fatione
2302 4861 2368 4917 ad
2412 4861 2670 4916 Ilomilias
2713 4862 2765 4915 in
2794 4859 3044 4917 Genesim
3075 4870 3266 4931 quarto
3294 4861 3483 4925 Tomo,
3514 4873 3569 4918 et
3610 4864 3665 4921 in

2077 4953 2396 5009 Prarfatione
2416 4952 2480 5007 ad
2506 4952 2789 5007 conciones
2816 4952 2868 5005 in
2907 4951 3227 5021 Principium
3260 4953 3516 5007 Actorum
3549 4963 3661 5009 ter-

2080 5049 2153 5102 tio
2182 5047 2369 5111 Tomo,
2402 5054 2456 5102 et
2484 5044 2629 5099 alibi.

2148 5138 2402 5193 llomilias
2423 5151 2549 5191 vero
2569 5136 2621 5190 in
2642 5134 2823 5192 Oziam
2845 5133 3045 5191 dixisse
3069 5136 3240 5208 potuit
3266 5147 3387 5193 ante
3410 5137 3665 5195 llomillas

2079 5233 2132 5288 in
2167 5230 2415 5288 Genesim
2459 5228 2548 5299 (T.
2579 5229 2636 5288 6.
2677 5248 2722 5285 ε.
2758 5229 2894 5305 97):
2922 5231 2974 5288 id
3004 5241 3207 5287 certum
3238 5232 3444 5288 videtur
3470 5246 3668 5288 secun-

2078 5327 2199 5385 dam
2245 5325 2430 5381 saltem
2480 5322 2716 5381 habitam
2755 5324 2919 5382 fuisse
2945 5326 3213 5397 aliquanto
3252 5334 3489 5395 tempore
3512 5336 3665 5383 ante~

2081 5438 2237 5495 quam
2268 5421 2333 5476 de
2357 5417 2694 5486 Nominibus,
2720 5418 2834 5476 sive
2860 5419 2927 5475 de
2952 5419 3236 5474 Mutatione
3264 5418 3539 5473 nominum
3562 5418 3669 5475 lto-

2081 5518 2256 5571 milias
2275 5515 2551 5584 inciperet.
2576 5512 2789 5570 Etenim
2815 5514 2868 5568 iu
2890 5511 3103 5569 bOmilia
3125 5510 3358 5565 secunda
3384 5510 3436 5566 in
3457 5509 3664 5577 Oziam,

2083 5626 2202 5665 cum
2233 5608 2297 5663 de
2340 5608 2558 5662 nomine
2600 5608 2798 5663 Abram
2828 5606 2877 5658 in
2910 5604 3177 5659 Abraham
3208 5612 3413 5659 mutato
3462 5612 3664 5673 ageret,

2084 5704 2216 5759 dixit
2240 5701 2328 5757 ille
2354 5716 2579 5755 numero
2608 5702 2661 5764 5,
2706 5698 2885 5752 Verum
2915 5696 2976 5749 de
2996 5695 3284 5750 nominibus
3313 5697 3416 5751 alio
3445 5706 3665 5765 tempore

2086 5796 2348 5858 iusseram,
2381 5791 2433 5846 id
2462 5801 2546 5846 est
2589 5792 2656 5847 de
2698 5789 2990 5845 mutatione
3035 5788 3347 5843 nominum:
3378 5786 3493 5841 illas
3522 5786 3664 5840 enim

2086 5886 2153 5943 de
2183 5885 2472 5940 Mutatioue
2500 5884 2772 5940 nominum
2804 5879 3050 5937 homilias
3081 5880 3344 5936 interdum
3371 5877 3439 5932 dc
3478 5874 3665 5933 Nomi-

2086 5982 2240 6039 nibus
2268 5978 2519 6051 appellat.
2555 5979 2609 6035 In
2643 5978 2745 6034 illis
2792 5990 2920 6031 vero
2950 5974 3015 6031 de
3061 5974 3347 6031 Mutatione
3390 5973 3663 6029 nominum
