4504 6706
841 565 942 621 155

836 674 1071 736 1ιοηιὶ1ἱὶε
1094 675 1165 735 de
1192 677 1408 735 nomine
1432 674 1629 732 Abram
1660 673 1717 731 in
1744 675 2016 732 Abraham
2062 686 2269 732 mutato
2316 689 2422 729 non

835 772 1004 828 semel
1030 772 1158 844 agit.
1193 771 1421 828 Primam
1449 784 1572 825 cum
1596 768 1941 826 Tillemontio
1967 771 2055 825 diu
2090 780 2204 841 post
2232 784 2424 825 secun-

836 866 960 918 dam
987 864 1224 933 ablegari
1251 871 1304 917 et
1333 861 1385 916 in
1410 861 1555 917 aliud
1583 870 1789 932 tempus
1811 861 2011 927 distuli,
2034 872 2277 931 quartam
2295 875 2427 932 quo-

837 972 939 1024 que
962 972 991 1010 a
1014 954 1339 1024 reliquarum
1361 955 1502 1010 serie
1517 951 1865 1008 amovendam
1892 952 2076 1007 censui
2097 968 2112 1005 :
2132 953 2423 1007 secundam

837 1060 985 1112 vero,
1019 1047 1253 1113 tertiam,
1285 1046 1522 1116 quintam
1544 1053 1598 1099 et
1621 1052 1824 1099 sextam
1852 1043 2194 1100 continenter
2218 1059 2425 1113 ponen-

833 1136 931 1191 das
962 1151 1084 1192 esse
1108 1152 1322 1192 censeo.
1350 1135 1508 1189 Sexta
1538 1135 1725 1205 paucis
1748 1135 1938 1191 diebus
1961 1144 2087 1191 ante
2114 1135 2426 1207 Quadrage-

835 1229 1028 1283 simam
1057 1228 1231 1282 habita
1264 1226 1376 1288 fuit,
1402 1236 1461 1279 ut
1491 1225 1691 1282 ibidem
1717 1238 1984 1283 narratur.
2010 1227 2147 1283 Vide
2170 1226 2425 1282 Monitum

835 1318 903 1373 ad
924 1317 1167 1373 homilias
1193 1315 1356 1372 hasce
1385 1316 1556 1372 Tomo
1579 1325 1733 1372 sexto
1758 1331 1805 1367 c.
1834 1316 1923 1373 93.

907 1415 962 1468 ln
992 1417 1189 1487 prima,
1216 1428 1374 1482 quam
1419 1413 1537 1467 loco
1566 1410 1874 1465 mutandam
1920 1420 2191 1481 putamus,
2233 1411 2429 1481 gaudet

834 1508 901 1562 de
924 1507 1109 1579 populi
1137 1504 1427 1575 frequentia
1457 1511 1511 1557 et
1535 1517 1820 1568 concursu,
1866 1502 2015 1557 dolet
2056 1512 2233 1556 autem
2280 1501 2425 1571 quod

833 1599 1127 1664 auditores,
1156 1597 1282 1651 dum
1311 1596 1503 1651 concio
1529 1595 1836 1662 haberetur,
1859 1594 2243 1663 incompositus
2264 1607 2426 1647 voces

833 1692 1163 1751 erutittcrent,
1194 1689 1649 1743 tumultuarentur
1686 1703 1748 1742 ac
1778 1688 2068 1759 lymphatis
2092 1685 2293 1741 similes
2316 1686 2425 1740 cir-

833 1793 1269 1853 cumagerentur,
1298 1782 1364 1836 de
1390 1779 1702 1849 Serapliinis
1729 1794 1893 1847 pauca
1922 1778 2072 1833 dicit.
2108 1777 2231 1832 Illos
2252 1785 2429 1832 autem

833 1876 1094 1945 increpat,
1129 1876 1215 1943 qui
1243 1874 1308 1927 ad
1335 1871 1637 1942 spectacula
1666 1870 1965 1940 prodirent,
1989 1870 2188 1940 quique
2215 1868 2294 1924 sic
2316 1883 2433 1941 my-

829 1967 993 2021 steria
1020 1965 1195 2018 divina
1224 1978 1346 2018 cum
1377 1962 1727 2017 dmmoniacis
1751 1962 2057 2016 miscerent.

902 2055 957 2108 In
985 2054 1244 2120 secunda,
1286 2068 1447 2123 quam
1480 2053 1704 2122 primam
1734 2061 2001 2120 putamus,
2037 2052 2089 2106 in
2120 2052 2270 2115 illud,
2317 2050 2430 2104 Vidi

829 2144 1111 2200 Dominum
1134 2141 1405 2208 sea‘entem,
1435 2152 1561 2204 etc.,
1588 2141 1752 2194 multa
1779 2140 2003 2209 profert.
2038 2140 2280 2192 Divinam
2326 2154 2425 2192 na-

828 2248 1003 2293 turam
1020 2238 1180 2293 etiam
1200 2235 1400 2304 angelis
1417 2230 2017 2300 incomprehensibilem
2044 2244 2164 2285 esse
2186 2244 2427 2298 pronun-

831 2331 959 2395 tiat;
990 2329 1212 2399 ideoque
1238 2325 1410 2396 carpit
1438 2327 1754 2390 Annmmos,
1783 2324 1874 2394 qui
1896 2321 1964 2378 de
1993 2332 2179 2377 natura
2208 2322 2297 2375 illa
2327 2322 2427 2375 im-

830 2421 944 2490 pias
966 2418 1271 2489 proferrent
1296 2430 1599 2473 sermones.

902 2509 1149 2568 llomilize
1177 2508 1347 2562 tertia:
1372 2513 1749 2576 argumentum
1779 2513 1905 2559 sunt
1935 2503 2049 2558 haec
2078 2503 2270 2571 verba,
2303 2501 2433 2557 Ela-

828 2618 937 2660 tum
964 2616 1034 2660 est
1062 2622 1149 2660 cor
1181 2600 1340 2658 Ozias.
1385 2597 1525 2656 Dicit
1551 2606 1731 2653 autem
1762 2594 1853 2653 ille
1892 2594 2221 2669 superbiam,
2266 2595 2425 2646 etiam

828 2713 897 2754 ex
924 2697 1078 2751 bonae
1103 2693 1445 2750 conscientia:
1474 2690 1781 2747 testimonio
1807 2690 1935 2743 oriri
1965 2704 2143 2758 posse,
2181 2700 2237 2743 et
2274 2690 2429 2744 bonis

827 2789 1084 2860 operibus
1114 2787 1432 2841 instructum
1465 2782 1634 2852 magis
1661 2780 1956 2852 oppugnari
1977 2794 2008 2833 a
2032 2779 2282 2834 diabolo:
2305 2788 2424 2833 tan-

828 2890 1049 2951 tumque
1094 2877 1293 2932 malum
1324 2875 1522 2930 inferre
1551 2872 1746 2927 anima:
1791 2870 2119 2941 superbiam,
2165 2878 2422 2941 quantum

828 2970 1045 3041 corpori
1078 2979 1335 3023 tumores.

901 3063 1102 3132 Quarta
1131 3059 1340 3122 concio,
1368 3073 1524 3128 quam
1571 3057 1689 3111 loco
1734 3054 2059 3110 movendum
2088 3068 2210 3109 esse
2239 3068 2430 3109 cense-

830 3168 972 3219 mus,
1005 3154 1057 3207 in
1095 3157 1463 3222 argumentum
1497 3146 1656 3203 habet
1686 3146 1804 3201 luce
1846 3146 2010 3200 verba
2051 3163 2064 3199 :
2101 3143 2319 3197 Factum
2357 3153 2430 3198 est

828 3262 884 3300 sn
910 3260 1043 3299 anno
1073 3243 1125 3296 in
1150 3257 1248 3312 quo
1275 3249 1503 3293 mortuus
1531 3248 1604 3292 est
1628 3253 1722 3293 rea:
1752 3236 1929 3299 Ozias,
1973 3245 2080 3291 etc.
2112 3234 2251 3289 Dicit
2299 3233 2432 3289 faci-

829 3338 935 3392 hus
954 3348 1077 3390 esse
1096 3334 1268 3388 solem
1291 3332 1580 3401 exstingui,
1607 3345 1765 3399 quam
1794 3329 1887 3383 Dei
1916 3327 2208 3382 Ecclesiam
2236 3325 2424 3380 deleri.

828 3428 1127 3484 Dccasione
1147 3434 1326 3480 autem
1355 3423 1498 3477 Oziae
1524 3423 1665 3493 regis
1694 3419 1925 3476 afﬁrmat
1954 3428 2010 3474 et
2039 3418 2231 3489 probat
2254 3432 2433 3473 sacer-

829 3520 1015 3576 dotum
1041 3516 1349 3587 dignitatem
1375 3512 1633 3583 majorem
1660 3526 1800 3578 esse,
1826 3525 1989 3581 quam
2020 3524 2225 3579 regum.

898 3612 1094 3681 Quinta
1125 3617 1182 3665 et
1204 3617 1376 3673 sexta,
1406 3607 1531 3661 licet
1572 3604 1680 3659 alio
1722 3603 1882 3673 longe
1910 3611 2152 3672 tempore
2191 3617 2433 3670 pronun-

829 3708 998 3772 tiataz,
1025 3704 1168 3758 idem
1194 3708 1569 3771 argumentum
1598 3702 1948 3769 pertractant,
1982 3704 2036 3749 et
2064 3694 2135 3750 de
2164 3694 2309 3748 Ozite
2335 3710 2428 3749 su-

832 3796 1017 3869 perbia
1061 3802 1246 3865 agunt.
1281 3791 1415 3846 llinc
1443 3789 1512 3845 de
1540 3786 1881 3844 sacerdomm
1925 3794 2187 3856 potestate
2230 3785 2425 3855 agitur,

830 3892 1096 3959 docetque
1121 3886 1559 3957 Chrysostomus,
1591 3896 1697 3952 quo
1736 3889 1893 3953 pacto
1939 3878 2133 3933 debeat
2176 3877 2428 3933 sacerdos

833 3988 1144 4052 peccantem
1175 3975 1470 4047 principem
1501 3972 1793 4042 corripere.
1823 3968 1880 4024 ln
1911 3978 2063 4024 sexta
2096 3982 2228 4024 vero
2250 3968 2318 4023 de
2332 3968 2432 4023 Se-

836 4070 1183 4140 raphinorum
1211 4066 1468 4137 dignitate
1489 4063 1747 4132 loquitur.
1772 4060 1828 4114 lu
1859 4060 1963 4116 ﬁne
1982 4059 2139 4115 docet
2157 4058 2430 4129 quomodo

836 4166 901 4220 ad
935 4177 1143 4219 sacram
1173 4173 1415 4215 mensam
1441 4157 1511 4212 sit
1538 4154 1921 4209 accedendum.
2223 4220 2227 4224 ἢ

909 4255 986 4312 De
1019 4252 1257 4309 llomiliis
1284 4252 1337 4305 in
1369 4248 1622 4305 Genesim.
1645 4276 1717 4287 —
1735 4245 1854 4301 lam
1883 4259 2016 4300 vero
2044 4242 2301 4314 qumritur
2320 4256 2429 4313 quo

838 4366 982 4407 anno
1012 4348 1302 4404 conciones
1348 4344 1402 4398 in
1456 4340 1707 4397 Genesim
1764 4338 1958 4392 habita:
2001 4335 2198 4391 fuerint
2230 4334 2315 4406 (T.
2348 4334 2428 4404 4),

839 4458 960 4514 qua:
988 4454 1118 4496 sane
1144 4438 1302 4506 longe
1329 4431 1598 4489 difficilior
1630 4430 1853 4500 quaestio
1881 4437 1982 4484 est.
2014 4429 2164 4483 Circa
2196 4436 2427 4497 tempus,

840 4548 947 4606 quo
974 4530 1186 4600 scripta:
1207 4526 1375 4589 fuere,
1401 4537 1631 4594 operose
1656 4520 1900 4576 edisserit
1924 4519 2007 4573 vir
2031 4518 2427 4589 sagacissimus,

842 4626 1190 4692 cluniumque
1217 4620 1374 4688 longe
1399 4613 1835 4671 accuratissimus
1863 4612 2254 4677 Tillemontius,
2281 4612 2433 4683 cujus

845 4716 1007 4771 verba
1026 4713 1213 4768 Latine
1239 4708 1493 4763 translata
1514 4704 1718 4760 referre
1739 4718 1805 4757 ne
1830 4704 2003 4772 pigeat
2028 4724 2041 4757 :
2068 4704 2219 4771 Quod
2240 4713 2433 4773 spectat

846 4821 1059 4869 artuum,
1090 4818 1188 4874 quo
1218 4802 1298 4854 hic
1323 4796 1546 4852 humilia:
1568 4804 1683 4847 sunt
1701 4793 1903 4858 habitat,
1926 4793 2122 4847 nonnisi
2145 4794 2433 4863 conjectura

851 4900 1015 4951 dicere
1040 4908 1329 4964 possumus.
1362 4887 1493 4942 Illas
1522 4884 1910 4956 Chrysostomus
1941 4884 2123 4938 habere
2148 4885 2292 4955 ccepit
2325 4885 2433 4939 Do-

850 4987 1036 5041 minica
1069 4983 1320 5053 jejunium
1350 4978 1676 5050 prlecedente,
1716 4993 1815 5045 quo
1861 4993 1951 5046 per
1982 4975 2436 5046 Quadragesimam

850 5077 979 5134 illud
1006 5082 1375 5146 argumentum,
1408 5078 1460 5123 ut
1492 5067 1757 5122 verisimile
1782 5078 1876 5136 est,
1907 5076 2163 5121 tractaret.
2197 5065 2437 5121 Secunda

851 5169 982 5227 enim
1006 5167 1087 5220 die
1113 5166 1354 5236 sequenti,
1378 5163 1507 5234 feria
1530 5160 1719 5217 scilicet
1741 5161 1961 5215 secunda
1986 5171 2031 5215 et
2056 5161 2221 5231 prima
2246 5159 2349 5213 diei
2362 5160 2438 5224 ie-

852 5264 1003 5335 iunii,
1034 5262 1167 5314 dicta
1192 5261 1317 5331 fuit;
1343 5258 1488 5313 tertia
1516 5256 1645 5327 feria
1670 5256 1835 5319 tertia,
1863 5263 2042 5325 quarta
2068 5255 2149 5309 die
2174 5254 2437 5324 insequen-

851 5357 909 5412 ti.
940 5355 1124 5423 Sicque
1148 5352 1365 5419 reliquas
1385 5367 1553 5404 omnes
1586 5348 1802 5421 singulis
1846 5348 2018 5401 diebus
2061 5348 2255 5402 habitas
2280 5346 2439 5415 fuisse

852 5446 1051 5501 credere
1091 5455 1181 5509 est,
1214 5443 1326 5497 licet
1367 5442 1421 5495 id
1459 5458 1558 5494 non
1603 5439 1850 5511 signiﬁcet
1899 5438 2303 5509 Chrysostomus,
2337 5437 2437 5489 nisi

856 5542 986 5610 forte
1008 5552 1069 5590 ea:
1096 5535 1354 5589 occasione
1396 5532 1618 5602 quadam
1646 5531 1787 5584 aliud
1830 5540 2179 5601 argumentum
2215 5538 2437 5581 tractan-

852 5637 972 5683 dum
997 5636 1289 5681 occurreret.
1321 5623 1525 5679 Certum
1546 5623 1731 5693 quippe
1759 5632 1831 5676 est
1863 5622 2107 5694 populum
2134 5621 2358 5692 quotidie
2382 5620 2434 5672 in
2522 5640 2523 5643 η

850 5720 1111 5777 ecclesiam
1153 5718 1454 5780 convenisse,
1487 5713 1993 5785 Clu-gsostomumque
2021 5711 2235 5780 singulis
2262 5710 2434 5764 diebus

851 5813 1199 5867 concionatum
1224 5826 1347 5864 esse.
1379 5808 1570 5863 Eodem
1611 5807 1761 5859 etiam
1800 5806 1850 5858 in
1878 5804 2107 5859 Genesi»:
2138 5814 2433 5875 argumento

854 5905 1083 5975 pergebat
1110 5901 1315 5957 sabbato
1349 5910 1395 5955 et
1422 5898 1709 5964 Dominica,
1743 5897 1852 5951 licet
1878 5898 1938 5951 iis
1968 5895 2141 5951 diebus
2170 5913 2269 5950 non
2290 5897 2435 5968 jeju-

853 6005 1087 6053 uaretur:
1116 6011 1232 6050 nam
1274 5990 1537 6048 undecima
1563 5989 1769 6045 homilia
1794 5989 1842 6043 in
1873 5988 2050 6043 horum
2080 5988 2320 6044 alterutro
2350 5986 2433 6041 die

1908 561 1965 619 S.
2005 560 2285 619 JOANNIS
2320 557 2801 621 CllRYSOSTOMl
2843 568 3023 635 VITA,

4010 588 4115 647 156

2535 676 2669 773 dicta
2688 680 2807 748 fuit.
2837 682 3067 738 Hontilia
3086 685 3285 753 quinta.
3306 696 3466 753 sexta,
3489 691 3716 759 septima,
3744 707 3936 767 octava,
3958 723 4111 773 nona,

2533 768 2867 865 continenter,
2896 776 3002 828 suis
3032 793 3242 847 quaque
3264 780 3455 847 diebus,
3487 780 3668 837 habita:
3687 784 3908 854 fuerunt.
3941 768 4115 865 Neque

2532 856 2700 913 dicere
2734 861 2893 929 possis
2920 878 3008 915 eas
3033 867 3102 917 ad
3128 869 3346 937 quinque
3385 872 3491 927 dies
3520 873 3707 943 jejunii
3740 879 3973 933 secunda
4000 856 4093 937 heb

2534 948 2766 1005 domadis
2797 953 3042 1020 pertinere
3059 972 3079 1009 :
3107 974 3226 1012 nam
3252 962 3447 1017 decima
3471 966 3524 1020 in
3549 968 3631 1022 die
3641 968 3827 1039 jejunii
3845 968 3981 1024 dicta
4000 975 4112 1043 fuit;

2534 1056 2581 1098 et
2605 1046 2657 1100 in
2680 1046 2992 1100 hebdomada
3017 1049 3236 1121 quinque
3263 1063 3457 1111 tantum
3474 1061 3657 1131 jejunii
3686 1062 3791 1117 dies
3810 1072 3951 1117 erant
3975 1080 3995 1117 :
4025 1082 4115 1119 un-

2534 1135 2728 1191 decima
2757 1156 2871 1193 vero
2899 1139 3103 1194 sabbato
3126 1143 3265 1196 illius
3287 1153 3523 1204 secunda
3548 1155 3868 1210 hebdomadis
3895 1174 4124 1227 pronun-

2535 1227 2661 1281 tiata
2690 1239 2780 1281 est.
2814 1228 2875 1283 Si
2914 1246 3030 1300 ergo
3072 1229 3317 1286 liomilia:
3357 1236 3410 1288 in
3454 1237 3686 1296 Genesim
3712 1248 3923 1317 singulis
3948 1248 4122 1301 diebus

2535 1336 2637 1372 una
2665 1320 2794 1375 serie
2815 1322 2998 1375 habin
3026 1322 3232 1390 fuerint,
3257 1323 3313 1377 id
3335 1326 3473 1395 quod
3500 1331 3635 1384 circa
3663 1352 3754 1389 sea:
3776 1339 3952 1392 saltem
3980 1341 4120 1410 prio-

2535 1428 2615 1466 res
2640 1416 2844 1469 omnino
2866 1416 3134 1470 verisimile
3150 1426 3253 1480 est;
3281 1428 3423 1471 sexta
3444 1421 3619 1490 utique
3638 1428 3768 1493 feria
3787 1440 3927 1484 sexta
3948 1434 4124 1502 prima:

2533 1503 2860 1559 hebdomadis
2884 1508 3297 1578 Quadragesimae
3320 1513 3645 1580 pronuntiata
3668 1520 3839 1585 fuerit.

2602 1593 2669 1647 In
2689 1607 2830 1649 sexta
2850 1598 3059 1652 homilia
3089 1600 3473 1671 Chrysostomus
3495 1606 3726 1670 queritur
3748 1611 4085 1669 Antiochenos
4103 1658 4118 1679 ,

2532 1685 2673 1739 nulla
2694 1686 3100 1759 quotidianarum
3127 1691 3571 1759 adhortationum,
3604 1696 3748 1748 nulla
3786 1698 4125 1774 Quadragesi—

2535 1778 2683 1831 malis
2713 1778 3011 1847 paenitentia:
3037 1780 3231 1835 ratione
3271 1782 3437 1835 habita
3456 1823 3471 1848 ,
3499 1784 3621 1837 circi
3646 1785 3780 1839 ludis
3806 1787 4117 1857 interfuisse.

2538 1869 2612 1923 lli
2645 1872 2783 1925 haud
2807 1870 2956 1926 dubie
2980 1874 3223 1929 circenses
3266 1875 3372 1929 ludi
3408 1876 3583 1931 eadem
3621 1877 3735 1947 ipsa
3774 1879 3855 1933 die
3891 1884 4124 1939 celebrati

2536 1962 2774 2030 fuerant;
2805 1979 2922 2015 nam
2947 1964 2999 2017 in
3032 1963 3431 2036 Quadragesima
3459 1969 3738 2036 vespertino
3766 1978 3987 2039 tempore
4004 1991 4126 2027 con-

2535 2055 2701 2105 ciones
2727 2053 3038 2106 habebantur
3058 2072 3077 2108 :
3098 2058 3233 2109 umle
3269 2059 3503 2128 consequi
3542 2060 3736 2113 videtur
3762 2062 3898 2114 hunc
3934 2078 4124 2116 annuat

2533 2156 2638 2192 esse
2664 2149 2752 2191 aut
2780 2140 2885 2194 595
2912 2154 3001 2194 aut
3026 2143 3150 2197 596.
3176 2143 3549 2201 lt'alendarimn
3571 2152 3702 2203 enim
3726 2151 4009 2205 Romanum
4039 2154 4122 2207 lu-

2530 2228 2816 2283 dosuullos
2845 2232 3069 2302 assignat
3115 2234 3260 2288 initio
3300 2240 3481 2291 mensis
3525 2239 3716 2293 Martii.
3762 2240 3893 2295 Ludi
3935 2245 4124 2314 quippe

2532 2318 2770 2385 Gotthici,
2798 2323 2887 2385 qui
2924 2339 2954 2375 a
2988 2336 3171 2394 quarta
3200 2325 3469 2383 Februarii
3493 2332 3560 2384 ad
3584 2349 3767 2387 nonam
3793 2334 4121 2403 habebantur,

2532 2428 2633 2465 non
2679 2413 2759 2465 hic
2801 2430 2831 2466 a
2872 2413 3233 2485 Chrysostomo
3277 2434 3753 2479 commemorantur.
3789 2425 3970 2481 Verum
4014 2430 4125 2483 ludi

2533 2503 2701 2558 adhuc
2739 2505 3060 2575 assignantur
3100 2508 3365 2563 undecima
3408 2511 3693 2581 Februarii,
3724 2535 3836 2589 qute
3859 2537 3991 2575 anno
4020 2522 4126 2578 595

2533 2598 2787 2650 concurrit
2814 2614 2929 2651 cum
2956 2601 3082 2669 feria
3101 2612 3239 2655 sexta
3267 2604 3446 2672 prima:
3471 2607 3797 2664 hebdomadis
3830 2612 4127 2685 Quadrage-

2532 2696 2693 2757 35mm,
2716 2696 2833 2763 quia
2868 2688 3069 2751 Pascha
3088 2692 3240 2753 istius
3252 2695 3376 2751 aitni
3392 2696 3569 2751 incidit
3590 2700 3640 2753 in
3662 2702 3944 2771 vigesimam
3970 2710 4126 2775 septi-

2530 2802 2665 2839 mam
2688 2788 2885 2842 Martii.
2916 2791 3239 2846 Annotantur
3262 2796 3412 2848 etiam
3438 2796 3545 2850 ludt
3566 2791 3635 2851 ad
3653 2793 3877 2849 ultimam
3898 2794 4125 2851 Februa.

2530 2877 2596 2930 rii
2615 2917 2630 2942 ,
2674 2878 2730 2931 id
2764 2879 2903 2949 quod
2930 2881 2999 2934 ad
3026 2898 3217 2937 annum
3248 2885 3351 2941 596
3377 2890 3621 2955 pertinere
3644 2897 3819 2960 potest,
3861 2904 3976 2961 quo,
4008 2910 4125 2949 cum

2530 2964 2736 3022 Pascha
2766 2970 3008 3025 incideret
3037 2973 3090 3027 in
3116 2974 3361 3030 decimam
3388 2980 3585 3033 tertiam
3616 2982 3805 3053 Aprilis
3830 3024 3845 3049 ,
3886 2984 4125 3055 vigesima

2533 3076 2672 3115 nona
2699 3060 2963 3116 Februarii
2993 3069 3322 3122 concurrebat
3350 3086 3462 3123 cum
3500 3074 3628 3143 feria
3658 3085 3798 3128 sexta
3827 3078 4003 3145 primm
4030 3082 4124 3132 he-

2534 3150 2798 3206 bdomadis
2836 3152 3272 3225 Quadragesimaz.
3320 3158 3405 3214 Ea:
3441 3162 3550 3217 istis
3586 3178 3699 3217 vero
3744 3164 3936 3221 duobus
3977 3170 4125 3224 annis

2534 3242 2915 3312 anteferendum
2945 3244 3179 3299 ducimus
3204 3263 3397 3301 artuum
3418 3250 3543 3317 595,
3563 3254 3681 3319 quia
3702 3264 3934 3324 putamus
3961 3258 4126 3329 Chry-

2533 3344 2812 3386 sostomum
2849 3351 2982 3389 anno
3019 3336 3123 3391 596
3149 3336 3407 3393 llomilias
3436 3341 3499 3393 de
3536 3341 3840 3399 Paenitentia
3873 3348 4121 3404 habuisse.

2538 3422 2732 3487 Quibus
2771 3424 2842 3476 ita
2881 3426 3161 3481 constitutis
3186 3427 3296 3481 ludi
3319 3430 3564 3484 circenses
3587 3433 3684 3496 illi,
3716 3437 3779 3489 de
3801 3439 3977 3507 quibus
4004 3456 4125 3508 que-

2534 3514 2667 3567 ritur
2701 3514 3087 3585 Chrysostamus
3115 3518 3321 3573 homilia
3346 3521 3406 3574 bl
3434 3562 3449 3587 ,
3476 3538 3589 3592 qua:
3616 3526 3776 3579 tribus
3799 3539 3912 3597 post
3942 3529 4126 3585 Pente-

2535 3612 2704 3656 costen
2756 3604 3150 3661 hebdomadibus
3194 3608 3362 3661 habita
3396 3619 3489 3673 est,
3530 3612 3584 3665 id
3624 3624 3715 3677 est,
3748 3619 3879 3687 forte
3919 3620 4123 3674 sabbato

2534 3693 2746 3761 bJunii,
2771 3695 2817 3749 si
2850 3712 2964 3750 rere
2995 3697 3129 3750 dicta
3155 3699 3221 3752 sit
3258 3717 3392 3755 anno
3427 3703 3566 3768 595;
3611 3706 3739 3772 ludi,
3772 3709 3990 3776 inquam,
4023 3714 4126 3765 cir-

2532 3803 2701 3842 censes
2721 3830 2735 3853 ,
2774 3788 2853 3841 illi
2882 3791 3099 3859 fortasse
3123 3800 3286 3857 erant,
3309 3793 3397 3861 qui
3422 3794 3490 3847 ad
3531 3798 3746 3865 primam
3774 3800 3919 3853 istius
3940 3804 4123 3857 mensis

2533 3878 2665 3931 diem
2690 3888 2952 3932 notantur.
2993 3877 3179 3934 Verum
3215 3881 3323 3935 ha'c
3360 3899 3459 3938 non
3500 3897 3553 3939 ut
3590 3904 3695 3942 rem
3737 3888 4051 3958 exploratam
4077 3904 4123 3948 et

2532 3977 2721 4022 certam
2748 3969 2931 4025 damus
2960 3986 2981 4025 :
3011 3987 3127 4025 cum
3152 3974 3370 4029 nraxime
3389 3976 3671 4046 ignoremus
3696 3990 3866 4035 utrum
3887 3983 3979 4037 hoc
4007 3983 4121 4039 Ka-

2534 4060 2817 4115 lendarium
2838 4071 2956 4116 tunc
2976 4064 3214 4133 temporis
3232 4064 3514 4121 Antiochia:
3529 4069 3580 4122 in
3601 4086 3695 4123 usu
3711 4082 3856 4138 esset,
3887 4090 3977 4127 nec
3995 4076 4123 4129 scia-

2538 4167 2649 4206 mus
2669 4162 2840 4205 utrum
2862 4154 2973 4207 ludi
2996 4170 3168 4209 omnes
3190 4156 3487 4210 circensium
3507 4174 3680 4213 cursus
3701 4162 4002 4220 exhiberem.
4023 4165 4123 4221 Po-

2536 4249 2699 4294 terant
2719 4242 2836 4296 item
2862 4243 2971 4296 ludi
2986 4243 3228 4299 celebrari
3253 4261 3353 4299 non
3366 4256 3599 4301 consueto
3618 4249 3811 4305 ordine.
3841 4250 3952 4306 Ima
3973 4258 4122 4309 etiam

2535 4331 2641 4385 ludi
2670 4343 2975 4388 annotantur
2992 4336 3060 4388 ad
3078 4336 3429 4391 duodecimam
3449 4337 3582 4392 diem
3606 4338 3890 4409 Februarii,
3918 4346 4122 4412 perinde

2535 4432 2681 4491 atque
2707 4424 2774 4475 ad
2808 4426 3164 4492 undecimam;
3203 4429 3275 4481 ita
3304 4438 3394 4494 ut,
3427 4446 3543 4483 cum
3582 4429 3963 4501 Chrysostomus
4005 4438 4120 4493 abs-

2537 4523 2683 4567 terret
2708 4530 2789 4568 eos
2811 4517 2898 4585 qui
2926 4517 3059 4570 circo
3082 4518 3369 4588 adfuerant,
3392 4521 3623 4574 videatur
3648 4537 3847 4577 monere
3865 4523 4106 4595 debuisse,

2536 4607 2758 4677 sequenti
2789 4608 2869 4659 die
2901 4606 3217 4678 exploratum
3242 4614 3353 4679 fore
3376 4628 3496 4665 num
3525 4613 3730 4666 monitis
3749 4615 3851 4669 suis
3869 4617 4095 4689 obtempe

2536 4707 2750 4751 rassent.
2785 4695 2970 4751 Verum
2992 4699 3049 4765 ii,
3076 4700 3160 4769 qui
3185 4700 3477 4757 duodecimo
3499 4703 3582 4757 die
3601 4702 3988 4773 celebrabantur,
4017 4725 4104 4762 nor

2537 4797 2682 4843 erant
2707 4793 2838 4859 forte
2860 4789 3103 4843 circenses
3133 4806 3151 4843 :
3188 4808 3303 4846 nam
3336 4792 3404 4847 ibi
3446 4792 3805 4849 Calendarium
3824 4813 3925 4851 non
3948 4809 4119 4853 notam

2538 4881 2684 4935 habet
2722 4883 2878 4935 Com.
2918 4880 3132 4949 XXllll,
3160 4883 3214 4935 id
3255 4894 3360 4951 est,
3390 4885 3743 4941 Commisura:
3767 4886 3930 4941 XXIV
3964 4906 3977 4940 :
4007 4907 4121 4960 qua

2536 4973 2733 5025 videtur
2752 4972 2875 5026 mihi
2902 4988 3009 5027 esse
3033 4984 3152 5026 nota
3173 4973 3403 5030 ludorum
3432 4979 3749 5032 circensium.
3790 4976 3895 5032 Illa
3930 4997 4121 5051 quoque

2539 5077 2658 5121 nota
2679 5068 2797 5121 Cm.
2818 5066 3034 5134 XXIIII,
3052 5078 3100 5122 et
3124 5068 3241 5120 Cm.
3264 5069 3611 5133 Xll,occurrit
3636 5072 3705 5124 ad
3723 5088 3924 5137 nonam,
3946 5074 4124 5144 vigesi-

2538 5176 2671 5213 mam
2692 5162 2923 5230 quintam
2941 5171 2987 5215 et
3010 5162 3295 5231 vigesimum
3324 5167 3583 5234 septimam
3614 5165 3878 5220 Februarii
3906 5182 3926 5219 :
3952 5184 4123 5222 verum

2540 5252 2592 5304 hi
2620 5252 2725 5305 dies
2754 5269 2818 5306 ne
2845 5270 2936 5325 per
2960 5262 3117 5307 totum
3138 5255 3338 5323 quidem
3361 5266 3552 5326 tempus
3570 5300 3585 5325 ,
3614 5276 3713 5331 quo
3746 5260 4002 5330 presbyter
4024 5263 4121 5331 fuit

2539 5343 2926 5414 Chrysostomus
2951 5387 2965 5412 ,
3013 5345 3067 5398 in
3109 5345 3288 5415 feriam
3333 5358 3524 5402 sextam
3573 5353 3752 5421 prima:
3797 5352 4118 5411 hebdomadis

2544 5436 2958 5507 Quadragesima:
2975 5435 3221 5489 incidunt.
3254 5435 3355 5491 Illa
3384 5450 3504 5493 nota
3529 5440 3649 5495 Cm.
3678 5441 3746 5493 ad
3771 5442 3996 5497 ultimam
4018 5445 4122 5501 Fe-

2540 5528 2731 5582 bruarii
2761 5546 2862 5583 non
2887 5529 3091 5599 ponitur
3108 5570 3123 5595 ,
3152 5547 3250 5599 quo
3271 5534 3420 5586 etiam
3445 5534 3731 5587 excluditur
3744 5552 3903 5590 annus
3922 5538 4043 5595 596.

2610 5621 2723 5674 Alio
2769 5621 2885 5674 item
2922 5633 3213 5689 argumento
3252 5624 3550 5679 abducimur
3573 5642 3636 5680 ne
3658 5628 3779 5680 anni
3803 5628 3936 5697 596,
3976 5650 4119 5703 quem

2539 5716 2856 5786 assignamus
2881 5756 2894 5777 ,
2937 5725 3079 5769 notas
3108 5734 3214 5771 esse
3238 5727 3399 5771 certas
3426 5727 3657 5787 putemus
3684 5735 3705 5773 :
3725 5723 3857 5791 quod
3895 5723 4118 5779 videlicet

2540 5823 2639 5859 non
2673 5807 2877 5860 omnino
2903 5808 3217 5876 exploratum
3240 5809 3305 5863 sit
3329 5817 3523 5862 sextam
3548 5810 3802 5866 homiliam
3826 5816 3953 5885 feria
3976 5825 4118 5870 seua

2541 5897 2759 5951 habitam
2802 5899 2973 5987 fuisse.
3017 5898 3140 5952 Cum
3180 5900 3313 5953 enim
3352 5900 3615 5955 undecima
3653 5905 3855 5959 sabbato
3887 5908 4119 5960 secunda!

2544 5988 2870 6043 hebdomadis
2896 5990 3032 6043 haud
3063 5991 3215 6045 dubie
3238 5991 3373 6045 dicta
3400 5992 3569 6063 fuerit,
3590 6012 3650 6050 ex
3670 5995 3905 6052 tredecim
3929 6010 4117 6065 prtere-
