4504 6708
381 599 485 658 137

382 713 612 767 dentibus
637 709 829 779 diebus,
860 705 1148 777 incipiendo
1180 720 1210 756 α
1238 701 1502 755 Dominica
1525 711 1639 752 ante
1666 695 1962 764 Quadrage-

380 808 578 869 simam,
609 806 658 858 in
681 822 781 878 qua
803 805 969 874 prima
1003 796 1208 851 ltomilia
1235 795 1406 848 Itabita
1432 794 1548 862 fuit,
1578 801 1675 842 tres
1701 785 1969 840 certissime

381 899 506 963 dies,
526 908 612 952 aut
641 900 883 952 concione
901 891 1046 946 vacui
1071 894 1228 961 fuere,
1253 899 1338 942 ant
1370 887 1633 940 conciones
1665 880 1880 934 habuere
1906 879 1970 931 ad

381 990 522 1042 aliud
550 995 900 1059 argumentum
929 981 1248 1051 pertinentes,
1279 981 1354 1033 ecl
1373 980 1418 1033 si
1449 973 1670 1044 ejusdem
1692 971 1973 1042 argumenti

380 1082 586 1151 fuerint,
612 1090 744 1133 certe
763 1078 877 1148 jam
909 1073 1212 1142 deperditus.
1241 1071 1392 1140 Atqui
1421 1079 1519 1122 tres
1546 1067 1623 1120 illi
1643 1066 1750 1118 dies
1771 1062 1973 1115 nonnisi

381 1183 495 1226 ante
527 1172 754 1242 quintam
774 1209 785 1228 ,
822 1167 896 1219 vel
921 1164 1185 1230 decimam,
1216 1163 1293 1217 vel
1327 1160 1644 1216 undecimam
1672 1155 1825 1209 statui
1853 1169 1971 1222 pos-

379 1273 517 1325 sunt,
558 1260 677 1328 quia
717 1255 834 1308 alia:
872 1271 1041 1306 onmes
1077 1255 1384 1306 continenter
1413 1259 1459 1303 et
1501 1265 1602 1300 una
1625 1246 1818 1298 dierum
1845 1243 1972 1295 serie

381 1353 531 1403 dicta:
556 1359 690 1401 sunt.
716 1345 804 1399 Ea:
827 1345 960 1397 hisce
982 1361 1130 1412 porro
1158 1343 1315 1398 tribus
1340 1357 1472 1394 unus
1491 1339 1668 1392 saltent
1691 1337 1820 1388 inter
1840 1334 1976 1386 deri-

383 1459 517 1496 ntam
545 1450 592 1494 et
618 1439 934 1493 undecimam
965 1437 1338 1490 constituendus
1357 1451 1375 1486 :
1407 1433 1490 1504 qui
1513 1431 1644 1482 enim
1681 1427 1852 1496 pransi
1882 1427 1974 1478 de-

383 1537 528 1587 cintce
552 1533 846 1603 adfuerant,
874 1547 973 1582 non
1009 1530 1185 1600 feriam
1209 1540 1425 1592 sextam,
1453 1534 1506 1578 ut
1532 1523 1734 1576 credere
1757 1531 1848 1586 est,
1884 1520 1974 1572 de-

384 1625 627 1695 legerunt,
660 1622 980 1694 utjejuninm
1004 1619 1266 1673 solverent.

459 1718 724 1771 Hactenus
753 1715 794 1769 Τ
801 1712 1126 1768 illemontius
1152 1730 1163 1764 :
1191 1710 1278 1765 ubi
1302 1711 1558 1766 observes
1579 1715 1776 1774 quanto
1793 1703 1976 1758 labore

386 1824 449 1862 ac
474 1808 648 1863 studio
673 1809 747 1863 uti
775 1808 928 1873 solet,
959 1805 1076 1860 illas
1101 1803 1352 1874 temporis
1379 1809 1532 1854 natas
1573 1797 1642 1851 sit
1689 1811 1976 1865 persequu-

391 1907 472 1950 tus
519 1909 818 1966 quantaque
858 1895 1137 1966 prudentia
1177 1909 1204 1946 a
1243 1891 1444 1962 judicio
1487 1887 1729 1942 absolute
1757 1884 1976 1938 ferendo

389 1986 668 2041 abstineat.
726 1986 917 2040 Contra
969 1985 1114 2039 illam
1143 1997 1269 2037 vero
1309 1979 1650 2042 sententiam,
1701 1991 1856 2046 quam
1889 1976 1976 2030 ille

392 2076 600 2130 harrens
624 2085 677 2130 et
700 2076 1043 2130 subdubitans
1058 2075 1414 2144 amplectitur,
1438 2070 1529 2124 alii
1551 2079 1603 2123 et
1627 2069 1845 2121 fortasse
1867 2082 1978 2120 ma-

386 2168 532 2237 jores
559 2176 778 2236 possunt
804 2166 1033 2234 scrupuli
1063 2164 1306 2234 proferri.
1336 2159 1715 2215 Kalendaritttn
1746 2159 1884 2212 enim
1914 2157 1975 2211 il'

391 2260 478 2314 Iud
512 2259 808 2312 Romanum
829 2255 1158 2311 Constantini
1182 2252 1354 2322 Magni
1385 2265 1527 2305 anno
1556 2249 1662 2305 525
1685 2291 1699 2316 ,
1730 2258 1785 2302 ut
1812 2249 1978 2302 fertur

391 2352 444 2404 in
471 2350 639 2413 titulo,
673 2348 871 2401 editum
904 2338 956 2400 et
983 2363 1012 2400 a
1042 2345 1258 2400 Petavio
1286 2342 1607 2412 publicatum
1639 2341 1689 2394 in
1720 2339 1979 2395 Uranolo-

390 2442 477 2511 gio
508 2456 558 2510 p.
593 2439 694 2494 ΗΞ
714 2481 726 2502 ,
759 2439 1014 2492 incertum
1043 2446 1124 2491 est
1148 2453 1215 2490 an
1247 2435 1386 2488 idem
1413 2433 1667 2487 manserit
1708 2432 1774 2485 ad
1811 2445 1980 2499 usque

393 2535 549 2587 finem
579 2532 757 2586 smculi
794 2531 962 2602 quarti
1003 2546 1016 2582 :
1051 2529 1158 2583 imo
1200 2538 1402 2582 certum
1443 2525 1653 2580 videtur
1701 2525 1752 2578 in
1800 2523 1980 2578 multis

390 2626 576 2679 saltem
607 2635 866 2679 mutatum
894 2622 1056 2677 fuisse
1081 2640 1092 2674 :
1121 2637 1244 2675 nam
1275 2619 1567 2675 secundum
1601 2617 1834 2688 profana:
1866 2617 1982 2687 plu-

393 2717 526 2771 rium
555 2716 770 2771 deorum
800 2715 1068 2786 religionis
1090 2719 1246 2768 ritum
1277 2713 1651 2768 concinnatum
1673 2721 1754 2767 est
1777 2721 1978 2766 totum:

391 2812 478 2880 qui
509 2811 654 2879 impii
683 2811 813 2863 ritus
841 2809 1054 2863 demttm
1084 2807 1186 2861 sub
1215 2805 1517 2861 Theodosio
1557 2805 1746 2873 Magno
1781 2801 1974 2857 sublati

389 2909 534 2954 sunt.
563 2899 643 2953 Ad
670 2898 784 2953 haec
809 2908 1011 2954 certum
1038 2898 1248 2952 videtur
1275 2896 1433 2950 urbes
1463 2895 1582 2950 illas
1610 2895 1755 2949 orbis
1785 2893 1976 2964 praeci-

391 3007 542 3063 puas,
569 2992 741 3062 qualis
777 3002 892 3046 erat
931 2990 1229 3056 Antiochia,
1266 3003 1390 3043 suos
1429 2997 1521 3042 aut
1547 2987 1757 3057 aliquos
1786 2987 1976 3041 saltem

390 3085 488 3138 sibi
512 3084 755 3152 proprios
787 3082 1036 3136 habuisse
1063 3083 1214 3142 ritus,
1237 3090 1491 3150 quantum
1523 3079 1590 3132 ad
1623 3079 1773 3132 ludos
1795 3087 1849 3132 et
1873 3078 1976 3131 alia

393 3177 444 3230 in
469 3175 800 3230 Kalendariis
828 3173 1057 3228 adscribi
1085 3172 1238 3228 solita
1267 3189 1281 3224 :
1309 3186 1415 3241 quo
1442 3172 1614 3241 posito
1643 3169 1766 3241 quid
1797 3184 1979 3240 possu-

391 3283 507 3322 mus
537 3283 601 3321 ex
633 3265 950 3321 Kalendario
985 3265 1227 3319 Romano
1265 3263 1406 3317 circa
1441 3263 1802 3316 Antiochenos
1842 3261 1978 3315 ritus

393 3357 658 3413 statuere?
699 3356 850 3425 Quod
895 3371 1024 3410 vero
1069 3355 1266 3410 dicitur
1306 3353 1691 3425 querimoniam
1736 3352 1976 3423 Chryso-

392 3449 550 3505 stomi
578 3448 723 3502 initio
751 3446 980 3500 homilia:
1007 3452 1174 3500 sextae
1204 3459 1310 3499 non
1333 3451 1578 3512 spectare
1599 3443 1750 3498 ludos
1772 3441 1980 3498 Gotthi-

391 3557 506 3606 cos,
536 3542 586 3596 id
615 3550 756 3595 certe
780 3537 1062 3594 divinando
1082 3537 1185 3590 dici
1213 3536 1443 3590 videtur.
1475 3535 1606 3601 Quis
1625 3535 1767 3590 enim
1794 3536 1894 3589 scit
1914 3551 1980 3588 an

393 3635 446 3687 in
493 3631 630 3686 ludis
672 3630 948 3694 Gottlticis,
975 3628 1164 3682 saltem
1194 3627 1246 3680 in
1277 3641 1463 3680 eorum
1493 3625 1834 3695 quibusdam,
1861 3640 1984 3678 cur-

392 3739 484 3778 sus
504 3738 757 3794 equorum
778 3719 1146 3775 adhiberetur?
1177 3727 1231 3772 at
1254 3725 1439 3773 contra
1465 3717 1768 3786 hujusmodi
1791 3732 1980 3771 cursus

393 3824 536 3870 totus
571 3823 652 3869 est
679 3812 1086 3881 Chrysostomus
1111 3811 1162 3864 in
1196 3809 1412 3864 homilia
1441 3816 1609 3863 sexta.
1641 3808 1860 3862 Domum
1895 3816 1978 3860 ta-

393 3906 547 3959 bulas
569 3904 870 3968 Paschales,
888 3902 1033 3972 queis
1053 3901 1136 3955 ha:
1158 3914 1346 3955 omnes
1369 3900 1690 3970 conjecturae
1716 3899 1974 3966 nituntur,

393 3995 677 4064 aliquando
720 3993 934 4048 fallaces
971 4006 1086 4047 esse
1123 4005 1280 4059 supra
1322 3990 1684 4060 probavimus.
1724 3989 1833 4044 Nec
1872 3998 1979 4042 tam

395 4086 673 4157 perspicue
697 4087 895 4140 scimus
922 4094 1096 4138 utrum
1125 4083 1268 4136 circa
1297 4080 1714 4135 celebrationem
1739 4079 1978 4146 Paschze,

395 4179 554 4232 ritum
581 4176 994 4230 Alexandrinum
1023 4180 1298 4228 servarent
1327 4171 1666 4226 Antiocheni.
1708 4172 1776 4225 lis
1804 4171 1980 4225 omni-

397 4268 494 4322 bus
521 4267 697 4335 itaque
727 4267 1021 4336 perpensis,
1053 4263 1308 4318 fateamur
1336 4277 1556 4317 neccsse
1583 4271 1686 4328 est,
1717 4263 1978 4316 incertum

398 4370 614 4429 prorsus
639 4370 757 4410 esse
782 4372 887 4426 quo
911 4370 1052 4410 anno
1081 4355 1178 4409 bos
1204 4355 1254 4408 in
1284 4352 1534 4408 Genesim
1565 4366 1844 4406 sermones
1873 4353 1980 4404 An-

398 4447 604 4505 tiochia:
635 4445 878 4501 habuerit
903 4448 1330 4519 Chrysostomus.
1379 4443 1434 4499 ld
1471 4459 1632 4498 unum
1673 4444 1788 4497 sine
1816 4442 1978 4497 dubio

398 4541 628 4604 scimus,
682 4552 926 4606 magnam
976 4555 1166 4594 eorum
1211 4549 1418 4608 partem
1466 4538 1518 4592 in
1562 4536 1975 4606 Quadragesima

399 4633 590 4687 dictam
639 4625 838 4692 fuisse,
887 4627 1138 4698 illamque
1182 4627 1650 4698 Quadragesimam
1702 4641 1809 4681 non
1858 4640 1977 4681 esse

399 4719 522 4776 anni
556 4716 677 4779 586,
707 4716 758 4769 in
782 4729 884 4784 qua
909 4727 1032 4770 octo
1073 4717 1142 4770 ab
1179 4718 1262 4774 bis
1299 4719 1538 4774 diversos
1564 4719 1746 4773 habuit
1769 4733 1976 4772 sermo-

400 4827 530 4877 nes;
571 4823 744 4878 neque
781 4807 905 4861 anni
949 4807 1074 4874 587,
1105 4824 1264 4877 quam
1313 4826 1448 4880 pene
1489 4819 1650 4866 totam
1693 4810 1748 4865 in
1790 4809 1978 4882 deplo-

404 4901 567 4961 randa
606 4898 1052 4956 Antiochenorum
1077 4897 1146 4953 ob
1174 4913 1391 4954 eversas
1431 4911 1632 4957 statuas
1678 4901 1978 4958 calamitate

399 4995 708 5067 absumpsit.

470 5090 630 5146 Certo
653 5093 857 5143 constat
883 5085 1043 5140 etiam
1074 5086 1269 5140 multas
1296 5085 1427 5140 alias
1456 5086 1653 5143 diversi
1680 5091 1979 5162 argumenti

400 5181 650 5236 habuisse
690 5177 932 5232 homilias
969 5173 1404 5248 Chrysostomum
1440 5177 1743 5233 intermisso
1766 5182 1982 5236 concio-

399 5290 527 5329 num
559 5275 610 5330 in
631 5271 874 5329 Genesim
899 5284 1079 5334 cursu,
1107 5279 1163 5323 ut
1196 5271 1248 5324 in
1275 5285 1463 5340 magna
1487 5279 1540 5325 et
1567 5281 1744 5325 sancta
1776 5272 1979 5328 hebdo-

397 5365 553 5419 mada
582 5366 648 5420 de
671 5363 801 5420 Juda
827 5359 1112 5433 proditore,
1137 5361 1187 5414 in
1211 5361 1467 5417 Paschate
1487 5371 1667 5418 contra
1700 5362 1975 5430 Ebriosos,

400 5464 520 5520 post
567 5457 772 5512 Pascha
812 5452 1053 5509 homilias
1095 5453 1328 5522 quinque
1371 5456 1424 5508 in
1466 5455 1786 5525 Principium
1816 5457 1978 5510 Acto-

398 5560 538 5605 rum,
566 5559 620 5601 et
647 5549 891 5604 homilias
909 5555 1133 5618 quatuor
1150 5545 1217 5601 de
1237 5545 1526 5605 Mutatione
1549 5550 1838 5604 nominum.
1861 5548 1975 5605 Una

399 5650 528 5688 vero
562 5640 701 5692 serie
747 5640 991 5696 homilias
1035 5638 1242 5710 triginta
1277 5637 1410 5692 duas
1443 5639 1494 5693 in
1521 5641 1929 5714 Quadragesima
1958 5659 1974 5698 :

400 5730 444 5784 si
474 5728 694 5784 alterius
727 5736 1022 5802 argumenti
1051 5732 1277 5788 homiliac
1305 5732 1564 5801 quzepiam
1598 5734 1736 5791 hunc
1766 5753 1978 5792 cursum

400 5819 882 5891 interpellaverint,
913 5842 992 5882 ea:
1015 5828 1122 5896 jam
1151 5841 1255 5881 non
1281 5831 1506 5880 exstant.
1537 5824 1726 5894 Opera:
1755 5832 1982 5898 pretium

401 5924 575 5970 autem
611 5911 769 5967 fuerit
798 5914 1006 5973 illarum
1037 5935 1134 5989 per
1153 5918 1614 5991 Quadragesimam
1645 5920 1983 5983 homiliarum

401 6007 659 6074 ordinem,
687 6013 742 6061 et
776 6015 974 6076 quanto
1005 6009 1189 6080 elapso
1218 6013 1470 6085 temporis
1504 6014 1672 6085 spatio
1698 6014 1797 6070 alia
1820 6019 1976 6079 aliam

1550 582 1732 639 NUNC.
1772 577 2028 634 PRIMUM
2066 581 2106 633 A
2120 580 2462 638 DORNATA.

3572 585 3669 640 158

2075 709 2295 765 ειιηιιυῑει
2321 699 2407 762 sit,
2436 699 2518 751 hic
2543 698 2720 766 paucis
2742 701 3091 770 perscribere.

2148 791 2323 844 Prima
2357 793 2543 844 concio
2575 792 2713 845 dicta
2750 791 2843 846 fuit
2887 793 3162 848 Dominica
3202 793 3317 858 die,
3349 809 3465 862 quae
3494 798 3664 867 Ouin-

2075 886 2397 952 quagesimm
2428 901 2588 953 penes
2618 899 2714 938 nos
2743 897 2977 952 vocatur,
3008 897 3287 955 antequam
3319 887 3664 960 quadragesi-

2076 973 2216 1028 malc
2254 973 2515 1042 jejunium
2563 976 2816 1039 iniretur;
2863 977 3113 1040 secunda,
3153 977 3239 1030 die
3281 979 3520 1048 sequenti
3561 995 3665 1049 qua

2071 1063 2335 1134 jejunium
2367 1065 2751 1134 incipiebatur;
2783 1067 2931 1120 tertia
2965 1077 3018 1121 et
3044 1078 3230 1136 quarta
3262 1069 3312 1121 in
3343 1069 3488 1124 feriis
3509 1071 3664 1124 tertia

2076 1166 2128 1211 et
2156 1166 2341 1226 quarta
2369 1174 2384 1210 :
2414 1155 2494 1210 ha:
2518 1159 2858 1213 continenter
2882 1159 3098 1228 singulis
3126 1159 3314 1213 diebus
3339 1161 3494 1214 dictae
3519 1171 3663 1215 sunt.

2080 1247 2341 1302 Incertum
2371 1264 2496 1302 vero
2524 1259 2624 1314 est,
2656 1259 2830 1304 utrum
2881 1249 3019 1305 inter
3059 1260 3298 1319 quartam
3339 1261 3391 1306 et
3427 1254 3667 1321 quintam

2078 1337 2350 1394 homiliam
2393 1338 2568 1408 aliqua
2607 1339 2722 1394 dies
2768 1340 3152 1403 intercesserit,
3180 1343 3549 1396 autconcione
3574 1358 3670 1396 va-

2078 1446 2195 1495 cua,
2227 1441 2317 1485 aut
2351 1431 2415 1485 ad
2455 1432 2596 1485 aliud
2628 1433 2978 1487 concionandi
3004 1445 3372 1503 argumentum
3395 1435 3665 1503 deputata.

2080 1521 2148 1577 Ut
2176 1533 2232 1576 ut
2259 1533 2359 1586 est,
2394 1523 2598 1592 quinta,
2629 1533 2802 1586 sexta,
2835 1525 3082 1592 septima,
3115 1535 3300 1579 octava
3327 1533 3382 1579 et
3408 1542 3542 1579 nona
3571 1527 3668 1580 lto-

2081 1615 2237 1670 milia:
2263 1619 2598 1672 continenter
2623 1615 2848 1687 singulis
2890 1617 2991 1669 sibi
3037 1618 3444 1674 succedentibus
3482 1617 3670 1674 diebus

2082 1705 2238 1760 dicta:
2268 1718 2410 1772 sunt,
2446 1709 2635 1777 partim
2665 1707 2716 1762 in
2750 1708 2938 1778 prima,
2975 1709 3167 1776 partim
3188 1709 3238 1762 in
3266 1710 3494 1764 secunda
3525 1710 3670 1778 Qua-

2081 1798 2396 1868 dragcsimae
2449 1799 2779 1854 hebdomade
2823 1819 2834 1852 :
2879 1800 3088 1854 decima
3135 1800 3294 1854 etiam
3341 1802 3392 1855 in
3439 1803 3672 1858 secunda

2083 1892 2416 1947 hebdomade
2443 1902 2534 1945 aut
2563 1893 2688 1946 feria
2715 1894 2894 1961 quinta
2921 1935 2934 1956 ,
2967 1901 3060 1946 aut
3097 1902 3246 1947 sexta
3273 1911 3286 1946 :
3313 1892 3589 1948 undecima
3622 1894 3672 1947 in

2081 1983 2302 2037 sabbato
2341 1982 2590 2036 secundae
2627 1982 2970 2037 hebdomadis
3001 2002 3014 2038 :
3045 1983 3360 2038 duodecima
3395 1984 3567 2038 habita
3594 1993 3676 2039 est

2082 2085 2201 2144 post
2222 2075 2380 2129 aliam
2412 2074 2494 2128 vel
2515 2074 2668 2133 alias.
2697 2090 2814 2143 qua:
2844 2076 2910 2127 ad
2941 2075 3209 2130 diversum
3238 2093 3266 2130 a
3293 2077 3485 2132 Genesi
3518 2093 3676 2146 argu-

2082 2175 2318 2220 mentum
2367 2164 2703 2234 spectabant.
2756 2164 2899 2219 lntcr
2954 2165 3325 2221 duodecimam
3369 2183 3582 2238 qucque
3622 2177 3676 2221 ct

2085 2257 2345 2310 decimam
2378 2256 2589 2311 tertiam
2617 2256 2699 2309 vel
2732 2273 2866 2311 unus
2892 2257 2975 2312 vel
3010 2257 3190 2325 plures
3215 2257 3330 2312 dies
3358 2259 3676 2312 intercesse-

2088 2356 2231 2401 runt.
2264 2347 2478 2400 Decima
2507 2357 2695 2414 quarta
2731 2347 2870 2400 dicta
2908 2357 2990 2401 est
3026 2347 3114 2401 die
3158 2347 3417 2402 decimam
3468 2349 3676 2403 tertiam

2087 2440 2403 2508 insequente
2441 2455 2454 2491 :
2488 2439 2694 2492 decima
2735 2438 2919 2505 quinta
2958 2439 3202 2493 similiter
3243 2449 3499 2509 sequente
3542 2441 3630 2494 die
3662 2458 3676 2493 :

2085 2527 2292 2583 decima
2315 2537 2484 2593 sexta,
2506 2526 2594 2582 die
2626 2528 2749 2580 item
2776 2537 3032 2598 sequente
3057 2545 3070 2580 :
3095 2528 3300 2583 decima
3326 2530 3548 2597 septima
3573 2546 3680 2583 uno

2086 2620 2171 2675 vel
2201 2619 2441 2689 pluribus
2473 2629 2593 2688 post
2617 2619 2876 2673 decimam
2916 2629 3121 2674 sextam
3154 2619 3340 2676 diebus
3375 2641 3387 2675 :
3415 2621 3676 2676 decimam

2083 2713 2365 2783 septimam
2414 2712 2619 2767 decima
2665 2722 2884 2778 octava,
2917 2713 3058 2767 nulla
3097 2713 3185 2769 die
3223 2715 3555 2783 interposita,
3589 2729 3678 2771 se-

2079 2812 2242 2873 quuta
2293 2813 2407 2868 est;
2455 2803 2662 2857 decima
2704 2818 2844 2858 nona
2883 2819 2950 2857 an
2995 2805 3333 2859 continenter
3383 2804 3559 2860 habita
3612 2806 3681 2860 sit

2082 2894 2390 2964 ignoratur;
2434 2894 2786 2964 similiterque
2825 2895 3115 2965 vigesima,
3163 2911 3320 2964 quam
3358 2895 3547 2951 diebus
3586 2911 3678 2952 se-

2082 2984 2388 3053 quentibus,
2435 2983 2581 3037 nulla
2625 2993 2845 3038 vacante
2886 2984 3012 3050 die,
3054 2995 3382 3054 exceperunt
3425 2987 3677 3056 vigesima

2084 3076 2275 3145 prima,
2304 3075 2556 3145 vigesima
2587 3075 2822 3131 secunda
2847 3117 2862 3141 ,
2899 3075 3153 3145 vigesima
3198 3078 3352 3131 tertia
3373 3119 3386 3142 ,
3421 3079 3674 3148 vigesima

2083 3178 2292 3239 quarta.
2335 3168 2597 3238 Brevique
2627 3169 2944 3238 interposito
2973 3170 3167 3238 spatio,
3197 3170 3465 3224 continuis
3492 3171 3680 3226 diebus

2083 3261 2338 3330 vigesima
2387 3261 2567 3332 quinta
2594 3303 2609 3328 ,
2652 3261 2906 3331 vigesima
2946 3271 3115 3328 sexta,
3147 3262 3398 3331 vigesima
3430 3264 3675 3332 septima,

2084 3353 2337 3424 vigesima
2368 3363 2575 3409 octava.
2623 3353 2888 3425 Vigesima
2929 3369 3066 3408 nona
3110 3369 3177 3408 an
3214 3354 3301 3410 die
3342 3365 3460 3424 post
3485 3357 3677 3426 vigesi-

2083 3460 2226 3499 mam
2254 3455 2492 3499 octavam
2524 3455 2781 3515 sequente
2807 3443 2982 3499 habita
3010 3446 3112 3513 sit,
3163 3446 3454 3515 ignoratur.
3493 3446 3682 3516 Trige~

2087 3537 2220 3589 sima
2265 3550 2385 3590 cum
2430 3551 2676 3606 magnam
2721 3536 3108 3590 hebdomadem
3156 3537 3438 3607 attigisset,
3470 3546 3529 3592 ut
3568 3539 3680 3607 ipse

2087 3626 2502 3698 Chrysostomus
2528 3627 2602 3680 ait
2631 3644 2643 3680 :
2669 3626 2938 3697 trigesima
2983 3627 3151 3695 prima
3195 3636 3250 3682 et
3293 3627 3560 3696 trigesima
3590 3643 3674 3683 se-

2087 3718 2256 3770 cunda
2283 3718 2334 3770 in
2363 3716 2713 3770 hebdomadis
2739 3726 2937 3771 sancta:
2962 3717 3170 3786 diebus,
3194 3720 3282 3788 qtti
3308 3717 3494 3774 feriam
3521 3721 3678 3790 quin-

2087 3815 2191 3860 tam
2225 3807 2275 3860 in
2297 3821 2446 3861 coena
2483 3807 2690 3860 Domini
2724 3807 3049 3876 praecedunt.

2157 3898 2257 3953 llic
2303 3899 2461 3968 longo
2511 3900 2766 3968 temporis
2807 3901 2980 3970 spatio
3025 3900 3282 3956 llomilias
3325 3903 3376 3956 in
3423 3903 3673 3958 Genesim

2085 3990 2496 4061 Chrysostomus
2525 3991 2826 4061 intercepit,
2857 4006 2920 4046 ac
2950 3991 3079 4046 feria
3109 3994 3290 4063 quinta
3322 3995 3374 4048 in
3400 4011 3550 4050 ccena
3583 3997 3676 4050 Do-

2087 4083 2216 4137 mini
2257 4081 2325 4136 de
2367 4082 2501 4137 Juda
2547 4083 2816 4152 proditore
2856 4084 3109 4153 loquutus
3138 4095 3240 4150 est,
3271 4096 3325 4140 et
3356 4086 3483 4141 feria
3525 4099 3674 4143 sexta

2089 4175 2359 4230 homiliam
2397 4175 2464 4230 de
2503 4175 2692 4242 Cruce,
2719 4185 2878 4246 atque
2903 4177 2956 4231 in
2981 4177 3068 4232 die
3091 4187 3275 4232 sancto
3303 4179 3519 4233 Pascha:
3546 4196 3676 4234 con-

2086 4269 2295 4322 cionem
2335 4276 2517 4322 contra
2563 4267 2818 4323 Ebriosos
2859 4275 2914 4322 et
2951 4267 3018 4322 de
3066 4267 3506 4335 Resurrectionc;
3552 4283 3674 4342 post

2085 4361 2290 4415 Pascha
2331 4369 2508 4416 autem
2553 4361 2808 4415 llomilias
2835 4361 2885 4415 in
2911 4361 3236 4432 Principium
3273 4366 3524 4419 Actorum
3556 4384 3568 4418 :
3602 4367 3672 4421 ita

2085 4462 2144 4504 ut
2173 4452 2502 4505 intermissas
2536 4451 2587 4503 in
2615 4451 2863 4506 Genesim
2893 4451 3139 4506 homilias
3167 4463 3286 4523 post
3316 4455 3668 4512 Pentecosten

2086 4552 2285 4597 tantum
2305 4545 2671 4612 resumpserit.
2691 4544 2746 4597 In
2777 4543 3040 4614 principio
3065 4547 3208 4600 enim
3238 4547 3471 4603 ltomilize
3503 4551 3666 4621 trige-

2082 4636 2230 4688 sima:
2256 4633 2425 4690 tertia:
2454 4649 2513 4688 se
2551 4649 2582 4687 a
2615 4634 2782 4689 multo
2821 4633 2932 4704 jam
2977 4645 3219 4707 tempore
3257 4653 3470 4694 cursum
3517 4642 3666 4696 illuni

2084 4728 2433 4784 intermisisse
2461 4728 2608 4784 dicit.
2661 4729 2786 4784 Post
2816 4730 3139 4800 trigesimum
3167 4732 3374 4787 tertiam
3405 4733 3670 4804 trigesima

2084 4830 2269 4892 quarta
2296 4820 2593 4892 insequenti
2619 4819 2707 4877 die
2726 4821 2867 4876 dicta
2893 4820 3006 4888 fuit,
3032 4831 3087 4876 et
3117 4823 3371 4892 postridie
3401 4825 3666 4893 trigesima

2084 4915 2268 4984 quinta
2311 4930 2325 4966 :
2373 4912 2511 4968 hanc
2547 4914 2880 4968 continenter
2920 4912 3243 4981 subsequuta
3282 4924 3364 4969 est
3400 4915 3668 4985 trigesima

2086 5017 2254 5074 sexta,
2279 5022 2435 5076 quam
2455 5005 2661 5076 excepit
2689 5005 2954 5083 trigesima
2982 5007 3227 5075 septima.
3259 5006 3316 5061 In
3345 5009 3517 5064 triduo
3543 5024 3672 5065 con-

2087 5099 2317 5153 tinenter
2339 5097 2430 5163 58,
2458 5097 2544 5160 59,
2571 5106 2623 5151 et
2649 5097 2718 5151 40
2747 5096 2939 5152 habita:
2965 5107 3105 5153 sunt.
3137 5099 3264 5155 Post
3290 5101 3490 5172 aliquot
3510 5102 3672 5158 inter-

2088 5192 2286 5262 positos
2311 5189 2426 5244 dies
2447 5189 2903 5260 quadragesimam
2928 5190 3152 5260 primam
3176 5193 3422 5248 habuisse
3443 5193 3666 5251 videtur.

2089 5283 2254 5338 Biduo
2294 5290 2470 5336 autem
2513 5282 2756 5351 sequenti
2798 5282 3256 5353 quadragesimam
3299 5285 3584 5340 secundam
3616 5294 3668 5339 et

2089 5373 2544 5446 quadragesimam
2589 5373 2818 5428 tertiam.
2871 5373 3060 5430 Postea
3102 5390 3228 5430 vero
3267 5375 3578 5430 concionem
3604 5376 3670 5430 de

2089 5465 2419 5520 Samaritana
2452 5463 2653 5527 habuit,
2684 5477 2747 5518 ac
2778 5463 3005 5520 subinde
3030 5465 3483 5534 quadragesimam
3512 5483 3670 5536 quar-

2084 5567 2195 5632 tam
2236 5558 2287 5612 in
2330 5557 2578 5614 Genesim
2615 5557 2984 5626 pronuntiavit,
3007 5566 3058 5611 et
3080 5555 3239 5626 paulo
3260 5564 3381 5623 post
3399 5560 3674 5613 continen-

2089 5659 2172 5705 ter
2199 5651 2267 5706 45
2291 5694 2306 5718 ,
2337 5650 2438 5716 46,
2481 5651 2548 5706 47
2579 5659 2632 5704 et
2668 5649 2758 5716 48,
2790 5651 3030 5705 similiter
3064 5649 3132 5703 49
3162 5661 3216 5704 ct
3253 5651 3351 5716 50;
3384 5661 3437 5706 ct
3476 5653 3677 5722 aliquot

2091 5754 2272 5812 postea
2329 5744 2515 5798 diebus
2563 5743 3047 5815 quinquagesimam
3095 5743 3359 5812 primam:
3396 5760 3674 5800 numerum

2091 5850 2286 5889 auxere
2314 5835 2474 5889 biduo
2503 5837 2741 5906 sequenti
2772 5835 2840 5890 52
2868 5843 2920 5889 ct
2949 5835 3038 5889 55.

2162 5925 2661 5998 Quinquagesimam
2685 5935 2925 5997 quartam
2948 5927 3126 5982 emisit
3147 5936 3420 5997 postquam
3450 5925 3515 5983 de
3536 5928 3679 5984 Con-

2087 6014 2341 6082 uersione
2386 6021 2552 6078 sancti
2595 6019 2825 6075 Matthazi
2853 6020 3165 6078 concionem
3193 6019 3448 6077 habuerat
3482 6040 3494 6078 :
3523 6037 3680 6091 quam
