4504 6724
836 564 937 623 159

823 685 1138 743 concionem
1177 689 1414 750 scquutm
1454 682 1578 730 sunt
1606 672 1693 735 55.
1731 668 1836 735 56,
1877 668 1945 724 57
1982 678 2035 723 et
2072 666 2159 722 58.
2205 662 2410 717 Seriem

831 776 1115 845 intercepit
1147 771 1333 828 concio
1361 768 1430 822 de
1455 758 1930 821 Oliservationihus
1960 757 2219 827 legalibus
2240 796 2254 819 ,
2295 760 2416 821 post

834 886 992 941 quam
1015 843 1101 922 die
1122 861 1359 932 sequenti
1382 852 1866 929 quinquagesimam
1891 864 2085 902 nonam
2108 846 2257 901 dixit.
2292 843 2417 895 Pau-

831 962 885 1016 lo
903 970 1025 1029 post
1045 965 1220 1010 autem
1243 952 1335 1019 60,
1370 950 1459 1013 6|,
1491 948 1579 1011 62,
1613 941 1968 1013 pronuntiavit
1988 979 2004 1005 ,
2035 952 2190 1009 quam
2216 942 2417 1004 postre-

837 1025 978 1106 mam
1006 1049 1096 1104 die
1132 1046 1375 1117 sequenti
1401 1038 1727 1109 sexagesima
1764 1033 1936 1097 tertia,
1972 1040 2191 1102 sequuta
2218 1025 2335 1090 fuit,
2366 1032 2418 1078 et

835 1139 998 1213 paulo
1010 1132 1477 1209 postseaxgesima
1491 1135 1701 1198 quarta,
1731 1133 1786 1179 et
1812 1121 2066 1193 postridie
2091 1116 2416 1186 sexagesima

838 1231 1044 1302 quinta,
1074 1229 1233 1298 paulo
1258 1235 1381 1296 post
1404 1221 1733 1290 sexagesima
1781 1224 1951 1280 sexta,
1996 1215 2134 1267 inter
2166 1223 2323 1280 quam
2366 1215 2419 1260 et

838 1298 1221 1390 sexagesimam
1276 1313 1557 1385 septimam
1603 1309 1798 1379 aliquid
1849 1307 2005 1376 spatii
2056 1298 2419 1359 intercessisse

837 1412 1065 1466 videtur.
1113 1408 1309 1479 Sicque
1348 1417 1533 1460 omnes
1572 1402 1621 1453 in
1670 1398 1920 1454 Genesim
1963 1394 2246 1450 conciones
2275 1404 2421 1445 com-

836 1502 994 1573 pleta:
1022 1499 1251 1555 fuerunt.

913 1592 1094 1663 Stylus
1116 1583 1481 1658 Chrysostomi
1508 1582 1560 1636 in
1592 1580 1675 1633 his
1702 1577 1935 1632 homiliis
1958 1573 2138 1630 nescio
2168 1570 2293 1642 quid
2320 1585 2421 1625 no-

839 1686 892 1739 vi
924 1698 1033 1753 pra:
1056 1696 1114 1737 se
1141 1680 1261 1734 fert.
1293 1678 1369 1732 De
1400 1677 1482 1730 liis
1508 1672 1739 1729 homiliis
1766 1671 1989 1741 loquens
2014 1666 2235 1722 Photius
2250 1663 2425 1717 aitliic

838 1774 1109 1832 observari
1130 1780 1443 1828 consuetam
1472 1764 1837 1839 Chrysostomi
1873 1762 2187 1820 claritatem.
2221 1756 2424 1828 purita-

839 1878 970 1934 tem,
990 1864 1325 1937 splendorem
1352 1870 1403 1917 et
1429 1861 1633 1929 copiam
1655 1855 1886 1919 dicendi,
1914 1852 2293 1907 sententiarum
2318 1848 2425 1900 fre-

837 1959 1105 2029 quentiam
1121 1964 1174 2009 et
1192 1953 1581 2022 aptissimarum
1595 1945 1996 2000 similitudinum
2022 1938 2419 1999 abundantiam;

842 2027 938 2103 sed
960 2061 1050 2101 eas
1068 2043 1371 2100 remissiore
1384 2048 1438 2093 et
1450 2036 1731 2091 humiliore
1742 2032 1950 2088 dicendi
1966 2044 2160 2101 genere
2173 2027 2275 2082 seri
2283 2036 2419 2095 ptas,

838 2149 1151 2207 tantumque
1175 2133 1419 2190 Ilomiliis
1445 2146 1538 2186 seu
1558 2124 1968 2184 Commentariis
1999 2123 2049 2176 in
2101 2122 2232 2175 Acta
2281 2118 2421 2187 stylo

843 2230 1126 2287 inferiores
1154 2242 1294 2291 csse,
1322 2234 1575 2295 quantum
1625 2221 1711 2274 illa
1762 2219 1813 2272 in
1841 2219 1973 2271 Acta
2028 2211 2421 2269 Commentaria

839 2324 1089 2380 inferiora
1112 2329 1235 2375 sunt
1257 2313 1665 2372 Commentariis
1692 2312 1745 2366 in
1765 2307 2031 2379 Epistolas
2067 2305 2213 2360 Pauli
2264 2311 2318 2358 et
2372 2302 2424 2355 in

837 2414 1179 2472 Psalterium.
1207 2411 1285 2464 Ac
1314 2422 1501 2462 revera
1530 2404 1615 2457 hm
1645 2403 1931 2457 conciones
1949 2439 1965 2466 ,
2014 2398 2139 2452 licet
2182 2409 2425 2463 magnam

838 2508 1137 2563 ubertatem
1159 2512 1321 2571 atque
1344 2499 1556 2554 solitam
1576 2494 1943 2565 Cbrysostomi
1970 2487 2289 2545 inventionis
2310 2484 2428 2540 feli-

840 2598 1060 2652 citatem
1086 2610 1197 2664 pra:
1219 2608 1277 2647 se
1300 2589 1489 2652 ferant,
1523 2603 1626 2641 non
1656 2595 1833 2640 tamen
1866 2583 1977 2652 pari
2003 2582 2179 2636 studio
2205 2580 2283 2632 vel
2333 2592 2426 2630 ac-

840 2688 1119 2744 curatione
1145 2684 1473 2739 concinnata:
1504 2678 1768 2730 videntur.
1800 2673 1896 2727 ilic
1916 2686 2060 2740 smpe
2088 2669 2423 2723 animadver-

840 2792 923 2838 tas
949 2778 1284 2848 longissimas
1312 2771 1420 2827 texi
1445 2769 1710 2840 periodos.
1744 2780 1861 2837 qua:
1908 2762 2256 2833 parentlieses
2294 2759 2426 2811 alias

841 2884 1003 2940 super
1017 2868 1149 2921 alias
1171 2874 1276 2919 tam
1305 2862 1611 2930 frequenter
1632 2856 1939 2916 exhibeant,
1971 2862 2029 2906 ut
2056 2849 2300 2920 principii
2326 2848 2421 2900 ob-

842 2963 967 3017 litus
1017 2964 1217 3019 orator.
1278 2951 1593 3008 sententiam
1643 2944 2003 3014 imperfectam
2045 2941 2326 3010 relinquat,
2378 2945 2433 2991 et

843 3048 1130 3122 aliquando
1178 3045 1397 3101 verbum
1437 3041 1503 3095 ad
1526 3040 1755 3094 ordinem
1797 3032 2160 3091 necessarium
2213 3037 2431 3099 prauor-

843 3145 1039 3199 mittat.
1073 3138 1252 3208 Neque
1282 3132 1478 3190 veroid
1505 3131 1697 3185 mirum
1723 3128 1815 3182 tibi
1844 3124 2105 3189 videatur,
2128 3122 2173 3175 si
2206 3133 2433 3189 perpen-

846 3239 962 3302 das,
985 3231 1234 3304 periodos
1253 3227 1374 3282 illas
1394 3221 1680 3294 aliquando
1726 3221 1797 3273 ita
1844 3216 2081 3281 extendi,
2132 3215 2217 3266 vix
2266 3219 2322 3264 ut
2378 3210 2429 3261 iu

846 3328 1037 3400 pagina
1065 3336 1168 3377 una
1193 3318 1557 3374 absolvantur.
1595 3312 1728 3367 llinc
1779 3308 1977 3364 inferas
2019 3317 2287 3359 oratorem
2330 3316 2427 3353 no-

847 3398 1019 3475 strum
1070 3414 1186 3468 haec
1228 3408 1662 3465 concionantem,
1692 3416 1799 3454 non
1826 3398 1898 3451 ita
1938 3411 2148 3466 semper
2194 3400 2431 3461 paratum

849 3510 1270 3574 meditatumque
1295 3499 1361 3553 ad
1385 3495 1697 3551 concionem
1750 3490 1977 3552 venisse,
2030 3486 2123 3539 sed
2172 3483 2334 3537 multa
2369 3496 2434 3533 ex

851 3615 1090 3671 tempore
1111 3608 1167 3651 ut
1184 3592 1349 3649 menti
1378 3604 1497 3644 sese
1513 3585 1811 3641 offerebant
1825 3582 2044 3635 dixisse.

920 3668 980 3748 Si
1007 3702 1218 3745 causam
1247 3697 1408 3755 porro
1435 3692 1665 3751 quaeras,
1712 3671 2011 3745 perpendas
2055 3669 2214 3723 velim
2263 3668 2435 3737 ipsum

855 3787 911 3840 in
946 3783 1047 3837 hac
1071 3773 1488 3846 Quadragesima
1524 3769 1592 3823 ad
1628 3782 1798 3837 usque
1845 3761 2195 3819 hebdomadis
2239 3768 2437 3813 sancta:

855 3872 1158 3932 dimidium,
1190 3881 1296 3921 non
1312 3862 1473 3918 modo
1492 3861 1605 3914 illas
1636 3858 1849 3926 triginta
1874 3854 2005 3908 duas
2030 3858 2232 3922 priores
2264 3849 2435 3903 homi-

856 3970 957 4023 lias
976 3963 1247 4027 habuisse,
1276 3956 1369 4014 sed
1397 3955 1558 4009 etiam
1593 3951 1726 4005 alias
1751 3947 2037 4003 identidem
2090 3953 2433 4008 memoratas,

859 4072 980 4128 qua:
999 4053 1254 4109 suadente
1272 4048 1520 4119 quapiam
1547 4042 1803 4112 temporis
1852 4038 2136 4093 occasione
2180 4034 2436 4089 liomilia-

860 4127 1054 4207 rumin
1085 4143 1334 4201 Genesim
1360 4152 1574 4195 cursum
1625 4132 2053 4203 interpellabant,
2105 4138 2159 4185 et
2213 4127 2441 4181 fortasse

858 4244 990 4299 alias
1010 4252 1221 4311 quoque
1246 4234 1447 4289 dixisse
1466 4230 1533 4284 ab
1558 4244 1616 4283 se
1637 4244 1745 4282 non
1773 4235 2240 4287 commemoratas,
2275 4221 2344 4274 ita
2386 4228 2442 4273 ut

862 4333 1097 4405 quotidie
1119 4329 1306 4392 ferme,
1329 4334 1384 4380 et
1407 4322 1621 4393 quidem
1652 4318 1958 4388 longissime
1981 4315 2327 4369 concionatus
2353 4312 2438 4365 sit.

865 4426 921 4481 ld
950 4432 1126 4479 autem
1158 4436 1185 4472 a
1213 4418 1326 4472 viro
1344 4414 1639 4486 praesertim
1664 4411 1751 4481 qui
1772 4425 1864 4480 per
1891 4418 2056 4463 totum
2087 4421 2283 4459 annum
2309 4419 2439 4458 cou-

862 4515 1107 4575 eionandi
1136 4512 1368 4568 officium
1397 4504 1805 4576 exsequebatur,
1845 4516 1951 4556 non
1998 4514 2154 4570 posse
2198 4498 2313 4551 sine
2345 4512 2440 4549 cx-

865 4607 1144 4678 tcmporali
1201 4600 1586 4658 declamatione
1636 4594 1921 4650 identidem
1984 4592 2171 4645 saltem
2222 4588 2441 4658 repetita

868 4697 1130 4772 prmstari,
1157 4694 1415 4748 fateamur
1440 4702 1660 4743 necesse
1684 4693 1785 4742 est.
1809 4683 1865 4739 In
1888 4681 2236 4750 extemporali
2266 4687 2443 4733 autetu

866 4789 1277 4851 declamatione,
1313 4782 1398 4837 ubi
1426 4780 1694 4849 ingenium
1717 4784 1860 4830 tanta
1890 4773 2094 4844 pollens
2121 4772 2444 4836 inventione,

873 4896 1006 4936 nova
1029 4892 1242 4948 semper
1263 4875 1460 4929 oratori
1482 4869 1805 4941 suppeditat,
1834 4865 1960 4937 quid
1992 4864 2184 4917 mirum
2214 4863 2258 4916 si
2312 4878 2448 4916 non.

874 4986 1162 5042 numquam
1182 4977 1364 5023 contra
1387 4964 1765 5034 praeceptiones
1782 4960 2155 5031 grammaticas
2178 4964 2448 5027 peccetur,

870 5067 969 5122 etsi
999 5065 1176 5118 minor
1437 5058 1489 5111 in
1512 5058 1717 5127 syntaxi
1738 5062 2000 5108 occurrat.

947 5157 1187 5213 Diximus
1237 5152 1677 5222 Chrysostomum
1728 5145 2075 5200 Homiliarum
2123 5144 2177 5199 in
2200 5142 2450 5199 Genesim

875 5262 1090 5304 cursum
1109 5245 1454 5313 intercepisse
1482 5242 1500 5312 (
1528 5239 1587 5294 .
1607 5239 1661 5293 2.
1693 5256 1741 5291 c.
1776 5237 1873 5294 571
1906 5237 1961 5309 ),
1992 5246 2047 5291 ut
2088 5237 2213 5292 feria
2266 5236 2452 5307 quinta

878 5343 928 5395 iu
947 5339 1109 5395 Cmna
1136 5336 1348 5393 Domini
1369 5334 1437 5388 de
1463 5332 1595 5388 Juda
1636 5330 1908 5402 proditore
1933 5338 2131 5398 ageret.
2167 5327 2451 5383 liomiliam

882 5447 1008 5486 vero
1035 5428 1251 5485 deJnda
1276 5426 1546 5497 proditore
1574 5425 1772 5495 aliquot
1799 5433 1921 5477 ante
1942 5436 2131 5488 annos,
2159 5434 2213 5475 ut
2234 5421 2453 5477 credere

880 5519 1409 5590 est,jamhahuerat,
1456 5516 1548 5572 sed
1580 5516 1721 5569 illam
1773 5513 2099 5578 retractavit,
2141 5513 2454 5584 initiumque

880 5613 1120 5677 mutarit,
1150 5622 1203 5667 et
1234 5612 1476 5683 quaedam
1503 5608 1723 5675 addidit,
1755 5619 1809 5663 ut
1836 5624 1953 5663 eam
1999 5606 2130 5662 feria
2176 5608 2357 5677 quinta
2400 5609 2452 5661 in

878 5708 1041 5762 (Stena
1070 5705 1277 5759 Domini
1299 5706 1523 5769 diceret,
1550 5701 1690 5772 quod
1711 5701 1868 5755 etiam
1892 5703 1942 5755 in
1964 5700 2085 5755 aliis
2114 5700 2345 5757 homiliis
2374 5702 2445 5757 [

879 5802 1015 5855 cisse
1040 5796 1474 5868 deprehenditur.
1502 5793 1800 5848 Occasione
1828 5792 2144 5861 proditionis
2188 5792 2335 5848 Juda:
2367 5793 2452 5847 di-

878 5894 970 5957 cit,
997 5908 1102 5945 nou
1145 5888 1459 5945 necessitate
1507 5886 1775 5941 hominem
1824 5885 1887 5937 ad
1939 5886 2136 5940 bonum
2180 5894 2451 5955 pertrahi,

878 5981 1152 6053 ipsumque
1174 5997 1236 6037 ex
1272 5979 1438 6034 libero
1479 5978 1695 6033 arbitrio
1742 5977 1822 6032 vel
1878 5978 2071 6034 bonum
2132 5980 2207 6033 Vel
2259 5981 2453 6033 malum

1882 555 1939 612 S.
1978 551 2255 611 JOANNIS
2292 544 2767 605 CHRYSOSTOMI
2808 546 2989 615 VITA,

4010 546 4106 603 lii)

2523 657 2758 727 deligere
2788 669 2841 712 et
2865 667 3189 728 perpetrare.

2596 749 2747 816 Quod
2777 749 2826 801 iu
2848 748 3063 801 homilia
3080 749 3146 804 de
3172 748 3306 805 Juda
3325 745 3593 817 proditore
3610 746 4104 820 animadvertimus,

2528 840 2753 911 idipsum
2778 838 3230 907 deprehendimus
3330 838 3587 895 concione
3612 837 3676 891 de
3704 832 3874 891 Cruce
3894 853 3962 893 ac
4003 839 4097 896 La.

2528 943 2844 1002 troue,qu:e
2890 931 2943 984 in
2990 930 3079 985 die
3132 933 3454 988 Paraseeves
3504 929 3681 986 habita
3728 929 3857 994 fuit;
3912 946 4101 1002 nempe

2525 1024 2990 1095 Cluysostomum,
3018 1036 3178 1090 quam
3232 1024 3436 1094 aliquot
3470 1032 3593 1078 ante
3646 1036 3814 1076 annos
3860 1019 4102 1077 habuissc

2524 1118 2756 1182 videtur,
2785 1114 3025 1169 eamdem
3053 1114 3303 1168 secundis
3325 1117 3470 1170 curis
3510 1116 3859 1187 recognitam,
3912 1122 3965 1167 et
3987 1113 4108 1183 qui-

2526 1206 2751 1261 busdam
2781 1207 2833 1259 in
2860 1205 3006 1265 locis,
3038 1204 3089 1256 in
3122 1202 3383 1272 principio
3416 1207 3648 1261 maxime
3690 1214 3965 1269 mutatam,
4016 1218 4110 1257 eo-

2524 1295 2650 1350 dem
2677 1304 2982 1351 recurrente
3012 1292 3099 1348 die
3125 1293 3455 1348 Parasceves
3489 1296 3683 1350 iterum
3713 1296 4108 1367 pronuntiasse.

2525 1389 2642 1444 Non
2672 1392 2843 1445 series
2872 1389 3031 1443 modo
3057 1387 3242 1442 eadem
3269 1394 3373 1453 est,
3404 1386 3497 1440 sed
3514 1390 3675 1441 etiam
3705 1390 3863 1444 verba
3884 1389 4112 1459 plerum-

2527 1499 2668 1550 que;
2707 1493 2867 1552 atque
2892 1482 3182 1553 Scriptura:
3222 1479 3337 1533 loca
3386 1478 3577 1532 eodem
3620 1480 3739 1549 ipso
3785 1483 3837 1536 in
3892 1493 4113 1552 utraque

2529 1572 2717 1627 ordine
2753 1573 3014 1627 locantur.
3042 1572 3171 1640 Qua:
3199 1570 3360 1641 prior,
3391 1584 3509 1638 quae
3538 1571 3802 1637 posterior
3828 1573 3967 1627 dicta
3999 1574 4114 1627 fue

2532 1665 2619 1726 rit,
2647 1679 2752 1718 non
2788 1664 2857 1716 ita
2884 1664 3040 1718 facile
3066 1673 3147 1718 est
3189 1659 3613 1731 deprehendere.
3646 1659 3842 1715 Verum
3895 1679 3959 1716 ex
4008 1665 4071 1717 iis
4097 1705 4113 1727 ,

2532 1772 2649 1824 quae
2669 1770 2816 1807 num.
2840 1755 2874 1809 5
2902 1754 2952 1808 in
2980 1765 3204 1823 utraque
3230 1751 3497 1815 dicuntur,
3527 1748 3724 1819 aliquid
3753 1750 3883 1804 lucis
3904 1752 3967 1804 ad
4000 1768 4115 1807 rem

2530 1845 2900 1899 excutiendam
2923 1844 3143 1899 adertur
3165 1863 3177 1898 :
3198 1858 3321 1897 nam
3340 1844 3390 1896 in
3410 1844 3605 1911 priore,
3623 1842 3771 1910 cujus
3790 1842 3994 1894 initium
4011 1854 4115 1909 est,

2534 1938 2682 1988 hodie
2697 1936 2947 2001 Clu-istas,
2971 1936 3048 1989 sic
3072 1936 3263 2003 legitur
3288 1951 3303 1989 :
3337 1933 3599 1987 Imitemur
3619 1933 3783 2001 itaque
3810 1942 3855 1983 et
3886 1949 3975 1985 nos
4004 1933 4115 1987 Do-

2530 2027 2743 2091 minum,
2769 2036 2814 2078 ct
2832 2043 2924 2093 pro
2951 2026 3169 2077 inimicis
3196 2040 3455 2093 precemur
3475 2039 3493 2075 :
3519 2021 3743 2075 eamdem
3767 2023 3898 2075 enim
3928 2024 4116 2075 collor-

2528 2120 2765 2171 tationem
2791 2133 3013 2170 resumo.
3049 2115 3170 2169 lam
3196 2118 3371 2185 quinto
3396 2116 3477 2168 die
3501 2115 3638 2167 vobis
3662 2115 3724 2167 de
3755 2114 3927 2167 eodem
3956 2131 4114 2184 argu-

2528 2221 2691 2263 mento
2732 2210 2946 2262 dissero.
2988 2207 3119 2275 Quae
3160 2222 3288 2260 vero
3311 2206 3578 2277 posterior
3604 2206 3806 2259 locatur
3826 2205 3901 2258 sic
3924 2204 4115 2258 habet:

2532 2300 2797 2354 Imitemur
2824 2310 2869 2354 et
2894 2316 2983 2353 nos
3011 2298 3308 2363 Dominum,
3358 2308 3404 2350 et
3455 2312 3547 2366 pro
3575 2296 3788 2349 inimicis
3833 2312 4115 2366 precemur.

2537 2393 2663 2459 Qua:
2690 2393 2796 2445 lteri
2827 2391 3021 2453 monui,
3050 2389 3335 2443 earumdem
3353 2398 3395 2441 et
3420 2404 3553 2440 nunc
3573 2388 3985 2456 commonefacio,
4013 2389 4115 2440 sci-

2535 2499 2621 2536 ens
2649 2482 2886 2551 praeclari
2915 2484 3035 2553 facti
3071 2479 3491 2549 magnitudinem.
3519 2478 3645 2532 lmle
3672 2493 3799 2531 vero
3852 2476 4118 2547 liquidum

2534 2590 2654 2627 esse
2676 2573 2908 2639 videtur,
2930 2572 3281 2642 posteriorem
3300 2586 3417 2625 eam
3440 2586 3579 2635 esse,
3621 2587 3740 2640 qucc
3770 2580 3886 2639 post
3938 2570 4122 2624 Homi-

2535 2665 2634 2717 lias
2661 2665 2710 2716 in
2736 2663 2987 2717 Genesim
3011 2663 3062 2715 in
3080 2660 3495 2730 Quadragesima
3525 2661 3732 2714 habitas
3763 2660 3847 2713 die
3870 2660 4121 2715 Parasce-

2536 2769 2627 2808 ves
2646 2754 2788 2808 dicta
2807 2754 2903 2806 fuit
2930 2768 3082 2806 :nam
3104 2754 3153 2806 in
3174 2753 3421 2806 llomiliis
3440 2753 3490 2804 in
3508 2752 3756 2805 Genesim
3780 2751 3869 2816 50,
3905 2752 3993 2817 3!,
4026 2752 4119 2817 32,

2534 2862 2601 2900 ne
2636 2846 2840 2899 minime
2879 2845 3094 2915 quidem
3118 2844 3185 2899 de
3210 2844 3456 2913 precibus
3501 2858 3598 2911 pro
3641 2842 3872 2896 inimicis
3920 2843 4120 2898 dictum

2537 2938 2656 3002 fuit,
2691 2936 2915 3005 ideoque
2943 2936 2993 2990 iu
3029 2946 3294 3005 postrema
3324 2935 3497 2988 locum
3551 2934 3773 2987 mutavit
3797 2931 4118 3003 Chrysosto-

2538 3039 2677 3091 mus,
2700 3034 2755 3080 et
2778 3025 2847 3079 de
2877 3026 3122 3093 precibus
3150 3038 3246 3093 pro
3275 3022 3508 3077 inimicis
3547 3024 3598 3076 in
3649 3022 3867 3076 homilia
3912 3037 4110 3093 pra-cc-

2538 3114 2684 3167 deuti
2713 3114 2780 3168 de
2800 3114 2933 3169 Juda
2955 3114 3227 3183 proditore
3258 3122 3461 3166 tantum
3486 3112 3740 3181 loquitur.
3764 3111 3899 3166 Vide
3930 3113 3980 3165 in
4013 3112 4126 3165 blo-

2539 3208 2652 3260 nito
2676 3207 2742 3260 ad
2774 3206 2911 3260 hanc
2940 3205 3215 3260 homiliam
3244 3204 3306 3259 T.
3335 3204 3391 3269 2,
3417 3220 3463 3258 c.
3491 3202 3613 3258 597.

2609 3297 2665 3350 In
2687 3298 2773 3351 die
2798 3298 3227 3352 Resurrectionis
3250 3295 3465 3351 Domini
3486 3296 3674 3349 eodem
3702 3311 3842 3349 anno
3862 3295 3999 3349 dicta
4029 3297 4128 3350 fuit

2539 3388 2762 3441 Ilomilia
2780 3396 2963 3440 contra
2982 3386 3236 3441 Ebriosos
3252 3396 3304 3440 et
3321 3386 3388 3439 de
3406 3385 3814 3439 Resurrectionc
3867 3384 3953 3455 (.
3982 3384 4038 3437 2.
4074 3404 4119 3441 .

2542 3477 2693 3546 417).
2720 3477 2867 3531 lianc
2901 3492 3029 3531 vero
3063 3476 3376 3531 concionem
3400 3475 3478 3529 sic
3522 3485 3783 3529 memorat
3810 3474 4124 3547 Cbrysosto-

2543 3585 2660 3623 mus
2684 3570 2898 3624 homilia
2932 3570 3103 3639 prima
3145 3568 3201 3641 (6
3259 3568 3522 3639 Januarii)
3559 3567 3611 3621 in
3656 3567 3982 3636 Principium
4031 3569 4128 3621 Ac-

2545 3670 2744 3724 torum,
2774 3675 2893 3729 qute
2914 3659 3101 3714 eodem
3123 3660 3239 3729 ipso
3265 3674 3406 3712 anno
3430 3658 3590 3727 paulo
3617 3668 3737 3728 post
3782 3658 3983 3713 Pascha
4034 3658 4125 3712 ha-

2542 3753 2649 3807 bita
2674 3750 2792 3819 fuit,
2826 3767 2975 3805 num.
3009 3752 3043 3804 2
3074 3770 3086 3806 :
3123 3749 3245 3804 Non
3274 3761 3390 3804 sunt
3419 3751 3573 3820 igitur
3597 3752 3784 3804 malum
3812 3751 4014 3815 divitiis,
4040 3755 4127 3805 sed

2542 3843 2835 3913 illegitimus
2862 3859 3037 3895 eorum
3063 3858 3181 3896 usus
3208 3850 3281 3894 est
3326 3841 3515 3893 malum
3547 3856 3565 3894 :
3597 3850 3640 3893 et
3688 3842 3812 3894 sicut
3854 3858 4012 3911 nuper
4044 3832 4124 3896 ide

2543 3937 2778 3989 ebrietate
2804 3938 2954 3990 verba
2983 3937 3193 4006 faciens,
3217 3950 3317 3987 non
3340 3934 3511 3987 vinum
3557 3934 3891 3996 accusabant;
3944 3937 4128 4003 quippe

2544 4043 2657 4078 cum
2704 4027 2866 4079 omnis
2914 4035 3143 4079 creatura
3187 4025 3283 4080 Dei
3316 4024 3446 4078 bona
3484 4025 3576 4089 sit,
3630 4039 3743 4091 qua:
3788 4041 3899 4076 cum
3938 4028 4123 4096 gratia-

2546 4132 2659 4167 rum
2694 4117 2887 4169 actione
2926 4116 3236 4186 percipitur;
3278 4115 3365 4168 sed
3402 4114 3591 4167 malum
3636 4130 3803 4177 usum,
3847 4123 3949 4167 etc.
3999 4114 4128 4183 Qum

2547 4208 2709 4261 verba
2740 4221 2859 4259 cum
2892 4205 2991 4260 hac
3045 4206 3303 4259 concione
3351 4204 3486 4259 mire
3535 4213 3853 4268 consonant,
3899 4204 4129 4257 maxime

2550 4312 2674 4349 vero
2703 4312 2822 4350 cum
2854 4295 2955 4351 hoc
2991 4296 3228 4363 ejusdem
3274 4296 3390 4350 loco
3442 4314 3455 4350 :
3496 4295 3845 4349 Abstineamas
3884 4294 3945 4346 ab
3973 4295 4126 4348 ebrie-

2549 4398 2648 4442 tate
2676 4405 2693 4443 :
2720 4406 2819 4442 non
2842 4390 2954 4441 dico
2985 4388 3099 4453 hoc,
3119 4388 3457 4441 abstineamus
3483 4404 3513 4439 a
3537 4388 3672 4452 vino,
3697 4387 3785 4440 sed
3811 4386 3872 4439 ab
3897 4384 4133 4439 ebrietate

2548 4482 2903 4534 abstineamus.
2939 4479 3059 4534 Non
3092 4479 3262 4532 uinum
3309 4480 3451 4549 eicit
3503 4480 3824 4542 ebrietatem;
3874 4488 3946 4532 est
3998 4478 4130 4531 enim

2551 4572 2648 4625 Dei
2678 4582 2907 4626 creatura
2932 4588 2949 4625 :
2978 4571 3072 4624 Dei
3096 4586 3244 4637 porro
3274 4581 3503 4624 creatura
3527 4572 3652 4625 nihil
3678 4572 3819 4642 eicit
3855 4571 3977 4624 mali
3998 4587 4015 4635 ;
4043 4570 4132 4623 sed

2552 4665 2787 4717 voluntas
2818 4664 2954 4715 mata
2983 4663 3129 4732 e/cit
3157 4661 3479 4727 ebrietatem,
3503 4671 3605 4717 etc.
3638 4663 3924 4732 Postquam
3953 4671 4132 4717 autem

2554 4759 2619 4812 de
2648 4773 2773 4811 vero
2797 4756 2984 4825 jejunii
3014 4771 3111 4809 usu
3132 4762 3185 4810 et
3204 4763 3391 4810 contra
3415 4754 3721 4809 ebrietatem
3754 4756 4002 4825 loquutus
4028 4763 4128 4826 est,

2557 4850 2687 4904 dicit
2712 4848 2911 4902 nullam
2940 4863 3061 4903 esse
3094 4862 3436 4917 personarum
3482 4845 3875 4901 distinctionem
3919 4848 3970 4899 in
4004 4862 4128 4915 par-

2559 4942 2863 5013 ticipatione
2895 4944 3268 5011 mysteriorum
3293 4959 3305 4994 :
3334 4950 3425 4994 aut
3445 4940 3605 4994 etiam
3626 4954 3683 4992 se
3704 4946 3907 5007 septem
3929 4937 4131 4993 dierum

2557 5038 2728 5107 spatio
2745 5034 2985 5106 quotidie
3001 5036 3438 5090 concionatnrum
3468 5046 3604 5089 esse.
3637 5030 3689 5083 lu
3715 5030 3815 5085 hac
3836 5046 3992 5101 porro
4011 5045 4132 5085 con-

2558 5132 2712 5185 cione
2727 5129 3205 5199 Manuscriptorum
3237 5142 3339 5197 Ope
3358 5128 3559 5181 hiatum
3585 5140 3829 5195 magnum
3858 5123 4135 5178 sarsimus.

2631 5243 2873 5298 Homilies
2896 5244 2949 5297 in
2981 5241 3301 5309 Principiam
3349 5241 3606 5294 Actorum.
3736 5237 3883 5292 llanc
3928 5237 4137 5291 concio-

2562 5352 2680 5390 nem
2706 5346 2945 5407 sequuta:
2970 5343 3096 5390 sunt
3123 5334 3260 5398 aliae,
3286 5348 3510 5403 quarum
3537 5331 3762 5386 fortasse
3789 5328 4031 5399 quaedam
4061 5330 4135 5383 in-

2563 5428 2909 5493 terciderunt,
2954 5428 2998 5482 si
3029 5426 3242 5496 quidem
3291 5426 3514 5496 singulis
3561 5424 3751 5478 diebus
3794 5422 4136 5477 concionatus

2561 5522 2630 5574 sit
2650 5519 2733 5588 (.
2752 5522 2805 5576 5.
2825 5536 2872 5575 c.
2893 5519 3005 5590 65).
3038 5517 3178 5572 Inter
3200 5533 3292 5573 eas
3323 5533 3471 5583 vero,
3490 5528 3622 5584 quas
3636 5512 3791 5581 paulo
3811 5511 4137 5580 postPascha

2563 5613 2714 5679 dixit,
2761 5620 3111 5667 numerantur
3137 5610 3380 5665 Humilia:
3412 5608 3465 5661 in
3496 5602 3821 5671 Principium
3860 5604 4136 5669 Actorum,

2563 5720 2678 5774 qua:
2709 5706 2759 5758 in
2793 5705 2939 5774 prius
2968 5702 3124 5757 editis
3151 5701 3308 5771 longo
3348 5696 3625 5752 intervallo
3667 5705 3922 5766 separatae
3964 5708 4135 5761 erant,

2564 5813 2797 5867 quasque
2838 5812 2955 5861 nos,
2986 5796 3098 5863 ipso
3125 5795 3511 5864 Chrysostomo
3526 5788 3680 5855 duce,
3702 5791 4036 5846 continenter

2565 5888 2789 5953 suimus,
2806 5899 2861 5942 ut
2877 5890 2984 5955 ipsa
3007 5888 3264 5957 temporis
3282 5893 3335 5940 et
3351 5884 3643 5954 argumenti
3667 5885 3800 5939 ratio
3818 5884 4138 5954 pestulaliat;

2570 5983 2636 6036 ita
2657 5993 2712 6037 ut
3096 5987 3342 6051 promptu
3363 5977 3548 6043 fuerit,
3569 5993 3682 6048 quae
3710 5978 3769 6033 sit
3811 5978 3996 6047 prima,
4025 5989 4139 6043 quae
