4504 6718
411 602 497 659 Hi

401 717 655 785 secunda,
671 734 787 791 qua:
802 720 976 785 tertia,
996 728 1099 773 etc.
1126 715 1182 769 ld
1202 729 1326 770 vero
1344 715 1485 770 clare
1504 714 1656 769 docet
1676 716 1787 783 ipse
1808 711 1977 781 Chry-

400 819 667 866 sostomus
699 810 833 866 infra
858 813 910 865 in
932 824 1015 871 ea,
1037 822 1192 875 quam
1220 808 1427 862 tertiam
1473 808 1661 863 ordine
1692 806 1936 875 ponimus
1963 823 1974 857 :

400 902 470 955 ibi
497 904 637 957 enim
671 919 818 958 num.
848 904 869 955 ι
902 900 1132 968 legitur:
1166 899 1240 954 ΙτῙο
1268 902 1324 970 ﬁt
1347 912 1419 963 ut,
1463 914 1581 949 cum
1642 899 1711 949 ad
1746 906 1974 964 quartum

395 996 500 1062 jam
526 996 658 1049 diem
684 993 1045 1064 expositionem
1096 994 1500 1061 produxerimus,
1550 992 1762 1045 necdum
1811 999 1977 1041 tamen

397 1103 547 1139 unam
577 1084 939 1155 expositionem
987 1085 1289 1149 potuerimus
1344 1087 1619 1155 prwterire,
1674 1082 1762 1134 sed
1811 1080 1975 1132 adhuc

396 1178 530 1228 circa
582 1176 726 1227 illam
757 1188 1027 1225 versemur.
1088 1172 1150 1226 Et
1182 1175 1335 1241 paulo
1379 1185 1531 1243 post:
1586 1173 1768 1237 Itaque
1813 1171 1974 1239 primo

398 1269 479 1319 die
516 1283 615 1318 non
646 1279 752 1316 esse
805 1273 985 1316 temere
1030 1267 1398 1333 prastereundas
1442 1265 1792 1333 inscriptiones
1840 1262 1974 1313 dice-

396 1359 529 1419 bam,
562 1371 660 1425 quo
686 1364 908 1422 tempore
933 1353 1130 1407 titulum
1160 1355 1293 1408 vobis
1320 1357 1507 1409 Alteris
1538 1356 1652 1424 legi.
1707 1369 1767 1405 ac
1820 1351 1974 1405 Pauli

394 1447 694 1515 sapientiam
728 1447 1034 1500 ostendi.....
1066 1446 1127 1499 In
1159 1448 1250 1499 hoc
1278 1450 1418 1503 desiit
1451 1448 1607 1517 priori
1638 1447 1718 1497 die
1744 1455 1845 1497 tota
1884 1446 1975 1496 do-

394 1542 555 1591 ctrina
581 1554 598 1591 :
629 1548 741 1608 post
783 1539 927 1592 illam
955 1538 1174 1592 secundo
1198 1539 1296 1603 die,
1328 1542 1411 1608 qui
1451 1539 1567 1592 libri
1621 1538 1758 1590 illius
1798 1546 1973 1587 auctor

393 1638 518 1681 esset
540 1629 857 1698 quwsivimus
876 1669 891 1694 ,
922 1639 968 1682 et
992 1629 1267 1682 invenimus
1303 1629 1394 1683 Dei
1416 1630 1581 1700 gratia
1608 1628 1797 1680 Lucam
1824 1644 1973 1680 evan-

392 1720 622 1789 gelistam
670 1735 689 1772 :
727 1720 994 1787 multisque
1034 1718 1169 1771 vobis
1210 1720 1715 1774 demonstrationibus
1767 1735 1870 1770 rem
1919 1718 1971 1769 in

390 1812 665 1877 qmestione
694 1813 908 1880 positam
939 1811 1272 1880 probavimus.
1317 1814 1536 1868 Demum
1566 1815 1760 1869 clarius
1791 1813 1971 1880 paucis

393 1902 722 1970 interpositis
746 1919 759 1953 :
784 1901 963 1955 Prima
992 1903 1143 1972 igitur
1172 1906 1252 1959 die
1276 1907 1338 1959 de
1365 1906 1727 1977 inscriptione;
1752 1906 1972 1958 secunda

392 2007 506 2044 vero
545 1994 607 2044 de
631 2009 687 2044 eo
718 1993 801 2061 qui
832 1994 1012 2045 librum
1060 1997 1290 2062 scripsit;
1337 2000 1482 2050 tertia
1525 1998 1607 2050 die
1648 1997 1971 2050 disseruimus

389 2084 529 2151 apud
546 2101 653 2150 eos,
677 2086 762 2153 qui
790 2086 1056 2139 advenerat
1078 2096 1115 2150 t,
1139 2089 1200 2141 de
1224 2090 1364 2143 initio
1387 2090 1667 2161 Scriptura:
1691 2107 1710 2143 .'
1736 2099 1782 2142 et
1806 2100 1972 2143 osten-

388 2178 553 2229 dimus
595 2179 717 2247 quid
758 2178 823 2231 sit
863 2188 1029 2231 actum
1053 2220 1066 2242 ,
1098 2180 1220 2248 quid
1244 2182 1308 2233 sit
1335 2184 1652 2247 miraculum,
1686 2192 1731 2236 et
1756 2184 1878 2254 quid
1904 2183 1969 2236 sit

388 2271 715 2331 conversatio,
747 2270 869 2338 quid
891 2271 1091 2339 signant
1120 2281 1170 2325 et
1201 2273 1484 2341 prodigium
1513 2290 1572 2325 ac
1601 2276 1822 2328 virtus...
1858 2273 1971 2326 Ilo-

389 2359 470 2410 die
498 2360 742 2428 reliquum
764 2361 1104 2427 inscriptionis
1129 2379 1298 2433 operte
1319 2364 1532 2432 pretium
1552 2376 1623 2418 est
1651 2367 1894 2431 dicamus,
1920 2376 1967 2420 et

389 2449 510 2516 quid
533 2450 779 2519 significet
804 2455 1019 2520 apostoli
1044 2472 1223 2509 nomen
1254 2457 1594 2511 ostendamus.

465 2538 519 2589 In
551 2539 717 2606 prima
754 2541 909 2607 igitur
935 2546 1189 2598 concione
1218 2558 1499 2616 postquam
1532 2562 1626 2603 eos
1656 2559 1925 2616 carpserat
1946 2592 1960 2616 ,

390 2628 476 2696 qui
495 2640 812 2683 conventum
830 2634 1064 2688 ecclesia:
1081 2637 1441 2704 deseruerant,
1472 2656 1577 2694 non
1607 2648 1806 2695 temere
1828 2655 1965 2709 pra:-

390 2720 676 2775 tereundas
704 2735 823 2775 esse
861 2737 1125 2779 sacrorum
1167 2728 1423 2783 librorum
1464 2730 1840 2801 inscriptiones
1873 2730 1968 2785 do-

388 2821 494 2875 cet,
525 2821 579 2865 et
608 2812 674 2867 de
702 2814 1048 2884 inscriptione
1077 2821 1268 2874 Altaris
1287 2864 1301 2887 ,
1332 2824 1580 2877 nimirum
1606 2824 1791 2895 Ignoto
1819 2823 1928 2879 Deo
1947 2866 1961 2891 ,

386 2901 514 2969 agit,
543 2902 865 2972 domumque
892 2922 1079 2962 recens
1110 2910 1425 2969 illuminatos
1450 2916 1757 2987 alloquitur.

456 2992 752 3050 Secundam
776 3039 791 3063 ,
823 2999 910 3053 ubi
937 3000 1003 3054 de
1025 3012 1241 3060 auctore
1267 3008 1382 3062 libri
1414 3012 1667 3067 Actorum
1694 3013 1962 3071 edissere-

385 3082 495 3148 bat,
514 3093 567 3138 et
588 3084 782 3141 Lucam
809 3104 928 3144 esse
958 3091 1374 3161 demonstrabat,
1410 3103 1701 3169 reperimus
1723 3107 1959 3174 quidem;

385 3173 500 3239 sed,
531 3174 653 3239 heu,
683 3178 877 3233 misere
904 3180 1252 3239 deformatam
1271 3230 1285 3252 ,
1324 3198 1377 3243 et
1412 3206 1530 3245 cum
1573 3197 1763 3262 spuriis
1790 3198 1957 3252 inter-

385 3264 623 3319 mixtam.
654 3267 746 3356 Est
773 3286 962 3341 nempe
993 3274 1209 3331 humilia
1234 3279 1482 3351 inscripta
1507 3284 1663 3356 (Vide
1687 3288 1955 3356 Mannum,

384 3361 422 3406 t.
457 3356 509 3409 3.
548 3372 595 3409 c.
634 3354 740 3420 63)
770 3363 831 3414 de
854 3362 1232 3437 Assumptione,
1270 3388 1363 3427 seu
1399 3354 1725 3435 Ascensione
1754 3354 1955 3437 Domini

458 3443 837 3517 Chrysostomo
876 3455 1180 3527 adscripta;
1217 3464 1302 3517 ubi
1346 3480 1465 3535 qua:
1498 3469 1663 3536 prima
1695 3472 1953 3538 feruntur,

383 3534 765 3607 Chrysostomo
796 3555 976 3599 nostro
1021 3549 1232 3620 indigna
1258 3557 1502 3612 videntur
1536 3577 1671 3616 esse.
1702 3565 1810 3618 Sub
1843 3566 1957 3621 ha'c

383 3624 704 3692 adjiciuntur
739 3633 836 3686 alia
860 3676 873 3694 .
905 3653 1020 3703 qun
1061 3655 1181 3694 cmn
1232 3646 1499 3712 prioribus
1539 3669 1640 3705 non
1685 3655 1955 3712 cohmrere

382 3725 666 3781 putantur;
695 3731 747 3773 et
779 3723 897 3777 licet
924 3727 1158 3782 melioris
1188 3744 1327 3787 notae
1351 3738 1474 3798 sint.
1509 3751 1683 3796 utrum
1725 3746 1956 3816 Chryso-

380 3812 557 3859 stomo
586 3811 690 3863 sint
716 3812 1081 3883 adscribenda,
1112 3836 1301 3889 necne,
1330 3843 1434 3880 non
1462 3833 1633 3886 ausim
1664 3811 1950 3893 afﬁrmare.

379 3894 633 3995 sequitur
658 3913 837 3995 postea
871 3922 988 3975 pars
1026 3911 1109 3965 illa
1135 3954 1147 3973 ,
1179 3914 1263 3967 ubi
1304 3919 1619 3986 quibusdam
1665 3930 1954 3995 praemissis

379 3989 519 4085 circa
550 3989 951 4060 inscriptionem
985 4000 1099 4054 libri
1130 4006 1378 4059 Actorum
1408 4050 1422 4072 ,
1456 4026 1573 4079 qua:
1605 3989 1682 4068 ad
1719 4035 1954 4085 priesens

380 4084 675 4175 institutum
707 4085 947 4149 apprime
976 4090 1256 4159 quadrant,
1288 4095 1353 4149 de
1381 4096 1536 4167 hujus
1565 4114 1786 4161 auctore
1808 4125 1955 4175 egre-

376 4165 460 4232 gie
501 4165 797 4237 disseritur,
846 4186 899 4230 ct
948 4178 1144 4236 Lucam
1171 4174 1304 4239 esse
1358 4165 1627 4255 pro—batur.
1681 4196 1776 4251 llic
1820 4165 1951 4256 vero

377 4257 813 4361 (Ehrysostomum
845 4285 1109 4339 agnosco;
1142 4292 1239 4332 nec
1268 4279 1451 4335 dubito
1478 4286 1714 4353 quintam
1739 4305 1801 4345 ea
1829 4309 1949 4361 qua:

376 4346 442 4401 de
463 4350 806 4449 inscriptione
835 4360 1113 4433 Actorum,
1136 4384 1289 4437 quam
1318 4386 1380 4426 ea
1406 4346 1523 4443 qua:
1542 4377 1607 4431 de
1639 4377 1797 4449 hujus
1826 4346 1944 4439 libri

374 4446 591 4493 auctore
620 4440 876 4508 feruntur.
901 4453 967 4506 ad
991 4471 1107 4509 eam
1139 4458 1406 4516 humilium
1434 4440 1751 4537 pertineani,
1784 4488 1941 4540 quam

446 4532 730 4633 secundam
753 4538 821 4592 ab
839 4556 898 4595 se
919 4544 1113 4604 dictam
1133 4551 1218 4607 hic
1236 4532 1493 4613 memorat
1514 4532 1937 4633 Chrysostoinus.

378 4619 508 4674 llinc
554 4626 809 4691 quaaritur
852 4630 903 4685 in
954 4634 1039 4689 illa
1065 4680 1080 4704 ,
1129 4649 1339 4712 quoties
1379 4665 1407 4701 a
1454 4657 1843 4712 resurrectione
1877 4661 1943 4713 ad

376 4714 751 4771 Ascensionem
801 4737 965 4790 usque
1019 4730 1274 4791 Dominus
1324 4741 1567 4799 Christus
1618 4756 1940 4819 apparuerit.

376 4806 520 4914 lianc
542 4823 748 4908 quoque
772 4824 972 4879 partem
1002 4818 1367 4891 Chrysostumi
1399 4849 1517 4891 esse
1549 4806 1715 4908 puto':
1742 4806 1941 4914 reliqua

374 4897 487 4950 fere
511 4898 681 4951 omnia
709 4915 826 4968 qua:
854 4904 905 4957 in
939 4908 1035 4961 hac
1061 4909 1368 4980 longissima
1403 4897 1621 4983 humilia
1652 4897 1933 5001 habentur,

372 5000 463 5043 aut
482 4992 676 5060 inepta,
704 5000 797 5046 aut
822 4993 1206 5068 Chrysostomo
1232 5008 1445 5080 indigna
1476 5031 1619 5074 sunt.

441 5104 615 5160 Tertia
661 5106 871 5162 humilia
893 5152 907 5175 ,
934 5128 1089 5182 quam
1113 5160 1128 5187 ,
1172 5121 1335 5178 altera
1375 5127 1440 5180 ad
1480 5133 1680 5190 ealcem
1709 5141 1936 5210 rejecta,

369 5200 655 5255 secundam
690 5201 1051 5271 inscribimus,
1096 5215 1147 5265 in
1178 5213 1348 5272 Palma
1381 5235 1473 5275 seu
1516 5232 1681 5282 veteri
1711 5200 1935 5293 ecclesia

366 5289 695 5349 Antiochena
729 5295 824 5349 fuit
843 5338 857 5359 ,
883 5313 943 5352 ea
971 5312 1052 5355 est
1082 5304 1132 5359 in
1159 5323 1261 5376 qua
1289 5312 1355 5367 de
1390 5315 1734 5389 inscriptione

364 5392 480 5433 rum
507 5388 699 5455 agitur,
732 5405 932 5446 necnon
955 5392 1020 5447 de
1048 5395 1343 5460 dill'erentia
1376 5406 1517 5465 inter
1546 5388 1852 5472 miraculum
1881 5432 1934 5475 et

360 5479 538 5527 sctum
561 5518 574 5539 ,
601 5481 911 5553 additurque
936 5486 1092 5542 vitam
1134 5505 1252 5547 cum
1286 5499 1477 5558 virtute
1510 5515 1713 5575 actam,
1752 5510 1931 5567 utilio-

360 5573 471 5609 rem
504 5580 623 5622 esse
650 5574 813 5642 signis
840 5588 892 5632 et
914 5580 1201 5638 miraculis.
1556 5578 1559 5583 ν

359 5746 369 5756 ⁸
429 5652 661 5756 ριξῆιςιθ,
705 5683 863 5737 quam
903 5689 1063 5747 supra
1091 5693 1375 5738 memorata
1417 5688 1483 5743 de
1524 5706 1683 5751 causa
1728 5701 1932 5756 tertiam

357 5749 727 5865 lliscf‘l'ltinm'tls‘.
765 5764 833 5819 de
860 5771 1079 5827 utilitate
1105 5773 1339 5831 lectionis
1364 5777 1755 5854 Scripturarum
1796 5796 1930 5865 agit,

356 5842 653 5942 callium“
681 5846 896 5942 Actuum
920 5862 1272 5932 Apostolorum
1290 5842 1606 5939 postremam
1629 5842 1930 5942 vocem

354 5930 532 6001 plicet,
560 5940 817 6005 perquirit
841 5930 974 6016 quid
993 5958 1250 6029 signiticet
1278 5930 1500 6035 apostoli
1526 5983 1739 6043 nomen,
1769 5930 1928 6038 diei:-

1574 593 1753 650 NUNC
1795 593 2052 651 PRIMUM
2093 588 2486 647 ADORNATA.

3569 585 3673 641 Ni

2086 724 2190 779 que
2238 708 2594 778 apostolorum
2641 704 2947 774 dignitatem
3000 700 3168 757 multo
3215 700 3465 771 majorem
3512 715 3669 764 esse,

2085 814 2239 868 quam
2287 799 2719 866 magistratuum,
2768 794 2872 847 imo
2909 794 3067 848 etiam
3115 808 3297 864 regum
3343 802 3396 846 et
3437 792 3667 860 impera-

2084 897 2275 941 turum.

2151 981 2397 1045 Quintam
2428 978 2791 1048 subjungimus
2817 992 2931 1030 eam
2959 990 3079 1045 qua:
3108 983 3292 1043 quarta
3322 972 3665 1033 inscribitur;

2080 1070 2130 1124 in
2159 1086 2261 1140 qua
2291 1071 2481 1137 quierit
2517 1069 2924 1140 CIn-ysostomus
2963 1083 3057 1120 cur
3095 1066 3226 1119 Acta
3270 1066 3319 1117 in
3349 1064 3666 1118 Pentecoste

2080 1162 2322 1232 legantur
2347 1180 2359 1214 :
2389 1178 2451 1215 ex
2494 1162 2606 1229 ejus
2647 1176 2773 1216 vero
2812 1159 2964 1213 dictis
2994 1158 3248 1228 arguitur,
3291 1165 3517 1225 quatuor
3546 1156 3664 1208 aliis

2077 1267 2197 1306 esse
2220 1252 2653 1307 subuectendam.

2149 1343 2391 1396 Humilia:
2434 1346 2496 1396 de
2544 1344 2823 1397 .llutatione
2863 1341 3143 1395 nominum.
3179 1370 3250 1381 —
3275 1340 3402 1393 Post
3426 1338 3662 1409 quinque

2077 1435 2194 1489 illas
2226 1437 2276 1489 in
2310 1436 2655 1504 lnscriptione
2682 1437 2935 1490 Aetorum
2966 1433 3212 1489 humilius
3247 1432 3659 1502 Chrysostomus

2074 1527 2360 1581 conciones
2397 1530 2464 1582 de
2506 1527 2794 1581 Mutatione
2838 1528 3111 1581 nominum
3143 1526 3306 1579 variis
3348 1524 3450 1578 sub
3494 1522 3659 1577 titulis

2076 1615 2275 1671 habuit.
2319 1618 2372 1671 ld
2403 1633 2533 1673 vero
2570 1617 2771 1672 diserte
2810 1626 2986 1669 narrat
3016 1616 3069 1669 in
3107 1616 3275 1684 prima
3317 1613 3474 1682 hujus
3495 1624 3658 1682 argu-

2079 1708 2273 1771 menti,
2305 1708 2452 1776 cujus
2478 1709 2753 1777 inscriptio
2789 1707 2867 1762 sic
2904 1706 3098 1760 habet:
3132 1704 3325 1759 Saulus
3356 1704 3523 1756 adhuc
3548 1704 3659 1774 spi-

2076 1814 2197 1851 rans
2228 1799 2499 1863 minarum,
2526 1810 2629 1853 etc.
2657 1818 2670 1852 :
2713 1800 2798 1853 ubi
2823 1799 2901 1853 sic
2927 1800 2999 1851 ait
3027 1812 3175 1851 num.
3199 1798 3233 1851 5
3257 1812 3269 1848 :
3302 1793 3485 1849 Totum
3508 1795 3662 1864 igitur

2076 1888 2295 1943 debitum
2336 1889 2674 1957 inscriptionis
2716 1890 2850 1943 vobis
2893 1888 3251 1957 persolvimus,
3282 1886 3655 1955 inscriptionis,

2073 1980 2311 2050 inquam,
2339 1980 2559 2033 Actuum
2594 1980 3015 2047 Apostolicorum.
3057 1978 3125 2032 Ut
3165 1994 3283 2047 ergo
3321 1977 3521 2029 initium
3544 1975 3659 2029 libri

2074 2071 2426 2141 attingeremus
2459 2070 2583 2123 ordo
2607 2071 2866 2141 exigebat,
2909 2085 2969 2121 ac
2994 2069 3277 2121 duceremus
3299 2067 3422 2137 quid
3451 2067 3545 2119 hoc
3566 2066 3660 2120 sibi

2075 2162 2186 2214 velit
2210 2178 2226 2215 :
2254 2163 2487 2216 Primum
2509 2162 2722 2232 quidem
2743 2174 3044 2215 sermonem
3068 2158 3283 2213 fecimus
3303 2158 3370 2212 de
3389 2157 3656 2221 omnibus,

2074 2267 2108 2304 ο
2135 2252 2453 2323 'l'heophile,
2486 2269 2603 2322 qua:
2633 2254 2793 2319 coepit
2822 2252 2977 2305 .Iesus
3013 2250 3185 2305 facere
3218 2265 3282 2304 ac
3309 2249 3523 2303 docere.
3564 2246 3659 2300 Ve-

2072 2354 2349 2399 rumtamen
2379 2363 2477 2399 non
2515 2346 2635 2398 sinit
2668 2343 2867 2397 Paulus
2900 2352 2955 2395 ut
2989 2342 3118 2395 hanc
3146 2342 3325 2395 seriem
3352 2340 3545 2394 ordinis
3576 2356 3659 2393 se-

2072 2451 2218 2503 quar,
2234 2435 2321 2489 sed
2337 2437 2402 2488 ad
2413 2452 2463 2489 se
2478 2452 2665 2504 suaque
2678 2444 2812 2488 recte
2831 2437 2967 2504 facta
2982 2432 3207 2503 linguam
3224 2440 3446 2485 nostram
3458 2430 3652 2483 invitat.

2072 2524 2234 2596 Cupio
2279 2540 2493 2595 namque
2536 2525 2703 2578 videre
2740 2525 2887 2577 illum
2932 2523 3272 2576 introductum
3316 2519 3655 2582 Damascum,

2072 2633 2171 2671 non
2197 2616 2361 2685 ferrea
2380 2624 2573 2677 catena,
2596 2615 2683 2668 sed
2706 2613 2971 2669 Dominica
2990 2628 3107 2667 voce
3126 2612 3365 2666 vinctum.
3392 2611 3488 2665 llic
3508 2610 3658 2665 vides

2071 2715 2193 2775 pust
2220 2706 2473 2761 Homilies
2503 2706 2554 2760 in
2582 2706 2905 2776 Principium
2933 2708 3184 2759 Actorum
3212 2704 3503 2757 institutam
3530 2717 3661 2755 con.

2070 2798 2274 2852 cionem
2302 2815 2316 2850 :
2348 2796 2497 2851 vides
2538 2797 2664 2851 item
2693 2796 2807 2865 ejus
2835 2802 3223 2865 argumentum.
3260 2791 3501 2846 Habitam
3530 2792 3655 2847 italu

2074 2889 2227 2953 hanc,
2250 2887 2315 2944 de
2336 2904 2437 2958 qua
2458 2903 2599 2943 nunc
2619 2890 2843 2958 agimus,
2866 2895 3147 2955 antequam
3170 2893 3378 2953 tempus
3400 2881 3655 2937 Paschale

2071 2980 2413 3046 dilaberetur,
2440 2991 2622 3052 aperte
2667 2989 2847 3035 narrat
2876 2992 3022 3033 num.
3049 2977 3122 3031 ις
3155 2974 3296 3029 Nam
3321 2977 3397 3041 si,
3427 2974 3548 3028 dum
3572 2988 3655 3027 so—

2069 3076 2172 3128 lam
2201 3076 2356 3142 vobis,
2384 3077 2473 3140 ait,
2504 3074 2883 3145 inscriptionem
2909 3072 3118 3142 legimus
3143 3077 3192 3124 et
3217 3082 3510 3123 enarramus
3528 3106 3542 3130 ,
3573 3066 3654 3118 di-

2067 3165 2281 3218 midium
2308 3166 2637 3220 solemnitatis
2662 3164 3102 3235 consumpsimus;
3128 3161 3173 3216 si
3191 3160 3252 3214 ab
3272 3157 3477 3213 exordio
3507 3156 3651 3210 initio

2065 3258 2256 3325 factum
2283 3257 2447 3325 ipsum
2475 3257 2589 3311 libri
2629 3258 2838 3327 pelagus
2863 3257 3137 3309 orationem
3173 3253 3441 3306 immittere
3473 3251 3657 3322 carpis-

2064 3360 2247 3409 semus,
2277 3357 2539 3415 quantum,
2572 3363 2757 3418 quaeso,
2789 3347 3023 3415 temporis
3049 3346 3484 3416 impendissemus,
3508 3355 3565 3398 ut
3583 3345 3653 3399 ad

2063 3435 2179 3488 illas
2235 3437 2297 3488 de
2345 3435 2513 3491 Paulo
2560 3438 2874 3491 narrationes
2912 3438 3315 3507 perveniremus!
3356 3438 3423 3493 Et
3466 3447 3650 3509 postea

2064 3541 2211 3579 num.
2238 3527 2270 3581 5
2306 3542 2408 3580 non
2449 3529 2675 3583 obscure
2710 3530 2971 3598 signiﬁcat
2999 3530 3141 3583 illam
3181 3528 3488 3595 homiliam,
3528 3548 3649 3600 qua:

2063 3616 2209 3670 nulla
2236 3618 2548 3673 intermedia
2573 3627 2942 3689 prtecesserat,
2966 3634 3088 3674 esse
3110 3620 3347 3689 quintam
3371 3621 3422 3673 in
3445 3619 3650 3675 Princi~

2062 3709 2205 3776 pium
2234 3710 2517 3774 Actorum,
2562 3711 2613 3764 in
2644 3726 2743 3780 qua
2787 3710 3041 3781 quaeritur
3064 3725 3160 3764 cur
3197 3711 3328 3765 Acta
3362 3711 3648 3780 Apostolu-

2058 3814 2175 3853 rum
2225 3801 2275 3854 in
2332 3801 2645 3855 Pentecoste
2686 3801 2948 3870 legantur.
3001 3802 3098 3856 llic
3150 3817 3381 3871 namque
3426 3814 3643 3859 sanctus

2058 3888 2243 3943 doctor
2270 3890 2391 3943 talia
2421 3890 2596 3944 fatur:
2632 3890 2819 3944 Nonne
2841 3892 2893 3944 in
2920 3892 3088 3961 priore
3106 3891 3243 3945 vobis
3267 3893 3476 3947 collecta
3501 3894 3641 3948 dice-

2059 3976 2173 4031 bam
2192 3995 2251 4033 ea
2274 3980 2538 4043 miracula,
2566 3996 2677 4050 quae
2705 3997 2904 4035 crucem
2932 3994 3141 4048 sequuta
3160 3992 3308 4046 sunt,
3330 3984 3394 4038 iis
3418 3985 3642 4057 majora,

2057 4084 2170 4138 qua:
2186 4070 2345 4139 ipsam
2369 4083 2721 4139 prmcesserant
2747 4073 3034 4127 exstitisse?
3064 4090 3230 4129 nonne
3252 4074 3306 4127 id
3332 4077 3522 4129 ostcmli
3550 4093 3642 4130 vo-

2058 4162 2133 4216 bis
2156 4172 2202 4216 et
2227 4178 2289 4216 ea:
2321 4163 2577 4217 miraculis
2609 4174 2656 4217 et
2685 4181 2747 4218 ea:
2785 4165 3147 4235 discipulorum
3187 4167 3555 4233 benevolentia;
3588 4179 3638 4223 et

2055 4268 2153 4321 quo
2173 4263 2319 4322 pacto
2336 4263 2482 4306 antea
2501 4255 2699 4323 quidem
2721 4254 2949 4310 Christus
2968 4258 3219 4325 imperans
3234 4268 3456 4312 mortuos
3474 4261 3637 4313 susci-

2054 4340 2210 4407 tabat,
2241 4352 2412 4408 postea
2435 4358 2549 4398 vero
2574 4361 2828 4398 servorum
2853 4347 2964 4416 ejus
2984 4345 3160 4400 umbra
3179 4347 3401 4414 idipsum
3425 4360 3634 4417 prasta-

2051 4431 2173 4483 ὀαιῖ
2207 4443 2313 4486 etc.
2344 4435 2474 4499 Qua:
2512 4436 2689 4488 omnia
2730 4435 2928 4489 diserte
2954 4445 3233 4491 narrantur
3258 4439 3311 4491 in
3338 4439 3422 4492 illa
3447 4443 3633 4509 quinta

2049 4522 2264 4575 humilia
2306 4525 2355 4576 in
2404 4524 2728 4594 Principium
2770 4528 3023 4579 Actorum
3069 4543 3214 4581 num.
3261 4530 3310 4581 7.
3362 4532 3459 4595 Qui
3502 4548 3633 4587 vero

2049 4612 2241 4667 fuerint
2285 4613 2356 4666 illi
2426 4614 2712 4683 praesides,
2770 4613 2861 4683 qui
2913 4623 3020 4668 tum
3076 4615 3128 4669 in
3169 4618 3356 4685 hujus,
3409 4632 3518 4674 tum
3571 4623 3627 4676 in

2048 4704 2315 4773 sequentis
2341 4703 2571 4758 humilia:
2606 4704 2711 4759 line
2752 4714 3146 4771 memorantur,
3193 4707 3278 4761 hic
3326 4708 3627 4779 disquiren-

2047 4792 2193 4847 dum.
2233 4792 2494 4847 Prmsules
2538 4794 2723 4864 utique
2764 4794 2914 4861 illos,
2962 4796 3050 4865 qui
3093 4794 3239 4852 hisce
3283 4800 3629 4856 coneionihus

2046 4884 2290 4950 aderant,
2314 4900 2417 4940 non
2448 4886 2579 4939 alios
2601 4885 2761 4940 fuisse
2777 4896 2923 4956 puto,
2946 4902 3102 4954 quam
3123 4888 3402 4957 episcopos
3418 4891 3619 4945 vicinos

2046 4975 2213 5045 Syriae
2244 4976 2323 5028 vel
2356 4976 2666 5036 thnicim,
2709 4976 2796 5044 qui
2839 4976 2962 5029 alibi
3004 4990 3213 5046 quoque
3253 4976 3621 5050 Chrysostomi

2043 5071 2278 5123 concioni
2310 5069 2610 5125 interfuisse
2640 5082 3025 5138 memorantur,
3057 5084 3113 5129 ut
3138 5075 3451 5133 videbimus.
3482 5078 3617 5135 Cum

2040 5161 2181 5217 enim
2219 5161 2495 5217 Antiochia
2541 5164 2850 5233 metropolis
2891 5176 3068 5233 esset,
3118 5168 3249 5224 nihil
3290 5170 3505 5225 dubiant
3534 5182 3619 5227 est

2040 5255 2164 5324 quin
2194 5253 2559 5323 episcoporum
2601 5255 2750 5309 multi
2789 5257 2981 5312 vicina:
3007 5259 3270 5329 regionis,
3313 5262 3423 5316 sive
3450 5277 3613 5332 nego-

2044 5347 2232 5401 tiorum
2264 5360 2417 5401 causa
2439 5386 2454 5411 ,
2497 5346 2608 5400 sive
2646 5346 2913 5403 desiderio
2939 5349 3186 5405 audiendi
3213 5351 3571 5423 Chrysostumi
3596 5396 3610 5418 ,

2039 5440 2191 5507 cujus
2217 5439 2527 5508 eloquentiae
2562 5440 2697 5495 fama
2729 5442 2970 5507 volabat,
3014 5444 3064 5498 in
3107 5446 3433 5513 metrOpolim
3461 5460 3616 5505 suam

2037 5544 2097 5583 se
2125 5531 2446 5587 conferrent.

2111 5622 2203 5677 Die
2231 5624 2539 5694 insequente
2565 5636 2681 5694 p05t
2714 5626 2944 5681 habitam
2989 5629 3297 5684 concionem
3345 5632 3397 5686 in
3443 5632 3566 5686 illud
3593 5673 3609 5695 .

2038 5711 2235 5768 Paulus
2254 5726 2417 5770 autem
2445 5718 2609 5771 adhuc
2636 5720 2833 5790 spirans
2855 5720 3136 5788 minarum,
3157 5730 3287 5787 etc.,
3313 5723 3451 5777 illam
3481 5739 3609 5778 con-

2035 5802 2243 5857 cionem
2283 5804 2497 5868 habuit,
2524 5824 2644 5878 qua:
2686 5809 3003 5871 inseribitur.
3034 5811 3096 5864 de
3124 5810 3399 5865 Nominum
3442 5824 3608 5866 muta-

2037 5898 2185 5952 tione.
2212 5897 2361 5965 Quod
2399 5910 2763 5969 argumentum
2795 5902 2882 5956 ille
2912 5903 2963 5957 in
3005 5903 3112 5960 line
3142 5906 3484 5974 pratcedcntis
3516 5910 3614 5962 lio-

2037 5990 2195 6045 milia:
2216 6000 2447 6060 coeperat
2468 6030 2481 6055 ,
2519 5990 2615 6046 hac
2643 5996 2911 6063 proposita
2945 5998 3253 6069 quwstione,
3280 6012 3376 6053 cur
3405 5998 3607 6069 Paulo,
