4504 6708
801 579 897 633 ηις

802 706 886 746 :ur
902 690 1081 755 Petro,
1100 702 1194 744 cur
1210 687 1330 744 aliis
1354 686 1404 739 in
1429 684 1964 741 \‘eteri'l‘cstamento
1991 693 2249 738 mutatum
2283 695 2383 733 no-

800 797 919 837 men
943 780 1119 837 fuerit.
1137 781 1191 835 id
1218 779 1358 834 enim
1391 779 1506 848 ipse
1536 787 1719 832 narrat
1742 791 1891 830 num.
1921 776 1959 829 2
1984 796 1998 831 :
2029 774 2203 845 Neque
2232 774 2381 835 enim,

800 874 887 935 sit,
921 873 986 927 de
1008 871 1152 925 rebus
1181 868 1460 924 tririulibus
1482 868 1803 936 qua’slioncm
1826 866 2066 921 habemus
2092 865 2238 919 hodie
2258 904 2272 927 ,
2300 864 2389 916 sed

801 967 860 1016 de
883 980 939 1016 re
960 976 1071 1031 qua:
1096 961 1246 1031 ctepit
1270 960 1472 1030 quidem
1499 962 1730 1013 hesterno
1751 957 1833 1011 die
1853 959 2090 1028 proponi,
2112 973 2210 1010 non
2228 955 2388 1025 potuit

800 1064 963 1105 autent
989 1052 1173 1106 solutio
1207 1051 1494 1122 qua'stt'ont's
1535 1047 1713 1116 afferri
1734 1088 1750 1114 ,
1782 1058 1989 1117 propter
2016 1064 2187 1103 eorum
2213 1046 2387 1100 multi-

798 1144 1025 1197 tudinem
1064 1159 1177 1213 qua:
1207 1145 1404 1213 fuerant
1445 1141 1499 1193 in
1539 1140 1762 1193 medium
1813 1140 2032 1209 prolata.
2075 1139 2211 1205 Quid
2263 1137 2392 1191 illud

801 1250 954 1305 porro
984 1234 1101 1286 est?
1129 1231 1208 1284 De
1235 1232 1496 1284 nominum
1524 1230 1843 1300 impositione
1879 1230 2089 1300 quaestio
2118 1238 2223 1283 erat
2242 1270 2259 1295 ,
2280 1242 2395 1299 qua:

802 1324 941 1378 Deus
984 1323 1171 1376 sanctis
1223 1323 1481 1392 imposuit.
1534 1322 1603 1376 Et
1643 1322 1960 1391 quibusdam
2021 1322 2391 1391 interpositis:

804 1414 959 1467 Pauli
1007 1414 1239 1485 facinora
1280 1429 1490 1467 narrare
1530 1412 1884 1483 cupiebamus,
1905 1414 2117 1482 jamque
2174 1410 2396 1464 historia:

802 1506 1131 1578 attigeramus
1167 1504 1429 1559 exordium
1454 1544 1470 1569 ,
1522 1512 1569 1557 ct
1606 1503 1686 1555 Itis
1713 1502 1871 1557 verbis
1897 1512 2191 1570 conceptum
2216 1517 2396 1554 narra-

804 1599 956 1653 tionis
979 1599 1177 1652 initium
1203 1597 1483 1651 invenimus
1508 1611 1527 1649 :
1556 1595 1750 1650 Saulus
1773 1607 1953 1651 autem
1979 1595 2155 1650 adhuc
2182 1596 2394 1664 Spirans

804 1691 976 1745 minas
999 1698 1055 1743 et
1079 1690 1283 1744 cedem
1308 1688 1364 1744 in
1392 1689 1682 1759 discipulos
1706 1689 1936 1753 Domini,
1958 1689 2197 1743 continuo
2222 1689 2397 1741 turba-

805 1782 873 1834 vit
901 1797 994 1835 nos
1019 1781 1233 1834 mutatio
1262 1782 1480 1836 nominis
1506 1798 1525 1836 :
1553 1792 1608 1836 et
1630 1790 1823 1837 caetera
1860 1781 1929 1837 de
1960 1782 2235 1836 nominum
2277 1795 2399 1833 tnu-

806 1872 1045 1939 tatione,
1077 1889 1198 1943 qua;
1251 1873 1489 1942 pluribus
1534 1874 1622 1928 ille
1668 1874 2047 1941 prosequitur:
2076 1873 2147 1926 ita
2190 1882 2249 1926 ut
2285 1871 2400 1925 ltazc

809 1963 1000 2018 concio
1030 1964 1100 2017 sit
1125 1978 1222 2018 ceu
1246 1963 1695 2031 complementum
1722 1961 2092 2030 praecedentis.

880 2052 1028 2105 lianc
1064 2050 1336 2105 bomiliam
1363 2058 1621 2121 sequutus
1656 2060 1740 2104 est
1776 2065 1955 2106 sermo
1982 2049 2069 2119 (T.
2090 2050 2393 2119 4.c.619).

808 2141 901 2212 qui
924 2151 1042 2212 post
1072 2141 1333 2197 llomilias
1368 2144 1422 2195 in
1450 2141 1700 2197 Genesim
1732 2155 1901 2195 nonus
1921 2150 2261 2205 numeratur,
2306 2139 2396 2193 ubi

810 2234 932 2289 dum
975 2236 1082 2290 illa:
1109 2236 1176 2290 de
1212 2235 1405 2303 quibus
1444 2235 1603 2287 modo
1649 2234 1855 2304 egimus
1908 2232 2145 2288 homilim
2191 2246 2400 2287 memo-

809 2335 997 2380 rantur
1016 2366 1033 2391 ,
1060 2333 1115 2379 et
1138 2326 1205 2379 de
1224 2324 1512 2378 Mutationc
1537 2325 1772 2379 nominis
1796 2324 2047 2389 Abrahae,
2069 2324 2246 2395 deque
2270 2323 2403 2377 alio-

810 2433 925 2472 rum
948 2417 1222 2474 nominum
1254 2419 1591 2488 propriorum
1610 2459 1627 2485 ,
1648 2432 1769 2487 qua:
1794 2418 1847 2471 in
1869 2416 2044 2472 Veteri
2062 2415 2404 2470 Testamento

809 2518 935 2563 sunt
956 2550 971 2574 ,
1005 2508 1395 2580 signiﬁcatione
1426 2518 1698 2564 tractatur.
1733 2507 1790 2562 In
1833 2507 1934 2561 hoc
1976 2519 2258 2569 sermone,
2282 2519 2405 2574 per-

813 2600 939 2655 inde
968 2610 1127 2670 atque
1155 2601 1206 2654 in
1232 2600 1655 2670 praecedentibus
1679 2598 1929 2663 homiliis,
1962 2597 2120 2667 longo
2140 2595 2404 2665 prooemio

812 2706 942 2746 usus
965 2701 1047 2746 est
1072 2690 1505 2763 Chrysostomus.
1535 2690 1671 2746 Hinc
1701 2689 2053 2761 querimoniae
2080 2688 2257 2757 populi
2286 2687 2400 2741 An-

813 2781 1047 2839 tioclteni
1072 2824 1088 2849 ,
1118 2783 1188 2837 ob
1226 2784 1445 2837 nimiam
1475 2782 1861 2854 prooemiorum
1889 2781 2270 2853 prolixitatem.
2298 2778 2406 2833 Ctt-

810 2873 899 2945 jus
945 2873 1295 2943 querimonia:
1351 2874 1668 2939 occasione,
1718 2873 1902 2943 paucis
1953 2870 2151 2940 elapsis
2217 2869 2405 2925 diebus

817 2965 962 3018 illam
988 2964 1057 3019 de
1092 2963 1322 3018 ferendis
1344 2964 1869 3033 Reprehensionibus
1898 2961 2170 3016 homiliam
2200 2960 2403 3022 habuit,

814 3070 973 3125 quam
1002 3069 1099 3111 nos
1122 3054 1175 3110 in
1201 3057 1340 3110 serie
1367 3055 1703 3110 homiliarum
1722 3054 1789 3109 de
1803 3053 2090 3108 Nominum
2116 3051 2409 3107 mutatione

818 3147 1028 3202 tertiam
1058 3146 1309 3216 ponimus
1332 3187 1348 3212 ,
1378 3146 1499 3216 quia
1532 3146 1645 3214 ipsa
1675 3145 1802 3199 licet
1836 3145 1889 3198 in
1920 3144 2071 3214 prius
2099 3143 2259 3197 editis
2300 3141 2412 3195 dis-

820 3250 990 3295 tracta
1044 3248 1097 3296 et
1150 3239 1333 3309 procul
1383 3240 1453 3293 ab
1493 3239 1612 3293 aliis
1661 3238 1829 3309 posita
1856 3278 1872 3303 ,
1916 3252 2038 3292 sese
2093 3235 2267 3307 prodit
2312 3235 2412 3290 hoc

821 3330 1008 3385 ordine
1030 3330 1333 3401 ponendam
1362 3345 1483 3386 esse
1515 3344 1661 3384 num.
1695 3330 1731 3385 5
1758 3329 1843 3383 his
1871 3330 2053 3383 verbis
2084 3345 2097 3382 :
2124 3327 2205 3382 De
2241 3326 2412 3381 Paulo

818 3433 986 3478 autem
1026 3440 1188 3479 sermo
1218 3424 1360 3477 nobis
1402 3438 1563 3494 nuper
1594 3433 1740 3489 erat,
1770 3420 1974 3488 quando
2016 3420 2079 3473 de
2127 3419 2412 3472 nominibus

822 3515 1187 3569 disserebamus
1207 3558 1221 3578 ,
1252 3514 1693 3585 quterebamusque
1727 3529 1818 3566 cur
1858 3511 2133 3582 aliquando
2175 3510 2367 3565 Saulus
2393 3550 2407 3574 ,

821 3614 995 3675 postea
1020 3620 1136 3658 vero
1175 3603 1374 3658 Paulus
1418 3613 1619 3658 uocatus
1664 3603 1834 3673 fuerit.
1882 3600 2014 3656 Inde
2050 3618 2165 3654 vero
2198 3600 2412 3671 digressi

820 3714 993 3753 sumus
1025 3698 1094 3750 ad
1126 3708 1334 3753 veterem
1377 3697 1642 3751 historiam
1663 3734 1679 3759 ,
1708 3711 1877 3749 omnes
1922 3695 2007 3764 qui
2046 3694 2151 3747 alia
2204 3696 2412 3745 nomina

823 3787 1102 3842 habuerant
1122 3788 1535 3842 eaantinauimus.
1555 3787 1736 3857 Pergit
1754 3786 1913 3840 etiam
1936 3785 1986 3838 in
2010 3784 2112 3838 hac
2130 3784 2409 3848 concione,

824 3894 887 3936 ac
909 3879 1159 3950 disquirit
1201 3895 1298 3935 cur
1336 3880 1503 3935 Paulo
1546 3893 1744 3933 nomen
1788 3885 2049 3932 mutatum
2086 3876 2193 3943 sit,
2225 3884 2278 3930 et
2319 3889 2416 3929 cur

828 3986 934 4027 non
972 3972 1152 4027 statim
1192 3970 1261 4026 ab
1303 3971 1420 4041 ejus
1465 3973 1815 4026 conversione
1851 3986 1865 4023 :
1904 3967 1999 4023 sed
2041 3982 2148 4021 non
2200 3966 2416 4020 modico

828 4072 953 4133 post
979 4061 1124 4117 illam
1162 4071 1402 4130 tempore
1431 4062 1643 4131 excepit
1670 4060 1889 4114 homilia
1924 4060 1976 4113 in
2009 4058 2140 4113 illud
2165 4100 2181 4123 ,
2215 4056 2416 4111 Paulus

828 4165 1069 4220 vocatus,
1098 4154 1150 4207 in
1206 4154 1360 4223 cujus
1415 4152 1593 4207 medio
1646 4152 1785 4206 idem
1833 4153 2006 4221 ipsum
2050 4152 2220 4220 tangit
2263 4166 2419 4219 argn-

829 4253 1102 4309 mentum,
1130 4254 1185 4298 et
1227 4252 1336 4299 tres
1366 4241 1574 4313 priores
1615 4241 1865 4297 homilias
1900 4248 2290 4295 commemorat
2336 4240 2420 4294 his

830 4336 1010 4390 verbis
1036 4351 1050 4387 :
1086 4333 1224 4388 Nam
1250 4334 1293 4388 si
1314 4332 1653 4387 recordamini
1677 4374 1690 4397 ,
1721 4342 1820 4386 tres
1847 4332 2069 4403 integros
2096 4332 2202 4385 dies
2225 4330 2289 4385 de
2312 4332 2421 4385 solo

831 4425 927 4479 ltoc
954 4424 1155 4478 nomine
1182 4423 1476 4477 disseruisse
1496 4438 1573 4477 me
1601 4422 1740 4476 scitis
1759 4463 1774 4489 ,
1806 4438 1918 4477 cum
1946 4438 2124 4477 causas
2151 4420 2416 4488 afferrent,

830 4515 893 4569 ob
918 4531 1043 4584 quas
1065 4557 1079 4578 ,
1107 4530 1223 4569 cum
1264 4512 1457 4569 Saulus
1498 4524 1647 4567 antea
1688 4522 1967 4579 uocaretur,
1998 4513 2197 4568 Paulus
2240 4512 2422 4566 deinde

830 4617 1033 4661 uocatus
1061 4616 1135 4659 est
1157 4647 1174 4672 ,
1201 4618 1245 4659 ct
1279 4621 1429 4675 quant
1469 4608 1531 4658 ob
1556 4621 1660 4658 rem
1694 4621 1795 4659 non
1822 4604 1990 4659 statim
2016 4603 2084 4657 ad
2118 4604 2271 4671 ﬁdem
2300 4620 2422 4658 con-

835 4713 1004 4750 versus
1050 4696 1184 4751 hanc
1230 4694 1625 4766 appellationem
1660 4697 1866 4766 .accepit
1892 4736 1906 4758 ,
1958 4696 2045 4749 sed
2099 4694 2167 4747 ad
2207 4695 2423 4746 ntultum

837 4798 1031 4858 tempus
1056 4803 1238 4842 nomen
1264 4786 1505 4852 retinuit,
1536 4784 1671 4855 quod
1695 4784 1773 4839 illi
1803 4793 2031 4855 parentes
2058 4785 2421 4853 imposuerant.

836 4878 1039 4943 Quibus
1078 4888 1188 4933 tres
1226 4878 1385 4933 hasce
1426 4878 1635 4948 priores
1686 4877 1756 4933 de
1803 4876 2087 4932 Nominum
2131 4875 2424 4931 mutatione

838 4970 1085 5026 bomilias
1119 4971 1190 5025 ita
1219 4970 1419 5027 diserte
1455 4978 1872 5036 commemorat,
1904 4980 1959 5025 ut
2006 4970 2149 5024 nulla
2193 4970 2427 5039 supersit

840 5064 1123 5121 adversum
1150 5064 1453 5135 suspicandi
1479 5079 1658 5119 causa.
1682 5065 1773 5120 Hm
1801 5081 1961 5135 porro
1988 5072 2215 5135 quatuor
2252 5065 2425 5118 homi-

840 5158 925 5212 lize
955 5158 1007 5212 in
1033 5156 1179 5227 prius
1225 5159 1381 5214 editis
1425 5158 1496 5213 ita
1539 5158 1807 5213 distracta:
1830 5200 1845 5222 ,
1871 5168 1956 5222 et,
1991 5168 2047 5214 ut
2098 5160 2167 5213 ita
2210 5158 2383 5214 dicam
2405 5200 2420 5226 ,

839 5248 1108 5317 dissipata:
1133 5259 1280 5304 erant
1303 5291 1318 5313 ,
1347 5259 1406 5305 ut
1429 5250 1641 5306 nonnisi
1665 5264 1787 5306 cum
1817 5251 2012 5319 ingenti
2043 5251 2223 5307 labore
2244 5260 2427 5322 posset

839 5355 1022 5395 earum
1050 5340 1221 5396 series
1252 5342 1576 5407 internosci,
1623 5340 2072 5413 quemadmodum
2121 5350 2175 5396 et
2222 5358 2424 5411 praece-

840 5432 1028 5487 dentes
1053 5431 1171 5487 alia:
1202 5433 1253 5488 in
1281 5435 1536 5488 Actorum
1558 5434 1981 5504 inscriptionem.
2005 5432 2215 5499 Quanto
2246 5443 2421 5488 autem

841 5524 892 5579 id
937 5525 1191 5580 lectorum
1222 5525 1506 5598 dispendio
1532 5526 1828 5594 acciderit,
1862 5535 2058 5583 norunt
2103 5527 2133 5579 ii
2161 5568 2175 5590 ,
2208 5527 2298 5597 qtti
2341 5528 2424 5584 vel

841 5618 1161 5689 primoribus
1192 5617 1356 5673 labris
1386 5635 1498 5675 rem
1536 5618 1949 5674 ecclesiasticam
1979 5619 2267 5674 literariam
2297 5619 2423 5674 atti-

840 5722 1049 5783 gerunt.

917 5804 1159 5858 llomilire
1187 5805 1250 5858 de
1291 5803 1611 5861 Pwnitentia.
1641 5835 1703 5845 —
1730 5804 1986 5860 Homilias
2014 5804 2082 5859 de
2110 5803 2423 5859 Pmnitentia

844 5904 963 5964 post
988 5910 1180 5950 annum
1214 5895 1318 5952 595
1344 5911 1463 5951 cum
1489 5895 1834 5951 Tillcmontio
1866 5912 1933 5951 ex
1980 5896 2081 5949 levi
2121 5897 2424 5963 conjectura

844 5988 1107 6057 ponimus.
1140 5989 1307 6045 Tanta
1350 5997 1526 6045 autem
1558 5999 1637 6044 cst
1667 5992 1719 6045 in
1747 6004 1931 6045 eorum
1975 5987 2161 6044 ordine
2208 5999 2421 6059 pertur-

1888 570 1948 625 S.
1990 564 2269 623 JOANNIS
2309 562 2782 619 CHRYSUSTOMI
2817 565 3010 633 VITA,

3984 564 4083 621 ιω

2502 678 2645 734 batio
2675 676 2763 737 (T.
2782 679 2838 733 Ξ.
2871 697 2920 732 c.
2939 680 3093 753 277),
3120 688 3179 737 ut
3207 677 3423 736 difﬁcile
3443 675 3512 733 sit
3530 677 3707 733 dicere
3734 695 3853 749 qua:
3880 684 4049 752 prima
4069 724 4087 749 ,

2497 786 2617 839 qua:
2643 768 2901 833 secunda,
2927 786 3047 839 qua:
3089 771 3243 828 tertia
3278 770 3457 825 habita
3488 767 3665 823 fuerit.
3696 767 3802 823 Sed
3827 772 3894 825 ad
3914 772 4087 827 Moni-

2501 870 2614 914 tum
2670 862 2721 916 in
2776 858 2992 915 easdem
3042 863 3339 928 mittimus,
3388 862 3476 916 ubi
3532 860 3643 915 lucc
3700 873 3796 928 pro
3839 859 4092 919 facultate

2496 953 2865 1008 discttssimus.
2901 952 3126 1006 llomilia
3182 964 3357 1008 tamen
3406 961 3615 1024 quarta,
3646 950 3798 1022 cujus
3844 951 4079 1018 initium,

2500 1042 2742 1097 Pastores
2771 1058 2917 1107 oves,
2942 1040 3064 1111 jure
3083 1051 3288 1109 quarta:
3320 1044 3535 1098 nomine
3563 1042 3843 1113 insignitur
3873 1058 3886 1093 :
3918 1056 4095 1110 quan—

2497 1132 2786 1202 doquidem
2834 1132 3250 1203 Cltrysostomus
3302 1132 3453 1186 initio
3498 1134 3627 1188 dicit
3660 1149 3720 1189 se
3758 1134 3866 1203 jam
3904 1140 4093 1201 quarta

2500 1226 2615 1279 vice
2659 1236 2714 1280 et
2742 1227 2831 1281 die
2855 1225 2923 1281 de
2946 1223 3255 1295 paenitentia
3286 1237 3466 1292 agerc.
3496 1223 3601 1279 Sed
3631 1241 3761 1281 cave
3795 1234 3945 1294 putes
3973 1238 4097 1294 per-

2500 1316 2624 1372 inde
2646 1328 2857 1373 certum
2883 1333 3001 1374 esse
3030 1331 3145 1372 eam
3173 1356 3187 1379 ,
3217 1323 3325 1370 tres
3352 1313 3473 1369 illas
3518 1332 3651 1385 quas
3679 1319 3885 1387 priores
3915 1317 4101 1387 posui-

2502 1422 2638 1472 mus,
2671 1418 2764 1462 aut
2792 1409 3027 1479 aliquam
3056 1423 3122 1463 ex
3148 1406 3266 1461 aliis
3290 1413 3569 1475 sequutam
3596 1421 3739 1461 esse.
3769 1408 3984 1463 Planum
4014 1416 4101 1463 est

2504 1506 2651 1562 tres,
2696 1507 2823 1552 ante
2869 1498 3011 1553 hanc
3051 1507 3332 1567 quartam,
3376 1494 3444 1550 de
3492 1495 3804 1563 paenitentia
3853 1497 4098 1553 homilias

2500 1585 2671 1641 dictas
2695 1583 2863 1641 fuisse
2886 1628 2901 1651 ,
2940 1589 3034 1643 sed
3074 1590 3239 1642 hasne
3275 1596 3383 1641 tres
3403 1626 3420 1652 ,
3447 1598 3580 1655 quas
3616 1588 4005 1654 prannisimus,
4028 1605 4100 1645 an

2502 1678 2666 1745 alias,
2699 1678 2935 1748 ignotum
2958 1693 3176 1748 prorsus
3208 1686 3312 1733 est.
3330 1676 3624 1731 Antiochia:
3646 1685 3823 1729 autem
3851 1694 4095 1745 pronun-

2507 1770 2689 1823 tiatam
2721 1769 2883 1823 luisse
2914 1768 3142 1823 suadent
3167 1770 3282 1823 lucc
3308 1768 3464 1823 verba
3496 1782 3644 1821 num.
3669 1764 3737 1819 2:
3768 1767 4106 1840 Quandoqui-

2510 1859 2624 1913 dem
2652 1876 2743 1913 nos
2769 1876 2883 1913 cunt
2923 1859 3327 1931 exagitabantur,
3352 1859 3513 1912 vexati
3539 1861 3700 1928 fame,
3733 1866 3868 1926 peste
3891 1898 3905 1920 ,
3938 1876 4101 1928 gran-

2510 1950 2661 2013 dine,
2708 1951 2929 2003 siccitate
2953 1992 2967 2013 ,
3002 1952 3281 2014 incendiis,
3315 1950 3531 2002 hostium
3571 1949 3890 2014 incursione,
3934 1966 4106 2005 nonne

2502 2040 2725 2109 quotidie
2775 2040 2987 2093 ecclesia
3040 2040 3360 2092 multitudine
3401 2038 3796 2093 convenientium
3858 2048 4104 2108 angusta-

2510 2130 2657 2182 batur
2674 2129 2814 2182 ?.....
2844 2129 3123 2199 Postquam
3144 2139 3313 2181 autem
3345 2128 3482 2182 Deus
3505 2131 3633 2182 iram
3654 2130 3884 2196 deposuit
3907 2168 3924 2194 ,
3954 2140 4108 2199 atque

2506 2229 2615 2289 post
2644 2228 2810 2273 tantos
2835 2220 3023 2289 ﬂuctus
3053 2219 3327 2288 procellam
3352 2219 3536 2290 abegit,
3566 2219 3634 2271 ad
3654 2219 3892 2288 pristinos
3919 2221 4105 2273 iterum

2506 2326 2668 2363 mores
2697 2311 2880 2363 reversi
2907 2326 3101 2363 sumus.
3126 2309 3276 2380 Atqui
3312 2310 3365 2363 in
3394 2311 3503 2380 ipso
3530 2311 3858 2363 tentationunt
3881 2320 4109 2378 tempore

2514 2402 2621 2455 lucc
2659 2402 2933 2469 prtedicere
2968 2413 3012 2455 et
3044 2402 3302 2471 testificari
3344 2419 3443 2455 non
3489 2403 3803 2457 desistebant.
3855 2403 3951 2458 llic
3991 2404 4109 2458 lon-

2509 2506 2629 2559 gam
2665 2492 3028 2546 calamitatum
3067 2494 3262 2547 seriem
3294 2502 3596 2557 memorat,
3640 2493 3830 2562 quibus
3870 2508 4110 2563 praesens

2510 2580 2625 2648 ipse
2653 2588 2769 2634 erat
2788 2620 2804 2646 ,
2836 2589 2894 2635 et
2932 2581 3353 2635 concionabatur
3384 2598 3399 2634 :
3429 2598 3546 2651 qua:
3588 2583 3765 2636 omnia
3797 2584 4008 2637 nonnisi
4038 2584 4108 2638 ad

2510 2678 2760 2740 tempus,
2802 2688 2909 2740 qtto
2963 2672 3265 2727 Antiochizc
3321 2674 3602 2744 presbyter
3648 2684 3799 2739 erat,
3848 2675 4112 2745 quadrare

2510 2771 2751 2831 possunt.
2794 2762 3037 2817 Hostium
3078 2778 3208 2819 vero
3259 2765 3505 2819 incursus
3556 2774 3699 2834 putat
3732 2765 4105 2820 Tillemontins

2511 2868 2633 2907 esse
2661 2854 2997 2908 invasionem
3032 2854 3173 2909 illam
3204 2853 3539 2918 Hunnorum,
3559 2870 3676 2923 quae
3703 2869 3844 2909 anno
3863 2855 3969 2910 395
3988 2870 4113 2909 con-

2512 2944 2841 3015 tigit:quod
2895 2954 2980 3000 sat
3040 2945 3255 3016 quidem
3314 2946 3606 3001 verisimile
3651 2946 3879 3001 videtur.
3928 2946 3997 3002 Ut
4051 2958 4112 3003 ut

2514 3050 2642 3089 vero
2670 3044 2788 3099 est,
2825 3034 2965 3090 hanc
2990 3036 3042 3089 in
3073 3036 3312 3100 ultimos,
3340 3036 3533 3106 quibus
3568 3036 3865 3092 Antiochia:
3892 3039 4112 3094 concio-

2517 3135 2675 3179 ttattts
2701 3137 2807 3193 est,
2838 3143 3010 3181 annos
3059 3138 3358 3198 opportune
3385 3130 3677 3198 rejicitnus.

2587 3218 2779 3286 Quinta
2807 3260 2823 3286 ,
2854 3221 3004 3289 cujus
3052 3220 3281 3287 initium,
3310 3219 3453 3275 Lteta
3496 3221 3637 3276 nobis
3668 3224 3816 3276 ltodie
3847 3240 3907 3276 ac
3936 3225 4116 3295 festiva

2517 3310 2811 3376 celebritas,
2840 3320 2922 3363 est
2945 3312 3325 3380 pulcherrima,
3357 3327 3518 3380 quam
3554 3313 3616 3366 de
3646 3314 3849 3384 jejunio
3873 3356 3889 3379 ,
3923 3315 4114 3368 inscri-

2519 3400 2623 3467 psit
2656 3398 2907 3454 Savilius.
2942 3401 3010 3455 Et
3031 3412 3114 3456 est
3135 3403 3348 3472 quidem
3372 3403 3438 3457 de
3454 3404 3661 3473 jejunio
3684 3446 3700 3471 ,
3726 3405 3821 3459 scd
3849 3407 4115 3476 prmcipnc

2516 3489 2583 3543 de
2625 3492 2937 3559 pmnitentia
2963 3534 2976 3554 ,
3007 3508 3123 3561 qua:
3163 3508 3270 3562 quo
3320 3504 3476 3563 pacto
3523 3510 3642 3549 cum
3692 3497 3811 3552 aliis
3846 3497 4117 3553 coluerunt

2516 3580 2845 3649 deprehendi
2879 3583 3026 3636 nullo
3069 3584 3230 3637 modo
3258 3594 3450 3653 potest.
3483 3587 3781 3641 Antiochiae
3809 3603 3936 3642 vero
3964 3587 4115 3643 habi-

2520 3684 2625 3727 tant
2654 3673 2817 3729 fuisse
2856 3675 3053 3729 iudicat
3080 3676 3531 3747 Chrysostomus,
3561 3694 3682 3731 cum
3728 3679 4113 3735 monachorum

2520 3766 2570 3819 in
2600 3767 2869 3822 montibus
2902 3766 3145 3837 proxime
3183 3766 3490 3837 degentium
3517 3770 3820 3839 exemplum
3860 3772 4114 3827 conside-

2518 3857 2745 3911 randum
2772 3856 2982 3922 olIerat,
3007 3868 3061 3911 ut
3088 3859 3224 3913 solet
3247 3859 3303 3913 in
3323 3860 3667 3915 concionibus
3694 3862 3987 3917 Antiochia:
4014 3861 4116 3915 ha—

2524 3948 2670 4002 bitis.

2594 4041 2778 4105 Sexta,
2810 4044 2963 4110 cujus
2992 4042 3223 4109 initium,
3258 4042 3423 4110 Quam
3453 4044 3673 4113 jucundi
3700 4046 4015 4114 spirituales.
4042 4047 4113 4102 de

2520 4134 2726 4204 jejunio
2758 4135 2993 4189 maxime
3028 4134 3174 4204 agit:
3208 4149 3275 4188 an
3316 4149 3446 4189 vero
3486 4136 3816 4202 Antiochiae,
3856 4152 3923 4191 an
3968 4137 4113 4193 Con-

2526 4226 2870 4295 stantinopoli
2924 4223 3101 4280 habita
3146 4225 3342 4291 fuerit,
3382 4225 3562 4291 nullo,
3596 4236 3654 4279 ut
3698 4226 3924 4293 videtur,
3953 4228 4114 4282 modo

2528 4315 2859 4385 deprehendi
2890 4324 3087 4385 potest.
3116 4314 3373 4370 llomilias
3421 4316 3540 4370 illas
3579 4316 3708 4371 duas
3752 4318 3806 4371 in
3846 4317 4112 4375 Psalmutn

2524 4410 3045 4480 quinquagesimum,
3073 4425 3193 4479 qua:
3223 4409 3274 4463 in
3297 4410 3484 4479 quinto
3501 4409 3671 4463 Tomo
3700 4410 3868 4464 locum
3893 4411 4111 4479 habent,

2526 4511 2710 4572 putant
2734 4502 2949 4573 quidam
2971 4501 3318 4556 concionibus
3334 4502 3399 4555 de
3420 4501 3736 4556 Pmnitentia
3754 4504 4114 4574 adjungendas

2526 4609 2645 4649 esse
2685 4612 2698 4648 :
2742 4604 2839 4660 at,
2866 4604 2923 4647 ut
2967 4608 3066 4647 suo
3120 4594 3239 4648 loco
3287 4594 3505 4660 dicitur,
3535 4608 3657 4648 cum
3702 4594 3803 4649 iliis
3840 4596 4117 4652 cohaerere

2528 4702 2687 4758 posse
2715 4702 2821 4741 non
2849 4686 3119 4741 videntur.

2599 4781 2733 4841 Tres
2759 4794 3046 4852 sequentes
3072 4784 3327 4850 bomiliac,
3361 4798 3553 4853 nempe
3574 4786 3819 4855 septima,
3846 4795 4032 4841 octava
4061 4796 4118 4840 et

2530 4889 2668 4928 nona
2691 4916 2704 4937 ,
2731 4890 2836 4928 non
2880 4891 3035 4945 pares
3084 4875 3449 4931 Germanitatis
3497 4885 3649 4930 notas
3676 4893 3785 4945 pra:
3826 4891 3885 4931 se
3916 4876 4115 4930 ferunt.

2528 4965 2710 5038 Stylus
2751 4965 3166 5036 aChrysostomi
3211 4968 3474 5039 elegantia
3522 4981 3625 5020 non
3669 4982 3851 5035 parum
3894 4967 4119 5021 recedit.

2529 5060 2888 5127 Quamobrem
2917 5076 3030 5114 non
3067 5064 3183 5117 sine
3220 5064 3401 5133 aliquo
3427 5061 3678 5130 scrupulo
3707 5076 3797 5113 cas
3824 5060 3960 5113 inter
3997 5075 4115 5128 ger-

2531 5169 2685 5208 mana
2707 5152 3078 5224 Chrysostomi
3107 5168 3267 5222 opera
3305 5155 3687 5225 relinquimus;
3720 5168 3819 5207 nec
3849 5160 4024 5204 tamen
4051 5149 4114 5203 ab

2532 5248 2634 5303 illis
2659 5244 3016 5315 sejungendas
3043 5258 3161 5299 esse
3188 5245 3457 5310 duximus,
3485 5244 3734 5315 quatiam
3776 5253 3834 5296 ut
3862 5242 3969 5309 jam
3992 5240 4115 5294 alibi

2530 5343 2854 5405 monuimus,
2884 5340 2935 5392 in
2957 5338 3167 5392 dicendi
3193 5352 3389 5407 genere
3418 5352 3522 5392 non
3549 5350 3760 5405 semper
3784 5330 3883 5387 sibi
3911 5341 4114 5385 constat

2530 5433 2583 5489 S.
2609 5434 2812 5487 doctor.
2838 5431 2984 5485 Alias
3028 5429 3245 5499 insuper
3285 5427 3653 5501 Chrysostomi
3696 5425 3763 5479 de
3803 5424 4113 5479 Pcenitentia

2531 5524 2780 5580 homilias
2807 5522 3096 5589 habemus,
3139 5538 3270 5592 quas
3306 5531 3489 5595 utpote
3533 5518 3741 5590 spurius
3768 5517 3818 5570 in
3852 5515 4113 5585 Appendi-

2528 5634 2645 5675 cetn
2676 5616 3054 5685 ablegavimns.

2605 5710 2914 5764 Innumeras
2972 5709 3265 5763 Antiochia:
3319 5705 3500 5759 habuit
3552 5704 3835 5759 conciones
3884 5704 4092 5774 Cltryso

2532 5810 2737 5856 stomus
2760 5842 2773 5866 ,
2802 5816 3025 5872 quarum
3062 5814 3252 5870 magna
3279 5812 3403 5867 pars
3425 5795 3569 5849 edita
3605 5794 3699 5849 fuit
3721 5840 3734 5858 ,
3762 5808 3813 5851 et
3844 5812 3993 5851 novae
4034 5797 4113 5846 in~

2534 5892 2741 5947 tertium
2766 5908 2794 5946 a
2825 5892 3058 5947 tenebris
3087 5897 3364 5945 eruuntur.
3392 5886 3466 5941 Ex
3498 5886 3655 5942 editis
3689 5902 3818 5943 vero
3857 5898 4111 5956 quarum—

2532 5991 2651 6041 dam
2695 5999 2891 6040 :tnnum
2930 5998 3035 6055 quo
3062 5981 3218 6037 dicta:
3262 5980 3471 6036 fuerunt
3520 5981 3864 6039 indicavimus
3909 5975 3991 6030 vel
4043 5987 4109 6028 ex
