4504 6780
374 601 477 656 145

372 715 533 769 certis
559 716 697 772 uotis
718 758 732 782 ,
758 717 845 773 vel
884 732 955 773 ex
987 713 1293 781 conjectura
1335 718 1537 765 tantum
1601 726 1612 760 :
1641 714 1955 761 emterarum

371 817 714 879 sutem,qu:n
758 809 915 878 longe
960 802 1150 873 majori
1198 818 1421 857 numero
1456 810 1616 858 sunt,
1647 810 1843 850 annum
1891 809 1959 847 ne

372 900 676 970 conjectura
712 900 927 971 quidem
963 894 1177 965 assequi
1226 907 1527 965 possumus.
1553 890 1628 944 De
1668 886 1752 941 his
1797 900 1958 956 porro

368 993 477 1063 jam
502 993 766 1067 agendum
799 987 953 1045 nobis
978 996 1082 1041 est.

440 1066 693 1139 Encomia
741 1078 896 1133 Pauli
940 1075 1372 1147 Apostoli.—Et
1417 1076 1591 1147 primo
1629 1069 1843 1142 quidem
1891 1066 1959 1123 de

375 1171 524 1226 Pauli
543 1166 807 1223 encomiis
828 1161 913 1235 (Τ.
938 1163 994 1217 2.
1013 1179 1058 1215 c.
1088 1162 1215 1229 469)
1246 1176 1343 1215 seu
1368 1160 1707 1215 sermonibus
1725 1168 1955 1225 septem,

372 1275 510 1334 quos
535 1257 759 1314 omnino
786 1268 1087 1308 memorare
1114 1252 1323 1307 videtur
1345 1254 1395 1306 in
1423 1252 1649 1307 llomilia
1685 1250 1735 1301 in
1763 1247 1961 1301 Kalen-

371 1356 490 1413 das,
511 1349 599 1403 ubi
614 1347 695 1402 sic
714 1347 873 1401 habet
890 1347 1043 1415 paulo
1058 1355 1178 1415 post
1199 1346 1426 1400 initium.
1448 1344 1633 1412 Nuper
1654 1342 1828 1411 igitur,
1848 1356 1960 1393 cum

371 1442 575 1497 beatum
620 1439 843 1493 Paulum
870 1440 1106 1495 encomiis
1130 1440 1499 1494 celebraremus
1546 1434 1632 1506 (Τ.
1670 1435 1721 1487 1.
1749 1450 1796 1485 c.
1830 1432 1955 1488 955.

370 1536 409 1588 ι.
438 1532 557 1603 20),
581 1535 652 1587 sic
674 1534 1026 1598 cxsultavistis,
1064 1549 1125 1586 ac
1152 1533 1195 1585 si
1220 1533 1388 1601 ipsum
1427 1537 1720 1597 prwsentcm
1746 1527 1957 1577 vidisse-

373 1622 551 1673 tis.....
593 1620 827 1677 Volebam
859 1635 1028 1678 autem
1053 1624 1104 1677 in
1130 1625 1264 1678 idem
1303 1629 1657 1693 argumentum
1697 1617 1847 1671 hodie
1873 1617 1963 1671 de-

370 1713 647 1777 scendere;
676 1714 763 1766 sed
789 1716 855 1767 ad
874 1714 979 1767 alia
1002 1714 1237 1783 quwdam
1257 1755 1271 1774 ,
1295 1728 1409 1783 quia
1434 1712 1595 1782 magis
1621 1717 1821 1779 urgent,
1848 1722 1965 1760 ora-

372 1804 442 1853 tio
491 1813 662 1856 nostra
705 1804 1028 1870 provehitur;
1056 1805 1107 1856 in
1143 1804 1321 1873 quibus
1366 1820 1397 1854 α
1439 1812 1544 1855 tota
1573 1800 1725 1854 hodie
1766 1799 1965 1851 civitate

372 1903 629 1962 peccatur.
659 1893 759 1946 Eos
780 1894 912 1945 enim
934 1933 949 1959 ,
978 1894 1064 1961 qui
1085 1895 1310 1947 encomia
1338 1894 1493 1949 Pauli
1522 1892 1703 1945 audire
1729 1891 1961 1959 cupiunt,

370 1987 513 2055 prius
542 1984 741 2037 rirtutis
766 1982 925 2037 Pauli
950 1984 1159 2038 azmulos
1192 2001 1295 2039 esse
1321 1993 1553 2054 oportet,
1585 1993 1631 2037 et
1672 1981 1965 2048 huiusmodi

371 2082 610 2130 concione
639 2075 840 2146 dignos.
870 2074 966 2129 llic
1004 2074 1153 2127 vides
1177 2075 1462 2129 conciones
1504 2074 1554 2127 in
1584 2072 1804 2127 Paulum
1851 2079 1962 2124 tum

369 2168 474 2237 jam
507 2167 717 2221 habitas
744 2206 758 2229 ,
787 2174 897 2220 tum
926 2175 1049 2235 post
1078 2164 1348 2218 habendas
1378 2162 1663 2219 memorari
1689 2204 1705 2229 ,
1736 2176 1961 2232 quarum

370 2269 746 2329 argumentum
777 2266 931 2313 erant
960 2257 1205 2312 encomia
1233 2255 1402 2310 Pauli.
1424 2255 1490 2309 Et
1514 2265 1692 2310 tamen
1704 2254 1964 2309 Herman-

368 2352 477 2407 tius
515 2353 761 2419 Opinatus
797 2360 915 2416 est,
953 2349 1083 2405 illud
1113 2348 1262 2403 Pauli
1310 2348 1610 2403 cncomium
1644 2349 1695 2402 in
1736 2347 1964 2401 Humilia

372 2443 440 2496 de
465 2441 715 2495 Kalendis
745 2451 1097 2497 memoratum
1120 2483 1135 2507 ,
1170 2440 1356 2495 haberi
1388 2441 1441 2495 in
1466 2440 1696 2494 Humilia
1724 2439 1791 2495 de
1819 2439 1961 2493 Peti-

374 2535 520 2587 tioue
551 2532 782 2586 filiorum
821 2531 1067 2588 Zcbedaci
1098 2548 1247 2586 uum.
1276 2532 1332 2599 5,
1367 2532 1457 2587 ubi
1484 2532 1656 2586 obiter
1678 2530 1823 2585 Pauli
1852 2531 1965 2585 lau-

373 2623 469 2677 des
498 2623 714 2691 attingit
738 2621 1569 2693 Cbrysostumus.Tillemontius
1596 2637 1743 2689 vero,
1769 2624 1967 2690 rejecta

374 2716 676 2770 llermautii
702 2714 990 2784 Opinione,
1018 2723 1167 2783 putat
1194 2714 1467 2770 bomiliam
1508 2714 1561 2769 in
1602 2712 1863 2769 concione
1900 2711 1969 2767 de

377 2805 632 2859 Kalendis
659 2815 1008 2858 memoratam
1036 2820 1152 2858 eam
1182 2820 1302 2860 esse
1323 2847 1337 2870 ,
1368 2806 1522 2875 cujus
1549 2805 1751 2870 titulus,
1779 2805 1968 2869 Quales

371 2895 621 2949 ducenda:
648 2897 751 2949 sint
776 2911 961 2949 uxores
986 2937 1001 2959 ,
1028 2895 1117 2950 ubi
1146 2896 1337 2950 Paulus
1367 2896 1656 2951 identidem
1696 2896 1962 2951 laudatur.

376 2986 597 3049 Verum,
644 2995 699 3040 ut
741 3001 806 3041 ex
854 2986 1100 3056 superius
1135 2985 1312 3040 allatis
1351 2986 1524 3041 verbis
1568 2985 1825 3056 liquidum
1860 2993 1964 3052 cst,

376 3094 483 3132 non
515 3079 690 3149 agitur
730 3079 800 3132 ibi
828 3078 895 3133 de
938 3078 1182 3133 laudibus
1220 3078 1413 3143 Pauli,
1446 3094 1578 3148 quas
1618 3077 1969 3134 concionibus

375 3174 485 3227 suis
512 3216 526 3239 ,
556 3173 837 3243 cujuslibet
871 3172 1080 3227 tandem
1106 3172 1407 3245 argumenti
1440 3172 1582 3237 sint,
1613 3170 1810 3240 passim
1850 3169 1969 3223 obi-

377 3275 564 3334 terque
611 3264 882 3318 interserit
955 3263 1410 3334 ChrySOstomus,
1463 3261 1607 3333 quod
1677 3260 1973 3330 smpissime

379 3369 510 3408 sane
533 3355 791 3423 contingit
815 3371 830 3418 ;
858 3353 951 3408 sed
986 3353 1052 3407 de
1073 3354 1424 3409 concionibus
1452 3354 1719 3423 plurimis,
1746 3366 1971 3423 quarum

378 3457 747 3517 argumentum
772 3454 924 3501 erant
947 3446 1189 3501 encomia
1210 3445 1382 3500 Pauli:
1406 3446 1484 3499 Ad
1509 3446 1759 3510 eamdem,
1776 3444 1967 3514 inquit,

378 3553 557 3590 rursus
584 3536 899 3607 Iiypothesim
936 3535 1231 3590 descendere
1254 3534 1478 3590 volebam
1502 3550 1527 3597 ;
1559 3536 1609 3589 id
1637 3544 1719 3590 est
1740 3576 1755 3598 ,
1788 3548 1973 3589 rursus

378 3628 445 3681 de
513 3627 659 3681 l‘auli
719 3626 965 3681 laudibus
1007 3627 1312 3681 coneionari
1369 3626 1613 3681 volebam
1650 3642 1800 3697 :quo
1844 3626 1972 3696 quid

379 3719 558 3785 aliud,
588 3734 804 3791 quaeso,
838 3719 1063 3775 indicari
1121 3720 1324 3790 possit,
1370 3735 1529 3790 quam
1576 3734 1857 3775 sermones
1903 3720 1972 3774 de

378 3809 545 3865 Paulo
572 3812 815 3882 apostolo
835 3854 850 3878 ,
880 3812 949 3868 de
978 3813 1172 3882 quibus
1203 3828 1343 3867 nunc
1369 3813 1612 3883 agimus?

450 3902 521 3958 Ut
542 3914 745 3959 certum
768 3914 849 3958 est
882 3906 977 3959 has
996 3906 1284 3963 conciones
1301 3907 1594 3962 Antiochiae
1614 3906 1784 3962 dictas
1808 3906 1972 3962 fuisse

380 3994 531 4063 (nam
559 3993 609 4048 id
639 4003 824 4063 aperte
856 3995 1053 4050 iudicat
1080 3996 1499 4068 Cbrysostomus
1538 3998 1756 4053 humilia
1786 4009 1971 4069 quarta

377 4084 449 4139 de
486 4084 632 4139 Pauli
672 4085 934 4151 laudibus,
964 4086 1051 4140 ubi
1079 4086 1149 4142 de
1179 4090 1379 4158 templo
1408 4090 1673 4159 Apollinis
1703 4091 1756 4144 in
1781 4091 1976 4145 subur-

381 4177 471 4233 bio
493 4176 781 4247 Daphnesa
804 4177 1023 4234 fulmine
1046 4188 1185 4234 tacto
1207 4182 1368 4235 verba
1397 4180 1545 4251 facit)
1578 4201 1591 4237 :
1620 4183 1691 4236 ita
1714 4182 1781 4237 de
1811 4198 1973 4247 anno,

381 4285 488 4338 quo
512 4268 624 4324 lucc
653 4270 1001 4325 concionatus
1032 4280 1131 4336 est,
1166 4271 1298 4325 nihil
1326 4273 1407 4326 vel
1434 4283 1640 4327 certum
1681 4276 1761 4329 vel
1789 4276 1978 4329 admo-

380 4360 509 4415 dum
540 4362 817 4431 probabile
840 4364 997 4417 statui
1025 4373 1215 4432 potest.
1253 4363 1453 4418 Eodem
1475 4377 1677 4430 autem,
1720 4382 1827 4435 quo
1865 4368 1973 4421 llo-

382 4453 544 4507 milia:
582 4453 635 4507 in
665 4452 953 4518 Kalendas,
1002 4471 1143 4510 anno
1177 4456 1259 4510 hic
1288 4457 1573 4512 conciones
1599 4457 1794 4512 habita:
1824 4467 1969 4526 sunt,

381 4551 544 4610 atque
573 4552 628 4596 ut
654 4544 1066 4615 Cbrysostumus
1095 4548 1188 4610 ait,
1218 4547 1460 4602 Humilia:
1496 4549 1546 4602 in
1584 4548 1847 4603 Kalendas
1884 4548 1973 4603 Ja—

386 4634 580 4697 nuarii,
620 4635 868 4691 Encomia
899 4653 993 4693 seu
1030 4654 1309 4696 sermones
1334 4640 1387 4695 in
1422 4640 1639 4695 Paulum
1672 4641 1974 4710 intercepe-

387 4737 550 4783 runt:
576 4726 647 4781 ita
684 4736 742 4782 ut
776 4744 846 4783 ex
888 4733 1229 4787 sermonibus
1256 4734 1309 4787 in
1337 4734 1579 4797 Paulum,
1624 4734 1840 4804 quidam
1883 4733 1977 4789 Ja-

390 4820 630 4875 nuarium
674 4835 910 4874 mensem
963 4826 1371 4890 praecesserint,
1420 4828 1634 4897 quidam
1690 4829 1741 4882 in
1794 4844 1979 4885 mense

389 4912 639 4969 Januario
667 4910 830 4965 habiti
853 4911 1066 4966 fuerint.
1096 4914 1202 4967 llos
1230 4925 1409 4970 autem
1447 4919 1498 4972 in
1530 4920 1750 4974 Paulum
1777 4935 1978 4975 sermo.

392 5022 490 5063 nes
520 5007 754 5060 Auianus
781 5003 1094 5073 Pelagianus
1120 5004 1306 5059 Latine
1326 5011 1609 5076 convertit,
1639 5020 1832 5081 putans
1863 5013 1980 5066 illns

392 5098 585 5155 haeresi
638 5112 749 5153 sua:
789 5096 964 5151 favere
999 5135 1012 5147 .
1057 5112 1158 5165 qua
1204 5096 1271 5150 de
1311 5112 1368 5150 re
1408 5098 1649 5166 pluribus
1682 5103 1889 5171 egimus
1927 5104 1980 5158 in

392 5194 592 5247 Monito
622 5209 669 5247 c.
697 5188 819 5246 471.
848 5188 902 5242 In
931 5188 1014 5241 his
1044 5203 1202 5258 porro
1232 5188 1463 5245 bomiliis
1487 5200 1691 5261 septem
1718 5198 1832 5249 sive
1860 5210 1982 5251 ora-

394 5287 628 5341 tionibus
656 5283 892 5346 Paulum,
928 5296 1083 5352 quem
1125 5282 1178 5336 in
1221 5291 1332 5337 toto
1359 5299 1581 5353 operum
1621 5299 1839 5339 suormn
1888 5288 1983 5343 de-

393 5392 554 5435 cursu
577 5381 764 5451 quavis
786 5378 908 5433 data
932 5376 1210 5431 occasione
1233 5376 1486 5442 celebrat,
1509 5376 1787 5432 confertim
1813 5378 1983 5433 laudi-

395 5469 493 5523 bus
540 5473 757 5527 extollit
801 5488 815 5525 :
865 5469 1010 5525 illum
1057 5482 1176 5523 cum
1232 5471 1433 5525 sanctis
1486 5470 1692 5526 Veteris
1743 5478 1800 5527 et
1846 5470 1982 5527 Novi

395 5556 722 5619 Testamenti
749 5567 971 5629 confert,
1001 5561 1199 5619 nullum
1223 5560 1350 5616 dicit
1376 5562 1538 5619 fuisse
1564 5574 1641 5620 tot
1665 5580 1980 5621 arcanorum

392 5662 723 5710 consortem.
779 5657 898 5713 Uno
942 5656 1125 5717 verbo,
1174 5652 1285 5708 haec
1327 5653 1475 5709 Pauli
1517 5658 1763 5712 encomia
1799 5673 1982 5713 eorum

393 5738 632 5791 omnium
679 5748 1054 5816 compendium
1097 5762 1215 5804 esse
1244 5744 1364 5817 jure
1412 5746 1630 5813 dixeris,
1677 5765 1797 5820 quae
1824 5747 1985 5805 Com-

395 5831 674 5885 mentariis
700 5833 755 5889 in
776 5840 906 5895 Acta
930 5851 984 5899 et
999 5843 1050 5896 in
1073 5841 1337 5912 Epistulas
1359 5839 1503 5894 Pauli
1524 5840 1591 5896 de
1609 5844 1739 5898 tanti
1760 5845 1986 5915 apostoli

395 5921 704 5993 prmstantia
731 5934 787 5979 et
814 5932 1011 5988 virtute
1039 5934 1313 6006 prmdicat.

467 6006 761 6086 intercepta
786 6016 945 6087 igitur
970 6024 1317 6084 llomiliarum
1339 6026 1391 6082 in
1419 6023 1637 6081 Paulum
1665 6026 1804 6082 serie
1831 6026 1916 6100 (Τ.
1939 6029 1986 6084 ι.

1577 588 1757 648 ΝυΝο
1796 583 2057 643 PRIMUM
2096 584 2492 643 ADORNATA.

2058 718 2103 753 ε.
2133 700 2231 755 95f
2252 703 2290 768 ),
2329 702 2743 772 Cbrysustomus
2771 701 3051 759 liomiliam
3074 705 3127 759 in
3159 703 3323 761 Kalen
3343 708 3422 762 las
3448 706 3649 765 habuit.

3552 588 3654 646 “6

2066 794 2162 848 llic
2191 808 2318 848 vero
2344 792 2595 850 Kalendat
2619 794 2855 850 Januarii
2886 807 3271 862 memorantur,
3297 813 3401 868 qua
3426 798 3513 855 die
3554 815 3651 854 an-

2065 901 2164 941 nus
2203 886 2550 956 incipiebatur
2574 888 2715 958 apud
2744 888 3035 953 Romanos,
3062 900 3117 945 et
3141 901 3291 958 ξένια,
3332 906 3429 949 seu
3461 908 3653 949 munu-

2063 979 2230 1041 scula,
2258 978 2445 1032 amicis
2464 980 2807 1050 cognatisque
2830 980 3210 1037 oﬂ'erebantur.
3242 984 3356 1039 Mos
3386 994 3512 1041 tunc
3536 995 3655 1041 erat

2062 1068 2309 1123 convivia
2358 1070 2652 1135 celebrare,
2700 1072 2911 1142 aliaque
2971 1072 3197 1141 publica:
3252 1076 3449 1132 laetitia;
3500 1078 3649 1147 signa

2062 1158 2214 1225 dare,
2259 1159 2345 1213 ubi
2391 1160 2702 1231 plerumque
2737 1163 3011 1218 dissoluta:
3041 1165 3207 1233 plebis
3241 1174 3412 1236 gesta,
3460 1181 3651 1236 super-

2062 1252 2301 1306 stitiosas
2332 1252 2751 1314 observationes,
2796 1255 3003 1323 aliaque
3034 1257 3083 1309 id
3112 1272 3281 1325 genus
3305 1257 3487 1312 videre
3515 1267 3651 1313 erat.

2063 1342 2175 1411 Qua
2205 1342 2272 1397 de
2298 1358 2357 1397 re
2381 1343 2653 1397 auditores
2673 1360 2798 1399 suos
2827 1346 3000 1414 carpit
3027 1347 3457 1418 Chrysostomus.
3497 1350 3655 1405 Liba-

2064 1434 2186 1488 nius
2206 1449 2367 1503 porro
2392 1436 2707 1503 opusculum
2733 1436 2901 1492 edidit
2939 1437 2993 1491 in
3023 1436 3287 1494 Kalendas
3315 1439 3652 1509 inscriptum,

2065 1523 2154 1577 ubi
2203 1538 2309 1593 quo
2356 1524 2458 1578 ritu
2505 1524 2755 1580 Kalenda:
2794 1528 2986 1582 tierent
3028 1528 3327 1582 minutatim
3374 1529 3652 1597 describit,

2064 1615 2242 1685 aitque
2268 1632 2425 1669 unam
2448 1617 2799 1686 eamdemque
2829 1618 3192 1673 celebritatem
3224 1635 3317 1687 per
3338 1630 3504 1674 totum
3544 1621 3658 1675 Ro-

2067 1718 2282 1757 manum
2308 1705 2589 1775 imperium
2617 1707 2705 1761 illa
2735 1708 2825 1761 die
2850 1708 2956 1779 agi.
2990 1706 3173 1778 Itaque
3197 1709 3265 1766 de
3288 1708 3376 1765 die
3399 1719 3452 1765 et
3475 1726 3659 1766 mense

2069 1793 2214 1845 nulla
2251 1794 2457 1848 videtur
2481 1797 2703 1863 quaestio
2741 1798 2947 1853 moveri
2978 1813 3173 1869 posse;
3204 1814 3361 1855 secus
3386 1810 3562 1856 autem
3590 1802 3661 1857 de

2069 1898 2232 1951 anno,
2263 1900 2423 1955 quem
2471 1901 2539 1940 ne
2579 1888 2901 1957 coniecturis
2930 1888 3143 1960 quidem
3184 1892 3528 1961 probabiliter
3575 1907 3663 1945 as-

2068 1974 2268 2045 signari
2293 1990 2449 2044 posse
2471 1987 2737 2046 putamus.

2139 2067 2397 2124 llomilias
2432 2070 2500 2125 de
2528 2070 2734 2126 Lazaro
2764 2070 2850 2143 (1'.
2882 2072 2932 2127 l.
2967 2091 3012 2128 c.
3041 2073 3174 2145 963)
3218 2088 3320 2143 qua
3358 2074 3480 2130 anni
3525 2081 3662 2130 tem-

2067 2168 2275 2229 pestate
2310 2160 2557 2217 habuerit
2603 2160 3019 2235 Chrysostomus
3062 2164 3175 2234 ipse
3222 2163 3497 2230 declarat;
3554 2168 3665 2221 imo

2068 2249 2225 2306 etiam
2252 2268 2353 2320 qua
2381 2252 2469 2308 die
2500 2255 2723 2323 primam
2752 2254 2949 2310 dixerit
2986 2257 3230 2310 enuntiat
3256 2259 3310 2310 in
3332 2258 3450 2325 ipso
3481 2258 3665 2327 prima:

2068 2345 2345 2400 concionis
2367 2345 2521 2400 titulo
2546 2364 2562 2400 :
2590 2345 2821 2400 Ilomitia
2842 2348 3087 2415 postridie
3117 2346 3381 2403 Kalendas
3403 2353 3669 2406 Antiochia:

2072 2435 2266 2500 habita,
2300 2436 2363 2490 de
2388 2436 2451 2488 iis
2479 2436 2567 2508 qui
2610 2436 2940 2501 inebriantur,
2984 2438 3145 2508 deque
3183 2439 3245 2492 iis
3274 2440 3360 2507 qui
3386 2450 3669 2494 commeant

2072 2527 2141 2579 ad
2163 2544 2443 2598 cauponas,
2471 2529 2655 2601 quique
2674 2531 2886 2584 choreas
2912 2531 3098 2584 ducunt
3127 2547 3216 2600 per
3238 2531 3509 2598 civitatem,
3532 2534 3670 2601 quod

2074 2636 2172 2673 non
2224 2630 2452 2691 oporteat
2500 2630 2858 2692 praeceptorem
2927 2622 3193 2691 desperare
3262 2622 3325 2675 de
3381 2622 3667 2692 discipulis,

2071 2711 2271 2767 etiamsi
2286 2713 2339 2767 in
2363 2728 2582 2783 prtesens
2602 2729 2704 2767 non
2724 2712 3066 2781 obtemperent
3088 2727 3107 2766 :
3127 2723 3379 2784 postremo
3395 2714 3459 2768 de
3472 2713 3671 2768 Lazaro

2071 2806 2303 2860 mendico
2327 2822 2389 2859 ac
2417 2806 2482 2861 de
2501 2806 2685 2871 divite;
2715 2814 2825 2860 tum
2854 2804 3014 2859 etiam
3037 2805 3087 2859 in
3114 2806 3389 2861 concionis
3412 2807 3671 2876 principio

2071 2899 2240 2967 ipsam
2271 2896 2413 2952 diem
2453 2898 2690 2967 assignat
2718 2894 2735 2951 ἑ
2775 2896 3024 2951 Hesterna
3051 2896 3149 2959 die,
3182 2914 3299 2952 cum
3323 2907 3451 2953 esset
3487 2899 3671 2966 festum

2069 2990 2303 3053 Satanw,
2332 2989 2519 3058 fecistis
2550 2994 2735 3061 festum
2762 2989 3009 3058 Spiritus.
3044 2988 3198 3045 Unde
3226 2989 3423 3045 inferas
3444 2991 3668 3061 primani

2074 3081 2218 3134 illam
2269 3082 2337 3135 de
2389 3081 2592 3136 Lazaro
2637 3082 2953 3138 concionem
2998 3081 3193 3137 dictam
3234 3080 3398 3137 fuisse
3435 3083 3670 3138 secundo

2075 3170 2309 3225 Januarii
2336 3172 2443 3234 dic,
2478 3184 2597 3241 post
2629 3175 2823 3229 festum
2856 3172 3237 3238 Saturnalium,
3264 3174 3405 3242 quod
3429 3190 3553 3230 verc
3596 3176 3673 3231 fe-

2077 3272 2216 3317 stum
2238 3262 2448 3317 Sataua:
2473 3273 2609 3329 erat,
2648 3264 2738 3319 ubi
2767 3263 3094 3326 temnlentia,
3130 3265 3397 3331 tripudiis,
3429 3266 3672 3319 saltatio.

2077 3353 2255 3417 nibus,
2286 3356 2789 3420 comessationibus,
2831 3356 3056 3426 aliisque
3092 3369 3158 3409 ex
3187 3355 3448 3411 Bacchica
3492 3356 3674 3412 lurore

2076 3447 2521 3516 consequentibus
2548 3463 2764 3517 operam
2799 3447 2961 3503 dabat
2989 3462 3112 3518 pars
3139 3450 3374 3503 maxima
3403 3450 3632 3505 civitatis
3656 3468 3671 3515 ;

2076 3537 2391 3608 videturque
2410 3538 2597 3593 eodem
2622 3554 2762 3593 anno
2792 3539 2970 3594 habita
2996 3554 3103 3610 quo
3125 3539 3338 3594 humilia
3359 3541 3603 3611 superior
3619 3543 3671 3595 in

2076 3628 2363 3694 Kalendas,
2392 3630 2605 3697 quando
2644 3640 2699 3684 ut
2741 3630 3029 3685 dissolutos
3070 3645 3250 3686 mores
3284 3641 3671 3701 compesceret,

2076 3730 2294 3774 strenue
2318 3731 2502 3774 contra
2531 3720 2812 3774 satanicam
2844 3720 2982 3774 hanc
3005 3720 3441 3775 consuetudinem
3460 3722 3676 3777 concio-

2076 3820 2234 3866 natus
2260 3820 2359 3867 est.
2410 3812 2486 3866 De
2527 3827 2670 3867 anno
2702 3819 2902 3877 autem,
2951 3826 3057 3881 quo
3087 3810 3168 3865 bze
3206 3811 3441 3867 humilia:
3481 3812 3676 3866 habiue

2075 3904 2244 3970 fuere,
2277 3921 2345 3961 ne
2367 3904 2627 3975 probabili
2656 3904 2870 3976 quidem
2893 3904 3098 3959 ratione
3124 3904 3411 3975 quidquam
3436 3913 3673 3960 statuere

2077 4013 2381 4069 possumus.

2152 4091 2260 4145 ilas
2286 4105 2413 4147 vero
2428 4090 2716 4146 conciones
2730 4090 3067 4146 continenter
3087 4090 3287 4157 habuit,
3308 4091 3488 4161 paucis
3505 4090 3676 4147 inter-

2080 4182 2268 4253 positis
2298 4182 2437 4237 inter
2470 4182 2705 4252 singulas
2732 4181 2940 4244 diebus,
2996 4181 3188 4250 quibus
3220 4181 3448 4237 fortasse
3486 4181 3675 4237 diebus

2080 4290 2173 4330 eas
2197 4290 2315 4345 qua:
2338 4273 2405 4328 de
2430 4272 2486 4329 S.
2520 4273 2683 4328 Paulo
2711 4283 3027 4343 supererant
3051 4273 3299 4328 absolvit.
3330 4273 3386 4328 ln
3416 4272 3671 4341 secunda,

2079 4382 2238 4436 quam
2270 4365 2450 4435 paucis
2470 4373 2590 4436 post
2615 4364 2839 4434 primam
2869 4362 3056 4418 diebus
3084 4363 3286 4429 habuit,
3315 4365 3494 4419 statim
3523 4364 3671 4429 dicit,

2078 4455 2307 4524 primum
2339 4456 2550 4510 virtutis
2576 4454 2795 4525 gradum
2834 4468 2954 4508 esse
2979 4453 3201 4507 alterius
3241 4452 3420 4507 virtuti
3457 4454 3675 4523 applau-

2076 4546 2225 4601 dere.
2269 4545 2404 4599 llinc
2434 4546 2626 4599 malam
2654 4543 3004 4614 quorumdam
3043 4543 3347 4612 opinionem
3388 4544 3456 4598 de
3496 4544 3674 4598 medio

2078 4639 2267 4694 tollere
2300 4638 2491 4706 satagit
2523 4654 2537 4691 :
2585 4645 2734 4692 erant
2761 4637 2901 4692 enim
2928 4635 3141 4706 quidam
3168 4637 3259 4708 qui
3283 4647 3528 4707 putarent
3551 4637 3672 4691 ani-

2079 4748 2195 4789 mas
2218 4732 2452 4787 violenta
2489 4739 2663 4786 morte
2700 4729 3071 4785 deccdentium
3100 4728 3213 4785 ﬁeri
3245 4731 3537 4789 daamonas.
3575 4733 3676 4789 Po-

2082 4834 2195 4880 stea
2238 4824 2306 4880 de
2334 4824 2537 4879 Lazaro
2570 4832 2624 4878 et
2650 4822 2717 4878 de
2743 4821 2906 4876 divite
2931 4822 3089 4876 verba
3119 4819 3265 4886 facit,
3293 4823 3471 4892 aitque
3496 4832 3674 4893 rapto-

2081 4934 2195 4973 rem
2224 4916 2633 4989 computandum
2660 4931 2779 4971 esse
2808 4914 3040 4978 divitem,
3070 4914 3158 4983 qui
3180 4923 3383 4985 partem
3413 4914 3672 4971 bonorum

2083 5024 2186 5063 non
2220 5009 2474 5078 impertit.

2155 5101 2209 5155 In
2251 5101 2402 5156 tertia
2443 5100 2688 5155 hortatur
2721 5098 2787 5153 ad
2830 5098 3115 5154 lectionem
3154 5096 3444 5168 Scriptura:
3485 5114 3672 5165 sacrm,

2084 5195 2261 5265 aitque
2286 5209 2351 5249 ex
2380 5190 2644 5262 frequenti
2670 5192 2931 5263 ejusmodi
2959 5192 3187 5247 lectione
3221 5200 3452 5246 mentem
3480 5191 3675 5261 aperiri

2086 5287 2149 5341 ad
2181 5288 2433 5357 majorem
2463 5284 2579 5355 ejus
2596 5282 3016 5356 intelligentiam.
3044 5282 3329 5350 Scriptum
3359 5298 3486 5337 vero
3511 5296 3678 5337 sacra:

2089 5379 2435 5448 ignorantiam
2458 5376 2690 5432 hzcreses
2718 5375 3005 5445 peperisse,
3029 5390 3091 5429 ae
3106 5382 3381 5444 postquam
3406 5372 3473 5427 de
3488 5372 3681 5427 adver-

2088 5474 2162 5526 sis
2190 5475 2450 5541 patienter
2477 5471 2711 5527 fcrendis
2742 5470 2901 5525 multa
2941 5470 3095 5534 dixit,
3125 5468 3417 5522 orationem
3456 5465 3679 5522 claudit.

2164 5563 2393 5619 Humilia
2418 5564 2480 5617 de
2501 5563 2562 5619 S.
2587 5562 2803 5633 Babylo.
2831 5591 2904 5602 —
2936 5562 3059 5615 Post
3090 5560 3204 5613 hmc
3236 5559 3513 5629 aliquanto
3540 5567 3679 5613 tem-

2090 5669 2220 5724 pore
2273 5670 2552 5710 sermones
2601 5656 2668 5711 de
2712 5654 2912 5708 Lazaro
2956 5651 3279 5717 intermisit,
3342 5650 3572 5720 primum
3622 5660 3681 5704 ut

2089 5749 2146 5805 S.
2193 5748 2407 5820 Babyla:
2436 5749 2673 5818 episcopi
2714 5743 3028 5801 Antiocbeui
3062 5753 3120 5800 et
3164 5745 3451 5817 martyris;
3489 5743 3684 5798 deinde

2094 5856 2224 5897 vero
2265 5850 2321 5893 ut
2349 5848 2652 5894 sanctorum
2694 5836 2960 5895 Juventiui
3000 5845 3055 5893 et
3094 5836 3360 5892 Maximini
3388 5842 3684 5903 martyrum

2095 5934 2335 5992 encomia
2366 5933 2675 5989 celebraret.
2708 5930 2821 5997 Qua
2852 5931 2904 5987 in
2927 5945 2985 5985 re
3008 5929 3127 6000 ipso
3140 5928 3521 5997 Cbrysostomo
3551 5925 3689 5980 duco

2100 6028 2366 6101 loquimur
2410 6044 2425 6084 :
2465 6026 2537 6081 ait
2561 6025 2702 6082 enim
2734 6024 2821 6081 ille
2846 6022 2945 6080 sub
2976 6022 3178 6078 initium
3221 6018 3452 6073 humilia:
3488 6026 3690 6087 quartzn
