4504 6742
869 558 965 619 147

861 679 930 735 de
951 678 1154 733 Lazaro
1177 696 1189 731 :
1224 678 1411 735 Verum
1432 695 1529 734 non
1546 680 1940 736 aristimatn’mus
1962 699 2064 739 esse
2091 693 2250 737 tutum
2270 682 2329 737 S.
2353 680 2455 735 Ba-

862 770 994 839 bylte
1018 781 1064 824 et
1090 770 1219 843 biga:
1252 770 1359 826 SS.
1391 782 1673 843 martyrum
1693 815 1709 838 ,
1745 774 1832 843 qui
1865 784 1983 843 post
2013 775 2156 829 illam
2180 772 2450 828 bomiliam

860 869 1226 926 occurrerunt,
1262 861 1512 929 praeclara
1540 874 1677 934 gesta
1708 865 1985 929 pra'terire.
2031 865 2234 933 Quibus
2257 879 2452 919 conso-

860 962 952 1006 nat
997 952 1269 1008 concionis
1318 954 1370 1009 in
1423 955 1481 1010 S.
1516 956 1764 1027 Babylam
1809 955 2093 1010 exordium
2141 976 2155 1012 :
2219 956 2452 1011 Volebam

860 1045 1090 1113 equidem
1140 1046 1385 1102 hodierno
1427 1048 1510 1101 die
1549 1048 1765 1101 debitum
1807 1049 2017 1103 reddere
2042 1090 2058 1115 ,
2104 1050 2242 1119 quod
2288 1066 2453 1119 nuper

858 1136 997 1191 vobis
1026 1178 1041 1202 ,
1077 1154 1193 1191 cum
1239 1140 1319 1192 Itic
1365 1156 1521 1191 essent
1549 1180 1564 1206 ,
1603 1140 1812 1209 promisi
1863 1157 1884 1195 :
1925 1143 2012 1197 sed
2049 1142 2170 1213 quid
2216 1142 2451 1211 faciam?

857 1225 923 1281 Β.
970 1228 1192 1299 Babylo:
1231 1232 1564 1287 interveniens
1600 1236 1875 1304 apparuit,
1903 1245 1950 1289 et
1988 1238 2057 1290 ad
2095 1236 2317 1306 seipsum
2358 1252 2452 1289 nos

856 1323 1064 1375 vocavit.
1120 1322 1263 1393 Bigze
1311 1335 1491 1380 autem
1533 1336 1847 1397 martyrum,
1906 1330 1996 1397 qui
2045 1340 2163 1399 post
2207 1340 2448 1384 sanctum

856 1411 1109 1483 Babylam
1169 1415 1427 1472 llomilias
1485 1417 1551 1471 de
1602 1416 1806 1471 Lazaro
1878 1419 2215 1490 intercepere
2248 1463 2261 1483 ,
2324 1430 2450 1475 sunt

854 1513 1070 1558 sanctus
1107 1504 1420 1561 Juventinus
1469 1516 1524 1561 ct
1551 1506 1609 1561 S.
1641 1506 1976 1575 Maximinus,
2018 1513 2109 1581 qui
2152 1511 2449 1567 Antiochim

855 1595 998 1663 passi
1026 1594 1251 1661 fuerant,
1294 1605 1349 1653 et
1377 1613 1603 1667 quorum
1633 1599 1848 1656 homilia
1877 1602 1957 1658 sic
1994 1603 2177 1674 incipit
2206 1621 2220 1658 :
2270 1604 2453 1675 Nuper

854 1683 918 1738 B.
944 1684 1161 1757 Bubglas
1181 1704 1299 1743 cum
1330 1690 1492 1745 tribus
1522 1694 1692 1762 pueris
1714 1710 1805 1748 nos
1831 1694 1913 1748 hic
1932 1697 2266 1768 congregabat
2299 1714 2317 1752 :
2354 1700 2442 1753 Ito-

851 1773 934 1828 die
962 1792 1056 1845 par
1081 1777 1193 1835 SS.
1221 1779 1438 1835 militum
1464 1784 1517 1837 in
1544 1784 1654 1838 acie
1669 1786 1939 1840 exercitum
1960 1786 2148 1842 Christi
2174 1791 2447 1844 constituit.

853 1868 1038 1940 Nuper
1061 1875 1312 1946 quadriga
1342 1888 1645 1949 martyrum,
1670 1879 1819 1934 hodie
1847 1881 1981 1950 biga.
2009 1881 2333 1937 Concionem
2354 1884 2451 1938 ita-

850 1978 977 2031 que,
1029 1975 1149 2033 post
1191 1969 1400 2023 tertiam
1438 1970 1507 2024 de
1550 1970 1753 2024 Lazaro
1797 1971 2070 2026 bomiliam
2112 1971 2326 2033 habuit,
2379 1975 2447 2029 de

848 2051 905 2107 S-
950 2055 1169 2127 Babyla,
1223 2060 1313 2128 qui
1362 2060 1647 2129 episcopus
1691 2060 2057 2117 Antiochenus
2110 2078 2232 2118 cum
2277 2074 2439 2129 esset,

848 2148 1160 2218 martyrium
1180 2165 1274 2220 pro
1289 2150 1504 2206 Christo
1522 2167 1710 2221 passus
1722 2163 1821 2209 est.
1843 2154 1970 2223 Ejus
1988 2154 2267 2211 historiam
2284 2158 2448 2213 refert

846 2236 1304 2309 Clirysostomus;
1356 2244 1587 2298 maxime
1613 2260 1740 2299 vero
1775 2245 1825 2298 in
1857 2245 1995 2300 libro
2040 2246 2153 2311 illo,
2194 2263 2354 2317 quem
2380 2249 2449 2304 de

847 2327 1078 2401 Martyre
1108 2332 1301 2403 Babylo
1329 2343 1513 2388 contra
1558 2334 1826 2389 lulianum
1854 2336 2167 2405 Apostatam
2212 2340 2445 2409 scripsit,

844 2419 936 2473 ubi
963 2421 1181 2475 multum
1210 2422 1392 2479 differt
1418 2424 1487 2480 ab
1527 2426 1759 2481 Eusebio
1798 2426 2136 2495 Caesariensi,
2190 2438 2247 2482 ut
2288 2445 2447 2501 supra

840 2512 1075 2569 diximus
1099 2529 1116 2566 :
1146 2530 1212 2570 ex
1239 2532 1458 2573 rumore
1486 2534 1715 2589 namque
1736 2519 1876 2589 vulgi
1908 2520 2133 2591 loquens
2162 2524 2448 2578 conciona—

843 2614 953 2670 tor,
985 2606 1230 2675 quaadam
1282 2609 1443 2664 refert
1487 2625 1519 2663 a
1566 2611 1639 2665 rei
1671 2611 1892 2665 veritate
1917 2611 2086 2666 aliena
2114 2630 2129 2665 :
2167 2614 2260 2667 sed
2291 2614 2447 2682 longe

842 2698 1175 2763 accuratius,
1239 2713 1360 2754 cum
1410 2700 1479 2755 de
1521 2700 1883 2771 Reliquiarum
1929 2701 2046 2771 ejus
2099 2703 2443 2761 translatione

846 2802 1149 2845 sermonem
1180 2790 1363 2847 habet.

918 2878 1119 2952 Nuper,
1152 2883 1345 2956 inquit,
1398 2902 1505 2945 non
1547 2899 1745 2954 autem.
1782 2891 1907 2957 lteri,
1954 2900 2013 2947 ut
2059 2892 2127 2947 ab
2156 2893 2445 2962 interprete

845 2971 1103 3044 deceptus
1127 2974 1500 3034 Tillemontius
1528 2983 1722 3050 posuit.
1750 2982 1856 3037 Sed
1888 2983 2154 3053 negotium
2185 2982 2448 3038 facessere

848 3064 1062 3123 videtur
1100 3068 1173 3137 id,
1219 3071 1359 3141 quod
1409 3072 1460 3125 in
1491 3082 1764 3141 postremo
1792 3074 2020 3128 exordio
2046 3073 2177 3129 dicit
2209 3090 2224 3128 :
2269 3073 2452 3143 Nuper

854 3164 919 3221 Β.
939 3162 1161 3235 Babylas
1179 3181 1291 3218 cum
1308 3165 1469 3220 tribus
1490 3167 1658 3235 pueris
1677 3183 1767 3221 nos
1782 3168 1863 3221 hic
1878 3168 2215 3239 congregabat
2238 3184 2256 3221 :
2279 3170 2329 3221 in
2351 3167 2451 3223 hac

850 3255 992 3311 enim
1012 3256 1269 3311 concione
1284 3271 1351 3311 ne
1372 3258 1578 3311 minime
1594 3257 1808 3328 quidem
1830 3258 1899 3313 de
1921 3258 2089 3313 tribus
2115 3259 2293 3326 pueris
2319 3260 2452 3329 legi-

852 3346 1183 3411 tur.Verum,
1200 3357 1258 3401 ut
1271 3348 1420 3402 initio
1438 3348 1668 3402 homilitc
1682 3348 1896 3415 dicitur,
1916 3364 2021 3404 non
2037 3349 2450 3422 Chrysostomus

851 3438 1021 3504 solus,
1058 3440 1150 3494 sed
1174 3456 1293 3494 cum
1319 3440 1405 3494 alii
1432 3441 1690 3507 seniores,
1732 3450 1846 3496 tum
1885 3443 2165 3512 episcopus
2193 3442 2307 3511 ipse
2329 3441 2448 3496 Fla-

851 3531 1042 3585 vianus
1068 3530 1257 3585 eodem
1284 3530 1371 3586 die
1396 3532 1697 3586 concionati
1718 3542 1861 3587 sunt.
1895 3531 2020 3585 Ηωε
2040 3545 2085 3586 et
2106 3534 2231 3600 alia,
2257 3532 2447 3603 inquit,

852 3621 1130 3675 senioribus
1158 3621 1602 3675 commemoranda
1626 3620 1933 3688 doctoribus,
1964 3632 2011 3676 et
2037 3624 2290 3676 communi
2318 3624 2452 3692 patri

855 3722 1026 3766 nostra
1045 3712 1383 3781 relinquemus
1403 3728 1424 3767 :
1444 3730 1523 3767 res
1548 3714 1681 3767 enim
1705 3715 2012 3784 antiquiores
2038 3716 2286 3787 praeclare
2314 3716 2452 3770 vobis

854 3822 887 3857 a
926 3805 1122 3858 senibus
1156 3812 1363 3873 possunt
1383 3806 1586 3859 narrari
1614 3820 1633 3859 :
1659 3822 1774 3875 qua
1798 3822 1915 3861 vero
1939 3824 2041 3861 non
2075 3808 2147 3861 ita
2172 3808 2369 3878 pridem
2392 3824 2451 3861 ac

855 3906 1028 3949 nostra
1060 3904 1208 3950 wtate
1225 3905 1342 3949 sunt
1367 3905 1530 3967 gesta,
1560 3896 1695 3950 vobis
1716 3898 1923 3966 juvenis
1943 3914 2032 3969 ego
2059 3898 2300 3965 narrabo,
2335 3915 2451 3967 qua:

857 3988 1093 4041 nimirum
1118 3999 1231 4058 post
1262 3988 1471 4053 obitum,
1512 3999 1621 4059 post
1651 3992 1911 4061 exsequias
1935 3994 2196 4063 martyris,
2241 4011 2300 4045 ac
2330 3994 2453 4047 dum

857 4082 912 4132 in
938 4080 1172 4131 suburbio
1208 4089 1513 4143 momretur,
1558 4080 1870 4134 acciderunt.
1908 4080 2032 4135 "me
2069 4083 2137 4137 de
2166 4082 2224 4135 8.
2256 4084 2453 4154 Babyla

856 4169 959 4223 sibi
986 4168 1282 4224 enarranda
1316 4170 2045 4241 proposuitChrysostomus,
2087 4184 2281 4227 cmtera
2307 4190 2457 4229 com-

857 4260 1004 4314 muui
1031 4261 1162 4329 patri
1181 4269 1235 4314 et
1248 4261 1545 4315 senioribus
1565 4263 2036 4318 commemoranda
2060 4264 2294 4335 reliquit.
2321 4266 2453 4319 Nam

860 4363 918 4407 ut
945 4352 1153 4406 cmtcris
1181 4352 1355 4407 locum
1380 4362 1435 4407 et
1458 4363 1666 4421 tempus
1693 4355 1865 4422 daret,
1892 4357 2204 4413 concionem
2235 4358 2303 4413 de
2332 4373 2457 4413 san~

857 4453 949 4501 cto
972 4444 1170 4515 Baliyla
1203 4444 1498 4499 breviorem
1543 4444 1744 4512 habuit,
1782 4464 1940 4516 quam
1966 4449 2172 4503 solebat
2201 4469 2215 4503 :
2259 4452 2452 4505 verisi-

861 4538 1093 4607 mileque
1123 4548 1205 4590 est
1231 4536 1460 4607 aliquem
1485 4552 1547 4592 ex
1578 4538 1659 4601 iis,
1708 4540 1797 4609 qui
1826 4548 1946 4609 post
1974 4542 2120 4595 illum
2147 4542 2448 4597 concionati

856 4636 1004 4692 sunt,
1028 4628 1095 4682 de
1128 4628 1298 4683 tribus
1318 4628 1497 4697 pueris
1519 4630 1676 4684 verba
1708 4630 1913 4686 fecisse.
1946 4632 2145 4687 Eodem
2167 4633 2330 4703 igitur
2353 4650 2451 4688 an-

858 4735 930 4774 no
961 4719 1139 4774 habita
1166 4728 1247 4774 est
1270 4720 1385 4773 lucc
1413 4722 1622 4786 concio,
1661 4737 1767 4791 quo
1799 4723 2042 4778 llomilia:
2070 4726 2123 4778 in
2153 4725 2449 4791 Lazarum;

856 4820 910 4867 et
941 4810 1156 4883 quidem
1194 4826 1377 4867 mense
1400 4810 1676 4877 Januario,
1720 4812 1927 4867 scilicet
1972 4814 2228 4883 vigesima
2270 4823 2455 4885 quarta

856 4905 1097 4974 ejusdem
1147 4906 1367 4967 mensis,
1426 4913 1483 4958 ut
1533 4905 1759 4971 videtur,
1807 4920 1910 4976 qua
1957 4904 2046 4961 die
2086 4906 2456 4978 Martyrologia

860 4997 1041 5049 omnia
1066 4996 1256 5050 festum
1286 4995 1344 5050 S.
1366 4995 1581 5066 Babyla‘.
1605 4996 1856 5051 indicant.
1886 4996 1987 5065 Qui
2012 5012 2139 5053 vero
2169 4996 2328 5052 fuerit
2359 5014 2457 5052 an-

860 5102 960 5141 nus
986 5086 1093 5151 ille,
1121 5103 1225 5141 non
1256 5086 1323 5140 ita
1348 5085 1503 5142 facile
1520 5096 1603 5144 est
1630 5087 2054 5156 deprehendere.
2079 5089 2457 5145 Tilleniontius

859 5195 1057 5233 annum
1084 5180 1319 5249 assignat
1345 5180 1468 5233 587.
1519 5179 1653 5249 Ejus
1675 5181 1939 5235 calculum
1982 5182 2336 5249 excussimtss,
2375 5183 2454 5237 le-

861 5271 1202 5341 vissimisque
1256 5271 1575 5339 t-onjceturis
1616 5272 1801 5327 fultum
1847 5289 1968 5329 esse
2009 5274 2353 5344 probavimus
2402 5278 2455 5332 in

865 5362 1064 5418 Monito
1092 5362 1158 5417 ad
1186 5363 1469 5417 llomiliam
1500 5365 1550 5417 in
1574 5363 1858 5429 Kalendas,
1892 5382 2011 5438 qua:
2033 5367 2315 5423 Homiliam
2345 5372 2454 5439 pri-

864 5470 1006 5509 mam
1051 5456 1119 5510 dc
1171 5456 1371 5509 Lazaro
1423 5470 1530 5509 uno
1580 5456 1667 5511 die
1717 5460 2009 5527 prmcessit.
2065 5458 2139 5515 lbi
2194 5461 2312 5516 vide
2360 5464 2454 5528 sis,

869 5562 1076 5603 necnon
1108 5549 1157 5602 in
1186 5549 1381 5604 Monito
1405 5550 1469 5604 ad
1495 5549 1748 5604 llomilias
1772 5552 1839 5607 de
1861 5552 2084 5607 Lazaro.

940 5640 1169 5699 Homilia
1226 5644 1278 5696 in
1335 5643 1441 5698 SS.
1504 5642 1832 5699 Iuventinum
1881 5657 1931 5701 et
1986 5646 2345 5702 Maximinum.
2386 5681 2457 5691 —

869 5733 1019 5789 lianc
1063 5735 1244 5805 paucis
1292 5737 1618 5807 interpositis
1665 5738 1854 5795 diebus
1884 5783 1899 5804 ,
1955 5749 2014 5794 ut
2057 5757 2212 5809 supra
2257 5744 2454 5812 proba-

872 5836 982 5878 tmn
1032 5838 1151 5895 est,
1206 5838 1428 5899 sequuta
1487 5840 1571 5884 est
1615 5830 1837 5886 llomilia
1897 5834 1948 5887 in
1991 5844 2204 5889 sanctos
2253 5837 2454 5892 Juven-

864 5927 1029 5970 tmutn
1082 5929 1136 5974 et
1187 5920 1531 5975 Maximinum
1597 5934 1857 5992 martyres
1908 5926 2269 5982 Antiochenos
2299 5972 2313 5994 ,
2364 5930 2453 5998 qui

858 6026 978 6065 cum
1006 6013 1104 6065 sub
1124 6011 1331 6070 Juliano
1356 6014 1393 6067 Α
1407 6024 1607 6085 posmta
1632 6018 2001 6087 comprehensi
2028 6028 2080 6073 et
2104 6020 2156 6073 in
2182 6036 2451 6077 carcerem

1967 564 2022 621 S.
2064 563 2344 622 JOANNIS
2376 560 2865 622 CHRYSOSTOMI
2894 566 3075 633 VITA,

4051 568 4151 622 HS

2566 683 2716 744 trusi,
2759 682 2864 737 diis
2893 685 3151 739 sacrificia
3183 683 3371 739 offerre
3396 680 3613 745 nollent,
3660 681 3780 750 ejus
3799 684 3951 752 jussu
3978 687 4151 754 capite

2562 774 2786 830 truncati
2815 784 2959 828 sunt.
3005 777 3083 830 Ex
3111 777 3270 846 hujus
3313 791 3472 847 porro
3510 774 3785 829 concionis
3821 777 4019 845 verbis,
4058 780 4149 835 ubi

2560 867 2751 921 dicitur
2779 881 2958 934 nuper,
2996 870 3307 924 concionem
3330 868 3398 923 de
3423 868 3482 923 S.
3512 865 3707 937 Babyla
3737 865 3935 920 dictam
3962 866 4148 934 fuisse.

2560 957 2680 1025 quia
2712 966 2861 1011 vetus
2890 954 3154 1024 interpres
3184 958 3405 1014 Latinus
3445 959 3574 1014 illud
3618 960 3781 1013 verbo
3830 956 3960 1023 lteri,
4012 963 4151 1017 male

2564 1057 2814 1112 verterat,
2858 1048 2890 1101 ii
2921 1048 3011 1116 qui
3039 1046 3430 1118 Martyrologiis
3452 1065 3666 1120 Operam
3697 1048 3955 1104 dederunt
3988 1047 4039 1100 in
4067 1051 4149 1100 vi-

2558 1142 2815 1211 gesimam
2858 1140 3091 1210 quintam
3132 1138 3407 1195 Februarii
3454 1143 3641 1197 horutn
3678 1151 3966 1214 martyrum
4006 1138 4147 1193 diem

2558 1226 2752 1285 festum
2778 1231 3077 1296 conferunt,
3125 1230 3251 1284 licet
3286 1230 3368 1285 bis
3410 1232 3461 1286 in
3490 1233 3589 1289 hac
3627 1235 3843 1290 homilia
3883 1249 3941 1289 se
3966 1249 4148 1302 nuper,

2558 1337 2663 1375 non
2696 1334 2873 1377 autem
2906 1324 3150 1378 hesterna
3173 1321 3260 1375 die
3284 1320 3352 1376 de
3370 1320 3429 1377 8.
3460 1322 3659 1395 Babyla
3684 1342 3743 1381 sc
3771 1326 3929 1381 verba
3958 1323 4150 1380 fecisse

2555 1411 2735 1467 dicat:
2768 1416 2921 1484 cujus
2946 1415 3137 1469 festum
3164 1413 3348 1468 incidit
3382 1412 3433 1466 in
3465 1412 3537 1467 24
3564 1414 3824 1470 Januarii.
3871 1416 3998 1472 Inde
4032 1430 4152 1471 mos

2555 1505 2801 1571 obtinuit,
2836 1515 2892 1560 ut
2919 1507 3007 1562 die
3038 1509 3228 1562 festum
3256 1506 3314 1559 8.
3342 1504 3555 1577 Babylzc
3576 1507 3909 1576 insequente,
3940 1510 4035 1565 SS.
4058 1507 4154 1563 Ju-

2554 1598 2757 1653 ventini
2808 1609 2864 1653 et
2907 1600 3176 1656 Maximini
3225 1600 3535 1655 memoriam
3574 1599 3855 1653 cnuntient
3886 1618 3899 1653 :
3934 1617 4037 1655 non
4083 1617 4152 1658 ex

2556 1690 2864 1748 Grzecormn
2908 1693 3124 1748 Menzcis
3180 1693 3232 1748 id
3279 1693 3520 1756 mutuati,
3564 1689 3847 1760 siquidem,
3902 1700 3959 1744 ut
4001 1700 4157 1747 notat

2556 1784 2756 1853 optime
2775 1784 3084 1851 Bollandus,
3104 1784 3248 1838 nulla
3265 1784 3315 1837 in
3338 1782 3574 1845 Mcnmis,
3594 1780 3904 1849 Menologiis
3924 1780 4154 1850 aliisque

2557 1874 2705 1930 fastis
2724 1874 3054 1940 Graecorum,
3070 1876 3165 1931 SS.
3183 1874 3450 1930 Juventini
3471 1884 3524 1929 et
3540 1871 3806 1928 Maximini
3828 1880 4002 1925 exstat
4032 1888 4151 1925 me-

2554 1966 2761 2029 moria;
2794 1965 2910 2029 scd,
2941 1975 2998 2019 ut
3029 1966 3280 2030 diximus,
3323 1980 3389 2019 ex
3420 1964 3615 2020 veteris
3652 1962 3953 2031 interpretis
3999 1962 4153 2030 lapsu

2552 2056 2604 2109 in
2636 2056 3026 2127 Martyrologiis
3052 2066 3287 2110 erratum
3309 2065 3411 2110 est.

2622 2147 2748 2203 Post
2791 2148 2907 2204 ιιωο
2958 2151 3202 2204 encomia
3254 2148 3493 2219 ejusdem
3535 2147 3803 2217 parabola:
3857 2160 4151 2215 argumen-

2553 2249 2663 2296 tum
2715 2243 3039 2312 resumpsit,
3087 2252 3142 2297 et
3183 2251 3425 2312 quartam
3476 2239 3543 2295 de
3592 2239 3793 2293 Lazaro
3830 2238 4151 2292 concionem

2552 2332 2739 2388 habuit
2776 2350 2791 2387 :
2823 2332 2952 2388 dicit
2995 2343 3172 2387 autem
3227 2333 3325 2387 sub
3381 2331 3586 2385 initium
3626 2346 3689 2385 ex
3747 2329 3846 2384 hac
3891 2328 4151 2398 pztrabola

2553 2441 2775 2497 magnos
2819 2426 3017 2496 percipi
3066 2440 3222 2496 posse
3276 2423 3497 2480 fructus.
3536 2424 3737 2479 Deinde
3780 2438 3907 2475 vero
3957 2422 4155 2491 probat

2554 2519 2745 2574 anima:
2788 2518 3278 2582 immortalitatem,
3330 2518 3509 2587 aitque
3558 2514 3900 2570 conscientia:
3947 2521 4152 2567 nostrae

2553 2614 2781 2669 tribunal
2812 2629 2933 2669 esse
2966 2614 3354 2682 incorruptutn,
3409 2619 3568 2680 atque
3598 2624 3663 2663 ex
3703 2606 3952 2661 aerumnis
3980 2615 4037 2659 et
4062 2619 4155 2659 ca-

2549 2704 2876 2760 lamitatibus
2920 2705 3172 2759 illustrari
3221 2712 3491 2767 mentem,
3541 2711 3596 2756 et
3643 2708 3894 2755 consueta
3953 2696 4151 2751 morali

2549 2796 2923 2851 adhortatione
2948 2794 3149 2850 claudit
3175 2796 3511 2849 concionem.

2642 2889 2923 2944 Homiliam
2979 2888 3032 2942 in
3094 2885 3225 2941 illud
3260 2927 3275 2953 ,
3340 2883 3420 2938 De
3478 2881 3838 2937 dormientibus
3889 2879 4008 2932 nolo
4062 2893 4153 2931 ros

2550 2982 2786 3053 ignorare
2810 3022 2825 3046 ,
2868 2986 2990 3049 post
3027 2986 3258 3045 quatuor
3291 2977 3410 3031 illas
3454 2974 3520 3028 de
3548 2972 3746 3027 Lazaro
3778 2969 4025 3023 bomilias
4048 2967 4152 3021 ha-

2553 3072 2664 3127 bita
2707 3072 2833 3136 fuit,
2881 3080 2939 3125 ut
2985 3071 3098 3140 ipse
3128 3070 3279 3122 initio
3308 3068 3469 3133 dicit,
3506 3075 3560 3121 et
3608 3066 3659 3119 in
3715 3064 3815 3118 hac
3864 3061 4027 3116 etiam
4084 3060 4153 3113 de

2555 3163 2757 3217 Lazaro
2790 3160 3080 3216 identidem
3110 3160 3238 3229 agit.
3280 3157 3612 3226 Quapropter
3642 3162 3762 3224 post
3803 3151 4053 3206 bomilias
4083 3151 4153 3206 dc

2556 3256 2758 3311 Lazaro
2784 3266 2838 3309 et
2862 3254 3118 3324 temporis
3138 3261 3192 3308 ct
3210 3250 3505 3322 argumenti
3530 3263 3688 3305 causa
3716 3248 3767 3303 in
3796 3246 3893 3302 hac
3911 3245 4153 3301 editione

2554 3347 2725 3417 posita
2754 3345 2872 3400 fuit.

2624 3437 2913 3507 Postquam
2946 3446 3102 3492 terrae
3144 3446 3320 3491 motus
3350 3434 3688 3490 Antiochiam
3732 3430 4151 3502 subagitaverat,

2553 3530 2710 3583 aliam
2752 3529 2938 3583 habuit
2982 3529 3252 3582 bomiliam
3280 3527 3729 3599 Chrysostomus,
3777 3538 3894 3593 qua:
3930 3522 3985 3576 in
4011 3520 4152 3577 Ter—

2556 3639 2629 3676 nn
2669 3631 2869 3676 motum
2910 3631 2963 3677 et
3007 3622 3231 3676 Divitem
3269 3630 3322 3677 et
3350 3620 3608 3675 Lazarum
3642 3616 3963 3679 inscribitur,
4003 3615 4155 3668 ideo-

2554 3731 2658 3785 que
2696 3716 2841 3770 illam
2880 3717 3019 3771 inter
3058 3716 3314 3770 llomilias
3351 3714 3419 3768 de
3460 3713 3660 3767 Lazaro
3710 3721 3911 3764 sextam
3960 3710 4150 3761 consi-

2552 3824 2795 3878 gnamus.
2851 3809 2998 3862 lianc
3062 3807 3376 3862 concionem
3442 3803 3782 3860 liermanlius
3837 3801 3888 3855 in
3944 3816 4149 3853 annum

2553 3899 2656 3955 587
2685 3899 3061 3954 conferendam
3108 3898 3343 3967 putavit,
3388 3897 3637 3966 quoniam
3670 3894 3761 3947 illo
3796 3906 3936 3945 anno
3987 3902 4151 3945 terr-.c

2555 4002 2733 4046 motus
2757 3992 3057 4045 Antiochia:
3079 3991 3194 4044 fuit.
3231 3990 3425 4043 Verum
3456 3989 3589 4041 adeo
3617 3987 3921 4055 frequentes
3951 3984 4150 4037 Antio-

2556 4081 2692 4135 chim
2733 4090 2889 4135 terra?
2914 4091 3090 4134 motus
3113 4088 3285 4143 erant,
3331 4088 3387 4131 ut
3425 4078 3475 4130 in
3508 4077 3705 4130 Monito
3738 4075 3804 4128 ad
3833 4076 3968 4127 hanc
4012 4088 4152 4127 cun-

2556 4173 2765 4227 cionem
2798 4171 3157 4240 probavimus,
3192 4178 3247 4222 ut
3280 4168 3402 4221 hinc
3442 4181 3635 4221 annum
3685 4178 3789 4235 quo
3833 4163 4009 4217 habita
4054 4162 4153 4215 lio-

2557 4264 2702 4318 milia
2725 4264 2822 4317 fuit
2845 4263 3159 4332 consignare
3182 4275 3286 4314 non
3317 4260 3491 4313 liceat.

2632 4354 2913 4408 Homiliam
2944 4353 3010 4407 de
3043 4352 3226 4407 Viduis
3267 4348 3354 4419 (Τ.
3386 4351 3438 4403 5.
3499 4366 3544 4403 c.
3573 4346 3703 4418 321)
3740 4345 3921 4415 paucis
3959 4344 4154 4397 diebus

2557 4457 2679 4519 post
2702 4447 2983 4501 llomiliam
3016 4445 3082 4499 de
3112 4441 3503 4498 dormientibus
3532 4438 3923 4511 pronuntiatam
3955 4436 4145 4498 fuiSsc,

2557 4540 2671 4608 ipse
2705 4537 3120 4608 Chrysostomus
3161 4535 3212 4588 in
3251 4534 3508 4603 principio
3537 4530 3719 4595 refert,
3748 4544 3867 4583 cum
3896 4527 3993 4590 ait,
4026 4542 4148 4581 eam

2557 4630 2778 4683 multato
2826 4629 3020 4682 habere
3058 4627 3423 4697 cognationem
3472 4638 3591 4677 cum
3634 4619 3953 4693 praecedenti
3986 4638 4005 4668 ι
4035 4620 4149 4673 lloc

2558 4722 2703 4775 enim
2744 4719 2872 4773 illud
2901 4728 3005 4783 est,
3034 4735 3053 4769 ι
3086 4719 3274 4787 inquit,
3313 4736 3331 4768 t
3355 4715 3494 4786 quod
3528 4729 3695 4783 nuper
3724 4712 4019 4774 dicebatur,
4070 4709 4151 4761 De

2560 4812 2918 4867 dormientibus
2950 4822 3117 4864 autem
3153 4812 3269 4865 nolo
3316 4827 3400 4865 vos
3440 4811 3696 4879 ignorare,
3733 4811 3951 4877 fratres;
3999 4804 4152 4856 etde

2560 4904 2955 4960 resurrectione
2980 4902 3143 4955 multa
3180 4913 3290 4956 tum
3334 4917 3363 4954 a
3404 4901 3558 4953 nobis
3586 4909 3709 4953 sunt
3734 4896 3894 4950 dicta.
3931 4914 3950 4945 ι
3986 4894 4058 4946 Ita
4091 4900 4151 4944 ut

2560 5010 2764 5054 certum
2794 4997 3035 5051 videatur
3069 4996 3205 5051 hanc
3227 4995 3424 5049 dictam
3456 4992 3620 5047 fuisse
3648 4989 3831 5060 paucis
3861 4996 3978 5056 post
4002 4987 4147 5038 illam

2560 5108 2718 5162 quam
2750 5090 2818 5145 de
2846 5089 3252 5143 Besurrectione
3278 5096 3330 5143 et
3367 5087 3433 5141 de
3466 5085 3668 5139 Lazaro
3694 5082 3935 5151 quintam
3958 5078 4149 5132 inscri-

2560 5185 2761 5256 psimus
2785 5198 2799 5247 ;
2851 5182 2957 5235 imo
2987 5180 3223 5235 fortassis
3249 5188 3371 5233 ante
3398 5188 3602 5233 sextam
3642 5174 3709 5227 de
3737 5170 4151 5225 Resurreetione

2562 5285 2616 5331 et
2642 5276 2709 5331 de
2735 5275 2953 5329 Lazaro.
3003 5273 3147 5327 lianc
3171 5288 3293 5327 cum
3322 5272 3423 5325 illis
3453 5270 3518 5324 de
3548 5269 3749 5323 Lazaro
3778 5276 3829 5317 et
3857 5262 3975 5315 aliis
4001 5259 4145 5329 ejus.

2562 5369 2683 5424 dem
2711 5364 2991 5435 temporis,
3042 5380 3161 5433 quae
3204 5364 3447 5417 undecim
3477 5373 3703 5414 numero
3748 5364 3889 5417 sunt,
3942 5352 4147 5405 confert

2561 5460 2931 5516 Tillemontius
2959 5457 3009 5511 in
3038 5457 3159 5510 anni
3189 5457 3291 5511 586
3318 5455 3525 5510 initium
3562 5470 3574 5504 :
3619 5458 3801 5503 contra
3830 5459 3983 5513 quam
4015 5456 4147 5499 tem.

2563 5555 2707 5621 poris
2737 5561 2915 5603 nolam
2955 5563 3057 5601 non
3088 5563 3253 5618 pauca
3296 5546 3547 5604 diximus,
3603 5536 3743 5593 aliud
3773 5546 3947 5591 autem
3991 5551 4145 5605 arguo

2562 5652 2801 5700 mentum
2834 5641 3095 5711 prioribus
3120 5641 3418 5708 adjicinnts.
3464 5634 3680 5687 Certum
3720 5640 3799 5683 est
3833 5629 4145 5699 (lhrysoste-

2562 5753 2707 5791 mum
2730 5750 2869 5789 anno
2889 5735 3101 5789 ineunte
3126 5734 3233 5787 ’587
3262 5746 3366 5784 non
3393 5738 3588 5795 paucos
3604 5722 3847 5777 habuisse
3870 5737 4144 5776 sermones

2563 5832 2629 5887 de
2653 5831 3027 5885 consubstantia
3057 5838 3109 5881 et
3138 5834 3324 5881 contra
3354 5822 3673 5882 Anommos;
3705 5831 3801 5872 nec
3828 5816 3999 5871 minus
4027 5829 4144 5867 cer-

2563 5939 2672 5981 tum
2713 5926 2887 5981 solere
2923 5922 3367 5994 Chrysostomum
3400 5912 3785 5985 prmteritarum
3830 5910 4142 5966 conciouum

2564 6020 2891 6086 meminisse,
2935 6017 3087 6090 cujus
3129 6012 3205 6068 rei
3243 6009 3485 6080 exempla
3528 6009 3721 6080 passim
3770 6004 3994 6061 vidimus
4028 6018 4040 6054 :
4074 6012 4142 6051 an
