4504 6710
369 551 470 611 149

366 682 494 723 vero
532 666 840 739 contingere
878 671 1063 741 potuit,
1112 679 1169 724 ut
1209 670 1417 738 vigente
1462 670 1548 721 illa
1579 680 1761 724 contra
1797 672 1943 723 Ano-

366 773 539 813 mceos
563 757 965 831 disceptatione,
999 763 1052 815 in
1083 760 1227 814 nulla
1266 758 1519 813 harumce
1551 775 1739 816 norem
1776 760 1949 814 immi-

364 849 577 916 liarum,
608 869 725 924 quae
758 855 871 908 sine
899 852 1079 913 dubio,
1106 852 1149 905 si
1179 850 1366 905 eodem
1392 867 1531 907 anno
1554 864 1605 907 et
1640 868 1821 907 mense
1854 853 1948 906 ha-

360 937 489 995 bitae
516 940 727 1009 fuerint,
768 945 908 997 inter
941 940 1199 995 Homilias
1232 953 1415 997 contra
1456 946 1745 999 Anomteos
1780 945 1945 997 inter-

360 1032 545 1087 mixta‘.
562 1034 792 1097 fuerunt,
812 1032 895 1086 vel
912 1032 1183 1085 minimam
1202 1032 1380 1090 haberi
1395 1035 1549 1105 hujus
1570 1035 1946 1090 controversiae

362 1123 730 1178 mentionem?
762 1120 873 1175 Hae
898 1121 1028 1175 mihi
1063 1137 1203 1177 nova
1234 1125 1448 1180 suborta
1475 1125 1749 1180 dubitandi
1786 1138 1943 1177 causa

359 1216 525 1269 animi
555 1213 781 1284 pendeo,
813 1212 987 1269 donec
1011 1216 1133 1284 quid
1158 1217 1355 1272 certius
1376 1226 1633 1288 emergat.

431 1307 722 1373 Septimam
744 1304 813 1359 de
857 1304 1060 1361 Lazaro
1097 1310 1340 1378 ponimus
1388 1309 1655 1362 homiliam
1698 1321 1817 1377 quae
1858 1305 1942 1360 in-

360 1395 647 1458 scribitur,
690 1394 938 1449 Adversus
963 1414 1064 1465 eos,
1114 1399 1201 1467 qui
1250 1399 1318 1451 ad
1365 1399 1607 1451 circenses
1636 1397 1781 1450 ludos
1824 1413 1941 1465 per-

359 1493 505 1554 gunt,
535 1492 581 1536 et
614 1485 666 1537 in
694 1485 837 1539 illum
878 1486 1139 1560 Evangelii
1165 1490 1328 1542 locum
1348 1504 1366 1541 :
1396 1489 1592 1542 intrate
1634 1499 1732 1554 per
1771 1503 1940 1557 angu-

357 1583 493 1627 stam
520 1583 752 1642 portam,
786 1577 907 1646 quia
934 1578 1036 1632 lata
1067 1588 1215 1647 porta
1245 1588 1298 1631 et
1319 1578 1549 1645 spatiosa
1576 1578 1657 1630 via
1688 1587 1783 1643 est,
1822 1594 1939 1647 qua:

356 1664 503 1719 ducit
531 1665 598 1719 ad
625 1667 999 1735 perditionem,
1039 1677 1091 1721 et
1132 1668 1283 1720 multi
1314 1677 1438 1721 sunt
1466 1668 1556 1738 qui
1606 1669 1804 1723 intrant
1847 1685 1939 1737 per

357 1769 475 1808 eam
522 1773 536 1810 :
584 1765 631 1809 et
674 1774 848 1811 versus
890 1759 1042 1826 ﬁnem
1069 1798 1084 1821 ,
1127 1758 1179 1811 in
1223 1756 1440 1812 Divitem
1485 1769 1534 1812 et
1574 1761 1627 1812 in
1661 1759 1933 1816 Lazarum.

357 1846 504 1902 Hanc
535 1865 660 1903 vero
688 1852 998 1903 concionem
1028 1851 1082 1903 in
1111 1852 1248 1905 serie
1284 1852 1621 1906 homiliarum
1645 1852 1711 1906 de
1738 1852 1938 1906 Lazaro

355 1952 477 1991 esse
519 1940 815 2007 ponendam
859 1940 1018 1994 docet
1067 1942 1178 2011 ipse
1215 1942 1629 2013 Chrysostomus
1669 1960 1817 1997 num.
1858 1944 1932 1997 ὃς

360 2026 532 2080 Unum
584 2030 736 2098 igitur
764 2046 825 2084 ex
859 2032 921 2085 iis
938 2073 954 2097 ,
983 2033 1069 2096 qui
1114 2049 1202 2102 per
1220 2043 1489 2103 angustam
1514 2043 1560 2087 et
1587 2044 1779 2087 arctam
1804 2036 1936 2088 viam

355 2118 679 2184 incesserunt,
709 2120 843 2174 vobis
865 2123 915 2175 in
936 2123 1155 2176 medium
1195 2127 1501 2195 proferentes
1519 2166 1533 2187 ,
1564 2141 1736 2179 eorum
1769 2142 1883 2195 qum
1903 2142 1935 2178 a

355 2204 577 2262 Domino
606 2210 738 2264 dicta
763 2221 877 2265 sunt
904 2214 1159 2267 veritatem
1185 2215 1518 2279 ostendamus,
1551 2224 1597 2268 et
1621 2216 1795 2269 eadem
1816 2232 1933 2269 rur-

355 2314 442 2351 sus
470 2298 677 2353 Domini
722 2304 963 2371 parabola
990 2313 1210 2356 utamur.
1251 2303 1319 2357 Et
1363 2305 1544 2372 paucis
1574 2305 1899 2375 interpositis
1920 2347 1931 2369 ,

355 2402 450 2442 eos
476 2391 661 2464 eadem
695 2391 944 2459 parabola
968 2392 1079 2461 jam
1116 2392 1347 2446 imbutos
1382 2392 1680 2460 declarans,
1712 2395 1789 2448 sic
1810 2410 1934 2463 per-

355 2478 465 2546 git:
508 2479 581 2531 Ac
607 2480 709 2532 scio
746 2481 975 2549 equidem
1018 2496 1125 2549 vos,
1179 2481 1403 2535 homines
1448 2484 1779 2551 perspicaces,
1824 2486 1937 2554 jam

353 2568 492 2635 quod
542 2569 769 2625 dicturus
811 2586 925 2625 sum
973 2572 1291 2644 intelligere;
1342 2573 1668 2627 nihilominus
1721 2585 1939 2627 tamena

355 2660 500 2714 nobis
541 2661 644 2715 dici
670 2678 864 2717 necesse
881 2673 972 2718 est.
1002 2664 1068 2718 Et
1107 2672 1289 2733 postea
1337 2664 1403 2719 de
1437 2664 1598 2718 divite
1644 2674 1698 2719 et
1736 2664 1937 2718 Lazaro

355 2750 601 2820 pluribus
641 2753 770 2823 agit.
829 2754 1048 2809 Demum
1101 2770 1250 2809 num.
1305 2755 1372 2820 5,
1428 2765 1707 2825 postquam
1753 2756 1936 2810 Lazari

356 2852 586 2898 mortem
612 2858 734 2898 cum
760 2843 937 2899 divitis
965 2844 1111 2900 obitu
1140 2846 1439 2901 contulerat
1463 2865 1476 2901 :
1504 2846 1753 2902 Lubenter
1780 2848 1933 2916 enim,

356 2936 463 3001 ait,
509 2936 639 2989 hanc
663 2952 768 2989 rem
795 2952 929 3007 swpe
969 2953 1141 3002 verso,
1176 2948 1229 2990 ut
1265 2955 1410 2992 nemo
1446 2955 1510 2992 ea:
1552 2940 1674 3005 illis,
1705 2941 1792 3010 qui
1819 2956 1937 3011 ege-

356 3034 483 3079 state
507 3028 584 3081 vel
624 3028 811 3081 morbis
836 3037 885 3081 et
921 3029 1055 3097 fame
1082 3040 1393 3096 premuntur,
1440 3046 1493 3083 se
1532 3040 1838 3096 contemnat,
1890 3039 1937 3083 et

359 3116 581 3184 seipsum
620 3117 857 3171 miserum
898 3118 1200 3182 arbitretur,
1244 3119 1331 3171 sed
1374 3120 1652 3187 patienter,
1703 3129 1808 3174 etc.
1858 3119 1938 3173 Ex

355 3207 549 3277 quibus
575 3208 915 3276 perspicuum
945 3218 1028 3262 est
1056 3209 1191 3261 hanc
1212 3209 1368 3278 paulo
1396 3217 1517 3277 post
1544 3206 1793 3264 homilias
1819 3208 1938 3263 illas

356 3307 587 3365 quatuor
610 3296 677 3352 de
698 3296 902 3352 Lazaro
931 3300 1321 3367 pronuntiatam
1361 3297 1550 3354 fuisse.
1582 3299 1937 3367 Quamobrem

357 3388 411 3441 in
439 3388 704 3443 nonnullis
732 3388 1020 3444 Codicibus
1042 3390 1166 3445 Mss.
1209 3389 1347 3445 inter
1378 3389 1632 3444 Homilias
1652 3389 1717 3444 de
1738 3389 1938 3444 Lazaro

355 3480 592 3550 ponitur,
609 3490 664 3535 et
690 3482 741 3535 in
760 3480 1066 3537 Colbertino
1082 3483 1186 3537 366
1205 3490 1326 3551 post
1344 3490 1569 3552 quatuor
1594 3482 1712 3535 illas
1736 3482 1939 3551 priores

356 3570 423 3624 de
452 3569 655 3625 Lazaro
692 3570 920 3638 locatur,
953 3580 1007 3627 et
1046 3572 1353 3627 inscribitur
1380 3573 1573 3640 Quinta
1614 3573 1681 3627 de
1716 3572 1937 3640 Lazaro,

355 3670 517 3730 atque
542 3662 771 3717 Homilia
793 3664 846 3717 in
875 3662 1024 3729 illud,
1061 3662 1200 3719 Nolo
1227 3680 1315 3719 vos
1336 3664 1571 3735 ignorare
1596 3666 1659 3718 de
1685 3666 1940 3720 demicu-

357 3752 509 3817 tibus,
542 3753 849 3809 inscribitur
885 3755 1047 3811 Sexta
1082 3756 1150 3811 de
1190 3756 1412 3811 Lazaro.
1442 3756 1637 3812 Verum
1670 3757 1805 3811 hanc
1840 3772 1938 3826 po-

356 3852 613 3897 stremam
639 3844 706 3900 de
750 3845 913 3902 Ludis
941 3848 1271 3903 circensibus
1290 3889 1304 3912 ,
1333 3848 1421 3902 illa
1450 3847 1518 3903 de
1547 3848 1939 3902 Dormientibus

358 3934 649 4001 przecessit,
693 3944 750 3989 ut
787 3936 899 4003 ipsa
929 3937 1161 3991 homilias
1203 3938 1345 3992 illius
1384 3937 1555 4007 prima
1590 3939 1747 3991 verba
1804 3939 1939 3991 indi-

358 4035 483 4079 cant
509 4043 523 4079 :
556 4025 676 4080 Dies
696 4037 912 4095 quatuor
930 4029 982 4081 in
1003 4029 1307 4097 explicanda
1327 4029 1462 4082 vobis
1487 4028 1671 4082 Lazari
1698 4030 1940 4096 parabole

358 4117 781 4185 consumpsimus,
810 4128 913 4172 etc.
943 4118 1103 4188 Igitur
1136 4118 1431 4173 Antiochia:
1455 4120 1793 4174 continenter
1821 4128 1941 4189 post

358 4207 646 4263 conciones
669 4206 738 4263 de
771 4208 972 4263 Lazaro
1009 4210 1145 4264 hanc
1174 4209 1361 4263 habuit
1398 4210 1692 4275 homiliam,
1716 4212 1802 4264 υιλὶ
1828 4212 1937 4279 pri-

366 4312 510 4352 mum
541 4307 726 4352 contra
754 4299 871 4353 illos
895 4299 1032 4369 agit,
1060 4300 1146 4369 qui
1167 4300 1435 4354 circenses
1460 4300 1613 4354 ludos
1640 4300 1940 4369 frequenta-

360 4391 511 4457 bant,
543 4400 598 4445 et
627 4398 808 4460 postea
834 4391 899 4445 ad
927 4399 1235 4446 consuetam
1265 4391 1332 4446 de
1351 4390 1551 4446 Lazaro
1572 4400 1627 4446 et
1652 4390 1817 4447 divite
1844 4406 1940 4463 pa-

360 4482 598 4535 rabolam
634 4482 886 4537 deﬂectit.

430 4571 701 4626 Hactenus
725 4582 934 4643 tempus
949 4588 1053 4643 quo
1070 4574 1354 4629 conciones
1379 4572 1616 4645 singulas
1645 4574 1941 4629 Antiochiae

361 4661 550 4719 habuit
607 4660 1021 4735 Chrysostomus
1072 4664 1491 4733 assignavimus,
1544 4664 1702 4719 modo
1742 4664 1933 4727 certis,

362 4753 523 4809 modo
550 4752 725 4807 dubiis
771 4753 1000 4807 indiciis.
1037 4755 1269 4809 Ceteras
1306 4770 1436 4811 vero
1480 4769 1611 4825 quas
1643 4756 1936 4818 edidimus,

362 4858 600 4914 quasque
634 4842 951 4908 Antiochiae,
1002 4843 1118 4897 sine
1170 4844 1274 4897 ulla
1322 4844 1583 4912 probabili
1625 4844 1748 4897 anni
1777 4852 1938 4908 nota,

364 4936 616 4991 habuisse
650 4944 928 5004 putamus,
974 4933 1059 4988 hic
1100 4934 1433 4988 continenter
1472 4948 1821 5005 apponemus,
1850 4933 1942 4987 illo

363 5027 555 5081 ordine
570 5041 676 5097 quo
701 5027 754 5081 in
782 5028 880 5081 hac
899 5024 1129 5080 editione
1156 5024 1412 5080 feruntur.

438 5115 682 5171 Humilia
722 5118 773 5171 in
815 5115 1163 5171 Pentecosten.
1198 5146 1268 5155 —
1294 5115 1578 5170 Homiliam
1623 5117 1849 5185 primam
1888 5118 1941 5172 in

368 5209 723 5263 Pentecosten
758 5223 826 5262 ne
860 5208 1163 5277 conjectura
1192 5206 1406 5277 quidem
1444 5205 1622 5261 dicere
1664 5221 1944 5275 possumus

368 5316 476 5370 quo
501 5315 642 5353 anno
669 5298 847 5352 habita
874 5299 1051 5364 fuerit,
1080 5309 1139 5352 ut
1165 5299 1219 5353 in
1243 5297 1442 5353 Monito
1461 5296 1529 5352 ad
1557 5297 1800 5354 eamdem
1832 5314 1946 5369 pro-

371 5388 614 5445 havimus
643 5388 728 5457 (T.
755 5389 810 5443 2.
848 5405 895 5440 c.
928 5388 1079 5459 451).
1105 5390 1162 5443 ln
1186 5404 1247 5444 ea
1273 5404 1400 5445 vero
1430 5404 1537 5443 non
1559 5403 1774 5459 parvam
1793 5391 1947 5446 nobis

371 5478 737 5535 difﬁcultatem
766 5478 921 5534 affert
943 5479 995 5532 in
1023 5482 1396 5536 enumerandis
1432 5482 1721 5550 majoribus
1751 5482 1950 5537 festivi.

374 5572 591 5638 tatibus,
620 5590 751 5644 quas
776 5574 878 5630 sub
926 5573 1129 5627 initium
1164 5573 1346 5641 prima:
1376 5576 1428 5627 in
1468 5576 1817 5631 Pentecosten
1853 5577 1948 5630 ho-

375 5662 535 5716 milia:
560 5665 639 5717 sic
682 5672 1083 5720 commemorat.
1127 5662 1359 5717 Primam
1403 5665 1530 5719 dicit
1577 5666 1944 5736 Epiphaniam,

375 5754 659 5811 secundam
680 5757 877 5812 Pascha
890 5801 902 5822 ,
927 5759 1131 5814 tertiam
1146 5757 1516 5812 Pentecosten.
1539 5759 1805 5825 Quaeritur
1822 5776 1951 5817 vero

377 5866 473 5908 cur
496 5848 733 5904 Natalem
769 5850 963 5906 Christi
985 5852 1126 5907 diem
1156 5850 1410 5915 omiserit,
1435 5866 1591 5920 quem
1620 5852 1733 5921 ipse
1758 5853 1830 5909 25
1855 5855 1947 5910 De-

382 5941 611 5999 cembtis
650 5939 909 5995 celebrari
953 5943 1060 6011 jam
1111 5943 1263 6010 dixit,
1315 5952 1370 5997 et
1408 5943 1460 5997 in
1506 5957 1635 6014 quo,
1680 5951 1740 5998 ut
1785 5961 1945 6019 supra

727 6048 988 6107 PATnOL.
1035 6048 1151 6108 Gn.
1199 6047 1447 6109 XLVII.

1552 556 1730 612 NUNC
1775 554 2029 613 PlllllUll
2072 555 2458 612 ADOHNATA.

3535 551 3633 609 150

2060 669 2308 730 diximus.
2351 668 2661 723 concionem
2711 666 2909 720 habuit.
2952 666 3063 719 Dici
3098 664 3232 719 forte
3277 665 3459 732 possit,
3505 668 3632 735 quis

2056 763 2245 817 festum
2273 761 2474 816 Natalis
2496 759 2694 814 Christi
2724 774 2751 812 a
2778 757 3112 829 paucissimis
3138 755 3292 810 annis
3328 756 3632 812 Antiochiae

2053 853 2420 909 celebrabatur
2446 851 2533 906 die
2556 853 2625 907 25
2654 849 2991 914 Decembris,
3022 864 3144 903 cum
3183 856 3338 903 antea
3373 862 3475 902 una
3507 847 3631 915 Epi.
3664 843 3677 853 ³

2054 942 2260 1012 phanim
2309 943 2648 1009 solemnitas,
2700 943 2788 997 die
2847 949 2997 996 sexta
3067 939 3300 995 Januarii
3352 946 3409 994 et
3457 936 3629 992 Natali

2050 1036 2280 1099 Christi,
2311 1043 2366 1089 et
2388 1034 2657 1104 Magorum
2712 1032 3032 1098 adorationi,
3060 1039 3115 1086 et
3137 1029 3332 1084 Christi
3363 1029 3630 1099 baptismo

2047 1126 2297 1195 deputata
2322 1135 2488 1189 esset,
2538 1126 2624 1178 hic
2652 1123 2941 1180 secundum
2983 1131 3220 1177 veterem
3262 1120 3627 1175 solemnitates

2047 1217 2360 1273 numerandi
2382 1215 2816 1271 consuetudinem
2838 1213 3259 1283 aChrysostomo
3277 1209 3624 1279 Epiphaniam

2047 1308 2353 1373 memorari,
2381 1307 2627 1375 diemque
2652 1304 2893 1360 Natalem
2924 1303 3108 1356 taceri.
3140 1302 3235 1357 Hic
3262 1299 3513 1356 nimirum
3538 1313 3624 1353 re:-

2044 1412 2230 1471 ccptus
2258 1400 2325 1454 ab
2356 1415 2469 1454 :evo
2509 1397 2826 1454 recensendi
2866 1410 2984 1451 mos
3033 1394 3196 1449 fuisse
3238 1394 3446 1448 videtur
3481 1390 3623 1461 apud

2045 1493 2405 1546 Antiochenos
2431 1533 2444 1555 ,
2473 1500 2532 1543 ut
2576 1500 2683 1544 tres
2728 1489 3045 1560 insigniores
3086 1486 3448 1541 solemnitates
3472 1482 3622 1537 dice.

2042 1594 2178 1649 rent,
2207 1582 2559 1653 Epiphaniam
2581 1624 2595 1647 ,
2627 1580 2828 1635 Pascha
2857 1590 2911 1633 et
2958 1580 3309 1633 Pentecosten
3336 1593 3350 1630 :
3377 1574 3618 1628 Natalem

2042 1690 2168 1729 vero
2213 1674 2420 1729 Domini
2464 1673 2626 1736 diem,
2660 1672 2780 1742 quia
2812 1685 2982 1740 nuper
3023 1668 3270 1722 inductus
3318 1666 3511 1727 fuerat,
3562 1672 3620 1717 ut

2037 1767 2145 1834 jam
2176 1766 2424 1827 vidimus,
2457 1767 2507 1817 in
2542 1766 2639 1819 hoc
2666 1779 2891 1819 numero
2913 1761 3148 1818 nondum
3184 1767 3459 1829 ponerent,
3492 1757 3614 1828 quia

2044 1866 2197 1912 antea
2222 1872 2343 1911 cum
2374 1856 2667 1924 Epiphania
2694 1856 3083 1909 celebrabatur.

2113 1946 2355 2001 Secunda
2389 1946 2547 1999 etiam
2592 1944 2659 1999 de
2684 1944 3000 1999 Pentecoste
3028 1942 3241 1998 homilia
3275 1940 3473 1994 nullam
3506 1951 3617 2008 prae

2041 2051 2098 2091 se
2144 2035 2243 2091 fert
2285 2037 2540 2105 temporis
2587 2044 2787 2088 notam.
2832 2035 2887 2087 In
2929 2033 3031 2086 hac
3072 2048 3232 2102 porro
3263 2033 3613 2087 Pentecostcn

2041 2139 2197 2187 vocat
2223 2131 2637 2200 Chrysostomus
2667 2128 2983 2197 metropolim
3010 2130 3250 2195 festorum
3268 2164 3283 2188 ,
3320 2124 3443 2192 quia
3468 2121 3616 2176 vide.

2040 2221 2185 2284 licet,
2214 2229 2274 2275 ut
2311 2220 2506 2274 ibidem
2536 2219 2735 2288 adjicit,
2766 2218 2995 2272 fructum
3042 2216 3128 2270 illa
3160 2213 3449 2269 Dominicze
3490 2226 3613 2281 pro-

2040 2312 2311 2366 missionis
2334 2310 2507 2369 affert.
2548 2309 2660 2363 Non
2686 2323 2854 2377 pauca
2895 2317 3075 2362 eontra
3103 2300 3615 2359 Pnenmatomachos

2040 2403 2275 2469 disserit,
2295 2402 2383 2473 qui
2412 2401 2639 2470 Spiritus
2662 2398 2830 2453 sancti
2854 2400 3183 2465 majestatem
3209 2408 3269 2448 ac
3283 2392 3614 2448 divinitatem

2041 2495 2401 2565 impetcbant:
2426 2507 2488 2546 ac
2512 2502 2795 2562 postquam
2820 2489 2887 2543 de
2918 2488 3174 2542 fructibus
3194 2484 3426 2554 Spiritus
3445 2482 3613 2538 sancti

2043 2586 2206 2639 multa
2239 2583 2475 2653 pretulit,
2506 2584 2662 2635 tinem
2692 2580 2901 2635 dicendi
2926 2579 3069 2632 facit.

2114 2674 2390 2731 Conciones
2436 2675 2572 2727 alite.
2615 2702 2685 2712 —-
2722 2673 3015 2726 Antiochire
3068 2671 3194 2724 item
3236 2670 3439 2723 incerto
3473 2679 3615 2720 anno

2041 2768 2352 2824 concionem
2378 2765 2564 2822 habuit
2590 2765 2657 2820 de
2683 2763 2741 2819 8.
2786 2762 2998 2833 Pelagia
3029 2769 3261 2831 martyre
3284 2757 3612 2813 Antiochena

2043 2856 2128 2929 (T.
2155 2857 2211 2911 2.
2242 2878 2288 2913 c.
2320 2854 2489 2925 579),
2520 2870 2637 2925 quas
2680 2867 2804 2907 cum
2851 2849 3167 2906 Christianas
3212 2847 3334 2902 ﬁdei
3380 2860 3537 2902 causa
3579 2860 3611 2899 a

2042 2950 2299 3003 militibus
2320 2946 2631 3004 abducenda
2655 2952 2828 3009 esset,
2860 2956 2929 2999 ne
2956 2941 3242 3013 virginitati
3280 2954 3391 2994 sure
3419 2938 3499 2992 vis
3527 2939 3611 2991 in-

2042 3040 2305 3107 ferretur,
2349 3055 2468 3096 sese
2528 3038 2853 3109 praecipitem
2914 3034 3092 3099 dedit,
3147 3041 3202 3088 et
3261 3031 3340 3086 sic
3385 3040 3611 3084 mortem

2042 3129 2143 3184 sibi
2180 3130 2451 3185 conscivit.
2484 3136 2559 3193 ne
2594 3147 2696 3192 qua
2740 3138 2921 3182 sancta
2949 3123 3154 3194 virgine
3188 3120 3356 3175 multa
3402 3132 3611 3174 memo-

2043 3226 2226 3274 rantur
2238 3217 2293 3273 in
2306 3215 2510 3272 Monito
2526 3214 2745 3282 ibidem,
2759 3228 2998 3285 (10811011
3006 3222 3138 3269 sunt
3162 3208 3444 3283 praesentis
3463 3206 3614 3262 insti-

2043 3308 2160 3363 tuti.

2114 3399 2167 3452 In
2194 3406 2431 3453 sanetum
2461 3410 2674 3466 quoque
2710 3393 2966 3464 lgnatium
3002 3389 3281 3461 Deiferum,
3317 3382 3615 3443 Antiochia

2041 3490 2347 3559 episcopum
2388 3497 2443 3542 et
2474 3495 2780 3556 martyrem,
2808 3482 3118 3537 concionem
3165 3479 3353 3537 habuit
3383 3476 3615 3547 Chryso-

2043 3590 2269 3645 stomus,
2292 3576 2474 3647 paucis
2495 3584 2615 3646 post
2637 3574 2947 3628 concionem
2972 3571 3025 3625 in
3046 3572 3105 3625 S.
3130 3568 3398 3638 Pelagiam
3427 3566 3615 3621 diebus

2045 3670 2130 3742 (Τ.
2159 3669 2213 3724 2.
2247 3681 2297 3720 c.
2325 3666 2463 3739 587)
2496 3685 2509 3721 :
2539 3666 2606 3721 de
2620 3680 2761 3720 anno
2781 3673 2955 3718 autem
2980 3678 3049 3717 ne
3072 3660 3380 3729 conjectura
3401 3655 3614 3727 quidem

2042 3770 2277 3816 statuere
2301 3757 2568 3829 quidpiam
2596 3768 2900 3826 possumus.
2927 3751 3142 3806 Festum
3174 3750 3233 3804 S.
3266 3746 3450 3818 lgnatii
3474 3746 3617 3801 cele-

2040 3851 2227 3905 bratur
2252 3846 2392 3918 apud
2406 3860 2503 3901 nos
2526 3846 2699 3915 prima
2716 3840 3013 3905 Februarii,
3031 3838 3172 3909 apud
3192 3837 3411 3893 Graecos
3433 3843 3618 3889 autem

2043 3940 2295 4011 vigesima
2319 3938 2406 3992 die
2432 3934 2773 4000 Decembris;
2803 3933 2925 4003 quia
2950 3944 3080 3986 vero
3100 3930 3154 3984 in
3182 3928 3308 3983 Mss.
3339 3926 3499 3981 etiam
3525 3938 3619 3978 an-

2043 4028 2359 4099 tiquissimis
2382 4033 2597 4081 notatur
2620 4039 2682 4080 ea
2715 4024 2827 4092 ipsa
2852 4021 2968 4075 dies
3006 4018 3261 4088 vigesima
3288 4014 3616 4079 Decembris,

2043 4118 2333 4176 verisimile
2377 4116 2587 4171 videtur
2614 4114 2703 4168 illa
2736 4113 2827 4166 die
2861 4110 3097 4165 habitam
3142 4108 3310 4162 fuisse
3333 4106 3473 4160 hanc
3498 4118 3623 4159 cou-

2042 4213 2272 4273 cionem,
2300 4221 2406 4264 non
2432 4214 2611 4261 autem
2638 4204 2701 4258 l7
2730 4200 3039 4257 Decembris
3063 4239 3078 4265 ,
3103 4212 3205 4268 qua
3232 4195 3318 4252 die
3346 4192 3622 4250 translatio

2042 4298 2482 4370 ejus'celebratur
2517 4295 2573 4349 in
2600 4291 2837 4349 Ecclesia
2884 4289 3144 4352 Romana,
3194 4295 3253 4341 ut
3287 4291 3435 4340 recte
3470 4287 3622 4336 notat

2045 4392 2246 4446 Fronto
2285 4390 2525 4451 Duczeus,
2571 4385 2659 4453 qui
2689 4394 2799 4438 tres
2832 4381 2948 4450 ejus
2979 4376 3352 4433 translationes
3387 4386 3624 4430 comme-

2047 4493 2252 4542 morat;
2284 4481 2509 4549 primam
2546 4477 2713 4529 Roma
2754 4470 3113 4534 Antiochiam,
3147 4475 3205 4521 ut
3243 4465 3499 4535 putabant
3541 4461 3624 4516 di-

2045 4576 2230 4643 scipuli
2284 4574 2435 4641 ejus,
2483 4569 2572 4638 qui
2613 4568 2744 4620 Acta
2782 4564 3125 4632 scripserant,
3172 4558 3386 4628 quando
3427 4568 3621 4624 nempe

2044 4664 2279 4733 reliquiae
2325 4662 2442 4731 ejus
2480 4657 2751 4713 translata:
2788 4662 2953 4709 sunt:
2981 4666 3105 4705 nam
3141 4649 3524 4719 Chrysostomo
3567 4644 3623 4699 in

2046 4757 2147 4811 hac
2174 4753 2389 4809 homilia
2420 4766 2483 4805 ac
2504 4750 2826 4819 Hieronymo
2852 4743 3105 4809 testibus,
3136 4756 3257 4797 ossa
3286 4740 3403 4809 ejus
3437 4737 3600 4793 Antio

2046 4849 2180 4905 chize
2218 4844 2600 4917 quiescebant,
2626 4849 2679 4896 et
2704 4838 2918 4909 quidem
2944 4844 3094 4892 extra
3120 4843 3328 4904 portam
3359 4829 3624 4901 Daphntti-

2052 4952 2173 4992 eam
2211 4938 2265 4991 in
2304 4928 2649 4991 coemeterio,
2684 4924 2863 4992 inquit
2904 4927 3255 4994 Hieronymus
3292 4923 3345 4976 in
3374 4922 3515 4975 libro
3553 4918 3624 4974 de

2048 5027 2410 5099 Scriptoribus
2454 5019 2859 5078 Ecclesiasticis.
2906 5015 3151 5073 Secunda
3204 5011 3481 5068 translatio
3524 5011 3625 5065 im-

2050 5128 2268 5188 perante
2284 5111 2583 5170 Theodosio
2604 5109 2647 5164 ll
2659 5107 2798 5163 facta
2807 5115 2909 5174 εει,
2927 5121 3045 5162 cum
3059 5105 3174 5175 ejus
3181 5104 3333 5174 jussu
3349 5117 3417 5159 ex
3433 5114 3625 5157 cmme-

2048 5210 2183 5265 terio
2210 5207 2262 5260 in
2286 5203 2540 5273 templum
2560 5201 2812 5257 Fortuna:
2831 5199 2945 5269 ejus
2971 5211 3093 5252 ossa
3115 5194 3365 5250 translata
3389 5199 3537 5257 sunt,
3569 5199 3627 5246 et

2052 5298 2307 5369 templum
2331 5297 2457 5352 olim
2480 5292 2813 5351 daemonibus
2832 5292 3083 5355 dicatum,
3106 5286 3330 5359 martyri
3349 5298 3627 5341 consecra-

2052 5402 2163 5448 tum
2190 5402 2293 5457 est,
2326 5387 2497 5458 inquit
2524 5386 2800 5454 Evagrius.
2831 5381 3064 5436 Tertiam
3094 5376 3491 5433 translationem
3521 5375 3625 5427 An-

2052 5482 2244 5538 tiochia
2293 5480 2517 5535 Romam
2563 5482 2822 5530 memorat
2846 5468 3273 5542 Martyrologium
3300 5466 3617 5528 Romanum,

2052 5590 2173 5631 eum
2214 5574 2267 5627 in
2291 5570 2516 5627 ecclesia
2543 5567 2601 5621 S.
2636 5564 2927 5621 Clementis
2956 5560 3228 5617 recondita
3261 5566 3404 5613 sunt.
3432 5554 3489 5611 ln
3524 5555 3627 5610 hac

2052 5679 2180 5720 vero
2203 5663 2459 5718 concione
2495 5658 2905 5730 Chrysostomus
2938 5652 3191 5723 lgnatium
3216 5651 3291 5703 ait
3321 5648 3448 5703 feris
3475 5646 3624 5715 obje-

2054 5766 2197 5813 ctum
2228 5756 2459 5825 quinque
2482 5765 2707 5807 coronas
2733 5761 3017 5811 meruisse;
3044 5744 3172 5800 dicit
3195 5744 3411 5813 insuper
3438 5739 3628 5796 Antio-

2055 5849 2189 5907 chia:
2207 5848 2435 5904 ducenta
2464 5845 2734 5901 hominum
2761 5840 2929 5896 millia
2954 5854 3093 5895 esse.

2129 5943 2373 6015 Aliquam
2402 5942 2719 5999 concionum
2757 5933 3053 5994 Antiochia:
3091 5932 3389 5990 habitarum
3431 5928 3623 5987 seriem

3223 6031 3286 6090 11
