4504 6716
898 626 957 678 5!
1953 621 2010 675 S.
2051 618 2328 674 JOANNIS
2368 612 2842 671 CHRYSOSTOMI
2884 618 3065 683 VITA,

865 739 1019 793 nobis
1053 736 1249 792 indicat
1275 736 1364 803 (T.
1420 734 1471 790 6.
1505 752 1552 789 c.
1592 732 1717 805 l55)
1749 734 1861 803 ipse
1896 732 2306 798 Chrvsostomus
2341 747 2447 785 scr-

865 844 1022 883 mone
1048 828 1220 897 primo
1255 827 1319 881 de
1359 826 1535 881 verbis
1554 825 1819 889 Jeremim,
1849 839 1971 881 cum
2004 826 2076 880 ait
2103 841 2160 880 n.
2199 827 2223 880 l
2272 838 2285 874 :
2314 820 2449 875 Pro—

867 932 1035 993 p:erea
1063 923 1125 974 de
1150 920 1298 975 Petro
1325 928 1369 972 et
1398 919 1567 973 Paulo
1610 934 1770 988 nuper
1816 918 2254 974 disseruissemus.
2300 924 2344 967 et
2389 917 2451 969 de

870 1026 1043 1069 exorta
1082 1015 1211 1067 inter
1250 1012 1385 1082 ipsos
1418 1012 1697 1066 Antioeltite
1731 1021 2102 1075 controversia,
2133 1024 2451 1080 pugnamque

867 1108 1029 1170 illaut,
1054 1121 1165 1174 qum
1188 1106 1414 1159 intereas
1432 1120 1535 1159 esse
1554 1103 1833 1168 uidebatur,
1859 1120 1981 1173 pace
2004 1104 2175 1173 quavis
2200 1102 2451 1154 utiliorem

865 1197 1002 1251 vobis
1025 1197 1432 1259 ostendissemus,
1467 1213 1676 1267 eumque
1703 1196 1771 1249 ad
1796 1207 2105 1265 prazruptam
2137 1205 2184 1249 et
2218 1211 2452 1264 asperum

870 1303 954 1341 vos
981 1288 1122 1340 illaut
1150 1287 1281 1340 uiam
1305 1280 1711 1351 deduxissenms,
1739 1286 1806 1337 ad
1828 1286 1972 1339 aliud
1996 1296 2345 1357 argumentum
2366 1299 2453 1337 vos

868 1379 1223 1442 traduximus,
1268 1377 1392 1430 dum
1433 1376 1566 1430 beati
1608 1376 1864 1430 Eustatltii
1921 1377 2176 1445 prmeoniu
2228 1390 2456 1428 sermone

869 1468 1115 1535 complexi
1136 1482 1332 1532 stimus,
1355 1476 1400 1520 et
1416 1476 1526 1537 post
1550 1466 1695 1519 illum
1721 1467 1947 1535 generosi
1974 1468 2207 1538 martyris
2237 1465 2454 1519 Romani

870 1558 1047 1611 laudes
1089 1560 1461 1629 percurrimus,
1511 1574 1624 1610 cum
1661 1557 1910 1610 illustrius
1954 1557 2095 1610 nobis
2142 1557 2334 1623 {action
2384 1565 2455 1607 est

871 1652 1153 1714 theatrum,
1202 1651 1425 1719 amplior
1475 1650 1755 1721 applausus
1798 1659 1845 1703 et
1878 1651 2044 1719 major
2087 1649 2327 1717 strepitus
2370 1665 2457 1701 ac-

869 1741 1218 1797 clamantium.

944 1835 1219 1889 Conciones
1247 1834 1386 1889 alite.
1404 1864 1471 1874 —
1494 1832 1661 1900 Quam
1686 1834 1910 1904 primam
1940 1833 2025 1887 hic
2046 1841 2307 1887 memorat
2329 1848 2460 1889 con-

874 1929 1120 1991 cionem,
1155 1941 1216 1981 ea
1243 1935 1345 1990 est,
1381 1942 1540 1997 quam
1596 1936 1717 1995 post
1759 1928 2041 1983 lectionem
2089 1926 2347 1996 Epistulae
2390 1927 2458 1980 ad

832 2017 1085 2086 .‘Galatas
1107 2016 1191 2089 (Τ.
1220 2019 1272 2072 '5.
1301 2032 1345 2071 ι’.
1365 2017 1493 2087 571)
1521 2018 1815 2072 Antiochize
1840 2018 2023 2071 habuit
2049 2016 2460 2088 Chrysostomus

875 2108 925 2160 iu
959 2107 1106 2173 illud,
1134 2106 1202 2160 In
1233 2108 1415 2177 faciem
1441 2106 1599 2161 Petro
1625 2109 1807 2161 restiti.
1839 2107 2051 2161 Veritus
2079 2109 2222 2161 enim
2246 2123 2313 2160 ne
2340 2117 2457 2159 tan-

875 2199 1006 2260 tilla,
1034 2214 1153 2269 quae
1184 2198 1270 2253 hic
1307 2210 1530 2269 apparet
1565 2200 1705 2254 inter
1745 2200 1962 2253 Petrum
1992 2207 2048 2255 et
2085 2200 2328 2263 Paulum,
2354 2199 2459 2253 Ec-

874 2291 1053 2345 clesiae
1094 2291 1393 2357 columnas,
1435 2291 1699 2347 dissensio
1750 2292 1957 2360 piorum
2004 2292 2210 2345 animos
2252 2298 2462 2361 pertur-

877 2384 1042 2444 haret,
1074 2382 1226 2450 longa
1269 2381 1443 2436 locmn
1488 2382 1635 2436 illum
1666 2383 1913 2436 oratione
1937 2382 2222 2450 explanare
2253 2380 2458 2434 nititur.

876 2472 1063 2525 Statim
1090 2457 1324 2541 eilplicat
1349 2481 1546 2541 quanta
1570 2472 1695 2526 hinc
1722 2472 2057 2527 incommoda
2079 2480 2384 2540 sequantur,
2416 2472 2459 2526 si

876 2577 1003 2616 vere
1024 2572 1077 2616 et
1103 2564 1417 2633 objurgandi
1444 2564 1642 2628 animo,
1667 2564 1909 2633 plurimis
1929 2565 2306 2635 praesentibus,
2336 2580 2460 2633 apu-

878 2655 1107 2708 tolorum
1149 2655 1489 2726 coryphauun
1536 2656 1732 2711 Paulus
1774 2656 1842 2710 sit
1880 2656 2121 2712 adortus.
2169 2656 2303 2711 [line
2330 2656 2462 2710 duas

874 2747 1015 2800 circa
1037 2746 1176 2801 hunc
1204 2747 1379 2800 locum
1408 2748 1703 2803 sententias
1722 2749 1890 2816 aperit
1918 2748 2206 2817 statimque
2232 2747 2457 2802 refutat:

876 2852 1101 2905 quorum
1144 2838 1289 2906 prior
1321 2850 1421 2902 est,
1461 2838 1700 2902 Petrum,
1740 2838 1807 2892 de
1843 2854 1949 2907 quo
1985 2839 2070 2892 hic
2115 2839 2321 2908 agitur,
2355 2853 2461 2891 non

878 2929 1244 2996 apostolorum
1269 2930 1588 2999 principem,
1618 2928 1712 2983 sed
1740 2929 1899 2982 alium
1923 2943 2041 2982 esse
2061 2930 2461 2999 cognominem;

881 3020 1048 3073 altera
1090 3021 1275 3073 statuit
1319 3036 1498 3074 veram
1544 3034 1663 3075 esse
1706 3022 2197 3089 reprehensionem,
2247 3035 2349 3075 nec
2389 3020 2465 3073 si-

878 3109 1076 3164 mulate
1119 3107 1334 3164 lactant.
1381 3110 1583 3165 Deinde
1627 3126 1757 3165 vero
1803 3126 1954 3165 suam
2001 3112 2087 3166 ille
2124 3110 2466 3182 profcrtopi-

878 3199 1128 3253 nionem:
1157 3213 1351 3268 nempe
1373 3200 1646 3271 apostolos
1673 3201 1888 3255 Petrum
1916 3210 1970 3256 et
1991 3201 2213 3255 Paulum
2241 3202 2306 3256 ad
2333 3203 2465 3256 lianc

879 3289 1020 3359 piam
1063 3289 1456 3344 simulationem
1514 3301 1729 3360 paratos
1781 3292 2170 3362 meditatusque
2212 3294 2461 3357 venisse,

884 3394 1058 3448 exque
1082 3389 1239 3449 pacto
1264 3389 1318 3434 et
1346 3390 1612 3436 conventu
1640 3383 1776 3437 inter
1803 3382 1989 3437 ambos
2020 3366 2184 3447 inito;
2215 3393 2323 3436 tum
2347 3397 2405 3438 se
2432 3397 2464 3437 a

881 3470 1132 3538 gentibus
1164 3485 1477 3542 segregasse
1505 3473 1753 3537 Petrum,
1786 3488 1854 3527 ne
1883 3473 1936 3527 in
1962 3472 2265 3527 Judaeurum
2297 3473 2466 3528 oti'en-

880 3576 1085 3616 sionem
1119 3572 1451 3628 occurreret,
1496 3572 1605 3618 tuin
1647 3564 1865 3617 Paulum
1907 3565 1956 3618 ei
1998 3564 2050 3617 iu
2081 3564 2271 3618 faciem
2314 3566 2467 3619 resti-

880 3661 1029 3715 tisse,
1077 3653 1169 3706 illo
1222 3670 1329 3707 non
1374 3655 1692 3718 reluctante,
1723 3656 1845 3724 quia
1888 3656 2165 3708 amborum
2210 3670 2273 3709 ea
2313 3669 2467 3710 mens

877 3752 1022 3804 erat,
1052 3755 1109 3797 ut
1141 3743 1269 3811 legis
1293 3743 1477 3814 jugum
1517 3746 1767 3815 gentibus
1793 3760 1898 3799 non
1938 3746 2322 3815 imponeretur.
2350 3745 2468 3799 Cre-

879 3841 1052 3885 ternm
1079 3832 1446 3903 Chrysostomi
1473 3836 1675 3905 opinio,
1704 3851 1824 3905 quae
1873 3837 1941 3890 ab
1968 3836 2194 3906 Origene
2220 3850 2465 3892 manasse

879 3920 1137 3986 creditur,
1165 3923 1231 3976 ab
1262 3923 1587 3995 Hieronymo
1612 3927 1840 3995 primum
1869 3936 2197 3996 propugnata
2217 3967 2230 3989 ,
2263 3927 2331 3981 ab
2363 3930 2466 3981 Au-

878 4022 1095 4081 ges.th
1118 4012 1347 4069 refutatu
1373 4026 1475 4082 est,
1505 4028 1782 4073 asserente
1819 4035 1999 4073 veram
2030 4036 2127 4073 nec
2162 4020 2463 4074 simulatam

884 4105 1043 4159 fuisse
1081 4105 1228 4161 Pauli
1268 4108 1764 4177 reprehensionem,
1796 4111 1867 4164 ita
1904 4120 1961 4164 ut
1996 4111 2112 4180 ejus
2137 4114 2466 4181 argumentis

879 4197 1098 4251 eode-ret
1152 4198 1265 4268 ipse
1310 4199 1688 4271 Hieronymus.
1733 4202 1851 4256 Non
1893 4202 2087 4258 desunt
2146 4212 2324 4258 tamen
2372 4205 2464 4274 qui

881 4288 1110 4356 primum
1138 4290 1492 4357 sententiam,
1514 4307 1638 4360 quzc
1664 4291 1879 4346 Petrum
1921 4294 1988 4347 ab
2029 4295 2271 4363 apostolo
2300 4296 2463 4349 alium

877 4393 960 4432 ass
971 4381 1092 4445 erit,
1116 4395 1216 4443 nec
1233 4397 1321 4451 qui
1344 4382 1633 4437 secundam
1655 4398 1685 4437 a
1706 4382 2087 4454 Chrysostomo
2108 4395 2464 4456 oppugnatam

881 4468 1143 4540 hodieque
1172 4472 1482 4528 defendant.

956 4561 1097 4617 lianc
1122 4566 1432 4621 concionem
1458 4568 1669 4637 excepit
1692 4567 1920 4623 Humilia
1949 4567 2035 4640 (T.
2067 4568 2123 4622 2.
2156 4589 2202 4624 c.
2226 4568 2362 4639 595)
2411 4569 2463 4624 in

885 4652 944 4709 S.
982 4655 1313 4709 Eustathium
1333 4658 1724 4713 Antiochenum
1753 4658 2085 4729 episcopum,
2110 4661 2201 4731 qui
2220 4660 2287 4714 ab
2310 4660 2465 4715 Aria-

884 4749 989 4809 nis,
1009 4746 1160 4815 queis
1179 4746 1467 4801 admodum
1489 4747 1710 4803 infestus
1731 4759 1866 4815 erat,
1891 4751 2183 4818 abdicatus,
2200 4760 2255 4808 et
2278 4768 2463 4808 eorum

884 4856 1045 4908 opera
1086 4841 1138 4894 in
1162 4839 1411 4895 exsilium
1449 4840 1766 4894 amandatus
1797 4841 1986 4895 fuerat.
2029 4844 2104 4897 De
2141 4844 2262 4898 loco
2291 4843 2464 4899 exsilii

887 4946 993 4982 non
1020 4945 1122 4983 una
1149 4939 1232 4985 est
1261 4931 1562 4997 sententia;
1611 4930 1958 5002 Hieronymo,
1999 4933 2090 5002 qui
2134 4932 2262 4989 dicit
2293 4935 2464 5005 ipsum

884 5020 1280 5090 TrajaoOpolim
1333 5023 1386 5077 in
1434 5022 1660 5079 Thracia
1711 5023 2014 5094 ablegatum
2065 5024 2228 5080 fuisse
2258 5067 2271 5091 ,
2323 5027 2465 5082 favet

880 5110 1317 5183 Chrysostomns,
1349 5114 1440 5181 qui
1483 5117 1557 5168 ait
1580 5115 1698 5185 ejus
1737 5130 1933 5186 corpus
1967 5117 2019 5171 in
2050 5116 2273 5173 Thracia
2320 5136 2459 5177 esse.

881 5203 999 5261 Alia
1024 5204 1246 5277 plurima
1276 5209 1343 5262 de
1368 5205 1649 5262 Eustathiu
1676 5208 1907 5263 diximus
1934 5210 1987 5264 in
2006 5210 2206 5268 Monito
2227 5214 2293 5268 ad
2324 5214 2463 5271 hanc

884 5296 1217 5363 concionem,
1262 5298 1350 5353 ubi
1394 5298 1516 5355 vide
1554 5298 1647 5353 sis.
1695 5299 1751 5353 ln
1780 5300 1896 5370 ejus
1922 5312 2098 5358 autem
2124 5305 2461 5363 abdicatione

862 5396 991 5443 tota
1024 5404 1161 5459 pene
1186 5392 1447 5447 seditione
1487 5392 1837 5464 conﬂagravit
1880 5396 2181 5451 Antiochia.
2228 5400 2462 5455 Armatis

882 5482 1025 5535 enim
1054 5481 1320 5553 utrimque
1345 5484 1603 5553 partibus,
1628 5485 1955 5557 adscitisque
1979 5488 2254 5554 militibus,
2282 5491 2462 5545 omnia

879 5573 1118 5627 erantad
1142 5588 1370 5645 pugnam
1397 5584 1453 5630 et
1482 5574 1799 5632 horrendam
1826 5579 2035 5636 cladem
2072 5590 2255 5650 parata
2282 5599 2296 5648 ;
2330 5598 2461 5638 ven-

879 5673 1098 5735 tumque
1125 5667 1308 5724 luisset
1328 5668 1395 5725 ad
1423 5669 1648 5742 gladios,
1680 5672 1779 5725 nisi
1817 5674 2253 5742 supervenientes
2291 5674 2459 5745 Impe-

879 5758 1074 5813 ratoris
1131 5759 1298 5817 litera:
1355 5763 1567 5834 plebem
1622 5763 2100 5834 compcscuissent.
2154 5763 2461 5837 Tamenque

880 5855 1063 5910 Ariani
1094 5870 1205 5911 sua:
1232 5867 1391 5912 scene
1413 5857 1682 5913 hominem
1711 5858 2020 5927 episcopum
2047 5858 2458 5912 constituerunt.

882 5947 1191 6019 lminaleque
1224 5946 1484 6004 Catholici
1511 5949 1563 6004 in
1584 5947 1716 6004 duas
1736 5958 1791 6004 et
1816 5948 1913 6019 ipsi
1943 5958 2120 6018 partes
2141 5948 2294 6003 divisi
2315 5958 2457 6002 sunt:

1036 6044 1211 6098 omnia
1236 6042 1347 6115 jam
1376 6042 1608 6100 diximus
1637 6058 1797 6115 supra
1828 6052 1881 6100 et
1911 6043 1966 6100 iu
2007 6042 2198 6101 eodem
2236 6043 2457 6100 blonito.

4034 621 4131 675 {52

2630 731 2755 785 Post
2800 731 3082 788 llomiliam
3128 736 3177 789 in
3224 735 3279 791 S.
3334 735 3664 790 Eustathium
3706 735 3793 803 (T.
3837 736 3892 790 2.
3932 753 3978 790 c.
4009 736 4137 807 605)

2555 822 2968 896 Clirysustomus
3000 826 3310 883 Encomium
3338 845 3389 884 tn
3428 830 3483 883 S.
3515 829 3813 882 Romanum
3845 831 4135 885 Antioche-

2559 931 2685 969 num
2715 917 2995 987 Martyrem
3028 922 3269 988 protulit.
3298 922 3363 975 de
3391 937 3497 992 quo
3523 918 3771 975 nonnulla
3811 932 3936 975 sunt
3964 923 4014 976 in
4043 925 4139 976 du-

2560 1009 2706 1064 bium
2737 1020 2937 1075 vocata,
2969 1025 3086 1080 qua:
3132 1012 3183 1063 in
3214 1013 3413 1067 lllonito
3447 1012 3836 1084 expenduntur.
3868 1012 4138 1069 Romanus

2560 1099 2649 1153 ille
2696 1110 2796 1164 est,
2828 1103 2914 1171 qui
2959 1112 3237 1171 postquam
3279 1103 3453 1173 lingua
3483 1114 3752 1175 amputata
3798 1102 3897 1173 ipsi
3934 1102 4048 1165 luit.
4084 1114 4140 1157 ut

2560 1202 2716 1246 antea
2743 1194 3075 1263 loquebatur.
3101 1193 3279 1247 Altera
3307 1195 3355 1247 in
3380 1196 3438 1253 S.
3466 1197 3764 1251 Romanum
3796 1194 4009 1249 humilia
4044 1195 4143 1247 ibi-

2561 1284 2683 1337 dem
2723 1286 2982 1353 sequitur,
3010 1285 3158 1354 cujus
3190 1285 3358 1354 stylus
3398 1286 3762 1358 (Ihi'ysustmni
3794 1286 3999 1341 dicendi
4050 1300 4139 1353 ge-

2562 1374 2675 1428 neri
2726 1385 2829 1427 taui
2872 1376 3129 1429 absimilis
3156 1373 3387 1438 videtur,
3436 1386 3493 1428 ut
3522 1382 3609 1431 vix
3638 1377 3781 1432 credi
3824 1378 3990 1447 possit
4017 1392 4137 1430 esse

2646 1464 2880 1520 doctoris
2904 1481 3041 1537 opus
3080 1485 3093 1521 :
3125 1466 3302 1519 omnia
3345 1467 3512 1534 trepis
3560 1469 4140 1539 exclamationibusque

2564 1554 2882 1620 redundant,
2914 1568 2967 1613 et
2997 1557 3176 1612 nescio
3202 1555 3327 1627 quid
3372 1557 3711 1627 peregrinum
3758 1560 3919 1613 uicnt.
3966 1560 4142 1628 Quare

2563 1645 2835 1699 crederem
2860 1649 3032 1716 potius
3056 1661 3173 1702 esse
3194 1646 3465 1717 cujusdam
3487 1648 3781 1719 presbyteri
3802 1650 4137 1713 Antiucheni,

2563 1739 2650 1807 qui
2679 1739 2777 1791 sub
2805 1739 3060 1793 Flaviano
3088 1741 3321 1794 alternas
3350 1753 3469 1793 cum
3499 1738 3883 1808 Chrysostomo
3924 1741 4141 1796 concio-

2564 1826 2721 1880 nandi
2747 1838 2926 1895 partes
2950 1838 3150 1898 ageret,
3174 1831 3225 1884 id
3251 1829 3390 1900 quod
3417 1828 3844 1899 frequentissime
3868 1831 4147 1887 accidebat

2565 1918 2653 1971 illo
2686 1929 2959 1988 tempore;
2991 1924 3057 1973 ita
3092 1930 3146 1973 ut
3180 1920 3296 1974 dum
3330 1930 3504 1976 tresve
3529 1922 3813 1976 conciones
3839 1921 4029 1976 eodem
4056 1923 4146 1977 die

2563 2011 2903 2067 continenter
2931 2013 3261 2066 dicerentur.

2635 2103 3020 2175 Chrysostomo
3037 2103 3192 2169 duce,
3218 2112 3275 2155 ut
3302 2118 3461 2172 supra
3485 2104 3683 2160 dictum
3700 2114 3803 2171 est,
3824 2115 3946 2176 post
3963 2107 4149 2162 llomi-

2564 2196 2688 2250 liam
2706 2195 2756 2248 in
2778 2195 2836 2249 S.
2855 2196 3148 2248 Romanum
3168 2203 3475 2259 martyrem,
3497 2196 3743 2262 ponimus
3768 2198 4077 2251 concionem
4095 2198 4151 2252 in

2565 2286 2692 2341 illud
2716 2285 2962 2340 Jcrcmim
2982 2283 3067 2353 (T.
3090 2282 3142 2338 6.
3169 2281 3362 2355 c.1355)
3386 2302 3397 2336 :
3417 2281 3651 2344 Domine,
3673 2300 3772 2337 non
3790 2297 3859 2339 est
3880 2286 3931 2338 in
3948 2286 4154 2341 homine

2563 2379 2645 2431 via
2670 2379 2797 2449 ejus,
2824 2393 2978 2448 neque
3001 2382 3149 2428 homo
3171 2376 3277 2440 ibit,
3315 2387 3359 2428 ct
3389 2377 3565 2447 diriget
3591 2393 3813 2446 gressum
3834 2395 3978 2431 suum
4011 2376 4149 2451 (Jer.

2568 2472 2653 2527 10.
2681 2473 2794 2542 25).
2828 2474 2943 2537 Quo
2975 2472 3092 2524 loco
3112 2481 3163 2525 et
3194 2469 3457 2539 plerisque
3490 2470 3608 2523 aliis
3632 2470 3683 2523 in
3704 2469 3979 2541 Scriptura
3997 2485 4155 2525 sacra

2566 2564 2826 2618 similibus
2853 2562 3207 2617 abolebantur
3233 2562 3404 2625 multi,
3429 2560 3514 2630 qui
3546 2561 3791 2615 dicebant
3825 2577 3930 2616 non
3962 2576 4027 2615 ex
4050 2576 4156 2615 vo~

2565 2654 2769 2708 luntate
2786 2664 2838 2708 et
2855 2652 3077 2708 arbitrio
3093 2662 3272 2706 nostro
3292 2650 3524 2720 pendere
3541 2660 3596 2704 ut
3620 2650 3706 2704 vel
3724 2651 3917 2704 bonum
3947 2652 4025 2704 vel
4045 2667 4157 2704 ma-

2566 2747 2675 2800 lum
2706 2760 2944 2814 agamus.
2974 2744 3079 2798 llos
3099 2744 3440 2798 vehementer
3462 2742 4155 2814 increpatChrysostomus,

2567 2835 2901 2905 afﬁrmatque
2928 2850 3090 2905 penes
3112 2834 3388 2887 arbitrium
3412 2842 3653 2888 nostrum
3680 2848 3801 2888 esse
3839 2834 3923 2889 vel
3952 2834 4159 2889 bonum

2569 2929 2653 2983 vel
2675 2928 2872 2982 malum
2908 2942 3099 2996 agere;
3131 2942 3233 2979 non
3261 2926 3401 2995 quod
3424 2925 3489 2980 ad
3518 2926 3713 2978 bonum
3751 2926 4013 2997 agendum
4044 2942 4159 2981 non

2568 3037 2817 3093 egeamus
2840 3021 3005 3090 gratia
3037 3019 3164 3084 Dei;
3190 3033 3313 3072 nam
3347 3028 3403 3071 ut
3428 3017 3553 3071 alibi
3596 3032 3742 3087 saepe
3769 3018 3919 3085 dicit,
3950 3018 4161 3073 volenti

2568 3128 2778 3184 semper
2803 3112 2955 3166 adest
2978 3111 3146 3181 gratia
3192 3110 3304 3174 Dei,
3333 3125 3429 3165 nec
3458 3110 3549 3180 qui
3590 3120 3795 3180 peccat,
3844 3112 4028 3180 gratiae
4057 3111 4161 3165 de-

2568 3205 2761 3259 fectum
2790 3212 2959 3274 poteSt
2990 3217 3237 3271 umquam
3270 3202 3321 3255 in
3348 3202 3741 3255 excusationem
3769 3201 4080 3258 obtendere.

2638 3298 2914 3351 Conciones
2939 3295 3003 3348 de
3043 3293 3455 3347 Maccabwis.—
3479 3293 3586 3348 Has
3627 3302 3917 3363 sequuntur
3939 3306 4046 3349 tres
4088 3296 4163 3351 de

2567 3387 2877 3444 Maccabmis
2904 3385 3214 3451 conciones,
3243 3400 3360 3453 qua:
3388 3384 3583 3438 nullam
3610 3400 3718 3453 pra:
3745 3400 3804 3439 se
3832 3385 4163 3442 feruntanni

2568 3488 2750 3533 notam
2772 3475 2858 3547 (Τ.
2884 3474 2940 3529 2.
2989 3493 3033 3527 c.
3057 3473 3214 3543 617).
3248 3475 3401 3529 Prior
3431 3485 3652 3529 matrem
3683 3477 3976 3544 praesertim
4009 3478 4162 3533 Mac-

2568 3570 2870 3625 cabznorum
2914 3583 2943 3621 a
2984 3566 3284 3621 constantia
3314 3565 3583 3636 animique
3631 3566 3823 3621 robore
3865 3567 4161 3636 plurimum

2569 3658 2926 3715 commendat.
2973 3656 3238 3722 Secunda,
3281 3655 3369 3712 die
3418 3657 3713 3726 insequenti
3753 3656 3950 3723 habita,
3983 3661 4163 3729 septi-

2570 3765 2716 3803 mum
2754 3748 3125 3819 junioremque
3161 3762 3225 3803 ex
3272 3747 3582 3802 Maccabmis
3624 3748 3866 3804 laudibus
3905 3762 4161 3820 exornat,

2568 3850 2739 3895 matre
2767 3854 2977 3909 quoque
3022 3839 3312 3894 identidem
3356 3840 3407 3893 in
3440 3838 3655 3893 laudum
3707 3849 3910 3909 partem
3941 3852 4161 3896 vocata.

2568 3932 2717 3987 Hanc
2745 3931 3043 3985 breviorem
3087 3928 3500 4001 Chrysostomus
3526 3927 3799 3985 homiliam
3842 3932 4163 4001 pronuntia-

2568 4025 2677 4088 vit;
2729 4031 2783 4076 ιιι
2835 4022 3061 4092 pluribus
3098 4061 3113 4087 ,
3168 4022 3355 4090 inquit,
3413 4022 3491 4075 illi
3546 4019 3779 4075 laudibus
3824 4038 3855 4075 a
3899 4024 4164 4076 communi

2568 4117 2770 4170 doctore
2817 4114 3229 4182 cumularentur,
3275 4130 3467 4185 nempe
3516 4129 3545 4168 a
3587 4114 3836 4168 Flaviano
3876 4117 4160 4183 episcopo,

2567 4209 2658 4278 qtti
2711 4216 2826 4278 post
2866 4206 3307 4277 Chrysostomum
3354 4204 3762 4259 concionaturus
3806 4212 3938 4258 erat.
3971 4203 4161 4257 Tertia

2566 4300 2804 4353 omnium
2835 4297 3149 4352 brevissima
3178 4296 3229 4349 in
3254 4294 3579 4350 Maccabmos
3607 4293 3842 4358 humilia,
3874 4308 3904 4345 a
3926 4295 4163 4347 nonnul-

2566 4389 2634 4444 lis
2662 4391 2714 4444 in
2741 4388 3106 4459 illegitimitatis
3135 4386 3495 4455 suspicionem
3523 4392 3762 4448 vocatur,
3795 4396 3893 4436 nec
3922 4382 4115 4451 injuria
4141 4402 4156 4437 :

2568 4494 2691 4534 nam
2717 4480 2827 4534 olet
2848 4487 2992 4532 certe
3013 4476 3374 4545 peregrinum.
3394 4472 3527 4542 Styli
3545 4486 3713 4542 genus
3738 4472 4023 4543 strigosum
4046 4485 4154 4538 est;

2568 4573 2746 4626 omnia
2791 4572 2938 4639 quasi
2999 4569 3052 4620 in
3097 4574 3400 4619 transcursu
3428 4564 3696 4618 dicuntur.
3742 4563 3924 4635 Neque
3969 4574 4154 4622 tamen

2567 4679 2687 4720 eam
2714 4663 2833 4717 loco
2856 4658 3171 4714 movendam
3191 4673 3309 4712 esse
3332 4658 3509 4727 putavi
3533 4675 3546 4710 :
3570 4657 3699 4711 satis
3720 4658 3861 4712 enim
3883 4658 3984 4712 erit
4010 4674 4160 4713 scru-

2569 4757 2753 4827 pulum
2784 4753 3069 4817 indicasse,
3098 4767 3165 4806 ne
3192 4752 3311 4821 quis
3349 4766 3467 4806 eam
3501 4760 3558 4805 ut
3585 4761 3790 4806 certum
3820 4751 3879 4807 S.
3914 4752 4157 4807 doctoris

2568 4848 2732 4904 fetum
2765 4845 2974 4900 habeat.
3006 4843 3141 4913 Quid
3170 4857 3318 4909 vero,
3350 4842 3395 4898 si
3420 4842 3660 4898 dicamus
3686 4841 3820 4897 hanc
3848 4843 4156 4907 llomiliam,

2568 4955 2687 5010 qua:
2718 4953 2846 4993 sane
2875 4935 3186 4991 brevissima
3212 4943 3313 5000 est,
3347 4935 3488 4989 illam
3508 4949 3629 4990 esse
3654 4950 3810 5003 quam
3839 4933 4154 4987 Flavianum

2567 5033 2875 5102 episcopum
2924 5044 3047 5083 mox
3076 5028 3535 5098 pronuntiaturum
3577 5039 3696 5079 esse
3738 5023 3948 5077 dicebat
3986 5035 4156 5090 supra

2566 5122 3014 5196 Chrysostomus?
3060 5118 3218 5175 Certe
3255 5118 3392 5173 nihil
3416 5116 3593 5179 video,
3624 5112 3765 5183 quod
3810 5126 3906 5165 nos
3932 5111 3999 5165 ab
4049 5111 4154 5167 hac

2566 5218 2817 5288 opinione
2842 5216 3115 5269 dimovere
3143 5212 3330 5281 pOSsit.

2638 5312 2766 5365 Aliae
2812 5307 3052 5362 Itomilite.
3096 5301 3492 5358 —Concioncs
3536 5294 3589 5351 in
3635 5295 3959 5351 Maceabzeos
3996 5300 4152 5365 sequi

2565 5404 2723 5459 debet
2750 5400 2973 5456 Ilomilia
3003 5398 3070 5453 de
3095 5397 3152 5453 S.
3182 5392 3494 5463 Martyribns
3520 5388 3813 5444 Antiochia:
3853 5386 4028 5441 habita
4055 5387 4149 5456 (Τ.

2564 5495 2618 5549 2.
2663 5509 2712 5547 c.
2742 5493 2910 5557 645):
2941 5505 3064 5545 nam
3096 5500 3243 5541 num.
3278 5486 3303 5537 1
3336 5481 3507 5537 innuit
3539 5482 3627 5536 ille
3654 5494 3713 5535 se
3750 5478 3887 5533 hanc
3912 5493 4150 5549 pronun-

2567 5587 2728 5640 tiasse
2748 5583 2907 5654 paulo
2926 5586 3048 5650 post
3072 5574 3487 5631 Maccabaeorum
3506 5570 3914 5635 solemnitatem,
3932 5573 4150 5641 quando

2564 5678 2853 5734 Flavianus
2875 5671 3158 5740 episcopus
3184 5676 3472 5739 martyrum
3521 5664 3714 5718 festum
3751 5662 3860 5717 ruri
3902 5664 4147 5720 celebra-

2565 5784 2715 5828 turus
2740 5767 3016 5835 abscessit,
3038 5773 3195 5837 atque
3216 5764 3598 5835 Chrysostomo
3633 5758 3685 5811 in
3714 5757 3825 5828 ipsa
3857 5759 3986 5815 urbe
4014 5774 4147 5813 con-

2565 5858 2813 5917 cionaudi
2860 5858 3185 5931 provinciam
3216 5852 3445 5921 reliquit.
3477 5850 3535 5904 In
3574 5848 3674 5904 hac
3701 5858 3876 5905 autem
3928 5849 4142 5903 humilia

2565 5954 2632 6009 de
2658 5962 2946 6023 martyrum
2978 5951 3170 6004 virtute
3198 5944 3408 6015 egregie
3434 5941 3647 5998 disserit
3665 5943 3725 6000 S.
3748 5944 3966 5999 doctor:
3996 5945 4140 5996 muta

2566 6061 2750 6103 eorum
2785 6060 2902 6101 ossa
2934 6042 3050 6113 plus
3080 6039 3144 6094 ad
3175 6038 3418 6103 salutem,
3449 6034 3514 6091 ad
3554 6036 4031 6109 compunctionem,
4070 6025 4138 6079 ad
