  <div class='ocr_page' id='page_1' title='image "/cluster/home/n/w/nwhite01/storage/ocr_20150623/47/hvd.32044025239690/172.png"; bbox 0 0 4504 6746; ppageno 0'>
   <div class='ocr_carea' id='block_1_1' title="bbox 406 547 512 604">
    <p class='ocr_par' dir='ltr' id='par_1_1' title="bbox 406 547 512 604">
     <span class='ocr_line' id='line_1_1' title="bbox 406 547 512 604; baseline -0.028 0"><span class='ocrx_word' id='word_1_1' title='bbox 406 547 512 604; x_wconf 69' lang='grc'><strong>153</strong></span> 
     </span>
    </p>
   </div>
   <div class='ocr_carea' id='block_1_2' title="bbox 401 652 1981 728">
    <p class='ocr_par' dir='ltr' id='par_1_2' title="bbox 401 652 1981 728">
     <span class='ocr_line' id='line_1_2' title="bbox 401 652 1981 728; baseline 0.001 -17"><span class='ocrx_word' id='word_1_2' title='bbox 401 653 767 728; x_wconf 75' lang='lat' dir='ltr'><strong>pmnitemiam</strong></span> <span class='ocrx_word' id='word_1_3' title='bbox 786 655 1031 713; x_wconf 85' lang='lat' dir='ltr'><strong>conferre</strong></span> <span class='ocrx_word' id='word_1_4' title='bbox 1055 656 1206 717; x_wconf 90' lang='lat' dir='ltr'><strong>dicit.</strong></span> <span class='ocrx_word' id='word_1_5' title='bbox 1232 668 1388 724; x_wconf 86' lang='lat' dir='ltr'><strong>quam</strong></span> <span class='ocrx_word' id='word_1_6' title='bbox 1414 652 1691 710; x_wconf 88' lang='lat' dir='ltr'><strong>doctorum</strong></span> <span class='ocrx_word' id='word_1_7' title='bbox 1722 672 1981 728; x_wconf 88' lang='lat' dir='ltr'><strong>quorum-</strong></span> 
     </span>
    </p>
   </div>
   <div class='ocr_carea' id='block_1_3' title="bbox 397 745 1981 820">
    <p class='ocr_par' dir='ltr' id='par_1_3' title="bbox 397 745 1981 820">
     <span class='ocr_line' id='line_1_3' title="bbox 397 745 1981 820; baseline -0.001 -16"><span class='ocrx_word' id='word_1_8' title='bbox 397 749 529 804; x_wconf 83' lang='lat' dir='ltr'><strong>libet</strong></span> <span class='ocrx_word' id='word_1_9' title='bbox 558 748 715 803; x_wconf 86' lang='lat' dir='ltr'><strong>verba</strong></span> <span class='ocrx_word' id='word_1_10' title='bbox 741 750 1255 815; x_wconf 84' lang='lat' dir='ltr'><strong>admonitinncsque.</strong></span> <span class='ocrx_word' id='word_1_11' title='bbox 1290 745 1423 802; x_wconf 87' lang='lat' dir='ltr'><strong>liinc</strong></span> <span class='ocrx_word' id='word_1_12' title='bbox 1453 751 1641 804; x_wconf 76' lang='lat' dir='ltr'><strong>transit</strong></span> <span class='ocrx_word' id='word_1_13' title='bbox 1669 750 1734 805; x_wconf 90' lang='lat' dir='ltr'><strong>ad</strong></span> <span class='ocrx_word' id='word_1_14' title='bbox 1764 766 1860 806; x_wconf 88' lang='lat' dir='ltr'><strong>eos</strong></span> <span class='ocrx_word' id='word_1_15' title='bbox 1890 750 1981 820; x_wconf 85' lang='lat' dir='ltr'><strong>qui</strong></span> 
     </span>
    </p>
   </div>
   <div class='ocr_carea' id='block_1_4' title="bbox 396 838 1983 911">
    <p class='ocr_par' dir='ltr' id='par_1_4' title="bbox 396 838 1983 911">
     <span class='ocr_line' id='line_1_4' title="bbox 396 838 1983 911; baseline 0.003 -22"><span class='ocrx_word' id='word_1_16' title='bbox 396 839 650 910; x_wconf 82' lang='lat' dir='ltr'><strong>mysteria</strong></span> <span class='ocrx_word' id='word_1_17' title='bbox 676 841 887 911; x_wconf 76' lang='lat' dir='ltr'><strong>indigne</strong></span> <span class='ocrx_word' id='word_1_18' title='bbox 914 838 1249 910; x_wconf 72' lang='lat' dir='ltr'><strong>participant,</strong></span> <span class='ocrx_word' id='word_1_19' title='bbox 1273 838 1533 911; x_wconf 88' lang='lat' dir='ltr'><strong>edicitque</strong></span> <span class='ocrx_word' id='word_1_20' title='bbox 1556 843 1674 897; x_wconf 83' lang='lat' dir='ltr'><strong>illos</strong></span> <span class='ocrx_word' id='word_1_21' title='bbox 1695 858 1799 896; x_wconf 90' lang='lat' dir='ltr'><strong>non</strong></span> <span class='ocrx_word' id='word_1_22' title='bbox 1827 855 1983 895; x_wconf 90' lang='lat' dir='ltr'><strong>secus</strong></span> 
     </span>
    </p>
   </div>
   <div class='ocr_carea' id='block_1_5' title="bbox 397 929 1983 998">
    <p class='ocr_par' dir='ltr' id='par_1_5' title="bbox 397 929 1983 998">
     <span class='ocr_line' id='line_1_5' title="bbox 397 929 1983 998; baseline 0.002 -17"><span class='ocrx_word' id='word_1_23' title='bbox 397 931 710 997; x_wconf 79' lang='lat' dir='ltr'><strong>plectendos</strong></span> <span class='ocrx_word' id='word_1_24' title='bbox 750 946 887 994; x_wconf 86' lang='lat' dir='ltr'><strong>esse,</strong></span> <span class='ocrx_word' id='word_1_25' title='bbox 939 943 1098 997; x_wconf 92' lang='lat' dir='ltr'><strong>quam</strong></span> <span class='ocrx_word' id='word_1_26' title='bbox 1126 942 1220 983; x_wconf 87' lang='lat' dir='ltr'><strong>eos</strong></span> <span class='ocrx_word' id='word_1_27' title='bbox 1248 929 1336 998; x_wconf 86' lang='lat' dir='ltr'><strong>qui</strong></span> <span class='ocrx_word' id='word_1_28' title='bbox 1384 931 1662 986; x_wconf 87' lang='lat' dir='ltr'><strong>Dominum</strong></span> <span class='ocrx_word' id='word_1_29' title='bbox 1701 930 1983 986; x_wconf 78' lang='lat' dir='ltr'><strong>crucifixe-</strong></span> 
     </span>
    </p>
   </div>
   <div class='ocr_carea' id='block_1_6' title="bbox 393 1019 1980 1087">
    <p class='ocr_par' dir='ltr' id='par_1_6' title="bbox 393 1019 1980 1087">
     <span class='ocr_line' id='line_1_6' title="bbox 393 1019 1980 1087; baseline 0.003 -13"><span class='ocrx_word' id='word_1_30' title='bbox 393 1030 539 1074; x_wconf 77' lang='lat' dir='ltr'><strong>rant.</strong></span> <span class='ocrx_word' id='word_1_31' title='bbox 588 1021 840 1075; x_wconf 85' lang='lat' dir='ltr'><strong>Pcrmulti</strong></span> <span class='ocrx_word' id='word_1_32' title='bbox 888 1033 1018 1071; x_wconf 86' lang='lat' dir='ltr'><strong>vero</strong></span> <span class='ocrx_word' id='word_1_33' title='bbox 1059 1028 1176 1087; x_wconf 77' lang='lat' dir='ltr'><strong>post</strong></span> <span class='ocrx_word' id='word_1_34' title='bbox 1229 1019 1363 1077; x_wconf 86' lang='lat' dir='ltr'><strong>hanc</strong></span> <span class='ocrx_word' id='word_1_35' title='bbox 1391 1023 1623 1076; x_wconf 79' lang='lat' dir='ltr'><strong>habitam</strong></span> <span class='ocrx_word' id='word_1_36' title='bbox 1670 1022 1980 1078; x_wconf 85' lang='lat' dir='ltr'><strong>concionem</strong></span> 
     </span>
    </p>
   </div>
   <div class='ocr_carea' id='block_1_7' title="bbox 399 1111 1980 1182">
    <p class='ocr_par' dir='ltr' id='par_1_7' title="bbox 399 1111 1980 1182">
     <span class='ocr_line' id='line_1_7' title="bbox 399 1111 1980 1182; baseline 0.002 -15"><span class='ocrx_word' id='word_1_37' title='bbox 399 1112 527 1170; x_wconf 81' lang='lat' dir='ltr'><strong>dicti</strong></span> <span class='ocrx_word' id='word_1_38' title='bbox 558 1114 699 1170; x_wconf 79' lang='lat' dir='ltr'><strong>illius</strong></span> <span class='ocrx_word' id='word_1_39' title='bbox 745 1111 1090 1165; x_wconf 80' lang='lat' dir='ltr'><strong>acerbitatem</strong></span> <span class='ocrx_word' id='word_1_40' title='bbox 1136 1128 1241 1169; x_wconf 89' lang='lat' dir='ltr'><strong>non</strong></span> <span class='ocrx_word' id='word_1_41' title='bbox 1290 1116 1539 1177; x_wconf 76' lang='lat' dir='ltr'><strong>ferentes,</strong></span> <span class='ocrx_word' id='word_1_42' title='bbox 1572 1112 1980 1182; x_wconf 80' lang='lat' dir='ltr'><strong>indignabantur</strong></span> 
     </span>
    </p>
   </div>
   <div class='ocr_carea' id='block_1_8' title="bbox 398 1201 1980 1272">
    <p class='ocr_par' dir='ltr' id='par_1_8' title="bbox 398 1201 1980 1272">
     <span class='ocr_line' id='line_1_8' title="bbox 398 1201 1980 1272; baseline 0 -13"><span class='ocrx_word' id='word_1_43' title='bbox 398 1214 452 1259; x_wconf 82' lang='lat' dir='ltr'><strong>et</strong></span> <span class='ocrx_word' id='word_1_44' title='bbox 480 1201 978 1259; x_wconf 77' lang='lat' dir='ltr'><strong>cxcandesccbant:</strong></span> <span class='ocrx_word' id='word_1_45' title='bbox 1024 1202 1216 1260; x_wconf 73' lang='lat' dir='ltr'><strong>Aeacos</strong></span> <span class='ocrx_word' id='word_1_46' title='bbox 1256 1223 1366 1269; x_wconf 85' lang='lat' dir='ltr'><strong>nos,</strong></span> <span class='ocrx_word' id='word_1_47' title='bbox 1410 1204 1736 1272; x_wconf 87' lang='lat' dir='ltr'><strong>inquiebaut,</strong></span> <span class='ocrx_word' id='word_1_48' title='bbox 1763 1222 1794 1258; x_wconf 89' lang='lat' dir='ltr'><strong>a</strong></span> <span class='ocrx_word' id='word_1_49' title='bbox 1834 1223 1980 1261; x_wconf 87' lang='lat' dir='ltr'><strong>sacra</strong></span> 
     </span>
    </p>
   </div>
   <div class='ocr_carea' id='block_1_9' title="bbox 395 1295 1978 1367">
    <p class='ocr_par' dir='ltr' id='par_1_9' title="bbox 395 1295 1978 1367">
     <span class='ocr_line' id='line_1_9' title="bbox 395 1295 1978 1367; baseline 0.002 -21"><span class='ocrx_word' id='word_1_50' title='bbox 395 1311 605 1357; x_wconf 71' lang='lat' dir='ltr'><strong>annua,</strong></span> <span class='ocrx_word' id='word_1_51' title='bbox 647 1301 692 1344; x_wconf 88' lang='lat' dir='ltr'><strong>et</strong></span> <span class='ocrx_word' id='word_1_52' title='bbox 736 1307 768 1342; x_wconf 92' lang='lat' dir='ltr'><strong>a</strong></span> <span class='ocrx_word' id='word_1_53' title='bbox 819 1295 1169 1349; x_wconf 81' lang='lat' dir='ltr'><strong>communione</strong></span> <span class='ocrx_word' id='word_1_54' title='bbox 1216 1295 1440 1367; x_wconf 78' lang='lat' dir='ltr'><strong>repellis.</strong></span> <span class='ocrx_word' id='word_1_55' title='bbox 1483 1296 1657 1359; x_wconf 76' lang='lat' dir='ltr'><strong>Quare</strong></span> <span class='ocrx_word' id='word_1_56' title='bbox 1704 1305 1978 1365; x_wconf 85' lang='lat' dir='ltr'><strong>permotus</strong></span> 
     </span>
    </p>
   </div>
   <div class='ocr_carea' id='block_1_10' title="bbox 390 1383 1974 1452">
    <p class='ocr_par' dir='ltr' id='par_1_10' title="bbox 390 1383 1974 1452">
     <span class='ocr_line' id='line_1_10' title="bbox 390 1383 1974 1452; baseline 0 -15"><span class='ocrx_word' id='word_1_57' title='bbox 390 1383 833 1451; x_wconf 78' lang='lat' dir='ltr'><strong>Chrysostomus,</strong></span> <span class='ocrx_word' id='word_1_58' title='bbox 858 1383 1263 1452; x_wconf 81' lang='lat' dir='ltr'><strong>pulcherrimam</strong></span> <span class='ocrx_word' id='word_1_59' title='bbox 1286 1385 1425 1437; x_wconf 85' lang='lat' dir='ltr'><strong>illam</strong></span> <span class='ocrx_word' id='word_1_60' title='bbox 1449 1386 1740 1441; x_wconf 90' lang='lat' dir='ltr'><strong>orationem</strong></span> <span class='ocrx_word' id='word_1_61' title='bbox 1770 1386 1974 1447; x_wconf 86' lang='lat' dir='ltr'><strong>habuit,</strong></span> 
     </span>
    </p>
   </div>
   <div class='ocr_carea' id='block_1_11' title="bbox 385 1473 1977 1546">
    <p class='ocr_par' dir='ltr' id='par_1_11' title="bbox 385 1473 1977 1546">
     <span class='ocr_line' id='line_1_11' title="bbox 385 1473 1977 1546; baseline 0.003 -21"><span class='ocrx_word' id='word_1_62' title='bbox 385 1490 510 1543; x_wconf 66' lang='lat' dir='ltr'><strong>quae</strong></span> <span class='ocrx_word' id='word_1_63' title='bbox 543 1473 865 1540; x_wconf 82' lang='lat' dir='ltr'><strong>inscribitur,</strong></span> <span class='ocrx_word' id='word_1_64' title='bbox 911 1474 1030 1530; x_wconf 82' lang='lat' dir='ltr'><strong>Non</strong></span> <span class='ocrx_word' id='word_1_65' title='bbox 1055 1494 1160 1531; x_wconf 87' lang='lat' dir='ltr'><strong>esse</strong></span> <span class='ocrx_word' id='word_1_66' title='bbox 1201 1477 1270 1529; x_wconf 89' lang='lat' dir='ltr'><strong>ad</strong></span> <span class='ocrx_word' id='word_1_67' title='bbox 1317 1476 1533 1546; x_wconf 88' lang='lat' dir='ltr'><strong>gratiam</strong></span> <span class='ocrx_word' id='word_1_68' title='bbox 1571 1475 1977 1529; x_wconf 86' lang='lat' dir='ltr'><strong>concionandum</strong></span> 
     </span>
    </p>
   </div>
   <div class='ocr_carea' id='block_1_12' title="bbox 395 1561 1972 1637">
    <p class='ocr_par' dir='ltr' id='par_1_12' title="bbox 395 1561 1972 1637">
     <span class='ocr_line' id='line_1_12' title="bbox 395 1561 1972 1637; baseline 0.003 -21"><span class='ocrx_word' id='word_1_69' title='bbox 395 1563 480 1629; x_wconf 62' lang='lat' dir='ltr'><strong>1T.</strong></span> <span class='ocrx_word' id='word_1_70' title='bbox 505 1561 561 1615; x_wconf 91' lang='lat'><strong>2.</strong></span> <span class='ocrx_word' id='word_1_71' title='bbox 606 1580 652 1616; x_wconf 86' lang='lat' dir='ltr'><strong>c.</strong></span> <span class='ocrx_word' id='word_1_72' title='bbox 684 1564 811 1633; x_wconf 82' lang='grc'>655)</span> <span class='ocrx_word' id='word_1_73' title='bbox 838 1583 852 1619; x_wconf 89' lang='lat'><strong>:</strong></span> <span class='ocrx_word' id='word_1_74' title='bbox 875 1581 976 1636; x_wconf 89' lang='lat' dir='ltr'><strong>qua</strong></span> <span class='ocrx_word' id='word_1_75' title='bbox 1003 1568 1193 1637; x_wconf 87' lang='lat' dir='ltr'><strong>probat</strong></span> <span class='ocrx_word' id='word_1_76' title='bbox 1218 1581 1330 1620; x_wconf 90' lang='lat' dir='ltr'><strong>rem</strong></span> <span class='ocrx_word' id='word_1_77' title='bbox 1355 1581 1475 1622; x_wconf 83' lang='lat' dir='ltr'><strong>esse</strong></span> <span class='ocrx_word' id='word_1_78' title='bbox 1507 1565 1728 1636; x_wconf 86' lang='lat' dir='ltr'><strong>periculi</strong></span> <span class='ocrx_word' id='word_1_79' title='bbox 1763 1564 1881 1633; x_wconf 88' lang='lat' dir='ltr'><strong>plen</strong></span> <span class='ocrx_word' id='word_1_80' title='bbox 1902 1582 1972 1620; x_wconf 40' lang='lat' dir='ltr'><strong>&#39;m</strong></span> 
     </span>
    </p>
   </div>
   <div class='ocr_carea' id='block_1_13' title="bbox 391 1655 1973 1725">
    <p class='ocr_par' dir='ltr' id='par_1_13' title="bbox 391 1655 1973 1725">
     <span class='ocr_line' id='line_1_13' title="bbox 391 1655 1973 1725; baseline 0.002 -16"><span class='ocrx_word' id='word_1_81' title='bbox 391 1666 500 1709; x_wconf 91' lang='lat' dir='ltr'><strong>tum</strong></span> <span class='ocrx_word' id='word_1_82' title='bbox 536 1655 863 1723; x_wconf 72' lang='lat' dir='ltr'><strong>prrcdicanti,</strong></span> <span class='ocrx_word' id='word_1_83' title='bbox 903 1668 1012 1713; x_wconf 89' lang='lat' dir='ltr'><strong>tum</strong></span> <span class='ocrx_word' id='word_1_84' title='bbox 1051 1657 1410 1721; x_wconf 87' lang='lat' dir='ltr'><strong>audientibus,</strong></span> <span class='ocrx_word' id='word_1_85' title='bbox 1453 1659 1499 1713; x_wconf 89' lang='lat' dir='ltr'><strong>si</strong></span> <span class='ocrx_word' id='word_1_86' title='bbox 1527 1656 1593 1709; x_wconf 91' lang='lat' dir='ltr'><strong>ad</strong></span> <span class='ocrx_word' id='word_1_87' title='bbox 1622 1656 1849 1725; x_wconf 82' lang='lat' dir='ltr'><strong>gratiam</strong></span> <span class='ocrx_word' id='word_1_88' title='bbox 1882 1659 1973 1713; x_wconf 92' lang='lat' dir='ltr'><strong>ille</strong></span> 
     </span>
    </p>
   </div>
   <div class='ocr_carea' id='block_1_14' title="bbox 384 1752 1971 1825">
    <p class='ocr_par' dir='ltr' id='par_1_14' title="bbox 384 1752 1971 1825">
     <span class='ocr_line' id='line_1_14' title="bbox 384 1752 1971 1825; baseline 0 -18"><span class='ocrx_word' id='word_1_89' title='bbox 384 1752 769 1809; x_wconf 81' lang='lat' dir='ltr'><strong>concionetur:</strong></span> <span class='ocrx_word' id='word_1_90' title='bbox 797 1757 1124 1825; x_wconf 80' lang='lat' dir='ltr'><strong>plurimaque</strong></span> <span class='ocrx_word' id='word_1_91' title='bbox 1154 1756 1278 1811; x_wconf 87' lang='lat' dir='ltr'><strong>dicit</strong></span> <span class='ocrx_word' id='word_1_92' title='bbox 1307 1758 1408 1811; x_wconf 89' lang='lat' dir='ltr'><strong>alia</strong></span> <span class='ocrx_word' id='word_1_93' title='bbox 1440 1755 1507 1810; x_wconf 89' lang='lat' dir='ltr'><strong>ad</strong></span> <span class='ocrx_word' id='word_1_94' title='bbox 1537 1752 1971 1808; x_wconf 87' lang='lat' dir='ltr'><strong>concionatorum</strong></span> 
     </span>
    </p>
   </div>
   <div class='ocr_carea' id='block_1_15' title="bbox 383 1843 1972 1919">
    <p class='ocr_par' dir='ltr' id='par_1_15' title="bbox 383 1843 1972 1919">
     <span class='ocr_line' id='line_1_15' title="bbox 383 1843 1972 1919; baseline 0.002 -22"><span class='ocrx_word' id='word_1_95' title='bbox 383 1853 444 1897; x_wconf 89' lang='lat' dir='ltr'><strong>et</strong></span> <span class='ocrx_word' id='word_1_96' title='bbox 466 1843 532 1895; x_wconf 89' lang='lat' dir='ltr'><strong>ad</strong></span> <span class='ocrx_word' id='word_1_97' title='bbox 575 1847 872 1902; x_wconf 87' lang='lat' dir='ltr'><strong>auditorum</strong></span> <span class='ocrx_word' id='word_1_98' title='bbox 911 1846 1145 1902; x_wconf 78' lang='lat' dir='ltr'><strong>officium</strong></span> <span class='ocrx_word' id='word_1_99' title='bbox 1172 1849 1485 1919; x_wconf 77' lang='lat' dir='ltr'><strong>spectantia.</strong></span> <span class='ocrx_word' id='word_1_100' title='bbox 1526 1845 1638 1899; x_wconf 82' lang='lat' dir='ltr'><strong>Etsi</strong></span> <span class='ocrx_word' id='word_1_101' title='bbox 1677 1859 1808 1901; x_wconf 88' lang='lat' dir='ltr'><strong>vero</strong></span> <span class='ocrx_word' id='word_1_102' title='bbox 1856 1844 1972 1900; x_wconf 73' lang='lat' dir='ltr'><strong>hmo</strong></span> 
     </span>
    </p>
   </div>
   <div class='ocr_carea' id='block_1_16' title="bbox 383 1931 1969 2009">
    <p class='ocr_par' dir='ltr' id='par_1_16' title="bbox 383 1931 1969 2009">
     <span class='ocr_line' id='line_1_16' title="bbox 383 1931 1969 2009; baseline 0.004 -25"><span class='ocrx_word' id='word_1_103' title='bbox 383 1931 601 1989; x_wconf 84' lang='lat' dir='ltr'><strong>homilia</strong></span> <span class='ocrx_word' id='word_1_104' title='bbox 632 1936 696 1990; x_wconf 91' lang='lat' dir='ltr'><strong>ad</strong></span> <span class='ocrx_word' id='word_1_105' title='bbox 722 1939 1068 2009; x_wconf 74' lang='lat' dir='ltr'><strong>panegyricos</strong></span> <span class='ocrx_word' id='word_1_106' title='bbox 1092 1947 1397 1993; x_wconf 89' lang='lat' dir='ltr'><strong>sanctorum</strong></span> <span class='ocrx_word' id='word_1_107' title='bbox 1423 1951 1701 1992; x_wconf 88' lang='lat' dir='ltr'><strong>sermones</strong></span> <span class='ocrx_word' id='word_1_108' title='bbox 1721 1951 1825 1991; x_wconf 89' lang='lat' dir='ltr'><strong>non</strong></span> <span class='ocrx_word' id='word_1_109' title='bbox 1847 1952 1969 2009; x_wconf 83' lang='lat' dir='ltr'><strong>per-</strong></span> 
     </span>
    </p>
   </div>
   <div class='ocr_carea' id='block_1_17' title="bbox 383 2025 1965 2099">
    <p class='ocr_par' dir='ltr' id='par_1_17' title="bbox 383 2025 1965 2099">
     <span class='ocr_line' id='line_1_17' title="bbox 383 2025 1965 2099; baseline 0.002 -22"><span class='ocrx_word' id='word_1_110' title='bbox 383 2025 537 2087; x_wconf 85' lang='lat' dir='ltr'><strong>tinet,</strong></span> <span class='ocrx_word' id='word_1_111' title='bbox 571 2042 673 2082; x_wconf 89' lang='lat' dir='ltr'><strong>non</strong></span> <span class='ocrx_word' id='word_1_112' title='bbox 703 2028 849 2084; x_wconf 90' lang='lat' dir='ltr'><strong>licuit</strong></span> <span class='ocrx_word' id='word_1_113' title='bbox 895 2045 1011 2083; x_wconf 76' lang='lat' dir='ltr'><strong>eam</strong></span> <span class='ocrx_word' id='word_1_114' title='bbox 1044 2045 1073 2083; x_wconf 92' lang='lat' dir='ltr'><strong>a</strong></span> <span class='ocrx_word' id='word_1_115' title='bbox 1103 2028 1421 2099; x_wconf 81' lang='lat' dir='ltr'><strong>pr:ccedcuti</strong></span> <span class='ocrx_word' id='word_1_116' title='bbox 1465 2028 1719 2084; x_wconf 87' lang='lat' dir='ltr'><strong>concione</strong></span> <span class='ocrx_word' id='word_1_117' title='bbox 1760 2028 1965 2098; x_wconf 83' lang='lat' dir='ltr'><strong>disjun-</strong></span> 
     </span>
    </p>
   </div>
   <div class='ocr_carea' id='block_1_18' title="bbox 380 2121 1965 2192">
    <p class='ocr_par' dir='ltr' id='par_1_18' title="bbox 380 2121 1965 2192">
     <span class='ocr_line' id='line_1_18' title="bbox 380 2121 1965 2192; baseline 0.004 -23"><span class='ocrx_word' id='word_1_118' title='bbox 380 2132 531 2188; x_wconf 85' lang='lat' dir='ltr'><strong>gere,</strong></span> <span class='ocrx_word' id='word_1_119' title='bbox 562 2121 683 2190; x_wconf 88' lang='lat' dir='ltr'><strong>quia</strong></span> <span class='ocrx_word' id='word_1_120' title='bbox 710 2132 941 2192; x_wconf 74' lang='lat' dir='ltr'><strong>emptam</strong></span> <span class='ocrx_word' id='word_1_121' title='bbox 972 2123 1039 2178; x_wconf 90' lang='lat' dir='ltr'><strong>de</strong></span> <span class='ocrx_word' id='word_1_122' title='bbox 1066 2122 1279 2192; x_wconf 81' lang='lat' dir='ltr'><strong>indigne</strong></span> <span class='ocrx_word' id='word_1_123' title='bbox 1317 2122 1832 2177; x_wconf 87' lang='lat' dir='ltr'><strong>communicantibus</strong></span> <span class='ocrx_word' id='word_1_124' title='bbox 1865 2123 1965 2192; x_wconf 78' lang='lat' dir='ltr'><strong>hy-</strong></span> 
     </span>
    </p>
   </div>
   <div class='ocr_carea' id='block_1_19' title="bbox 380 2209 1967 2281">
    <p class='ocr_par' dir='ltr' id='par_1_19' title="bbox 380 2209 1967 2281">
     <span class='ocr_line' id='line_1_19' title="bbox 380 2209 1967 2281; baseline 0.005 -24"><span class='ocrx_word' id='word_1_125' title='bbox 380 2209 645 2277; x_wconf 83' lang='lat' dir='ltr'><strong>pothcsim</strong></span> <span class='ocrx_word' id='word_1_126' title='bbox 671 2253 686 2277; x_wconf 93' lang='lat'><strong>,</strong></span> <span class='ocrx_word' id='word_1_127' title='bbox 733 2228 795 2267; x_wconf 87' lang='lat' dir='ltr'><strong>ca</strong></span> <span class='ocrx_word' id='word_1_128' title='bbox 840 2229 999 2281; x_wconf 89' lang='lat' dir='ltr'><strong>quam</strong></span> <span class='ocrx_word' id='word_1_129' title='bbox 1046 2213 1279 2267; x_wconf 76' lang='lat' dir='ltr'><strong>diximus</strong></span> <span class='ocrx_word' id='word_1_130' title='bbox 1323 2212 1603 2268; x_wconf 90' lang='lat' dir='ltr'><strong>occasione</strong></span> <span class='ocrx_word' id='word_1_131' title='bbox 1648 2214 1839 2268; x_wconf 84' lang='lat' dir='ltr'><strong>ductus</strong></span> <span class='ocrx_word' id='word_1_132' title='bbox 1881 2213 1967 2266; x_wconf 91' lang='lat' dir='ltr'><strong>hic</strong></span> 
     </span>
    </p>
   </div>
   <div class='ocr_carea' id='block_1_20' title="bbox 377 2302 1963 2373">
    <p class='ocr_par' dir='ltr' id='par_1_20' title="bbox 377 2302 1963 2373">
     <span class='ocr_line' id='line_1_20' title="bbox 377 2302 1963 2373; baseline 0.001 -21"><span class='ocrx_word' id='word_1_133' title='bbox 377 2302 739 2370; x_wconf 80' lang='lat' dir='ltr'><strong>prosequitur.</strong></span> <span class='ocrx_word' id='word_1_134' title='bbox 770 2302 887 2369; x_wconf 87' lang='lat' dir='ltr'><strong>Quo</strong></span> <span class='ocrx_word' id='word_1_135' title='bbox 915 2318 1057 2356; x_wconf 89' lang='lat' dir='ltr'><strong>anno</strong></span> <span class='ocrx_word' id='word_1_136' title='bbox 1094 2311 1370 2373; x_wconf 89' lang='lat' dir='ltr'><strong>utramque</strong></span> <span class='ocrx_word' id='word_1_137' title='bbox 1403 2302 1646 2359; x_wconf 86' lang='lat' dir='ltr'><strong>habuerit</strong></span> <span class='ocrx_word' id='word_1_138' title='bbox 1690 2303 1963 2358; x_wconf 88' lang='lat' dir='ltr'><strong>homiliam</strong></span> 
     </span>
    </p>
   </div>
   <div class='ocr_carea' id='block_1_21' title="bbox 376 2390 1963 2461">
    <p class='ocr_par' dir='ltr' id='par_1_21' title="bbox 376 2390 1963 2461">
     <span class='ocr_line' id='line_1_21' title="bbox 376 2390 1963 2461; baseline 0.003 -19"><span class='ocrx_word' id='word_1_139' title='bbox 376 2390 814 2461; x_wconf 77' lang='lat' dir='ltr'><strong>Chrysostomus,</strong></span> <span class='ocrx_word' id='word_1_140' title='bbox 848 2394 1108 2447; x_wconf 90' lang='lat' dir='ltr'><strong>incertum</strong></span> <span class='ocrx_word' id='word_1_141' title='bbox 1152 2395 1370 2447; x_wconf 92' lang='lat' dir='ltr'><strong>omnino</strong></span> <span class='ocrx_word' id='word_1_142' title='bbox 1396 2402 1477 2449; x_wconf 83' lang='lat' dir='ltr'><strong>est.</strong></span> <span class='ocrx_word' id='word_1_143' title='bbox 1510 2413 1525 2450; x_wconf 89' lang='lat'><strong>:</strong></span> <span class='ocrx_word' id='word_1_144' title='bbox 1553 2394 1654 2449; x_wconf 89' lang='lat' dir='ltr'><strong>hoc</strong></span> <span class='ocrx_word' id='word_1_145' title='bbox 1692 2410 1853 2448; x_wconf 90' lang='lat' dir='ltr'><strong>unum</strong></span> <span class='ocrx_word' id='word_1_146' title='bbox 1897 2407 1963 2446; x_wconf 74' lang='lat' dir='ltr'><strong>ex</strong></span> 
     </span>
    </p>
   </div>
   <div class='ocr_carea' id='block_1_22' title="bbox 376 2480 1965 2556">
    <p class='ocr_par' dir='ltr' id='par_1_22' title="bbox 376 2480 1965 2556">
     <span class='ocr_line' id='line_1_22' title="bbox 376 2480 1965 2556; baseline 0.001 -24"><span class='ocrx_word' id='word_1_147' title='bbox 376 2480 610 2535; x_wconf 76' lang='lat' dir='ltr'><strong>semiuda</strong></span> <span class='ocrx_word' id='word_1_148' title='bbox 642 2481 878 2544; x_wconf 88' lang='lat' dir='ltr'><strong>homilia,</strong></span> <span class='ocrx_word' id='word_1_149' title='bbox 908 2484 991 2536; x_wconf 93' lang='lat' dir='ltr'><strong>cui</strong></span> <span class='ocrx_word' id='word_1_150' title='bbox 1021 2482 1221 2545; x_wconf 84' lang='lat' dir='ltr'><strong>titulus,</strong></span> <span class='ocrx_word' id='word_1_151' title='bbox 1247 2483 1365 2537; x_wconf 86' lang='lat' dir='ltr'><strong>Non</strong></span> <span class='ocrx_word' id='word_1_152' title='bbox 1387 2501 1493 2540; x_wconf 84' lang='lat' dir='ltr'><strong>esse</strong></span> <span class='ocrx_word' id='word_1_153' title='bbox 1519 2487 1586 2538; x_wconf 88' lang='lat' dir='ltr'><strong>ad</strong></span> <span class='ocrx_word' id='word_1_154' title='bbox 1606 2487 1823 2556; x_wconf 81' lang='lat' dir='ltr'><strong>gratiam</strong></span> <span class='ocrx_word' id='word_1_155' title='bbox 1842 2500 1965 2537; x_wconf 81' lang='lat' dir='ltr'><strong>con-</strong></span> 
     </span>
    </p>
   </div>
   <div class='ocr_carea' id='block_1_23' title="bbox 373 2570 1960 2645">
    <p class='ocr_par' dir='ltr' id='par_1_23' title="bbox 373 2570 1960 2645">
     <span class='ocr_line' id='line_1_23' title="bbox 373 2570 1960 2645; baseline 0.004 -24"><span class='ocrx_word' id='word_1_156' title='bbox 373 2570 705 2634; x_wconf 85' lang='lat' dir='ltr'><strong>cionandum,</strong></span> <span class='ocrx_word' id='word_1_157' title='bbox 734 2572 1000 2640; x_wconf 81' lang='lat' dir='ltr'><strong>expiscari</strong></span> <span class='ocrx_word' id='word_1_158' title='bbox 1028 2587 1184 2641; x_wconf 57' lang='lat' dir='ltr'><strong>anse</strong></span> <span class='ocrx_word' id='word_1_159' title='bbox 1209 2575 1470 2643; x_wconf 82' lang='lat' dir='ltr'><strong>videmur,</strong></span> <span class='ocrx_word' id='word_1_160' title='bbox 1504 2592 1696 2645; x_wconf 83' lang='lat' dir='ltr'><strong>nempe</strong></span> <span class='ocrx_word' id='word_1_161' title='bbox 1728 2576 1960 2630; x_wconf 87' lang='lat' dir='ltr'><strong>habitam</strong></span> 
     </span>
    </p>
   </div>
   <div class='ocr_carea' id='block_1_24' title="bbox 374 2658 1961 2732">
    <p class='ocr_par' dir='ltr' id='par_1_24' title="bbox 374 2658 1961 2732">
     <span class='ocr_line' id='line_1_24' title="bbox 374 2658 1961 2732; baseline 0.007 -22"><span class='ocrx_word' id='word_1_162' title='bbox 374 2667 657 2729; x_wconf 89' lang='lat' dir='ltr'><strong>utramque</strong></span> <span class='ocrx_word' id='word_1_163' title='bbox 684 2658 848 2716; x_wconf 85' lang='lat' dir='ltr'><strong>fuisse</strong></span> <span class='ocrx_word' id='word_1_164' title='bbox 875 2670 997 2731; x_wconf 89' lang='lat' dir='ltr'><strong>post</strong></span> <span class='ocrx_word' id='word_1_165' title='bbox 1028 2662 1279 2718; x_wconf 82' lang='lat' dir='ltr'><strong>llomilias</strong></span> <span class='ocrx_word' id='word_1_166' title='bbox 1308 2666 1375 2719; x_wconf 88' lang='lat' dir='ltr'><strong>de</strong></span> <span class='ocrx_word' id='word_1_167' title='bbox 1404 2665 1627 2732; x_wconf 82' lang='lat' dir='ltr'><strong>Lazaro.</strong></span> <span class='ocrx_word' id='word_1_168' title='bbox 1652 2666 1786 2719; x_wconf 86' lang='lat' dir='ltr'><strong>Dicit</strong></span> <span class='ocrx_word' id='word_1_169' title='bbox 1820 2667 1961 2721; x_wconf 89' lang='lat' dir='ltr'><strong>enim</strong></span> 
     </span>
    </p>
   </div>
   <div class='ocr_carea' id='block_1_25' title="bbox 368 2747 1962 2828">
    <p class='ocr_par' dir='ltr' id='par_1_25' title="bbox 368 2747 1962 2828">
     <span class='ocr_line' id='line_1_25' title="bbox 368 2747 1962 2828; baseline 0.005 -24"><span class='ocrx_word' id='word_1_170' title='bbox 368 2747 431 2804; x_wconf 84' lang='lat' dir='ltr'><strong>S.</strong></span> <span class='ocrx_word' id='word_1_171' title='bbox 462 2748 653 2803; x_wconf 85' lang='lat' dir='ltr'><strong>doctor</strong></span> <span class='ocrx_word' id='word_1_172' title='bbox 687 2767 834 2805; x_wconf 90' lang='lat' dir='ltr'><strong>num.</strong></span> <span class='ocrx_word' id='word_1_173' title='bbox 860 2755 896 2808; x_wconf 77' lang='lat'><strong>5</strong></span> <span class='ocrx_word' id='word_1_174' title='bbox 919 2753 985 2808; x_wconf 89' lang='lat' dir='ltr'><strong>de</strong></span> <span class='ocrx_word' id='word_1_175' title='bbox 1012 2753 1212 2810; x_wconf 86' lang='lat' dir='ltr'><strong>Lazaro</strong></span> <span class='ocrx_word' id='word_1_176' title='bbox 1247 2756 1506 2826; x_wconf 87' lang='lat' dir='ltr'><strong>loquens:</strong></span> <span class='ocrx_word' id='word_1_177' title='bbox 1560 2755 1629 2809; x_wconf 84' lang='lat' dir='ltr'><strong>Et</strong></span> <span class='ocrx_word' id='word_1_178' title='bbox 1670 2756 1795 2827; x_wconf 86' lang='lat' dir='ltr'><strong>quid</strong></span> <span class='ocrx_word' id='word_1_179' title='bbox 1834 2775 1962 2828; x_wconf 91' lang='lat' dir='ltr'><strong>opus</strong></span> 
     </span>
    </p>
   </div>
   <div class='ocr_carea' id='block_1_26' title="bbox 371 2841 1962 2919">
    <p class='ocr_par' dir='ltr' id='par_1_26' title="bbox 371 2841 1962 2919">
     <span class='ocr_line' id='line_1_26' title="bbox 371 2841 1962 2919; baseline 0.008 -27"><span class='ocrx_word' id='word_1_180' title='bbox 371 2848 447 2893; x_wconf 79' lang='lat' dir='ltr'><strong>est</strong></span> <span class='ocrx_word' id='word_1_181' title='bbox 476 2841 772 2909; x_wconf 87' lang='lat' dir='ltr'><strong>parabolam</strong></span> <span class='ocrx_word' id='word_1_182' title='bbox 795 2853 950 2898; x_wconf 89' lang='lat' dir='ltr'><strong>totam</strong></span> <span class='ocrx_word' id='word_1_183' title='bbox 972 2862 1262 2915; x_wconf 81' lang='lat' dir='ltr'><strong>percurrere</strong></span> <span class='ocrx_word' id='word_1_184' title='bbox 1277 2848 1303 2901; x_wconf 71' lang='grc' dir='ltr'><strong><em>Ρ</em></strong></span> <span class='ocrx_word' id='word_1_185' title='bbox 1321 2848 1508 2919; x_wconf 81' lang='lat' dir='ltr'><strong>quippe</strong></span> <span class='ocrx_word' id='word_1_186' title='bbox 1527 2849 1681 2902; x_wconf 84' lang='lat' dir='ltr'><strong>nostis</strong></span> <span class='ocrx_word' id='word_1_187' title='bbox 1703 2849 1962 2906; x_wconf 74' lang='lat' dir='ltr'><strong>historiam</strong></span> 
     </span>
    </p>
   </div>
   <div class='ocr_carea' id='block_1_27' title="bbox 369 2935 1960 3011">
    <p class='ocr_par' dir='ltr' id='par_1_27' title="bbox 369 2935 1960 3011">
     <span class='ocr_line' id='line_1_27' title="bbox 369 2935 1960 3011; baseline 0.008 -28"><span class='ocrx_word' id='word_1_188' title='bbox 369 2945 610 2996; x_wconf 87' lang='lat' dir='ltr'><strong>onmem;</strong></span> <span class='ocrx_word' id='word_1_189' title='bbox 634 2935 981 2988; x_wconf 68' lang='lat' dir='ltr'><strong>crudelitate»:</strong></span> <span class='ocrx_word' id='word_1_190' title='bbox 1002 2938 1189 3003; x_wconf 78' lang='lat' dir='ltr'><strong>divitis,</strong></span> <span class='ocrx_word' id='word_1_191' title='bbox 1224 2955 1323 3008; x_wconf 88' lang='lat' dir='ltr'><strong>quo</strong></span> <span class='ocrx_word' id='word_1_192' title='bbox 1351 2947 1498 3009; x_wconf 86' lang='lat' dir='ltr'><strong>pacto</strong></span> <span class='ocrx_word' id='word_1_193' title='bbox 1526 2939 1806 2993; x_wconf 86' lang='lat' dir='ltr'><strong>mendicum</strong></span> <span class='ocrx_word' id='word_1_194' title='bbox 1834 2958 1960 3011; x_wconf 88' lang='lat' dir='ltr'><strong>par-</strong></span> 
     </span>
    </p>
   </div>
   <div class='ocr_carea' id='block_1_28' title="bbox 366 3024 1954 3101">
    <p class='ocr_par' dir='ltr' id='par_1_28' title="bbox 366 3024 1954 3101">
     <span class='ocr_line' id='line_1_28' title="bbox 366 3024 1954 3101; baseline 0.008 -26"><span class='ocrx_word' id='word_1_195' title='bbox 366 3024 573 3091; x_wconf 72' lang='lat' dir='ltr'><strong>ticipant</strong></span> <span class='ocrx_word' id='word_1_196' title='bbox 616 3040 798 3079; x_wconf 71' lang='lat' dir='ltr'><strong>mensa:</strong></span> <span class='ocrx_word' id='word_1_197' title='bbox 818 3043 918 3079; x_wconf 88' lang='lat' dir='ltr'><strong>non</strong></span> <span class='ocrx_word' id='word_1_198' title='bbox 941 3028 1132 3094; x_wconf 79' lang='lat' dir='ltr'><strong>faceret</strong></span> <span class='ocrx_word' id='word_1_199' title='bbox 1150 3042 1170 3082; x_wconf 91' lang='lat'><strong><em>:</em></strong></span> <span class='ocrx_word' id='word_1_200' title='bbox 1199 3038 1464 3099; x_wconf 79' lang='lat' dir='ltr'><strong>egestatem</strong></span> <span class='ocrx_word' id='word_1_201' title='bbox 1490 3030 1630 3084; x_wconf 83' lang='lat' dir='ltr'><strong>illius</strong></span> <span class='ocrx_word' id='word_1_202' title='bbox 1652 3046 1713 3083; x_wconf 89' lang='lat' dir='ltr'><strong>ac</strong></span> <span class='ocrx_word' id='word_1_203' title='bbox 1749 3031 1954 3101; x_wconf 81' lang='lat' dir='ltr'><strong>famem,</strong></span> 
     </span>
    </p>
   </div>
   <div class='ocr_carea' id='block_1_29' title="bbox 366 3119 1959 3190">
    <p class='ocr_par' dir='ltr' id='par_1_29' title="bbox 366 3119 1959 3190">
     <span class='ocr_line' id='line_1_29' title="bbox 366 3119 1959 3190; baseline 0.009 -24"><span class='ocrx_word' id='word_1_204' title='bbox 366 3130 485 3168; x_wconf 79' lang='lat' dir='ltr'><strong>cum</strong></span> <span class='ocrx_word' id='word_1_205' title='bbox 514 3131 616 3185; x_wconf 83' lang='lat' dir='ltr'><strong>qua</strong></span> <span class='ocrx_word' id='word_1_206' title='bbox 668 3128 905 3186; x_wconf 87' lang='lat' dir='ltr'><strong>perpetuo</strong></span> <span class='ocrx_word' id='word_1_207' title='bbox 947 3119 1351 3190; x_wconf 78' lang='lat' dir='ltr'><strong>conﬂictabatur.</strong></span> <span class='ocrx_word' id='word_1_208' title='bbox 1394 3120 1524 3189; x_wconf 81' lang='lat' dir='ltr'><strong>Qua:</strong></span> <span class='ocrx_word' id='word_1_209' title='bbox 1557 3136 1687 3176; x_wconf 86' lang='lat' dir='ltr'><strong>sane</strong></span> <span class='ocrx_word' id='word_1_210' title='bbox 1714 3123 1959 3180; x_wconf 88' lang='lat' dir='ltr'><strong>videntur</strong></span> 
     </span>
    </p>
   </div>
   <div class='ocr_carea' id='block_1_30' title="bbox 370 3207 1955 3276">
    <p class='ocr_par' dir='ltr' id='par_1_30' title="bbox 370 3207 1955 3276">
     <span class='ocr_line' id='line_1_30' title="bbox 370 3207 1955 3276; baseline 0.007 -17"><span class='ocrx_word' id='word_1_211' title='bbox 370 3214 492 3273; x_wconf 87' lang='lat' dir='ltr'><strong>post</strong></span> <span class='ocrx_word' id='word_1_212' title='bbox 517 3220 795 3262; x_wconf 88' lang='lat' dir='ltr'><strong>sermones</strong></span> <span class='ocrx_word' id='word_1_213' title='bbox 822 3207 889 3262; x_wconf 89' lang='lat' dir='ltr'><strong>de</strong></span> <span class='ocrx_word' id='word_1_214' title='bbox 911 3208 1112 3264; x_wconf 85' lang='lat' dir='ltr'><strong>Lazaro</strong></span> <span class='ocrx_word' id='word_1_215' title='bbox 1132 3209 1296 3276; x_wconf 86' lang='lat' dir='ltr'><strong>dicta,</strong></span> <span class='ocrx_word' id='word_1_216' title='bbox 1325 3210 1451 3266; x_wconf 91' lang='lat' dir='ltr'><strong>licet</strong></span> <span class='ocrx_word' id='word_1_217' title='bbox 1485 3212 1536 3266; x_wconf 91' lang='lat' dir='ltr'><strong>id</strong></span> <span class='ocrx_word' id='word_1_218' title='bbox 1564 3214 1829 3270; x_wconf 80' lang='lat' dir='ltr'><strong>affirmare</strong></span> <span class='ocrx_word' id='word_1_219' title='bbox 1850 3230 1955 3270; x_wconf 92' lang='lat' dir='ltr'><strong>non</strong></span> 
     </span>
    </p>
   </div>
   <div class='ocr_carea' id='block_1_31' title="bbox 365 3297 1956 3366">
    <p class='ocr_par' dir='ltr' id='par_1_31' title="bbox 365 3297 1956 3366">
     <span class='ocr_line' id='line_1_31' title="bbox 365 3297 1956 3366; baseline 0.007 -16"><span class='ocrx_word' id='word_1_220' title='bbox 365 3298 562 3352; x_wconf 83' lang='lat' dir='ltr'><strong>ausim.</strong></span> <span class='ocrx_word' id='word_1_221' title='bbox 592 3297 709 3366; x_wconf 84' lang='lat' dir='ltr'><strong>Quo</strong></span> <span class='ocrx_word' id='word_1_222' title='bbox 751 3308 926 3354; x_wconf 87' lang='lat' dir='ltr'><strong>autem</strong></span> <span class='ocrx_word' id='word_1_223' title='bbox 968 3316 1111 3355; x_wconf 89' lang='lat' dir='ltr'><strong>anno</strong></span> <span class='ocrx_word' id='word_1_224' title='bbox 1153 3315 1429 3360; x_wconf 87' lang='lat' dir='ltr'><strong>sermones</strong></span> <span class='ocrx_word' id='word_1_225' title='bbox 1470 3302 1538 3359; x_wconf 89' lang='lat' dir='ltr'><strong>de</strong></span> <span class='ocrx_word' id='word_1_226' title='bbox 1584 3304 1784 3361; x_wconf 83' lang='lat' dir='ltr'><strong>Lazaro</strong></span> <span class='ocrx_word' id='word_1_227' title='bbox 1830 3306 1956 3361; x_wconf 90' lang='lat' dir='ltr'><strong>dicti</strong></span> 
     </span>
    </p>
   </div>
   <div class='ocr_carea' id='block_1_32' title="bbox 366 3387 1772 3469">
    <p class='ocr_par' dir='ltr' id='par_1_32' title="bbox 366 3387 1772 3469">
     <span class='ocr_line' id='line_1_32' title="bbox 366 3387 1772 3469; baseline 0.009 -27"><span class='ocrx_word' id='word_1_228' title='bbox 366 3387 584 3454; x_wconf 82' lang='lat' dir='ltr'><strong>fuerint,</strong></span> <span class='ocrx_word' id='word_1_229' title='bbox 609 3392 806 3459; x_wconf 88' lang='lat' dir='ltr'><strong>pariter</strong></span> <span class='ocrx_word' id='word_1_230' title='bbox 835 3391 1096 3448; x_wconf 86' lang='lat' dir='ltr'><strong>incertum</strong></span> <span class='ocrx_word' id='word_1_231' title='bbox 1127 3404 1229 3461; x_wconf 90' lang='lat' dir='ltr'><strong>est,</strong></span> <span class='ocrx_word' id='word_1_232' title='bbox 1261 3405 1312 3451; x_wconf 92' lang='lat' dir='ltr'><strong>ul</strong></span> <span class='ocrx_word' id='word_1_233' title='bbox 1338 3397 1566 3453; x_wconf 76' lang='lat' dir='ltr'><strong>vidimus</strong></span> <span class='ocrx_word' id='word_1_234' title='bbox 1594 3414 1772 3469; x_wconf 88' lang='lat' dir='ltr'><strong>supra.</strong></span> 
     </span>
    </p>
   </div>
   <div class='ocr_carea' id='block_1_33' title="bbox 438 3479 1954 3559">
    <p class='ocr_par' dir='ltr' id='par_1_33' title="bbox 438 3479 1954 3559">
     <span class='ocr_line' id='line_1_33' title="bbox 438 3479 1954 3559; baseline 0.008 -24"><span class='ocrx_word' id='word_1_235' title='bbox 438 3479 662 3537; x_wconf 88' lang='lat' dir='ltr'><strong>Brevem</strong></span> <span class='ocrx_word' id='word_1_236' title='bbox 700 3483 859 3536; x_wconf 90' lang='lat' dir='ltr'><strong>aliam</strong></span> <span class='ocrx_word' id='word_1_237' title='bbox 893 3484 945 3537; x_wconf 91' lang='lat' dir='ltr'><strong>in</strong></span> <span class='ocrx_word' id='word_1_238' title='bbox 976 3494 1190 3541; x_wconf 87' lang='lat' dir='ltr'><strong>sanctos</strong></span> <span class='ocrx_word' id='word_1_239' title='bbox 1219 3487 1475 3559; x_wconf 80' lang='lat' dir='ltr'><strong>Martyres</strong></span> <span class='ocrx_word' id='word_1_240' title='bbox 1517 3487 1698 3544; x_wconf 89' lang='lat' dir='ltr'><strong>habuit</strong></span> <span class='ocrx_word' id='word_1_241' title='bbox 1733 3492 1954 3547; x_wconf 85' lang='lat' dir='ltr'><strong>concio-</strong></span> 
     </span>
    </p>
   </div>
   <div class='ocr_carea' id='block_1_34' title="bbox 366 3570 1953 3653">
    <p class='ocr_par' dir='ltr' id='par_1_34' title="bbox 366 3570 1953 3653">
     <span class='ocr_line' id='line_1_34' title="bbox 366 3570 1953 3653; baseline 0.009 -28"><span class='ocrx_word' id='word_1_242' title='bbox 366 3586 492 3626; x_wconf 87' lang='lat' dir='ltr'><strong>nem</strong></span> <span class='ocrx_word' id='word_1_243' title='bbox 525 3570 611 3636; x_wconf 83' lang='grc' dir='ltr'><strong>(Τ.</strong></span> <span class='ocrx_word' id='word_1_244' title='bbox 638 3571 693 3627; x_wconf 92' lang='lat'><strong>2.</strong></span> <span class='ocrx_word' id='word_1_245' title='bbox 730 3588 782 3626; x_wconf 90' lang='lat' dir='ltr'><strong>c.</strong></span> <span class='ocrx_word' id='word_1_246' title='bbox 814 3571 973 3646; x_wconf 79' lang='grc'>661),</span> <span class='ocrx_word' id='word_1_247' title='bbox 1003 3577 1154 3646; x_wconf 92' lang='lat' dir='ltr'><strong>cujus</strong></span> <span class='ocrx_word' id='word_1_248' title='bbox 1176 3593 1375 3632; x_wconf 86' lang='lat' dir='ltr'><strong>annum</strong></span> <span class='ocrx_word' id='word_1_249' title='bbox 1404 3581 1674 3650; x_wconf 89' lang='lat' dir='ltr'><strong>assignare</strong></span> <span class='ocrx_word' id='word_1_250' title='bbox 1703 3596 1808 3636; x_wconf 90' lang='lat' dir='ltr'><strong>non</strong></span> <span class='ocrx_word' id='word_1_251' title='bbox 1832 3598 1953 3653; x_wconf 86' lang='lat' dir='ltr'><strong>pos-</strong></span> 
     </span>
    </p>
   </div>
   <div class='ocr_carea' id='block_1_35' title="bbox 362 3663 1952 3746">
    <p class='ocr_par' dir='ltr' id='par_1_35' title="bbox 362 3663 1952 3746">
     <span class='ocr_line' id='line_1_35' title="bbox 362 3663 1952 3746; baseline 0.008 -29"><span class='ocrx_word' id='word_1_252' title='bbox 362 3678 571 3717; x_wconf 82' lang='lat' dir='ltr'><strong>sumus.</strong></span> <span class='ocrx_word' id='word_1_253' title='bbox 603 3663 729 3720; x_wconf 81' lang='lat' dir='ltr'><strong>ll:cc</strong></span> <span class='ocrx_word' id='word_1_254' title='bbox 753 3676 931 3721; x_wconf 89' lang='lat' dir='ltr'><strong>autem</strong></span> <span class='ocrx_word' id='word_1_255' title='bbox 955 3669 1007 3721; x_wconf 91' lang='lat' dir='ltr'><strong>in</strong></span> <span class='ocrx_word' id='word_1_256' title='bbox 1032 3683 1159 3737; x_wconf 86' lang='lat' dir='ltr'><strong>agro</strong></span> <span class='ocrx_word' id='word_1_257' title='bbox 1178 3669 1515 3726; x_wconf 84' lang='lat' dir='ltr'><strong>Antiocheuo</strong></span> <span class='ocrx_word' id='word_1_258' title='bbox 1535 3672 1675 3728; x_wconf 86' lang='lat' dir='ltr'><strong>dicta</strong></span> <span class='ocrx_word' id='word_1_259' title='bbox 1702 3673 1818 3741; x_wconf 81' lang='lat' dir='ltr'><strong>fuit,</strong></span> <span class='ocrx_word' id='word_1_260' title='bbox 1844 3692 1952 3746; x_wconf 90' lang='lat' dir='ltr'><strong>quo</strong></span> 
     </span>
    </p>
   </div>
   <div class='ocr_carea' id='block_1_36' title="bbox 361 3751 1948 3831">
    <p class='ocr_par' dir='ltr' id='par_1_36' title="bbox 361 3751 1948 3831">
     <span class='ocr_line' id='line_1_36' title="bbox 361 3751 1948 3831; baseline 0.009 -27"><span class='ocrx_word' id='word_1_261' title='bbox 361 3751 704 3809; x_wconf 78' lang='lat' dir='ltr'><strong>conthiebant</strong></span> <span class='ocrx_word' id='word_1_262' title='bbox 728 3769 791 3809; x_wconf 82' lang='lat' dir='ltr'><strong>ex</strong></span> <span class='ocrx_word' id='word_1_263' title='bbox 813 3756 1028 3811; x_wconf 82' lang='lat' dir='ltr'><strong>civitate</strong></span> <span class='ocrx_word' id='word_1_264' title='bbox 1050 3757 1223 3823; x_wconf 89' lang='lat' dir='ltr'><strong>multi,</strong></span> <span class='ocrx_word' id='word_1_265' title='bbox 1252 3758 1345 3813; x_wconf 88' lang='lat' dir='ltr'><strong>sed</strong></span> <span class='ocrx_word' id='word_1_266' title='bbox 1376 3769 1651 3831; x_wconf 82' lang='lat' dir='ltr'><strong>postquam</strong></span> <span class='ocrx_word' id='word_1_267' title='bbox 1674 3773 1728 3818; x_wconf 90' lang='lat' dir='ltr'><strong>et</strong></span> <span class='ocrx_word' id='word_1_268' title='bbox 1748 3766 1948 3819; x_wconf 87' lang='lat' dir='ltr'><strong>cultum</strong></span> 
     </span>
    </p>
   </div>
   <div class='ocr_carea' id='block_1_37' title="bbox 361 3844 1947 3922">
    <p class='ocr_par' dir='ltr' id='par_1_37' title="bbox 361 3844 1947 3922">
     <span class='ocr_line' id='line_1_37' title="bbox 361 3844 1947 3922; baseline 0.01 -27"><span class='ocrx_word' id='word_1_269' title='bbox 361 3844 688 3913; x_wconf 79' lang='lat' dir='ltr'><strong>martyribus</strong></span> <span class='ocrx_word' id='word_1_270' title='bbox 715 3845 1089 3911; x_wconf 77' lang='lat' dir='ltr'><strong>exhibueraut,</strong></span> <span class='ocrx_word' id='word_1_271' title='bbox 1137 3858 1190 3903; x_wconf 91' lang='lat' dir='ltr'><strong>et</strong></span> <span class='ocrx_word' id='word_1_272' title='bbox 1231 3850 1518 3907; x_wconf 86' lang='lat' dir='ltr'><strong>conciones</strong></span> <span class='ocrx_word' id='word_1_273' title='bbox 1546 3853 1845 3922; x_wconf 89' lang='lat' dir='ltr'><strong>audierant,</strong></span> <span class='ocrx_word' id='word_1_274' title='bbox 1882 3857 1947 3911; x_wconf 88' lang='lat' dir='ltr'><strong>ad</strong></span> 
     </span>
    </p>
   </div>
   <div class='ocr_carea' id='block_1_38' title="bbox 361 3935 1949 4015">
    <p class='ocr_par' dir='ltr' id='par_1_38' title="bbox 361 3935 1949 4015">
     <span class='ocr_line' id='line_1_38' title="bbox 361 3935 1949 4015; baseline 0.013 -29"><span class='ocrx_word' id='word_1_275' title='bbox 361 3935 590 4003; x_wconf 86' lang='lat' dir='ltr'><strong>popinas</strong></span> <span class='ocrx_word' id='word_1_276' title='bbox 646 3944 701 3990; x_wconf 81' lang='lat' dir='ltr'><strong>et</strong></span> <span class='ocrx_word' id='word_1_277' title='bbox 740 3940 1164 4008; x_wconf 88' lang='lat' dir='ltr'><strong>compotationes</strong></span> <span class='ocrx_word' id='word_1_278' title='bbox 1208 3942 1563 4000; x_wconf 82' lang='lat' dir='ltr'><strong>divertebant.</strong></span> <span class='ocrx_word' id='word_1_279' title='bbox 1614 3946 1726 4015; x_wconf 86' lang='lat' dir='ltr'><strong>Qua</strong></span> <span class='ocrx_word' id='word_1_280' title='bbox 1771 3949 1840 4006; x_wconf 88' lang='lat' dir='ltr'><strong>de</strong></span> <span class='ocrx_word' id='word_1_281' title='bbox 1892 3967 1949 4005; x_wconf 91' lang='lat' dir='ltr'><strong>re</strong></span> 
     </span>
    </p>
   </div>
   <div class='ocr_carea' id='block_1_39' title="bbox 358 4025 1942 4111">
    <p class='ocr_par' dir='ltr' id='par_1_39' title="bbox 358 4025 1942 4111">
     <span class='ocr_line' id='line_1_39' title="bbox 358 4025 1942 4111; baseline 0.013 -36"><span class='ocrx_word' id='word_1_282' title='bbox 358 4025 561 4079; x_wconf 87' lang='lat' dir='ltr'><strong>acriter</strong></span> <span class='ocrx_word' id='word_1_283' title='bbox 607 4026 658 4079; x_wconf 91' lang='lat' dir='ltr'><strong>in</strong></span> <span class='ocrx_word' id='word_1_284' title='bbox 707 4043 800 4081; x_wconf 86' lang='lat' dir='ltr'><strong>eos</strong></span> <span class='ocrx_word' id='word_1_285' title='bbox 850 4027 1117 4084; x_wconf 88' lang='lat' dir='ltr'><strong>invehitur</strong></span> <span class='ocrx_word' id='word_1_286' title='bbox 1146 4042 1361 4089; x_wconf 87' lang='lat' dir='ltr'><strong>sanctus</strong></span> <span class='ocrx_word' id='word_1_287' title='bbox 1394 4035 1608 4091; x_wconf 90' lang='lat' dir='ltr'><strong>Doctor.</strong></span> <span class='ocrx_word' id='word_1_288' title='bbox 1657 4038 1942 4111; x_wconf 83' lang='lat' dir='ltr'><strong>Perpende,</strong></span> 
     </span>
    </p>
   </div>
   <div class='ocr_carea' id='block_1_40' title="bbox 360 4113 1943 4199">
    <p class='ocr_par' dir='ltr' id='par_1_40' title="bbox 360 4113 1943 4199">
     <span class='ocr_line' id='line_1_40' title="bbox 360 4113 1943 4199; baseline 0.012 -32"><span class='ocrx_word' id='word_1_289' title='bbox 360 4113 553 4184; x_wconf 88' lang='lat' dir='ltr'><strong>inquit,</strong></span> <span class='ocrx_word' id='word_1_290' title='bbox 604 4134 753 4186; x_wconf 85' lang='lat' dir='ltr'><strong>quam</strong></span> <span class='ocrx_word' id='word_1_291' title='bbox 776 4119 1046 4174; x_wconf 85' lang='lat' dir='ltr'><strong>ridiculum</strong></span> <span class='ocrx_word' id='word_1_292' title='bbox 1088 4123 1171 4187; x_wconf 90' lang='lat' dir='ltr'><strong>sit,</strong></span> <span class='ocrx_word' id='word_1_293' title='bbox 1197 4134 1310 4193; x_wconf 88' lang='lat' dir='ltr'><strong>post</strong></span> <span class='ocrx_word' id='word_1_294' title='bbox 1345 4126 1598 4196; x_wconf 82' lang='lat' dir='ltr'><strong>ejusmodi</strong></span> <span class='ocrx_word' id='word_1_295' title='bbox 1623 4141 1943 4199; x_wconf 84' lang='lat' dir='ltr'><strong>conventum,</strong></span> 
     </span>
    </p>
   </div>
   <div class='ocr_carea' id='block_1_41' title="bbox 357 4207 1941 4291">
    <p class='ocr_par' dir='ltr' id='par_1_41' title="bbox 357 4207 1941 4291">
     <span class='ocr_line' id='line_1_41' title="bbox 357 4207 1941 4291; baseline 0.015 -36"><span class='ocrx_word' id='word_1_296' title='bbox 357 4214 472 4273; x_wconf 85' lang='lat' dir='ltr'><strong>post</strong></span> <span class='ocrx_word' id='word_1_297' title='bbox 499 4207 716 4275; x_wconf 79' lang='lat' dir='ltr'><strong>vigilias,</strong></span> <span class='ocrx_word' id='word_1_298' title='bbox 756 4220 868 4280; x_wconf 84' lang='lat' dir='ltr'><strong>post</strong></span> <span class='ocrx_word' id='word_1_299' title='bbox 899 4227 1160 4267; x_wconf 87' lang='lat' dir='ltr'><strong>sacrarum</strong></span> <span class='ocrx_word' id='word_1_300' title='bbox 1197 4215 1505 4270; x_wconf 83' lang='lat' dir='ltr'><strong>auditionem</strong></span> <span class='ocrx_word' id='word_1_301' title='bbox 1534 4219 1941 4291; x_wconf 85' lang='lat' dir='ltr'><strong>Scripturarum,</strong></span> 
     </span>
    </p>
   </div>
   <div class='ocr_carea' id='block_1_42' title="bbox 358 4298 1946 4387">
    <p class='ocr_par' dir='ltr' id='par_1_42' title="bbox 358 4298 1946 4387">
     <span class='ocr_line' id='line_1_42' title="bbox 358 4298 1946 4387; baseline 0.017 -43"><span class='ocrx_word' id='word_1_302' title='bbox 358 4306 472 4364; x_wconf 83' lang='lat' dir='ltr'><strong>post</strong></span> <span class='ocrx_word' id='word_1_303' title='bbox 514 4298 796 4353; x_wconf 79' lang='lat' dir='ltr'><strong>divinorum</strong></span> <span class='ocrx_word' id='word_1_304' title='bbox 839 4303 1276 4373; x_wconf 81' lang='lat' dir='ltr'><strong>participationem</strong></span> <span class='ocrx_word' id='word_1_305' title='bbox 1318 4310 1690 4378; x_wconf 86' lang='lat' dir='ltr'><strong>mysteriorum,</strong></span> <span class='ocrx_word' id='word_1_306' title='bbox 1741 4324 1788 4368; x_wconf 86' lang='lat' dir='ltr'><strong>et</strong></span> <span class='ocrx_word' id='word_1_307' title='bbox 1834 4327 1946 4387; x_wconf 90' lang='lat' dir='ltr'><strong>post</strong></span> 
     </span>
    </p>
   </div>
   <div class='ocr_carea' id='block_1_43' title="bbox 355 4387 1940 4463">
    <p class='ocr_par' dir='ltr' id='par_1_43' title="bbox 355 4387 1940 4463">
     <span class='ocr_line' id='line_1_43' title="bbox 355 4387 1940 4463; baseline 0.015 -25"><span class='ocrx_word' id='word_1_308' title='bbox 355 4387 673 4453; x_wconf 86' lang='lat' dir='ltr'><strong>spiritualem</strong></span> <span class='ocrx_word' id='word_1_309' title='bbox 711 4388 1046 4460; x_wconf 82' lang='lat' dir='ltr'><strong>largitionem,</strong></span> <span class='ocrx_word' id='word_1_310' title='bbox 1075 4396 1239 4449; x_wconf 82' lang='lat' dir='ltr'><strong>virum</strong></span> <span class='ocrx_word' id='word_1_311' title='bbox 1270 4408 1358 4452; x_wconf 88' lang='lat' dir='ltr'><strong>aut</strong></span> <span class='ocrx_word' id='word_1_312' title='bbox 1386 4400 1646 4456; x_wconf 87' lang='lat' dir='ltr'><strong>mulierem</strong></span> <span class='ocrx_word' id='word_1_313' title='bbox 1672 4413 1802 4459; x_wconf 90' lang='lat' dir='ltr'><strong>totos</strong></span> <span class='ocrx_word' id='word_1_314' title='bbox 1832 4407 1940 4463; x_wconf 75' lang='lat' dir='ltr'><strong>dies</strong></span> 
     </span>
    </p>
   </div>
   <div class='ocr_carea' id='block_1_44' title="bbox 355 4478 1187 4553">
    <p class='ocr_par' dir='ltr' id='par_1_44' title="bbox 355 4478 1187 4553">
     <span class='ocr_line' id='line_1_44' title="bbox 355 4478 1187 4553; baseline 0.016 -25"><span class='ocrx_word' id='word_1_315' title='bbox 355 4479 407 4529; x_wconf 88' lang='lat' dir='ltr'><strong>in</strong></span> <span class='ocrx_word' id='word_1_316' title='bbox 428 4478 629 4547; x_wconf 83' lang='lat' dir='ltr'><strong>popinis</strong></span> <span class='ocrx_word' id='word_1_317' title='bbox 654 4483 982 4553; x_wconf 85' lang='lat' dir='ltr'><strong>transigentes</strong></span> <span class='ocrx_word' id='word_1_318' title='bbox 1008 4487 1187 4541; x_wconf 85' lang='lat' dir='ltr'><strong>videri.</strong></span> 
     </span>
    </p>
   </div>
   <div class='ocr_carea' id='block_1_45' title="bbox 425 4570 1939 4659">
    <p class='ocr_par' dir='ltr' id='par_1_45' title="bbox 425 4570 1939 4659">
     <span class='ocr_line' id='line_1_45' title="bbox 425 4570 1939 4659; baseline 0.015 -36"><span class='ocrx_word' id='word_1_319' title='bbox 425 4570 709 4625; x_wconf 82' lang='lat' dir='ltr'><strong>llomiliam</strong></span> <span class='ocrx_word' id='word_1_320' title='bbox 735 4574 790 4628; x_wconf 91' lang='lat' dir='ltr'><strong>in</strong></span> <span class='ocrx_word' id='word_1_321' title='bbox 818 4576 877 4630; x_wconf 89' lang='lat' dir='ltr'><strong>S.</strong></span> <span class='ocrx_word' id='word_1_322' title='bbox 908 4577 1175 4634; x_wconf 71' lang='lat' dir='ltr'><strong>Iulianum</strong></span> <span class='ocrx_word' id='word_1_323' title='bbox 1203 4594 1493 4655; x_wconf 86' lang='lat' dir='ltr'><strong>martyrem</strong></span> <span class='ocrx_word' id='word_1_324' title='bbox 1518 4585 1736 4642; x_wconf 86' lang='lat' dir='ltr'><strong>Cilicem</strong></span> <span class='ocrx_word' id='word_1_325' title='bbox 1767 4588 1853 4659; x_wconf 86' lang='grc' dir='ltr'><strong>(Τ.</strong></span> <span class='ocrx_word' id='word_1_326' title='bbox 1883 4592 1939 4646; x_wconf 81' lang='lat'><strong>2.</strong></span> 
     </span>
    </p>
   </div>
   <div class='ocr_carea' id='block_1_46' title="bbox 366 4663 1944 4741">
    <p class='ocr_par' dir='ltr' id='par_1_46' title="bbox 366 4663 1944 4741">
     <span class='ocr_line' id='line_1_46' title="bbox 366 4663 1944 4741; baseline 0.011 -24"><span class='ocrx_word' id='word_1_327' title='bbox 366 4681 413 4722; x_wconf 91' lang='lat' dir='ltr'><strong>c.</strong></span> <span class='ocrx_word' id='word_1_328' title='bbox 446 4663 615 4732; x_wconf 82' lang='grc'>665),</span> <span class='ocrx_word' id='word_1_329' title='bbox 656 4664 746 4732; x_wconf 95' lang='lat' dir='ltr'><strong>qui</strong></span> <span class='ocrx_word' id='word_1_330' title='bbox 792 4679 888 4733; x_wconf 91' lang='lat' dir='ltr'><strong>pro</strong></span> <span class='ocrx_word' id='word_1_331' title='bbox 931 4666 1146 4723; x_wconf 87' lang='lat' dir='ltr'><strong>Christo</strong></span> <span class='ocrx_word' id='word_1_332' title='bbox 1190 4674 1427 4729; x_wconf 86' lang='lat' dir='ltr'><strong>cervices</strong></span> <span class='ocrx_word' id='word_1_333' title='bbox 1469 4675 1709 4741; x_wconf 88' lang='lat' dir='ltr'><strong>dederat,</strong></span> <span class='ocrx_word' id='word_1_334' title='bbox 1758 4678 1944 4734; x_wconf 87' lang='lat' dir='ltr'><strong>habuit</strong></span> 
     </span>
    </p>
   </div>
   <div class='ocr_carea' id='block_1_47' title="bbox 353 4750 1939 4833">
    <p class='ocr_par' dir='ltr' id='par_1_47' title="bbox 353 4750 1939 4833">
     <span class='ocr_line' id='line_1_47' title="bbox 353 4750 1939 4833; baseline 0.015 -29"><span class='ocrx_word' id='word_1_335' title='bbox 353 4750 765 4823; x_wconf 89' lang='lat' dir='ltr'><strong>Cbrysostomus</strong></span> <span class='ocrx_word' id='word_1_336' title='bbox 795 4756 1112 4823; x_wconf 76' lang='lat' dir='ltr'><strong>Autiochim,</strong></span> <span class='ocrx_word' id='word_1_337' title='bbox 1142 4769 1199 4813; x_wconf 93' lang='lat' dir='ltr'><strong>ut</strong></span> <span class='ocrx_word' id='word_1_338' title='bbox 1227 4764 1564 4830; x_wconf 77' lang='lat' dir='ltr'><strong>exploratum</strong></span> <span class='ocrx_word' id='word_1_339' title='bbox 1589 4776 1689 4833; x_wconf 90' lang='lat' dir='ltr'><strong>est,</strong></span> <span class='ocrx_word' id='word_1_340' title='bbox 1722 4780 1833 4825; x_wconf 89' lang='lat' dir='ltr'><strong>tum</strong></span> <span class='ocrx_word' id='word_1_341' title='bbox 1873 4787 1939 4827; x_wconf 78' lang='lat' dir='ltr'><strong>ex</strong></span> 
     </span>
    </p>
   </div>
   <div class='ocr_carea' id='block_1_48' title="bbox 353 4840 1939 4922">
    <p class='ocr_par' dir='ltr' id='par_1_48' title="bbox 353 4840 1939 4922">
     <span class='ocr_line' id='line_1_48' title="bbox 353 4840 1939 4922; baseline 0.013 -26"><span class='ocrx_word' id='word_1_342' title='bbox 353 4840 419 4896; x_wconf 90' lang='lat' dir='ltr'><strong>iis</strong></span> <span class='ocrx_word' id='word_1_343' title='bbox 438 4857 556 4912; x_wconf 71' lang='lat' dir='ltr'><strong>qua:</strong></span> <span class='ocrx_word' id='word_1_344' title='bbox 584 4842 651 4897; x_wconf 89' lang='lat' dir='ltr'><strong>de</strong></span> <span class='ocrx_word' id='word_1_345' title='bbox 680 4843 927 4914; x_wconf 86' lang='lat' dir='ltr'><strong>Daphnes</strong></span> <span class='ocrx_word' id='word_1_346' title='bbox 946 4847 1222 4915; x_wconf 89' lang='lat' dir='ltr'><strong>suburbio,</strong></span> <span class='ocrx_word' id='word_1_347' title='bbox 1262 4851 1435 4922; x_wconf 86' lang='lat' dir='ltr'><strong>deque</strong></span> <span class='ocrx_word' id='word_1_348' title='bbox 1460 4860 1939 4917; x_wconf 85' lang='lat' dir='ltr'><strong>comessationibus</strong></span> 
     </span>
    </p>
   </div>
   <div class='ocr_carea' id='block_1_49' title="bbox 351 4935 1932 5015">
    <p class='ocr_par' dir='ltr' id='par_1_49' title="bbox 351 4935 1932 5015">
     <span class='ocr_line' id='line_1_49' title="bbox 351 4935 1932 5015; baseline 0.011 -29"><span class='ocrx_word' id='word_1_349' title='bbox 351 4942 516 5004; x_wconf 84' lang='lat' dir='ltr'><strong>atque</strong></span> <span class='ocrx_word' id='word_1_350' title='bbox 560 4935 802 5005; x_wconf 88' lang='lat' dir='ltr'><strong>tripudiis</strong></span> <span class='ocrx_word' id='word_1_351' title='bbox 842 4937 1038 4992; x_wconf 90' lang='lat' dir='ltr'><strong>ibidem</strong></span> <span class='ocrx_word' id='word_1_352' title='bbox 1068 4938 1254 4995; x_wconf 89' lang='lat' dir='ltr'><strong>haberi</strong></span> <span class='ocrx_word' id='word_1_353' title='bbox 1294 4943 1469 4997; x_wconf 89' lang='lat' dir='ltr'><strong>solitis</strong></span> <span class='ocrx_word' id='word_1_354' title='bbox 1507 4960 1932 5015; x_wconf 88' lang='lat' dir='ltr'><strong>commemorat;</strong></span> 
     </span>
    </p>
   </div>
   <div class='ocr_carea' id='block_1_50' title="bbox 352 5028 1935 5106">
    <p class='ocr_par' dir='ltr' id='par_1_50' title="bbox 352 5028 1935 5106">
     <span class='ocr_line' id='line_1_50' title="bbox 352 5028 1935 5106; baseline 0.012 -29"><span class='ocrx_word' id='word_1_355' title='bbox 352 5035 464 5081; x_wconf 90' lang='lat' dir='ltr'><strong>tum</strong></span> <span class='ocrx_word' id='word_1_356' title='bbox 494 5028 653 5082; x_wconf 84' lang='lat' dir='ltr'><strong>etiam</strong></span> <span class='ocrx_word' id='word_1_357' title='bbox 680 5030 803 5097; x_wconf 89' lang='lat' dir='ltr'><strong>quia</strong></span> <span class='ocrx_word' id='word_1_358' title='bbox 840 5028 1080 5100; x_wconf 88' lang='lat' dir='ltr'><strong>ejusdem</strong></span> <span class='ocrx_word' id='word_1_359' title='bbox 1111 5033 1276 5086; x_wconf 87' lang='lat' dir='ltr'><strong>sancti</strong></span> <span class='ocrx_word' id='word_1_360' title='bbox 1309 5033 1568 5106; x_wconf 77' lang='lat' dir='ltr'><strong>Reliquia:</strong></span> <span class='ocrx_word' id='word_1_361' title='bbox 1596 5038 1935 5097; x_wconf 83' lang='lat' dir='ltr'><strong>Antiochiam</strong></span> 
     </span>
    </p>
   </div>
   <div class='ocr_carea' id='block_1_51' title="bbox 351 5120 1933 5198">
    <p class='ocr_par' dir='ltr' id='par_1_51' title="bbox 351 5120 1933 5198">
     <span class='ocr_line' id='line_1_51' title="bbox 351 5120 1933 5198; baseline 0.01 -28"><span class='ocrx_word' id='word_1_362' title='bbox 351 5120 625 5175; x_wconf 63' lang='lat' dir='ltr'><strong>translate</strong></span> <span class='ocrx_word' id='word_1_363' title='bbox 664 5120 915 5177; x_wconf 79' lang='lat' dir='ltr'><strong>fuerant:</strong></span> <span class='ocrx_word' id='word_1_364' title='bbox 945 5131 1164 5191; x_wconf 87' lang='lat' dir='ltr'><strong>eratque</strong></span> <span class='ocrx_word' id='word_1_365' title='bbox 1192 5123 1379 5179; x_wconf 89' lang='lat' dir='ltr'><strong>eadem</strong></span> <span class='ocrx_word' id='word_1_366' title='bbox 1408 5126 1463 5181; x_wconf 91' lang='lat' dir='ltr'><strong>in</strong></span> <span class='ocrx_word' id='word_1_367' title='bbox 1506 5127 1640 5184; x_wconf 91' lang='lat' dir='ltr'><strong>urbe</strong></span> <span class='ocrx_word' id='word_1_368' title='bbox 1684 5131 1933 5198; x_wconf 87' lang='lat' dir='ltr'><strong>ecclesia,</strong></span> 
     </span>
    </p>
   </div>
   <div class='ocr_carea' id='block_1_52' title="bbox 347 5208 1936 5290">
    <p class='ocr_par' dir='ltr' id='par_1_52' title="bbox 347 5208 1936 5290">
     <span class='ocr_line' id='line_1_52' title="bbox 347 5208 1936 5290; baseline 0.014 -31"><span class='ocrx_word' id='word_1_369' title='bbox 347 5208 587 5277; x_wconf 77' lang='lat' dir='ltr'><strong>ejusdem</strong></span> <span class='ocrx_word' id='word_1_370' title='bbox 629 5214 799 5269; x_wconf 86' lang='lat' dir='ltr'><strong>sancti</strong></span> <span class='ocrx_word' id='word_1_371' title='bbox 828 5214 1044 5269; x_wconf 84' lang='lat' dir='ltr'><strong>nomine</strong></span> <span class='ocrx_word' id='word_1_372' title='bbox 1089 5226 1420 5281; x_wconf 84' lang='lat' dir='ltr'><strong>consecrata,</strong></span> <span class='ocrx_word' id='word_1_373' title='bbox 1470 5235 1587 5290; x_wconf 69' lang='lat' dir='ltr'><strong>quae</strong></span> <span class='ocrx_word' id='word_1_374' title='bbox 1617 5221 1669 5276; x_wconf 90' lang='lat' dir='ltr'><strong>in</strong></span> <span class='ocrx_word' id='word_1_375' title='bbox 1713 5223 1936 5281; x_wconf 87' lang='lat' dir='ltr'><strong>historia</strong></span> 
     </span>
    </p>
   </div>
   <div class='ocr_carea' id='block_1_53' title="bbox 348 5299 1933 5375">
    <p class='ocr_par' dir='ltr' id='par_1_53' title="bbox 348 5299 1933 5375">
     <span class='ocr_line' id='line_1_53' title="bbox 348 5299 1933 5375; baseline 0.012 -23"><span class='ocrx_word' id='word_1_376' title='bbox 348 5299 724 5359; x_wconf 84' lang='lat' dir='ltr'><strong>Ecclesiastica</strong></span> <span class='ocrx_word' id='word_1_377' title='bbox 756 5321 861 5362; x_wconf 93' lang='lat' dir='ltr'><strong>non</strong></span> <span class='ocrx_word' id='word_1_378' title='bbox 903 5305 1266 5375; x_wconf 88' lang='lat' dir='ltr'><strong>infrequenter</strong></span> <span class='ocrx_word' id='word_1_379' title='bbox 1306 5321 1656 5369; x_wconf 88' lang='lat' dir='ltr'><strong>memoratur.</strong></span> <span class='ocrx_word' id='word_1_380' title='bbox 1689 5314 1765 5369; x_wconf 92' lang='lat' dir='ltr'><strong>De</strong></span> <span class='ocrx_word' id='word_1_381' title='bbox 1791 5332 1933 5371; x_wconf 88' lang='lat' dir='ltr'><strong>anno</strong></span> 
     </span>
    </p>
   </div>
   <div class='ocr_carea' id='block_1_54' title="bbox 346 5396 1929 5477">
    <p class='ocr_par' dir='ltr' id='par_1_54' title="bbox 346 5396 1929 5477">
     <span class='ocr_line' id='line_1_54' title="bbox 346 5396 1929 5477; baseline 0.013 -36"><span class='ocrx_word' id='word_1_382' title='bbox 346 5397 525 5444; x_wconf 83' lang='lat' dir='ltr'><strong>autem</strong></span> <span class='ocrx_word' id='word_1_383' title='bbox 561 5410 668 5462; x_wconf 89' lang='lat' dir='ltr'><strong>quo</strong></span> <span class='ocrx_word' id='word_1_384' title='bbox 700 5396 837 5452; x_wconf 86' lang='lat' dir='ltr'><strong>hanc</strong></span> <span class='ocrx_word' id='word_1_385' title='bbox 865 5397 997 5453; x_wconf 78' lang='lat' dir='ltr'><strong>dixit</strong></span> <span class='ocrx_word' id='word_1_386' title='bbox 1021 5398 1353 5463; x_wconf 90' lang='lat' dir='ltr'><strong>concionem,</strong></span> <span class='ocrx_word' id='word_1_387' title='bbox 1384 5401 1517 5455; x_wconf 91' lang='lat' dir='ltr'><strong>nihil</strong></span> <span class='ocrx_word' id='word_1_388' title='bbox 1542 5405 1803 5474; x_wconf 80' lang='lat' dir='ltr'><strong>expiscari</strong></span> <span class='ocrx_word' id='word_1_389' title='bbox 1834 5424 1929 5477; x_wconf 81' lang='lat' dir='ltr'><strong>po-</strong></span> 
     </span>
    </p>
   </div>
   <div class='ocr_carea' id='block_1_55' title="bbox 345 5481 569 5536">
    <p class='ocr_par' dir='ltr' id='par_1_55' title="bbox 345 5481 569 5536">
     <span class='ocr_line' id='line_1_55' title="bbox 345 5481 569 5536; baseline 0.004 -1"><span class='ocrx_word' id='word_1_390' title='bbox 345 5481 569 5536; x_wconf 81' lang='lat' dir='ltr'><strong>luimus.</strong></span> 
     </span>
    </p>
   </div>
   <div class='ocr_carea' id='block_1_56' title="bbox 417 5572 1933 5664">
    <p class='ocr_par' dir='ltr' id='par_1_56' title="bbox 417 5572 1933 5664">
     <span class='ocr_line' id='line_1_56' title="bbox 417 5572 1933 5664; baseline 0.015 -38"><span class='ocrx_word' id='word_1_391' title='bbox 417 5572 571 5627; x_wconf 90' lang='lat' dir='ltr'><strong>Circa</strong></span> <span class='ocrx_word' id='word_1_392' title='bbox 596 5575 873 5637; x_wconf 84' lang='lat' dir='ltr'><strong>llomiliam</strong></span> <span class='ocrx_word' id='word_1_393' title='bbox 917 5582 969 5638; x_wconf 92' lang='lat' dir='ltr'><strong>in</strong></span> <span class='ocrx_word' id='word_1_394' title='bbox 996 5592 1237 5639; x_wconf 89' lang='lat' dir='ltr'><strong>sanctum</strong></span> <span class='ocrx_word' id='word_1_395' title='bbox 1265 5583 1596 5641; x_wconf 82' lang='lat' dir='ltr'><strong>Barlaamum</strong></span> <span class='ocrx_word' id='word_1_396' title='bbox 1642 5601 1933 5664; x_wconf 89' lang='lat' dir='ltr'><strong>martyrem</strong></span> 
     </span>
    </p>
   </div>
   <div class='ocr_carea' id='block_1_57' title="bbox 343 5664 1932 5757">
    <p class='ocr_par' dir='ltr' id='par_1_57' title="bbox 343 5664 1932 5757">
     <span class='ocr_line' id='line_1_57' title="bbox 343 5664 1932 5757; baseline 0.014 -38"><span class='ocrx_word' id='word_1_397' title='bbox 343 5665 429 5738; x_wconf 82' lang='grc' dir='ltr'><strong>(Τ.</strong></span> <span class='ocrx_word' id='word_1_398' title='bbox 474 5664 530 5720; x_wconf 86' lang='lat'><strong>2.</strong></span> <span class='ocrx_word' id='word_1_399' title='bbox 574 5684 622 5722; x_wconf 89' lang='lat' dir='ltr'><strong>c.</strong></span> <span class='ocrx_word' id='word_1_400' title='bbox 651 5668 794 5742; x_wconf 78' lang='lat'><strong>675)</strong></span> <span class='ocrx_word' id='word_1_401' title='bbox 845 5685 993 5732; x_wconf 88' lang='lat' dir='ltr'><strong>notat</strong></span> <span class='ocrx_word' id='word_1_402' title='bbox 1029 5677 1231 5733; x_wconf 90' lang='lat' dir='ltr'><strong>Fronto</strong></span> <span class='ocrx_word' id='word_1_403' title='bbox 1272 5678 1493 5733; x_wconf 72' lang='lat' dir='ltr'><strong>Ducreus</strong></span> <span class='ocrx_word' id='word_1_404' title='bbox 1538 5680 1588 5733; x_wconf 94' lang='lat' dir='ltr'><strong>in</strong></span> <span class='ocrx_word' id='word_1_405' title='bbox 1632 5681 1932 5757; x_wconf 84' lang='lat' dir='ltr'><strong>Menologio</strong></span> 
     </span>
    </p>
   </div>
   <div class='ocr_carea' id='block_1_58' title="bbox 339 5759 1933 5842">
    <p class='ocr_par' dir='ltr' id='par_1_58' title="bbox 339 5759 1933 5842">
     <span class='ocr_line' id='line_1_58' title="bbox 339 5759 1933 5842; baseline 0.012 -29"><span class='ocrx_word' id='word_1_406' title='bbox 339 5759 571 5831; x_wconf 87' lang='lat' dir='ltr'><strong>quodam</strong></span> <span class='ocrx_word' id='word_1_407' title='bbox 602 5759 912 5821; x_wconf 65' lang='lat' dir='ltr'><strong>Crmcorum</strong></span> <span class='ocrx_word' id='word_1_408' title='bbox 951 5773 1311 5842; x_wconf 86' lang='lat' dir='ltr'><strong>manuscripto</strong></span> <span class='ocrx_word' id='word_1_409' title='bbox 1339 5771 1404 5827; x_wconf 88' lang='lat' dir='ltr'><strong>ad</strong></span> <span class='ocrx_word' id='word_1_410' title='bbox 1443 5772 1582 5827; x_wconf 88' lang='lat' dir='ltr'><strong>diem</strong></span> <span class='ocrx_word' id='word_1_411' title='bbox 1612 5774 1678 5829; x_wconf 75' lang='grc'>16</span> <span class='ocrx_word' id='word_1_412' title='bbox 1704 5775 1933 5832; x_wconf 86' lang='lat' dir='ltr'><strong>Novem-</strong></span> 
     </span>
    </p>
   </div>
   <div class='ocr_carea' id='block_1_59' title="bbox 339 5852 1931 5935">
    <p class='ocr_par' dir='ltr' id='par_1_59' title="bbox 339 5852 1931 5935">
     <span class='ocr_line' id='line_1_59' title="bbox 339 5852 1931 5935; baseline 0.011 -29"><span class='ocrx_word' id='word_1_413' title='bbox 339 5852 451 5907; x_wconf 72' lang='lat' dir='ltr'><strong>bris</strong></span> <span class='ocrx_word' id='word_1_414' title='bbox 477 5853 779 5907; x_wconf 88' lang='lat' dir='ltr'><strong>auuuutiari</strong></span> <span class='ocrx_word' id='word_1_415' title='bbox 826 5855 1019 5915; x_wconf 70' lang='lat' dir='ltr'><strong>festum</strong></span> <span class='ocrx_word' id='word_1_416' title='bbox 1052 5862 1109 5915; x_wconf 91' lang='lat' dir='ltr'><strong>S.</strong></span> <span class='ocrx_word' id='word_1_417' title='bbox 1141 5863 1401 5920; x_wconf 76' lang='lat' dir='ltr'><strong>Barlaami</strong></span> <span class='ocrx_word' id='word_1_418' title='bbox 1424 5866 1690 5935; x_wconf 81' lang='lat' dir='ltr'><strong>martyris,</strong></span> <span class='ocrx_word' id='word_1_419' title='bbox 1716 5876 1771 5921; x_wconf 94' lang='lat' dir='ltr'><strong>ut</strong></span> <span class='ocrx_word' id='word_1_420' title='bbox 1799 5876 1852 5921; x_wconf 88' lang='lat' dir='ltr'><strong>et</strong></span> <span class='ocrx_word' id='word_1_421' title='bbox 1878 5869 1931 5924; x_wconf 89' lang='lat' dir='ltr'><strong>in</strong></span> 
     </span>
    </p>
   </div>
   <div class='ocr_carea' id='block_1_60' title="bbox 338 5943 1929 6031">
    <p class='ocr_par' dir='ltr' id='par_1_60' title="bbox 338 5943 1929 6031">
     <span class='ocr_line' id='line_1_60' title="bbox 338 5943 1929 6031; baseline 0.01 -31"><span class='ocrx_word' id='word_1_422' title='bbox 338 5943 712 6017; x_wconf 75' lang='lat' dir='ltr'><strong>Hartyrologio</strong></span> <span class='ocrx_word' id='word_1_423' title='bbox 734 5944 994 6003; x_wconf 76' lang='lat' dir='ltr'><strong>Romano.</strong></span> <span class='ocrx_word' id='word_1_424' title='bbox 1020 5952 1135 6007; x_wconf 85' lang='lat' dir='ltr'><strong>Alia</strong></span> <span class='ocrx_word' id='word_1_425' title='bbox 1170 5970 1295 6011; x_wconf 89' lang='lat' dir='ltr'><strong>vero</strong></span> <span class='ocrx_word' id='word_1_426' title='bbox 1311 5956 1615 6014; x_wconf 71' lang='lat' dir='ltr'><strong>Crtccorum</strong></span> <span class='ocrx_word' id='word_1_427' title='bbox 1637 5957 1929 6031; x_wconf 80' lang='lat' dir='ltr'><strong>Menologia</strong></span> 
     </span>
    </p>
   </div>
   <div class='ocr_carea' id='block_1_61' title="bbox 1585 545 2502 605">
    <p class='ocr_par' dir='ltr' id='par_1_61' title="bbox 1585 545 2502 605">
     <span class='ocr_line' id='line_1_61' title="bbox 1585 545 2502 605; baseline -0.001 0"><span class='ocrx_word' id='word_1_428' title='bbox 1585 545 1770 605; x_wconf 74' lang='lat' dir='ltr'><strong>NUNC</strong></span> <span class='ocrx_word' id='word_1_429' title='bbox 1806 545 2072 605; x_wconf 69' lang='lat' dir='ltr'><strong>PRIMU)!</strong></span> <span class='ocrx_word' id='word_1_430' title='bbox 2110 545 2502 604; x_wconf 66' lang='lat' dir='ltr'><strong>ADORNATA.</strong></span> 
     </span>
    </p>
   </div>
   <div class='ocr_carea' id='block_1_62' title="bbox 3574 554 3677 612">
    <p class='ocr_par' dir='ltr' id='par_1_62' title="bbox 3574 554 3677 612">
     <span class='ocr_line' id='line_1_62' title="bbox 3574 554 3677 612; baseline -0.029 0"><span class='ocrx_word' id='word_1_431' title='bbox 3574 554 3677 612; x_wconf 70' lang='grc'><strong>151</strong></span> 
     </span>
    </p>
   </div>
   <div class='ocr_carea' id='block_1_63' title="bbox 2096 652 3676 718">
    <p class='ocr_par' dir='ltr' id='par_1_63' title="bbox 2096 652 3676 718">
     <span class='ocr_line' id='line_1_63' title="bbox 2096 652 3676 718; baseline 0.007 -11"><span class='ocrx_word' id='word_1_432' title='bbox 2096 652 2201 708; x_wconf 91' lang='lat' dir='ltr'><strong>hoc</strong></span> <span class='ocrx_word' id='word_1_433' title='bbox 2232 654 2423 709; x_wconf 89' lang='lat' dir='ltr'><strong>festum</strong></span> <span class='ocrx_word' id='word_1_434' title='bbox 2457 654 2522 709; x_wconf 88' lang='lat' dir='ltr'><strong>ad</strong></span> <span class='ocrx_word' id='word_1_435' title='bbox 2550 656 2807 712; x_wconf 81' lang='lat' dir='ltr'><strong>decimam</strong></span> <span class='ocrx_word' id='word_1_436' title='bbox 2839 670 3032 711; x_wconf 89' lang='lat' dir='ltr'><strong>nonam</strong></span> <span class='ocrx_word' id='word_1_437' title='bbox 3067 655 3387 713; x_wconf 72' lang='lat' dir='ltr'><strong>Novembris</strong></span> <span class='ocrx_word' id='word_1_438' title='bbox 3417 659 3676 718; x_wconf 82' lang='lat' dir='ltr'><strong>referunt.</strong></span> 
     </span>
    </p>
   </div>
   <div class='ocr_carea' id='block_1_64' title="bbox 2088 750 3672 823">
    <p class='ocr_par' dir='ltr' id='par_1_64' title="bbox 2088 750 3672 823">
     <span class='ocr_line' id='line_1_64' title="bbox 2088 750 3672 823; baseline 0.003 -19"><span class='ocrx_word' id='word_1_439' title='bbox 2088 750 2194 805; x_wconf 89' lang='lat' dir='ltr'><strong>Sed</strong></span> <span class='ocrx_word' id='word_1_440' title='bbox 2222 753 2378 822; x_wconf 77' lang='lat' dir='ltr'><strong>longe</strong></span> <span class='ocrx_word' id='word_1_441' title='bbox 2405 752 2505 807; x_wconf 83' lang='lat' dir='ltr'><strong>alia</strong></span> <span class='ocrx_word' id='word_1_442' title='bbox 2534 752 2657 807; x_wconf 66' lang='grc' dir='ltr'><strong>ειη-ἰ</strong></span> <span class='ocrx_word' id='word_1_443' title='bbox 2683 758 3000 822; x_wconf 87' lang='lat' dir='ltr'><strong>tempestate</strong></span> <span class='ocrx_word' id='word_1_444' title='bbox 3025 766 3089 807; x_wconf 88' lang='lat' dir='ltr'><strong>ea</strong></span> <span class='ocrx_word' id='word_1_445' title='bbox 3112 751 3422 808; x_wconf 89' lang='lat' dir='ltr'><strong>solemnitas</strong></span> <span class='ocrx_word' id='word_1_446' title='bbox 3442 752 3672 823; x_wconf 86' lang='lat' dir='ltr'><strong>Chryso-</strong></span> 
     </span>
    </p>
   </div>
   <div class='ocr_carea' id='block_1_65' title="bbox 2086 836 3671 912">
    <p class='ocr_par' dir='ltr' id='par_1_65' title="bbox 2086 836 3671 912">
     <span class='ocr_line' id='line_1_65' title="bbox 2086 836 3671 912; baseline -0.001 -18"><span class='ocrx_word' id='word_1_447' title='bbox 2086 843 2243 896; x_wconf 89' lang='lat' dir='ltr'><strong>stomi</strong></span> <span class='ocrx_word' id='word_1_448' title='bbox 2266 852 2366 897; x_wconf 90' lang='lat' dir='ltr'><strong>tem</strong></span> <span class='ocrx_word' id='word_1_449' title='bbox 2375 857 2504 912; x_wconf 90' lang='lat' dir='ltr'><strong>pore</strong></span> <span class='ocrx_word' id='word_1_450' title='bbox 2525 842 2913 896; x_wconf 88' lang='lat' dir='ltr'><strong>celebrabatur.</strong></span> <span class='ocrx_word' id='word_1_451' title='bbox 2936 837 3065 893; x_wconf 86' lang='lat' dir='ltr'><strong>Nam</strong></span> <span class='ocrx_word' id='word_1_452' title='bbox 3077 836 3374 894; x_wconf 82' lang='lat' dir='ltr'><strong>Homiliain</strong></span> <span class='ocrx_word' id='word_1_453' title='bbox 3388 837 3518 895; x_wconf 91' lang='lat' dir='ltr'><strong>illud</strong></span> <span class='ocrx_word' id='word_1_454' title='bbox 3530 839 3671 912; x_wconf 82' lang='lat' dir='ltr'><strong>Apo-</strong></span> 
     </span>
    </p>
   </div>
   <div class='ocr_carea' id='block_1_66' title="bbox 2086 929 3675 1005">
    <p class='ocr_par' dir='ltr' id='par_1_66' title="bbox 2086 929 3675 1005">
     <span class='ocr_line' id='line_1_66' title="bbox 2086 929 3675 1005; baseline 0.003 -19"><span class='ocrx_word' id='word_1_455' title='bbox 2086 933 2204 987; x_wconf 87' lang='lat' dir='ltr'><strong>stoli</strong></span> <span class='ocrx_word' id='word_1_456' title='bbox 2223 933 2419 988; x_wconf 86' lang='lat' dir='ltr'><strong>dictum</strong></span> <span class='ocrx_word' id='word_1_457' title='bbox 2441 932 2461 1005; x_wconf 92' lang='lat'>(</span> <span class='ocrx_word' id='word_1_458' title='bbox 2482 931 2542 986; x_wconf 89' lang='lat' dir='ltr'><strong>T.</strong></span> <span class='ocrx_word' id='word_1_459' title='bbox 2563 934 2614 987; x_wconf 81' lang='lat'><strong>5.</strong></span> <span class='ocrx_word' id='word_1_460' title='bbox 2650 950 2697 989; x_wconf 88' lang='lat' dir='ltr'><strong>c.</strong></span> <span class='ocrx_word' id='word_1_461' title='bbox 2716 931 2815 987; x_wconf 72' lang='lat' dir='ltr'><strong>2-H</strong></span> <span class='ocrx_word' id='word_1_462' title='bbox 2836 929 2878 995; x_wconf 86' lang='lat'><strong>),</strong></span> <span class='ocrx_word' id='word_1_463' title='bbox 2906 930 2960 986; x_wconf 89' lang='grc' dir='ltr'><strong><em>Ν</em></strong></span> <span class='ocrx_word' id='word_1_464' title='bbox 2963 929 3047 986; x_wconf 81' lang='lat' dir='ltr'><strong>alo</strong></span> <span class='ocrx_word' id='word_1_465' title='bbox 3063 947 3148 985; x_wconf 74' lang='lat' dir='ltr'><strong>vos</strong></span> <span class='ocrx_word' id='word_1_466' title='bbox 3164 932 3398 1003; x_wconf 88' lang='lat' dir='ltr'><strong>ignorare</strong></span> <span class='ocrx_word' id='word_1_467' title='bbox 3419 974 3434 999; x_wconf 96' lang='lat'><strong>,</strong></span> <span class='ocrx_word' id='word_1_468' title='bbox 3467 939 3675 1005; x_wconf 78' lang='lat' dir='ltr'><strong>fratres.</strong></span> 
     </span>
    </p>
   </div>
   <div class='ocr_carea' id='block_1_67' title="bbox 2082 1022 3671 1096">
    <p class='ocr_par' dir='ltr' id='par_1_67' title="bbox 2082 1022 3671 1096">
     <span class='ocr_line' id='line_1_67' title="bbox 2082 1022 3671 1096; baseline 0 -19"><span class='ocrx_word' id='word_1_469' title='bbox 2082 1024 2217 1093; x_wconf 81' lang='lat' dir='ltr'><strong>quod</strong></span> <span class='ocrx_word' id='word_1_470' title='bbox 2226 1033 2395 1095; x_wconf 84' lang='lat' dir='ltr'><strong>patres</strong></span> <span class='ocrx_word' id='word_1_471' title='bbox 2413 1028 2574 1074; x_wconf 77' lang='lat' dir='ltr'><strong>nostri</strong></span> <span class='ocrx_word' id='word_1_472' title='bbox 2593 1035 2763 1075; x_wconf 82' lang='lat' dir='ltr'><strong>omnes</strong></span> <span class='ocrx_word' id='word_1_473' title='bbox 2772 1025 2863 1077; x_wconf 85' lang='lat' dir='ltr'><strong>sub</strong></span> <span class='ocrx_word' id='word_1_474' title='bbox 2878 1023 3007 1077; x_wconf 89' lang='lat' dir='ltr'><strong>nube</strong></span> <span class='ocrx_word' id='word_1_475' title='bbox 3020 1023 3225 1092; x_wconf 79' lang='lat' dir='ltr'><strong>fuerunt</strong></span> <span class='ocrx_word' id='word_1_476' title='bbox 3246 1023 3322 1095; x_wconf 79' lang='grc' dir='ltr'><strong>(ι.</strong></span> <span class='ocrx_word' id='word_1_477' title='bbox 3344 1022 3460 1077; x_wconf 90' lang='lat' dir='ltr'><strong>Cor.</strong></span> <span class='ocrx_word' id='word_1_478' title='bbox 3488 1026 3572 1081; x_wconf 74' lang='grc'><strong>16.</strong></span> <span class='ocrx_word' id='word_1_479' title='bbox 3591 1024 3610 1077; x_wconf 83' lang='grc' dir='ltr'><strong>ι</strong></span> <span class='ocrx_word' id='word_1_480' title='bbox 3628 1030 3671 1096; x_wconf 81' lang='lat'><strong>),</strong></span> 
     </span>
    </p>
   </div>
   <div class='ocr_carea' id='block_1_68' title="bbox 2081 1113 3674 1185">
    <p class='ocr_par' dir='ltr' id='par_1_68' title="bbox 2081 1113 3674 1185">
     <span class='ocr_line' id='line_1_68' title="bbox 2081 1113 3674 1185; baseline 0 -15"><span class='ocrx_word' id='word_1_481' title='bbox 2081 1125 2211 1170; x_wconf 88' lang='lat' dir='ltr'><strong>ctc.:</strong></span> <span class='ocrx_word' id='word_1_482' title='bbox 2227 1131 2345 1183; x_wconf 87' lang='lat' dir='ltr'><strong>quae</strong></span> <span class='ocrx_word' id='word_1_483' title='bbox 2360 1113 2575 1168; x_wconf 88' lang='lat' dir='ltr'><strong>homilia</strong></span> <span class='ocrx_word' id='word_1_484' title='bbox 2592 1115 2678 1170; x_wconf 90' lang='lat' dir='ltr'><strong>die</strong></span> <span class='ocrx_word' id='word_1_485' title='bbox 2694 1114 2884 1169; x_wconf 82' lang='lat' dir='ltr'><strong>festum</strong></span> <span class='ocrx_word' id='word_1_486' title='bbox 2903 1114 2961 1169; x_wconf 91' lang='lat' dir='ltr'><strong>S.</strong></span> <span class='ocrx_word' id='word_1_487' title='bbox 2980 1115 3237 1169; x_wconf 87' lang='lat' dir='ltr'><strong>Barlaami</strong></span> <span class='ocrx_word' id='word_1_488' title='bbox 3253 1116 3565 1185; x_wconf 88' lang='lat' dir='ltr'><strong>insequente</strong></span> <span class='ocrx_word' id='word_1_489' title='bbox 3582 1118 3674 1171; x_wconf 85' lang='lat' dir='ltr'><strong>ba-</strong></span> 
     </span>
    </p>
   </div>
   <div class='ocr_carea' id='block_1_69' title="bbox 2085 1205 3676 1278">
    <p class='ocr_par' dir='ltr' id='par_1_69' title="bbox 2085 1205 3676 1278">
     <span class='ocr_line' id='line_1_69' title="bbox 2085 1205 3676 1278; baseline 0.002 -17"><span class='ocrx_word' id='word_1_490' title='bbox 2085 1208 2192 1261; x_wconf 89' lang='lat' dir='ltr'><strong>bita</strong></span> <span class='ocrx_word' id='word_1_491' title='bbox 2214 1215 2319 1274; x_wconf 87' lang='lat' dir='ltr'><strong>est,</strong></span> <span class='ocrx_word' id='word_1_492' title='bbox 2350 1214 2407 1260; x_wconf 94' lang='lat' dir='ltr'><strong>ut</strong></span> <span class='ocrx_word' id='word_1_493' title='bbox 2431 1205 2622 1261; x_wconf 90' lang='lat' dir='ltr'><strong>ibidem</strong></span> <span class='ocrx_word' id='word_1_494' title='bbox 2646 1208 2719 1260; x_wconf 91' lang='lat' dir='ltr'><strong>ait</strong></span> <span class='ocrx_word' id='word_1_495' title='bbox 2738 1207 3150 1278; x_wconf 88' lang='lat' dir='ltr'><strong>Chrysostomus</strong></span> <span class='ocrx_word' id='word_1_496' title='bbox 3174 1225 3187 1261; x_wconf 90' lang='lat'><strong>:</strong></span> <span class='ocrx_word' id='word_1_497' title='bbox 3210 1208 3409 1262; x_wconf 88' lang='lat' dir='ltr'><strong>diserte</strong></span> <span class='ocrx_word' id='word_1_498' title='bbox 3432 1207 3564 1263; x_wconf 88' lang='lat' dir='ltr'><strong>dicit</strong></span> <span class='ocrx_word' id='word_1_499' title='bbox 3587 1209 3676 1264; x_wconf 84' lang='lat' dir='ltr'><strong>ille</strong></span> 
     </span>
    </p>
   </div>
   <div class='ocr_carea' id='block_1_70' title="bbox 2085 1297 3670 1368">
    <p class='ocr_par' dir='ltr' id='par_1_70' title="bbox 2085 1297 3670 1368">
     <span class='ocr_line' id='line_1_70' title="bbox 2085 1297 3670 1368; baseline 0.003 -17"><span class='ocrx_word' id='word_1_500' title='bbox 2085 1299 2310 1353; x_wconf 85' lang='lat' dir='ltr'><strong>hiemem</strong></span> <span class='ocrx_word' id='word_1_501' title='bbox 2333 1298 2444 1367; x_wconf 88' lang='lat' dir='ltr'><strong>jam</strong></span> <span class='ocrx_word' id='word_1_502' title='bbox 2467 1297 2766 1368; x_wconf 69' lang='lat' dir='ltr'><strong>prmterisse</strong></span> <span class='ocrx_word' id='word_1_503' title='bbox 2788 1307 3133 1368; x_wconf 85' lang='lat' dir='ltr'><strong>aestatemque</strong></span> <span class='ocrx_word' id='word_1_504' title='bbox 3153 1297 3431 1354; x_wconf 72' lang='lat' dir='ltr'><strong>advenisse</strong></span> <span class='ocrx_word' id='word_1_505' title='bbox 3467 1318 3480 1352; x_wconf 92' lang='lat'>:</span> <span class='ocrx_word' id='word_1_506' title='bbox 3515 1300 3670 1355; x_wconf 78' lang='lat' dir='ltr'><strong>Libe-</strong></span> 
     </span>
    </p>
   </div>
   <div class='ocr_carea' id='block_1_71' title="bbox 2080 1390 3674 1461">
    <p class='ocr_par' dir='ltr' id='par_1_71' title="bbox 2080 1390 3674 1461">
     <span class='ocr_line' id='line_1_71' title="bbox 2080 1390 3674 1461; baseline 0.003 -19"><span class='ocrx_word' id='word_1_507' title='bbox 2080 1390 2199 1456; x_wconf 89' lang='lat' dir='ltr'><strong>rati,</strong></span> <span class='ocrx_word' id='word_1_508' title='bbox 2223 1392 2413 1457; x_wconf 87' lang='lat' dir='ltr'><strong>inquit,</strong></span> <span class='ocrx_word' id='word_1_509' title='bbox 2445 1408 2618 1445; x_wconf 86' lang='lat' dir='ltr'><strong>sumus</strong></span> <span class='ocrx_word' id='word_1_510' title='bbox 2641 1391 2819 1455; x_wconf 82' lang='lat' dir='ltr'><strong>hieme,</strong></span> <span class='ocrx_word' id='word_1_511' title='bbox 2843 1402 2890 1445; x_wconf 90' lang='lat' dir='ltr'><strong>et</strong></span> <span class='ocrx_word' id='word_1_512' title='bbox 2924 1400 3097 1446; x_wconf 70' lang='lat' dir='ltr'><strong>testate</strong></span> <span class='ocrx_word' id='word_1_513' title='bbox 3130 1390 3460 1461; x_wconf 81' lang='lat' dir='ltr'><strong>perfruimur,</strong></span> <span class='ocrx_word' id='word_1_514' title='bbox 3489 1394 3674 1447; x_wconf 80' lang='lat' dir='ltr'><strong>blande</strong></span> 
     </span>
    </p>
   </div>
   <div class='ocr_carea' id='block_1_72' title="bbox 2080 1481 3674 1553">
    <p class='ocr_par' dir='ltr' id='par_1_72' title="bbox 2080 1481 3674 1553">
     <span class='ocr_line' id='line_1_72' title="bbox 2080 1481 3674 1553; baseline 0.005 -23"><span class='ocrx_word' id='word_1_515' title='bbox 2080 1481 2284 1551; x_wconf 71' lang='lat' dir='ltr'><strong>amante</strong></span> <span class='ocrx_word' id='word_1_516' title='bbox 2329 1483 2569 1553; x_wconf 78' lang='lat' dir='ltr'><strong>zephyro.</strong></span> <span class='ocrx_word' id='word_1_517' title='bbox 2594 1482 2731 1537; x_wconf 88' lang='lat' dir='ltr'><strong>llinc</strong></span> <span class='ocrx_word' id='word_1_518' title='bbox 2752 1497 2880 1535; x_wconf 88' lang='lat' dir='ltr'><strong>sane</strong></span> <span class='ocrx_word' id='word_1_519' title='bbox 2900 1482 3247 1552; x_wconf 88' lang='lat' dir='ltr'><strong>consequitur</strong></span> <span class='ocrx_word' id='word_1_520' title='bbox 3273 1482 3431 1553; x_wconf 86' lang='lat' dir='ltr'><strong>longe</strong></span> <span class='ocrx_word' id='word_1_521' title='bbox 3456 1482 3674 1538; x_wconf 81' lang='lat' dir='ltr'><strong>diverso</strong></span> 
     </span>
    </p>
   </div>
   <div class='ocr_carea' id='block_1_73' title="bbox 2078 1570 3667 1641">
    <p class='ocr_par' dir='ltr' id='par_1_73' title="bbox 2078 1570 3667 1641">
     <span class='ocr_line' id='line_1_73' title="bbox 2078 1570 3667 1641; baseline 0.002 -17"><span class='ocrx_word' id='word_1_522' title='bbox 2078 1572 2203 1625; x_wconf 90' lang='lat' dir='ltr'><strong>anni</strong></span> <span class='ocrx_word' id='word_1_523' title='bbox 2261 1582 2499 1641; x_wconf 83' lang='lat' dir='ltr'><strong>tempore</strong></span> <span class='ocrx_word' id='word_1_524' title='bbox 2550 1581 2677 1625; x_wconf 89' lang='lat' dir='ltr'><strong>tunc</strong></span> <span class='ocrx_word' id='word_1_525' title='bbox 2716 1570 3043 1625; x_wconf 88' lang='lat' dir='ltr'><strong>celebratum</strong></span> <span class='ocrx_word' id='word_1_526' title='bbox 3089 1571 3253 1626; x_wconf 89' lang='lat' dir='ltr'><strong>fuisse</strong></span> <span class='ocrx_word' id='word_1_527' title='bbox 3299 1572 3358 1627; x_wconf 88' lang='lat' dir='ltr'><strong>S.</strong></span> <span class='ocrx_word' id='word_1_528' title='bbox 3401 1573 3667 1628; x_wconf 87' lang='lat' dir='ltr'><strong>Barlaami</strong></span> 
     </span>
    </p>
   </div>
   <div class='ocr_carea' id='block_1_74' title="bbox 2078 1662 3668 1731">
    <p class='ocr_par' dir='ltr' id='par_1_74' title="bbox 2078 1662 3668 1731">
     <span class='ocr_line' id='line_1_74' title="bbox 2078 1662 3668 1731; baseline 0.004 -16"><span class='ocrx_word' id='word_1_529' title='bbox 2078 1662 2329 1731; x_wconf 79' lang='lat' dir='ltr'><strong>martyris</strong></span> <span class='ocrx_word' id='word_1_530' title='bbox 2357 1663 2551 1717; x_wconf 87' lang='lat' dir='ltr'><strong>festum</strong></span> <span class='ocrx_word' id='word_1_531' title='bbox 2580 1680 2595 1717; x_wconf 89' lang='lat'><strong>:</strong></span> <span class='ocrx_word' id='word_1_532' title='bbox 2623 1678 2746 1717; x_wconf 91' lang='lat' dir='ltr'><strong>nam</strong></span> <span class='ocrx_word' id='word_1_533' title='bbox 2774 1677 2837 1717; x_wconf 91' lang='lat' dir='ltr'><strong>ea</strong></span> <span class='ocrx_word' id='word_1_534' title='bbox 2874 1664 2925 1717; x_wconf 93' lang='lat' dir='ltr'><strong>in</strong></span> <span class='ocrx_word' id='word_1_535' title='bbox 2962 1662 3096 1717; x_wconf 86' lang='lat' dir='ltr'><strong>urbe</strong></span> <span class='ocrx_word' id='word_1_536' title='bbox 3120 1663 3308 1718; x_wconf 91' lang='lat' dir='ltr'><strong>concio</strong></span> <span class='ocrx_word' id='word_1_537' title='bbox 3346 1662 3461 1718; x_wconf 61' lang='lat' dir='ltr'><strong>hare</strong></span> <span class='ocrx_word' id='word_1_538' title='bbox 3490 1664 3668 1722; x_wconf 77' lang='lat' dir='ltr'><strong>habita</strong></span> 
     </span>
    </p>
   </div>
   <div class='ocr_carea' id='block_1_75' title="bbox 2078 1753 3669 1826">
    <p class='ocr_par' dir='ltr' id='par_1_75' title="bbox 2078 1753 3669 1826">
     <span class='ocr_line' id='line_1_75' title="bbox 2078 1753 3669 1826; baseline 0.003 -18"><span class='ocrx_word' id='word_1_539' title='bbox 2078 1763 2186 1819; x_wconf 89' lang='lat' dir='ltr'><strong>est,</strong></span> <span class='ocrx_word' id='word_1_540' title='bbox 2216 1753 2267 1807; x_wconf 91' lang='lat' dir='ltr'><strong>in</strong></span> <span class='ocrx_word' id='word_1_541' title='bbox 2295 1754 2448 1823; x_wconf 90' lang='lat' dir='ltr'><strong>cujus</strong></span> <span class='ocrx_word' id='word_1_542' title='bbox 2470 1769 2619 1826; x_wconf 83' lang='lat' dir='ltr'><strong>agro,</strong></span> <span class='ocrx_word' id='word_1_543' title='bbox 2652 1766 2707 1809; x_wconf 94' lang='lat' dir='ltr'><strong>ut</strong></span> <span class='ocrx_word' id='word_1_544' title='bbox 2736 1756 2931 1810; x_wconf 90' lang='lat' dir='ltr'><strong>ibidem</strong></span> <span class='ocrx_word' id='word_1_545' title='bbox 2959 1755 3171 1821; x_wconf 90' lang='lat' dir='ltr'><strong>dicitur,</strong></span> <span class='ocrx_word' id='word_1_546' title='bbox 3203 1754 3503 1826; x_wconf 85' lang='lat' dir='ltr'><strong>frequentia</strong></span> <span class='ocrx_word' id='word_1_547' title='bbox 3526 1772 3669 1812; x_wconf 82' lang='lat' dir='ltr'><strong>mar-</strong></span> 
     </span>
    </p>
   </div>
   <div class='ocr_carea' id='block_1_76' title="bbox 2080 1846 3668 1917">
    <p class='ocr_par' dir='ltr' id='par_1_76' title="bbox 2080 1846 3668 1917">
     <span class='ocr_line' id='line_1_76' title="bbox 2080 1846 3668 1917; baseline 0.006 -20"><span class='ocrx_word' id='word_1_548' title='bbox 2080 1850 2259 1917; x_wconf 87' lang='lat' dir='ltr'><strong>tyrum</strong></span> <span class='ocrx_word' id='word_1_549' title='bbox 2309 1846 2553 1916; x_wconf 86' lang='lat' dir='ltr'><strong>sepulcra</strong></span> <span class='ocrx_word' id='word_1_550' title='bbox 2583 1846 2934 1911; x_wconf 78' lang='lat' dir='ltr'><strong>exsistebaut,</strong></span> <span class='ocrx_word' id='word_1_551' title='bbox 2977 1861 3082 1915; x_wconf 91' lang='lat' dir='ltr'><strong>quo</strong></span> <span class='ocrx_word' id='word_1_552' title='bbox 3102 1846 3373 1903; x_wconf 80' lang='lat' dir='ltr'><strong>conﬂuere</strong></span> <span class='ocrx_word' id='word_1_553' title='bbox 3419 1848 3668 1906; x_wconf 74' lang='lat' dir='ltr'><strong>solebant</strong></span> 
     </span>
    </p>
   </div>
   <div class='ocr_carea' id='block_1_77' title="bbox 2077 1936 3665 2010">
    <p class='ocr_par' dir='ltr' id='par_1_77' title="bbox 2077 1936 3665 2010">
     <span class='ocr_line' id='line_1_77' title="bbox 2077 1936 3665 2010; baseline 0.003 -19"><span class='ocrx_word' id='word_1_554' title='bbox 2077 1946 2337 2007; x_wconf 89' lang='lat' dir='ltr'><strong>quotquot</strong></span> <span class='ocrx_word' id='word_1_555' title='bbox 2360 1953 2427 1992; x_wconf 81' lang='lat' dir='ltr'><strong>ex</strong></span> <span class='ocrx_word' id='word_1_556' title='bbox 2456 1936 2661 1992; x_wconf 91' lang='lat' dir='ltr'><strong>civibus</strong></span> <span class='ocrx_word' id='word_1_557' title='bbox 2687 1937 2998 1992; x_wconf 79' lang='lat' dir='ltr'><strong>earumdem</strong></span> <span class='ocrx_word' id='word_1_558' title='bbox 3030 1945 3323 2010; x_wconf 82' lang='lat' dir='ltr'><strong>martyrum</strong></span> <span class='ocrx_word' id='word_1_559' title='bbox 3350 1940 3665 1996; x_wconf 80' lang='lat' dir='ltr'><strong>memoriam</strong></span> 
     </span>
    </p>
   </div>
   <div class='ocr_carea' id='block_1_78' title="bbox 2074 2027 3661 2098">
    <p class='ocr_par' dir='ltr' id='par_1_78' title="bbox 2074 2027 3661 2098">
     <span class='ocr_line' id='line_1_78' title="bbox 2074 2027 3661 2098; baseline 0.002 -18"><span class='ocrx_word' id='word_1_560' title='bbox 2074 2028 2333 2090; x_wconf 83' lang='lat' dir='ltr'><strong>recolere,</strong></span> <span class='ocrx_word' id='word_1_561' title='bbox 2386 2028 2729 2097; x_wconf 90' lang='lat' dir='ltr'><strong>ipsorumque</strong></span> <span class='ocrx_word' id='word_1_562' title='bbox 2772 2027 3005 2098; x_wconf 66' lang='lat' dir='ltr'><strong>praesidii</strong></span> <span class='ocrx_word' id='word_1_563' title='bbox 3043 2036 3321 2083; x_wconf 90' lang='lat' dir='ltr'><strong>consortes</strong></span> <span class='ocrx_word' id='word_1_564' title='bbox 3365 2041 3485 2082; x_wconf 88' lang='lat' dir='ltr'><strong>esse</strong></span> <span class='ocrx_word' id='word_1_565' title='bbox 3512 2028 3661 2083; x_wconf 89' lang='lat' dir='ltr'><strong>vole-</strong></span> 
     </span>
    </p>
   </div>
   <div class='ocr_carea' id='block_1_79' title="bbox 2074 2117 3664 2189">
    <p class='ocr_par' dir='ltr' id='par_1_79' title="bbox 2074 2117 3664 2189">
     <span class='ocr_line' id='line_1_79' title="bbox 2074 2117 3664 2189; baseline 0.003 -20"><span class='ocrx_word' id='word_1_566' title='bbox 2074 2117 2237 2171; x_wconf 88' lang='lat' dir='ltr'><strong>bant:</strong></span> <span class='ocrx_word' id='word_1_567' title='bbox 2268 2117 2412 2186; x_wconf 89' lang='lat' dir='ltr'><strong>quod</strong></span> <span class='ocrx_word' id='word_1_568' title='bbox 2436 2132 2568 2173; x_wconf 90' lang='lat' dir='ltr'><strong>sane</strong></span> <span class='ocrx_word' id='word_1_569' title='bbox 2592 2119 2893 2173; x_wconf 76' lang='lat' dir='ltr'><strong>Antiochia:</strong></span> <span class='ocrx_word' id='word_1_570' title='bbox 2918 2127 3225 2186; x_wconf 89' lang='lat' dir='ltr'><strong>competere</strong></span> <span class='ocrx_word' id='word_1_571' title='bbox 3250 2133 3411 2173; x_wconf 91' lang='lat' dir='ltr'><strong>nemo</strong></span> <span class='ocrx_word' id='word_1_572' title='bbox 3441 2133 3664 2189; x_wconf 82' lang='lat' dir='ltr'><strong>negave-</strong></span> 
     </span>
    </p>
   </div>
   <div class='ocr_carea' id='block_1_80' title="bbox 2072 2207 3666 2278">
    <p class='ocr_par' dir='ltr' id='par_1_80' title="bbox 2072 2207 3666 2278">
     <span class='ocr_line' id='line_1_80' title="bbox 2072 2207 3666 2278; baseline 0.001 -16"><span class='ocrx_word' id='word_1_573' title='bbox 2072 2209 2162 2263; x_wconf 88' lang='lat' dir='ltr'><strong>rit.</strong></span> <span class='ocrx_word' id='word_1_574' title='bbox 2196 2207 2271 2262; x_wconf 77' lang='lat' dir='ltr'><strong>Ad</strong></span> <span class='ocrx_word' id='word_1_575' title='bbox 2314 2208 2429 2262; x_wconf 83' lang='lat' dir='ltr'><strong>haec</strong></span> <span class='ocrx_word' id='word_1_576' title='bbox 2472 2224 2622 2275; x_wconf 90' lang='lat' dir='ltr'><strong>vero,</strong></span> <span class='ocrx_word' id='word_1_577' title='bbox 2674 2211 2775 2263; x_wconf 89' lang='lat' dir='ltr'><strong>sub</strong></span> <span class='ocrx_word' id='word_1_578' title='bbox 2802 2209 2964 2263; x_wconf 80' lang='lat' dir='ltr'><strong>ﬁnem</strong></span> <span class='ocrx_word' id='word_1_579' title='bbox 2995 2209 3231 2278; x_wconf 88' lang='lat' dir='ltr'><strong>ejusdem</strong></span> <span class='ocrx_word' id='word_1_580' title='bbox 3272 2224 3433 2278; x_wconf 90' lang='lat' dir='ltr'><strong>supra</strong></span> <span class='ocrx_word' id='word_1_581' title='bbox 3462 2224 3666 2265; x_wconf 66' lang='lat' dir='ltr'><strong>meme.</strong></span> 
     </span>
    </p>
   </div>
   <div class='ocr_carea' id='block_1_81' title="bbox 2072 2297 3667 2370">
    <p class='ocr_par' dir='ltr' id='par_1_81' title="bbox 2072 2297 3667 2370">
     <span class='ocr_line' id='line_1_81' title="bbox 2072 2297 3667 2370; baseline 0.002 -17"><span class='ocrx_word' id='word_1_582' title='bbox 2072 2310 2201 2353; x_wconf 83' lang='lat' dir='ltr'><strong>ratae</strong></span> <span class='ocrx_word' id='word_1_583' title='bbox 2232 2297 2483 2363; x_wconf 73' lang='lat' dir='ltr'><strong>homilim,</strong></span> <span class='ocrx_word' id='word_1_584' title='bbox 2521 2300 2812 2369; x_wconf 74' lang='lat' dir='ltr'><strong>prmSulum</strong></span> <span class='ocrx_word' id='word_1_585' title='bbox 2840 2301 3078 2355; x_wconf 90' lang='lat' dir='ltr'><strong>omnium</strong></span> <span class='ocrx_word' id='word_1_586' title='bbox 3110 2314 3297 2369; x_wconf 87' lang='lat' dir='ltr'><strong>preces</strong></span> <span class='ocrx_word' id='word_1_587' title='bbox 3316 2301 3566 2370; x_wconf 83' lang='lat' dir='ltr'><strong>postulat.</strong></span> <span class='ocrx_word' id='word_1_588' title='bbox 3595 2302 3667 2356; x_wconf 80' lang='lat' dir='ltr'><strong>At</strong></span> 
     </span>
    </p>
   </div>
   <div class='ocr_carea' id='block_1_82' title="bbox 2068 2390 3661 2462">
    <p class='ocr_par' dir='ltr' id='par_1_82' title="bbox 2068 2390 3661 2462">
     <span class='ocr_line' id='line_1_82' title="bbox 2068 2390 3661 2462; baseline 0 -17"><span class='ocrx_word' id='word_1_589' title='bbox 2068 2390 2526 2461; x_wconf 80' lang='lat' dir='ltr'><strong>Constantinopoli</strong></span> <span class='ocrx_word' id='word_1_590' title='bbox 2557 2392 2838 2461; x_wconf 72' lang='lat' dir='ltr'><strong>prtcsulem</strong></span> <span class='ocrx_word' id='word_1_591' title='bbox 2885 2391 3089 2445; x_wconf 90' lang='lat' dir='ltr'><strong>nullum</strong></span> <span class='ocrx_word' id='word_1_592' title='bbox 3120 2390 3533 2462; x_wconf 76' lang='lat' dir='ltr'><strong>Chrysostomus</strong></span> <span class='ocrx_word' id='word_1_593' title='bbox 3557 2405 3661 2445; x_wconf 83' lang='lat' dir='ltr'><strong>no-</strong></span> 
     </span>
    </p>
   </div>
   <div class='ocr_carea' id='block_1_83' title="bbox 2068 2480 3663 2551">
    <p class='ocr_par' dir='ltr' id='par_1_83' title="bbox 2068 2480 3663 2551">
     <span class='ocr_line' id='line_1_83' title="bbox 2068 2480 3663 2551; baseline 0.001 -16"><span class='ocrx_word' id='word_1_594' title='bbox 2068 2490 2236 2547; x_wconf 89' lang='lat' dir='ltr'><strong>verat,</strong></span> <span class='ocrx_word' id='word_1_595' title='bbox 2262 2483 2374 2551; x_wconf 90' lang='lat' dir='ltr'><strong>ipse</strong></span> <span class='ocrx_word' id='word_1_596' title='bbox 2391 2497 2676 2551; x_wconf 86' lang='lat' dir='ltr'><strong>supremus</strong></span> <span class='ocrx_word' id='word_1_597' title='bbox 2701 2483 2939 2536; x_wconf 91' lang='lat' dir='ltr'><strong>omnium</strong></span> <span class='ocrx_word' id='word_1_598' title='bbox 2963 2481 3155 2551; x_wconf 67' lang='lat' dir='ltr'><strong>prtesul</strong></span> <span class='ocrx_word' id='word_1_599' title='bbox 3178 2498 3192 2533; x_wconf 89' lang='lat'><strong>:</strong></span> <span class='ocrx_word' id='word_1_600' title='bbox 3216 2480 3512 2537; x_wconf 78' lang='lat' dir='ltr'><strong>Antiochia:</strong></span> <span class='ocrx_word' id='word_1_601' title='bbox 3533 2496 3663 2537; x_wconf 90' lang='lat' dir='ltr'><strong>vero</strong></span> 
     </span>
    </p>
   </div>
   <div class='ocr_carea' id='block_1_84' title="bbox 2069 2570 3657 2642">
    <p class='ocr_par' dir='ltr' id='par_1_84' title="bbox 2069 2570 3657 2642">
     <span class='ocr_line' id='line_1_84' title="bbox 2069 2570 3657 2642; baseline 0 -16"><span class='ocrx_word' id='word_1_602' title='bbox 2069 2573 2325 2642; x_wconf 70' lang='lat' dir='ltr'><strong>praesules</strong></span> <span class='ocrx_word' id='word_1_603' title='bbox 2371 2573 2530 2627; x_wconf 85' lang='lat' dir='ltr'><strong>vicini</strong></span> <span class='ocrx_word' id='word_1_604' title='bbox 2585 2572 2952 2642; x_wconf 82' lang='lat' dir='ltr'><strong>Chrysostomi</strong></span> <span class='ocrx_word' id='word_1_605' title='bbox 2992 2570 3338 2625; x_wconf 86' lang='lat' dir='ltr'><strong>concionibus</strong></span> <span class='ocrx_word' id='word_1_606' title='bbox 3387 2570 3657 2626; x_wconf 86' lang='lat' dir='ltr'><strong>interdum</strong></span> 
     </span>
    </p>
   </div>
   <div class='ocr_carea' id='block_1_85' title="bbox 2068 2660 3659 2731">
    <p class='ocr_par' dir='ltr' id='par_1_85' title="bbox 2068 2660 3659 2731">
     <span class='ocr_line' id='line_1_85' title="bbox 2068 2660 3659 2731; baseline 0.002 -16"><span class='ocrx_word' id='word_1_607' title='bbox 2068 2662 2310 2724; x_wconf 89' lang='lat' dir='ltr'><strong>aderant,</strong></span> <span class='ocrx_word' id='word_1_608' title='bbox 2342 2670 2404 2717; x_wconf 90' lang='lat' dir='ltr'><strong>ut</strong></span> <span class='ocrx_word' id='word_1_609' title='bbox 2446 2661 2698 2717; x_wconf 84' lang='lat' dir='ltr'><strong>vidimus.</strong></span> <span class='ocrx_word' id='word_1_610' title='bbox 2748 2663 2961 2715; x_wconf 86' lang='lat' dir='ltr'><strong>Annum</strong></span> <span class='ocrx_word' id='word_1_611' title='bbox 3007 2674 3156 2725; x_wconf 89' lang='lat' dir='ltr'><strong>vero,</strong></span> <span class='ocrx_word' id='word_1_612' title='bbox 3188 2675 3296 2731; x_wconf 92' lang='lat' dir='ltr'><strong>quo</strong></span> <span class='ocrx_word' id='word_1_613' title='bbox 3339 2660 3435 2716; x_wconf 91' lang='lat' dir='ltr'><strong>has</strong></span> <span class='ocrx_word' id='word_1_614' title='bbox 3477 2660 3659 2718; x_wconf 88' lang='lat' dir='ltr'><strong>habuit</strong></span> 
     </span>
    </p>
   </div>
   <div class='ocr_carea' id='block_1_86' title="bbox 2070 2751 3602 2823">
    <p class='ocr_par' dir='ltr' id='par_1_86' title="bbox 2070 2751 3602 2823">
     <span class='ocr_line' id='line_1_86' title="bbox 2070 2751 3602 2823; baseline -0.001 -17"><span class='ocrx_word' id='word_1_615' title='bbox 2070 2752 2339 2817; x_wconf 89' lang='lat' dir='ltr'><strong>homilias,</strong></span> <span class='ocrx_word' id='word_1_616' title='bbox 2370 2767 2438 2808; x_wconf 89' lang='lat' dir='ltr'><strong>ne</strong></span> <span class='ocrx_word' id='word_1_617' title='bbox 2467 2753 2776 2821; x_wconf 84' lang='lat' dir='ltr'><strong>conjectura</strong></span> <span class='ocrx_word' id='word_1_618' title='bbox 2805 2751 3021 2823; x_wconf 89' lang='lat' dir='ltr'><strong>quidem</strong></span> <span class='ocrx_word' id='word_1_619' title='bbox 3054 2766 3344 2820; x_wconf 90' lang='lat' dir='ltr'><strong>possumus</strong></span> <span class='ocrx_word' id='word_1_620' title='bbox 3366 2753 3602 2821; x_wconf 90' lang='lat' dir='ltr'><strong>assequi.</strong></span> 
     </span>
    </p>
   </div>
   <div class='ocr_carea' id='block_1_87' title="bbox 2135 2842 3656 2913">
    <p class='ocr_par' dir='ltr' id='par_1_87' title="bbox 2135 2842 3656 2913">
     <span class='ocr_line' id='line_1_87' title="bbox 2135 2842 3656 2913; baseline 0 -15"><span class='ocrx_word' id='word_1_621' title='bbox 2135 2843 2192 2898; x_wconf 86' lang='lat' dir='ltr'><strong>In</strong></span> <span class='ocrx_word' id='word_1_622' title='bbox 2222 2844 2438 2899; x_wconf 88' lang='lat' dir='ltr'><strong>homilia</strong></span> <span class='ocrx_word' id='word_1_623' title='bbox 2469 2859 2598 2899; x_wconf 86' lang='lat' dir='ltr'><strong>vero</strong></span> <span class='ocrx_word' id='word_1_624' title='bbox 2637 2844 2880 2913; x_wconf 87' lang='lat' dir='ltr'><strong>sequenti</strong></span> <span class='ocrx_word' id='word_1_625' title='bbox 2910 2842 2999 2898; x_wconf 88' lang='lat' dir='ltr'><strong>die</strong></span> <span class='ocrx_word' id='word_1_626' title='bbox 3041 2842 3222 2897; x_wconf 88' lang='lat' dir='ltr'><strong>habita</strong></span> <span class='ocrx_word' id='word_1_627' title='bbox 3264 2843 3320 2897; x_wconf 88' lang='lat' dir='ltr'><strong>in</strong></span> <span class='ocrx_word' id='word_1_628' title='bbox 3349 2842 3479 2897; x_wconf 87' lang='lat' dir='ltr'><strong>illud</strong></span> <span class='ocrx_word' id='word_1_629' title='bbox 3512 2846 3656 2911; x_wconf 78' lang='lat' dir='ltr'><strong>Apo-</strong></span> 
     </span>
    </p>
   </div>
   <div class='ocr_carea' id='block_1_88' title="bbox 2063 2934 3653 3009">
    <p class='ocr_par' dir='ltr' id='par_1_88' title="bbox 2063 2934 3653 3009">
     <span class='ocr_line' id='line_1_88' title="bbox 2063 2934 3653 3009; baseline 0 -20"><span class='ocrx_word' id='word_1_630' title='bbox 2063 2935 2184 2990; x_wconf 88' lang='lat' dir='ltr'><strong>stoli</strong></span> <span class='ocrx_word' id='word_1_631' title='bbox 2212 2935 2299 3009; x_wconf 87' lang='lat' dir='ltr'><strong>(T.</strong></span> <span class='ocrx_word' id='word_1_632' title='bbox 2328 2938 2383 2992; x_wconf 82' lang='lat'><strong>&#39;5.</strong></span> <span class='ocrx_word' id='word_1_633' title='bbox 2418 2951 2465 2987; x_wconf 91' lang='lat' dir='ltr'><strong>c.</strong></span> <span class='ocrx_word' id='word_1_634' title='bbox 2495 2935 2654 3006; x_wconf 72' lang='lat' dir='ltr'><strong>2H),</strong></span> <span class='ocrx_word' id='word_1_635' title='bbox 2688 2934 2828 2990; x_wconf 84' lang='lat' dir='ltr'><strong>Nolo</strong></span> <span class='ocrx_word' id='word_1_636' title='bbox 2871 2950 2956 2989; x_wconf 80' lang='lat' dir='ltr'><strong>vos</strong></span> <span class='ocrx_word' id='word_1_637' title='bbox 2981 2935 3236 3006; x_wconf 83' lang='lat' dir='ltr'><strong>ignorare,</strong></span> <span class='ocrx_word' id='word_1_638' title='bbox 3274 2938 3478 3006; x_wconf 75' lang='lat' dir='ltr'><strong>fratres,</strong></span> <span class='ocrx_word' id='word_1_639' title='bbox 3516 2936 3653 3003; x_wconf 84' lang='lat' dir='ltr'><strong>quod</strong></span> 
     </span>
    </p>
   </div>
   <div class='ocr_carea' id='block_1_89' title="bbox 2063 3026 3655 3097">
    <p class='ocr_par' dir='ltr' id='par_1_89' title="bbox 2063 3026 3655 3097">
     <span class='ocr_line' id='line_1_89' title="bbox 2063 3026 3655 3097; baseline 0.002 -19"><span class='ocrx_word' id='word_1_640' title='bbox 2063 3035 2233 3096; x_wconf 87' lang='lat' dir='ltr'><strong>patres</strong></span> <span class='ocrx_word' id='word_1_641' title='bbox 2258 3027 2415 3080; x_wconf 89' lang='lat' dir='ltr'><strong>nostri</strong></span> <span class='ocrx_word' id='word_1_642' title='bbox 2443 3042 2617 3080; x_wconf 77' lang='lat' dir='ltr'><strong>omnes</strong></span> <span class='ocrx_word' id='word_1_643' title='bbox 2634 3027 2726 3080; x_wconf 85' lang='lat' dir='ltr'><strong>sub</strong></span> <span class='ocrx_word' id='word_1_644' title='bbox 2752 3026 2883 3080; x_wconf 87' lang='lat' dir='ltr'><strong>nube</strong></span> <span class='ocrx_word' id='word_1_645' title='bbox 2902 3030 3125 3097; x_wconf 81' lang='lat' dir='ltr'><strong>fuerunt,</strong></span> <span class='ocrx_word' id='word_1_646' title='bbox 3146 3033 3195 3079; x_wconf 83' lang='lat' dir='ltr'><strong>et</strong></span> <span class='ocrx_word' id='word_1_647' title='bbox 3213 3040 3385 3079; x_wconf 85' lang='lat' dir='ltr'><strong>omnes</strong></span> <span class='ocrx_word' id='word_1_648' title='bbox 3405 3041 3495 3096; x_wconf 85' lang='lat' dir='ltr'><strong>per</strong></span> <span class='ocrx_word' id='word_1_649' title='bbox 3513 3042 3655 3081; x_wconf 74' lang='lat' dir='ltr'><strong>mare</strong></span> 
     </span>
    </p>
   </div>
   <div class='ocr_carea' id='block_1_90' title="bbox 2063 3114 3655 3206">
    <p class='ocr_par' dir='ltr' id='par_1_90' title="bbox 2063 3114 3655 3206">
     <span class='ocr_line' id='line_1_90' title="bbox 2063 3114 3655 3206; baseline 0.001 -37"><span class='ocrx_word' id='word_1_650' title='bbox 2063 3117 2392 3185; x_wconf 83' lang='lat' dir='ltr'><strong>transierunt,</strong></span> <span class='ocrx_word' id='word_1_651' title='bbox 2414 3114 2782 3188; x_wconf 85' lang='lat' dir='ltr'><strong>Chrysostomi</strong></span> <span class='ocrx_word' id='word_1_652' title='bbox 2810 3130 3005 3185; x_wconf 80' lang='lat' dir='ltr'><strong>scopas</strong></span> <span class='ocrx_word' id='word_1_653' title='bbox 3030 3122 3117 3171; x_wconf 86' lang='lat' dir='ltr'><strong>est</strong></span> <span class='ocrx_word' id='word_1_654' title='bbox 3139 3115 3530 3206; x_wconf 64' lang='lat' dir='ltr'><strong>demonstrare,</strong></span> <span class='ocrx_word' id='word_1_655' title='bbox 3564 3130 3655 3170; x_wconf 83' lang='lat' dir='ltr'><strong>res</strong></span> 
     </span>
    </p>
   </div>
   <div class='ocr_carea' id='block_1_91' title="bbox 2063 3206 3655 3279">
    <p class='ocr_par' dir='ltr' id='par_1_91' title="bbox 2063 3206 3655 3279">
     <span class='ocr_line' id='line_1_91' title="bbox 2063 3206 3655 3279; baseline 0.001 -17"><span class='ocrx_word' id='word_1_656' title='bbox 2063 3209 2116 3262; x_wconf 90' lang='lat' dir='ltr'><strong>in</strong></span> <span class='ocrx_word' id='word_1_657' title='bbox 2146 3208 2313 3263; x_wconf 79' lang='lat' dir='ltr'><strong>veteri</strong></span> <span class='ocrx_word' id='word_1_658' title='bbox 2339 3208 2455 3279; x_wconf 87' lang='lat' dir='ltr'><strong>lege</strong></span> <span class='ocrx_word' id='word_1_659' title='bbox 2475 3218 2641 3271; x_wconf 88' lang='lat' dir='ltr'><strong>actas,</strong></span> <span class='ocrx_word' id='word_1_660' title='bbox 2673 3208 2868 3263; x_wconf 89' lang='lat' dir='ltr'><strong>futuris</strong></span> <span class='ocrx_word' id='word_1_661' title='bbox 2894 3207 3056 3263; x_wconf 89' lang='lat' dir='ltr'><strong>rebus</strong></span> <span class='ocrx_word' id='word_1_662' title='bbox 3082 3206 3240 3263; x_wconf 86' lang='lat' dir='ltr'><strong>[idem</strong></span> <span class='ocrx_word' id='word_1_663' title='bbox 3277 3206 3472 3274; x_wconf 84' lang='lat' dir='ltr'><strong>facere,</strong></span> <span class='ocrx_word' id='word_1_664' title='bbox 3505 3221 3655 3263; x_wconf 76' lang='lat' dir='ltr'><strong>esse-</strong></span> 
     </span>
    </p>
   </div>
   <div class='ocr_carea' id='block_1_92' title="bbox 2062 3298 3649 3369">
    <p class='ocr_par' dir='ltr' id='par_1_92' title="bbox 2062 3298 3649 3369">
     <span class='ocr_line' id='line_1_92' title="bbox 2062 3298 3649 3369; baseline 0.003 -19"><span class='ocrx_word' id='word_1_665' title='bbox 2062 3314 2167 3367; x_wconf 91' lang='lat' dir='ltr'><strong>que</strong></span> <span class='ocrx_word' id='word_1_666' title='bbox 2213 3298 2329 3353; x_wconf 88' lang='lat' dir='ltr'><strong>illas</strong></span> <span class='ocrx_word' id='word_1_667' title='bbox 2356 3313 2533 3354; x_wconf 88' lang='lat' dir='ltr'><strong>rerum</strong></span> <span class='ocrx_word' id='word_1_668' title='bbox 2576 3298 2700 3352; x_wconf 89' lang='lat' dir='ltr'><strong>novi</strong></span> <span class='ocrx_word' id='word_1_669' title='bbox 2727 3298 3053 3353; x_wconf 87' lang='lat' dir='ltr'><strong>Testamenti</strong></span> <span class='ocrx_word' id='word_1_670' title='bbox 3091 3307 3271 3369; x_wconf 87' lang='lat' dir='ltr'><strong>typum</strong></span> <span class='ocrx_word' id='word_1_671' title='bbox 3300 3306 3357 3353; x_wconf 91' lang='lat' dir='ltr'><strong>et</strong></span> <span class='ocrx_word' id='word_1_672' title='bbox 3380 3298 3649 3354; x_wconf 89' lang='lat' dir='ltr'><strong>umbram.</strong></span> 
     </span>
    </p>
   </div>
   <div class='ocr_carea' id='block_1_93' title="bbox 2060 3388 3647 3456">
    <p class='ocr_par' dir='ltr' id='par_1_93' title="bbox 2060 3388 3647 3456">
     <span class='ocr_line' id='line_1_93' title="bbox 2060 3388 3647 3456; baseline 0.001 -12"><span class='ocrx_word' id='word_1_673' title='bbox 2060 3390 2422 3456; x_wconf 79' lang='lat' dir='ltr'><strong>Marcionem,</strong></span> <span class='ocrx_word' id='word_1_674' title='bbox 2472 3388 2823 3444; x_wconf 71' lang='lat' dir='ltr'><strong>Manichzeum</strong></span> <span class='ocrx_word' id='word_1_675' title='bbox 2864 3398 2918 3443; x_wconf 90' lang='lat' dir='ltr'><strong>et</strong></span> <span class='ocrx_word' id='word_1_676' title='bbox 2966 3388 3188 3444; x_wconf 88' lang='lat' dir='ltr'><strong>Paulum</strong></span> <span class='ocrx_word' id='word_1_677' title='bbox 3238 3388 3647 3446; x_wconf 86' lang='lat' dir='ltr'><strong>Samosatenum</strong></span> 
     </span>
    </p>
   </div>
   <div class='ocr_carea' id='block_1_94' title="bbox 2058 3479 3650 3552">
    <p class='ocr_par' dir='ltr' id='par_1_94' title="bbox 2058 3479 3650 3552">
     <span class='ocr_line' id='line_1_94' title="bbox 2058 3479 3650 3552; baseline 0.003 -19"><span class='ocrx_word' id='word_1_678' title='bbox 2058 3482 2232 3536; x_wconf 87' lang='lat' dir='ltr'><strong>obiter</strong></span> <span class='ocrx_word' id='word_1_679' title='bbox 2258 3480 2585 3551; x_wconf 82' lang='lat' dir='ltr'><strong>perstringit,</strong></span> <span class='ocrx_word' id='word_1_680' title='bbox 2614 3488 2669 3535; x_wconf 89' lang='lat' dir='ltr'><strong>et</strong></span> <span class='ocrx_word' id='word_1_681' title='bbox 2690 3479 2967 3550; x_wconf 84' lang='lat' dir='ltr'><strong>postulatis</strong></span> <span class='ocrx_word' id='word_1_682' title='bbox 2993 3481 3048 3535; x_wconf 91' lang='lat' dir='ltr'><strong>in</strong></span> <span class='ocrx_word' id='word_1_683' title='bbox 3071 3483 3173 3536; x_wconf 80' lang='lat' dir='ltr'><strong>line</strong></span> <span class='ocrx_word' id='word_1_684' title='bbox 3198 3490 3501 3537; x_wconf 87' lang='lat' dir='ltr'><strong>sanctorum</strong></span> <span class='ocrx_word' id='word_1_685' title='bbox 3522 3496 3650 3552; x_wconf 85' lang='lat' dir='ltr'><strong>pre-</strong></span> 
     </span>
    </p>
   </div>
   <div class='ocr_carea' id='block_1_95' title="bbox 2057 3571 3647 3643">
    <p class='ocr_par' dir='ltr' id='par_1_95' title="bbox 2057 3571 3647 3643">
     <span class='ocr_line' id='line_1_95' title="bbox 2057 3571 3647 3643; baseline 0.002 -18"><span class='ocrx_word' id='word_1_686' title='bbox 2057 3572 2231 3630; x_wconf 87' lang='lat' dir='ltr'><strong>cibus.</strong></span> <span class='ocrx_word' id='word_1_687' title='bbox 2256 3571 2529 3627; x_wconf 88' lang='lat' dir='ltr'><strong>homiliam</strong></span> <span class='ocrx_word' id='word_1_688' title='bbox 2556 3572 2777 3627; x_wconf 90' lang='lat' dir='ltr'><strong>claudit.</strong></span> <span class='ocrx_word' id='word_1_689' title='bbox 2815 3571 2981 3627; x_wconf 82' lang='lat' dir='ltr'><strong>Notes</strong></span> <span class='ocrx_word' id='word_1_690' title='bbox 3008 3572 3167 3627; x_wconf 89' lang='lat' dir='ltr'><strong>velim</strong></span> <span class='ocrx_word' id='word_1_691' title='bbox 3198 3582 3402 3627; x_wconf 89' lang='lat' dir='ltr'><strong>certum</strong></span> <span class='ocrx_word' id='word_1_692' title='bbox 3430 3572 3647 3643; x_wconf 89' lang='lat' dir='ltr'><strong>quidem</strong></span> 
     </span>
    </p>
   </div>
   <div class='ocr_carea' id='block_1_96' title="bbox 2056 3662 3645 3720">
    <p class='ocr_par' dir='ltr' id='par_1_96' title="bbox 2056 3662 3645 3720">
     <span class='ocr_line' id='line_1_96' title="bbox 2056 3662 3645 3720; baseline 0.002 -3"><span class='ocrx_word' id='word_1_693' title='bbox 2056 3676 2178 3717; x_wconf 88' lang='lat' dir='ltr'><strong>esse</strong></span> <span class='ocrx_word' id='word_1_694' title='bbox 2220 3662 2359 3718; x_wconf 91' lang='lat' dir='ltr'><strong>hanc</strong></span> <span class='ocrx_word' id='word_1_695' title='bbox 2398 3664 2712 3717; x_wconf 90' lang='lat' dir='ltr'><strong>concionem</strong></span> <span class='ocrx_word' id='word_1_696' title='bbox 2762 3663 2996 3716; x_wconf 88' lang='lat' dir='ltr'><strong>habitam</strong></span> <span class='ocrx_word' id='word_1_697' title='bbox 3043 3662 3205 3717; x_wconf 86' lang='lat' dir='ltr'><strong>fuisse</strong></span> <span class='ocrx_word' id='word_1_698' title='bbox 3248 3662 3334 3717; x_wconf 90' lang='lat' dir='ltr'><strong>die</strong></span> <span class='ocrx_word' id='word_1_699' title='bbox 3359 3662 3552 3718; x_wconf 79' lang='lat' dir='ltr'><strong>festum</strong></span> <span class='ocrx_word' id='word_1_700' title='bbox 3583 3662 3645 3720; x_wconf 88' lang='lat' dir='ltr'><strong>S.</strong></span> 
     </span>
    </p>
   </div>
   <div class='ocr_carea' id='block_1_97' title="bbox 2056 3754 3645 3826">
    <p class='ocr_par' dir='ltr' id='par_1_97' title="bbox 2056 3754 3645 3826">
     <span class='ocr_line' id='line_1_97' title="bbox 2056 3754 3645 3826; baseline 0.002 -17"><span class='ocrx_word' id='word_1_701' title='bbox 2056 3755 2316 3810; x_wconf 78' lang='lat' dir='ltr'><strong>Barlaami</strong></span> <span class='ocrx_word' id='word_1_702' title='bbox 2347 3756 2673 3826; x_wconf 83' lang='lat' dir='ltr'><strong>insequente,</strong></span> <span class='ocrx_word' id='word_1_703' title='bbox 2701 3762 2756 3808; x_wconf 90' lang='lat' dir='ltr'><strong>at</strong></span> <span class='ocrx_word' id='word_1_704' title='bbox 2779 3770 2883 3809; x_wconf 92' lang='lat' dir='ltr'><strong>non</strong></span> <span class='ocrx_word' id='word_1_705' title='bbox 2916 3754 3137 3825; x_wconf 89' lang='lat' dir='ltr'><strong>perinde</strong></span> <span class='ocrx_word' id='word_1_706' title='bbox 3162 3755 3495 3824; x_wconf 80' lang='lat' dir='ltr'><strong>exploratum</strong></span> <span class='ocrx_word' id='word_1_707' title='bbox 3525 3771 3645 3812; x_wconf 83' lang='lat' dir='ltr'><strong>esse</strong></span> 
     </span>
    </p>
   </div>
   <div class='ocr_carea' id='block_1_98' title="bbox 2054 3848 3643 3917">
    <p class='ocr_par' dir='ltr' id='par_1_98' title="bbox 2054 3848 3643 3917">
     <span class='ocr_line' id='line_1_98' title="bbox 2054 3848 3643 3917; baseline 0.001 -17"><span class='ocrx_word' id='word_1_708' title='bbox 2054 3862 2123 3901; x_wconf 90' lang='lat' dir='ltr'><strong>an</strong></span> <span class='ocrx_word' id='word_1_709' title='bbox 2153 3863 2218 3902; x_wconf 91' lang='lat' dir='ltr'><strong>eo</strong></span> <span class='ocrx_word' id='word_1_710' title='bbox 2246 3863 2388 3902; x_wconf 89' lang='lat' dir='ltr'><strong>anno</strong></span> <span class='ocrx_word' id='word_1_711' title='bbox 2422 3863 2528 3917; x_wconf 90' lang='lat' dir='ltr'><strong>quo</strong></span> <span class='ocrx_word' id='word_1_712' title='bbox 2557 3849 2831 3903; x_wconf 91' lang='lat' dir='ltr'><strong>homiliam</strong></span> <span class='ocrx_word' id='word_1_713' title='bbox 2858 3848 3015 3904; x_wconf 79' lang='lat' dir='ltr'><strong>iStam</strong></span> <span class='ocrx_word' id='word_1_714' title='bbox 3050 3849 3117 3905; x_wconf 90' lang='lat' dir='ltr'><strong>de</strong></span> <span class='ocrx_word' id='word_1_715' title='bbox 3146 3849 3203 3905; x_wconf 92' lang='lat' dir='ltr'><strong>S.</strong></span> <span class='ocrx_word' id='word_1_716' title='bbox 3236 3849 3516 3904; x_wconf 88' lang='lat' dir='ltr'><strong>Barlaamo</strong></span> <span class='ocrx_word' id='word_1_717' title='bbox 3544 3849 3643 3902; x_wconf 87' lang='lat' dir='ltr'><strong>ha-</strong></span> 
     </span>
    </p>
   </div>
   <div class='ocr_carea' id='block_1_99' title="bbox 2054 3939 2439 4004">
    <p class='ocr_par' dir='ltr' id='par_1_99' title="bbox 2054 3939 2439 4004">
     <span class='ocr_line' id='line_1_99' title="bbox 2054 3939 2439 4004; baseline -0.003 -10"><span class='ocrx_word' id='word_1_718' title='bbox 2054 3939 2187 4004; x_wconf 88' lang='lat' dir='ltr'><strong>buit,</strong></span> <span class='ocrx_word' id='word_1_719' title='bbox 2216 3954 2283 3993; x_wconf 90' lang='lat' dir='ltr'><strong>an</strong></span> <span class='ocrx_word' id='word_1_720' title='bbox 2311 3940 2439 3993; x_wconf 93' lang='lat' dir='ltr'><strong>alio.</strong></span> 
     </span>
    </p>
   </div>
   <div class='ocr_carea' id='block_1_100' title="bbox 2123 4028 3637 4104">
    <p class='ocr_par' dir='ltr' id='par_1_100' title="bbox 2123 4028 3637 4104">
     <span class='ocr_line' id='line_1_100' title="bbox 2123 4028 3637 4104; baseline 0.001 -21"><span class='ocrx_word' id='word_1_721' title='bbox 2123 4028 2447 4085; x_wconf 90' lang='lat' dir='ltr'><strong>Concionem</strong></span> <span class='ocrx_word' id='word_1_722' title='bbox 2471 4045 2597 4086; x_wconf 85' lang='lat' dir='ltr'><strong>vero</strong></span> <span class='ocrx_word' id='word_1_723' title='bbox 2631 4030 2697 4087; x_wconf 90' lang='lat' dir='ltr'><strong>de</strong></span> <span class='ocrx_word' id='word_1_724' title='bbox 2725 4041 2906 4087; x_wconf 88' lang='lat' dir='ltr'><strong>sancta</strong></span> <span class='ocrx_word' id='word_1_725' title='bbox 2938 4031 3159 4086; x_wconf 88' lang='lat' dir='ltr'><strong>Droside</strong></span> <span class='ocrx_word' id='word_1_726' title='bbox 3193 4038 3429 4104; x_wconf 89' lang='lat' dir='ltr'><strong>martyre</strong></span> <span class='ocrx_word' id='word_1_727' title='bbox 3458 4032 3547 4101; x_wconf 86' lang='grc' dir='ltr'><strong>(Τ.</strong></span> <span class='ocrx_word' id='word_1_728' title='bbox 3578 4032 3637 4085; x_wconf 88' lang='lat'><strong>2.</strong></span> 
     </span>
    </p>
   </div>
   <div class='ocr_carea' id='block_1_101' title="bbox 2068 4113 3639 4196">
    <p class='ocr_par' dir='ltr' id='par_1_101' title="bbox 2068 4113 3639 4196">
     <span class='ocr_line' id='line_1_101' title="bbox 2068 4113 3639 4196; baseline 0.009 -31"><span class='ocrx_word' id='word_1_729' title='bbox 2068 4113 2276 4190; x_wconf 80' lang='lat' dir='ltr'><strong>c.685)</strong></span> <span class='ocrx_word' id='word_1_730' title='bbox 2326 4120 2378 4174; x_wconf 91' lang='lat' dir='ltr'><strong>in</strong></span> <span class='ocrx_word' id='word_1_731' title='bbox 2424 4135 2552 4190; x_wconf 89' lang='lat' dir='ltr'><strong>agro</strong></span> <span class='ocrx_word' id='word_1_732' title='bbox 2592 4122 2929 4177; x_wconf 89' lang='lat' dir='ltr'><strong>Antiocheuo</strong></span> <span class='ocrx_word' id='word_1_733' title='bbox 2974 4123 3158 4178; x_wconf 83' lang='lat' dir='ltr'><strong>habuit</strong></span> <span class='ocrx_word' id='word_1_734' title='bbox 3204 4123 3639 4196; x_wconf 83' lang='lat' dir='ltr'><strong>Chrysostomus,</strong></span> 
     </span>
    </p>
   </div>
   <div class='ocr_carea' id='block_1_102' title="bbox 2050 4214 3641 4285">
    <p class='ocr_par' dir='ltr' id='par_1_102' title="bbox 2050 4214 3641 4285">
     <span class='ocr_line' id='line_1_102' title="bbox 2050 4214 3641 4285; baseline 0.003 -18"><span class='ocrx_word' id='word_1_735' title='bbox 2050 4226 2175 4267; x_wconf 88' lang='lat' dir='ltr'><strong>cum</strong></span> <span class='ocrx_word' id='word_1_736' title='bbox 2197 4220 2410 4283; x_wconf 85' lang='lat' dir='ltr'><strong>arrepta</strong></span> <span class='ocrx_word' id='word_1_737' title='bbox 2441 4228 2645 4268; x_wconf 77' lang='lat' dir='ltr'><strong>serena:</strong></span> <span class='ocrx_word' id='word_1_738' title='bbox 2672 4214 2776 4268; x_wconf 85' lang='lat' dir='ltr'><strong>diei</strong></span> <span class='ocrx_word' id='word_1_739' title='bbox 2816 4216 3121 4279; x_wconf 79' lang='lat' dir='ltr'><strong>occasione,</strong></span> <span class='ocrx_word' id='word_1_740' title='bbox 3166 4216 3420 4285; x_wconf 88' lang='lat' dir='ltr'><strong>p0pulum</strong></span> <span class='ocrx_word' id='word_1_741' title='bbox 3447 4217 3641 4271; x_wconf 83' lang='lat' dir='ltr'><strong>Antio-</strong></span> 
     </span>
    </p>
   </div>
   <div class='ocr_carea' id='block_1_103' title="bbox 2051 4305 3640 4377">
    <p class='ocr_par' dir='ltr' id='par_1_103' title="bbox 2051 4305 3640 4377">
     <span class='ocr_line' id='line_1_103' title="bbox 2051 4305 3640 4377; baseline -0.001 -15"><span class='ocrx_word' id='word_1_742' title='bbox 2051 4305 2282 4362; x_wconf 90' lang='lat' dir='ltr'><strong>chenum</strong></span> <span class='ocrx_word' id='word_1_743' title='bbox 2308 4321 2375 4360; x_wconf 91' lang='lat' dir='ltr'><strong>eo</strong></span> <span class='ocrx_word' id='word_1_744' title='bbox 2399 4306 2618 4360; x_wconf 82' lang='lat' dir='ltr'><strong>deduxit</strong></span> <span class='ocrx_word' id='word_1_745' title='bbox 2656 4306 2938 4361; x_wconf 85' lang='lat' dir='ltr'><strong>Flavianus</strong></span> <span class='ocrx_word' id='word_1_746' title='bbox 2965 4308 3268 4377; x_wconf 87' lang='lat' dir='ltr'><strong>episcopus.</strong></span> <span class='ocrx_word' id='word_1_747' title='bbox 3299 4317 3358 4363; x_wconf 91' lang='lat' dir='ltr'><strong>ut</strong></span> <span class='ocrx_word' id='word_1_748' title='bbox 3394 4320 3640 4362; x_wconf 86' lang='lat' dir='ltr'><strong>narratur</strong></span> 
     </span>
    </p>
   </div>
   <div class='ocr_carea' id='block_1_104' title="bbox 2051 4395 3638 4468">
    <p class='ocr_par' dir='ltr' id='par_1_104' title="bbox 2051 4395 3638 4468">
     <span class='ocr_line' id='line_1_104' title="bbox 2051 4395 3638 4468; baseline 0.001 -19"><span class='ocrx_word' id='word_1_749' title='bbox 2051 4412 2197 4450; x_wconf 92' lang='lat' dir='ltr'><strong>num.</strong></span> <span class='ocrx_word' id='word_1_750' title='bbox 2226 4397 2279 4449; x_wconf 85' lang='lat'><strong>2.</strong></span> <span class='ocrx_word' id='word_1_751' title='bbox 2310 4395 2475 4463; x_wconf 86' lang='lat' dir='ltr'><strong>llujus</strong></span> <span class='ocrx_word' id='word_1_752' title='bbox 2496 4410 2655 4464; x_wconf 87' lang='lat' dir='ltr'><strong>porro</strong></span> <span class='ocrx_word' id='word_1_753' title='bbox 2675 4405 2874 4451; x_wconf 76' lang='lat' dir='ltr'><strong>sancta:</strong></span> <span class='ocrx_word' id='word_1_754' title='bbox 2896 4397 3143 4467; x_wconf 87' lang='lat' dir='ltr'><strong>martyris</strong></span> <span class='ocrx_word' id='word_1_755' title='bbox 3165 4410 3329 4466; x_wconf 86' lang='lat' dir='ltr'><strong>pauca</strong></span> <span class='ocrx_word' id='word_1_756' title='bbox 3351 4406 3638 4468; x_wconf 86' lang='lat' dir='ltr'><strong>supersunt</strong></span> 
     </span>
    </p>
   </div>
   <div class='ocr_carea' id='block_1_105' title="bbox 2050 4485 3630 4559">
    <p class='ocr_par' dir='ltr' id='par_1_105' title="bbox 2050 4485 3630 4559">
     <span class='ocr_line' id='line_1_105' title="bbox 2050 4485 3630 4559; baseline -0.001 -18"><span class='ocrx_word' id='word_1_757' title='bbox 2050 4494 2389 4541; x_wconf 89' lang='lat' dir='ltr'><strong>monumenta</strong></span> <span class='ocrx_word' id='word_1_758' title='bbox 2414 4502 2428 4538; x_wconf 90' lang='lat'><strong>:</strong></span> <span class='ocrx_word' id='word_1_759' title='bbox 2455 4485 2649 4555; x_wconf 80' lang='lat' dir='ltr'><strong>vixque</strong></span> <span class='ocrx_word' id='word_1_760' title='bbox 2677 4485 2817 4540; x_wconf 89' lang='lat' dir='ltr'><strong>aliud</strong></span> <span class='ocrx_word' id='word_1_761' title='bbox 2846 4485 3117 4555; x_wconf 89' lang='lat' dir='ltr'><strong>quidpiam</strong></span> <span class='ocrx_word' id='word_1_762' title='bbox 3140 4486 3285 4541; x_wconf 88' lang='lat' dir='ltr'><strong>circa</strong></span> <span class='ocrx_word' id='word_1_763' title='bbox 3316 4487 3630 4559; x_wconf 85' lang='lat' dir='ltr'><strong>martyrium</strong></span> 
     </span>
    </p>
   </div>
   <div class='ocr_carea' id='block_1_106' title="bbox 2047 4576 3632 4648">
    <p class='ocr_par' dir='ltr' id='par_1_106' title="bbox 2047 4576 3632 4648">
     <span class='ocr_line' id='line_1_106' title="bbox 2047 4576 3632 4648; baseline -0.003 -15"><span class='ocrx_word' id='word_1_764' title='bbox 2047 4578 2448 4648; x_wconf 86' lang='lat' dir='ltr'><strong>certaminaque</strong></span> <span class='ocrx_word' id='word_1_765' title='bbox 2476 4576 2593 4647; x_wconf 91' lang='lat' dir='ltr'><strong>ejus</strong></span> <span class='ocrx_word' id='word_1_766' title='bbox 2612 4578 2875 4643; x_wconf 89' lang='lat' dir='ltr'><strong>novimus,</strong></span> <span class='ocrx_word' id='word_1_767' title='bbox 2893 4591 3051 4646; x_wconf 90' lang='lat' dir='ltr'><strong>quam</strong></span> <span class='ocrx_word' id='word_1_768' title='bbox 3073 4576 3215 4647; x_wconf 89' lang='lat' dir='ltr'><strong>quod</strong></span> <span class='ocrx_word' id='word_1_769' title='bbox 3244 4578 3318 4631; x_wconf 90' lang='lat' dir='ltr'><strong>ait</strong></span> <span class='ocrx_word' id='word_1_770' title='bbox 3337 4576 3394 4632; x_wconf 90' lang='lat' dir='ltr'><strong>S.</strong></span> <span class='ocrx_word' id='word_1_771' title='bbox 3420 4577 3632 4641; x_wconf 91' lang='lat' dir='ltr'><strong>doctor,</strong></span> 
     </span>
    </p>
   </div>
   <div class='ocr_carea' id='block_1_107' title="bbox 2046 4666 3639 4740">
    <p class='ocr_par' dir='ltr' id='par_1_107' title="bbox 2046 4666 3639 4740">
     <span class='ocr_line' id='line_1_107' title="bbox 2046 4666 3639 4740; baseline -0.003 -15"><span class='ocrx_word' id='word_1_772' title='bbox 2046 4684 2165 4725; x_wconf 88' lang='lat' dir='ltr'><strong>eam</strong></span> <span class='ocrx_word' id='word_1_773' title='bbox 2192 4669 2247 4724; x_wconf 91' lang='lat' dir='ltr'><strong>in</strong></span> <span class='ocrx_word' id='word_1_774' title='bbox 2290 4684 2480 4740; x_wconf 85' lang='lat' dir='ltr'><strong>rogum</strong></span> <span class='ocrx_word' id='word_1_775' title='bbox 2524 4669 2820 4738; x_wconf 90' lang='lat' dir='ltr'><strong>conjectam</strong></span> <span class='ocrx_word' id='word_1_776' title='bbox 2862 4666 3044 4722; x_wconf 78' lang='lat' dir='ltr'><strong>fuisse.</strong></span> <span class='ocrx_word' id='word_1_777' title='bbox 3081 4666 3265 4737; x_wconf 83' lang='lat' dir='ltr'><strong>Neque</strong></span> <span class='ocrx_word' id='word_1_778' title='bbox 3302 4667 3475 4722; x_wconf 89' lang='lat' dir='ltr'><strong>solum</strong></span> <span class='ocrx_word' id='word_1_779' title='bbox 3514 4681 3639 4721; x_wconf 73' lang='lat' dir='ltr'><strong>sau-</strong></span> 
     </span>
    </p>
   </div>
   <div class='ocr_carea' id='block_1_108' title="bbox 2044 4760 3629 4833">
    <p class='ocr_par' dir='ltr' id='par_1_108' title="bbox 2044 4760 3629 4833">
     <span class='ocr_line' id='line_1_108' title="bbox 2044 4760 3629 4833; baseline 0 -16"><span class='ocrx_word' id='word_1_780' title='bbox 2044 4772 2185 4817; x_wconf 88' lang='lat' dir='ltr'><strong>ctam</strong></span> <span class='ocrx_word' id='word_1_781' title='bbox 2211 4761 2511 4829; x_wconf 87' lang='lat' dir='ltr'><strong>Drosidem,</strong></span> <span class='ocrx_word' id='word_1_782' title='bbox 2537 4761 2632 4818; x_wconf 88' lang='lat' dir='ltr'><strong>sed</strong></span> <span class='ocrx_word' id='word_1_783' title='bbox 2655 4769 2711 4818; x_wconf 88' lang='lat' dir='ltr'><strong>et</strong></span> <span class='ocrx_word' id='word_1_784' title='bbox 2728 4762 2861 4817; x_wconf 90' lang='lat' dir='ltr'><strong>alios</strong></span> <span class='ocrx_word' id='word_1_785' title='bbox 2890 4761 3049 4816; x_wconf 90' lang='lat' dir='ltr'><strong>etiam</strong></span> <span class='ocrx_word' id='word_1_786' title='bbox 3074 4760 3328 4829; x_wconf 87' lang='lat' dir='ltr'><strong>plurimos</strong></span> <span class='ocrx_word' id='word_1_787' title='bbox 3349 4770 3629 4833; x_wconf 81' lang='lat' dir='ltr'><strong>martyres,</strong></span> 
     </span>
    </p>
   </div>
   <div class='ocr_carea' id='block_1_109' title="bbox 2044 4851 3634 4923">
    <p class='ocr_par' dir='ltr' id='par_1_109' title="bbox 2044 4851 3634 4923">
     <span class='ocr_line' id='line_1_109' title="bbox 2044 4851 3634 4923; baseline 0.001 -15"><span class='ocrx_word' id='word_1_788' title='bbox 2044 4868 2273 4923; x_wconf 89' lang='lat' dir='ltr'><strong>quorum</strong></span> <span class='ocrx_word' id='word_1_789' title='bbox 2315 4869 2437 4910; x_wconf 89' lang='lat' dir='ltr'><strong>ossa</strong></span> <span class='ocrx_word' id='word_1_790' title='bbox 2482 4855 2673 4911; x_wconf 90' lang='lat' dir='ltr'><strong>eodem</strong></span> <span class='ocrx_word' id='word_1_791' title='bbox 2713 4854 2833 4907; x_wconf 90' lang='lat' dir='ltr'><strong>loco</strong></span> <span class='ocrx_word' id='word_1_792' title='bbox 2880 4851 3123 4922; x_wconf 84' lang='lat' dir='ltr'><strong>deposita</strong></span> <span class='ocrx_word' id='word_1_793' title='bbox 3163 4862 3335 4919; x_wconf 87' lang='lat' dir='ltr'><strong>erant,</strong></span> <span class='ocrx_word' id='word_1_794' title='bbox 3387 4853 3634 4909; x_wconf 85' lang='lat' dir='ltr'><strong>laudibus</strong></span> 
     </span>
    </p>
   </div>
   <div class='ocr_carea' id='block_1_110' title="bbox 2043 4945 3635 5019">
    <p class='ocr_par' dir='ltr' id='par_1_110' title="bbox 2043 4945 3635 5019">
     <span class='ocr_line' id='line_1_110' title="bbox 2043 4945 3635 5019; baseline 0 -18"><span class='ocrx_word' id='word_1_795' title='bbox 2043 4948 2387 5003; x_wconf 89' lang='lat' dir='ltr'><strong>commendat</strong></span> <span class='ocrx_word' id='word_1_796' title='bbox 2422 4947 2856 5019; x_wconf 81' lang='lat' dir='ltr'><strong>Chrysostomus,</strong></span> <span class='ocrx_word' id='word_1_797' title='bbox 2883 4959 3176 5017; x_wconf 88' lang='lat' dir='ltr'><strong>eorumque</strong></span> <span class='ocrx_word' id='word_1_798' title='bbox 3201 4945 3254 5001; x_wconf 89' lang='lat' dir='ltr'><strong>in</strong></span> <span class='ocrx_word' id='word_1_799' title='bbox 3281 4945 3555 5001; x_wconf 71' lang='lat' dir='ltr'><strong>dmmonas</strong></span> <span class='ocrx_word' id='word_1_800' title='bbox 3580 4956 3635 5001; x_wconf 89' lang='lat' dir='ltr'><strong>et</strong></span> 
     </span>
    </p>
   </div>
   <div class='ocr_carea' id='block_1_111' title="bbox 2045 5038 3630 5111">
    <p class='ocr_par' dir='ltr' id='par_1_111' title="bbox 2045 5038 3630 5111">
     <span class='ocr_line' id='line_1_111' title="bbox 2045 5038 3630 5111; baseline -0.003 -16"><span class='ocrx_word' id='word_1_801' title='bbox 2045 5041 2096 5095; x_wconf 92' lang='lat' dir='ltr'><strong>in</strong></span> <span class='ocrx_word' id='word_1_802' title='bbox 2128 5042 2345 5096; x_wconf 90' lang='lat' dir='ltr'><strong>morbos</strong></span> <span class='ocrx_word' id='word_1_803' title='bbox 2369 5039 2633 5111; x_wconf 88' lang='lat' dir='ltr'><strong>quoslibet</strong></span> <span class='ocrx_word' id='word_1_804' title='bbox 2661 5045 2980 5108; x_wconf 89' lang='lat' dir='ltr'><strong>potestatem</strong></span> <span class='ocrx_word' id='word_1_805' title='bbox 3002 5038 3345 5109; x_wconf 75' lang='lat' dir='ltr'><strong>deprmdicat,</strong></span> <span class='ocrx_word' id='word_1_806' title='bbox 3374 5053 3437 5092; x_wconf 89' lang='lat' dir='ltr'><strong>ac</strong></span> <span class='ocrx_word' id='word_1_807' title='bbox 3460 5052 3630 5108; x_wconf 87' lang='lat' dir='ltr'><strong>quan-</strong></span> 
     </span>
    </p>
   </div>
   <div class='ocr_carea' id='block_1_112' title="bbox 2043 5129 3633 5200">
    <p class='ocr_par' dir='ltr' id='par_1_112' title="bbox 2043 5129 3633 5200">
     <span class='ocr_line' id='line_1_112' title="bbox 2043 5129 3633 5200; baseline -0.001 -15"><span class='ocrx_word' id='word_1_808' title='bbox 2043 5140 2150 5185; x_wconf 85' lang='lat' dir='ltr'><strong>tam</strong></span> <span class='ocrx_word' id='word_1_809' title='bbox 2177 5147 2243 5185; x_wconf 85' lang='lat' dir='ltr'><strong>ex</strong></span> <span class='ocrx_word' id='word_1_810' title='bbox 2266 5144 2449 5186; x_wconf 90' lang='lat' dir='ltr'><strong>eorum</strong></span> <span class='ocrx_word' id='word_1_811' title='bbox 2493 5129 2642 5184; x_wconf 89' lang='lat' dir='ltr'><strong>aditu</strong></span> <span class='ocrx_word' id='word_1_812' title='bbox 2678 5129 2959 5186; x_wconf 81' lang='lat' dir='ltr'><strong>utilitatem</strong></span> <span class='ocrx_word' id='word_1_813' title='bbox 2991 5130 3279 5199; x_wconf 87' lang='lat' dir='ltr'><strong>decerpere</strong></span> <span class='ocrx_word' id='word_1_814' title='bbox 3303 5129 3482 5195; x_wconf 90' lang='lat' dir='ltr'><strong>liceat,</strong></span> <span class='ocrx_word' id='word_1_815' title='bbox 3512 5129 3633 5200; x_wconf 82' lang='lat' dir='ltr'><strong>plu-</strong></span> 
     </span>
    </p>
   </div>
   <div class='ocr_carea' id='block_1_113' title="bbox 2042 5222 3631 5295">
    <p class='ocr_par' dir='ltr' id='par_1_113' title="bbox 2042 5222 3631 5295">
     <span class='ocr_line' id='line_1_113' title="bbox 2042 5222 3631 5295; baseline -0.001 -18"><span class='ocrx_word' id='word_1_816' title='bbox 2042 5224 2191 5278; x_wconf 88' lang='lat' dir='ltr'><strong>ribus</strong></span> <span class='ocrx_word' id='word_1_817' title='bbox 2218 5223 2457 5291; x_wconf 82' lang='lat' dir='ltr'><strong>exponit.</strong></span> <span class='ocrx_word' id='word_1_818' title='bbox 2492 5222 2568 5278; x_wconf 92' lang='lat' dir='ltr'><strong>De</strong></span> <span class='ocrx_word' id='word_1_819' title='bbox 2604 5238 2765 5289; x_wconf 90' lang='lat' dir='ltr'><strong>anno,</strong></span> <span class='ocrx_word' id='word_1_820' title='bbox 2792 5238 2898 5295; x_wconf 92' lang='lat' dir='ltr'><strong>quo</strong></span> <span class='ocrx_word' id='word_1_821' title='bbox 2931 5222 3046 5277; x_wconf 72' lang='lat' dir='ltr'><strong>lucc</strong></span> <span class='ocrx_word' id='word_1_822' title='bbox 3076 5222 3413 5291; x_wconf 85' lang='lat' dir='ltr'><strong>pronuntiata</strong></span> <span class='ocrx_word' id='word_1_823' title='bbox 3441 5222 3631 5278; x_wconf 90' lang='lat' dir='ltr'><strong>concio</strong></span> 
     </span>
    </p>
   </div>
   <div class='ocr_carea' id='block_1_114' title="bbox 2043 5313 2875 5386">
    <p class='ocr_par' dir='ltr' id='par_1_114' title="bbox 2043 5313 2875 5386">
     <span class='ocr_line' id='line_1_114' title="bbox 2043 5313 2875 5386; baseline -0.001 -17"><span class='ocrx_word' id='word_1_824' title='bbox 2043 5315 2161 5377; x_wconf 80' lang='lat' dir='ltr'><strong>fuit,</strong></span> <span class='ocrx_word' id='word_1_825' title='bbox 2197 5313 2329 5368; x_wconf 86' lang='lat' dir='ltr'><strong>nihil</strong></span> <span class='ocrx_word' id='word_1_826' title='bbox 2354 5330 2578 5386; x_wconf 90' lang='lat' dir='ltr'><strong>prorsus</strong></span> <span class='ocrx_word' id='word_1_827' title='bbox 2598 5315 2875 5370; x_wconf 87' lang='lat' dir='ltr'><strong>habemus.</strong></span> 
     </span>
    </p>
   </div>
   <div class='ocr_carea' id='block_1_115' title="bbox 2115 5404 3627 5461">
    <p class='ocr_par' dir='ltr' id='par_1_115' title="bbox 2115 5404 3627 5461">
     <span class='ocr_line' id='line_1_115' title="bbox 2115 5404 3627 5461; baseline 0.001 -3"><span class='ocrx_word' id='word_1_828' title='bbox 2115 5404 2357 5460; x_wconf 76' lang='lat' dir='ltr'><strong>Homilite</strong></span> <span class='ocrx_word' id='word_1_829' title='bbox 2384 5406 2522 5461; x_wconf 71' lang='lat' dir='ltr'><strong>alite.</strong></span> <span class='ocrx_word' id='word_1_830' title='bbox 2558 5436 2632 5447; x_wconf 91' lang='lat'><strong>—</strong></span> <span class='ocrx_word' id='word_1_831' title='bbox 2659 5405 2939 5460; x_wconf 85' lang='lat' dir='ltr'><strong>Homiliam</strong></span> <span class='ocrx_word' id='word_1_832' title='bbox 2968 5405 3019 5459; x_wconf 93' lang='lat' dir='ltr'><strong>in</strong></span> <span class='ocrx_word' id='word_1_833' title='bbox 3051 5414 3207 5460; x_wconf 66' lang='lat' dir='ltr'><strong>terra:</strong></span> <span class='ocrx_word' id='word_1_834' title='bbox 3233 5414 3434 5459; x_wconf 91' lang='lat' dir='ltr'><strong>motum</strong></span> <span class='ocrx_word' id='word_1_835' title='bbox 3464 5404 3627 5459; x_wconf 88' lang='lat' dir='ltr'><strong>etiam</strong></span> 
     </span>
    </p>
   </div>
   <div class='ocr_carea' id='block_1_116' title="bbox 2039 5495 3619 5568">
    <p class='ocr_par' dir='ltr' id='par_1_116' title="bbox 2039 5495 3619 5568">
     <span class='ocr_line' id='line_1_116' title="bbox 2039 5495 3619 5568; baseline -0.003 -13"><span class='ocrx_word' id='word_1_836' title='bbox 2039 5497 2308 5555; x_wconf 90' lang='lat' dir='ltr'><strong>edidimus</strong></span> <span class='ocrx_word' id='word_1_837' title='bbox 2332 5498 2471 5555; x_wconf 88' lang='lat' dir='ltr'><strong>inter</strong></span> <span class='ocrx_word' id='word_1_838' title='bbox 2502 5499 2801 5554; x_wconf 88' lang='lat' dir='ltr'><strong>Conciones</strong></span> <span class='ocrx_word' id='word_1_839' title='bbox 2836 5497 2905 5553; x_wconf 88' lang='lat' dir='ltr'><strong>de</strong></span> <span class='ocrx_word' id='word_1_840' title='bbox 2935 5496 3139 5553; x_wconf 83' lang='lat' dir='ltr'><strong>Lazaro</strong></span> <span class='ocrx_word' id='word_1_841' title='bbox 3166 5495 3255 5565; x_wconf 82' lang='grc' dir='ltr'><strong>(Τ.</strong></span> <span class='ocrx_word' id='word_1_842' title='bbox 3282 5496 3337 5550; x_wconf 86' lang='lat'><strong>2.</strong></span> <span class='ocrx_word' id='word_1_843' title='bbox 3389 5512 3435 5548; x_wconf 81' lang='grc' dir='ltr'><strong>ε.</strong></span> <span class='ocrx_word' id='word_1_844' title='bbox 3467 5495 3619 5568; x_wconf 77' lang='lat' dir='ltr'><strong>7H),</strong></span> 
     </span>
    </p>
   </div>
   <div class='ocr_carea' id='block_1_117' title="bbox 2040 5588 3628 5663">
    <p class='ocr_par' dir='ltr' id='par_1_117' title="bbox 2040 5588 3628 5663">
     <span class='ocr_line' id='line_1_117' title="bbox 2040 5588 3628 5663; baseline -0.003 -15"><span class='ocrx_word' id='word_1_845' title='bbox 2040 5592 2127 5648; x_wconf 87' lang='lat' dir='ltr'><strong>ubi</strong></span> <span class='ocrx_word' id='word_1_846' title='bbox 2160 5591 2341 5645; x_wconf 90' lang='lat' dir='ltr'><strong>multis</strong></span> <span class='ocrx_word' id='word_1_847' title='bbox 2372 5600 2480 5646; x_wconf 91' lang='lat' dir='ltr'><strong>tum</strong></span> <span class='ocrx_word' id='word_1_848' title='bbox 2501 5590 2895 5663; x_wconf 88' lang='lat' dir='ltr'><strong>Cbrysostomi,</strong></span> <span class='ocrx_word' id='word_1_849' title='bbox 2921 5600 3029 5644; x_wconf 89' lang='lat' dir='ltr'><strong>tum</strong></span> <span class='ocrx_word' id='word_1_850' title='bbox 3059 5590 3283 5643; x_wconf 89' lang='lat' dir='ltr'><strong>aliorum</strong></span> <span class='ocrx_word' id='word_1_851' title='bbox 3311 5588 3628 5645; x_wconf 89' lang='lat' dir='ltr'><strong>testimoniis</strong></span> 
     </span>
    </p>
   </div>
   <div class='ocr_carea' id='block_1_118' title="bbox 2041 5681 3627 5755">
    <p class='ocr_par' dir='ltr' id='par_1_118' title="bbox 2041 5681 3627 5755">
     <span class='ocr_line' id='line_1_118' title="bbox 2041 5681 3627 5755; baseline 0 -17"><span class='ocrx_word' id='word_1_852' title='bbox 2041 5684 2384 5755; x_wconf 89' lang='lat' dir='ltr'><strong>probavimus</strong></span> <span class='ocrx_word' id='word_1_853' title='bbox 2432 5684 2767 5739; x_wconf 81' lang='lat' dir='ltr'><strong>Antiochiam</strong></span> <span class='ocrx_word' id='word_1_854' title='bbox 2797 5681 3166 5753; x_wconf 86' lang='lat' dir='ltr'><strong>frequentibus</strong></span> <span class='ocrx_word' id='word_1_855' title='bbox 3194 5691 3352 5737; x_wconf 77' lang='lat' dir='ltr'><strong>terra:</strong></span> <span class='ocrx_word' id='word_1_856' title='bbox 3394 5682 3627 5738; x_wconf 86' lang='lat' dir='ltr'><strong>motibus</strong></span> 
     </span>
    </p>
   </div>
   <div class='ocr_carea' id='block_1_119' title="bbox 2041 5773 3625 5845">
    <p class='ocr_par' dir='ltr' id='par_1_119' title="bbox 2041 5773 3625 5845">
     <span class='ocr_line' id='line_1_119' title="bbox 2041 5773 3625 5845; baseline -0.001 -14"><span class='ocrx_word' id='word_1_857' title='bbox 2041 5789 2347 5831; x_wconf 88' lang='lat' dir='ltr'><strong>succussam</strong></span> <span class='ocrx_word' id='word_1_858' title='bbox 2387 5775 2571 5841; x_wconf 85' lang='lat' dir='ltr'><strong>fuisse,</strong></span> <span class='ocrx_word' id='word_1_859' title='bbox 2617 5775 2955 5845; x_wconf 76' lang='lat' dir='ltr'><strong>maximeque</strong></span> <span class='ocrx_word' id='word_1_860' title='bbox 2983 5773 3356 5845; x_wconf 88' lang='lat' dir='ltr'><strong>Chrysostomi</strong></span> <span class='ocrx_word' id='word_1_861' title='bbox 3397 5788 3530 5827; x_wconf 76' lang='lat' dir='ltr'><strong>sevo.</strong></span> <span class='ocrx_word' id='word_1_862' title='bbox 3577 5773 3625 5829; x_wconf 92' lang='lat' dir='ltr'><strong>ls</strong></span> 
     </span>
    </p>
   </div>
   <div class='ocr_carea' id='block_1_120' title="bbox 2040 5870 3628 5942">
    <p class='ocr_par' dir='ltr' id='par_1_120' title="bbox 2040 5870 3628 5942">
     <span class='ocr_line' id='line_1_120' title="bbox 2040 5870 3628 5942; baseline 0 -15"><span class='ocrx_word' id='word_1_863' title='bbox 2040 5880 2216 5927; x_wconf 91' lang='lat' dir='ltr'><strong>autem</strong></span> <span class='ocrx_word' id='word_1_864' title='bbox 2250 5880 2408 5925; x_wconf 71' lang='lat' dir='ltr'><strong>terra:</strong></span> <span class='ocrx_word' id='word_1_865' title='bbox 2438 5880 2635 5937; x_wconf 89' lang='lat' dir='ltr'><strong>motus,</strong></span> <span class='ocrx_word' id='word_1_866' title='bbox 2667 5871 2733 5926; x_wconf 90' lang='lat' dir='ltr'><strong>de</strong></span> <span class='ocrx_word' id='word_1_867' title='bbox 2768 5886 2873 5942; x_wconf 92' lang='lat' dir='ltr'><strong>quo</strong></span> <span class='ocrx_word' id='word_1_868' title='bbox 2893 5885 3033 5926; x_wconf 92' lang='lat' dir='ltr'><strong>nunc</strong></span> <span class='ocrx_word' id='word_1_869' title='bbox 3058 5872 3253 5941; x_wconf 85' lang='lat' dir='ltr'><strong>agitur,</strong></span> <span class='ocrx_word' id='word_1_870' title='bbox 3287 5880 3410 5925; x_wconf 87' lang='lat' dir='ltr'><strong>tunc</strong></span> <span class='ocrx_word' id='word_1_871' title='bbox 3434 5870 3628 5927; x_wconf 81' lang='lat' dir='ltr'><strong>accidit</strong></span> 
     </span>
    </p>
   </div>
   <div class='ocr_carea' id='block_1_121' title="bbox 2044 5963 3629 6038">
    <p class='ocr_par' dir='ltr' id='par_1_121' title="bbox 2044 5963 3629 6038">
     <span class='ocr_line' id='line_1_121' title="bbox 2044 5963 3629 6038; baseline -0.001 -18"><span class='ocrx_word' id='word_1_872' title='bbox 2044 5980 2164 6021; x_wconf 89' lang='lat' dir='ltr'><strong>cum</strong></span> <span class='ocrx_word' id='word_1_873' title='bbox 2196 5963 2610 6037; x_wconf 74' lang='lat' dir='ltr'><strong>(lhrysoslomus</strong></span> <span class='ocrx_word' id='word_1_874' title='bbox 2633 5980 2774 6038; x_wconf 78' lang='lat' dir='ltr'><strong>:rger</strong></span> <span class='ocrx_word' id='word_1_875' title='bbox 2799 5966 2852 6022; x_wconf 93' lang='lat' dir='ltr'><strong>in</strong></span> <span class='ocrx_word' id='word_1_876' title='bbox 2873 5965 3016 6023; x_wconf 85' lang='lat' dir='ltr'><strong>lecto</strong></span> <span class='ocrx_word' id='word_1_877' title='bbox 3044 5966 3388 6023; x_wconf 89' lang='lat' dir='ltr'><strong>decumbcrct</strong></span> <span class='ocrx_word' id='word_1_878' title='bbox 3414 5982 3428 6019; x_wconf 89' lang='lat'><strong>:</strong></span> <span class='ocrx_word' id='word_1_879' title='bbox 3461 5967 3551 6037; x_wconf 87' lang='lat' dir='ltr'><strong>qui</strong></span> <span class='ocrx_word' id='word_1_880' title='bbox 3574 5977 3629 6021; x_wconf 89' lang='lat' dir='ltr'><strong>ut</strong></span> 
     </span>
    </p>
   </div>
  </div>
