4504 6700
861 602 960 658 158

860 718 1053 771 ardens
1075 727 1190 773 erat
1218 717 1391 771 studio
1430 718 1764 772 instituendas
1797 717 1984 785 plebis,
2018 726 2259 771 maestam
2290 714 2428 766 illam

861 821 1085 862 cernens
1133 808 1203 862 ob
1229 809 1558 877 ingruentem
1601 810 1976 872 calamitatem,
2026 808 2171 861 nullo
2211 804 2433 857 allectus

865 901 1034 954 morbi
1062 916 1241 966 sensu,
1274 902 1337 955 ad
1365 918 1576 973 gregem
1604 902 1869 956 advolavit
1897 919 1911 953 :
1942 901 2081 971 quod
2109 900 2321 972 quidem
2352 898 2440 952 ille

868 989 1039 1044 innuit
1071 1005 1191 1044 eum
1223 994 1294 1045 ait
1327 1011 1339 1046 :
1378 991 1524 1047 Verbi
1554 994 1786 1047 doctrina
1815 993 2165 1063 aegritudinem
2198 1006 2360 1044 meam
2390 990 2442 1041 in

865 1080 1050 1135 bonam
1079 1084 1410 1139 valetudinem
1448 1087 1677 1139 mulavit.
1706 1086 1831 1140 lla‘c
1872 1101 2033 1155 porro
2071 1085 2255 1140 concio
2294 1091 2442 1137 extra

873 1172 1057 1226 urbem
1087 1175 1136 1226 in
1164 1174 1337 1242 aliqua
1368 1176 1744 1241 ecclesiarum,
1773 1192 1904 1245 quas
1927 1177 2107 1246 populi
2128 1172 2446 1229 Antiocheni

875 1260 1067 1330 pietate
1096 1261 1237 1317 ducti
1268 1264 1693 1335 frequentabant,
1726 1265 1956 1319 habitam
1998 1266 2180 1328 fuisse,
2222 1262 2446 1318 suadent

876 1365 981 1405 non
1022 1367 1187 1421 pauca
1216 1353 1581 1427 Chrysostomi
1608 1357 1789 1421 verba,
1820 1357 1908 1425 qui
1946 1357 2195 1426 populum
2227 1369 2331 1408 non
2362 1369 2450 1408 se-

876 1440 986 1496 mel
1011 1441 1192 1497 laudat
1217 1444 1287 1498 ob
1315 1453 1615 1514 susceptum
1646 1446 1894 1500 audiendi
1937 1461 2093 1500 causa
2134 1444 2336 1498 itineris
2374 1445 2452 1497 la-

877 1533 1063 1589 borem
1099 1535 1321 1588 multum
1352 1544 1510 1607 atque
1535 1536 1806 1592 sudorem.
1854 1538 1907 1591 In
1951 1538 2096 1591 hunc
2136 1551 2261 1590 vero
2300 1545 2455 1590 terrtn

881 1635 1083 1682 motum
1108 1642 1167 1684 se
1200 1630 1361 1685 etiam
1391 1632 1563 1704 pridie
1587 1635 1958 1689 concinnatum
1996 1647 2113 1688 esse
2143 1632 2458 1687 testificatur

879 1716 1293 1788 Chrysostomus
1334 1723 1387 1778 in
1417 1723 1603 1778 eadem
1648 1724 1927 1779 concione.
1960 1725 2193 1791 Annum,
2232 1740 2337 1794 quo
2374 1723 2461 1779 hic

883 1815 1039 1863 teme
1064 1818 1240 1866 motus
1265 1814 1481 1881 accidit,
1520 1830 1587 1869 ne
1620 1816 1923 1884 conjectura
1949 1817 2161 1886 quidem
2192 1817 2461 1885 assignare

884 1910 1200 1964 possumus:
1233 1916 1300 1957 ex
1330 1903 1642 1973 mgritudine
1681 1920 1911 1973 namque
1938 1905 2304 1976 Chrysostomi
2345 1906 2463 1958 nul-

886 1988 991 2042 lam
1013 1991 1201 2045 calculi
1229 1995 1455 2060 ponendi
1498 2010 1683 2057 ansam
1720 2000 1957 2066 arripere
1987 1997 2106 2051 licet
2133 2015 2145 2049 :
2172 2012 2289 2049 nam
2321 1996 2467 2049 vale-

889 2078 1086 2135 tudinis
1105 2095 1213 2135 noa
1238 2091 1321 2136 sat
1352 2083 1522 2141 ﬁrma:
1541 2086 1642 2151 vir,
1666 2101 1808 2156 saepe
1834 2103 1952 2141 cum
1976 2086 2173 2140 morbis
2191 2084 2463 2139 conﬂicta-

886 2167 1065 2225 batur.

960 2260 1241 2319 llomiliam
1285 2266 1370 2320 cui
1397 2266 1574 2322 titulus
1603 2275 1687 2322 est
1721 2284 1735 2322 ε
1778 2268 1831 2321 in
1868 2267 1997 2322 illud
2026 2263 2113 2333 (T.
2149 2266 2203 2320 3.
2252 2279 2299 2316 c.
2329 2264 2390 2319 31
2422 2262 2464 2335 ),

891 2349 1068 2418 Pater,
1109 2356 1151 2408 si
1182 2357 1432 2425 possibile
1457 2368 1558 2425 est,
1581 2368 1816 2414 transeat
1853 2376 1882 2413 a
1912 2375 1996 2413 me
2022 2358 2157 2413 calix
2207 2358 2306 2412 iste
2331 2373 2347 2411 :
2377 2370 2469 2410 ve-

894 2456 1189 2500 rumtamen
1222 2464 1327 2503 non
1355 2450 1494 2505 sicut
1513 2467 1612 2520 ego
1634 2452 1774 2515 volo,
1804 2452 1897 2506 sed
1930 2453 2069 2505 sicut
2105 2460 2197 2504 tu:
2229 2460 2274 2503 et
2300 2457 2473 2502 contra

895 2533 1254 2593 Marcionistas
1279 2548 1328 2593 et
1355 2540 1687 2607 Maniclueos,
1718 2550 1765 2595 et
1792 2540 1929 2610 quod
1952 2542 2180 2611 ingerere
2198 2555 2249 2593 se
2277 2539 2473 2609 pericu-

894 2624 960 2679 lis
1002 2642 1102 2680 non
1142 2638 1391 2697 oporteat,
1424 2630 1514 2685 sed
1554 2632 1691 2685 omni
1733 2631 2001 2696 voluntati,
2050 2630 2146 2684 Dei
2175 2631 2474 2684 voluntatem

898 2718 1150 2788 anteferre
1174 2734 1194 2771 :
1233 2718 1395 2787 hanc,
1424 2722 1661 2792 inquam,
1711 2737 1779 2777 an
1819 2724 1959 2778 inter
2000 2722 2380 2786 Antiochenas,
2409 2736 2477 2774 an

901 2804 1040 2860 inter
1059 2806 1672 2879 Constantinopolitanas
1691 2826 1977 2868 accensere
1996 2822 2255 2882 Oporteat,
2276 2827 2382 2866 non
2407 2812 2479 2865 ita

899 2894 1055 2953 facile
1091 2907 1175 2954 est
1201 2902 1487 2970 augurari;
1531 2902 1731 2972 aliquid
1763 2912 1940 2958 tamen
1967 2903 2101 2957 lueis
2128 2918 2196 2957 ex
2243 2903 2327 2967 iis,
2359 2916 2479 2972 quae

905 2998 1025 3057 post
1042 2990 1359 3059 principium
1381 2992 1650 3059 dicuntur,
1669 3007 1767 3047 nos
1788 2992 2016 3047 mutuari
2038 3007 2193 3062 posse
2213 2999 2479 3062 putamus.

906 3077 983 3134 De
1011 3081 1280 3148 proposita
1320 3081 1549 3137 lectione
1591 3097 1752 3153 agens
1792 3082 2227 3153 Chrysostomus,
2270 3095 2478 3148 nempe,

904 3171 1085 3241 Pater,
1116 3174 1160 3227 si
1182 3174 1418 3244 possibile
1436 3184 1528 3240 est,
1557 3183 1778 3229 transeat
1797 3192 1829 3227 a
1856 3192 1936 3230 me
1958 3173 2096 3229 calix
2130 3175 2254 3227 iste:
2282 3188 2481 3226 verum-

909 3272 1077 3319 tamen
1126 3280 1227 3319 non
1250 3266 1378 3319 sicut
1411 3281 1503 3336 ego
1527 3267 1660 3329 uolo,
1707 3266 1795 3320 sed
1812 3266 1936 3320 sicut
1967 3275 2040 3331 tu,
2088 3265 2159 3318 ita
2196 3263 2427 3333 loquitur
2467 3278 2479 3314 :

905 3353 1052 3409 Nam
1073 3364 1122 3410 et
1141 3355 1325 3409 multos
1346 3371 1569 3425 quererere
1587 3354 1804 3409 arbitror
1822 3371 1920 3425 qua
1941 3355 2004 3408 de
2027 3369 2184 3407 causa
2208 3353 2314 3407 hac
2351 3352 2486 3405 dicta

908 3447 1011 3503 sint
1049 3464 1083 3501 a
1107 3446 1326 3513 Christo,
1358 3463 1419 3501 ac
1445 3447 1714 3503 uerisimile
1738 3456 1809 3503 est
1834 3462 1939 3515 eos,
1967 3446 2053 3516 qui
2090 3445 2299 3510 adsunt,
2329 3444 2490 3497 luere-

911 3540 1035 3594 ticos
1077 3540 1186 3594 hate
1209 3540 1359 3594 verba
1397 3541 1644 3609 accipere,
1688 3539 1967 3605 multosque
2008 3555 2071 3593 ea:
2106 3536 2491 3607 simplicioribus

914 3629 1154 3699 fratribus
1197 3631 1547 3698 supplantare.
1612 3629 1764 3684 Unde
1816 3630 1984 3698 liquet
2026 3628 2305 3682 haereticos
2348 3626 2489 3688 illos,

914 3721 1004 3788 qtti
1030 3719 1221 3774 Filium
1260 3721 1414 3775 Patre
1454 3721 1712 3775 minorem
1744 3720 1950 3789 ipsique
1992 3717 2304 3773 dissimilem
2350 3716 2495 3770 dice-

918 3810 1080 3873 bant,
1129 3824 1322 3878 nempe
1368 3811 1691 3874 Anommos,
1740 3808 2106 3879 Chrysostomi
2148 3806 2497 3862 concionibus

920 3900 1243 3954 interfuisse.
1290 3899 1419 3954 illud
1465 3910 1641 3955 autem
1671 3900 1975 3969 frequenter
2019 3898 2315 3953 Antiochia:
2360 3896 2499 3950 acci-

920 3990 1083 4057 disse,
1116 3992 1187 4046 ita
1215 3999 1273 4045 ttt
1300 4000 1589 4061 prmsentes
1622 3992 1899 4045 haereticos
1928 3992 2345 4061 Chrysostomus
2366 4002 2497 4042 con-

924 4082 1141 4143 futaret.
1190 4083 1304 4152 ipse
1341 4080 1541 4137 diserte
1582 4084 1656 4136 ait
1679 4083 1850 4137 Tomo
1891 4083 2063 4151 primo
2090 4080 2157 4135 de
2198 4079 2504 4149 lneompre—

926 4172 1171 4226 hensibili
1200 4181 1384 4228 contra
1409 4173 1699 4227 Anomteos
1727 4189 1775 4226 c.
1797 4170 1929 4224 707:
1956 4172 2292 4241 idipsumque
2320 4178 2503 4241 postea

926 4262 1227 4317 subindicat
1262 4278 1311 4317 c.
1346 4258 1479 4327 779,
1525 4272 1578 4316 et
1625 4271 1775 4325 seqq.
1801 4300 1816 4323 ,
1865 4262 1919 4314 itt
1962 4260 2078 4316 haec
2126 4262 2307 4329 verba,
2352 4262 2504 4330 queis

926 4350 1170 4407 Christus
1196 4352 1412 4407 Petrum
1440 4352 1654 4421 repulit,
1710 4349 1849 4406 Vade
1885 4361 1998 4421 post
2024 4368 2119 4416 me,
2142 4354 2368 4414 Satana,
2397 4362 2499 4406 etc.

933 4442 1137 4497 Eadem
1161 4458 1293 4513 pene
1315 4444 1450 4513 ipsa,
1479 4459 1597 4514 qua:
1622 4443 1731 4511 hic,
1755 4444 1912 4514 paulo
1938 4453 2058 4513 post
2085 4444 2289 4497 initium
2318 4444 2501 4509 babes,

930 4533 1228 4604 iisdemque
1287 4535 1394 4589 fere
1452 4535 1628 4590 verbis
1691 4543 2093 4590 commemorat.
2149 4534 2502 4601 Quamobrem

936 4628 1232 4696 putaverim
1280 4624 1417 4680 hanc
1454 4628 1723 4680 bomiliam
1752 4627 2048 4682 Antiochia:
2093 4626 2326 4682 habitam
2373 4626 2509 4680 fuis-

940 4731 1040 4781 se,
1094 4732 1194 4772 nec
1251 4717 1477 4770 fortasse
1524 4716 1613 4768 ditt
1666 4726 1787 4784 post
1824 4717 1940 4770 illas
1989 4726 2175 4771 contra
2220 4718 2511 4771 Anomoeos

934 4807 1222 4862 conciones
1270 4823 1282 4859 :
1329 4805 1469 4877 quod
1497 4817 1675 4861 tamen
1718 4820 1785 4861 ex
1810 4806 2116 4875 conjectura
2148 4815 2349 4859 tantum
2376 4807 2511 4860 dici-

940 4911 1081 4952 mus.

993 4988 1288 5044 Conciones
1301 4985 1621 5045 illasduas’n
1636 4985 2216 5059 huncPaulilocum(T-
2234 4986 2510 5060 5-6-1855).

944 5080 1179 5136 Salutate
1208 5077 1499 5132 Priscillam
1518 5079 1535 5147 (
1555 5078 1702 5131 Rom.
1733 5082 1820 5134 t6.
1846 5081 1912 5146 ὅ)
1933 5122 1945 5142 ,
1987 5090 2088 5134 etc.
2113 5120 2128 5145 ,
2149 5094 2213 5135 ex
2245 5078 2516 5134 verisimili

945 5172 1249 5240 conjectura
1274 5171 1570 5227 Antiochia:
1600 5170 1804 5225 habitas
1834 5173 1992 5226 fuisse
2013 5179 2275 5239 putamus.
2306 5172 2515 5226 Etenim

950 5264 1097 5318 illum
1126 5264 1298 5319 adhuc
1324 5266 1377 5319 in
1403 5262 1700 5335 presbyteri
1725 5262 1911 5319 ordine
1940 5262 2100 5316 fuisse
2117 5263 2323 5315 videtur
2342 5278 2406 5316 ex
2433 5262 2517 5324 iis,

947 5370 1066 5426 qua:
1090 5353 1159 5411 de
1177 5354 1537 5410 sacerdotibus
1563 5354 1735 5423 istius,
1764 5353 1816 5408 in
1845 5367 1945 5423 qua
1971 5351 2227 5421 degebat,
2253 5349 2401 5404 urbis
2425 5351 2525 5402 ali-

949 5456 1079 5516 quot
1116 5447 1168 5503 in
1197 5446 1327 5502 locis
1356 5446 1461 5511 ait,
1504 5447 1732 5501 maxime
1756 5460 1883 5501 vero
1912 5445 1966 5498 itt
2008 5440 2239 5497 secunda
2279 5455 2423 5494 num.
2452 5439 2522 5494 5:

954 5539 1041 5593 ubi
1065 5538 1332 5593 auditores
1352 5551 1597 5606 carpens,
1629 5538 1764 5604 quod
1786 5536 1998 5605 quidam
2019 5547 2204 5589 eorum
2226 5530 2527 5585 sacerdmcs

958 5630 1164 5701 probris
1189 5640 1243 5684 et
1264 5629 1516 5684 conviciis
1544 5636 1857 5692 onerarent,
1887 5625 1975 5679 alii
2015 5638 2142 5677 vero
2168 5621 2280 5676 hate
2307 5619 2525 5675 audien-

956 5730 1058 5788 tes,
1090 5719 1375 5774 maledicos
1421 5720 1543 5774 illos
1587 5733 1693 5771 non
1717 5722 2147 5785 compescerent,
2183 5712 2300 5766 talia
2348 5710 2525 5766 fatur:

962 5810 1097 5875 Quid
1134 5809 1235 5863 illis
1278 5810 1426 5878 fuerit
1463 5807 1681 5870 beatius,
1724 5804 1845 5872 quid
1888 5812 2051 5858 autem
2079 5801 2216 5857 nobis
2264 5799 2531 5855 miserius?

963 5900 1376 5969 Quandoquidem
1404 5902 1479 5953 illi
1507 5899 1799 5970 sanguinem
1828 5907 1873 5952 et
1897 5898 2116 5950 animam
2146 5914 2235 5963 pro
2262 5903 2535 5967 pracepto-

958 5994 1096 6049 rtbus
1127 5992 1531 6065 profundebant;
1564 6006 1653 6045 nos
1681 6000 1839 6044 autem
1870 6006 2024 6060 neque
2050 5992 2250 6044 verbum
2276 6003 2366 6059 pro
2393 6001 2531 6040 com-

1940 605 1997 659 S.
2037 601 2313 658 JOANNlS
2348 598 2815 655 CllllYSOSTOlll
2857 598 3035 664 νιτΑ,

4008 592 4102 646 Ηῗδ

2541 715 2767 769 munibus
2798 712 3019 781 patribus
3047 716 3263 766 emittere
3288 712 3525 765 audemus
3546 748 3561 773 ,
3588 722 3671 759 sca
3698 723 3809 758 cum
3849 709 4109 760 audiamus

2543 811 2612 861 eis
2650 806 2897 869 maledici,
2928 814 2974 857 et
2994 805 3226 858 conviciis
3247 821 3329 858 eos
3358 800 3673 858 dehonestari
3708 806 3754 850 et
3791 815 3821 849 a
3857 801 3960 853 suis
3980 809 4025 853 et
4053 800 4111 851 ab

2544 900 2743 963 alienis,
2774 896 3040 951 maledicos
3071 912 3224 965 neque
3252 895 3604 964 compescimus
3626 933 3639 951 ,
3670 905 3822 954 neque
3848 891 4114 954 reprehen-

2547 992 2732 1055 dimus,
2762 1006 2916 1059 neque
2940 987 3273 1058 prohibemus.
3306 990 3426 1042 Ιιωε
3446 994 3585 1041 certe
3607 999 3710 1038 non
3739 980 3981 1033 videntur
4001 994 4118 1034 ease

2549 1081 2688 1135 dicta
2717 1080 3074 1152 Chrysostomi
3100 1077 3207 1146 jam
3243 1079 3474 1148 episcopi
3500 1095 3512 1130 :
3545 1087 3715 1143 neque
3757 1070 3897 1124 enim
3928 1068 4046 1129 ille,
4076 1071 4119 1122 si

2552 1176 2831 1245 episcopus
2861 1174 3075 1235 fuisset,
3118 1172 3450 1235 sacerdotes,
3490 1173 3577 1241 qui
3618 1166 3866 1223 conviciis
3906 1164 4123 1233 impete-

2555 1268 2766 1332 buntur,
2797 1279 3103 1322 communes
3137 1270 3314 1330 patres
3340 1263 3675 1332 appellasset.
3710 1259 3762 1312 In
3792 1256 3935 1310 hisee
3971 1270 4125 1325 porro

2555 1357 2761 1411 duabus
2791 1358 3020 1413 homiliis
3045 1355 3095 1409 id
3132 1354 3496 1407 demonstrare
3526 1353 3726 1415 nititur,
3756 1348 3895 1417 quod
3926 1355 3978 1401 et
4003 1344 4127 1398 alibi

2559 1447 2882 1515 frequenter,
2912 1447 3156 1502 nimirum
3200 1444 3601 1513 inscriptiones,
3641 1440 3852 1496 nomina
3882 1437 4124 1507 propria,

2561 1536 2926 1602 salutationes,
2955 1537 3187 1603 aliasque
3212 1534 3550 1602 quantumvis
3579 1530 3820 1586 minimas
3844 1527 4130 1594 Scriptura:

2562 1641 2729 1681 sacrm
2756 1627 3060 1695 particulas,
3110 1639 3211 1676 non
3254 1635 3671 1691 supervacaneas
3690 1662 3703 1683 ,
3733 1617 3826 1672 sed
3854 1616 4132 1685 diligenter

2563 1719 2906 1774 excutiendas
2934 1734 3071 1774 esse.
3099 1715 3231 1769 Cum
3274 1730 3400 1769 vero
3439 1713 3804 1782 inscriptiones
3831 1717 3885 1764 et
3923 1707 4134 1761 nomina

2564 1810 2775 1879 propria
2798 1816 3180 1866 commemorat
3208 1806 3356 1860 initio
3381 1806 3625 1862 secunda:
3650 1804 3868 1858 dicens:
3899 1799 4037 1853 Num
4056 1798 4137 1851 di-

2564 1901 2757 1955 dicistis
2780 1903 3125 1971 inscriptiones
3152 1907 3199 1953 et
3228 1897 3430 1950 nomina
3455 1907 3499 1949 et
3519 1897 3767 1964 simplices
3792 1896 4135 1955 salutationes,

2566 1992 2827 2061 diligenter
2872 1995 2924 2045 in
2969 1989 3244 2060 Scripturis
3289 1986 3648 2041 excutiendas?
3694 2000 3846 2047 cum,
3892 1984 4139 2051 inquam,

2568 2080 2941 2150 inscriptiones
2970 2090 3022 2136 et
3043 2080 3253 2134 nomina
3272 2119 3284 2140 ,
3321 2077 3370 2129 id
3394 2084 3476 2129 est
3500 2073 3712 2127 nomina
3728 2072 3961 2141 prppria,
3989 2085 4141 2123 com-

2568 2181 2857 2237 memorat,
2890 2172 3224 2227 subindicare
3254 2180 3469 2238 prorsus
3497 2163 3704 2216 videtur
3732 2160 3975 2213 homilias
4012 2172 4145 2226 quas

2570 2263 2637 2318 de
2667 2264 3011 2332 inscriptione
3036 2264 3307 2323 Actorum,
3335 2258 3505 2326 deque
3530 2253 3646 2307 aliis
3670 2251 3952 2318 Scriptura:
3980 2261 4147 2299 sacrze

2572 2352 3027 2421 inscriptionibus,
3064 2365 3267 2404 necnon
3297 2357 3520 2417 quatuor
3544 2344 3693 2403 alias,
3721 2355 3853 2408 quas
3880 2337 3945 2390 de
3972 2337 4148 2389 nomi-

2574 2444 2733 2499 nibus
2759 2442 2845 2497 vel
2872 2442 2939 2497 de
2982 2442 3273 2495 mutatione
3304 2438 3573 2492 nominum
3613 2429 3907 2486 Antiochia:
3950 2425 4149 2479 habue-

2575 2544 2696 2590 rat:
2724 2533 2864 2589 unde
2888 2533 3045 2587 etiam
3070 2532 3272 2586 eruitur
3295 2528 3455 2581 hasce
3481 2523 3723 2579 homilias
3742 2516 4034 2573 Antiochiae
4058 2515 4153 2567 ha-

2577 2624 2715 2679 bitas
2740 2624 2921 2678 fuisse.

2651 2716 2736 2770 ιιι».
2767 2713 3172 2784 Cltrysostumus
3198 2710 3287 2779 (Τ.
3314 2710 3367 2764 '5.
3410 2723 3454 2758 c.
3477 2703 3645 2776 261),
3689 2702 3778 2773 qui
3809 2714 3913 2755 non
3942 2712 4155 2766 semper

2581 2805 2965 2871 extemporales
2985 2802 3167 2855 habuit
3186 2799 3488 2859 conciones,
3510 2794 3790 2849 Homiliam
3815 2790 3881 2844 de
3906 2789 4157 2843 Eleemo‘

2583 2911 2712 2967 syna
2736 2895 2886 2958 dixit,
2914 2892 3193 2947 occasione
3220 2888 3580 2943 mendicorum
3606 2894 3658 2939 et
3686 2894 3992 2951 egenorum,
4022 2890 4161 2945 quos

2586 2987 2776 3042 hiemis
2802 2995 3039 3053 tempore
3063 2982 3330 3050 jacentes,
3362 2994 3483 3034 eum
3516 2992 3608 3046 per
3633 2974 3805 3028 forum
3832 2980 3883 3024 et
3907 2967 4159 3035 angiporo

2587 3090 2668 3135 tus
2708 3078 2775 3132 ad
2812 3076 3089 3132 ecclesiam
3121 3080 3395 3143 pergeret,
3434 3075 3725 3137 repererat.
3754 3063 3905 3117 Hunc
3933 3059 3997 3113 ad
4027 3071 4161 3112 con-

2585 3168 2902 3225 cionandum
2931 3173 3237 3235 apparatum
3258 3203 3273 3228 ,
3308 3161 3431 3215 dum
3471 3159 3570 3213 iter
3597 3157 3821 3216 faceret,
3848 3146 4160 3209 adornavit,

2586 3273 2641 3317 et
2665 3262 2801 3314 hanc
2827 3259 2895 3313 de
2920 3257 3252 3325 eleemosyna
3280 3252 3586 3307 concionem
3612 3245 3958 3314 improvisator
3984 3246 4167 3291 orator

2588 3348 2964 3421 pronuntiavit.
2991 3343 3283 3400 Antiochiae
3307 3348 3481 3395 autem
3506 3336 3738 3391 habitam
3760 3332 3920 3387 fuisse
3946 3329 4165 3390 indicat,

2591 3457 2696 3498 non
2729 3441 2888 3495 modo
2913 3453 3032 3493 cum
3057 3438 3149 3494 ait.
3179 3451 3236 3489 se
3267 3448 3359 3503 per
3387 3432 3554 3486 forum
3582 3438 3635 3483 et
3660 3427 3964 3495 angiportus
3986 3421 4165 3475 eccle-

2593 3534 2725 3589 siam
2753 3531 2987 3600 petiisse,
3013 3526 3105 3581 sed
3126 3526 3301 3589 etiam,
3326 3532 3381 3576 et
3398 3522 3554 3589 longe
3576 3516 3793 3582 clarius,
3813 3513 3901 3567 tibi
3922 3511 3992 3564 ait
4016 3525 4166 3563 nunt.

2597 3623 2651 3689 6,
2678 3636 2799 3678 cum
2833 3622 3001 3673 fames
3027 3616 3209 3671 orbem
3237 3614 3483 3668 invasura
3511 3614 3671 3672 esset,
3699 3605 3851 3659 istam
3877 3601 4167 3661 civitatem,

2596 3727 2790 3782 nempe
2815 3707 3147 3765 Antiochiam
3168 3747 3182 3770 ,
3230 3719 3323 3773 per
3346 3699 3637 3756 Barnabam
3678 3704 3732 3750 et
3758 3693 3986 3782 Saultth
4011 3704 4175 3782 pecn-

2599 3780 3130 3870 nias'Jerosolymam
3178 3795 3405 3861 misisse.
3452 3790 3526 3844 De
3572 3800 3712 3841 anno
3749 3794 3929 3839 autem
3974 3780 4175 3833 habitas

2602 3893 2873 3950 concionis
2898 3890 3025 3946 nihil
3052 3884 3330 3942 dicendum
3354 3880 3603 3951 suppetit.

2678 3982 2930 4037 llomilias
2953 3991 3058 4034 tres
3085 3989 3304 4032 numero
3331 3972 3511 4026 habuit
3534 3970 3944 4038 Chrysostomus
3966 3961 4016 4014 in
4046 3957 4179 4012 illud

2606 4074 2845 4144 Apostoli
2872 4071 2961 4142 (Τ.
2993 4073 3043 4127 5.
3069 4087 3116 4126 e.
3144 4069 3240 4122 271
3267 4065 3285 4136 )
3332 4086 3346 4121 :
3380 4062 3633 4118 Habentes
3675 4058 3901 4113 eumdem
3941 4053 4177 4144 spiritum

2608 4142 2683 4238 (27.
2711 4164 2827 4221 Cor.
2855 4164 2909 4218 4.
2950 4161 3069 4231 15),
3099 4168 3201 4213 etc.
3234 4152 3528 4210 Antiochiae
3557 4164 3683 4204 vero
3723 4145 3927 4199 habitas
3975 4142 4174 4238 fuisse,

2607 4229 2827 4313 suadent
2855 4269 2918 4309 ea
2953 4229 3071 4323 qua:
3094 4250 3220 4305 dicit
3248 4247 3315 4301 de
3341 4240 3615 4299 monachis
3639 4237 3889 4291 verticem
3918 4229 4180 4285 montium

2609 4320 3014 4418 occupantibus,
3059 4350 3407 4408 asperumque
3430 4332 3551 4384 vitae
3578 4327 3837 4382 rationem
3863 4320 4142 4391 agentibus
4161 4359 4177 4383 ,

2608 4412 2892 4510 quos-sane
2917 4432 3204 4488 monachos
3225 4428 3277 4480 in
3308 4417 3647 4477 Antiochenis
3665 4412 4002 4470 eoneionibus
4026 4422 4180 4463 com-

2613 4501 2911 4585 memorare
2939 4523 3106 4581 solet,
3158 4529 3310 4571 secus
3358 4512 3409 4565 in
3453 4503 4066 4574 Constantinopolitanis.
4101 4501 4180 4553 An

2612 4612 2977 4688 Cltrysostonti
3021 4622 3145 4661 vere
3186 4605 3292 4658 sint
3333 4602 3414 4655 hat
3443 4598 3702 4661 homilire,
3740 4607 3899 4649 ausus
3926 4600 4006 4648 est
4018 4589 4183 4688 quis-

2617 4678 2756 4776 piam
2779 4702 3039 4763 dubitare,
3063 4710 3179 4750 cum
3203 4702 3377 4747 tamen
3398 4689 3583 4761 stylus,
3607 4686 3786 4749 dictio,
3809 4691 3989 4751 tropus
4013 4678 4185 4776 Chry-

2618 4768 2908 4850 sostomum
2939 4789 3237 4859 loquentem
3268 4781 3512 4853 prodant.
3546 4774 3825 4833 Dubitaudi
3866 4784 4039 4827 causa:
4070 4768 4185 4859 viro

2620 4883 2852 4954 alioquin
2899 4857 3054 4936 docto
3102 4874 3400 4946 bujusmodi
3449 4872 3640 4924 fuere:
3683 4861 3826 4954 quod
3864 4874 4053 4954 nempe
4098 4857 4189 4954 hic

2620 4948 2959 5033 concionator
2985 4970 3130 5025 hom.
3161 4969 3210 5031 1,
3243 4982 3297 5019 n.
3328 4966 3383 5029 5,
3428 4953 3862 5028 Semipelagianis
3903 4949 4079 5003 favere
4104 4948 4186 5000 vi-

2620 5070 2824 5133 deatur,
2852 5080 2973 5120 cum
2995 5062 3122 5117 dicit
3147 5059 3213 5114 de
3238 5057 3386 5112 initio
3407 5052 3528 5107 lidei
3557 5050 3815 5117 loquens:
3850 5041 4026 5110 Neque
4057 5042 4189 5093 enim

2622 5161 2759 5215 Deus
2777 5198 2792 5223 ,
2820 5172 2977 5227 neque
3011 5153 3234 5225 Spiritus
3258 5148 3421 5220 gratia
3454 5151 3677 5197 nostrum
3705 5134 3935 5207 prmenit
3957 5135 4188 5202 proposi-

2625 5264 2765 5316 tum;
2808 5249 2895 5304 sed
2920 5245 3114 5302 etiamsi
3153 5251 3320 5304 vocet,
3364 5239 3617 5304 exspectat
3644 5237 3806 5281 tamen
3835 5235 3889 5280 ut
3928 5235 4102 5293 sponte
4141 5234 4191 5279 et

2628 5341 2834 5413 propria
2861 5340 3115 5393 voluntate
3144 5330 3473 5391 accedamus;
3502 5339 3559 5375 ac
3585 5330 3688 5373 tum
3716 5319 3940 5383 demum,
3972 5334 4083 5370 cum
4108 5335 4195 5370 ac-

2628 5407 2943 5497 cesserimus,
2988 5428 3128 5487 nobis
3161 5437 3308 5475 suum
3349 5427 3503 5470 totum
3544 5411 3734 5466 exhibet
3777 5409 4042 5463 auxilium.
4086 5407 4191 5464 Sed

2631 5517 3151 5579 animadvertendum
3180 5519 3278 5573 est,
3312 5504 3450 5576 quod
3475 5519 3592 5558 eum
3622 5516 3705 5567 ea,
3738 5516 3856 5570 qua:
3882 5500 3947 5555 ad
3973 5500 4192 5570 gratiam

2632 5614 2958 5687 spectabant,
2982 5604 3214 5662 nondum
3236 5600 3287 5653 in
3310 5594 3720 5652 centroversiam
3750 5602 3928 5646 vocata
3951 5590 4190 5650 fuissent,

2635 5680 2739 5762 non
2791 5710 2941 5759 erant
2987 5712 3048 5752 ea
3088 5691 3244 5748 certis
3276 5702 3460 5741 vocum
3487 5684 3737 5738 limitibus
3768 5680 4191 5746 circumscripta;

2639 5812 2807 5867 neque
2853 5794 3043 5846 mirum
3070 5827 3085 5851 ,
3139 5782 3184 5837 si
3223 5787 3661 5846 extemporaneus
3704 5786 3901 5837 orator,
3948 5771 4014 5827 ad
4062 5769 4195 5821 bona

2642 5882 2936 5958 peragenda
2967 5877 3233 5932 concitare
3260 5870 3463 5933 volens,
3492 5868 3609 5922 talia
3645 5867 3919 5937 proferret,
3949 5873 4065 5931 qua:
4094 5867 4196 5950 non

2644 5954 2710 6033 ad
2742 5954 2987 6032 trutinam
3019 5976 3139 6021 ante
3167 5962 3572 6022 examinavcrat.
3604 5958 3657 6014 lu
3688 5959 3769 6012 his
3806 5955 3960 6010 etiam
3986 5954 4199 6002 00||619~
