4504 6726
368 530 467 587 157

367 651 555 715 uibus,
602 648 655 705 in
701 652 925 727 aliisque
954 654 1203 724 operibus
1233 666 1337 707 non
1387 668 1551 722 pauca
1591 656 1749 723 dicit,
1796 657 1946 728 queis

366 741 621 811 probatur
650 744 823 815 ipsum
852 745 1125 802 censuisse
1151 743 1220 797 ad
1259 745 1463 800 initium
1510 746 1628 803 fidei
1650 792 1662 815 ,
1694 752 1944 803 auxilium

368 832 460 887 Dei
499 850 619 892 esse
664 836 1046 893 necessarium.
1079 833 1274 889 Verum
1301 835 1436 893 alius
1459 839 1525 893 ad
1555 839 1668 895 hcce
1710 840 1949 910 pluribus

366 931 636 986 tractanda
660 931 815 987 nobis
833 937 915 984 est
943 928 1263 985 constitutus
1285 930 1453 988 locus.
1477 934 1649 988 Aliam
1673 933 1944 991 dubitandi

363 1032 579 1075 causam
610 1020 765 1076 ell'ert
808 1018 855 1071 is
884 1018 1030 1087 ipse,
1062 1019 1150 1089 qui
1181 1022 1408 1090 priorem
1442 1024 1660 1094 protulit
1698 1041 1710 1074 :
1741 1022 1840 1076 sub
1868 1021 1951 1077 ir?-

367 1111 514 1168 itium
541 1111 772 1167 bomilia:
796 1110 968 1165 tertia:
995 1110 1189 1169 dicitur
1212 1130 1241 1168 τι
1260 1115 1407 1171 Pauli
1438 1125 1678 1185 tempore
1694 1114 1948 1183 quingen~

367 1214 448 1259 tos
474 1218 642 1259 annos
668 1201 879 1271 elapsos
906 1217 1047 1272 esse,
1074 1221 1191 1275 qum
1217 1208 1373 1278 longe
1397 1208 1750 1262 recentiorem
1775 1204 1946 1279 Chry-

366 1304 605 1349 sostomo
629 1300 902 1348 auctorem
931 1307 1171 1366 arguant.
1223 1299 1358 1353 Hinc
1383 1312 1511 1353 vero
1541 1296 1737 1350 nullam
1772 1295 1947 1350 ali'crri

364 1380 641 1440 dubitandi
682 1397 897 1439 causam
940 1388 1117 1442 statim
1160 1388 1401 1443 advertet
1447 1385 1686 1456 quisquis
1736 1387 1947 1442 lectioni

365 1476 734 1546 Chrysostomi
774 1488 1020 1535 assuetus
1066 1492 1382 1551 perpetuam
1429 1478 1548 1548 ejus
1587 1478 1639 1532 in
1686 1493 1945 1535 annorum

366 1566 584 1622 calculis
614 1569 988 1641 negligentiam
1018 1572 1401 1627 observaverit.
1428 1569 1517 1625 Sic
1544 1585 1648 1625 non
1670 1571 1832 1626 semel
1860 1572 1948 1626 ille

366 1672 535 1713 annos
564 1660 887 1733 quingentos
927 1672 1205 1719 enumerat
1230 1678 1260 1716 a
1288 1672 1555 1731 postrema
1590 1662 1769 1729 templi
1798 1662 1951 1717 Jcro-

364 1749 669 1820 solymitani
712 1753 1101 1820 destructione,
1144 1767 1262 1823 qua:
1304 1752 1505 1823 aliquot
1532 1752 1685 1805 annis
1723 1763 1946 1805 mortem

366 1840 514 1894 Pauli
536 1843 855 1915 subsequuta
879 1854 980 1899 est.
1006 1845 1094 1900 Sic
1117 1853 1171 1900 et
1186 1844 1312 1899 alibi
1335 1845 1530 1913 passim
1551 1844 1945 1907 anaclironismi,

365 1930 418 1983 in
441 1932 698 2002 scriptore
719 1950 910 2005 nempe
927 1945 1221 2006 tempta-um
1242 1936 1501 1990 rationem
1525 1950 1707 2005 parum
1727 1950 1833 1991 cur.
1842 1944 1947 1991 rute

364 2021 859 2093 deprehenduntur.

439 2113 897 2184 Elegantissimam
925 2116 1235 2171 concionem
1270 2115 1356 2186 (T.
1389 2117 1442 2170 5.
1483 2130 1532 2168 c.
1561 2116 1708 2181 547),
1742 2117 1803 2168 de
1834 2114 1939 2167 Fu-

366 2213 592 2257 turorwn
635 2205 846 2269 deliciis,
894 2215 999 2260 etc.
1023 2248 1037 2270 ,
1088 2205 1272 2260 habuit
1312 2205 1724 2276 Chrysostomus
1762 2205 1948 2260 Antio-

362 2294 498 2348 chia:
516 2337 531 2360 ,
559 2304 618 2349 ut
645 2296 886 2364 arguitur
910 2312 974 2349 ex
1003 2296 1069 2349 iis
1092 2338 1106 2361 ,
1134 2312 1252 2362 quze
1292 2297 1391 2348 sub
1417 2296 1623 2350 initium
1671 2296 1943 2358 dicuntur,

363 2399 554 2453 nempe
576 2384 640 2436 ad
672 2385 811 2438 hunc
841 2394 1136 2454 martyrum
1162 2385 1331 2439 locum
1360 2385 1610 2454 populum
1638 2385 1946 2439 ventitasse.

362 2477 526 2529 Extra
555 2475 740 2530 urbem
784 2491 981 2546 nempe
1004 2486 1119 2531 erat
1144 2476 1368 2532 ecclesia
1415 2485 1631 2547 propter
1656 2486 1946 2546 martyrum

365 2568 634 2637 Reliquias
672 2567 1037 2638 frequentata,
1070 2584 1175 2639 quo
1201 2569 1490 2639 pergebant
1534 2569 1710 2639 populi
1740 2569 1947 2639 pietatis

361 2675 542 2723 causa,
571 2670 625 2715 et
646 2661 736 2716 ubi
759 2661 1066 2731 frequenter
1083 2661 1367 2716 conciones
1389 2660 1740 2727 habebantur,
1766 2670 1822 2715 ut
1837 2660 1945 2730 jam

362 2766 468 2804 non
514 2752 683 2805 semel
723 2752 973 2806 vidimus.
1004 2751 1121 2819 Quo
1172 2759 1351 2806 autem
1397 2766 1540 2807 anno
1585 2751 1723 2806 dicta
1769 2752 1840 2806 sit
1878 2766 1943 2806 ex

362 2842 505 2896 nulla
534 2850 658 2896 nota
684 2843 897 2912 assequi
925 2856 1227 2912 possumus.

433 2933 889 2989 Commentarium
942 2931 1042 3002 (Τ.
1092 2934 1166 3003 5)
1213 2932 1566 3001 homiliasque
1610 2933 1663 2985 in
1705 2931 1946 2985 Psalmos

361 3024 663 3081 Antiochia:
700 3026 943 3080 emisisse
981 3024 1417 3096 Chrysostomum
1464 3033 1668 3078 certum
1696 3022 1943 3077 videtur:

360 3132 497 3188 opus
538 3116 811 3188 egregium
862 3124 918 3171 et
962 3116 1103 3170 inter
1147 3115 1582 3184 prmstantisima
1628 3113 1742 3183 ejus
1785 3128 1944 3183 opera

362 3208 806 3279 computandum,
834 3216 895 3262 ut
920 3207 1089 3263 cuivis
1114 3207 1309 3277 legenti
1337 3206 1509 3277 palam
1535 3205 1658 3260 erit.
1689 3203 1948 3275 Opinatur

360 3300 762 3365 Tillemontius,
819 3298 918 3354 bos
956 3299 1012 3353 in
1056 3297 1295 3353 Psalmos
1342 3310 1621 3353 sermones
1666 3295 1946 3365 scripsisse

360 3390 834 3461 Chiysostomum,
886 3402 985 3443 nec
1028 3388 1433 3442 concionantem
1482 3388 1534 3440 in
1584 3395 1724 3441 cmtu
1766 3386 1944 3455 populi

361 3480 665 3550 protulisse.
697 3478 754 3534 ια
781 3492 939 3544 vero,
966 3486 1025 3533 ut
1050 3485 1132 3533 est
1159 3478 1210 3531 in
1242 3476 1444 3547 judicio
1473 3476 1695 3531 ferendo
1718 3485 1905 3531 cautus
1925 3516 1940 3541 ,

360 3571 709 3627 subdubitans
735 3579 939 3626 tantum
983 3568 1242 3625 enuntiat.
1270 3567 1395 3623 Mihi
1435 3582 1562 3622 vero
1590 3581 1741 3622 secus
1771 3567 1940 3620 visum

359 3671 460 3716 est.
493 3662 548 3715 ln
575 3661 660 3717 his
688 3661 831 3716 enim
858 3660 1193 3715 sermonibus
1219 3659 1413 3730 passim
1442 3659 1692 3728 populum
1721 3657 1944 3726 alloqui-

361 3766 468 3818 tur,
498 3754 725 3823 taliaque
750 3754 987 3808 enuntiat
1006 3794 1022 3820 ,
1063 3768 1181 3823 qua:
1203 3751 1537 3807 concionanti
1568 3758 1768 3805 tantum
1794 3763 1940 3803 com-

358 3856 543 3919 petere
569 3843 805 3913 possint,
857 3852 914 3898 ut
950 3843 1130 3900 videas
1171 3843 1224 3898 in
1268 3841 1585 3898 Praafatioue
1612 3841 1679 3895 ad
1717 3840 1938 3895 Tumum

358 3940 625 4010 quintum.
654 3936 733 3991 Ad
761 3952 969 3992 morum
999 3936 1333 4005 disciplinam
1362 3935 1414 3988 hi
1442 3933 1810 3989 commentarii
1840 3931 1938 3986 ad-

355 4028 578 4084 modum
603 4028 888 4098 opportuni
933 4036 1095 4081 sunt:
1127 4026 1331 4081 nullum
1382 4024 1586 4080 ethices
1616 4032 1938 4094 praeceptum

358 4122 448 4177 hic
490 4135 596 4175 non
648 4118 908 4175 offendas.
942 4118 1236 4173 Occasione
1264 4124 1471 4188 sumpta
1516 4131 1579 4169 ex
1608 4113 1937 4169 Psalmorum

356 4211 686 4282 argumentis
706 4252 721 4277 ,
748 4226 908 4266 omne
928 4211 1179 4264 virtutum
1208 4222 1374 4278 genus
1399 4208 1486 4261 hic
1513 4204 1933 4272 commendatur,

356 4307 483 4360 vitia
503 4302 680 4359 omnia
700 4304 1034 4373 exagitantur
1056 4319 1069 4354 :
1098 4300 1354 4370 exemplis
1374 4297 1755 4369 frequentibus,
1778 4297 1937 4352 modo

356 4394 661 4467 fugiendum
701 4402 1009 4463 peccatum,
1049 4391 1208 4447 modo
1236 4389 1654 4461 amplectendam
1686 4389 1934 4443 virtutem

356 4502 479 4543 esse
504 4483 774 4539 suadetur.

430 4574 723 4634 Antiochia:
750 4574 947 4630 dictam
976 4572 1327 4644 probabiliter
1372 4582 1618 4643 putamus
1664 4569 1933 4625 homiliam

355 4671 441 4727 cui
473 4669 652 4725 titulus
681 4665 767 4738 (T.
800 4667 852 4722 5.
879 4680 922 4718 c.
950 4662 1088 4730 519)
1112 4681 1126 4717 :
1162 4663 1387 4719 Houtilia
1426 4663 1595 4717 habita
1622 4662 1673 4715 in
1701 4675 1935 4731 magnam

360 4760 762 4827 Hebdomadam,
792 4758 846 4811 in
870 4772 967 4825 qua
990 4754 1197 4807 docetur
1215 4770 1305 4807 cur
1323 4771 1382 4807 ea
1401 4771 1585 4825 magna
1610 4751 1935 4808 "ebdomada

354 4854 662 4923 appelletur,
700 4858 747 4904 et
774 4850 827 4903 in
862 4848 992 4901 illud
1010 4887 1024 4907 ,
1057 4843 1236 4899 Lauda
1264 4846 1439 4899 anima
1468 4861 1585 4900 mea
1616 4845 1895 4900 Dominum
1916 4885 1931 4909 ,

354 4962 416 4997 ac
442 4945 505 4998 de
528 4942 734 4997 custode
758 4938 970 4994 carceris
996 4938 1049 4990 in
1069 4935 1225 4989 Actis.

432 5034 926 5105 Interpretationem
953 5031 1005 5084 in
1036 5028 1219 5081 Isaiam
1243 5025 1327 5096 (T.
1347 5025 1400 5081 6.
1420 5025 1605 5095 initio),
1625 5035 1852 5097 emptam
1881 5035 1936 5082 et

356 5141 525 5195 usque
565 5126 631 5179 ad
658 5122 933 5178 dimidium
975 5119 1162 5189 capitis
1186 5116 1357 5170 octavi
1392 5115 1674 5171 deductam
1704 5116 1936 5172 creditur

353 5214 769 5285 Chrysostomus
792 5212 1138 5269 adornavisse
1163 5205 1478 5271 Antiochiae,
1506 5216 1791 5277 antequam
1818 5222 1934 5279 pre-

356 5307 538 5374 sbyter
566 5316 706 5360 esset
733 5323 746 5358 :
778 5319 950 5375 neque
975 5303 1118 5358 enim
1147 5301 1198 5354 in
1219 5296 1504 5353 conciones
1530 5297 1810 5353 distributa
1831 5306 1932 5366 est,

358 5405 416 5451 ut
457 5394 694 5449 llomil'ue
728 5396 780 5450 in
808 5395 1057 5451 Genesim
1088 5402 1143 5448 et
1166 5392 1220 5447 in
1251 5389 1509 5444 Psalmos.
1546 5388 1699 5444 Circa
1728 5399 1935 5460 tempus

354 5495 410 5542 et
449 5484 661 5551 locum,
700 5488 852 5555 queis
895 5486 998 5541 hoc
1039 5498 1173 5555 opus
1208 5483 1619 5552 Chrysostomus
1654 5495 1937 5552 aggressus

355 5587 477 5642 est,
526 5585 821 5645 caeteraque
863 5579 928 5632 ad
977 5579 1201 5647 idipsum
1243 5573 1568 5646 spectantia,
1609 5572 1935 5630 Tillemontii

355 5668 672 5728 sententiam
695 5666 921 5722 libenter
949 5671 1318 5741 amplectimur
1347 5665 1570 5739 (Tillem.
1592 5682 1641 5733 p.
1672 5664 1788 5735 90).
1823 5666 1936 5722 Hoc

356 5779 507 5835 opus,
531 5761 700 5831 inquit
723 5759 831 5825 ille,
860 5759 1201 5831 Chrysostomi
1226 5776 1331 5815 esse
1354 5774 1497 5813 nemo
1524 5773 1621 5811 non
1644 5758 1890 5813 existimet
1918 5776 1935 5813 :

356 5858 507 5927 idque
530 5852 788 5924 elegantiae
812 5852 1084 5920 spccimina
1112 5869 1216 5918 pra:
1250 5870 1301 5907 se
1322 5855 1418 5923 fert
1453 5868 1551 5905 non
1580 5848 1827 5920 vulgaria.
1860 5850 1936 5906 De

357 5947 567 6018 imperio
599 5944 825 6001 Romano
852 5941 1081 6010 qua‘tlmn
1120 5943 1198 5994 hic
1229 5944 1473 5998 habentur
1506 5962 1557 6008 ῃ.
1587 5942 1654 5997 24
1681 5941 1833 6013 (quod
1858 5944 1931 5995 vi-

1532 539 1712 598 NUNC
1753 539 2011 598 PRIMUM
2053 540 2092 594 Α
2102 538 2439 595 DORNATA.

3527 560 3630 615 I58

2056 652 2231 703 deliret
2260 669 2451 705 summa
2485 669 2607 724 pace
2631 662 2746 706 tunc
2775 657 3065 727 frueretur),
3094 661 3201 729 ejus
3228 665 3382 717 statui
3410 676 3631 737 tempore

2053 740 2396 811 Chrysostomi
2421 745 2778 813 congruentia,
2825 748 3040 801 maxime
3078 766 3228 820 vero,
3274 757 3321 808 si
3352 768 3544 820 spectes
3568 776 3629 813 ea

2052 849 2164 902 qua:
2192 852 2378 887 annum
2405 836 2507 890 577
2545 847 2923 904 pra'cesserunt.
2953 837 2977 891 1
2987 838 3095 893 llud
3130 857 3243 897 vero
3267 848 3430 915 operis
3470 851 3547 903 vel
3578 850 3631 905 ir.

2051 924 2353 991 solitudine,
2385 926 2459 978 vel
2496 942 2608 978 cum
2643 927 2885 982 diaconus
2927 938 3088 997 esset,
3136 933 3348 1001 fortasse
3389 939 3630 994 emiserit.

2054 1012 2193 1067 Nam
2222 1032 2283 1069 ea:
2303 1032 2400 1084 quo
2425 1026 2645 1084 tempore
2673 1018 2927 1087 presbyter
2953 1022 3071 1089 fuit,
3098 1038 3199 1077 non
3229 1024 3423 1078 videtur
3444 1039 3521 1081 sat
3542 1029 3632 1082 otii

2050 1114 2097 1157 ct
2133 1105 2285 1173 spatii
2325 1104 2584 1172 habuisse,
2630 1115 2684 1158 ut
2720 1114 2859 1160 tanta
2896 1110 3090 1165 edendo
3113 1115 3253 1184 operi
3285 1132 3490 1171 manuni
3532 1120 3632 1171 ad-

2052 1205 2289 1248 moveret.

2123 1287 2582 1357 Elegantissimam
2628 1288 2897 1348 homiliam
2946 1294 3042 1366 (T.
3081 1295 3134 1351 6.
3171 1313 3219 1352 c.
3244 1298 3345 1353 9.47
3382 1303 3399 1371 )
3450 1303 3632 1361 habuit

2053 1377 2350 1433 Antiochiae
2396 1382 2447 1434 iu
2504 1398 2691 1452 magna
2737 1385 2959 1439 ecclesia
3003 1402 3125 1442 cum
3169 1403 3335 1459 pauca
3386 1394 3631 1460 praefatus

2050 1478 2192 1522 esset
2219 1470 2499 1539 cpiscopus
2542 1469 2842 1537 Flavianus,
2880 1474 2934 1528 in
2974 1475 3100 1529 illud
3143 1478 3431 1550 Evangelii,
3466 1479 3634 1535 Filius

2052 1573 2115 1611 ea:
2159 1559 2323 1626 scipso
2374 1559 2503 1613 nihil
2557 1562 2709 1628 facit,
2750 1562 2846 1616 nisi
2888 1565 3022 1633 quod
3069 1567 3244 1621 viderit
3292 1570 3499 1626 Patrem
3544 1574 3630 1641 {a-

2053 1651 2282 1703 cicntem.
2316 1651 2479 1720 llujus
2537 1662 2710 1707 autem
2759 1658 3061 1722 concionis,
3092 1672 3189 1713 seu
3238 1663 3412 1728 potius
3458 1664 3631 1721 disce-

2056 1742 2307 1809 ptationis
2356 1740 2518 1814 (nam
2569 1752 2673 1797 tuta
2730 1745 2780 1798 in
2826 1762 3017 1815 genere
3058 1750 3303 1819 polemico
3354 1756 3631 1825 versatur)

2054 1830 2265 1885 occasio
2323 1832 2417 1886 fuit
2474 1834 2856 1890 Anomceoruin
2909 1839 3147 1905 quaedam
3205 1842 3453 1911 objectio.
3497 1843 3632 1901 Cum

2052 1922 2193 1974 enim
2252 1922 2662 1993 (lln'ysostomus
2715 1926 2767 1979 in
2823 1927 3146 1994 prmeedenti
3205 1933 3464 1989 concione
3530 1934 3633 1992 hoc

2052 2011 2196 2065 dicto
2237 2012 2544 2082 evangelica
2587 2015 2639 2067 in
2689 2016 2922 2070 medium
2970 2017 3234 2085 adducto,
3285 2018 3444 2075 Pater
3493 2039 3632 2078 meus

2053 2119 2207 2173 usque
2248 2106 2395 2157 modo
2430 2120 2687 2174 operatur,
2724 2117 2772 2162 et
2810 2126 2900 2179 ego
2929 2125 3129 2180 operor,
3166 2112 3490 2170 ostendisset
3516 2114 3634 2171 Filii

2053 2208 2173 2246 cum
2204 2192 2362 2247 Patre
2386 2197 2765 2263 mqualitatem,
2786 2214 2943 2268 quam
2968 2202 3148 2267 etiam,
3181 2202 3370 2273 inquit,
3400 2204 3635 2261 declarat

2054 2285 2377 2354 evangelista
2408 2286 2491 2339 his
2513 2289 2706 2353 verbis,
2736 2288 3009 2359 Propterea
3032 2295 3190 2363 magis
3215 2299 3635 2366 persequebantur

2054 2390 2184 2441 eum,
2217 2391 2322 2429 non
2344 2376 2508 2430 solum
2535 2380 2653 2448 quia
2676 2380 2897 2436 solvebat
2918 2382 3210 2448 sabbatum,
3239 2386 3328 2440 sed
3354 2396 3398 2439 et
3430 2386 3634 2445 Patrem

2052 2479 2203 2518 suum
2240 2466 2434 2521 dicebat
2460 2467 2625 2522 Deum
2644 2510 2659 2534 ,
2699 2472 2944 2538 (aqualem
2968 2491 3020 2528 se
3045 2474 3238 2544 faciens
3264 2476 3408 2543 Deo;
3435 2479 3503 2533 ita
3532 2495 3635 2536 ser-

2052 2569 2264 2611 monem
2290 2558 2500 2612 clausit.
2549 2559 2795 2615 Haeretici
2833 2572 3009 2618 autem
3054 2568 3298 2622 Anommi
3331 2568 3456 2623 huic
3483 2585 3635 2640 argu-

2052 2656 2234 2701 mento
2258 2662 2323 2701 ex
2352 2647 2558 2703 Joanne
2583 2652 2906 2720 evangelista
2932 2653 3234 2723 desumpta,
3262 2657 3423 2711 alium
3464 2673 3637 2728 oppo-

2050 2752 2207 2793 suere
2248 2738 2466 2796 Joannis
2509 2743 2717 2808 locum,
2763 2759 2956 2813 nempe
2998 2745 3125 2800 illud
3164 2746 3386 2803 Joannis
3432 2751 3634 2817 5,19:

2052 2827 2204 2883 Nihil
2228 2841 2387 2898 potest
2411 2833 2578 2900 facere
2620 2832 2789 2889 Filius
2809 2876 2825 2902 ,
2856 2838 2951 2890 nisi
2994 2838 3167 2891 viderit
3196 2838 3405 2895 Patrem
3447 2844 3637 2912 facien-

2050 2927 2168 2973 tem.
2196 2920 2435 2991 Cumque
2464 2924 2582 2977 talis
2602 2935 2745 2981 esset
2769 2925 2999 2996 objectio
3022 2944 3141 2998 qua:
3169 2940 3347 2999 posset
3369 2933 3637 2991 auditores

2050 3013 2268 3069 turbare
2296 3025 2453 3084 atque
2477 3018 2800 3086 percellere,
2842 3034 2977 3088 opus
3000 3028 3116 3075 erat
3159 3020 3319 3077 hasce
3346 3026 3637 3082 Anommoo

2050 3119 2167 3158 rum
2197 3106 2430 3175 argutias
2467 3107 2760 3163 confutare.
2797 3108 3151 3175 Quamobrem
3195 3111 3482 3170 Flavianus
3517 3118 3635 3187 epi-

2049 3209 2242 3264 scopus
2266 3209 2430 3265 pauca
2456 3198 2734 3266 praefatus,
2779 3213 2901 3253 cum
2926 3201 3089 3256 sciret
3112 3203 3360 3273 p0pulum
3384 3206 3632 3263 audiendi

2050 3300 2114 3340 ea
2153 3286 2221 3342 de
2251 3302 2309 3342 re
2339 3287 2704 3360 Chrysostonii
2734 3292 2983 3359 cupidum
3028 3307 3149 3348 esse
3171 3336 3187 3361 ,
3226 3296 3334 3351 cito
3379 3297 3537 3352 ﬁnem
3564 3299 3633 3353 di-

2048 3376 2201 3429 cendi
2232 3376 2375 3443 fecit,
2403 3388 2457 3431 et
2484 3377 2863 3450 Chrysostomo
2887 3380 3170 3437 hmreticos
3195 3386 3503 3442 confutandi
3534 3404 3633 3443 cu-

2047 3482 2159 3521 ram
2189 3468 2527 3525 demandavit
2551 3489 2566 3526 :
2594 3481 2821 3527 noverat
2856 3475 2998 3529 enim
3026 3476 3293 3532 neminem
3338 3494 3493 3549 posse
3524 3491 3629 3536 tam

2047 3558 2257 3615 fortiter
2280 3560 2536 3631 lucifugas
2562 3563 2682 3617 illos
2708 3563 3023 3636 proﬂigare,
3059 3582 3219 3638 quam
3243 3569 3478 3627 Joannes
3509 3575 3592 3630 hic
3612 3616 3628 3639 .

2044 3652 2197 3720 Cujus
2220 3652 2599 3722 eIOqucntiani,
2622 3670 2845 3710 acumen
2870 3658 3083 3728 ingenii,
3110 3670 3270 3731 atque
3291 3663 3627 3734 dialecticam,

2043 3745 2249 3812 experti
2295 3760 2441 3815 saepe
2482 3746 2713 3800 fuerant.
2762 3747 3179 3819 Chrysostomus
3218 3768 3377 3821 vero,
3421 3764 3479 3809 ut
3515 3768 3628 3811 crat

2047 3836 2373 3903 moderatus,
2398 3837 2550 3893 initio
2577 3839 2821 3909 queritur
2841 3842 2938 3896 sibi
2965 3841 3199 3897 delatum
3230 3860 3422 3900 munus
3451 3862 3571 3903 eSse
3595 3865 3629 3902 a

2044 3924 2264 3982 doctore
2291 3941 2419 3992 suo,
2458 3929 2548 3999 qui
2579 3941 2709 3985 vere
2745 3928 2864 3986 fons
2898 3931 3154 3988 doctrinae
3189 3945 3359 4000 esset,
3391 3946 3445 3991 et
3484 3938 3627 3995 hanc

2044 4018 2369 4086 provinciam
2400 4020 2567 4089 probe
2603 4022 2875 4092 suscipere
2905 4034 3119 4093 posset:
3155 4026 3348 4082 deinde
3384 4044 3514 4084 vero
3542 4046 3629 4085 ar-

2042 4120 2353 4179 gumentum
2378 4113 2802 4169 adversariorum
2829 4124 2937 4170 tam
2974 4119 3139 4187 probe
3162 4118 3413 4189 depellit,
3442 4131 3500 4177 ut
3532 4139 3627 4179 ne-

2042 4202 2182 4255 scias
2206 4211 2378 4258 utrum
2405 4206 2572 4276 magis
2592 4207 2822 4274 mireris,
2844 4208 3224 4279 eloquentiam,
3247 4226 3315 4265 an
3336 4211 3627 4272 dialectica:

2043 4296 2169 4350 vim.
2218 4296 2342 4352 llzec
2369 4312 2498 4353 vero
2524 4300 2713 4354 concio
2758 4300 2937 4354 multis
2976 4302 3132 4356 annis
3171 4312 3292 4371 post
3336 4310 3626 4363 conciones

2042 4386 2159 4440 illas
2199 4386 2331 4440 alias
2369 4396 2553 4441 contra
2592 4390 2886 4444 Anomoeos
2921 4392 3115 4446 emissa
3147 4392 3378 4462 videtur,
3406 4411 3531 4451 cum
3558 4414 3625 4452 ex

2041 4478 2257 4531 assiduo
2272 4476 2526 4532 conciona
2534 4478 2622 4533 ndi
2644 4478 2821 4534 oflieio
2842 4496 3089 4551 magnum
3104 4482 3203 4538 sibi
3221 4485 3519 4542 Antiochia:
3535 4502 3624 4541 no-

2042 4583 2162 4620 men
2196 4569 2488 4636 peperisset
2515 4569 2947 4641 Chrysostomus.
2975 4572 3100 4628 Hac
3137 4574 3350 4631 bomilia
3382 4586 3515 4633 utet
3540 4593 3627 4634 sea

2041 4667 2264 4728 quentes
2295 4674 2467 4729 nuper
2492 4675 2556 4714 ex
2589 4660 2823 4717 tenebris
2850 4671 3016 4718 eruta:
3044 4663 3272 4719 fuerunt.

2112 4749 2415 4815 Eudem,ut
2435 4752 2685 4821 putatur(
2714 4749 2774 4805 Τ.
2805 4752 2857 4806 6.
2894 4770 2943 4807 c.
2983 4754 3089 4810 257
3112 4750 3156 4825 ),
3178 4754 3389 4809 circiter
3410 4764 3621 4828 tempo-

2041 4853 2100 4893 re
2123 4838 2405 4895 Homiliam
2428 4840 2495 4895 de
2512 4839 2898 4896 Melchisedeco
2914 4840 3113 4895 habuit.
3134 4843 3228 4898 Est
3246 4852 3445 4911 autem,
3474 4848 3616 4918 quod

2043 4938 2249 4998 spectat
2269 4931 2387 5001 ejus
2422 4938 2624 5000 partem
2670 4945 2779 4984 non
2815 4931 3113 5000 minimam,
3162 4934 3484 5003 praecedenti
3511 4952 3617 4991 non

2041 5018 2333 5075 dissimilis.
2356 5020 2502 5075 Licet
2524 5021 2667 5075 enim
2682 5020 2749 5076 de
2777 5020 3183 5091 Melchisedeco,
3216 5034 3272 5078 ut
3299 5023 3403 5079 fert
3423 5026 3616 5081 inseri-

2041 5110 2174 5179 ptio,
2200 5120 2403 5181 agatur,
2434 5125 2539 5165 non
2560 5113 2779 5167 minima
2806 5120 2980 5168 tamen
3025 5129 3147 5183 pars
3189 5116 3466 5172 concionis
3488 5132 3618 5175 eon-

2042 5209 2123 5255 tra
2150 5203 2439 5257 Anommos
2457 5211 2560 5257 est.
2588 5203 2785 5258 Deinde
2811 5218 2937 5258 vero
2958 5212 3141 5259 contra
3167 5205 3617 5265 Melchisedecitas

2040 5291 2362 5361 diSputatur,
2390 5293 2479 5363 qui
2524 5293 2772 5348 dicebant
2817 5293 3258 5352 Melchisedecum
3294 5314 3414 5353 esse
3458 5299 3616 5356 Chri-

2041 5394 2123 5439 sto
2149 5383 2278 5438 Filio
2290 5386 2564 5457 majorem:
2581 5382 2666 5438 alii
2688 5384 3067 5454 putabantesse
3078 5387 3324 5457 Spiritum
3352 5399 3619 5462 sanctum,

2042 5485 2099 5532 ut
2141 5476 2298 5531 docet
2326 5479 2482 5531 etiam
2510 5475 2834 5545 Epiphanius
2879 5477 3070 5533 hzeresi
3096 5478 3190 5551 46,
3229 5479 3299 5533 al.
3332 5480 3423 5535 55.
3453 5482 3531 5538 Ex
3554 5483 3622 5540 iis

2041 5584 2159 5640 quze
2197 5578 2381 5624 contra
2432 5571 2720 5623 Αηοιιιωος
2754 5569 3019 5637 dicuntur,
3062 5570 3367 5642 conjectura
3409 5576 3621 5634 ducitur

2042 5661 2270 5715 habitam
2290 5660 2432 5715 illam
2459 5658 2622 5714 fuisse
2643 5660 2956 5715 Antiochiae.

2114 5753 2337 5808 llomilia
2360 5753 2412 5807 in
2432 5753 2558 5808 illud
2588 5752 2812 5822 apostoli
2845 5752 2931 5827 (T.
2959 5754 3012 5811 6.
3046 5770 3093 5809 c.
3136 5755 3291 5831 271),
3317 5758 3427 5811 Hoc
3451 5769 3617 5814 autem

2043 5846 2233 5909 scitote,
2261 5845 2395 5913 quod
2416 5845 2469 5899 in
2492 5844 2769 5900 novissimis
2823 5846 2996 5903 diebus
3019 5858 3161 5903 erunt
3184 5860 3402 5919 tempora
3422 5868 3617 5922 gravia,

2045 5956 2075 5995 a
2106 5955 2188 5995 me
2212 5941 2259 5992 in
2296 5938 2545 5994 Vaticana
2575 5936 2895 5995 Bibliotheca
2937 5941 3216 6014 exscripta.
3249 5942 3304 5996 lu
3340 5959 3403 6000 ea
3434 5962 3618 6005 omnes
