4504 6756
890 555 990 611 159

881 671 1028 742 styli,
1079 665 1327 723 dictionis
1378 660 1801 729 inventionisque
1848 669 1989 714 notae
2040 669 2380 724 concurrunt,
2402 670 2461 713 ut

880 780 999 821 eam
1048 760 1429 829 Chrysostomo
1476 754 1857 808 adserihamus.
1906 751 2077 821 lpsam
2112 752 2291 805 habuit
2340 768 2462 806 cum

880 852 1173 926 permultos
1196 849 1311 904 dies
1332 848 1526 902 absens
1547 845 1957 913 infirmitateque
1984 846 2229 901 detentus
2253 844 2457 908 fuisset,

885 963 949 1003 ac
970 960 1078 1016 pra:
1117 958 1298 999 amore
1323 940 1525 1011 populi,
1556 937 1727 990 adhuc
1749 937 2084 990 manentibus
2138 936 2307 989 morbi
2335 936 2461 989 reli-

878 1037 1017 1108 quiis
1040 1035 1106 1090 ad
1145 1032 1423 1089 ecclesiam
1462 1028 1872 1082 concionaturus
1925 1026 2207 1080 advolavit.
2241 1025 2295 1078 ld
2320 1025 2462 1093 quod

880 1133 994 1201 ipse
1019 1128 1189 1191 initio,
1218 1123 1554 1190 maximeque
1575 1120 1629 1174 in
1660 1120 1766 1174 fine
1794 1118 2025 1173 homilia:
2046 1118 2190 1172 dicit.
2209 1116 2346 1171 Cum
2368 1134 2464 1171 au—

878 1232 983 1276 teut
1013 1231 1155 1286 saape
1182 1214 1383 1270 morbis
1429 1212 1661 1267 amictus
1716 1211 1888 1276 fuerit,
1921 1227 2026 1265 non
2078 1212 2145 1263 ita
2178 1209 2331 1262 facile
2357 1217 2460 1274 est,

877 1312 931 1364 in
964 1306 1109 1378 quod
1148 1316 1360 1375 tempus
1390 1304 1502 1356 hzec
1550 1300 1805 1365 incidant,
1835 1299 2238 1371 deprehendere
2269 1317 2281 1352 :
2314 1300 2462 1353 initio

877 1414 1053 1456 tamen
1081 1398 1304 1454 suadere
1326 1398 1531 1450 videtur
1552 1393 1691 1448 hanc
1736 1394 2007 1449 homiliam
2060 1394 2354 1448 Antiochiae
2380 1393 2462 1448 di-

874 1504 1013 1547 ctam
1040 1491 1218 1545 fuisse.

948 1580 1191 1636 llomilia:
1227 1577 1515 1648 nonaginta
1546 1574 1633 1649 (Τ.
1661 1577 1693 1630 7
1718 1576 1805 1647 )in
1831 1574 2133 1630 Matthreum
2166 1575 2461 1631 Antiochia:

871 1673 1065 1728 habita:
1094 1670 1325 1738 fuerunt,
1346 1681 1400 1726 et
1420 1670 1647 1725 Tomum
1677 1670 1961 1739 septimum
1988 1678 2155 1723 totum
2174 1677 2458 1739 occupant.

872 1766 1057 1822 Morali
1084 1765 1465 1834 cujuscumque
1512 1762 1724 1831 generis
1770 1762 2046 1831 disciplina
2086 1760 2315 1828 refertae,
2344 1762 2462 1816 uni-

872 1874 1079 1914 versam
1113 1856 1430 1911 Christianzn
1477 1854 1598 1907 vita:
1627 1862 1681 1906 ct
1728 1852 1952 1906 instituti
1981 1868 2241 1906 summam
2271 1867 2377 1920 pra:
2402 1867 2461 1905 se

871 1952 1069 2005 ferunt.
1094 1948 1189 2003 llic
1213 1961 1401 2001 omnes
1416 1944 1630 1998 virtutis
1656 1943 1913 1997 adeunda:
1939 1952 1992 1997 et
2011 1942 2319 1997 exercendre
2346 1958 2461 1995 tno—

872 2042 948 2106 di,
973 2036 1233 2096 universa:
1258 2036 1486 2108 fugiendi
1532 2036 1643 2090 vitii
1688 2035 1922 2089 rationes
1964 2033 2254 2087 afferuntur
2276 2042 2331 2086 et
2365 2048 2460 2086 ex-

877 2133 1321 2203 planantur-:nee
1362 2125 1647 2196 quidquam
1698 2123 2115 2193 praetermittitur
2157 2122 2300 2192 quod
2336 2138 2460 2192 pos-

870 2224 938 2277 sit
960 2229 1048 2274 aut
1072 2219 1137 2273 ad
1165 2226 1398 2272 sanctam
1421 2224 1511 2269 aut
1539 2215 1605 2268 ad
1656 2214 1949 2282 improbam
1981 2214 2139 2268 vitam
2169 2214 2455 2284 pertinere,

871 2326 929 2371 ut
957 2316 1121 2369 altera
1150 2310 1275 2366 totis
1294 2310 1494 2363 viribus
1517 2308 1827 2363 decliuetur.
1849 2305 2037 2361 Nullus
2058 2307 2110 2361 in
2138 2306 2267 2361 orbe
2298 2307 2455 2361 Chri-

869 2407 1045 2462 stiano
1071 2405 1204 2458 liber
1222 2411 1304 2457 est
1328 2410 1407 2455 tot
1425 2409 1675 2469 tantaque
1715 2398 1956 2453 referens
1982 2397 2298 2453 Christiana:
2323 2400 2460 2453 ethi-

869 2515 963 2556 ccs
990 2505 1254 2569 pratcepta
1288 2513 1302 2549 :
1327 2508 1587 2563 nusquam
1630 2492 2044 2565 Chrysostomus
2069 2500 2209 2545 tanta
2230 2506 2357 2546 usus
2376 2500 2460 2547 est

871 2586 1201 2655 inventione,
1226 2586 1497 2653 facundia,
1525 2585 1813 2655 sagacitate
1864 2585 1929 2638 ad
1958 2599 2133 2638 mores
2164 2584 2457 2638 informan-

872 2680 991 2747 dos,
1023 2677 1347 2735 eliminanda
1371 2677 1518 2740 vitia,
1541 2676 1866 2730 Christianas
1895 2674 2118 2728 familias
2142 2683 2285 2728 recte
2304 2690 2455 2729 com-

868 2769 1161 2841 ponendas.
1189 2768 1522 2837 Quapropter
1550 2765 1670 2835 jure
1698 2764 1905 2819 dicebat
1952 2764 2009 2820 S.
2032 2764 2264 2818 Thomas
2289 2766 2457 2835 Aqui—

869 2875 984 2925 nas,
1036 2859 1299 2914 referente
1354 2856 1561 2925 l'aptriu
1600 2854 1845 2909 lllassono
1885 2854 1978 2909 lib.
2025 2854 2154 2909 6de
2202 2856 2455 2910 Romanis

867 2948 1231 3011 I’ontificibus,
1260 2948 1313 3001 in
1342 2946 1549 3001 Joanne
1570 2944 1711 3014 Papa
1734 2944 1880 3008 XXI,
1910 2944 2068 2999 malle
2098 2959 2156 2998 se
2184 2944 2256 2997 uti
2285 2942 2454 3015 Chry-

867 3042 1088 3097 sostomi
1116 3040 1265 3095 libris
1293 3039 1347 3093 in
1392 3036 1721 3100 Matthrcum,
1751 3051 1911 3107 quam
1941 3035 2217 3107 possidere
2248 3037 2453 3107 fruique

864 3134 1073 3190 Lutetia
1102 3132 1451 3187 Parisiorum.

932 3224 1047 3279 Non
1075 3223 1506 3277 concinnatorem
1543 3218 1724 3281 modo,
1756 3220 1848 3272 sed
1892 3217 2051 3271 etiam
2102 3218 2442 3287 interpretem

864 3320 976 3390 agit
1024 3316 1455 3386 Chrysostomus.
1534 3310 1713 3367 Sicubi
1766 3311 1907 3366 enim
1954 3313 2120 3364 sai-ies
2164 3312 2447 3366 verborum

863 3407 1159 3478 Evangelii,
1193 3420 1349 3476 quam
1379 3401 1736 3471 explanationi
1766 3416 1877 3456 sua:
1925 3401 2250 3469 pra-mittere
2290 3403 2444 3467 solet,

861 3501 1091 3571 aliquam
1110 3498 1307 3553 habere
1335 3495 1541 3550 videtur
1567 3494 1937 3548 difficultatem
1964 3495 2107 3547 circa
2142 3503 2349 3563 tempus
2364 3494 2448 3548 vel

859 3592 1195 3647 occasionem
1226 3603 1402 3644 rerum
1425 3596 1691 3657 gestarum
1722 3595 1812 3639 aut
1840 3586 1978 3641 circa
1994 3586 2443 3657 evangelistarum

860 3684 1045 3739 eadem
1076 3683 1189 3752 ipsa
1234 3679 1585 3745 narrantium,
1626 3677 1835 3731 dicendi
1887 3676 2219 3741 varietatem,
2262 3694 2323 3732 ea
2355 3679 2446 3734 ille

864 3776 1040 3830 omnia
1064 3773 1322 3844 sagaciter
1362 3780 1613 3826 excutere
1642 3771 1776 3825 solet
1806 3788 1818 3822 :
1853 3779 2150 3839 temporum
2174 3772 2438 3827 rationem

860 3869 1107 3924 observat
1133 3874 1185 3919 et
1210 3864 1473 3933 explorat,
1502 3864 1833 3918 occasionem
1857 3863 1942 3917 γυι
1957 3862 2081 3917 editi
2098 3863 2231 3933 signi
2259 3872 2311 3917 et
2333 3864 2433 3917 mi-

859 3958 1045 4024 raculi,
1073 3956 1157 4011 vel
1184 3965 1346 4027 gesta:
1370 3955 1447 4010 rei
1467 3954 1749 4024 diligenter
1772 3958 2041 4009 scrutatur
2064 3971 2077 4008 :
2105 3954 2437 4009 diversorum

860 4048 1154 4103 sententias
1195 4046 1336 4100 circa
1363 4059 1451 4099 res
1496 4044 1808 4114 plerumque
1841 4044 2067 4098 obscure
2114 4042 2437 4113 significatas

860 4139 1017 4193 affert
1043 4147 1095 4192 ct
1124 4137 1391 4191 examinat
1416 4153 1430 4190 :
1460 4135 1507 4189 si
1532 4133 1869 4188 confutandze
1903 4135 2028 4199 sint,
2048 4134 2100 4188 id
2131 4135 2265 4188 mira
2290 4152 2444 4191 exse-

859 4231 1037 4301 quitur
1074 4227 1390 4282 dexteritate
1440 4235 1597 4295 atque
1654 4226 1844 4295 ingenii
1893 4226 2291 4291 acrimonia;si
2336 4243 2438 4297 qua

856 4338 985 4378 vero
1011 4323 1147 4374 inter
1174 4319 1530 4389 evangelistas
1561 4318 1610 4371 in
1630 4317 1895 4372 narrando
1935 4317 2295 4388 discrepantia
2316 4336 2436 4377 esse

855 4414 1031 4470 statim
1054 4412 1316 4476 videatur,
1344 4412 1393 4467 id
1419 4410 1509 4466 ille
1539 4425 1632 4480 pro
1666 4410 1801 4464 virili
1830 4410 2031 4465 excutit
2051 4451 2067 4476 ,
2101 4411 2439 4481 ostenditque

860 4506 1171 4574 illam,qu:n
1218 4504 1381 4557 verbo
1437 4511 1590 4556 tenus
1610 4516 1730 4555 esse
1776 4501 2011 4566 videtur,
2057 4502 2437 4557 dissonantiam

858 4597 1058 4653 nullam
1086 4610 1267 4651 revera
1294 4610 1433 4648 esse.
1464 4594 1598 4648 Hinc
1627 4603 1801 4646 autem
1830 4594 2015 4645 miram
2046 4594 2138 4647 Dei
2166 4594 2265 4649 hac
2306 4595 2357 4647 in
2381 4610 2438 4649 re

856 4686 1240 4759 providentiam
1291 4681 1550 4739 declarari
1609 4681 1920 4736 contendit:
1953 4696 2074 4734 nam
2122 4682 2167 4735 si
2215 4692 2440 4751 quatuor

855 4778 1194 4850 evangelista:
1238 4792 1325 4831 res
1351 4772 1565 4829 easdem
1607 4771 1793 4827 eodem
1834 4786 2051 4841 prorsus
2074 4771 2231 4824 modo
2249 4788 2437 4826 recen-

858 4871 1106 4931 suissent,
1133 4868 1185 4921 id
1212 4867 1279 4921 de
1318 4865 1577 4921 industria
1607 4874 1660 4920 et
1681 4865 1925 4919 consultu
1955 4862 2153 4917 factum
2200 4879 2320 4918 esse
2351 4866 2429 4917 vi-

862 4976 980 5016 sunt
1017 4960 1220 5014 fuisset.
1254 4961 1319 5011 At
1347 4972 1485 5011 nune
1511 4972 1630 5012 cum
1661 4956 2021 5027 evangelistas,
2049 4972 2155 5011 non
2178 4973 2264 5013 res
2295 4966 2350 5011 ut
2372 4959 2438 5013 ab

863 5052 982 5107 aliis
1002 5051 1113 5120 jam
1155 5049 1456 5118 descriptae,
1502 5049 1595 5101 sed
1625 5059 1681 5101 ut
1706 5048 1786 5102 vel
1846 5049 1913 5102 ab
1946 5065 2003 5104 se
2031 5054 2156 5103 vis:e
2206 5048 2432 5117 fuerant,

857 5143 945 5199 vel
965 5158 992 5195 a
1014 5141 1118 5197 fide
1142 5140 1315 5211 dignis
1345 5139 1567 5192 testibus
1605 5149 1934 5207 acceperant,
1967 5150 2246 5207 enarrent;
2276 5140 2434 5197 fidem

857 5236 1077 5291 omnino
1098 5240 1388 5287 merentur.
1415 5227 1689 5298 Siquidem
1712 5236 1935 5296 quatuor
1949 5239 2070 5281 sunt
2095 5242 2256 5285 testes
2276 5249 2433 5288 vera—

860 5342 971 5391 ces,
1000 5326 1089 5396 qui
1120 5325 1165 5379 si
1195 5340 1223 5376 a
1281 5322 1541 5391 prioribus
1578 5320 1684 5388 jam
1716 5318 1855 5373 dieta
1909 5319 2170 5375 referrent
2210 5334 2431 5390 tantum,

860 5434 958 5487 pro
988 5431 1092 5471 uno
1116 5415 1325 5471 censeri
1350 5412 1626 5467 deberent.

932 5510 1225 5565 Antiochia:
1270 5520 1445 5564 autem
1477 5506 1683 5561 habitas
1727 5506 1887 5561 fuisse
1917 5506 2011 5560 has
2038 5507 2320 5563 conciones
2347 5525 2441 5565 es—

853 5601 1118 5673 ploratum
1144 5610 1244 5665 est,
1272 5600 1600 5655 utdiximus.
1644 5597 1719 5652 De
1766 5612 1909 5651 anno
1954 5596 2085 5650 nihil
2141 5596 2432 5667 habemus;

856 5692 908 5747 id
936 5700 1112 5746 autem
1138 5702 1339 5745 eertum
1367 5704 1486 5745 esse
1541 5687 1773 5755 videtur,
1814 5703 1927 5743 non
1972 5702 2129 5759 posse
2176 5689 2227 5744 in
2267 5705 2437 5747 annos

853 5784 978 5849 336,
1002 5784 1125 5846 387,
1158 5781 1284 5847 588,
1311 5780 1519 5837 referri.

928 5875 1107 5946 Neque
1133 5874 1345 5929 silentio
1362 5870 1865 5943 praetermittendum
1890 5882 1992 5941 est,
2018 5873 2067 5929 id
2089 5876 2229 5946 quod
2259 5878 2307 5930 in
2338 5877 2437 5933 hoc

856 5968 1247 6026 Commentario
1288 5965 1558 6043 epinando
1606 5965 1915 6023 testificatur
1968 5971 1985 6038 (
2032 5966 2170 6029 117,
2224 5980 2274 6020 ε.
2304 5962 2429 6022 291.

1983 546 2040 603 S.
2080 546 2354 603 JOANNIS
2377 546 2847 606 CllllYSOSTOMl
2892 550 3069 621 VlTA,

4053 561 4152 616 ιω

2566 671 2606 723 ι.
2636 668 2705 723 25
2724 684 2770 727 et
2797 674 2959 745 seqq.)
3000 676 3253 731 nimirum
3280 676 3439 731 finem
3484 673 3671 729 mundi
3694 675 3803 744 jam
3835 680 4141 747 proximum

2564 784 2707 826 esse.
2724 770 2777 823 ld
2801 784 2927 823 vero
2947 766 3144 823 clarius
3156 773 3397 825 enuntiat
3414 772 3465 824 in
3485 769 3725 840 sequenti
3742 767 4143 828 Commentario

2564 863 2617 916 itt
2639 863 2921 925 Joannem,
2947 860 3034 915 ubi
3052 862 3185 916 dicit
3207 864 3291 936 (Τ.
3311 867 3363 920 8.
3385 884 3427 917 c.
3457 866 3574 921 198.
3596 866 3633 919 ι.
3655 863 3741 933 17)
3767 880 3778 914 :
3805 864 3865 917 Si
3886 875 3957 918 tot
3973 884 4138 920 anno-

2561 972 2673 1007 rum
2696 955 3240 1024 quadringentesimum
3258 976 3365 1012 esse
3382 960 3534 1026 furem
3555 958 3850 1021 dixerimus,
3876 974 3973 1010 non
3990 960 4136 1014 aber-

2560 1048 2995 1118 rabimusﬂpiniu
3006 1045 3146 1097 enim
3164 1054 3452 1109 multorum
3466 1054 3682 1108 Patrum
3696 1051 3860 1105 fuerat
3878 1050 4137 1107 mundum

2569 1135 2662 1175 ses
2693 1123 2837 1178 mille
2856 1122 3007 1178 annis
3054 1121 3364 1180 duraturum
3402 1143 3544 1194 esse,
3588 1142 3644 1184 ut
3674 1136 3748 1184 ait
3776 1130 4025 1191 tremens,
4056 1127 4147 1197 qui

2570 1228 2627 1265 se
2656 1212 2707 1267 id
2733 1214 2799 1267 ab
2820 1215 2883 1268 iis
2912 1212 3192 1269 edidicisse
3217 1220 3547 1287 testificatur,
3577 1223 3666 1291 qui
3713 1221 3970 1277 Joannem
4014 1236 4141 1287 apo.

2569 1303 2765 1357 stolum
2814 1305 3054 1359 viderant
3084 1321 3098 1359 :
3133 1304 3365 1375 itemque
3403 1310 3715 1381 Cyprianus,
3767 1312 4071 1367 Lactantius
4092 1320 4148 1365 et

2569 1392 2982 1463 llilarius,cujus
3005 1398 3253 1465 postremi
3273 1398 3423 1453 locus
3449 1402 3718 1457 obscurior
3742 1413 3841 1457 est.
3876 1403 4000 1457 lla-c
4019 1418 4145 1470 por-

2566 1496 2627 1535 ro
2654 1484 2862 1540 dicebat
2885 1486 3293 1556 Chrysostomus
3318 1498 3439 1543 octo
3473 1493 3682 1547 circiter
3705 1492 3822 1562 plus
3850 1495 4023 1547 mimis
4049 1509 4147 1546 an-

2568 1575 2653 1629 nis
2690 1587 2813 1632 ante
2862 1577 3435 1646 quadringentesimum
3466 1597 3495 1634 a
3527 1583 3739 1637 Christo
3769 1597 3896 1637 noto
3924 1600 4146 1638 annum.

2566 1661 2624 1717 Si
2648 1676 2823 1720 autem
2854 1684 2965 1723 rem
2994 1670 3061 1721 ita
3084 1668 3525 1733 intellexeritille,
3556 1683 3613 1727 ut
3638 1674 3861 1742 putavit,
3885 1689 4025 1728 anno
4056 1674 4147 1727 illo

2566 1756 3086 1829 quadringentesimo
3099 1760 3359 1827 completa
3392 1762 3503 1817 fore
3521 1763 3606 1817 illa
3624 1779 3713 1818 sex
3733 1780 3993 1819 annorum
4018 1766 4141 1819 mil-

2567 1845 2658 1910 lia,
2688 1864 2794 1902 non
2837 1851 3149 1905 consonabit
3199 1860 3345 1905 certe
3370 1868 3491 1906 eum
3519 1856 3785 1909 communi
3838 1855 4145 1910 Crtecornm

2564 1935 2793 2003 calculo,
2835 1941 2923 2010 qui
2981 1950 3161 2011 putant
3202 1941 3470 1995 Christum
3520 1954 3700 1997 natum
3733 1961 3853 2001 esse
3885 1962 4026 1999 anno
4079 1946 4148 1999 ab

2564 2026 2695 2081 orbe
2724 2031 2940 2085 condito
2966 2032 3123 2087 5503.
3150 2035 3217 2085 At
3252 2034 3517 2086 nescimus
3549 2045 3724 2087 utrum
3766 2052 3882 2089 aevo
3916 2037 4148 2107 Chryso-

2564 2119 2721 2172 stomi
2748 2120 2816 2173 ita
2831 2131 3178 2192 supputarent
3200 2121 3393 2184 ϐαρεῖ,
3408 2132 3461 2175 et
3486 2123 3679 2193 alioqui
3698 2138 3803 2177 non
3828 2134 3971 2178 tanto
3987 2140 4141 2179 scru-

2566 2209 2691 2277 pulo
2716 2209 2804 2263 ille
2826 2223 2980 2266 notas
3010 2223 3300 2281 temporum
3332 2213 3506 2267 afl'crt.

2637 2302 2893 2357 llotnilias
2913 2322 3125 2376 quoque
3174 2309 3225 2359 in
3272 2306 3529 2361 Joannem
3572 2308 3835 2374 octoginta
3876 2317 3995 2362 octo
4044 2326 4144 2364 nu-

2564 2409 2713 2448 mero
2764 2398 3061 2452 Antiochia:
3105 2399 3281 2452 habuit
3306 2398 3321 2468 (
3344 2396 3407 2451 T.
3436 2403 3468 2453 8
3494 2396 3536 2469 ).
3568 2399 3655 2452 ubi
3700 2415 3891 2452 novum
3926 2415 4145 2469 prorsus

2563 2488 2910 2545 conciouandi
2965 2494 3145 2557 ritum,
3190 2492 3451 2545 insolitam
3500 2491 3942 2561 deprehendimus
3967 2494 4143 2549 disse-

2563 2582 2713 2634 rendi
2740 2585 3021 2637 rationem.
3049 2584 3259 2653 Stylum
3299 2600 3427 2638 sane
3467 2585 3712 2639 eumdem
3740 2586 4028 2650 cernimus,
4056 2586 4144 2639 di-

2559 2671 2791 2725 ctionem
2823 2687 3039 2739 prorsus
3084 2675 3345 2739 similem;
3375 2676 3727 2746 eumdemque
3756 2679 3932 2731 statim
3986 2694 4141 2747 agno-

2558 2764 2756 2818 scimus
2784 2765 2993 2819 dicendi
3038 2768 3295 2822 artificem
3342 2768 3779 2841 Chrysostomum
3812 2770 3900 2823 :in
3947 2770 4137 2823 ordine

2556 2865 2731 2910 autem
2752 2865 2805 2910 et
2824 2857 2876 2910 in
2894 2860 3187 2926 argumenti
3211 2860 3414 2914 ratione
3431 2876 3618 2930 magna
3641 2876 3760 2916 sese
3780 2860 3931 2915 offert
3948 2860 4134 2915 diver-

2556 2945 2705 2999 sitas.
2739 2946 2792 3000 ln
2816 2949 3023 3002 cretei-is
3052 2964 3280 3018 namque
3310 2950 3360 3002 in
3390 2950 3714 3018 Ser-iptutam
3744 2964 3946 3003 sacram
3975 2947 4137 3003 Corn-

2554 3038 2852 3102 mentariis,
2876 3042 3209 3111 maximeque
3229 3042 3278 3095 in
3300 3042 3544 3097 Homiliis
3567 3044 3618 3096 itt
3636 3042 3959 3108 Matthmtm,
3982 3052 4133 3111 post-

2553 3144 2712 3198 quam
2735 3130 3065 3199 singulorum
3094 3145 3340 3185 versuum
3365 3133 3569 3187 literam
3618 3134 3935 3201 explanavit,
3968 3150 4128 3188 occa-

2552 3222 2706 3276 sione
2727 3238 2790 3276 ex
2806 3222 2945 3277 serie
2961 3236 3190 3293 sumpta,
3210 3225 3274 3278 ad
3302 3240 3506 3279 morum
3527 3224 3854 3292 disciplinam
3881 3235 4131 3295 spectan-

2553 3311 2626 3367 tia
2656 3313 2819 3366 multa
2849 3314 3111 3369 interserit
3140 3332 3153 3368 :
3185 3327 3342 3384 atque
3392 3316 3446 3369 in
3497 3316 3603 3371 fine
3654 3316 4013 3385 longissimam
4038 3318 4135 3371 ad—

2552 3404 2909 3461 hortationem
2940 3408 3137 3476 adjicit,
3187 3424 3287 3477 qua
3313 3417 3367 3461 et
3392 3424 3667 3477 procerum
3713 3419 3765 3464 et
3809 3412 4125 3480 populorum

2552 3510 2744 3564 pravos
2766 3512 2940 3551 mores
2992 3498 3297 3563 insectatur,
3330 3509 3487 3568 atque
3518 3499 3585 3554 ad
3628 3500 3873 3554 virtutem
3930 3500 4131 3556 adeun-

2550 3586 2671 3641 dam
2701 3588 2945 3642 stimulos
2971 3588 3135 3642 addit.
3168 3590 3222 3642 ln
3254 3588 3401 3645 hisce
3450 3600 3622 3646 autem
3656 3592 3706 3645 in
3745 3591 4001 3647 Joannem
4033 3593 4131 3648 ho-

2549 3680 2710 3733 miliis
2731 3679 2836 3732 alio
2864 3680 3208 3733 concinnandi
3238 3696 3432 3750 genere
3452 3682 3706 3751 procedit.
3741 3681 3942 3737 Passim
3972 3700 4128 3739 nam-

2549 3785 2651 3839 que
2676 3781 2951 3839 postquam
2978 3771 3211 3840 singulos
3260 3788 3445 3827 versus
3471 3775 3663 3838 attulit,
3696 3774 3916 3842 illosque
3947 3776 4122 3830 maxi-

2546 3876 2633 3919 me
2648 3876 2783 3931 quos
2810 3860 3091 3916 Catholicis
3123 3862 3358 3917 [heretici
3391 3864 3624 3931 obiicere
3653 3865 3893 3918 solebant
3919 3881 3933 3927 ;
3963 3868 4114 3920 audi-

2547 3962 2690 4008 tores
2715 3968 2838 4008 suos
2879 3954 3138 4009 adversus
3186 3956 3396 4010 illorum
3448 3955 3683 4024 argutias
3713 3966 3765 4010 et
3792 3956 4117 4026 sephistnata

2544 4048 2717 4102 munit
2742 4048 3080 4117 roboratque,
3110 4061 3270 4119 atque
3299 4057 3356 4101 ut
3381 4049 3556 4102 statim
3596 4049 4031 4117 deprehenditur,
4056 4051 4123 4108 iis

2543 4141 2838 4209 quieontra
2892 4140 3074 4195 hostes
3113 4140 3412 4210 huiusmodi
3443 4156 3584 4209 smpe
3634 4157 3822 4197 manus
3872 4145 4121 4199 confere-

2543 4236 2671 4291 bant
2693 4253 2842 4292 arma
2872 4237 3160 4291 ministrat.

2614 4330 2737 4384 lla-c
2763 4343 2921 4397 porro
2974 4344 3079 4382 non
3114 4329 3165 4380 in
3214 4327 3461 4381 omnibus
3512 4327 3745 4384 homiliis
3788 4339 4115 4397 occurrunt;

2543 4420 2635 4473 Sed
2662 4421 2712 4472 in
2746 4420 2809 4472 iis
2841 4428 3066 4481 tantum,
3115 4418 3206 4473 ubi
3258 4433 3323 4473 ea
3359 4417 3575 4473 Joannis
3605 4420 3721 4474 loca
3766 4422 4113 4490 explicantur,

2543 4525 2660 4579 quae
2691 4508 2774 4562 vel
2794 4508 2857 4559 ad
2899 4508 3250 4577 :equalitatem
3279 4510 3981 4580 consubstantialitaternquc
4012 4511 4116 4564 Pa-

2545 4602 2640 4655 tris
2664 4609 2717 4655 et
2746 4599 2862 4653 Filii
2887 4600 3208 4668 probamlam
3239 4613 3357 4671 apta
3408 4613 3549 4665 sunt,
3603 4604 3684 4656 vel
3711 4619 3827 4671 qua:
3853 4603 3919 4654 ah
3946 4602 4116 4656 hzere-

2542 4691 2662 4744 tieis
2710 4689 2775 4743 ad
2818 4690 2961 4745 illaut
2994 4692 3397 4761 impugnandam
3429 4693 3830 4761 usurpabantur.
3863 4690 3960 4747 Uhi
3986 4707 4116 4748 vero

2542 4779 2609 4835 de
2625 4779 2895 4834 divinitate
2916 4791 3071 4851 atque
3091 4782 3633 4837 consubstantialitate
3653 4782 3765 4834 Filii
3788 4796 3887 4833 non
3907 4782 4111 4847 agitur;

2543 4870 2750 4926 literam
2777 4872 2862 4925 ille
2894 4874 3072 4941 paucis
3111 4874 3386 4941 exrdanat.
3418 4874 3667 4927 Moralem
3696 4886 3904 4938 quoque
3948 4872 4113 4927 disci-

2542 4961 2735 5030 plinam
2756 4961 2891 5015 inter
2905 4963 3322 5017 concionamlum
3346 4963 3515 5016 rarius
3531 4960 4110 5028 attingit,concionem-

2539 5069 2643 5123 que
2685 5052 2994 5107 brevissima
3034 5054 3405 5108 adhortatione
3460 5050 3645 5104 morali
3695 5050 3929 5103 claudit:
3958 5051 4026 5106 ita
4060 5065 4116 5109 ut

2541 5146 2623 5199 lue
2651 5146 2702 5199 in
2730 5145 2985 5200 Joannem
3014 5148 3320 5209 conciones,
3348 5142 3563 5197 dimidia
3589 5141 3699 5193 fere
3726 5142 3804 5218 sui
3836 5154 3979 5210 parte
4007 5148 4111 5201 rui-

2542 5254 2701 5294 nores
2730 5248 2784 5291 ut
2806 5239 3087 5308 plurimum
3118 5240 3224 5292 sint
3248 5234 3488 5291 Iloaiiliis
3511 5233 3561 5285 in
3591 5231 3907 5293 Matthrenm.

2612 5328 2864 5400 Quodque
2886 5330 3150 5399 singulare
3172 5336 3270 5387 est,
3298 5324 3457 5376 hasce
3478 5323 3529 5375 in
3555 5322 3809 5379 Joannem
3830 5330 4114 5388 conciones

2543 5422 2770 5477 habebat
2813 5423 3243 5494 Chrysostomus,
3274 5430 3482 5469 summo
3522 5430 3676 5469 mane
3702 5427 3756 5470 et
3805 5420 4116 5479 illucescen-

2547 5524 2596 5569 te
2615 5531 2825 5581 aurora,
2858 5526 2913 5570 ut
2938 5513 3252 5570 testificatur
3280 5507 3392 5576 ipse
3419 5507 3633 5561 homilia
3656 5510 3918 5580 trigesima
3943 5515 4110 5583 prima

2550 5599 3259 5662 c.182.l.5:Sircromulier
3289 5597 3639 5664 Samaritana,
3682 5601 3870 5672 inquit,
3922 5613 4113 5656 tantum

2542 5696 2745 5749 adhibet
2768 5694 2988 5747 studium
3014 5698 3067 5741 ut
3094 5688 3214 5757 quid
3236 5688 3356 5741 utile
3380 5688 3584 5757 ediscat,
3614 5702 3661 5745 et
3687 5691 3885 5748 Christo
3907 5693 4113 5755 assidet,

2544 5790 2739 5844 etiamsi
2762 5786 2907 5837 illum
2938 5798 3033 5833 non
3057 5790 3249 5846 noscat,
3273 5797 3421 5850 quant
3472 5798 3565 5837 nos
3590 5786 3785 5839 veniam
3836 5800 4097 5852 conseque-

2544 5897 2679 5943 mur,
2707 5877 2793 5946 qui
2822 5874 2987 5941 ipsum
3012 5874 3255 5938 novimus,
3300 5874 3384 5943 qui
3410 5892 3510 5930 non
3533 5894 3673 5932 secus
3697 5890 3921 5947 puteum,
3942 5892 4039 5930 non
4058 5877 4114 5928 in

2549 5978 2743 6025 deserto
2770 5975 2980 6034 stamus,
3032 5979 3129 6019 non
3160 5964 3210 6018 in
3259 5967 3483 6039 meridie,
3530 5986 3628 6025 non
3656 5970 3823 6025 adusti
3868 5968 4110 6027 saturitas
