4504 6746
405 559 500 614 lGi
1564 550 1741 609 NUNC
1781 546 2048 607 htllli'e'li
2088 547 2477 609 ADOliNATA.

399 671 580 736 radiis,
610 672 700 726 sed
724 670 817 728 sub
839 686 1044 733 aurora,
1070 666 1160 722 sub
1189 666 1285 718 hoc
1313 672 1440 718 tecto
1486 665 1661 720 umbra
1686 668 1907 737 fruimur
1932 670 1979 713 et

400 765 617 819 suaviter
637 766 853 837 agimus,
880 777 1036 831 neque
1062 757 1309 829 patienter
1334 758 1566 812 audimus
1588 756 1707 826 quid
1716 756 1869 820 pium.
1896 751 1983 805 sed

396 859 595 912 desidia
638 852 1126 928 torpeumdllasce
1168 864 1293 906 vero
1330 852 1612 906 conciones
1644 847 1983 901 illucescente

396 965 613 1017 aurora,
641 966 761 1005 eum
789 942 1121 1009 brevissima,
1154 951 1343 1011 praeter
1363 955 1588 1004 morem,
1609 936 1795 990 morali
1820 935 1979 990 disci—

399 1044 565 1111 plina,
597 1035 991 1112 pronuntiabat,
1024 1049 1093 1089 ne
1119 1035 1340 1090 aliarum
1368 1032 1711 1094 conciouum,
1732 1044 1863 1098 quas
1885 1044 1981 1098 per

397 1151 595 1190 annum
623 1130 867 1196 habebat,
897 1136 951 1181 et
969 1142 1089 1198 qua:
1137 1127 1426 1183 moralibus
1474 1121 1750 1192 pra'ceptis
1780 1120 1979 1175 redun-

397 1228 616 1287 dabant,
643 1235 860 1276 cursum
907 1220 1290 1290 interpellaret.
1324 1217 1430 1270 llas
1472 1229 1600 1268 vero
1630 1214 1680 1267 in
1734 1214 1977 1279 Evange-

395 1317 524 1371 lium
549 1310 770 1368 Joannis
807 1310 1079 1365 breviores
1121 1309 1406 1364 conciones
1436 1303 1498 1359 iis
1534 1315 1734 1359 tantum
1783 1302 1981 1357 dixisse

396 1406 624 1465 videtur,
653 1400 883 1471 quicum
908 1401 1173 1457 lucreticis
1192 1404 1583 1452 concertarent.

470 1495 905 1567 Elegantissimas
948 1496 1110 1550 etiam
1162 1494 1215 1546 in
1262 1489 1552 1559 Epistolam
1599 1489 1665 1542 ad
1705 1485 1980 1539 Romanos

395 1589 685 1647 conciones
704 1589 1002 1644 Antiochiae
1029 1585 1213 1641 habuit
1241 1584 1259 1653 (
1285 1581 1345 1636 T.
1376 1582 1428 1637 9.
1458 1598 1505 1634 c.
1531 1581 1695 1649 583),
1730 1585 1789 1629 ut
1818 1574 1979 1645 liqui-

394 1683 466 1738 do
493 1691 702 1736 constat
721 1698 788 1736 ex
818 1682 902 1745 iis,
931 1694 1049 1749 qua:
1078 1678 1131 1731 in
1162 1677 1476 1731 Prin-latione
1494 1673 1740 1727 diximus.
1770 1668 1862 1722 llis
1884 1683 1979 1721 au-

396 1784 503 1828 tem
547 1772 845 1825 accuratius
892 1767 1273 1823 coneinnandis
1324 1780 1542 1836 Operam
1599 1759 1747 1815 dedit
1793 1759 1979 1814 doctor

392 1873 598 1926 noster,
630 1862 751 1930 quia
781 1861 832 1913 in
854 1862 950 1913 hac
970 1859 1190 1929 epistola
1211 1859 1403 1913 Paulus
1419 1858 1644 1910 obseura
1659 1852 1977 1905 humanum-

392 1968 497 2023 que
525 1952 854 2006 ratiocinium
883 1950 1251 2020 exsuperantia
1272 1948 1434 2003 multa
1458 1944 1829 2007 admiscuerat,
1858 1958 1977 2013 qua:

394 2045 673 2113 ingenioso
702 2059 767 2099 ac
790 2052 1007 2098 strenuo
1036 2045 1324 2111 interprete
1350 2051 1485 2106 opus
1534 2035 1750 2089 habent.
1797 2036 1977 2104 Expli-

391 2136 577 2189 candis
601 2136 808 2189 arcanis
841 2136 943 2191 illis
973 2132 1261 2203 mysteriis,
1286 2144 1403 2197 qua:
1432 2128 1631 2198 passim
1671 2128 1721 2180 in
1744 2126 1840 2182 hac
1860 2127 1976 2197 epi-

391 2233 529 2280 stola
560 2234 866 2292 occurrunt,
898 2235 1094 2277 tantam
1116 2222 1352 2277 Joannes
1379 2229 1563 2273 lt0s‘lcr
1580 2218 1818 2274 adhibuit
1844 2234 1977 2288 ope-

394 2332 529 2383 ram,
562 2326 617 2370 ut
642 2316 728 2369 vix
760 2330 939 2383 parem
970 2317 1022 2367 in
1068 2313 1280 2380 scriptis
1300 2309 1415 2379 ejus
1431 2310 1814 2380 deprehendas.
1842 2309 1976 2363 Cer-

393 2419 445 2463 te
466 2412 629 2463 multa
653 2410 703 2461 in
734 2408 816 2461 illa
842 2406 1101 2460 habentur
1125 2405 1266 2459 circa
1296 2405 1512 2474 gratiam
1543 2412 1597 2459 et
1628 2401 1978 2474 prmdcstina-

392 2503 614 2563 tionem,
646 2516 765 2569 qua:
796 2497 1236 2568 peritissimorum
1262 2497 1466 2567 ingenia
1493 2506 1800 2557 exerceant,
1832 2509 1980 2563 qua:-

390 2607 497 2661 qtte
527 2607 630 2644 non
658 2591 773 2646 sine
801 2590 1013 2645 errandi
1066 2590 1304 2660 periculo
1351 2588 1564 2643 tractari
1600 2596 1842 2657 possunt,
1875 2586 1979 2640 nisi

392 2700 581 2753 magna
602 2684 775 2737 cautio
798 2682 1133 2738 adhibeatur.
1172 2682 1321 2736 lianc
1347 2681 1662 2736 concionum
1684 2683 1736 2734 in
1767 2680 1978 2749 Episto-

391 2777 497 2828 la‘m
527 2774 592 2828 ad
623 2774 894 2829 Romanos
913 2774 1281 2829 collectionem
1333 2774 1511 2843 magni
1572 2773 1698 2827 facit
1749 2771 1979 2825 Isidorus

392 2869 681 2931 I’elnsiota,
710 2868 904 2939 aliique
930 2868 1070 2922 docti
1100 2867 1197 2923 viri
1244 2867 1487 2922 eamdem
1537 2864 1811 2935 proferunt
1853 2878 1977 2918 sen-

392 2963 633 3017 tentiam.
666 2961 865 3016 Omnes
884 2960 1115 3030 denique
1145 2960 1231 3013 hic
1251 2960 1509 3029 grandem
1540 2958 1736 3027 ingenii
1768 2956 1979 3011 subtili-

392 3062 574 3115 tatem,
599 3052 785 3106 orandi
806 3052 912 3105 vim
934 3059 989 3105 et
1026 3051 1340 3119 elegantiam
1384 3065 1491 3117 pra:
1519 3063 1577 3103 sc
1594 3048 1790 3112 ferent,
1822 3055 1979 3115 atque

395 3148 622 3199 nativam
647 3145 761 3214 ejus
794 3143 1175 3214 eloquentiam,
1229 3143 1531 3213 stylumque
1572 3142 1784 3196 caeteris
1812 3140 1979 3211 Chryc

391 3240 615 3293 sostomi
642 3239 890 3309 operibus
914 3238 993 3291 sie
1018 3237 1255 3301 afﬁnem,
1288 3245 1472 3289 utnon
1507 3236 1575 3289 sit
1598 3250 1757 3289 ovum
1778 3248 1880 3289 ovo
1903 3232 1977 3286 si-

394 3330 592 3383 utilius.

466 3421 607 3475 Inter
633 3419 1065 3490 ptmstantissima
1096 3417 1462 3489 Chrysostomi
1493 3433 1651 3486 Opera
1683 3430 1978 3471 accensen-

395 3524 481 3567 ιιι·
506 3514 747 3567 llomilize
769 3513 822 3566 in
854 3511 1147 3580 Epistulam
1193 3522 1471 3578 utramque
1498 3508 1643 3562 Pauli
1673 3506 1741 3561 ad
1784 3504 1978 3560 Corin-

396 3607 535 3660 thios
563 3606 581 3675 (
606 3604 666 3658 Τ.
695 3605 763 3659 10
790 3603 832 3675 ),
859 3619 922 3657 ac
946 3618 1064 3657 cum
1097 3601 1280 3672 primis
1327 3599 1587 3669 elegantia
1617 3606 1671 3652 et
1723 3598 1980 3667 gravitate

392 3705 704 3751 concertare
731 3702 951 3765 possunt
980 3708 997 3759 ;
1023 3693 1249 3747 tnaximc
1264 3706 1391 3745 vero
1410 3688 1649 3743 Humilia:
1679 3689 1730 3742 in
1754 3689 1979 3758 primam

394 3786 706 3855 Epistulam,
734 3800 867 3855 quas
913 3784 1156 3839 Homiliis
1187 3783 1253 3837 ad
1281 3782 1570 3837 secundam
1617 3782 1769 3836 multi
1794 3789 1982 3851 putant

393 3896 514 3936 esse
541 3877 933 3939 anteferendus,
968 3878 1012 3931 si
1043 3886 1220 3947 tropos
1237 3886 1291 3931 et
1328 3875 1724 3929 accurationem
1768 3884 1979 3943 Specta-

393 3972 556 4025 reris.
589 3968 646 4024 ln
670 3969 936 4039 prioribus
970 3984 1199 4037 namque
1227 3966 1511 4037 diligenter
1549 3966 1728 4021 omnia
1754 3966 1980 4019 fusiore-

391 4080 499 4139 que
528 4065 666 4137 stylo
706 4063 1059 4135 persequitur,
1086 4062 1390 4131 salibusque
1440 4057 1748 4129 frequenter
1794 4059 1977 4122 utitur,

392 4175 456 4215 ac
481 4157 762 4213 minutiora
785 4170 1007 4226 qumque
1035 4152 1248 4207 discutit
1272 4167 1287 4213 ;
1318 4166 1576 4220 nusquam
1604 4160 1750 4205 certe
1774 4148 1981 4218 majore

392 4249 569 4305 studio
592 4246 892 4303 elaboratas
930 4244 1217 4299 conciones
1263 4239 1673 4310 deprehendas;
1712 4256 1814 4308 qua
1844 4240 1895 4292 in
1920 4254 1980 4295 re

395 4343 620 4397 fortasse
640 4342 854 4412 quidam
889 4340 1127 4393 hodierni
1151 4339 1376 4392 lectores
1406 4336 1703 4391 redundare
1732 4336 1901 4396 illum,
1924 4344 1981 4390 et

396 4435 532 4488 ultra
559 4443 728 4487 metas
773 4445 1171 4501 nonnumquam
1217 4429 1464 4500 progredi
1504 4426 1973 4483 dixerint.Verum

395 4527 504 4592 ille,
528 4525 667 4595 quod
694 4525 1015 4594 prmcipuum
1063 4533 1146 4579 est
1186 4524 1410 4577 oratoris
1438 4538 1650 4587 munus,
1679 4520 1977 4577 auditorum

395 4618 666 4687 ingenium
695 4624 749 4669 et
776 4624 986 4683 captum
1018 4624 1121 4667 tam
1144 4614 1372 4669 solerter
1400 4614 1787 4682 exploraverat,
1826 4621 1881 4666 ut
1904 4611 1980 4666 si-

397 4711 449 4764 bi
471 4723 656 4764 eorum
676 4707 882 4761 animos
898 4704 1221 4769 conciliaret,
1242 4713 1445 4774 gratam
1467 4706 1740 4759 coneionis
1762 4705 1980 4758 admur-

397 4799 751 4856 murationem
779 4796 1101 4867 plaususque
1130 4795 1455 4864 frequentes,
1489 4805 1546 4849 ut
1574 4797 1625 4849 in
1676 4797 1977 4851 orationum

396 4892 627 4945 decursu
647 4888 846 4943 videas.
876 4886 956 4941 Ad
979 4885 1093 4940 haec
1118 4900 1246 4940 vero
1290 4886 1341 4939 in
1387 4885 1629 4939 llomiliis
1657 4886 1722 4938 ad
1752 4887 1976 4954 primam

395 4982 687 5052 Epistulam
719 4981 941 5051 plurima
969 4987 1293 5042 occurrunt;
1324 4994 1510 5047 pugnze
1539 4994 1728 5046 nempe
1760 4987 1815 5031 et
1842 4978 1978 5031 reli-

394 5076 625 5131 tationes
676 5075 979 5145 frequentes
1024 5079 1209 5125 contra
1263 5070 1609 5140 phiIOSOphos
1665 5079 1879 5123 exteros
1925 5077 1980 5125 et

393 5164 650 5220 falsorum
669 5167 887 5222 deorum
917 5163 1167 5228 cultores,
1227 5170 1282 5217 et
1306 5172 1490 5216 contra
1540 5161 1819 5219 Ita'rcticos
1846 5176 1980 5216 non-

392 5257 570 5313 nullos
592 5274 608 5323 ;
634 5275 697 5313 ac
730 5258 1011 5329 singularia
1052 5256 1294 5327 qumdam
1321 5256 1388 5309 ad
1416 5258 1547 5310 istus
1574 5255 1673 5311 arvi
1701 5270 1902 5311 morem
1925 5265 1979 5311 et

395 5363 549 5401 usum
583 5350 922 5417 pertinentia,
952 5347 1159 5417 aliaque
1196 5347 1261 5425 de
1287 5347 1478 5416 quibus
1517 5349 1569 5402 in
1634 5348 1833 5403 Μοιιὶιο
1856 5364 1976 5403 car-

394 5439 523 5509 ptim
553 5441 747 5508 agitur,
793 5456 985 5511 nempe
1029 5441 1165 5495 circa
1199 5439 1539 5509 ρὶιὶιοεονίιυς
1567 5452 1801 5509 exteros,
1834 5443 1974 5496 circa

396 5530 693 5594 hrcreticos,
746 5530 1069 5587 Manichacus
1088 5542 1142 5587 et
1191 5531 1576 5595 Marcionistas,
1607 5541 1791 5587 contra
1816 5532 1974 5588 Chri-

390 5623 684 5676 stianorum
711 5621 1160 5680 Antiochenorum
1187 5637 1383 5679 mores.

466 5712 722 5769 llomilias
772 5713 826 5767 in
875 5718 1163 5775 secundam
1210 5720 1278 5776 ad
1329 5718 1631 5776 Corinthios
1682 5720 1973 5792 Epistulam

394 5808 482 5883 (Τ.
507 5808 595 5864 10.
618 5825 664 5861 c.
696 5806 823 5874 382)
854 5824 957 5861 non
998 5816 1110 5881 pari
1152 5816 1411 5883 elegantia
1438 5823 1597 5885 atque
1627 5814 1864 5885 priores,
1906 5822 1975 5873 de

392 5903 586 5975 quibus
612 5902 716 5972 iam
746 5906 922 5957 actum
945 5909 1047 5970 est,
1068 5905 1293 5973 scriptas
1318 5905 1480 5962 fuisse
1504 5906 1717 5978 quidam
1747 5922 1969 5977 uptnan-

397 6009 500 6052 tur.
527 5993 776 6052 Breviore
795 5993 978 6067 utique
996 5995 1135 6067 style
1153 5994 1237 6051 ha:
1259 6000 1583 6067 posteriores
1602 6000 1971 6071 explanantur.

3566 559 3670 615 MS

2092 663 2156 717 Et
2184 667 2302 735 quia
2329 666 2742 739 Cbrysostomus
2768 670 2821 723 ln
2847 668 3023 738 priore
3045 669 3276 738 Epistula
3303 670 3523 727 Paulum
3545 688 3673 742 apo-

2089 756 2280 811 stolum
2326 768 2604 827 sequutus,
2655 761 2746 830 qui
2781 758 3113 815 Christianos
3160 762 3300 822 illos.
3341 760 3395 818 in
3443 765 3670 820 ecclesia

2089 850 2346 903 tumultus
2374 856 2429 903 et
2452 848 2671 904 dissidia
2699 860 2974 907 moventes
2992 891 3011 913 τ
3039 850 3404 910 vehementius
3441 855 3671 913 insecta-

2087 944 2263 1007 batur,
2296 957 2417 995 cnm
2465 945 2751 999 acrimonia
2799 945 2998 1017 majore
3038 956 3197 1001 etlam
3241 946 3356 1015 ipse
3400 948 3668 1019 loquitur;

2087 1034 2140 1088 in
2172 1032 2403 1088 secunda
2435 1044 2610 1089 autem
2653 1052 2773 1091 eum
2820 1039 3063 1105 apostolo
3107 1038 3342 1107 pacatius
3384 1040 3528 1110 agit,
3570 1055 3669 1097 nec

2088 1125 2255 1192 tropis
2284 1135 2390 1178 tam
2420 1126 2783 1194 frequentibus
2809 1129 2971 1180 utitur
2999 1146 3011 1181 :
3042 1145 3140 1182 nec
3166 1145 3344 1197 parem
3372 1142 3517 1186 certe
3540 1145 3669 1201 ope—

2087 1231 2201 1270 ram
2230 1216 2280 1269 in
2312 1216 2569 1271 ambabus
2595 1218 2899 1273 adhibuisse
2922 1218 3147 1274 videtur.

2162 1312 2224 1369 Ut
2256 1313 2307 1367 in
2338 1314 2600 1383 prioribus
2643 1313 2905 1381 homiliis,
2937 1315 2990 1369 in
3022 1315 3169 1370 hisce
3203 1314 3363 1369 etiam
3389 1314 3667 1372 Marcioni-

2085 1413 2194 1460 stas
2238 1406 2489 1476 exagitat,
2533 1405 2623 1476 qui
2667 1404 2915 1460 dicebant
2955 1420 3131 1459 rerum
3176 1404 3423 1475 Opificem
3469 1403 3664 1474 iustum

2085 1513 2237 1565 esse,
2269 1499 2363 1553 sed
2409 1515 2515 1552 non
2555 1498 2793 1562 bonum;
2838 1496 3156 1551 Manichzeos
3187 1498 3311 1552 item
3352 1498 3666 1561 insectatur,

2084 1589 2174 1659 qui
2205 1606 2297 1643 ore
2327 1590 2488 1658 impio
2530 1587 2674 1642 hunc
2718 1603 2896 1643 rerum
2945 1587 3187 1658 opiﬁcem
3231 1588 3498 1643 diabolum
3548 1603 3668 1644 esse

2085 1679 2521 1749 pronuntiabant.
2547 1678 2838 1734 [hereticos
2866 1680 2983 1733 illos
3007 1680 3211 1749 aliquot
3236 1681 3288 1732 in
3317 1677 3446 1733 locis
3474 1681 3665 1748 carpit,

2083 1784 2291 1825 necnon
2343 1780 2397 1825 et
2425 1768 2560 1824 alios
2607 1769 2695 1839 qui
2737 1768 2985 1823 dicebant
3031 1769 3287 1823 mundum
3335 1770 3508 1838 ipsum
3549 1782 3669 1823 esse

2082 1862 2264 1928 deutn,
2312 1862 2403 1931 qui
2450 1876 2603 1915 error
2648 1862 2807 1915 etiam
2838 1876 2953 1915 tero
2992 1872 3171 1918 nostro
3217 1874 3505 1918 renovatus
3550 1863 3665 1918 fuit.

2081 1956 2198 2007 Alia
2246 1968 2457 2022 quoque
2503 1953 2789 2021 observato
2836 1950 2997 2021 digna
3048 1952 3100 2005 in
3153 1953 3233 2005 his
3284 1954 3667 2020 posterioribus

2083 2046 2318 2099 lmniliis
2364 2056 2669 2098 occurrunt.
2721 2043 2966 2097 Allirmat
3002 2042 3059 2097 S.
3092 2043 3282 2096 doctor
3308 2044 3664 2098 Alexandrum

2081 2154 2113 2191 a
2137 2137 2336 2191 Senatu
2362 2136 2604 2189 Romano
2633 2138 2841 2190 tertium
2867 2136 3130 2190 decimum
3157 2136 3313 2191 deum
3340 2135 3669 2192 declaratum

2082 2228 2266 2294 fuisse,
2300 2228 2352 2281 id
2382 2228 2522 2298 quod
2554 2229 2795 2298 nuspiam
2836 2230 3052 2283 memini
3090 2244 3176 2284 me
3216 2231 3412 2298 legere.
3453 2229 3669 2286 Tertius

2082 2330 2259 2375 autem
2289 2320 2526 2375 decimus
2553 2319 2686 2373 deus
2714 2320 2886 2375 dictus
2914 2321 3008 2374 fuit
3032 2362 3045 2384 ,
3085 2321 3207 2389 quia
3233 2321 3509 2376 duodecim
3539 2321 3670 2377 deos

2083 2413 2256 2469 Grmci
2287 2413 2520 2483 itemque
2550 2413 2774 2467 Romani
2802 2413 3171 2479 admittebant,
3204 2413 3285 2468 his
3314 2413 3522 2468 duobus
3552 2428 3669 2467 ver-

2083 2506 2229 2559 sibus
2258 2505 2673 2575 comprehensos
2707 2524 2721 2559 :

2204 2708 2344 2761 Juno,
2369 2708 2532 2763 vesta,
2556 2704 2787 2760 minerva,
2805 2707 2969 2761 Ceres,
2999 2703 3159 2761 Diana,
3185 2710 3376 2765 Venus,
3402 2712 3547 2765 mars,

2205 2788 2487 2848 Mercurius,
2529 2788 2690 2846 Jovis,
2738 2794 3010 2849 septenus,
3055 2787 3316 2848 Vult-auus,
3362 2785 3546 2849 Apollo.

2152 2957 2608 3011 Commentarium
2651 2958 2775 3012 item
2808 2957 2859 3011 in
2888 2956 3179 3026 Epistulam
3210 2957 3276 3010 ad
3307 2955 3521 3011 Galatas
3552 2960 3664 3012 An-

2085 3047 2298 3102 tiochia:
2326 3047 2492 3101 edidit
2518 3046 2616 3119 (Τ.
2641 3047 2727 3103 10.
2767 3061 2811 3101 c.
2840 3046 3014 3116 609),
3048 3055 3109 3101 ut.
3150 3047 3203 3101 in
3242 3046 3438 3101 Monito
3469 3047 3664 3103 ibidem

2081 3140 2427 3212 probavimus
2458 3158 2473 3196 :
2502 3141 2589 3195 cui
2618 3140 2929 3196 adornanda
2953 3157 3058 3197 non
3084 3141 3293 3196 solitam
3324 3157 3540 3211 operam
3568 3155 3671 3212 po-

2081 3235 2189 3287 suit
2211 3233 2645 3305 Chrysostomus.
2680 3234 2734 3287 In
2773 3234 2891 3289 aliis
2928 3236 3123 3305 quippe
3153 3235 3205 3289 in
3233 3233 3438 3289 Novum
3478 3235 3669 3291 Testa—

2084 3334 2324 3378 mentum
2379 3324 2842 3393 explanationibus
2897 3327 3074 3381 omnia
3132 3325 3186 3380 in
3240 3327 3526 3383 conciones
3576 3343 3669 3383 seu

2083 3416 2333 3471 homilias
2358 3415 2525 3470 divisa
2555 3427 2608 3471 et
2634 3416 2913 3472 distributa
2942 3427 3100 3478 sunt;
3130 3418 3198 3472 ita
3228 3427 3284 3472 ut
3310 3419 3499 3472 concio
3524 3434 3663 3489 qua-

2083 3508 2214 3563 libet
2237 3507 2409 3561 ethica
2435 3506 2805 3561 adhortatione
2831 3507 3136 3574 claudatur,
3165 3518 3217 3562 et
3266 3510 3486 3563 moralia
3517 3510 3666 3564 istiec

2085 3601 2377 3672 posteriora
2410 3612 2674 3671 praecepta
2718 3616 2961 3670 magnam
3003 3610 3060 3654 ut
3103 3601 3388 3669 plurimum
3433 3602 3666 3657 homiliae

2084 3705 2284 3762 partem
2331 3692 2775 3762 complectantur.
2818 3690 2873 3745 in
2918 3691 3021 3747 hoc
3061 3702 3240 3747 autem
3268 3694 3668 3749 Commentario

2083 3786 2258 3841 omnia
2288 3800 2442 3841 secus
2470 3785 2727 3839 adornata
2770 3796 2895 3839 sunt
2923 3802 2936 3838 :
2972 3801 3092 3839 nam
3132 3786 3469 3841 continenter
3492 3787 3667 3857 Chry-

2082 3887 2350 3932 sostomus
2391 3876 2458 3931 ad
2490 3878 2649 3931 tinem
2683 3892 2849 3946 usque
2889 3877 3127 3946 epistolae
3154 3892 3335 3931 versus
3359 3893 3546 3932 omnes
3570 3893 3669 3933 ex-

2083 3970 2282 4038 planat.
2300 3967 2515 4022 Moralia
2544 3982 2963 4038 nonnumquam,
2987 3966 3155 4021 sicubi
3181 3967 3394 4022 occasio
3422 3967 3665 4037 offertur,

2082 4060 2377 4127 admiscet;
2427 4060 2523 4117 sed
2563 4076 2669 4116 non
2709 4069 2768 4115 ut
2817 4076 2914 4131 pro
2957 4075 3107 4117 more
3152 4060 3312 4116 solito
3354 4061 3667 4118 concionem

2083 4153 2316 4209 claudat.
2350 4153 2610 4223 Populum
2640 4162 2820 4209 autem
2864 4168 2969 4207 non
3011 4167 3135 4207 raro
3172 4153 3477 4223 alloquitur.
3521 4152 3669 4220 Qua-

2083 4256 2306 4317 propter
2345 4245 2665 4300 crediderim
2697 4245 2813 4298 hzre
2849 4244 2994 4298 illum
3025 4244 3096 4298 ita
3136 4244 3554 4308 concinnavisse,
3585 4244 3670 4299 vel

2086 4346 2146 4392 ut
2187 4337 2433 4408 prtesenti
2466 4337 2660 4406 popqu
2700 4337 2779 4391 sic
2818 4335 3019 4404 legeret
3059 4344 3150 4389 aut
3190 4336 3471 4402 recitaret,
3504 4334 3674 4391 velut

2086 4429 2257 4483 diviso
2283 4428 2464 4483 multis
2487 4428 2537 4480 in
2567 4426 2802 4497 partibus
2822 4425 3216 4479 Commentario
3236 4425 3458 4496 singulis
3486 4437 3670 4495 postea

2085 4521 2323 4592 partibus
2352 4520 2583 4575 ethicum
2611 4520 2874 4589 epilogum
2903 4518 3174 4589 adjiceret,
3206 4529 3266 4574 ut
3294 4536 3389 4589 pro
3414 4528 3669 4574 consueto

2086 4628 2236 4669 more
2275 4613 2326 4668 in
2360 4611 2607 4667 homilias
2647 4611 2985 4666 distributum
3025 4625 3159 4680 opus
3205 4610 3401 4679 populo
3428 4623 3636 4680 pronun

2084 4704 2262 4759 tiaret.
2311 4702 2446 4759 Utro
2482 4711 2661 4757 autem
2706 4702 2865 4756 modo
2892 4701 3077 4771 egerit,
3123 4700 3335 4755 nonnisi
3382 4699 3672 4758 divinanda

2082 4796 2299 4867 assequi
2323 4810 2626 4868 possumus.

2155 4888 2213 4943 In
2242 4888 2345 4943 hoc
2372 4897 2517 4944 certe
2542 4884 2934 4941 Commentario
2957 4882 3371 4957 Chrysostomus
3400 4885 3554 4955 longe
3578 4898 3662 4939 ae-

2084 4985 2321 5037 euratins
2346 4981 2599 5051 apostolis
2624 4979 2765 5034 dicta
2793 4979 3036 5050 explorat
3064 4988 3120 5036 et
3147 4980 3396 5049 explicat,
3425 4992 3581 5049 quam
3611 4979 3665 5035 ia

2086 5078 2265 5131 multis
2292 5076 2408 5129 aliis
2438 5074 2670 5128 homiliis
2711 5084 2766 5128 et
2790 5074 3204 5128 commentariis.
3235 5073 3528 5127 Anomoeos
3557 5086 3664 5127 non

2085 5170 2251 5225 semel
2279 5166 2489 5239 egregie
2528 5165 2753 5230 refellit,
2788 5180 2990 5220 necnon
3022 5162 3386 5219 Marcionistas
3412 5171 3467 5218 et.
3492 5162 3631 5217 Mani

2084 5264 2262 5318 elueos
2302 5280 2317 5316 :
2362 5267 2545 5316 contra
2591 5261 2951 5315 Antiochenos
2994 5256 3190 5312 multos
3237 5257 3530 5321 deelamat,
3575 5258 3664 5324 qui
3730 5310 3733 5313 .

2086 5355 2333 5411 Judaicos
2361 5352 2496 5407 ritus
2524 5353 2879 5408 sectabantur.
2913 5350 3063 5406 Alios
3098 5351 3256 5406 etiam
3285 5348 3511 5419 exagitat
3536 5389 3554 5414 ,
3578 5350 3667 5417 qui

2086 5450 2183 5503 sibi
2210 5449 2381 5502 virilia
2408 5447 2768 5516 amputabant,
2794 5460 2952 5513 quem
2980 5459 3183 5499 morem
3210 5444 3434 5498 ianuere
3459 5442 3665 5497 videtur

2085 5561 2118 5599 a
2146 5541 2447 5597 Maluit-lueis
2479 5542 2740 5594 invectum
2773 5537 2959 5593 fuisse.

2157 5644 2299 5689 Inter
2326 5633 2603 5689 selectiora
2632 5630 2866 5703 doctoris
2896 5629 3058 5684 nostri
3092 5626 3175 5699 (Τ.
3208 5630 3294 5695 ll,
3322 5627 3485 5695 initio)
3508 5624 3667 5679 Com-

2086 5726 2339 5783 mentaria
2355 5727 2559 5781 censeri
2578 5725 2772 5779 debent
2788 5724 3025 5779 llomiiize
3044 5723 3094 5775 in
3115 5722 3403 5791 Epistulam
3415 5720 3479 5773 ad
3500 5718 3671 5788 Epize-

2087 5824 2215 5887 sius,
2248 5829 2359 5875 tum
2385 5822 2505 5890 quia
2538 5820 2587 5874 in
2620 5818 2700 5872 his
2728 5833 2816 5873 res
2848 5815 3059 5871 uberius
3085 5813 3370 5885 expendit,
3403 5819 3512 5865 tum
3542 5811 3667 5880 quia

2087 5913 2250 5967 multa
2288 5919 2342 5965 et.
2370 5909 2654 5980 singularia
2688 5908 2883 5976 passim
2915 5907 3144 5971 imbuat,
3182 5918 3298 5973 qua:
3339 5902 3541 5971 possint
3580 5911 3668 5952 aut

2085 6004 2150 6061 ad
2178 6005 2387 6062 beatam
2414 6011 2503 6060 aut
2540 6002 2605 6059 ad
2644 6003 2891 6058 miseram
2921 6000 3080 6054 vitam
3120 6012 3222 6054 non
3266 6009 3451 6067 parum
3478 5993 3669 6049 aitet-ra
