4504 6732
910 601 1011 659 165

908 712 1180 769 momenti.
1217 706 1511 763 Antiochia:
1538 714 1711 759 autem
1741 701 1947 757 habitus
1990 702 2149 756 fuisse
2192 700 2242 753 in
2272 696 2469 751 Prasia-

910 806 1053 859 tione
1084 798 1360 868 probatum
1388 806 1492 852 est.

977 891 1194 947 Orditur
1222 897 1395 942 autem
1426 886 1493 941 ab
1518 882 1726 953 Epheso
1748 883 1895 947 urbe,
1924 898 2081 951 quam
2114 891 2168 936 ut
2194 879 2332 933 Asia:
2359 893 2474 931 me-

906 980 1138 1052 tropolin
1167 979 1416 1035 celebrat.
1445 974 1894 1030 Antiochenorum
1921 987 2112 1041 pravos
2138 985 2309 1024 mores
2336 967 2478 1022 inse-

907 1084 1083 1128 ctatur
1102 1114 1116 1139 ,
1147 1086 1241 1126 eos
1264 1082 1393 1123 vero
1416 1066 1646 1121 maxime
1668 1106 1683 1132 ,
1713 1065 1801 1134 qui
1826 1064 1892 1116 ab
1916 1062 2143 1116 ethnicis
2169 1068 2222 1114 et
2258 1058 2477 1112 idolola-

911 1166 1006 1218 tris
1036 1167 1437 1233 promanarant,
1467 1170 1526 1214 ιιι
1558 1167 1728 1212 sortes
1768 1166 1819 1209 et
1858 1153 2265 1215 incantationes,
2315 1150 2474 1203 fatum

908 1255 1066 1307 etiam
1116 1261 1169 1306 et
1216 1247 1733 1319 metempsychosin;
1781 1244 2131 1314 dicebantque
2177 1243 2249 1297 illi
2300 1241 2474 1294 omnia

903 1335 1053 1391 nulla
1070 1340 1179 1410 geri
1200 1337 1521 1408 providentia
1542 1354 1557 1401 ;
1581 1335 1666 1388 alii
1696 1350 1821 1388 vero
1848 1334 2003 1390 deum
2026 1348 2147 1389 esse
2166 1345 2356 1398 corpus
2380 1331 2477 1383 im-

908 1447 1045 1500 pune
1058 1430 1381 1485 asserebant.
1398 1427 1474 1481 De
1493 1426 1759 1480 ominibus
1776 1433 1948 1479 autem
1964 1433 2015 1477 et
2034 1420 2298 1490 prmsagiis
2316 1422 2477 1474 multa

907 1520 1104 1589 profert
1118 1518 1333 1573 omnino
1351 1516 1656 1587 singularia.
1680 1515 1832 1570 Hom.
1855 1513 2057 1567 decima
2074 1510 2201 1565 dicit
2218 1513 2478 1578 ἀγάλματα

904 1626 995 1662 seu
1015 1607 1208 1675 figuras
1235 1607 1319 1660 vel
1347 1607 1601 1675 imagines
1630 1606 1681 1656 in
1698 1602 1919 1657 ecclesia
1949 1616 2089 1667 esse,
2126 1615 2300 1669 neque
2328 1602 2476 1669 plura

903 1696 1084 1764 adjicit
1126 1696 1181 1750 in
1216 1710 1304 1760 re,
1337 1709 1491 1763 quam
1531 1692 1696 1761 magis
1743 1706 2033 1759 expensam
2074 1689 2235 1744 fuisse
2260 1689 2474 1744 vellem.

905 1788 1193 1841 llmreticos
1240 1786 1431 1855 passim
1481 1784 1742 1853 exagitat,
1791 1782 2145 1847 Marcionem,
2191 1780 2473 1845 Manetem,

909 1878 1264 1940 Valentinum,
1293 1877 1550 1930 Catbaros
1576 1890 1668 1930 seu
1697 1875 2017 1929 Novatianos
2034 1916 2047 1938 ,
2074 1873 2254 1927 Arium
2280 1872 2332 1925 in
2358 1886 2475 1923 om-

902 1967 1057 2023 nibus
1089 1982 1223 2036 pene
1247 1966 1591 2021 concionihus
1612 2008 1624 2028 ,
1657 1966 1892 2034 aliosque
1916 1965 2074 2017 etiam
2107 1962 2400 2015 hmreticos.

975 2059 1233 2115 Homilies
1258 2073 1468 2128 quoque
1495 2058 1545 2110 in
1587 2055 1848 2125 Epistolas
1874 2054 2003 2107 duas
2031 2052 2129 2124 (Τ.
2159 2053 2245 2107 ll.
2264 2072 2309 2107 ε.
2339 2057 2476 2124 499)

904 2150 970 2204 ad
999 2148 1330 2204 Timotheum
1377 2157 1619 2218 putamus
1662 2161 1790 2210 nos,
1824 2144 1961 2199 haud
2009 2143 2211 2199 levibus
2250 2145 2477 2214 permoti

905 2238 1198 2295 rationibus
1218 2279 1233 2303 ,
1262 2236 1555 2292 Antiochia:
1584 2235 1789 2290 habitas
1809 2276 1823 2301 ,
1872 2242 1930 2287 ut
1956 2233 2135 2289 videas
2173 2233 2225 2287 in
2257 2234 2475 2290 Monito.

906 2330 961 2386 In
992 2330 1075 2384 bis
1101 2345 1229 2384 vero
1252 2328 1623 2391 concionibus,
1665 2326 1789 2384 licet
1819 2326 2018 2396 aliquot
2059 2326 2110 2378 in
2140 2326 2270 2379 locis
2307 2326 2479 2394 negli-

902 2426 1111 2492 gentius
1157 2437 1312 2491 agere
1355 2430 1408 2474 et
1452 2433 1845 2488 nonnumquam
1877 2418 1998 2473 vilia
2043 2432 2142 2473 nec
2183 2429 2478 2473 memoratu

902 2515 1056 2585 digna
1084 2524 1306 2569 tractare
1331 2514 1594 2579 videatur,
1626 2513 1820 2582 passim
1852 2522 2030 2569 tamen
2056 2526 2244 2567 avaros
2265 2553 2278 2576 ,
2309 2520 2360 2565 et
2386 2526 2478 2566 eos

902 2608 991 2677 qui
1031 2605 1297 2661 facultatis
1339 2604 1589 2675 augenda:
1616 2605 1793 2660 studio
1828 2615 2141 2660 ceterorum
2179 2604 2316 2658 bona
2344 2600 2476 2657 diri—

903 2712 1029 2765 pere
1081 2697 1422 2765 satagebant,
1451 2696 1662 2767 egregie
1699 2696 1866 2764 carpit
1904 2705 1958 2749 et
1998 2695 2314 2758 insectatur,
2347 2706 2474 2747 nus-

900 2803 1056 2857 quam
1098 2788 1256 2841 linem
1288 2786 1411 2844 facit
1439 2786 1723 2857 impetendi
1756 2804 1767 2838 :
1799 2800 1969 2855 neque
1996 2785 2157 2839 alium
2185 2783 2300 2854 ejus
2326 2798 2475 2839 com-

900 2877 1214 2933 tnentarium
1240 2876 1458 2943 videas,
1500 2877 1587 2932 ubi
1628 2876 1751 2930 huic
1790 2875 2085 2930 antovendo
2116 2875 2257 2929 malo
2295 2890 2473 2945 parem

900 2968 1496 3040 insumpseritoperam.
1540 2967 1692 3024 Unde
1721 2968 1916 3024 inferas
1944 2977 2147 3037 pestem
2186 2968 2331 3022 illam
2361 2984 2475 3021 ma-

900 3059 1111 3117 navisse
1149 3059 1200 3113 in
1245 3059 1362 3115 dies
1408 3059 1604 3125 latius;
1652 3059 1951 3128 multosque
1989 3069 2115 3113 tunc
2153 3057 2352 3124 fuisse,
2388 3060 2473 3128 qui

898 3149 1121 3207 aliorum
1152 3150 1429 3220 dispendio
1472 3164 1585 3206 rem
1616 3164 1767 3204 suam
1797 3165 1989 3219 augere
2034 3149 2345 3217 studerent,
2376 3166 2475 3203 no-

898 3257 1098 3313 vosque
1124 3241 1473 3297 insurrexisse
1493 3240 1751 3311 quotidie,
1776 3243 1863 3310 qui
1885 3240 1983 3294 hac
2004 3240 2291 3312 cupiditate
2314 3241 2470 3312 capti,

898 3335 953 3390 in
979 3333 1204 3387 aliorum
1233 3346 1363 3401 opes
1389 3331 1701 3386 involarent.

968 3425 1201 3494 Eratque
1246 3422 1388 3478 aliud
1431 3422 1599 3477 morbi
1643 3437 1844 3495 genus,
1887 3422 2053 3493 magis
2094 3422 2469 3493 periculosum,

894 3517 1035 3588 quod
1062 3528 1185 3571 tunc
1218 3517 1374 3571 latius
1411 3516 1769 3586 grassabatur.
1810 3516 2256 3585 Przestigiatorum
2284 3530 2473 3584 nempe

891 3621 1182 3675 eorumque
1199 3608 1288 3676 qui
1317 3608 1423 3659 fato
1443 3615 1497 3663 et
1519 3607 1700 3675 genesi
1725 3620 1818 3660 seu
1846 3606 2269 3676 genethlialogiae
2294 3607 2469 3661 omnia

894 3696 1222 3759 tribuebant,
1265 3698 1752 3766 prmstigiarnmqne
1794 3710 1988 3764 genera
2030 3699 2206 3755 omnia
2248 3695 2469 3751 induce-

897 3789 1046 3853 bant,
1069 3802 1291 3857 quarum
1315 3788 1528 3843 nomina
1549 3787 1627 3841 sic
1651 3787 1739 3840 ille
1766 3796 2005 3841 recenset
2031 3787 2079 3839 in
2110 3786 2213 3843 fine
2240 3786 2469 3841 bomilia:

897 3876 1117 3934 decimze
1165 3893 1181 3932 :
1223 3877 1341 3931 Alia
1387 3877 1528 3930 mitto
1573 3876 1758 3947 grandi
1805 3874 1942 3930 luctu
1990 3877 2175 3946 digna,
2221 3877 2465 3948 auguria,

896 3973 1131 4028 vaticinia
1150 4012 1166 4038 ,
1196 3971 1560 4026 observationes
1581 4012 1594 4034 ,
1633 3969 1849 4041 genesim
1873 4011 1888 4035 ,
1919 3969 2174 4041 symbolo,
2205 3970 2465 4041 ligamina,

897 4062 1245 4128 divinationes,
1274 4061 1632 4115 incantationes
1652 4102 1665 4124 ,
1705 4061 1950 4130 magicam
1978 4070 2156 4114 artem.
2191 4061 2315 4116 Hzec
2348 4076 2467 4116 om-

897 4153 981 4208 nia
1013 4152 1114 4206 isto
1144 4160 1383 4221 tempore
1407 4153 1476 4204 ita
1503 4154 1907 4215 exercebantur,
1943 4160 1999 4205 ut
2030 4166 2285 4220 nusquam
2317 4167 2463 4222 repe-

892 4248 1000 4301 rias
1043 4245 1187 4302 illum
1219 4256 1323 4301 tam
1365 4242 1667 4311 frequenter
1711 4243 1952 4297 morbum
1994 4242 2293 4312 hnjusmodi
2329 4244 2460 4298 inse-

893 4346 1147 4393 etantem.

967 4429 1137 4484 Aliam
1176 4443 1385 4498 quoque
1420 4442 1529 4482 rem
1565 4427 1898 4497 aggreditur,
1927 4444 2044 4498 quze
2075 4438 2198 4485 tunc
2222 4430 2464 4499 serpebat

898 4521 951 4577 in
980 4517 1221 4574 ecclesia:
1246 4517 1515 4583 damnum,
1544 4518 1682 4587 quod
1716 4534 1904 4589 nempe
1930 4520 2158 4589 virgines
2187 4522 2292 4575 Deo
2320 4522 2463 4575 dica-

897 4622 966 4668 ta:
993 4612 1217 4665 vestium
1244 4608 1408 4663 cultui
1447 4608 1607 4662 nimis
1635 4607 1942 4672 studerent,
1986 4621 2039 4663 et
2072 4626 2139 4664 ex
2167 4611 2375 4665 incessu
2413 4622 2464 4664 et

900 4709 1086 4757 ornatu
1105 4699 1233 4753 viris
1251 4698 1463 4768 placere
1491 4707 1764 4768 cuperent.
1792 4699 1927 4766 Quid
1956 4701 2075 4753 inde
2094 4701 2273 4755 damni
2293 4719 2464 4757 emer-

899 4805 1081 4847 surum
1128 4796 1305 4853 esset,
1351 4804 1469 4844 cum
1518 4790 1631 4859 ipse
1675 4790 1913 4859 pluribus
1956 4793 2306 4860 persequitur,
2354 4801 2462 4846 tum

899 4881 1063 4936 etiam
1091 4879 1264 4950 quivis
1287 4881 1461 4935 statim
1490 4879 1887 4950 deprehendere
1916 4882 2099 4951 possit.

972 4970 1228 5029 Homilies
1270 4969 1428 5025 etiam
1480 4971 1531 5023 iu
1575 4971 1863 5042 Epistolam
1913 4972 1976 5026 ad
2024 4972 2199 5026 Titum
2249 4970 2345 5043 (Τ.
2376 4972 2460 5025 ll.

905 5078 951 5115 c.
979 5059 1074 5113 66f
1098 5056 1119 5130 )
1149 5057 1441 5114 Antiochiae
1480 5058 1647 5114 dictas
1685 5060 1843 5117 fuisse
1871 5062 2127 5132 probatur
2165 5078 2230 5118 ex
2256 5063 2319 5117 iis
2346 5078 2464 5132 qua:

898 5149 1306 5218 Chrysostomus
1334 5149 1406 5202 ait
1440 5147 1585 5205 hom.
1603 5154 1655 5217 ’5,
1678 5166 1824 5203 num.
1847 5152 1883 5207 2
1912 5170 1925 5205 :
1956 5153 2091 5215 Quid
2118 5155 2249 5207 enim
2274 5154 2336 5206 de
2362 5154 2462 5209 illis

898 5237 1088 5295 dixeris
1108 5276 1121 5301 ,
1152 5236 1351 5307 inquit,
1389 5240 1472 5308 qui
1498 5255 1612 5293 cum
1638 5237 1834 5294 Judteis
1852 5241 2090 5311 jejunant
2110 5283 2125 5305 ,
2152 5246 2234 5312 qui
2259 5254 2462 5299 saboata

896 5326 1145 5384 servant?
1180 5325 1242 5380 de
1281 5327 1343 5379 iis
1381 5330 1464 5398 qui
1506 5329 1572 5383 ad
1613 5340 1899 5385 consecrata
1926 5331 2017 5384 illa
2057 5332 2168 5384 loca
2212 5345 2461 5404 pergunt;

892 5416 947 5469 in
996 5414 1274 5487 Daphnen,
1320 5416 1543 5485 inquam,
1591 5429 1738 5487 atque
1779 5422 1832 5473 in
1877 5421 2165 5491 speluncam
2214 5421 2463 5477 Matrona:

894 5508 1119 5572 dictam,
1156 5508 1209 5562 in
1249 5509 1414 5564 locum
1451 5509 1596 5563 illum
1641 5510 1830 5565 Cilicia:
1865 5512 2075 5568 Saturni
2113 5513 2464 5584 appellatum?

894 5598 1147 5667 quomodo
1174 5601 1249 5654 illi
1288 5602 1399 5657 sani
1423 5601 1583 5656 sunt?
1621 5599 1745 5656 Ideo
1772 5605 2131 5660 vehementiore
2158 5611 2310 5677 plaga
2339 5622 2463 5678 opus

899 5688 1099 5744 habent.
1148 5688 1273 5745 Haac
1314 5692 1428 5746 loca
1472 5692 1719 5765 Daphnes
1755 5702 1809 5749 et
1833 5697 2087 5765 spelunca
2115 5698 2366 5753 Matrona:
2410 5699 2461 5751 in

900 5780 1194 5836 Antiochia:
1221 5781 1487 5837 suburbiis
1513 5794 1683 5839 erant.
1714 5785 1891 5857 Pergit
1930 5798 2111 5856 postea
2138 5788 2460 5859 Cbrysosto-

903 5884 1051 5936 mus,
1093 5880 1146 5926 et
1172 5872 1423 5927 adversus
1465 5888 1591 5938 eos,
1622 5876 1709 5945 qui
1750 5876 1999 5931 Judaicos
2037 5878 2170 5931 ritus
2202 5879 2251 5930 in
2296 5878 2462 5947 pretio

901 5959 1153 6019 baberent
1183 5963 1246 6019 ad
1276 5965 1434 6021 tinem
1466 5981 1629 6036 usque
1657 5968 1923 6021 eoneiunis
1951 5966 2211 6022 edisserit.

2028 588 2084 644 S.
2128 580 2401 642 JOANNlS
2439 580 2908 636 Clllle‘OSl‘OMl
2953 581 3126 650 VITA,

4046 593 4145 654 {Gl

2652 697 2707 750 ln
2737 696 2880 751 hisce
2904 694 3133 749 homiliis
3157 696 3270 763 plus
3296 699 3453 754 studii
3480 708 3532 753 et
3558 698 3839 769 diligentize
3865 704 4146 773 observes,

2582 804 2736 859 quam
2770 790 2820 842 in
2854 790 3029 844 multis
3068 788 3220 855 aliis,
3264 792 3439 845 omnia
3484 792 3569 848 ille
3598 791 3763 845 fusius
3792 797 4145 865 prosequitur.

2583 879 2736 933 Initio
2779 881 2947 933 tertia:
2990 877 3218 933 bomilia:
3260 878 3326 933 de
3365 881 3698 937 Cretensium
3730 882 3869 935 vitiis
3910 884 4151 951 pluribus

2582 972 2718 1041 agit,
2764 981 2815 1025 et
2861 972 2910 1024 in
2943 972 3143 1042 quinta,
3187 978 3243 1024 ut
3286 970 3339 1024 in
3380 986 3573 1041 quanta
3613 974 3811 1031 scelera
3839 971 4150 1033 Graecorum

2518 1080 2533 1096 ι
2582 1061 2912 1115 celeberrimi
2957 1063 3084 1117 olim
3125 1062 3460 1133 proruperint
3487 1074 3895 1130 commonstret,
3938 1064 4147 1120 illorum

2585 1150 2835 1205 historias
2861 1153 3033 1207 tacitis
3056 1150 3353 1207 nominibus
3379 1151 3609 1208 breviter
3632 1156 3886 1225 decerpit.
3912 1155 3969 1209 In
3996 1166 4149 1211 sexta

2584 1241 2797 1295 bomilia
2831 1242 2898 1297 de
2926 1243 3132 1298 duobus
3160 1243 3499 1307 Christianis,
3543 1247 3628 1313 qui
3656 1262 3751 1314 pro
3775 1248 3984 1302 Christo
4012 1261 4126 1300 mar

2583 1332 2777 1402 tyrium
2809 1331 3054 1399 subiere,
3103 1335 3273 1389 tacitis
3313 1333 3468 1387 etiam
3516 1337 3814 1392 nominibus
3856 1339 3956 1408 agit
3992 1352 4153 1407 :quaa

2584 1425 2797 1479 historia
2828 1425 3010 1479 nescio
3036 1442 3103 1479 an
3134 1428 3333 1495 uSpiam
3364 1424 3487 1478 alibi
3520 1422 3832 1493 reperiatur.

2656 1513 2924 1568 Nectarius
2954 1513 3129 1584 Episc.
3153 1516 3209 1569 C.
3238 1514 3300 1568 Ρ.
3326 1514 3553 1567 moritur.
3584 1543 3653 1553 —
3680 1516 3904 1571 Tantum
3944 1518 4153 1576 dicendi

2582 1606 2867 1670 artificem,
2909 1606 3000 1674 qui
3029 1620 3134 1657 non
3180 1606 3353 1660 minus
3383 1606 3574 1676 pietate
3612 1613 3766 1673 atque
3796 1607 3916 1663 vita:
3952 1611 4153 1664 sancti-

2585 1698 2761 1750 monia
2787 1736 2802 1763 ,
2849 1711 3007 1765 quam
3059 1694 3298 1749 facundia
3324 1737 3339 1763 ,
3387 1695 3635 1767 populum
3678 1696 4062 1754 Autiochenum
4100 1709 4155 1755 et

2582 1787 2849 1841 auditores
2885 1800 3071 1840 omnes
3112 1785 3213 1839 sibi
3256 1786 3603 1853 devinxerat,
3649 1786 3829 1840 nuntia
3876 1786 4011 1842 fama
4055 1807 4155 1860 per

2582 1876 2852 1932 Orientem
2897 1885 3060 1930 totum
3104 1876 3435 1930 notissimum
3482 1876 3703 1931 fecerat.
3745 1876 3947 1931 Accidit
3977 1890 4154 1935 autem

2582 1976 2639 2021 ut
2665 1966 2955 2031 Nectarius,
2985 1965 3073 2035 qui
3100 1981 3241 2020 anno
3269 1967 3365 2022 38l
3394 1964 3654 2035 Gregorio
3681 1966 4008 2021 Nazianzeno
4033 1984 4156 2024 suc-

2581 2064 2832 2122 cesserat,
2864 2056 3254 2127 episcopusque
3276 2056 3890 2124 ConstantinOpolitanus
3917 2057 4158 2116 adlectus

2582 2146 2772 2212 fuerat,
2812 2160 2952 2198 anno
2992 2144 3117 2211 397,
3164 2145 3251 2201 die
3287 2146 3351 2200 l7
3394 2145 3742 2215 Septembris,
3786 2148 3890 2201 vita
3920 2147 4155 2217 functus,

2582 2238 2763 2293 sedem
2793 2248 3066 2292 vacantem
3111 2238 3436 2306 relinqueret
3480 2236 3731 2309 (Pallad.
3759 2256 3812 2309 p.
3837 2240 3965 2311 42).
4008 2241 4158 2302 Tunc

2584 2329 2768 2396 multi,
2795 2329 2883 2399 qui
2925 2337 3085 2384 tanta:
3125 2328 3446 2407 occupanda:
3485 2328 3628 2389 sedis
3653 2330 3938 2400 cupiditate
3963 2330 4158 2403 ﬂagraq

2584 2424 2742 2487 bant,
2791 2422 2918 2475 nihil
2950 2437 3055 2477 non
3092 2430 3315 2493 egerunt
3343 2432 3401 2476 ut
3428 2431 3665 2492 Optatum
3708 2435 4155 2495 assequerentur;

2584 2514 2672 2569 alii
2703 2513 3094 2582 magistratibus
3123 2511 3401 2568 adulantes
3421 2555 3435 2577 ,
3464 2513 3554 2568 alii
3578 2513 3734 2569 donis
3763 2530 3827 2570 ac
3852 2518 4161 2575 muneribus

2582 2604 2853 2669 adhibitis,
2877 2604 2965 2657 alii
2992 2604 3170 2675 populi
3194 2604 3415 2674 gratiam
3435 2613 3706 2673 captantes
3732 2614 3889 2675 atque
3911 2608 3962 2661 in
3985 2624 4159 2678 genua

2579 2694 3013 2764 procumbentes,
3038 2695 3330 2765 presbyteri,
3361 2696 3534 2764 inquit
3558 2695 3840 2759 Palladius,
3868 2715 3965 2752 non
3989 2715 4160 2753 sacer-

2580 2786 2719 2839 dotio
2745 2794 2960 2851 tantum,
2992 2786 3079 2838 sed
3104 2786 3254 2839 etiam
3277 2786 3371 2838 viri
3396 2786 3595 2839 nomine
3621 2785 3833 2855 indigni.
3863 2788 3930 2840 At
3958 2786 4158 2843 Ortho-

2578 2876 2837 2931 doxorum
2865 2892 2989 2947 pars
3014 2877 3275 2932 sincerior
3294 2876 3668 2946 Imperatorem
3691 2877 3885 2933 obnixe
3910 2881 4154 2949 rogabat,

2581 2968 2670 3022 tali
2714 2967 2930 3039 dignum
2961 2969 3160 3039 gradu,
3189 2977 3245 3023 et
3287 2970 3338 3022 in
3382 2969 3539 3023 rebus
3580 2968 3771 3022 divinis
3799 2974 4020 3038 peritum
4054 2974 4159 3028 sibi

2579 3058 2862 3127 prmsulem
2912 3059 3278 3113 constitueret.
3342 3057 3625 3126 Eutmpius
3675 3073 3804 3112 vero
3854 3062 4158 3129 eunuchus,

2580 3148 2903 3219 Praepositus
2930 3151 3068 3203 Sacri
3095 3148 3354 3212 cubiculi,
3387 3149 3477 3217 qui
3508 3163 3768 3202 summam
3802 3166 3975 3204 rerum
4007 3161 4162 3206 tene-

2579 3238 2691 3305 bat,
2719 3238 2979 3294 Joannem
3009 3247 3246 3293 nostrum
3270 3238 3658 3294 AntiOchenum
3685 3240 4012 3295 sacerdotem
4049 3258 4153 3297 etea-

2581 3331 2709 3385 teris
2758 3329 3011 3384 anteferri
3040 3329 3365 3399 peroptabat.
3411 3328 3542 3383 Cum
3582 3330 3722 3384 enim
3755 3330 3900 3384 illum
3944 3332 4151 3400 imperii

2577 3422 2788 3491 negotia
2832 3420 2884 3474 in
2940 3421 3240 3475 interiorem
3283 3419 3517 3475 Orientis
3564 3429 3763 3489 partem
3813 3432 4148 3489 evocassent,

2575 3510 2836 3565 Joannem
2876 3509 3164 3563 Antiochia:
3206 3510 3431 3576 viderat,
3473 3525 3534 3565 ea
3577 3510 3791 3575 virtute,
3835 3512 3897 3565 iis
3935 3511 4149 3570 dotibus

2575 3604 2886 3675 praeditum.
2922 3617 3038 3672 quae
3063 3611 3207 3657 tanto
3235 3601 3561 3671 capessendo
3585 3602 3789 3656 muneri
3822 3617 3999 3671 parem
4027 3604 4149 3658 red-

2572 3696 2783 3751 derent.

2644 3786 2904 3855 Quoniam
2938 3798 3067 3840 vero
3106 3783 3394 3839 timendum
3437 3784 3655 3838 omnino
3698 3792 3838 3849 erat,
3870 3800 3936 3838 ne
3961 3785 4149 3840 Antio—

2572 3878 2775 3932 chcnns
2800 3874 3042 3945 populus,
3070 3874 3160 3943 qui
3188 3874 3378 3929 Joanni
3406 3889 3529 3929 vere
3554 3874 3935 3946 Chrysostomo
3959 3874 4143 3928 admo-

2573 3969 2699 4023 dum
2730 3968 2968 4022 addictus
3005 3977 3154 4034 erat,
3187 3968 3331 4022 illum
3356 3967 3456 4022 sibi
3486 3966 3659 4036 abripi
3687 3980 3826 4035 aegre
3857 3973 4143 4033 pateretur,

2571 4076 2707 4115 neve
2751 4060 2803 4114 in
2848 4059 3084 4115 discessu
3120 4059 3235 4129 ejus
3281 4059 3537 4113 tumultus
3584 4057 3973 4119 concitaretur;
4020 4071 4143 4110 cum

2569 4154 2729 4208 etiam
2760 4168 2864 4206 non
2903 4152 3077 4206 minus
3106 4152 3446 4206 metuendum
3481 4157 3650 4209 esset,
3683 4163 3749 4202 ne
3773 4147 4002 4203 Joannes
4029 4149 4143 4219 ipse

2570 4253 2716 4298 tanto
2741 4258 2799 4297 se
2826 4242 2992 4312 gradu
3034 4242 3303 4311 indignum
3344 4251 3566 4309 putans,
3596 4239 4015 4309 subterfugeret;
4061 4241 4143 4295 his

2567 4339 2898 4409 prospiciens
2922 4338 3206 4406 Eutropius
3250 4335 3562 4406 Imperatori
3610 4345 3793 4390 auctor
3834 4337 3957 4401 fuit,
3990 4346 4047 4392 ut
4075 4339 4141 4393 ad

2567 4431 2825 4485 Comitem
2852 4428 3087 4484 Orientis
3121 4427 3405 4491 scriberet,
3440 4426 3688 4495 illumque
3711 4427 3923 4496 jnberet
3955 4430 4139 4483 Antio-

2567 4520 2741 4574 chiam
2772 4517 3067 4587 proficisci,
3096 4524 3152 4571 ut
3180 4524 3293 4569 arte
3319 4515 3542 4583 quadam
3570 4515 3825 4572 Joannem
3856 4522 3969 4573 sine
3998 4528 4138 4573 stre-

2569 4611 2679 4677 pitu
2707 4615 2985 4671 evocaret,
3030 4607 3307 4679 ipsumque
3330 4606 3835 4680 Constantinopolim
3884 4614 4134 4665 mitteret.

2566 4698 2759 4753 Comes
2789 4698 2965 4751 statim
2988 4738 3003 4763 ,
3032 4698 3263 4768 acceptis
3292 4698 3458 4753 literis
3477 4743 3492 4767 ,
3529 4699 3786 4755 Joannem
3816 4703 4053 4755 hortatur
4081 4712 4138 4757 ut

2568 4797 2717 4843 extra
2764 4789 3028 4845 civitatem
3070 4789 3136 4844 ad
3182 4792 3434 4863 martyria
3479 4806 3539 4848 se
3580 4792 3839 4848 conferat.
3893 4793 3973 4846 Eo
4015 4807 4135 4849 eum

2568 4881 2801 4935 venisset
2826 4879 2953 4936 nihil
2977 4880 3224 4937 dubitans
3248 4882 3500 4950 Joannes,
3522 4884 3677 4938 militi
3697 4882 3901 4936 cuidam
3927 4881 3991 4935 ad
4017 4898 4133 4937 eam

2568 4988 2678 5026 rem
2709 4973 2871 5027 misso
2899 4972 3142 5037 traditur,
3172 4983 3225 5028 et
3245 4975 3423 5030 rhedae
3450 4974 3674 5045 publica:
3703 4973 3978 5041 impositus
3997 4973 4135 5028 Con-

2568 5064 2964 5133 stantinopolim
2991 5064 3288 5119 adducitur.

2638 5156 2734 5212 lllo
2760 5164 2977 5212 venerat
3015 5156 3081 5210 ad
3121 5156 3378 5212 Joannem
3419 5154 3768 5212 ordinandum
3810 5154 4134 5225 Theophilus

2566 5245 2955 5303 Alexandrinus
2981 5247 3171 5314 praesul
3196 5289 3209 5313 ,
3238 5248 3398 5300 homo
3428 5243 3574 5299 vafer
3598 5251 3653 5298 et
3674 5244 3920 5311 callidus,
3948 5250 4035 5317 qui
4061 5265 4131 5304 ex

2566 5348 2782 5409 aspectu
2807 5336 2923 5391 solo
2946 5336 3218 5392 hominum
3249 5337 3468 5392 consilia
3494 5343 3549 5390 et
3578 5334 3769 5403 ingenii
3790 5336 3939 5393 dotes
3969 5358 4135 5397 nove-

2566 5437 2667 5483 rat.
2699 5428 2748 5480 ls
2779 5438 3053 5498 perspecta
3080 5429 3299 5485 Joannis
3326 5425 3572 5495 loquendi
3596 5424 3855 5494 libertate,
3882 5442 4131 5495 constan-

2568 5520 2673 5584 tia,
2708 5518 2921 5585 virtute,
2966 5521 3138 5590 ipsum
3165 5519 3303 5573 votis
3347 5517 3456 5570 suis
3500 5531 3603 5570 non
3649 5516 4130 5590 obtemperaturum

2568 5625 2685 5664 esse
2727 5613 3087 5684 prospiciens;
3120 5608 3409 5679 imperandi
3449 5608 3590 5663 enim
3631 5611 3875 5681 cupidine
3918 5614 4130 5670 tenebao

2569 5708 2687 5765 tur;
2731 5702 2845 5772 ejus
2887 5701 3206 5757 ordinationi
3244 5698 3554 5754 obsistebat.
3595 5700 3666 5758 Ut
3690 5719 3816 5759 vero
3844 5706 3942 5759 sibi
3974 5704 4101 5756 obse

2568 5801 2815 5859 quentem
2845 5794 2895 5846 in
2927 5787 3506 5858 Constantinopolitana
3545 5793 3672 5849 sede
3694 5796 3996 5864 episcopum
4034 5790 4099 5843 ha

2568 5882 2715 5936 heret
2752 5884 2921 5954 (bocr.
2954 5885 2990 5935 ι.
3013 5881 3066 5935 6.
3094 5896 3139 5933 c.
3164 5879 3270 5948 Ξ),
3300 5879 3555 5937 lsidorum
3590 5887 3837 5940 Ecclesia:
3873 5899 3979 5936 suae
4010 5894 4102 5946 pro

2573 5973 2840 6045 sbyterum
2863 6016 2874 6036 ,
2907 5988 3060 6042 quem
3084 5971 3169 6025 ille
3188 5968 3410 6029 Nectarii
3430 5990 3792 6032 successorem
3815 5968 4128 6036 destinabat,
