4504 6712
331 548 430 603 165

335 657 824 730 (luttstantinepolin
866 655 1049 717 misit,
1092 652 1399 707 muneribus
1441 652 1751 722 Imperatori
1782 652 1911 706 olli-.-

334 749 517 804 rendis
546 750 787 820 binisque
813 746 982 801 literis
1024 745 1357 799 instructum.
1394 744 1589 799 Verum
1613 742 1802 798 Lector
1827 746 1914 814 qui

334 844 506 911 ipsum
566 843 957 904 comitabatur,
1006 837 1185 892 literas
1229 839 1363 893 clam
1421 835 1714 904 surripuit,
1766 837 1915 905 queis

334 944 502 989 totum
529 930 810 1001 Theophili
837 928 1160 998 propositum
1187 927 1577 983 declarabatur.
1609 927 1680 980 Ea
1710 944 1767 981 re
1798 942 1918 995 per-

334 1028 550 1081 territus
584 1023 848 1084 Isidorus,
884 1018 1027 1073 illico
1067 1018 1270 1088 aufugit
1309 1015 1703 1071 Alexandriam.
1737 1016 1917 1069 Theo-

334 1116 511 1185 philus
537 1124 717 1167 antem
745 1126 865 1164 cum
888 1107 1385 1178 Constantinopolin
1411 1108 1662 1175 venisset,
1686 1124 1714 1161 a
1738 1106 1921 1161 multis

332 1206 723 1268 accusabatur,
771 1203 858 1272 qui
914 1203 1123 1257 libellos
1171 1199 1319 1254 varia
1372 1200 1591 1254 crimina
1638 1200 1923 1254 eﬂ'erentcs

334 1293 635 1365 episcopis,
677 1293 764 1362 qui
813 1303 936 1348 tunc
979 1294 1224 1354 aderant,
1268 1289 1581 1345 offerebant.
1637 1289 1923 1357 Eutropius

335 1393 585 1451 acceptos
633 1382 840 1438 libellos
884 1382 1183 1452 Theopltilo
1232 1381 1502 1446 ostendit,
1556 1381 1754 1449 eligere
1798 1394 1922 1432 eum

331 1476 531 1546 jubens
576 1486 747 1530 utrum
795 1477 1002 1541 mallet,
1051 1474 1382 1529 Joannemne
1429 1472 1702 1535 ordinare,
1748 1485 1814 1524 an
1859 1471 1925 1523 de

338 1568 650 1622 Criminibus
686 1568 784 1622 sibi
812 1566 1039 1636 objectis
1062 1564 1316 1635 judicium
1342 1565 1541 1621 subire.

410 1656 497 1710 Jo.
528 1658 786 1727 Chrysost.
811 1655 1097 1724 Episwpus
1121 1655 1183 1709 ϐ.
1208 1653 1274 1707 Ρ.
1296 1656 1578 1708 ordinatur.
1601 1684 1672 1693 --
1690 1652 1783 1706 llis
1808 1667 1929 1721 per-

340 1749 653 1805 teri-electus
678 1747 1009 1816 Theophilus
1032 1745 1289 1801 Joannem
1318 1747 1584 1800 ordinavit
1609 1753 1799 1814 quarto
1824 1743 1930 1795 lia—

344 1840 526 1893 tendas
551 1839 619 1893 de
648 1837 823 1891 Martii
852 1851 994 1889 anno
1022 1836 1146 1889 598.

412 1932 689 1987 Contiones
709 1931 834 2000 ejus.
854 1958 925 1968 —
948 1928 1106 1983 Verbi
1131 1928 1300 1981 divini
1321 1929 1666 1981 concinnator
1684 1926 1931 1980 assiduus

341 2022 784 2092 Chrysostomus,
815 2022 973 2090 paulo
1000 2029 1117 2089 post
1142 2036 1301 2090 quam
1329 2020 1603 2074 ordinatus
1633 2019 1802 2073 fuerat
1830 2018 1929 2071 hoc

344 2114 542 2167 miliam
584 2112 797 2176 habuit,
845 2127 963 2181 quae
1001 2112 1109 2179 jam
1154 2127 1257 2163 non
1299 2119 1571 2179 comparet
1606 2119 1661 2164 et
1691 2109 1933 2163 fortassis

345 2204 537 2271 injuria
585 2211 881 2270 temporum
925 2200 1146 2254 interiit.
1186 2200 1291 2255 Sed
1331 2201 1445 2269 ejus
1481 2209 1850 2270 argumentum
1878 2200 1933 2253 in

344 2293 535 2351 altera,
561 2305 721 2359 quam
746 2289 1207 2358 Constantinopoli
1230 2288 1383 2348 dixit.
1407 2291 1563 2359 paulo
1586 2300 1706 2359 post
1726 2289 1933 2342 initium

344 2382 528 2438 retulit
559 2381 646 2450 (T.
676 2381 729 2435 1.
748 2396 793 2431 c.
822 2377 981 2451 797).
1010 2380 1075 2433 In
1104 2383 1266 2448 prima
1296 2383 1449 2443 enim,
1475 2382 1666 2449 inquit,
1694 2380 1757 2434 de
1781 2381 1936 2434 armis

347 2470 563 2524 Davidis
592 2480 638 2521 et
672 2466 897 2522 Goliathi
937 2469 1076 2537 apud
1105 2485 1190 2522 vos
1222 2470 1735 2539 philosophabamur,
1765 2478 1935 2522 osten-

348 2564 525 2616 dentes
544 2602 561 2625 ,
592 2561 725 2613 hunc
749 2560 952 2630 quidem
978 2561 1247 2631 omnigena
1277 2562 1511 2633 gravique
1540 2570 1809 2615 armatura
1837 2578 1934 2614 tm-

350 2657 503 2724 dique
528 2655 800 2720 munitum,
834 2653 975 2707 illum
1006 2664 1170 2707 autem
1200 2654 1357 2706 armis
1386 2651 1610 2718 nudam,
1636 2654 1739 2722 βαι
1765 2654 1935 2706 muni-

352 2747 601 2798 tissimus»
627 2762 646 2807 ;
691 2746 827 2799 hunc
855 2745 1162 2798 extrinsecus
1192 2744 1448 2812 fulgidum
1472 2746 1675 2798 thorace
1700 2754 1745 2798 et
1772 2754 1934 2801 scuto.

350 2837 499 2888 illum
529 2836 665 2887 intus
692 2835 872 2903 spiritu
910 2844 959 2888 et
999 2834 1163 2904 gratia
1192 2835 1473 2888 radiantem
1495 2876 1509 2900 ,
1541 2845 1687 2904 atque
1713 2837 1844 2889 Itanc
1874 2836 1936 2888 ob

347 2940 559 2978 causam
606 2940 637 2975 a
676 2940 831 2993 puero
875 2924 1148 2978 certamine
1189 2925 1373 2978 victum
1412 2924 1681 2993 juvenem,
1727 2941 1759 2977 a
1803 2925 1937 2978 nudo

351 3025 647 3083 superatum
675 3026 926 3069 armatum
948 3058 964 3082 ,
993 3033 1025 3068 a
1052 3026 1255 3086 pastore
1289 3025 1597 3086 prostratum
1634 3018 1877 3081 militem,
1906 3034 1940 3070 a

357 3106 627 3174 pastoralis
651 3106 838 3174 lapidis
865 3116 1049 3158 natura
1078 3105 1246 3159 bellici
1274 3107 1390 3159 teris
1416 3114 1649 3159 naturam
1676 3109 1940 3160 contritam

354 3209 405 3252 et
448 3198 819 3267 labefactatam.
859 3197 992 3265 Quia
1023 3214 1155 3252 vero
1183 3198 1671 3267 Constantinopoli.
1720 3200 1941 3268 perinde

354 3298 517 3359 atque
556 3288 849 3342 Antiochia:
884 3289 1035 3343 multi
1084 3298 1209 3345 tunc
1238 3297 1397 3345 erant
1419 3290 1697 3351 Anommi,
1730 3304 1786 3342 δε
1823 3290 1941 3343 illos

356 3394 731 3449 aggressurum
778 3393 896 3434 esse
937 3378 1208 3448 pollicitus
1250 3388 1334 3434 est
1374 3380 1429 3433 in
1470 3382 1640 3448 prima
1672 3380 1791 3440 illa,
1824 3396 1942 3445 qua:

358 3469 592 3535 interiit,
622 3469 908 3533 concione,
936 3482 1039 3522 non
1064 3468 1359 3523 ratiociniis
1379 3510 1395 3535 ,
1424 3469 1517 3522 sed
1548 3485 1613 3523 ex
1639 3468 1941 3537 Scriptura-

359 3576 477 3614 rum
506 3561 855 3626 auctoritate,
887 3576 1005 3630 quae
1032 3560 1132 3615 tela
1172 3562 1465 3618 ratiociniis
1500 3563 1658 3631 longe
1689 3562 1940 3615 validiora

358 3658 502 3704 sunt.

430 3737 618 3791 Paucis
648 3752 776 3792 vero
822 3749 1003 3807 postea
1032 3738 1219 3795 diebus
1238 3782 1252 3807 ,
1295 3750 1352 3794 ut
1379 3741 1641 3809 pollicitus
1667 3750 1782 3795 erat
1802 3783 1815 3805 ,
1846 3742 1941 3794 ho-

360 3828 558 3884 tniliam
588 3838 773 3882 contra
798 3832 1090 3885 Anommos
1130 3833 1312 3888 habuit
1342 3831 1435 3904 (T.
1462 3834 1513 3886 1.
1552 3849 1598 3885 c.
1620 3831 1796 3904 795),
1825 3849 1941 3901 qua:

360 3920 696 3974 continenter
725 3928 777 3972 et
810 3920 952 3974 nulla
984 3922 1294 3991 interposita
1316 3965 1330 3985 ,
1360 3924 1588 3977 secunda
1620 3924 1733 3978 fuit.
1768 3924 1822 3977 lu
1855 3924 1941 3976 illa

361 4011 533 4080 primo
575 4009 720 4073 dicit,
765 4024 857 4073 se,
898 4010 1009 4078 jam
1053 4013 1222 4066 semel
1268 4014 1661 4075 coneionatum,
1709 4030 1943 4067 amorem

360 4115 485 4170 erga
512 4099 1131 4169 Constantiuopolitanos
1159 4101 1493 4157 Christianos
1525 4115 1726 4159 tantum
1755 4120 1945 4157 conce-

363 4190 527 4261 pisse,
556 4199 811 4259 quantum
836 4189 877 4244 si
900 4205 1020 4244 cum
1051 4190 1151 4244 illis
1176 4192 1244 4244 ab
1273 4193 1425 4245 initio
1449 4194 1636 4248 fuisset
1659 4195 1945 4259 educatus;

363 4284 524 4351 idque
547 4284 799 4352 quoniam
831 4285 882 4338 itt
912 4284 1017 4339 illis
1054 4284 1355 4340 adverterat
1393 4286 1603 4354 igneum
1632 4287 1823 4351 zelum,
1853 4303 1945 4340 ca-

364 4376 578 4435 ritatem
607 4375 809 4444 absque
852 4376 1227 4440 simulatione,
1262 4378 1681 4430 benevolentiam
1723 4379 1772 4429 in
1807 4395 1944 4446 prte-

364 4475 647 4535 ceplores,
694 4467 1034 4523 concordiam
1084 4469 1223 4523 inter
1264 4483 1320 4521 se
1364 4485 1377 4519 :
1428 4465 1552 4533 Qua:
1590 4483 1711 4519 sane
1754 4470 1943 4533 omnia,

369 4554 538 4625 pergit
572 4553 658 4607 ille
677 4593 693 4619 ,
732 4555 855 4608 satis
892 4568 1054 4610 essent
1082 4569 1135 4610 ut
1176 4558 1251 4611 uel
1280 4558 1534 4626 lapideum
1561 4558 1782 4609 animum
1812 4558 1946 4611 vobis

367 4643 736 4699 conciliarent?
788 4643 990 4699 Deinde
1029 4648 1645 4716 Constantinopolitanos
1690 4664 1808 4701 cum
1843 4650 1948 4701 An-

371 4735 629 4791 tiochenis
666 4748 986 4804 comparans
1032 4739 1101 4793 ita
1134 4741 1471 4809 prosequitur
1502 4758 1516 4796 :
1549 4741 1824 4811 Propterea
1852 4760 1950 4795 non

370 4832 537 4885 minus
565 4844 649 4885 uos
676 4844 907 4881 amamus
928 4870 942 4894 ,
970 4846 1121 4898 quant
1145 4831 1424 4885 Ecclesium
1451 4833 1593 4885 illaut
1624 4835 1677 4886 in
1698 4851 1797 4903 qua
1823 4835 1948 4900 nati,

368 4921 572 4977 educati
608 4928 652 4973 et
694 4918 878 4972 eruditi
916 4935 1108 4975 sumus.
1162 4922 1326 4977 Soror
1364 4923 1496 4976 enim
1538 4924 1674 4977 illius
1714 4926 1819 4977 [nec
1857 4936 1946 4989 est,

369 5030 554 5085 vosque
596 5012 941 5083 cognationem
987 5012 1132 5065 illam
1174 5030 1324 5084 apere
1352 5014 1665 5068 declarastis.
1711 5014 1953 5083 Quamvis

371 5114 542 5157 autem
580 5102 670 5157 illa
713 5110 931 5171 tempore
972 5102 1035 5154 sit
1070 5103 1349 5172 antiquior,
1380 5106 1489 5161 hac
1528 5115 1690 5159 tamen
1719 5106 1817 5168 ﬁde
1844 5107 1951 5174 [cr-

371 5197 570 5249 rentior
611 5202 724 5260 est;
764 5202 807 5247 et
849 5193 953 5246 illic
997 5194 1165 5263 major
1187 5210 1459 5253 conventus
1489 5210 1594 5266 est,
1633 5208 1680 5253 et
1710 5199 1953 5253 celebrius

373 5284 661 5352 theatrum,
703 5285 789 5340 sed
826 5284 907 5338 hic
934 5286 1099 5353 major
1131 5288 1375 5355 patientia
1415 5291 1717 5362 majorisque
1748 5292 1953 5361 fortitu-

373 5372 508 5426 dinis
550 5377 812 5431 indicium.
847 5374 984 5430 Nam
1012 5376 1153 5438 uideo
1184 5378 1264 5431 hic
1292 5381 1513 5451 undique
1540 5384 1686 5453 lupos
1713 5381 1953 5436 obambu-

375 5464 503 5517 lare.
551 5465 685 5535 Lupi
733 5481 910 5526 autem
957 5470 1029 5524 illi
1074 5481 1227 5526 erant
1264 5472 1511 5530 Anommi
1557 5486 1611 5530 et
1655 5474 1956 5531 vetustioris

376 5554 597 5621 originis
623 5555 877 5626 haeretici,
909 5570 969 5618 ut
996 5560 1367 5627 Marcionis-tat,
1393 5562 1668 5620 Manichzei
1693 5575 1748 5622 et
1768 5566 1959 5621 Valen-

379 5643 597 5703 tiniani.
629 5647 821 5712 quibus
862 5662 1175 5707 annumerat
1212 5652 1371 5708 etiam
1396 5652 1701 5709 Judatorum
1745 5669 1955 5713 cretus:

380 5751 552 5806 neque
573 5736 789 5791 dubium
812 5754 892 5796 est
920 5744 1005 5799 his
1026 5747 1183 5802 etiam
1210 5745 1565 5801 acccnsendos
1587 5762 1705 5802 esse
1730 5753 1957 5817 gentiles

383 5839 433 5883 ct
461 5826 784 5894 itlololatras,
814 5834 903 5900 qui
930 5851 1035 5889 non
1066 5854 1230 5907 parvo
1256 5852 1477 5893 numero
1497 5837 1957 5910 Constantinopoli

383 5920 554 5978 adhuc
594 5930 767 5977 erant.
801 5922 988 5979 Postea
1022 5943 1146 5983 vero
1193 5932 1480 5989 Anommos
1521 5929 1727 5988 fortiter
1768 5946 1953 6003 aggre-

1486 540 1666 597 ΝυΝο
1705 538 1964 595 PRIMIS}!
2006 535 2396 593 ADOllNATA.

3503 540 3603 598 166

2024 650 2192 718 ditur,
2243 650 2431 721 probat
2459 649 2723 704 Christum
2759 650 2954 707 Filium
2982 652 3075 707 Del
3118 653 3282 711 Deum
3308 666 3466 711 esse.
3499 653 3602 707 Pa-

2025 748 2119 795 tris
2162 741 2560 807 consiliarium,
2594 741 2733 794 Patri
2777 742 3074 810 aiqualctn;
3116 744 3345 797 affirmat
3390 759 3605 812 quoque

2025 841 2208 886 contra
2257 832 2575 886 Manichaeos
2617 831 2783 886 Vetus
2832 833 3227 887 Testamentum
3283 850 3403 889 cum
3460 834 3611 890 Novo

2027 940 2362 991 consonare,
2412 924 2715 993 clauditque
2769 924 2966 979 docens
3017 934 3246 994 quantus
3294 926 3495 981 fructus
3541 941 3609 981 ex

2027 1018 2266 1073 collectis
2316 1017 2613 1086 proveniat.
2666 1017 2782 1071 Duo
2824 1016 3165 1088 Manuscriptt
3215 1017 3367 1072 titulo
3412 1019 3614 1073 addunt

2029 1108 2167 1163 hanc
2211 1107 2524 1161 concionem
2576 1108 2807 1162 habitam
2864 1107 3025 1161 fuisse
3073 1108 3125 1161 in
3178 1122 3315 1163 nova
3366 1108 3610 1163 ecclesia.

2033 1200 2226 1253 Verum
2257 1214 2366 1251 rem
2394 1206 2593 1252 certam
2627 1214 2731 1252 non
2769 1213 2890 1253 esse
2921 1198 2973 1251 in
3004 1198 3197 1251 Monito
3224 1199 3506 1268 probatur.

2099 1292 2288 1345 Paucis
2329 1290 2429 1344 sub
2470 1288 2585 1343 inec
2622 1289 2807 1344 diebus
2836 1291 3149 1344 concionem
3182 1291 3400 1345 alteram
3430 1300 3616 1345 contra

2030 1382 2320 1435 Anonueos
2364 1380 2547 1434 habuit
2583 1377 2683 1448 (T.
2713 1380 2764 1432 1.
2793 1395 2838 1432 c.
2864 1377 3023 1444 801),
3070 1379 3224 1448 cujus
3269 1380 3447 1433 titulus
3491 1392 3572 1433 est
3600 1398 3614 1432 :

2033 1471 2096 1525 In
2126 1472 2503 1542 Paralyticttm,
2532 1471 2620 1539 qui
2655 1486 2818 1523 annos
2858 1470 3062 1537 triginta
3104 1482 3212 1524 octo
3241 1468 3543 1523 decubuerat
3568 1470 3619 1522 in

2032 1565 2326 1629 inﬁrmitate
2360 1581 2493 1629 sua;
2530 1573 2584 1618 et
2626 1564 2681 1618 in
2723 1562 2884 1627 illud,
2925 1561 3076 1615 Pater
3114 1580 3249 1615 meus
3280 1579 3434 1632 usque
3470 1563 3621 1616 modo

2034 1666 2287 1723 aperatur,
2310 1668 2358 1707 et
2384 1671 2475 1724 ego
2495 1671 2675 1724 aperor
2697 1672 2715 1709 :
2736 1656 2823 1711 ubi
2847 1656 3025 1709 statim
3053 1655 3162 1709 Deo
3190 1656 3455 1710 benedicit
3480 1654 3621 1724 quod

2035 1755 2331 1799 conventus
2357 1746 2591 1812 quotidie
2622 1756 2926 1813 accrescat,
2965 1756 3018 1800 et
3046 1745 3285 1800 divinum
3317 1759 3498 1799 semen
3528 1758 3623 1797 co-

2036 1840 2184 1908 piose
2214 1838 2492 1907 germinet.
2529 1837 2812 1905 Postquam
2841 1847 3014 1889 autent
3037 1837 3104 1890 de
3136 1836 3428 1905 paralytico
3459 1848 3623 1888 intuta

2036 1930 2261 1989 dixerat,
2301 1936 2488 1981 contra
2521 1930 2813 1981 Anommos
2852 1926 3049 1994 stylum
3080 1929 3372 1993 convertit,
3404 1926 3624 1996 probat-

2037 2036 2139 2089 que
2173 2021 2358 2073 Filium
2385 2030 2440 2073 et
2467 2035 2593 2072 vere
2619 2019 2785 2072 Deum
2816 2027 2870 2072 et
2892 2011 3032 2070 Patri
3060 2018 3317 2086 atqualem
3346 2031 3484 2069 esse.

2108 2113 2338 2167 Joannes
2366 2113 2417 2165 in
2450 2120 2597 2165 lauto
2623 2109 2898 2179 dignitatis
2937 2118 3156 2163 evectus
3194 2108 3429 2161 culmine
3450 2151 3462 2169 .
3497 2122 3629 2176 prm-

2037 2204 2244 2273 cipuam
2282 2217 2463 2257 curam
2506 2202 2711 2265 habuit,
2758 2210 2817 2255 ut
2848 2201 2948 2255 sibi
2988 2200 3259 2255 commissi
3285 2200 3460 2270 gregis
3489 2199 3633 2253 vitiis

2039 2295 2378 2360 mederetur,
2443 2301 2686 2347 errantes
2737 2291 2806 2345 ad
2862 2303 3061 2346 rectam
3118 2293 3258 2346 viam
3310 2290 3629 2355 reduceret,

2042 2386 2291 2453 pietatem
2342 2390 2607 2435 sectantes
2656 2380 2876 2435 foveret.
2932 2380 3121 2433 Rerum
3173 2397 3349 2432 curant
3401 2379 3633 2449 aggredi-

2046 2487 2157 2537 tur,
2212 2474 2381 2543 inquit
2430 2471 2696 2526 Palladius
2760 2471 2854 2540 (p.
2903 2470 3014 2540 45)
3044 2512 3057 2533 ,
3132 2486 3222 2539 per
3279 2467 3632 2523 rationabilem

2043 2564 2268 2635 ﬁstulam
2315 2580 2428 2617 oves
2471 2563 2683 2633 probare
2724 2578 2950 2615 exorsus.
2999 2562 3141 2616 Raro
3178 2570 3345 2613 autem
3388 2561 3632 2614 adhibens

2042 2658 2192 2710 etiam
2221 2655 2406 2725 pedum
2434 2653 2817 2723 increpationis,
2854 2668 3231 2719 sermonemque
3254 2651 3429 2719 dirigit
3458 2652 3635 2704 adver-

2042 2763 2128 2799 sus
2172 2747 2455 2798 ementitum
2496 2747 2716 2814 fratrum
2758 2758 3088 2811 sororumque
3126 2742 3436 2805 convictum,
3464 2758 3637 2795 revera

2043 2848 2210 2891 autem
2249 2847 2445 2906 turpem
2482 2834 2890 2905 improbumque,
2921 2834 2985 2886 de
3012 2832 3436 2894 subintroductis,
3469 2841 3523 2884 ut
3550 2848 3637 2884 vo-

2044 2938 2179 2995 cant,
2224 2946 2396 3000 agens,
2440 2928 2802 2993 ostendensque
2839 2926 2889 2981 si
2930 2926 3181 2979 malorum
3222 2926 3430 2978 daretur
3472 2924 3631 2992 aptio,

2044 3022 2273 3074 meliores
2299 3021 2407 3073 istis
2444 3020 2646 3073 lenones
2676 3033 2801 3072 esse.
2844 3014 2871 3069 1
2880 3017 2937 3070 lli
2971 3031 3186 3081 namque
3214 3013 3393 3083 procul
3418 3029 3448 3065 a
3477 3013 3634 3065 medi-

2045 3114 2116 3167 cis
2140 3113 2422 3166 habitantes
2448 3111 2586 3175 apud
2613 3126 2667 3165 se
2705 3109 2933 3163 morbum
2959 3108 3166 3171 habent,
3199 3106 3289 3161 sed
3316 3106 3590 3160 uolentibus
3617 3122 3635 3158 :

2045 3205 2099 3256 Ιιὶ
2127 3214 2293 3257 autem
2317 3204 2369 3255 in
2395 3201 2577 3255 salutis
2614 3200 2811 3271 ofﬁcina
2835 3199 3138 3265 habitantes,
3182 3199 3333 3252 etiam
3357 3213 3508 3250 sanos
3535 3197 3634 3249 im-

2047 3296 2237 3364 pellunt
2266 3294 2334 3346 ad
2368 3293 2615 3346 ntorbum.
2662 3290 2794 3345 Inde
2820 3307 2939 3361 pars
2964 3288 3099 3345 Cleri
3140 3290 3348 3342 minime
3370 3288 3633 3359 religiosa,

2045 3401 2157 3453 qua:
2184 3384 2356 3437 morbo
2383 3385 2471 3437 illo
2500 3384 2782 3449 tenebatur,
2812 3390 3061 3435 commota
3087 3391 3182 3434 est.
3208 3380 3337 3448 Quae
3363 3388 3422 3433 ut
3444 3380 3635 3434 clarius

2046 3477 2429 3546 percipiantur,
2454 3475 2637 3544 paucis
2657 3472 2973 3542 explicanda
2997 3481 3138 3527 sunt.
3164 3473 3329 3526 Erant
3355 3481 3478 3526 tunc
3492 3471 3636 3526 Con-

2046 3568 2385 3636 stantinopoli
2416 3567 2606 3635 puellae
2623 3565 2960 3629 Christianae,
2985 3579 3102 3633 quin
3120 3562 3477 3633 virginitatem
3505 3575 3634 3632 pro-

2047 3660 2329 3713 fitebantur
2361 3675 2374 3710 :
2408 3659 2504 3713 bas
2545 3657 2763 3712 domum
2794 3655 3118 3710 inducebant
3144 3654 3276 3718 viri,
3307 3654 3487 3724 Specie
3515 3653 3636 3724 qui-

2046 3751 2167 3805 dem
2213 3759 2270 3803 ut
2315 3764 2412 3804 ceu
2462 3748 2654 3802 fratres
2698 3762 2820 3801 cum
2864 3745 3140 3801 sororibus
3178 3752 3325 3799 caste
3368 3745 3633 3808 viverent,

2047 3842 2138 3896 sed
2171 3857 2235 3894 ex
2268 3841 2360 3893 tali
2403 3838 2678 3894 consortio
2723 3846 2777 3892 et
2805 3836 3062 3891 societate
3100 3844 3294 3905 quanta
3325 3844 3637 3904 parerentur

2046 3933 2185 3986 mala
2211 3930 2351 3984 haud
2373 3930 2591 3985 difficile
2613 3938 2697 3983 est
2720 3927 2987 3997 augurari.
3016 3925 3097 3980 Ad
3124 3925 3239 3980 haec
3258 3940 3387 3980 vero
3405 3925 3636 3995 virgines

2049 4025 2151 4079 ill-.e
2179 4025 2343 4081 cultui
2370 4023 2613 4094 corporis
2649 4032 2705 4078 et
2734 4021 2965 4076 vestium
2999 4018 3287 4073 admodum
3332 4017 3632 4084 studebant,

2051 4132 2168 4186 qua:
2217 4117 2369 4185 signo
2414 4122 2570 4170 erant
2609 4114 2787 4169 omnia
2828 4111 2967 4166 hanc
3008 4110 3243 4164 virorum
3283 4118 3338 4164 et
3375 4110 3636 4179 virginum

2052 4208 2360 4262 societatem
2408 4214 2611 4275 pestem
2654 4219 2773 4259 esse
2810 4202 3097 4258 exitialem.
3142 4201 3413 4255 Adversus
3448 4198 3607 4268 hujus

2053 4298 2194 4352 modi
2236 4298 2548 4352 societatem
2593 4295 2852 4349 acerrime
2894 4293 3163 4347 invehitur
3198 4292 3633 4362 Chrysostomus,

2052 4391 2132 4444 vel
2160 4391 2280 4442 hinc
2305 4386 2619 4442 abolendam
2643 4385 2801 4439 talem
2825 4384 3261 4438 consuetudinem
3284 4398 3405 4437 esse
3431 4382 3631 4446 dicens,

2051 4474 2190 4544 quod
2222 4471 2402 4527 multis
2428 4469 2747 4525 ochndiculo
2773 4477 2936 4522 esset.
2966 4466 3045 4519 Ex
3076 4465 3346 4519 consortio
3374 4464 3636 4533 v.rginum

2052 4566 2195 4620 nasci
2253 4561 2558 4618 necessario
2610 4557 3100 4629 concupiscentiam
3153 4554 3401 4609 affirmat.
3461 4554 3635 4608 Aliam

2054 4656 2238 4725 paucis
2264 4651 2591 4722 interpositis
2618 4650 2808 4706 diebus
2834 4649 3018 4704 eadem
3047 4647 3114 4701 de
3144 4662 3201 4699 re
3233 4645 3415 4699 habuit
3442 4644 3639 4697 oratio-

2057 4762 2179 4801 nem
2213 4742 2309 4815 (T.
2342 4745 2394 4797 1.
2431 4758 2477 4795 c.
2505 4741 2646 4812 515)
2667 4783 2681 4807 ,
2709 4755 2866 4810 quam
2898 4753 2991 4806 per
3020 4736 3463 4790 exclamationem
3494 4732 3637 4787 ordi-

2059 4848 2163 4904 tur,
2196 4838 2450 4891 adversus
2475 4834 2704 4904 virgines
2744 4831 2890 4895 illas,
2915 4843 3032 4899 quae
3058 4827 3374 4895 virginitatis
3403 4826 3635 4895 speciem

2058 4944 2167 4999 pra:
2192 4944 2250 4983 se
2278 4927 2507 4982 ferentes
2526 4966 2541 4991 ,
2572 4925 2715 4979 viros
2742 4924 2831 4993 qui
2864 4936 3044 4975 secum
3075 4920 3221 4974 domi
3251 4928 3527 4973 manerent
3561 4919 3645 4972 in-

2057 5019 2336 5073 ducebant.
2369 5017 2560 5084 Aitque
2582 5015 2840 5085 virginem
2868 5027 2972 5067 non
3000 5011 3193 5067 decere
3219 5011 3417 5066 cultum
3446 5024 3639 5077 corpo.

2057 5112 2131 5164 ris
2156 5118 2466 5177 vestemque
2501 5108 2787 5176 pretiosam
2806 5148 2821 5173 ,
2852 5104 3167 5174 nuptiasque
3208 5100 3505 5169 hujusmodi
3534 5100 3641 5153 vir-

2056 5202 2263 5272 ginitati
2304 5199 2676 5256 anteferendus
2716 5213 2879 5254 esse:
2923 5197 3157 5263 talesque
3188 5196 3450 5265 virgines,
3491 5192 3636 5256 dicit,

2058 5295 2265 5350 etiamsi
2292 5309 2396 5348 non
2424 5293 2561 5347 ntale
2586 5300 2825 5363 agerent,
2850 5290 2949 5344 hoc
2980 5291 3093 5357 ipso
3122 5303 3336 5356 peccare
3360 5285 3497 5354 quod
3526 5286 3647 5341 aliis

2059 5386 2380 5441 oll‘endiculo
2419 5392 2620 5440 essent.
2662 5382 2816 5437 Verte
2846 5381 3064 5451 virginis
3109 5393 3280 5431 mores
3325 5384 3506 5445 postea
3548 5375 3642 5432 de-

2060 5478 2265 5542 scribit,
2297 5478 2623 5545 demumque
2648 5474 2958 5528 concionem
2990 5468 3203 5525 claudit.

2137 5569 2270 5623 lliuc
2299 5567 2512 5622 Clerum
2558 5581 2712 5620 suum
2751 5564 2965 5619 adortus
3003 5571 3085 5615 est
3128 5563 3145 5629 (
3173 5559 3380 5614 Pallad.
3411 5579 3461 5630 p.
3487 5558 3592 5630 45)
3626 5576 3640 5613 :

2064 5675 2185 5714 nam
2227 5659 2464 5729 plerique
2510 5657 2698 5712 eodem
2739 5656 2925 5710 morbo
2967 5652 3301 5707 tenebantur.
3346 5653 3475 5718 Quia
3517 5666 3645 5706 vero

2064 5752 2330 5806 ferventer
2360 5762 2457 5817 pro
2483 5761 2630 5801 more
2657 5761 2755 5801 suo
2783 5746 2903 5799 vitia
2932 5744 3285 5798 insectabatur
3302 5784 3317 5808 ,
3345 5742 3396 5795 in
3422 5741 3648 5797 clerico-

2066 5856 2181 5898 rum
2213 5839 2564 5909 complurium
2596 5837 2941 5893 otl‘ensionem
2976 5838 3201 5893 incurrit
3222 5878 3239 5902 ,
3271 5844 3330 5890 ut
3358 5842 3538 5902 postea
3565 5833 3645 5887 vi-

2073 5939 2332 5997 debimus.
2359 5938 2415 5995 ln
2438 5934 2732 6000 avaritiam,
2755 5948 2911 6000 quant
2930 5940 3082 5987 vocat
3107 5925 3368 5984 Palladius
3390 5926 3644 5984 malorum
