4504 6696
914 530 1010 592 γσἸ

906 645 1147 699 omnium
1188 640 1540 709 metropolin,
1592 654 1735 708 saepe
1776 638 2000 691 vidimus
2046 638 2485 709 Cbrysostomum

910 735 1208 790 Antiochiae
1235 731 1661 797 concionantem,
1702 738 1755 784 et
1787 729 1906 798 quia
1948 729 2147 783 malum
2192 726 2492 797 hujusmodi

911 842 1017 881 non
1042 825 1216 877 minus
1244 822 1493 892 serpebat
1515 818 1971 887 Constantinopoli
1996 836 2153 889 quam
2175 816 2491 879 Antiocbize,

908 913 1372 985 frequentissime,
1421 912 1544 965 dum
1585 910 1868 978 episcopus
1919 919 2070 976 erat,
2112 910 2164 963 in
2210 921 2397 961 avaros
2441 914 2495 959 et

907 1021 1130 1076 rapaces
1158 1005 1500 1061 invehebatur
1530 1020 1542 1055 :
1577 1002 1630 1056 in
1657 1001 1959 1056 adulatores
1987 1002 2234 1057 similiter
2260 1009 2313 1053 et
2338 1014 2493 1069 para-

909 1102 1063 1165 sitos,
1086 1099 1173 1168 (ιυί
1198 1098 1414 1151 divitum
1439 1110 1654 1149 mensas
1682 1094 2041 1155 sectabantur,
2072 1104 2231 1164 atque
2254 1093 2329 1148 sic
2354 1090 2493 1144 mul-

913 1200 1085 1246 torum
1114 1190 1166 1243 in
1195 1204 1254 1243 se
1283 1188 1464 1242 odium
1492 1190 1794 1242 concitavit.

983 1279 1165 1333 Tanta:
1193 1278 1494 1333 severitatis
1536 1288 1802 1330 oratormr
1843 1278 2202 1330 necessarium
2246 1284 2361 1331 erat
2400 1288 2496 1328 sua

912 1372 1075 1425 etiam
1091 1382 1335 1425 accurate
1350 1370 1610 1434 dispicere
1626 1365 1860 1436 (Pallad.
1879 1384 1932 1434 ι).
1947 1367 2061 1433 46),
2081 1382 2147 1421 ne
2159 1366 2299 1435 quod
2318 1366 2367 1418 in
2382 1364 2500 1418 aliis

913 1463 1330 1533 reprehensione
1358 1461 1574 1528 dignum
1607 1459 1959 1530 pra-dicabat,
2000 1459 2099 1513 sibi
2140 1458 2298 1512 etiam
2339 1456 2499 1524 objiei

914 1564 1112 1625 posset.
1135 1554 1229 1606 llic
1244 1552 1351 1605 duo
1372 1562 1525 1605 erant
1539 1551 1909 1616 examinanda,
1928 1549 2177 1607 Ecclesiae
2196 1559 2248 1602 et
2264 1548 2499 1618 episcopi

912 1643 1136 1698 reditus.
1157 1641 1339 1697 Primo
1364 1650 1544 1696 autem
1565 1641 1817 1695 Ecclesia:
1839 1640 2104 1697 meonomi
2125 1639 2333 1694 tabulas
2352 1653 2501 1693 scru-

916 1744 1081 1799 tatur,
1110 1736 1482 1805 impensasqne
1511 1732 1721 1787 inutiles
1748 1731 1992 1803 abrogari
2014 1732 2165 1802 jubet
2194 1750 2209 1788 :
2238 1731 2361 1786 hinc
2389 1729 2504 1799 epi-

916 1826 1063 1895 scopi
1090 1833 1332 1892 sumptus
1359 1822 1580 1886 excutit,
1614 1821 1832 1875 nimiam
1864 1820 2220 1891 profusionem
2252 1820 2502 1885 ostendit,

910 1916 1168 1986 jubetque
1206 1912 1419 1966 inutiles
1460 1911 1581 1965 illas
1607 1927 1870 1981 expensas
1907 1912 1973 1965 ad
2002 1910 2302 1964 nosocomia
2336 1920 2507 1963 trans-

915 2006 1065 2062 ferri.
1116 2006 1446 2062 Necessitate
1492 2015 1668 2059 autem
1718 2005 1771 2058 id
1820 2007 2151 2072 postulante,
2196 2002 2502 2055 nosocumia

920 2101 1146 2170 plurima
1174 2100 1505 2159 construxit,
1532 2098 1722 2166 quibus
1762 2096 2102 2167 presbyteros
2141 2095 2276 2148 duos
2312 2094 2505 2161 pietate

919 2194 1205 2245 instructos
1232 2190 1518 2258 prteposuit
1536 2228 1551 2250 ,
1588 2187 1826 2241 medicos
1851 2188 1976 2240 item
2003 2196 2055 2241 et
2082 2200 2279 2257 coquos
2301 2229 2313 2249 ,
2342 2187 2499 2240 alios-

917 2300 1023 2356 que
1066 2283 1133 2338 ad
1178 2282 1470 2337 ministeria
1514 2279 1843 2344 destinatos,
1892 2294 1993 2334 nec
2041 2279 2385 2347 conjugatos,
2418 2278 2509 2347 qui

920 2375 1265 2430 advenientes
1288 2373 1527 2442 hospites
1551 2378 1606 2425 et
1624 2385 1796 2440 (νει-οε
1817 2378 2067 2424 curarent
2088 2386 2151 2423 ac
2176 2369 2438 2423 foverent.

988 2468 1103 2523 Sub
1132 2466 1248 2522 haec
1287 2475 1464 2519 autem
1508 2462 1574 2516 ad
1607 2461 1791 2516 viduas
1815 2475 2110 2515 conversus
2150 2469 2234 2514 est
2271 2458 2507 2532 (Pallad.

921 2578 977 2630 ρ.
1002 2560 1124 2627 47),
1150 2572 1268 2626 qua:
1300 2565 1423 2609 tunc
1461 2554 1513 2607 in
1547 2551 1786 2605 Ecclesia
1814 2550 2046 2621 aliquem
2075 2550 2297 2620 gradum
2336 2558 2391 2604 et
2416 2564 2508 2603 or-

920 2651 1099 2705 dinem
1140 2650 1481 2714 obtinebant,
1524 2657 1583 2701 ut
1609 2663 1791 2702 earnm
1828 2656 1883 2703 et
1920 2648 2082 2700 vitam
2120 2655 2175 2699 et
2210 2654 2359 2715 gesta
2393 2661 2511 2714 per-

921 2742 1192 2809 quireret,
1225 2749 1281 2794 et
1317 2740 1360 2793 si
1394 2754 1527 2809 quas
1557 2738 1819 2794 inveniret
1848 2736 2024 2792 carnis
2048 2736 2252 2792 deliciis
2276 2735 2507 2803 deditas,

924 2832 1177 2888 monebat
1215 2841 1273 2886 ut
1310 2831 1643 2901 jejunareut,
1680 2831 2010 2885 abstinerent
2034 2844 2065 2882 a
2097 2827 2335 2891 balneis,
2365 2829 2512 2882 etab

923 2924 1202 2994 exquisitis
1229 2922 1495 2984 vestibus,
1527 2930 1617 2975 aut
1643 2925 1887 2992 protinus
1912 2920 1979 2974 ad
2006 2918 2273 2974 seéundas
2301 2918 2515 2989 nuptias

924 3014 1299 3078 convolarent,
1342 3028 1412 3068 ne
1453 3012 1546 3068 lex
1594 3012 1800 3067 Domini
1837 3011 2146 3067 violaretur.
2194 3006 2518 3067 Hortabatur

924 3107 1083 3159 etiam
1126 3104 1387 3174 populos,
1430 3114 1486 3157 ut
1515 3103 1568 3158 in
1607 3102 1881 3157 nocturnis
1913 3101 2161 3171 precibus
2193 3101 2392 3157 assidui
2426 3116 2514 3155 csa

925 3204 1078 3261 sent;
1119 3211 1317 3251 uxores
1341 3205 1517 3250 autem
1539 3236 1553 3259 ,
1586 3203 1645 3248 ut
1681 3193 1825 3248 domi
1856 3201 2165 3259 manerent,
2194 3201 2250 3247 et
2286 3192 2515 3246 interdiu

926 3305 1111 3361 preces
1139 3288 1420 3344 funderent
1457 3288 1615 3356 ipszn,
1642 3287 1764 3357 quia
1794 3284 1999 3341 diurnis
2030 3284 2175 3339 horis
2198 3284 2319 3348 viri,
2350 3300 2515 3355 nego-

929 3383 1015 3438 tiis
1038 3391 1094 3438 et
1134 3382 1209 3436 rei
1242 3380 1485 3435 familiari
1522 3394 1742 3450 operam
1768 3377 1993 3445 dantes,
2020 3376 2274 3449 precibus
2311 3376 2518 3431 incum-

931 3473 1056 3527 bere
1090 3487 1197 3526 non
1220 3471 1490 3525 valebant.

997 3564 1127 3633 Qun
1156 3564 1225 3618 de
1251 3562 1525 3617 nocturnis
1555 3560 1801 3631 precibus
1838 3559 1931 3616 ille
1966 3568 2229 3617 statuerat
2258 3561 2517 3616 Constan-

930 3657 1303 3726 tinOpolitanos
1330 3656 1555 3709 clericos
1580 3653 1881 3720 mordebat,
1909 3653 2001 3725 qni
2044 3654 2400 3725 negligentius
2431 3669 2518 3708 res

925 3751 1133 3806 divinas
1179 3757 1503 3813 tractantes,
1551 3756 1659 3801 tota
1700 3755 1858 3801 nocte
1896 3761 2090 3801 somno
2131 3746 2297 3802 dediti
2340 3756 2515 3801 erant.

928 3843 1039 3897 lmo
1068 3856 1212 3907 vero,
1260 3841 1381 3909 qttia
1410 3839 1614 3909 jamdiu
1644 3838 1927 3893 clericatus
1960 3836 2133 3893 officia
2176 3840 2338 3892 missa
2376 3837 2516 3892 fece—

929 3944 1071 3997 rant,
1095 3932 1211 3986 luce
1243 3932 1419 3985 omnia
1443 3930 1581 3999 apud
1611 3930 1732 3985 illos
1758 3938 1977 3999 propter
1997 3937 2318 3985 vetustatem
2355 3930 2518 3985 obso-

932 4025 1188 4080 leverant.
1236 4022 1436 4076 Divites
1478 4030 1655 4074 autem
1701 4019 1967 4083 maxime,
1997 4018 2072 4075 uti
2112 4020 2317 4075 solt-bat
2358 4019 2519 4074 etiam

932 4113 1261 4181 Antioehim,
1311 4113 1364 4167 in
1418 4111 1765 4167 concionibus
1819 4114 2129 4180 frequenter
2175 4110 2244 4165 ad
2285 4110 2521 4164 officium

932 4205 1245 4271 revocabat,
1282 4204 1483 4257 docens
1509 4218 1577 4258 ne
1606 4202 1834 4257 sublime
1859 4210 2143 4272 saperent,
2171 4211 2225 4256 et
2259 4201 2519 4255 bonorum

933 4306 1140 4366 partem
1162 4296 1345 4364 egenis
1372 4294 1725 4363 impertirent.
1749 4293 1874 4348 "me
1895 4293 1964 4347 ab
1986 4292 2137 4348 initio
2158 4293 2355 4348 monita
2380 4308 2521 4362 saepe

930 4388 1129 4457 smpins
1152 4386 1311 4441 dabat
1353 4386 1460 4441 ille.
1508 4386 1580 4439 Ea
1613 4400 1761 4451 vero,
1799 4400 1919 4453 qua:
1954 4385 2140 4455 primis
2180 4384 2521 4456 episcopatus

930 4480 1011 4533 sui
1041 4478 1313 4533 mensibus
1333 4477 1387 4529 in
1408 4476 1753 4531 concionibus
1777 4474 1930 4539 dixit,
1956 4475 2231 4545 speciatim
2255 4484 2309 4530 et
2335 4476 2521 4530 ordine

932 4570 1196 4626 recensita
1244 4582 1349 4621 non
1397 4575 1731 4635 comparent,
1776 4566 1859 4620 vel
1905 4567 1957 4619 in
1997 4566 2114 4635 ejus
2154 4570 2400 4636 scriptis,
2440 4568 2520 4622 vel

932 4660 1071 4731 apud
1108 4661 1396 4731 scriptores
1422 4658 1817 4713 ecclesiasticos
1842 4658 1924 4714 sui
1950 4658 2070 4713 teri.
2105 4658 2280 4730 Ipsum
2311 4675 2523 4728 semper

932 4751 1147 4806 assidue
1168 4750 1541 4807 concinnatum
1569 4764 1691 4805 esse
1729 4750 1949 4804 scimus.
1992 4747 2104 4802 lmo
2132 4749 2326 4803 multas
2358 4747 2520 4804 babe-

936 4857 1058 4896 mus
1086 4841 1331 4894 homilias
1367 4841 1708 4910 episcopatus
1735 4842 1817 4895 sui
1860 4853 2103 4911 tempore
2146 4840 2388 4909 habitas;
2430 4845 2521 4896 sed

938 4946 1161 5001 quarunt
1205 4928 1438 4983 maxima
1484 4943 1606 4997 pars
1652 4931 1851 4985 nullam
1897 4930 1982 4987 vel
2027 4931 2229 4986 mensis
2270 4931 2353 4985 vel
2401 4934 2522 4985 anni

939 5032 1119 5078 notam
1150 5038 1259 5091 pra:
1287 5037 1346 5075 sc
1377 5020 1498 5075 fert.

1013 5111 1179 5167 Nova:
1218 5114 1479 5168 conciones
1514 5130 1580 5168 ex
1618 5113 1983 5184 Manuscriptt's
2024 5126 2198 5171 erum.
2226 5116 2523 5174 —Verum

940 5222 1028 5261 res
1068 5205 1271 5275 pridem
1303 5215 1451 5259 erant
1494 5206 1650 5277 longe
1689 5208 1874 5279 pejore
1914 5208 2239 5263 conditione.
2282 5210 2521 5279 Magnam

943 5300 1173 5355 nobisin
1200 5299 1565 5371 Chrysostomi
1605 5300 1840 5370 episc0pi
1872 5300 2091 5355 historia
2135 5301 2303 5354 lucem
2348 5302 2525 5357 attulit

944 5410 1078 5449 nova
1117 5395 1202 5449 illa
1242 5403 1296 5449 et
1332 5392 1509 5464 ampla
1548 5392 1879 5448 homiliarnm
1910 5394 2182 5459 accessio,
2228 5411 2345 5464 qum
2385 5395 2522 5450 haud

944 5487 1015 5541 ita
1049 5485 1249 5555 pridem
1279 5484 1361 5539 vel
1385 5501 1447 5539 ex
1477 5493 1659 5539 monte
1682 5486 1846 5549 Atho,
1871 5497 1926 5541 ut
1962 5484 2174 5555 quidam
2196 5526 2211 5549 ,
2243 5485 2325 5540 vel
2347 5503 2410 5540 ex
2439 5487 2524 5540 iu-

940 5581 1056 5634 sula
1088 5578 1338 5643 Pathmo,
1370 5592 1421 5631 ut
1450 5578 1537 5631 alii
1571 5578 1785 5642 volunt,
1814 5579 1867 5634 in
1900 5577 2286 5635 Bii‘diotbecant
2317 5579 2523 5635 \‘atica-

944 5688 1063 5726 nam
1098 5670 1293 5732 allatae,
1324 5684 1350 5721 a
1378 5670 1649 5725 sodalibus
1680 5670 1894 5737 nostris,
1923 5670 2013 5740 qui
2043 5680 2151 5723 tum
2182 5670 2365 5725 Romae
2387 5672 2524 5726 Con-

940 5764 1265 5835 gregationis
1316 5764 1483 5817 sancti
1538 5764 1706 5817 Mauri
1762 5764 1987 5831 negotiis
2043 5762 2436 5831 advigilabant.
2492 5777 2521 5816 a

939 5856 1125 5913 Graeco
1150 5856 1465 5913 amanuensi
1496 5856 1797 5924 descriptm,
1827 5854 2153 5910 transmissa:
2180 5855 2309 5911 mihi
2341 5855 2519 5921 fuere;

936 5946 1190 6006 nimirum
1227 5964 1258 6003 a
1299 5949 1361 6003 D.
1404 5948 1564 6005 Petro
1608 5948 1818 6014 blaloet,
1861 5949 1951 6020 qui
2000 5959 2112 6006 tum
2154 5949 2522 6009 Procuratoris

1974 521 2030 576 S.
2064 516 2341 577 JOANNIS
2380 514 2853 575 CHRYSOSTOMI
2900 524 3076 579 V'tTA.

4071 534 4171 591 963

2597 635 2859 704 generalis
2907 636 3088 691 officio
3132 639 3449 711 fungebatur
3485 651 3539 697 et
3580 653 3722 695 nunc
3757 644 3809 694 in
3853 653 4173 705 monasterio

2599 729 2767 781 sancti
2796 726 3046 783 Germani
3084 742 3114 780 a
3159 729 3338 786 Pratis
3378 732 3531 789 Prior
3565 741 3676 797 est,
3706 740 3759 785 et
3787 748 3816 785 a
3858 733 3919 787 D.
3942 735 4175 809 Josepho

2602 818 2750 872 Avril
2773 818 2887 888 ejus
2908 818 3074 883 socio,
3094 817 3203 887 jam
3228 820 3278 872 in
3300 826 3627 880 monasterio
3645 824 3951 880 Corbeiensi
3972 825 4173 893 Prinre,

2601 909 2691 977 qui
2721 910 2878 963 ambo
2904 924 3135 978 semper,
3163 908 3289 963 dum
3310 909 3498 969 Romae
3522 927 3732 982 essent,
3758 915 4020 971 assiduam
4047 921 4176 976 mihi

2604 1004 2898 1073 pnestitere
2926 1019 3165 1074 Operam.

2673 1094 2931 1163 Quodque
2966 1112 3183 1161 prorsus
3219 1112 3415 1151 novum
3458 1099 3833 1174 insolitumque
3860 1114 3941 1159 est
3975 1103 4060 1172 (Τ.
4092 1106 4180 1160 1-2..

2606 1202 2654 1241 c.
2689 1184 2881 1239 £69.“
2909 1185 3035 1257 (φ),
3066 1196 3224 1255 atque
3252 1188 3489 1241 utilitatis
3516 1191 3740 1247 multum
3767 1196 3953 1260 affert,
3974 1195 4058 1249 bat
4086 1195 4183 1249 ho-

2605 1276 2768 1331 milia:
2790 1276 3068 1347 descripte
3099 1279 3244 1332 fuere
3268 1293 3299 1331 a
3326 1279 3555 1347 quodam
3580 1282 3670 1349 qui
3695 1282 3750 1336 S.
3775 1286 4009 1342 doctoris
4034 1288 4183 1342 lateri

2604 1366 2828 1423 hirsisse
2853 1368 3098 1437 videtur,
3141 1371 3334 1441 quique
3379 1371 3433 1424 in
3481 1370 3820 1428 homiliarnm
3866 1378 4030 1434 titulis
4069 1380 4182 1433 loca

2605 1460 2772 1515 refert
2812 1461 2901 1515 ubi
2941 1466 3227 1518 conciones
3274 1464 3464 1519 habit-ge
3507 1473 3662 1525 sunt,
3704 1474 3758 1519 et
3786 1482 3929 1536 satpc
3970 1487 4185 1526 eau~am

2606 1566 2705 1606 cur
2729 1553 3075 1607 concionatus
3098 1554 3167 1609 sit
3195 1555 3426 1619 indicat,
3457 1570 3520 1610 ac
3557 1570 3662 1609 non
3706 1570 3867 1626 pauca
3911 1563 4185 1628 pmelara,

2606 1642 2675 1696 ad
2707 1643 2980 1697 historiam
3010 1644 3151 1698 illius
3188 1646 3314 1700 anni
3355 1647 3670 1718 pertinentia
3693 1690 3707 1713 ,
3733 1647 4012 1703 admiscet.
4055 1652 4185 1706 Cer-

2612 1734 2978 1804 tissimutnque
3011 1746 3092 1789 est
3138 1735 3256 1791 illas
3280 1737 3742 1808 Constantinopoli
3780 1738 3987 1792 habitas
4028 1741 4193 1797 fuisse

2609 1825 2765 1877 annis
2802 1824 2909 1880 598
2938 1836 2987 1878 et
3028 1824 3152 1880 599.
3194 1826 3275 1879 Au
3310 1844 3436 1881 vero
3479 1832 3815 1885 continenter
3852 1841 3905 1883 et
3950 1830 4040 1884 illo
4083 1848 4193 1901 quo

2610 1918 2766 1971 dicta:
2793 1919 2937 1973 fuere
2964 1918 3149 1972 ordine
3176 1918 3262 1973 hic
3292 1920 3611 1987 referantur,
3634 1924 3701 1978 de
3730 1923 3907 1978 multis
3932 1922 4192 1992 liquidum

2609 2017 2712 2067 est,
2740 2006 2806 2060 de
2833 2008 3083 2060 omnibus
3108 2008 3376 2063 affirmare
3401 2027 3507 2065 non
3537 2016 3706 2067 ausim
3732 2031 3746 2078 ;
3776 2015 3881 2068 imo
3906 2016 4198 2071 verisimile

2608 2106 2692 2152 est
2717 2098 2872 2162 alias,
2902 2114 3019 2167 qum
3042 2098 3152 2166 jam
3180 2114 3286 2153 non
3316 2112 3544 2166 exstant,
3583 2105 3883 2174 interjectas
3909 2105 4091 2159 fuisse.

2682 2187 2855 2242 Prima
2897 2205 3025 2243 vero
3070 2190 3209 2244 dicta
3248 2190 3347 2244 fuit
3386 2206 3506 2245 cunt
3549 2197 3785 2251 nondum
3828 2197 4036 2266 triginta
4078 2196 4200 2251 dies

2611 2278 2967 2347 efﬂuxissent,
3013 2282 3081 2337 ab
3123 2282 3321 2353 ingenti
3368 2283 3461 2337 illo
3498 2294 3654 2340 teme
3686 2300 3852 2351 motu,
3896 2291 3984 2359 qui
4028 2300 4199 2344 totam

2614 2373 2801 2427 urbem
2829 2373 3309 2444 Constantinopolin
3323 2381 3989 2446 concusserat(a).Certu.n
4015 2395 4200 2439 autem

2614 2482 2735 2522 esse
2763 2468 2973 2522 videtur
3002 2478 3161 2523 terra:
3202 2480 3400 2524 motum
3445 2470 3592 2524 illum
3636 2487 3705 2526 ex
3748 2490 3970 2529 nttmero
4009 2492 4203 2531 eorum

2616 2556 2819 2624 fuisse,
2875 2575 3012 2631 quos
3064 2561 3381 2616 Claudianus
3436 2562 3892 2634 Constantinopoli
3938 2569 4207 2622 accidisse

2614 2660 2881 2705 memorat
2922 2662 3049 2706 ante
3084 2651 3433 2708 Consulatum
3477 2655 3750 2725 Eutropii,
3788 2672 3930 2711 anno
3954 2658 4209 2713 videlicet

2615 2740 2743 2797 598.
2770 2741 2970 2797 Ontnes
2997 2744 3195 2814 quippe
3224 2744 3471 2801 homilias
3512 2748 3639 2802 istas
3668 2749 3749 2802 vel
3779 2761 3902 2804 ante
3937 2749 4208 2804 Consula-

2617 2842 2728 2890 tum
2753 2837 3015 2905 Eutmpii,
3042 2838 3128 2903 qui
3154 2839 3316 2907 ccepit
3342 2839 3494 2893 initio
3516 2842 3641 2894 anni
3667 2836 3790 2907 399,
3816 2843 3897 2896 vel
3924 2843 4037 2911 ipso
4057 2843 4211 2896 Con-

2616 2928 2757 2995 sule,
2801 2928 2896 2983 sed
2937 2939 3062 2983 ante
3106 2929 3280 2997 fugam
3324 2930 3635 2999 aedemque
3672 2932 3822 3001 ejus,
3863 2949 3980 3002 qum
4017 2947 4214 2988 mense

2619 3020 2834 3074 circiter
2861 3020 3081 3089 Augusti
3115 3022 3236 3074 anni
3273 3021 3378 3075 599
3406 3023 3620 3087 accidit,
3655 3022 3863 3078 habitas
3894 3022 4055 3078 fuisse
4080 3039 4212 3079 cer-

2620 3120 2731 3167 tum
2759 3122 2860 3166 est.
3272 3098 3283 3109 ’

2688 3200 2878 3257 Coucio
2904 3212 3179 3271 porticm:
3203 3213 3407 3256 motum.
3426 3205 3687 3259 —Prima
3719 3206 4052 3273 pronuntiata
4087 3204 4211 3269 fuit,

2620 3303 2677 3346 ut
2697 3293 2857 3347 modo
2878 3293 3205 3357 dicebamus,
3226 3305 3345 3364 post
3361 3296 3621 3365 ingentem
3646 3297 3787 3349 illum
3807 3305 3960 3350 terrm
3980 3307 4211 3361 motum,

2619 3398 2740 3437 cum
2774 3383 3008 3437 nomium
3038 3384 3249 3453 triginta
3279 3385 3396 3439 dies
3421 3385 3749 3440 effluxissent
3778 3387 3845 3440 ab
3866 3389 3956 3441 illo
3977 3388 4081 3449 die,
4103 3404 4215 3457 quo

2622 3471 2750 3526 urbs
2782 3482 2889 3525 tota
2918 3472 3263 3527 vehementer
3287 3490 3545 3529 concussa
3574 3491 3603 3527 a
3637 3485 3791 3530 terra:
3820 3488 3963 3529 motu
3996 3476 4174 3529 fuerat
4199 3496 4213 3533 :

2620 3563 2941 3632 videturque
2980 3562 3160 3617 habita
3204 3564 3369 3619 fuisse
3397 3581 3540 3619 anno
3582 3576 3822 3621 vertente
3854 3569 3955 3621 598
3978 3568 4026 3619 in
4059 3583 4214 3620 mar-

2622 3656 2760 3723 tyrio
2796 3658 2909 3709 sive
2950 3656 3176 3710 ecclesia
3230 3664 3566 3727 martyrum,
3616 3672 3738 3726 quas
3784 3666 3899 3711 erat
3940 3657 3993 3710 in
4024 3656 4212 3711 Veteri

2625 3745 2802 3811 Petra,
2833 3757 2891 3800 nt
2922 3747 3088 3800 fertur
3113 3746 3165 3800 in
3199 3747 3375 3801 titulo.
3418 3747 3586 3816 llujus
3625 3750 3869 3819 martyrii
3916 3758 3971 3802 et
4001 3748 4216 3803 Veteris

2624 3836 2794 3890 Petra:
2853 3836 3052 3891 nullam
3096 3837 3271 3890 adhuc
3310 3840 3637 3892 mentionem
3685 3839 3860 3893 inveni
3903 3837 4038 3907 apud
4075 3841 4217 3894 scri-

2628 3938 2804 3997 ptorcs
2832 3943 3011 3982 rerum
3034 3928 3736 3997 Constantinopoliutnarnm
3773 3946 3787 3982 :
3816 3946 3988 3999 neque
4015 3930 4216 3984 ntit'ttnt

2627 4020 2752 4074 illud
2783 4029 2902 4084 est;
2945 4020 3109 4074 multa
3140 4020 3281 4074 enim
3312 4021 3412 4073 alia
3456 4022 3861 4089 prmtermisiSse
3904 4022 4023 4076 illos
4065 4037 4217 4076 eum-

2630 4114 2761 4180 pcri.
2794 4109 2848 4166 ιιι
2871 4111 3101 4165 exordio
3130 4120 3307 4164 autem
3340 4112 3607 4165 invehitur
3636 4112 3690 4164 in
3728 4112 3847 4165 illos
3872 4113 3960 4181 qui
3988 4112 4057 4165 ob
4089 4114 4207 4181 plu.

2627 4204 2765 4257 viam
2798 4211 2849 4256 et
2891 4204 3057 4257 lutum
3108 4205 3158 4256 in
3189 4204 3470 4258 ecclesiam
3519 4219 3629 4257 non
3673 4216 4060 4268 convenerant,
4087 4207 4215 4273 quia

2625 4309 2818 4363 nempe
2847 4294 2913 4349 de
2940 4310 2999 4349 re
3027 4296 3171 4363 gravi
3215 4304 3270 4349 et
3297 4295 3363 4347 ad
3392 4294 3589 4347 inultos
3616 4294 3913 4348 absentium
3935 4305 4215 4363 spectante

2624 4385 2885 4455 agendum
2932 4386 3032 4439 sibi
3080 4395 3217 4439 erat.
3264 4384 3399 4438 Cum
3450 4386 3590 4437 enim
3637 4396 3759 4439 ante
3787 4385 3999 4453 triginta
4041 4386 4216 4440 ferme

2623 4478 2740 4533 dies
2775 4477 2906 4532 urbs
2932 4487 3041 4531 tota
3072 4477 3275 4547 ingenti
3324 4485 3485 4531 terra:
3528 4488 3672 4531 nt0tu
3700 4489 4027 4547 quateretur.
4057 4480 4215 4533 multi

2627 4566 2914 4622 formidine
2942 4568 3197 4636 correpti,
3222 4568 3473 4622 domibus
3496 4610 3509 4633 ,
3534 4570 3677 4639 agris
3702 4610 3715 4632 ,
3743 4571 4019 4639 mancipiis
4040 4612 4053 4635 ,
4080 4586 4218 4624 auro

2626 4670 2680 4713 et
2726 4666 2950 4729 argento
2998 4658 3238 4726 relictis,
3288 4660 3469 4729 procul
3506 4671 3561 4715 et
3621 4661 3673 4714 in
3724 4660 3882 4714 aliam
3932 4661 4210 4729 regionem

2627 4748 2965 4820 aufugerant.
3004 4747 3153 4804 Tunc
3177 4766 3304 4805 vero
3339 4751 3551 4821 plurimi
3578 4767 3642 4805 ex
3686 4752 3750 4803 iis
3779 4751 3867 4820 qui
3896 4750 4037 4803 domi
4063 4764 4218 4801 man-

2629 4852 2813 4900 serant
2851 4842 2903 4895 in
2953 4840 3297 4913 fugitivorum
3340 4844 3477 4897 bona
3511 4844 3809 4896 involarant
3835 4882 3847 4903 ,
3880 4854 4014 4910 quos
4058 4855 4215 4894 acer-

2629 4939 2797 5002 rime,
2829 4945 2882 4992 et
2904 4937 3024 5007 jure
3051 4938 3267 5010 quidem
3286 4980 3301 5002 ,
3350 4938 3644 4991 insectatur
3672 4934 4088 5002 Clrrvsostonms
4113 4973 4128 4997 ,
4162 4945 4216 4990 et

2630 5028 2682 5083 in
2715 5035 2913 5081 tantam
2944 5037 3049 5081 tam
3090 5027 3373 5082 absurdam
3406 5027 3577 5079 aliena
3623 5024 3902 5078 invadendi
3946 5024 4212 5093 cupidita-

2631 5130 2761 5184 tem,
2805 5119 3059 5192 quidquid
3089 5119 3397 5173 exulcerato
3427 5115 3605 5169 animo
3630 5132 3749 5170 sese
3778 5116 3966 5169 obtulit
3993 5131 4056 5167 ex
4085 5126 4212 5169 lem-

2633 5230 2764 5282 pore
2814 5215 2864 5268 in
2900 5227 3121 5283 rapaces
3168 5209 3411 5265 homines
3442 5208 3672 5278 profudit
3712 5226 3726 5274 ;
3769 5207 4004 5262 abscisso
4033 5216 4208 5261 autem

2633 5306 2775 5369 Μία,
2806 5305 3048 5374 quautam
3097 5316 3162 5355 ex
3195 5300 3348 5370 hujus
3372 5301 3643 5356 Concionis‘
3674 5299 3849 5353 medio
3874 5297 4205 5353 exciderunt.

2629 5397 2837 5451 Claudit
2865 5403 3042 5449 autem
3077 5391 3343 5446 bomiliam
3373 5392 3557 5446 dicens
3582 5433 3597 5457 ,
3630 5397 4111 5459 quantumcumque
4140 5390 4210 5443 sit

2632 5495 2928 5557 peccatum,
2960 5484 3003 5538 si
3036 5484 3347 5554 pmniteutia
3392 5485 3523 5539 moti
3551 5483 3607 5548 ii,
3637 5481 3724 5550 qui
3753 5480 3871 5534 talia
3905 5482 4016 5534 ausi
4047 5490 4168 5535 sont
4189 5520 4209 5546 ,

2630 5578 2696 5632 ad
2728 5575 2981 5631 Ecclesia:
3010 5574 3288 5645 prmfectos
3312 5574 3585 5639 accedant,
3610 5570 3835 5641 benigne
3855 5570 4209 5627 admittendos

2632 5679 2685 5722 et
2716 5668 2925 5721 veniam
2950 5677 3263 5736 accepturos
3290 5679 3429 5720 esse.

2700 5758 2968 5814 Celebritas
2995 5776 3180 5830 magna
3208 5758 3261 5811 in
3289 5756 3614 5811 translatione
3640 5753 4204 5828 Reliquinrnm.—Jam

2628 5858 2694 5915 ad
2728 5858 3088 5915 celebritatem
3115 5870 3418 5921 evoeamur,
3441 5857 3674 5913 omnium
3705 5856 3926 5912 fortasse
3946 5870 4065 5923 qua:
4088 5868 4205 5903 nin-

2630 5968 2787 6022 quam
2838 5948 3299 6019 Constantinopoli
3341 5945 3487 6005 fuere
3525 5951 3809 6005 maximam
3840 5989 3855 6009 ,
3886 5958 4046 6013 quam
4092 5952 4203 5996 tum

1010 6058 1083 6111 tu)
1122 6052 1226 6101 non
1250 6056 1361 6113 post
1384 6058 1529 6098 terra:
1552 6053 1757 6107 motum,
1775 6046 1865 6099 sed
1884 6050 1997 6108 post
2024 6047 2274 6109 dejectum
2310 6048 2604 6110 Eutropium
2636 6048 2999 6110 pronuntiatam
3028 6046 3180 6097 fuisse
3206 6047 3331 6098 banc
3360 6049 3615 6098 bomiltam
3630 6046 3761 6096 bene
3784 6042 3957 6107 probat
3982 6040 4181 6101 suum;

944 6130 993 6163 n.
1015 6115 1246 6173 (DG-6%,
1272 6112 1403 6161 Eutr.
