4504 6740
316 531 422 587 {69

314 642 502 699 titulus
532 645 802 701 eoneionis
827 690 842 713 ,
876 657 985 699 tum
1030 642 1218 697 concio
1259 643 1369 713 ipsa
1416 643 1570 699 nobis
1600 642 1899 697 minutatim

313 738 641 794 describunt.
685 739 809 795 llaec
833 752 992 807 porro
1022 737 1201 806 paucis
1224 749 1345 808 post
1369 737 1601 791 habitam
1632 734 1902 789 homiliain

313 830 705 899 prtecedentem
759 830 948 883 diebus
999 834 1115 880 acta
1169 839 1311 885 sunt.
1355 828 1612 883 Nimirum
1664 826 1902 881 Eudoxia

311 919 653 992 Ιηιρει-ηιισῑχ,
688 921 775 990 pio
808 928 1045 987 permota
1074 920 1248 974 studio
1271 964 1283 982 ,
1314 919 1567 988 reliquias
1596 927 1900 972 sanctorum

308 1028 609 1089 martyrum
642 1012 919 1084 quasdam,
957 1029 1177 1080 quorum
1212 1030 1338 1067 vero
1387 1019 1675 1082 martyrum
1723 1020 1903 1066 e~sent

306 1124 411 1163 non
467 1109 759 1168 indicatur,
797 1106 1082 1162 trattslett'c
1133 1107 1294 1159 voluit
1342 1120 1371 1157 a
1405 1104 1589 1171 lll'gna
1633 1104 1896 1169 ecclesia,

303 1219 425 1271 qua:
460 1200 929 1266 Constantinmtoli
958 1210 1089 1261 erat,
1125 1200 1190 1253 ad
1240 1197 1551 1267 martyrium
1583 1199 1692 1251 sive
1722 1197 1900 1252 CCt'le-

306 1294 442 1344 siam
478 1290 537 1343 S.
568 1289 807 1353 Thomte,
849 1306 965 1359 qua:
996 1307 1185 1344 novem
1214 1288 1401 1357 signis,
1435 1302 1525 1341 seu
1567 1290 1897 1353 milliarihns,

304 1383 375 1437 ab
406 1382 536 1434 urbe
560 1381 804 1445 distabat,
833 1394 886 1435 et
917 1383 979 1435 ad
1013 1396 1161 1435 oram
1202 1378 1365 1432 maris
1392 1380 1489 1432 sila
1511 1390 1645 1435 erat.
1666 1379 1774 1431 Cur
1803 1394 1901 1430 au—

309 1485 417 1528 tem
453 1485 608 1528 noctu
639 1476 793 1531 talem
827 1474 940 1530 licri
971 1471 1373 1529 translationem
1418 1472 1676 1536 voluerit,
1709 1472 1901 1525 frustra

308 1582 562 1636 qna-ras:
605 1578 720 1623 utut
759 1584 847 1623 res
872 1576 975 1633 est,
1032 1567 1109 1620 sic
1153 1564 1240 1617 illa
1291 1564 1546 1621 solemnis
1596 1563 1901 1634 exportatio

307 1659 443 1713 facta
470 1658 586 1713 fuit.

384 1752 553 1806 Media
596 1761 752 1808 nocte
776 1749 1036 1819 Reliqnim
1058 1748 1160 1803 illm
1186 1758 1497 1821 martyrum,
1522 1749 1574 1801 in
1604 1747 1757 1801 theca
1786 1744 1904 1800 velo

308 1855 493 1914 operta
528 1846 736 1914 posita',
770 1859 833 1897 ex
862 1841 1046 1910 Magna
1077 1841 1300 1895 ecclesia
1321 1882 1337 1906 ,
1368 1856 1487 1909 quze
1529 1839 1580 1892 in
1608 1839 1737 1893 urbe
1762 1836 1902 1891 Con-

309 1937 653 2007 stantinopoli
676 1945 810 2001 erat,
830 1934 1500 2003 exportantur,comitante
1531 1932 1729 2000 ingenti
1757 1930 1899 1983 mul-

310 2029 534 2082 titndine
558 2070 573 2092 ,
610 2044 765 2097 quam
798 2027 868 2081 ita
896 2026 1149 2081 describit
1178 2029 1288 2094 ipsc
1318 2024 1732 2096 Chrysostomns
1756 2064 1769 2084 .
1810 2024 1899 2092 qui

304 2136 427 2174 cum
474 2120 712 2174 Endoxia
753 2119 1095 2188 lmperatriee
1141 2126 1299 2170 tantm
1348 2116 1678 2170 celebritatis
1717 2124 1902 2167 auctor

306 2222 441 2265 erat.
481 2210 579 2264 llic
625 2210 791 2263 videre
834 2218 940 2261 erat
995 2209 1357 2261 monachorum
1411 2217 1598 2267 eteius,
1651 2206 1905 2275 uirginum

304 2303 509 2365 choros,
532 2302 853 2355 sacerdotum
882 2300 1102 2364 ordines,
1135 2299 1457 2352 srecularium
1504 2298 1726 2349 virorum
1769 2294 1903 2346 mul-

308 2394 573 2447 titudinem
598 2432 613 2457 ,
642 2408 917 2453 seruorum,
946 2391 1235 2451 liberorum,
1254 2392 1435 2442 civium
1458 2429 1473 2451 ,
1501 2387 1901 2457 peregrinorum,

306 2484 593 2554 principum
628 2491 676 2537 et
720 2482 1075 2547 subditorum,
1102 2498 1214 2533 cum
1243 2481 1429 2549 gaudio
1450 2481 1500 2531 in
1552 2480 1641 2531 tali
1666 2478 1905 2531 comitatu

308 2575 710 2645 properantium.
730 2572 968 2627 Mulieres
993 2574 1045 2625 in
1066 2570 1304 2625 thalamis
1330 2572 1517 2625 versari
1539 2571 1701 2625 solita:
1723 2579 1765 2622 et
1787 2586 1903 2623 cera

308 2669 601 2733 molliores,
631 2666 815 2720 relictis
862 2666 1057 2720 antibus
1104 2681 1219 2719 eum
1279 2664 1637 2718 robustissimis
1682 2665 1900 2717 virorum

306 2760 570 2812 alacritate
596 2758 872 2823 certabant,
904 2775 1019 2811 cum
1069 2768 1264 2811 tantum
1303 2758 1495 2812 itineris
1518 2768 1665 2811 noctu
1690 2757 1902 2827 perﬁce-

307 2861 417 2905 rent
442 2866 462 2905 :
483 2868 583 2905 non
600 2853 809 2921 juvenes
839 2851 988 2905 modo
1005 2892 1021 2913 .
1050 2852 1139 2905 sed
1169 2852 1321 2904 etiam
1359 2868 1488 2904 anus
1514 2867 1572 2904 eo
1591 2851 1859 2921 pergebant
1882 2889 1897 2913 ,

310 2959 467 3012 neque
495 2952 689 2997 natura
714 2942 985 3010 inﬁrmitas
1003 2983 1018 3007 ,
1049 2958 1208 3012 neque
1230 2942 1532 2996 celebritatis
1562 2959 1767 3011 pompa,
1813 2959 1902 2996 ue-

309 3051 409 3103 que
434 3035 597 3089 soliti:
622 3035 736 3088 vita:
775 3033 1011 3087 mollities
1040 3034 1397 3103 impedimento
1446 3038 1604 3104 fuere.
1639 3033 1903 3101 Principes

309 3142 489 3179 rursus
523 3135 568 3178 et
616 3126 936 3195 magistratus
964 3167 979 3190 ,
1025 3126 1211 3179 relictis
1262 3124 1492 3178 curribus
1512 3166 1526 3191 ,
1558 3123 1817 3178 lictoribus
1848 3134 1895 3176 et

310 3218 632 3282 satellitibus,
666 3218 793 3286 plebi
816 3234 922 3271 sese
950 3217 1285 3270 admiscuere.

386 3306 585 3379 Ecquid
634 3307 865 3361 mulieres
913 3307 1259 3377 principesque
1307 3323 1671 3370 memoremus,
1698 3307 1904 3372 quando

312 3404 426 3469 ipsa
457 3400 702 3455 Eudoxia
724 3399 1059 3469 Imperatrix,
1076 3416 1186 3467 quw
1209 3400 1439 3453 diadema
1460 3400 1679 3470 gestabat
1706 3410 1752 3453 et
1780 3416 1906 3469 pur—

313 3511 443 3564 pura
476 3494 795 3556 induebatur,
819 3509 908 3561 per
946 3501 1102 3544 totam
1133 3493 1262 3547 viam
1305 3509 1366 3545 ne
1403 3494 1653 3545 tantillum
1701 3493 1903 3564 quidem

313 3603 346 3637 a
370 3586 577 3651 reliquis
622 3584 850 3654 separari
894 3584 1095 3647 voluit;
1144 3584 1231 3636 sed
1259 3584 1459 3637 ancilla:
1501 3586 1661 3637 instar
1688 3626 1701 3648 ,
1736 3585 1903 3654 inquit

312 3676 725 3747 Chrysostontus
758 3720 773 3743 ,
823 3686 1024 3729 sanctos
1065 3674 1390 3741 sequebatur,
1427 3678 1617 3729 thecam
1661 3687 1705 3730 et
1739 3678 1903 3729 uelum

312 3766 687 3837 superpositum
713 3777 943 3836 tangens,
962 3766 1339 3835 humanumque
1365 3772 1552 3837 fastum
1573 3785 1769 3821 onmem
1792 3768 1903 3823 cal-

314 3876 458 3924 cans,
486 3860 711 3928 atquein
744 3859 871 3910 tanti
907 3859 1087 3911 theatri
1132 3861 1299 3913 medio
1322 3902 1336 3925 ,
1370 3878 1401 3913 α
1429 3863 1619 3932 populo
1650 3862 1909 3916 ridebatur

314 3950 428 4010 illa,
456 3964 607 4016 quant
639 3964 703 4001 ne
737 3950 977 4002 eunuchis
1019 3950 1220 4017 quidem
1247 3951 1499 4018 omnibus,
1532 3952 1620 4021 qui
1645 3954 1697 4006 in
1731 3951 1905 4023 Impe-

316 4040 509 4094 ratoria
539 4039 747 4093 aluntur
796 4038 916 4092 aula
944 4080 957 4101 ,
985 4046 1273 4107 conspicere
1309 4041 1443 4094 licet.
1493 4042 1602 4097 Sed
1629 4057 1910 4115 martyrum

318 4148 467 4185 auter
495 4142 542 4185 et
570 4131 793 4185 caritatis
818 4132 1026 4200 ﬂamma
1052 4132 1148 4202 ipsi
1172 4143 1225 4184 ut
1247 4132 1411 4186 larvas
1444 4133 1561 4186 illas
1583 4150 1752 4188 omnes
1780 4137 1909 4208 abji-

321 4232 457 4279 t'eret
514 4225 698 4276 suasit.
758 4222 927 4291 l’mpe
987 4222 1280 4277 Eudoxiam
1328 4224 1608 4278 incedebat
1664 4226 1899 4282 Joannes

319 4315 735 4386 Chrysostomus
765 4316 980 4384 prtesul.
1028 4314 1116 4369 Sic
1169 4324 1344 4369 tantus
1389 4315 1479 4370 ille
1520 4328 1710 4378 coetus,
1754 4318 1904 4371 theca

317 4407 414 4461 SS.
446 4418 741 4477 martyrum
795 4415 1070 4475 pra'eunte
1099 4448 1112 4471 ,
1144 4422 1237 4476 per
1276 4408 1504 4462 medium
1554 4409 1792 4461 transivit
1823 4410 1904 4463 fo-

316 4514 460 4561 rum,
489 4508 540 4551 ct
568 4514 631 4551 ex
661 4499 833 4567 portis
867 4502 1010 4553 urbis
1039 4516 1284 4570 egressus
1314 4500 1377 4553 ad
1408 4501 1651 4573 Drypiam
1670 4544 1683 4565 ,
1708 4503 1783 4556 sic
1820 4502 1906 4557 di-

318 4601 463 4646 ctum
493 4590 686 4653 locum,
708 4589 1071 4657 iterinstituit,
1100 4593 1149 4644 in
1173 4596 1482 4664 martyrium
1510 4610 1602 4648 seu
1632 4594 1907 4649 ecclesiam

321 4686 491 4740 sancti
510 4683 753 4749 Thomre,
784 4697 975 4737 novem
998 4684 1181 4753 signis,
1204 4687 1317 4741 sire
1345 4688 1762 4755 milliaribas,ab
1780 4688 1910 4744 urbe

323 4777 628 4832 distantem.

402 4869 524 4925 Pari
572 4876 749 4924 autem
800 4866 1070 4921 alacritate
1108 4867 1172 4919 ad
1205 4883 1352 4919 oram
1396 4870 1557 4923 maris
1589 4883 1907 4941 pergentes;

326 4961 523 5033 Drypia
552 4960 695 5016 enim
722 4956 788 5011 ad
817 4958 964 5011 littus
985 4965 1135 5020 erat;
1165 4955 1366 5010 facilms
1388 4965 1440 5009 et
1466 4957 1795 5026 lampadibus
1826 4962 1910 5015 in-

323 5053 514 5108 structi
543 5065 749 5115 onmes,
774 5050 942 5122 ipsum
971 5064 1117 5101 mare
1150 5048 1435 5117 splendore
1462 5050 1759 5119 replebant.
1793 5050 1907 5106 Ne-

322 5163 421 5210 que
460 5145 765 5201 aberraveri.‘
790 5187 805 5211 ,
834 5142 1002 5212 inquit
1042 5139 1457 5211 Chrysostomus
1480 5186 1495 5209 ,
1539 5144 1624 5212 qui
1650 5144 1741 5196 hoc
1771 5162 1911 5198 mare

329 5237 538 5305 furium
566 5239 697 5309 ignis
716 5236 991 5297 vocaverit;
1016 5234 1087 5286 ita
1110 5249 1287 5303 nempe
1308 5233 1591 5301 lampades,
1623 5252 1734 5305 qua:
1759 5246 1907 5289 noctu

328 5328 613 5397 frequentes
660 5346 723 5383 ac
749 5328 995 5383 continua:
1043 5324 1110 5377 ad
1139 5341 1296 5393 usque
1325 5327 1624 5397 martyrium
1655 5327 1745 5381 hoc
1776 5330 1907 5399 [ere-

325 5422 532 5483 iantur,
549 5424 689 5490 ﬂuvii
710 5424 841 5495 ignei
865 5420 1128 5491 imaginem
1155 5418 1433 5471 videntibus
1459 5420 1775 5474 exhibebant.
1803 5420 1911 5476 Eu-

324 5510 487 5567 doxio
517 5526 646 5565 vero
670 5528 790 5567 cum
823 5514 1021 5567 honore
1051 5523 1241 5578 magno
1273 5549 1288 5573 ,
1316 5508 1493 5562 studio
1531 5520 1689 5579 atque
1715 5512 1911 5582 pietate

327 5611 593 5672 martyres
622 5606 871 5659 comitata
897 5615 998 5672 est,
1035 5602 1175 5673 plebi
1206 5600 1530 5667 intermixta,
1555 5618 1675 5656 cum
1704 5606 1910 5660 s::telli-

331 5697 461 5751 tintn
493 5707 657 5748 omne
682 5698 993 5761 amet-isset,
1019 5706 1072 5752 et
1116 5695 1254 5751 ferre
1282 5708 1494 5748 omnem
1522 5693 1644 5746 vitro
1690 5705 1743 5748 et
1781 5711 1911 5751 eon-

327 5782 548 5842 ditionis
579 5782 991 5850 ina‘qnalitatem
1022 5788 1323 5857 ahjccisset.
1378 5786 1506 5859 Ejus
1543 5784 1908 5843 assiduitatem

330 5875 661 5933 mirabantur
686 5882 741 5928 et
767 5872 961 5929 divites
975 5887 1028 5930 et
1054 5894 1336 5949 pauperes,
1350 5875 1599 5935 videntes
1616 5876 1758 5931 illam
1790 5879 1909 5936 sine

331 5966 725 6030 intermissione
753 5979 847 6037 per
879 5976 1079 6023 tantum
1108 5972 1207 6028 vim
1234 5975 1463 6045 spatium
1491 5972 1702 6032 ossibus
1730 5971 1901 6029 inhze-

1486 530 1669 589 Νι]Νο
1707 528 1970 587 PRIMUM
2007 530 2409 586 ADORNATA.

3494 538 3597 592 {70

2014 654 2219 698 rentem
2242 684 2259 711 ,
2289 658 2387 698 nec
2419 660 2663 715 umquam
2693 643 2963 700 defessam
2994 646 3077 702 vel
3120 647 3471 718 resilientent,
3502 655 3594 707 sed

2010 752 2149 791 arca:
2192 752 2406 806 semper
2430 738 2749 793 adstantem.

2082 828 2267 896 POpuli
2294 842 2423 882 vero
2467 844 2757 884 concursus
2788 840 2966 884 tantus
2996 829 3095 885 luit
3137 847 3349 903 semper
3372 834 3441 892 ab
3467 835 3601 893 urbe

2007 922 2072 974 ad
2121 922 2369 992 Drypiam
2416 936 2583 990 usque
2614 965 2628 987 ,
2658 932 2715 976 ut
2743 938 2861 976 cum
2903 922 3135 975 ﬂuminis
3184 924 3338 979 undis
3381 926 3598 982 assidue

2007 1011 2347 1065 manantibus
2378 1013 2844 1080 ipsnm‘comparet
2878 1013 3312 1085 Chrysostomus.
3351 1016 3463 1070 Etsi
3494 1034 3595 1071 att-

2008 1116 2113 1160 tem
2149 1105 2324 1159 media
2356 1115 2511 1158 nocte
2555 1106 2814 1159 nell-tuin
2844 1122 2962 1158 cum
3008 1118 3148 1161 ccetu
3196 1115 3309 1160 toto
3344 1108 3595 1176 profecta)

2008 1197 2251 1260 fuerant,
2285 1196 2498 1249 nmmisi
2554 1190 2900 1247 illicescente
2952 1195 3039 1250 die
3084 1198 3148 1250 ad
3184 1197 3430 1270 Drypiam
3480 1215 3575 1268 per

2010 1299 2224 1342 ventum
2256 1296 2378 1351 est;
2410 1295 2519 1339 ttnn
2551 1286 2668 1353 quia
2698 1285 2906 1340 nonnisi
2950 1286 3243 1343 lentissimo
3272 1290 3433 1357 gradu
3470 1306 3594 1359 px-r-

2008 1396 2132 1448 gere
2162 1388 2404 1447 poterant
2432 1378 2521 1449 qui
2553 1379 2761 1432 thecam
2784 1387 2838 1432 et
2880 1377 3148 1447 Reliquias
3165 1381 3458 1449 gestabant,
3483 1391 3593 1438 tum

2010 1471 2129 1539 quia
2161 1470 2448 1524 identidem
2475 1469 2699 1540 gradum
2728 1469 2921 1525 siStcre
2949 1481 3200 1525 oneratos
3227 1486 3293 1527 ac
3320 1472 3598 1541 quiescere

2011 1574 2144 1629 Opus
2168 1570 2306 1615 erat.

2083 1650 2212 1704 Post
2231 1652 2514 1706 adventum
2538 1669 2600 1707 ac
2621 1654 3009 1723 depositionem
3040 1656 3397 1728 Reliquiarum
3430 1658 3482 1713 in
3506 1674 3597 1714 cer

2012 1738 2174 1795 clesia
2198 1736 2615 1796 SanetiThomae
2642 1745 2693 1797 in
2720 1747 2906 1817 Drypia
2924 1790 2939 1810 ,
2968 1749 3281 1804 concionem
3310 1758 3585 1819 extempo-

2008 1832 2173 1886 ralem
2206 1831 2389 1887 habuit
2414 1833 2830 1905 Chrysostomns
2854 1839 3045 1908 gaudio
3073 1840 3315 1909 perfusus
3333 1851 3469 1897 etcx
3499 1842 3598 1896 hu-

2003 1924 2237 1994 jnsmodi
2266 1928 2574 1996 spectaculo
2603 1932 2876 1985 attonitus.
2918 1932 3177 2001 Quoniam
3210 1950 3335 1990 vero
3360 1935 3447 1990 hic
3472 1952 3598 1991 eon-

2009 2016 2253 2071 cionandi
2301 2019 2491 2074 modus
2547 2020 2707 2090 longe
2732 2021 2997 2093 discrepat
3040 2041 3070 2077 a
3108 2026 3303 2080 ceteris
3328 2028 3596 2094 omnibus,

2006 2121 2142 2176 quos
2164 2108 2419 2164 hactenus
2449 2111 2701 2177 vidimus,
2733 2111 2889 2183 hujus
2909 2114 3187 2169 exordium
3220 2115 3308 2171 hic
3328 2132 3600 2186 apponere

2013 2198 2186 2251 Visum
2216 2210 2299 2253 est
2327 2216 2340 2252 :
2377 2201 2513 2265 Quid
2542 2204 2707 2257 dicam
2738 2215 2783 2259 et
2809 2206 2934 2277 quid
2957 2207 3138 2271 loquar
3166 2207 3196 2263 Ρ
3216 2208 3411 2263 multo
3437 2220 3485 2264 et
3514 2211 3598 2264 in-

2010 2292 2175 2357 sanio,
2208 2294 2300 2345 sed
2329 2294 2546 2362 insania,
2591 2314 2704 2368 quw
2732 2298 2844 2367 ipsa
2870 2301 3118 2370 sapientia
3146 2302 3325 2356 melior
3348 2312 3442 2358 est.
3492 2302 3600 2358 Vo-

2013 2381 2125 2435 lans
2148 2392 2195 2435 et
2220 2385 2426 2439 choreas
2449 2403 2600 2457 agens
2625 2391 2851 2444 sublimis
2873 2394 3010 2461 feror
3034 2408 3054 2447 :
3081 2391 3247 2447 ebrius
3268 2394 3472 2448 laudent
3486 2414 3601 2450 sum

2010 2489 2073 2526 ea:
2097 2472 2193 2526 hac
2221 2472 2477 2544 voluptate
2512 2477 2790 2546 spirituali.
2820 2479 2955 2545 Quid
2984 2483 3153 2533 dicam
3180 2491 3228 2535 et
3251 2484 3369 2548 quid
3392 2484 3601 2554 loquar?

2009 2576 2358 2636 martyrumne
2381 2569 2654 2623 virtutem?
2678 2588 2744 2624 au
2775 2572 3004 2627 caritatis
3025 2574 3371 2631 alacritatem?
3394 2596 3459 2632 an
3486 2578 3601 2633 lm-

2007 2658 2270 2726 peratricis
2292 2659 2487 2713 zelum?
2513 2678 2579 2713 an
2614 2660 2915 2733 Principum
2942 2681 3243 2721 concursum
3262 2669 3290 2722 ?
3313 2686 3380 2723 an
3410 2670 3600 2727 diaboli

2006 2751 2257 2805 insaniant
2276 2752 2304 2802 .9
2328 2770 2394 2806 an
2425 2754 2713 2808 cla'momtm
2743 2756 2941 2811 cladem
2966 2799 2982 2823 ,
3017 2759 3258 2815 Ecclesia!
3293 2764 3602 2819 nobilitatem

2010 2843 2176 2896 crucis
2205 2845 2434 2897 virtutem
2462 2886 2477 2909 ,
2535 2846 2781 2915 Cruci/ixi
2827 2852 3075 2905 miracula
3105 2894 3119 2915 ,
3157 2851 3331 2908 Patris
3360 2858 3599 2922 gloriam,

2010 2932 2238 3001 Spiritus
2282 2937 2541 3006 gratiam,
2576 2939 2755 3007 pepuli
2800 2940 2953 2995 totius
2998 2942 3343 3013 voluptatem,
3388 2946 3605 3001 civitatis

2010 3025 2408 3080 multationes?
2430 3037 2535 3082 etc.
2578 3028 2760 3098 Pergit
2788 3039 2989 3092 autem,
3020 3030 3089 3085 de
3117 3032 3477 3104 Reliquiarum
3505 3051 3605 3091 es-

2012 3117 2313 3185 portatione
2360 3118 2527 3172 multa
2578 3134 2842 3186 narrans,
2872 3121 3163 3175 Eudoxiam
3205 3124 3601 3193 lmperatriccm

2013 3208 2259 3263 laudibus
2290 3209 2357 3263 ad
2409 3212 2597 3265 caelum
2646 3212 2877 3278 tollens,
2926 3230 3083 3282 quam
3127 3216 3287 3271 etiam
3332 3218 3601 3275 interdum

2013 3312 2333 3373 prmsentem
2389 3304 2701 3375 alloquitur.
2752 3302 2965 3361 Claudit
3032 3306 3249 3363 demum
3316 3320 3599 3380 postquam

2012 3394 2253 3458 dixerat,
2283 3392 2660 3462 Imperatorem
2714 3394 3016 3465 insequenti
3063 3396 3152 3451 die
3197 3413 3321 3452 cum
3364 3402 3603 3455 exercitu

2011 3500 2110 3540 suo
2130 3527 2145 3549 ,
2175 3485 2254 3538 sic
2285 3484 2394 3551 ille,
2426 3494 2710 3540 venturum
2753 3500 2897 3552 esse,
2927 3495 2985 3541 ut
3010 3502 3193 3557 parem
3220 3488 3479 3562 Reliquiis
3508 3490 3605 3546 ho-

2010 3591 2196 3628 norem
2219 3584 2525 3644 praistaret.

2080 3665 2216 3720 infra
2246 3666 2539 3721 videbimus
2569 3666 2729 3736 hujus
2752 3669 3128 3738 extemporalis
3148 3672 3421 3727 eoneionis
3448 3690 3605 3732 exor-

2011 3757 2178 3822 tlitnn,
2219 3756 2356 3823 Quid
2386 3758 2553 3811 dicant
2580 3760 2606 3811 ?
2632 3760 2831 3813 exsulto
2852 3770 2899 3815 et
2925 3761 3124 3815 insanio
3145 3805 3160 3827 ,
3192 3764 3329 3820 inter
3348 3768 3603 3825 crimina-

2015 3854 2185 3905 tiones
2207 3851 2259 3903 in
2287 3850 2505 3919 Synodo
2522 3850 2591 3905 ad
2626 3851 2890 3920 Quercuhi
2936 3863 3122 3909 contra
3154 3856 3598 3929 Chrysostomum

2014 3944 2239 4007 oblatas,
2262 3952 2468 3997 sextam
2497 3944 2800 4009 numerari,
2824 3946 2880 4000 in
2908 3947 3147 4003 secundo
3167 3950 3601 4010 criminationotn

2015 4033 2293 4087 laterculo.

2089 4124 2217 4179 llare
2244 4125 2354 4194 jam
2397 4135 2639 4181 vertente
2680 4142 2819 4181 anno
2851 4128 2955 4183 598
2984 4141 3132 4198 gesta
3167 4142 3219 4185 ct
3248 4134 3387 4187 dicta
3437 4133 3600 4191 fuisse

2015 4228 2220 4270 certum
2251 4216 2477 4280 videtur,
2498 4225 2553 4271 et
2578 4218 2787 4288 quidem
2820 4235 3005 4274 mense
3025 4222 3241 4277 circiter
3269 4222 3596 4295 Septembri,

2014 4321 2136 4360 Cum
2188 4308 2361 4361 adhuc
2400 4311 2680 4364 commode
2734 4322 2951 4378 possent
2996 4326 3293 4384 martyrum
3346 4320 3599 4391 lieiiqaia

2012 4414 2133 4452 cum
2167 4407 2315 4451 tanto
2342 4409 2597 4467 apparatu
2628 4400 2810 4467 procul
2842 4412 2895 4455 et
2924 4414 3081 4456 noctu
3117 4409 3413 4462 transferri.

2084 4490 2374 4561 Imperator
2402 4491 2451 4543 in
2482 4491 2743 4544 ecclesiam
2768 4489 2943 4545 Sancti
2970 4492 3183 4549 Thomas
3210 4514 3326 4551 cum
3352 4502 3594 4558 satellitio

2013 4600 2104 4638 suo
2128 4582 2675 4652 renit.—luseqnente
2695 4582 2781 4637 die
2799 4584 2969 4654 (Anno
2985 4586 3113 4654 398)
3140 4591 3282 4643 venit
3309 4590 3603 4662 Imperator

2017 4691 2137 4729 cum
2186 4674 2440 4729 satellitio
2466 4690 2563 4728 suo
2587 4684 2641 4730 et
2680 4692 2867 4743 magna
2920 4678 3143 4731 militum
3200 4697 3359 4734 manu
3389 4725 3405 4747 ,
3439 4701 3598 4754 quam

2019 4766 2311 4821 exercitum
2343 4775 2498 4819 vocat
2532 4764 2943 4835 Chrysostomns
2972 4784 2987 4818 :
3021 4768 3401 4842 ingres~usque
3422 4776 3474 4828 in
3508 4792 3598 4832 ec-

2018 4860 2235 4913 clesiam
2286 4859 2342 4912 S.
2373 4858 2415 4912 Τ
2421 4860 2590 4911 homm
2618 4858 2877 4925 apostoli,
2902 4859 3077 4927 posito
3104 4859 3409 4922 diademate
3450 4868 3602 4925 dehi-

2021 4964 2128 5007 tmu
2153 4954 2349 5005 cnltmn
2369 4960 2423 5005 ct
2443 4952 2697 5004 honorem
2721 4959 3015 5022 martyrum
3042 4952 3302 5026 [teliquiis
3320 4962 3565 5028 praestitit
3585 4981 3598 5017 :

2016 5042 2362 5110 similiterque
2412 5040 2672 5096 satellites
2728 5040 2846 5112 ejus
2892 5057 2959 5098 ac
3019 5046 3218 5102 milites
3265 5090 3281 5114 ,
3342 5051 3599 5122 depositis

2015 5136 2217 5206 clypt-is
2259 5144 2313 5190 et
2355 5134 2556 5190 lanceis
2608 5134 2677 5191 ad
2728 5146 3024 5211 martyrum
3077 5141 3282 5197 thecam
3337 5148 3598 5213 precaturi

2015 5239 2379 5284 accesserunt.
2432 5229 2733 5302 Posteaque
2756 5231 3002 5288 discessit
3044 5251 3163 5291 eum
3206 5238 3456 5292 comitatu
3500 5256 3599 5295 suo

2016 5323 2277 5377 Arcadius
2308 5322 2617 5391 Imperator,
2667 5339 2766 5378 nec
2808 5326 3049 5381 concioni
3080 5345 3197 5383 mox
3232 5329 3489 5386 habenda:
3520 5330 3597 5388 in-

2018 5414 2199 5469 tcrfuit
2236 5432 2250 5468 :
2282 5416 2695 5487 Chrysostomus
2744 5431 2871 5470 γυιό
2916 5418 3187 5474 homiliam
3236 5436 3389 5476 suam
3438 5422 3597 5478 dixit.

2019 5508 2304 5578 Postquam
2347 5507 2561 5562 Arcadii
2603 5517 2658 5561 et
2684 5508 2914 5563 satellitii
2942 5511 3061 5579 ejus
3087 5513 3339 5581 pietatem
3381 5524 3437 5571 et
3465 5533 3602 5572 mar-

2022 5602 2227 5673 tyribus
2253 5600 2544 5667 przrstitum
2573 5600 2772 5654 cultum
2803 5600 3195 5673 descripserat,
3227 5622 3461 5677 przesens
3495 5625 3599 5664 saec

2019 5694 2194 5749 culum
2221 5705 2342 5745 cum
2375 5689 2553 5743 futuro
2589 5692 2950 5759 comparavit,
2980 5694 3085 5749 hoc
3110 5696 3273 5755 breve
3298 5710 3352 5755 et
3376 5700 3600 5759 laborio-

2019 5802 2136 5840 sum
2177 5798 2295 5839 esse
2342 5783 2563 5849 dicens,
2592 5782 2721 5839 illud
2772 5800 2937 5843 suave
2982 5797 3039 5845 et
3084 5790 3367 5859 infinitum,
3400 5794 3453 5848 in
3492 5811 3602 5868 quo

2020 5874 2407 5933 immortalibus
2434 5874 2670 5932 fruemur
2694 5879 2929 5936 coronis.
2948 5879 3187 5939 [luminis
3212 5886 3261 5938 in
3280 5894 3420 5942 statu
3450 5889 3589 5946 iuno

2020 5972 2207 6029 centius
2243 5970 2548 6046 dignitatem
2579 5988 2971 6046 reprzrsentat;
3004 5976 3097 6035 sed
3125 5978 3439 6049 probaturos
3480 5994 3601 6049 post
