4504 6706
938 538 1031 592 171

939 663 1213 723 peceatum
1248 653 1433 707 Adami
1458 652 1525 706 ad
1562 653 1759 722 majora
1792 660 2006 706 vocatos
2038 653 2221 708 fuisse.
2255 652 2515 705 Resurre-

942 746 1171 799 ctionem
1187 744 1414 797 futuram
1437 744 1490 798 in
1508 745 1673 798 veteri
1690 745 1802 813 lege
1818 742 2044 797 obscure
2061 744 2339 798 indicatam
2355 741 2515 796 fuisse

933 834 1096 897 dicit;
1126 833 1217 888 sed
1244 833 1353 905 jam
1370 835 1544 888 omnia
1570 836 1719 903 plana
1747 844 1799 889 et
1828 835 2105 902 perspicua
2134 850 2272 900 esse,
2297 833 2512 889 multis-

932 940 1032 994 que
1080 922 1275 979 additis
1300 925 1457 980 finem
1485 924 1827 979 conciouandi
1858 923 1999 976 fecit.

1010 1014 1310 1070 Verisimile
1346 1022 1428 1068 est
1464 1014 1600 1067 inter
1638 1014 1735 1068 bas
1778 1014 2024 1068 homilias
2072 1013 2351 1069 duodecim
2395 1026 2511 1081 qua:

938 1106 1008 1162 ab
1049 1122 1190 1162 anno
1232 1113 1470 1161 vertente
1516 1105 1621 1162 598
1671 1107 1809 1162 ultra
1862 1107 2211 1162 Penlecoslen
2258 1106 2378 1159 anni
2409 1103 2511 1159 599

934 1198 1127 1253 habitae
1156 1196 1404 1267 fuerunt,
1430 1199 1561 1254 alias
1586 1214 1684 1255 nec
1714 1214 1914 1269 paucas
1957 1199 2325 1254 intercessisse
2350 1237 2365 1263 ,
2394 1210 2511 1265 quae

929 1293 1010 1345 vel
1035 1291 1265 1360 periere,
1294 1292 1381 1349 vel
1421 1292 1559 1347 inter
1592 1290 1762 1345 editas
1793 1290 1979 1360 posita:
2024 1291 2146 1343 anni
2180 1300 2355 1342 notam
2389 1288 2507 1341 nul-

927 1381 1032 1435 lam
1063 1396 1173 1451 prae.
1198 1397 1258 1437 se
1286 1381 1478 1438 ferunt.
1511 1380 1639 1446 Quae
1674 1380 1915 1448 sequitur
1942 1388 2119 1432 autem
2168 1379 2217 1431 in
2250 1376 2508 1430 Vaticano

928 1471 1126 1527 Codice
1154 1481 1336 1542 quarta
1358 1485 1604 1536 numero,
1624 1479 1748 1541 post
1774 1468 2140 1541 Septembrem
2168 1483 2427 1532 mensem,
2450 1475 2509 1521 ut

926 1572 1193 1632 putamus,
1222 1562 1347 1616 anni
1373 1560 1479 1618 598
1504 1561 1682 1617 habita
1705 1560 1802 1615 fuit
1818 1561 1871 1615 in
1895 1560 2091 1630 templo
2111 1558 2169 1614 S.
2191 1559 2502 1623 Anastasize,

922 1662 979 1707 ut
1006 1652 1061 1707 in
1086 1652 1240 1707 titulo
1268 1651 1455 1708 fertur.
1488 1652 1563 1707 lbi
1594 1661 1875 1722 postquam
1902 1652 1969 1706 de
2000 1651 2268 1721 paucitate
2294 1649 2505 1703 audito-

923 1759 1046 1800 rum
1090 1753 1415 1814 conquestus
1446 1742 1637 1807 fuerat,
1667 1742 1735 1797 de
1774 1743 2027 1812 patientia
2070 1741 2186 1797 Jobi
2217 1742 2425 1810 longam
2454 1749 2508 1795 et

922 1836 1219 1905 elegantem
1251 1834 1435 1889 habuit
1462 1833 1782 1888 orationem.

988 1925 1261 1983 Concioues
1282 1926 1495 1979 aliw.—
1509 1924 1737 1981 Homilia
1764 1926 1947 1997 quinta
1973 1925 2246 1989 Vaticana,
2265 1932 2321 1977 ut
2336 1923 2506 1978 fertttr

916 2018 971 2071 in
1009 2017 1186 2084 titulo,
1214 2018 1269 2072 in
1317 2018 1517 2088 templo
1543 2021 1757 2077 Sanctae
1798 2017 1978 2072 lrenes
2004 2018 2141 2069 dicta
2188 2015 2305 2067 fuit.
2352 2013 2408 2067 In
2436 2028 2496 2068 ea

922 2107 1343 2176 Chrysostomus
1390 2109 1455 2162 de
1483 2108 1791 2161 absentibus
1818 2107 2157 2175 conqueritur
2181 2116 2234 2159 et
2270 2106 2337 2159 de
2364 2120 2500 2175 pra:—

916 2200 1157 2253 sentibus
1187 2198 1483 2268 gratulatur
1512 2198 1612 2252 :dc
1643 2197 1973 2251 Psalmorum
2003 2207 2161 2250 cantu
2194 2196 2335 2264 agit,
2372 2210 2501 2265 pro-

915 2288 1112 2358 batque
1137 2288 1456 2344 muliebrem
1480 2303 1666 2343 sexum
1693 2288 2129 2358 impedimentum
2162 2304 2265 2341 non
2288 2302 2406 2342 esse
2432 2286 2499 2341 ad

909 2379 1119 2436 Virtutis
1143 2380 1480 2435 exercitium.

990 2469 1154 2525 Sexta
1180 2480 1358 2524 autem
1391 2470 1581 2523 concio
1610 2469 1787 2523 habita
1816 2478 1897 2522 cst
1954 2465 2007 2518 in
2032 2468 2253 2522 ecclesia
2274 2466 2496 2522 Sancto-

921 2575 1039 2615 rum
1065 2560 1443 2631 Apostolorum
1472 2601 1487 2624 ,
1519 2560 1570 2612 in
1592 2560 1678 2613 die
1719 2559 2005 2612 Theodosii
2036 2557 2376 2628 Imperatoris
2395 2597 2408 2622 ,
2439 2563 2497 2609 ut

914 2650 1111 2705 ibidem
1138 2649 1325 2705 fertur.
1366 2649 1652 2720 Postquam
1675 2649 1783 2703 duo
1814 2648 1901 2701 alii
1931 2648 2187 2717 episcopi,
2221 2663 2318 2717 pro
2343 2661 2494 2700 more

916 2740 1058 2797 illius
1086 2740 1221 2805 aevi,
1268 2738 1568 2794 concionati
1609 2737 1858 2802 fuerant,
1889 2736 2308 2808 Cbrysostomus
2355 2735 2493 2788 hanc

918 2841 1104 2890 contra
1143 2831 1404 2885 Catharos
1428 2830 1540 2883 sive
1570 2829 1737 2883 Puros
1771 2828 2040 2882 homiliam
2071 2826 2203 2880 dixit
2231 2844 2244 2878 :
2274 2825 2492 2880 Cathari

910 2931 1090 2977 autem
1117 2921 1190 2975 illi
1235 2921 1509 2975 Novatiani
1546 2929 1720 2974 erant.
1748 2919 1930 2973 Primo
1970 2917 2157 2972 ambos
2209 2916 2493 2986 episcopos

905 3011 1083 3067 laudat
1111 3029 1127 3077 ;
1157 3026 1384 3081 quorum
1423 3011 1557 3065 alter
1605 3010 1784 3079 jnnior
1811 3050 1827 3075 ,
1875 3009 2086 3078 inquit,
2134 3008 2280 3062 senis
2326 3005 2496 3075 gravi-

907 3114 1073 3159 tatem
1118 3120 1133 3166 ;
1166 3106 1301 3158 alter
1339 3119 1499 3157 senex
1531 3144 1546 3165 ,
1574 3104 1806 3171 jnnioris
1852 3102 2012 3155 robur
2056 3115 2163 3169 prae
2184 3115 2241 3153 se
2268 3099 2490 3153 ferebat.

910 3195 1110 3250 Deinde
1140 3194 1500 3247 Theodosium
1538 3193 1786 3263 Magnum
1841 3192 2085 3246 laudibus
2122 3190 2302 3253 elTert,
2337 3191 2490 3259 cujus

904 3288 1019 3342 dies
1045 3298 1169 3341 tunc
1198 3286 1586 3349 celebrabatur,
1613 3298 1823 3352 nempe,
1844 3292 1902 3338 ut
1924 3283 2209 3337 verisimile
2233 3289 2335 3344 est,
2348 3295 2493 3335 mor-

906 3381 975 3434 tis
1003 3380 1140 3449 ejus,
1167 3378 1256 3448 qui
1306 3376 1548 3433 Januarii
1597 3375 1806 3431 decimo
1858 3374 2087 3444 septimo
2116 3373 2205 3428 die
2245 3372 2486 3441 contigit.

909 3469 1060 3524 Unde
1074 3469 1314 3538 arguitur
1334 3468 1473 3521 hanc
1493 3465 1763 3520 homiliam
1781 3479 1966 3519 mense
1984 3462 2234 3517 Januario
2247 3463 2370 3516 anni
2387 3461 2491 3517 599

902 3558 1100 3613 dictam
1150 3557 1311 3611 fuisse
1337 3598 1351 3621 ,
1381 3554 1714 3610 Theodosius
1758 3563 1935 3609 autem
1977 3568 2118 3607 anno
2138 3553 2242 3607 595
2266 3552 2487 3607 obierat.

905 3650 1055 3710 llunc
1083 3649 1463 3719 Imperatorem
1496 3646 1736 3702 celebrat
1774 3645 1864 3700 ille
1884 3660 1914 3699 a
1953 3646 2152 3715 pietate
2176 3653 2230 3697 et
2268 3658 2299 3697 a
2319 3642 2489 3697 victo-

906 3741 1001 3796 riis
1026 3783 1041 3803 ,
1068 3753 1202 3809 quas
1226 3738 1520 3808 opitulante
1550 3736 1660 3791 Deo
1685 3736 1867 3792 retulit
1895 3735 1962 3791 de
1989 3737 2230 3807 tyrannis
2259 3733 2489 3788 Maximo

903 3842 960 3887 et
1008 3831 1266 3900 Eugenio.
1322 3830 1466 3895 Quas
1514 3829 1605 3884 ille
1652 3828 1902 3883 victorias
1944 3828 2108 3882 tacito
2142 3837 2485 3898 tyrannorum

905 3922 1117 3981 nomine
1147 3922 1217 3974 ita
1254 3920 1439 3983 refert,
1469 3930 1527 3974 ut
1555 3920 1623 3974 ab
1645 3920 1765 3973 aliis
1803 3918 2153 3988 scriptoribus
2178 3925 2483 3972 narrantur.

907 4010 1136 4065 llomilia
1182 4024 1312 4063 vero
1339 4008 1525 4062 isthme
1555 4009 1607 4061 in
1647 4008 1829 4063 medio
1859 4022 2049 4076 magna
2085 4008 2163 4060 sui
2191 4016 2342 4075 parte
2366 4021 2486 4059 mn-

908 4101 1003 4160 tila
1028 4107 1130 4161 est,
1163 4101 1232 4153 ita
1260 4109 1317 4152 ut
1357 4099 1746 4168 quamplurima
1778 4112 1965 4152 eorum
1991 4138 2007 4161 ,
2032 4113 2149 4165 quae
2172 4105 2359 4150 contra
2389 4094 2490 4149 Ca-

908 4196 1093 4249 tharos
1112 4207 1207 4246 seu
1238 4191 1566 4245 Novatianos
1591 4189 1923 4253 dicebantur,
1954 4187 2251 4242 exciderint
2277 4201 2339 4240 ac
2363 4201 2487 4255 per-

908 4284 1088 4343 ierint.
1116 4281 1396 4336 Novatiani
1427 4288 1605 4334 autem
1654 4289 1777 4333 tunc
1803 4276 2265 4346 Constantinopoli
2296 4290 2489 4345 magno

906 4389 1135 4431 numero
1160 4381 1332 4439 erant,
1356 4371 1669 4441 episcopum
1698 4384 1809 4425 sua:
1846 4378 2006 4424 sectae
2039 4369 2362 4439 peculiarem
2391 4367 2487 4421 ha-

910 4467 1106 4527 bebant
1131 4507 1145 4529 ,
1178 4479 1240 4519 ac
1283 4478 1404 4519 sese
1462 4479 1616 4532 puros
1662 4460 2034 4532 appellabant:
2081 4475 2185 4530 qua
2227 4459 2295 4515 de
2323 4474 2484 4515 causa

910 4560 1036 4619 illos
1064 4559 1325 4613 acerrime
1344 4556 1655 4626 perstringit
1676 4556 2089 4624 Chrysostomus
2108 4594 2121 4619 ,
2150 4564 2208 4608 ut
2234 4555 2287 4609 in
2314 4554 2489 4610 homi.

911 4654 998 4712 lia:
1027 4652 1129 4707 fine
1158 4650 1362 4705 videas.

985 4746 1081 4800 Hie
1125 4760 1251 4799 vero
1300 4741 1539 4813 qumdam
1584 4737 2053 4794 animadvertenda
2096 4746 2252 4803 sunt,
2298 4752 2490 4807 nempe

914 4838 1182 4893 nomiliam
1208 4836 1352 4889 illam
1379 4834 1675 4889 breviorem
1698 4830 1881 4896 fuisse,
1905 4830 2026 4900 quia
2057 4839 2175 4899 post
2198 4828 2331 4884 duas
2359 4830 2491 4885 alias

911 4943 942 4983 a
969 4926 1176 4983 duobus
1195 4926 1458 4995 episcopis
1481 4924 1667 4978 eodem
1693 4922 1779 4977 die
1802 4930 1858 4978 et
1877 4922 1927 4975 in
1957 4920 2145 4976 eadem
2169 4919 2297 4975 sede
2324 4919 2493 4975 dictas

914 5019 1089 5074 habita
1120 5017 1255 5072 fuit:
1280 5014 1514 5070 secundo
1538 5023 1657 5083 post
1679 5014 1815 5068 hanc
1832 5013 2101 5068 homiliam
2129 5012 2323 5066 multas
2351 5010 2492 5065 baud

914 5110 1074 5166 dubie
1096 5111 1225 5164 alias
1249 5107 1455 5162 habitas
1482 5105 1645 5160 fuisse
1682 5120 1712 5157 a
1767 5119 1949 5159 mense
1981 5105 2232 5159 Januario
2278 5103 2343 5157 ad
2387 5102 2491 5157 Pa-

914 5199 1044 5257 scha
1073 5199 1197 5253 anni
1217 5197 1340 5259 599,
1358 5211 1463 5265 quo
1482 5196 1569 5251 die
1589 5195 1727 5249 dicta
1754 5194 1851 5248 fuit
1874 5195 2060 5247 concio
2087 5209 2312 5263 sequens
2339 5211 2352 5245 :
2375 5208 2493 5263 qua:

920 5290 1153 5347 homilia:
1181 5288 1264 5343 vel
1296 5289 1583 5356 perierunt,
1612 5287 1697 5340 vel
1724 5288 1767 5339 si
1790 5285 1965 5339 adhuc
2011 5286 2149 5339 inter
2186 5285 2356 5342 editas
2397 5298 2491 5338 su-

917 5383 1136 5454 persint,
1159 5380 1355 5436 nullam
1381 5379 1464 5432 vel
1485 5378 1592 5432 diei
1612 5378 1693 5433 vel
1719 5379 1842 5431 anni
1865 5383 2043 5430 notam
2079 5390 2187 5443 pra:
2208 5389 2266 5430 se
2292 5376 2490 5430 ferunt.

992 5474 1115 5528 Post
1145 5472 1414 5527 homiliam
1464 5471 1617 5539 igitur
1646 5469 1784 5523 illam
1810 5478 1994 5523 contra
2026 5468 2281 5521 Catharos
2310 5469 2361 5521 in
2392 5468 2494 5522 Co-

918 5566 1036 5619 dice
1059 5563 1311 5618 Vaticano
1331 5563 1570 5632 sequitur
1600 5559 1835 5624 homilia,
1849 5560 2002 5628 cujus
2024 5558 2227 5622 titulus,
2247 5560 2494 5611 Adversus

920 5675 1021 5717 ros,
1048 5657 1135 5724 qui
1164 5656 1231 5708 ad
1257 5653 1573 5724 hippodromi
1600 5660 1644 5705 et
1665 5652 1973 5705 theatrorum
1992 5650 2277 5717 spectacula
2294 5666 2348 5703 se
2374 5666 2495 5703 con-

920 5752 1087 5816 ferunt
1115 5749 1131 5813 (
1140 5746 1203 5800 Τ.
1236 5747 1288 5800 ϐ.
1323 5763 1369 5799 c.
1391 5743 1528 5814 9.65)
1568 5765 1581 5797 :
1618 5743 1768 5809 cujus
1797 5742 2004 5795 initium
2034 5749 2136 5803 est,
2165 5741 2381 5794 lueet-ine
2420 5743 2495 5810 fe-

926 5842 1119 5893 renda?
1146 5840 1367 5893 Ita'crinc
1395 5837 1697 5891 toleranda?
1735 5833 1879 5888 Vobis
1910 5835 2042 5887 enim
2085 5833 2206 5899 ipsis
2237 5834 2493 5903 judicibus

915 5942 1088 5989 Contra
1116 5945 1198 5984 ros
1233 5924 1423 5982 atirolu
1452 5942 1608 5997 quam
1632 5925 1887 5982 edidimus
1912 5924 1994 5997 (Τ.
2020 5925 2071 5980 6.
2095 5938 2139 5976 c.
2164 5922 2290 5990 ε265)
2314 5943 2322 5975 ;
2347 5924 2491 5978 idco-

2015 540 2071 596 S.
2111 536 2385 595 JOANNIS
2423 536 2888 595 CIIRYSOSTOMI
2930 543 3108 612 \‘iTA,

4104 551 4203 608 172

2624 668 2725 722 que
2750 654 2889 706 illam
2914 655 2965 706 in
2989 654 3128 709 serie
3148 657 3369 711 aliarum
3397 655 3762 713 Vaticanarum
3785 663 4197 725 praetermitten-

2621 743 2738 796 dam
2776 742 3040 796 duximus.

2690 832 2818 899 Quia
2848 848 2974 887 vero
3005 835 3055 886 in
3090 835 3319 890 homilia:
3349 854 3502 892 nomn
3544 838 3812 909 sequentis
3854 835 4007 893 titulo
4042 852 4101 897 et
4145 846 4200 903 it:

2621 921 2731 990 ipsa
2764 924 2972 977 homilia
3001 938 3138 976 nona
3170 926 3329 978 multa
3363 928 3642 995 habentur,
3670 945 3785 1000 qua:
3810 928 3876 984 ad
3920 930 4200 995 historiam

2617 1012 2753 1069 hanc
2782 1015 2976 1069 clarius
3007 1024 3059 1068 et
3083 1015 3301 1080 certius,
3336 1033 3493 1084 quam
3521 1020 3574 1073 in
3603 1021 3802 1076 Monito
3830 1019 4077 1088 diximus,
4109 1040 4200 1079 τες

2615 1105 2888 1162 ferendam
2910 1110 3111 1179 juvant,
3141 1106 3227 1163 hic
3250 1122 3364 1162 rem
3388 1116 3555 1165 totam
3600 1114 3716 1170 siue
3750 1115 3927 1186 lapsus
3957 1115 4195 1187 periculo

2615 1199 2971 1257 narrabimus.

2684 1287 2874 1359 Ingens
2903 1294 3071 1360 pluvia
3110 1293 3555 1363 Constantinopoli.
3582 1323 3655 1333 —
3684 1297 3837 1352 Anno
3871 1302 4008 1370 599,
4039 1307 4148 1372 ροει
4169 1330 4187 1347 ι

2611 1394 2768 1447 quam
2826 1396 2988 1436 unum
3046 1386 3154 1453 jam
3211 1400 3405 1439 annum
3467 1384 3518 1436 in
3583 1386 3889 1455 episcopatu
3941 1409 4191 1448 emensiu

2610 1478 2726 1522 erat
2773 1469 3234 1541 Chrysostomus,
3283 1474 3556 1529 ordinatus
3623 1490 3813 1543 nempe
3883 1494 4027 1535 anno
4087 1484 4192 1539 598

2608 1560 2679 1616 26
2716 1561 3027 1628 Februarii;
3090 1565 3218 1618 feria
3267 1576 3450 1635 quarta
3503 1565 3879 1633 hebdomadzn,
3920 1585 4038 1639 quae
4086 1589 4177 1627 an-

2610 1668 2680 1707 no
2737 1654 2841 1709 599
2886 1654 3151 1712 incidebat
3189 1657 3240 1709 in
3288 1668 3492 1712 sextam
3549 1659 3744 1727 Aprilis
3772 1700 3786 1720 ,
3833 1668 3940 1713 tam
3999 1666 4189 1734 ingens

2610 1745 2784 1815 pluvia
2811 1746 3030 1811 decidit,
3060 1756 3115 1802 ut
3144 1756 3315 1803 metus
3335 1759 3478 1805 esset
3508 1766 3573 1805 ne
3607 1751 3717 1821 agri
3762 1750 4185 1823 devastarentur,

2608 1850 2916 1905 messesque
2937 1852 3125 1893 omnes
3156 1839 3206 1892 in
3230 1841 3518 1908 perniciem
3540 1848 3774 1895 ruerent.
3808 1840 3937 1895 llinc
3973 1856 4183 1911 preces,

2606 1926 3040 1993 supplicationes,
3067 1938 3120 1981 et
3143 1929 3529 1996 processioues,
3553 1931 3806 2000 episcopo
3834 1931 3969 1986 duce
3997 1939 4052 1985 et
4072 1942 4190 1989 toto

2602 2024 2955 2069 concurrente
2972 2017 3166 2085 populo
3190 2018 3255 2071 ad
3281 2019 3561 2072 ecclesiam
3605 2022 4001 2089 Apostolorum.
4054 2024 4189 2080 Post

2602 2101 2715 2157 haec
2747 2104 2916 2158 imbre
2936 2115 3199 2169 cessante,
3233 2106 3459 2161 necdum
3486 2108 3691 2162 sublata
3733 2108 4037 2179 formidine,
4076 2124 4187 2167 tra-

2591 2193 2740 2263 iecto
2782 2194 3007 2249 navibus
3050 2195 3311 2266 Bosporo,
3361 2197 3426 2251 ad
3476 2198 3756 2253 ecclesiam
3805 2200 3897 2255 SS.
3955 2202 4099 2257 Petri
4129 2216 4187 2260 et

2602 2284 2775 2351 Pauli,
2800 2285 2852 2339 in
2878 2287 3117 2355 opposita
3149 2290 3310 2341 maris
3332 2303 3426 2342 ora
3456 2289 3634 2356 sitam,
3672 2304 3793 2345 cum
3822 2293 4074 2364 episcOpo
4104 2304 4188 2349 to-

2604 2386 2685 2429 tus
2705 2386 2874 2432 castus
2896 2380 3145 2432 accurrit.
3180 2379 3293 2434 Hoc
3317 2379 3581 2449 perfuncti
3609 2382 3844 2451 periculo
3870 2385 4183 2441 Constanti-

2601 2466 2891 2534 nopolitani
2914 2466 3179 2537 plerique,
3206 2485 3307 2523 una
3334 2480 3536 2524 tantum
3563 2472 3874 2541 interposita
3900 2474 4007 2539 die,
4032 2491 4186 2531 nem-

2600 2571 2664 2624 pe
2691 2556 2821 2610 feria
2848 2559 3029 2626 quinta
3055 2559 3108 2611 in
3150 2557 3312 2613 Coena
3353 2561 3583 2626 Domini,
3628 2577 3748 2616 cum
3791 2564 3845 2617 in
3885 2564 4185 2622 Parasceve

2595 2645 2703 2699 ludi
2733 2655 3011 2715 equestres
3039 2649 3388 2717 agitarentur,
3417 2650 3547 2705 nihil
3576 2662 3823 2709 curantes
3850 2654 3991 2709 diem
4035 2658 4182 2712 illam

2595 2749 2822 2801 sacram,
2851 2738 2916 2790 ad
2952 2737 3053 2792 hoc
3075 2740 3437 2807 Spectaculum
3467 2754 3834 2808 accurrerunt,
3864 2746 4074 2801 interim
4098 2750 4181 2803 in-

2595 2826 2918 2891 gemiscente
2942 2828 3193 2898 domique
3218 2829 3438 2885 sedente
3462 2831 3844 2902 Cbrysostomo
3872 2837 4128 2907 episcopo
4162 2858 4177 2893 :

2597 2914 2703 2967 imo
2722 2914 2808 2969 die
2828 2926 3101 2985 sequente,
3122 2934 3312 2988 nempe
3332 2920 3554 2975 sabbato
3570 2932 3776 2983 sancto,
3798 2924 3865 2979 ad
3887 2925 4179 2983 theatrales

2597 3004 2750 3059 ludos
2773 3020 2832 3059 se
2856 3007 3215 3071 contulerunt,
3244 3008 3332 3063 ubi
3358 3012 3656 3065 meretricia
3680 3023 3833 3068 erant
3852 3018 4175 3084 spectacula,

2594 3110 2714 3163 qua:
2744 3096 3047 3165 singulatim
3067 3106 3123 3151 et
3150 3100 3363 3168 egregie
3388 3100 3625 3170 depingit
3650 3102 4082 3173 Chrysostomus,
4122 3109 4175 3161 in

2593 3188 2874 3251 concione,
2908 3204 3064 3257 quam
3087 3189 3173 3244 die
3198 3189 3473 3245 Paschalis
3498 3191 3701 3259 habuit,
3731 3196 3819 3249 ubi
3848 3196 3900 3250 in
3929 3200 4175 3265 pnnvari.

2591 3286 2802 3331 oatores
2831 3277 3135 3346 hujusmodi
3159 3281 3473 3348 gravissime
3514 3282 3820 3338 invehitur:
3856 3286 4177 3358 demumque

2592 3365 2643 3418 in
2667 3366 2789 3418 illos
2807 3368 3381 3423 excommunicationis
3400 3373 3717 3426 sententiam
3738 3376 4061 3442 pronuntiat,
4077 3380 4174 3432 sed

2590 3456 2966 3510 comminando
2997 3466 3221 3522 tantum,
3254 3468 3308 3513 ut
3336 3469 3485 3529 puto,
3507 3470 3563 3516 et
3592 3472 3648 3517 ut
3672 3463 3726 3518 in
3749 3463 3938 3521 eodem
3973 3467 4173 3525 Monito

2590 3545 2827 3612 pluribus
2850 3546 2987 3601 dixi.

2659 3635 2811 3688 Circa
2843 3636 3005 3700 diem,
3038 3651 3142 3705 qua
3171 3637 3288 3692 haec
3311 3640 3500 3695 concio
3524 3641 3665 3697 dicta
3695 3642 3813 3710 fuit,
3836 3644 4033 3715 aliquid
4062 3647 4170 3702 dif-

2592 3724 2838 3778 ficultatis
2862 3724 2992 3779 mihi
3012 3725 3191 3781 offerri
3217 3728 3510 3784 videbatur.
3538 3732 3676 3786 Dixit
3697 3734 3786 3789 ille
3809 3736 3860 3790 in
3882 3739 4167 3808 concione,

2591 3826 2704 3873 ante
2725 3826 2823 3871 tres
2849 3817 2954 3871 dies
2982 3818 3138 3872 imber
3156 3821 3349 3890 ingens.
3383 3821 3559 3877 imber
3579 3824 3669 3879 ille
3687 3825 3811 3881 feria
3838 3839 4025 3898 quarta
4050 3847 4171 3886 ma-

2586 3906 2720 3975 joris
2748 3906 3096 3963 hebdomade:
3117 3909 3317 3965 decidit
3342 3929 3356 3965 :
3382 3913 3511 3966 feria
3536 3915 3719 3982 quinta
3748 3917 3878 3973 nihil
3907 3935 4173 3976 memora-

2592 4006 2679 4052 tur
2699 3999 2989 4064 incidisse;
3027 4000 3159 4056 feria
3187 4012 3333 4056 sexta
3361 4004 3414 4057 in
3444 4004 3737 4062 Parasceve
3762 4009 3829 4063 ad
3876 4011 4029 4066 ludos
4062 4015 4173 4067 cir-

2591 4102 2799 4154 censes,
2833 4089 3054 4144 sabbato
3076 4091 3143 4146 ad
3172 4091 3447 4147 theatralia
3474 4097 3771 4162 spectacula
3801 4098 3930 4153 itum
3955 4111 4034 4154 est
4062 4104 4173 4157 :ita

2590 4187 2649 4231 ut
2678 4177 2891 4232 homilia
2923 4180 3070 4234 istaec
3095 4182 3313 4237 omnino
3348 4181 3487 4236 dicta
3526 4183 3689 4239 fuisse
3726 4186 3963 4242 videatur
3985 4190 4171 4245 Domi-

2591 4270 2710 4325 nica
2739 4271 3167 4328 Resurrectionis
3196 4274 3426 4329 Domini.
3456 4273 3653 4329 Verum
3682 4287 3807 4333 tunc
3829 4280 3967 4349 apud
3984 4296 4069 4338 me
4089 4283 4174 4338 di-

2588 4364 2776 4419 cebam
2810 4382 2824 4418 :
2852 4363 2981 4430 Cur,
3012 4365 3059 4419 si
3087 4364 3204 4420 dies
3230 4364 3510 4420 Paschatis
3532 4375 3668 4429 erat,
3707 4383 3776 4423 ne
3800 4369 4021 4425 verbum
4044 4373 4170 4442 qui-

2590 4456 2711 4511 dem
2742 4456 2809 4512 de
2852 4456 3114 4512 Pasebate
3149 4456 3319 4511 dicit?
3360 4456 3553 4513 Verum
3603 4471 3879 4531 postquam
3923 4463 4173 4521 homilias

2591 4548 2752 4603 hasce
2781 4548 3107 4614 deteximus,
3139 4547 3280 4601 nulla
3306 4546 3417 4620 jam
3443 4548 3726 4605 difﬁcultas
3750 4563 4014 4623 superest,
4044 4570 4169 4614 cum

2592 4639 2645 4693 in
2670 4638 2820 4693 titulo
2850 4637 3086 4692 homilia
3111 4652 3265 4692 nonae
3291 4641 3581 4708 sequentis,
3612 4650 3665 4695 et
3699 4642 3749 4696 in
3792 4642 4007 4697 homilia
4057 4646 4171 4713 ipsa

2592 4730 2982 4793 dicatur,diem
3015 4729 3156 4783 illam
3185 4730 3235 4783 in
3261 4747 3363 4799 qua
3395 4742 3499 4787 tam
3540 4736 3771 4803 graviter
3806 4736 3927 4790 illos
3962 4737 4176 4789 circen-

2593 4823 2728 4874 sium
2751 4830 2805 4875 et
2840 4821 3173 4874 theatralium
3222 4822 3462 4876 ludorum
3508 4834 3836 4893 spectatores
3882 4825 4173 4877 insectatus

2594 4923 2694 4977 est,
2728 4913 3055 4967 Dominicam
3091 4912 3250 4968 fuisse
3270 4924 3425 4984 atque
3454 4916 3590 4970 adeo
3624 4918 3764 4972 diem
3807 4917 4174 4971 Resurrectio-

2595 5009 2675 5061 nis
2692 5006 2924 5071 Domini,
2949 5020 3106 5074 quam
3129 5005 3247 5060 ideo
3270 5022 3373 5061 non
3396 5010 3832 5064 commemoravit
3857 5008 4175 5078 Chrysosto-

2596 5114 2731 5159 mus,
2757 5097 2898 5169 quod
2919 5105 3103 5151 contra
3130 5106 3454 5164 spectatores
3474 5100 3594 5155 illos
3612 5101 3844 5170 graviter
3858 5112 4168 5166 succensus,

2596 5204 2707 5241 rem
2741 5189 2881 5239 illam
2907 5187 3061 5239 unice
3086 5187 3361 5255 cogitaret.

2665 5277 2893 5332 Homilia
2914 5276 3139 5344 septima
3168 5277 3221 5329 in
3240 5279 3460 5333 ecclesia
3478 5279 3695 5336 Sanctae
3738 5277 4030 5332 Anastasis:
4076 5278 4174 5337 ba-

2598 5370 2702 5425 bita
2736 5369 2855 5432 fuit,
2885 5368 2973 5422 ubi
3003 5368 3241 5422 modicus
3261 5379 3395 5435 erat,
3426 5371 3595 5440 inquit
3620 5370 3729 5435 ille,
3758 5368 4053 5424 auditorum
4074 5386 4173 5427 nu-

2598 5478 2774 5516 merus
2795 5475 2811 5512 :
2840 5476 3014 5529 neque
3038 5470 3207 5515 tamen
3232 5461 3348 5517 ideo
3364 5462 3736 5529 conqueritur;
3760 5459 3852 5515 sed
3870 5464 4171 5532 exemplum

2598 5552 2945 5608 Samaritana:
2983 5550 3172 5617 alfert;
3204 5567 3361 5619 quam
3405 5552 3528 5605 licet
3576 5564 3734 5603 unam
3785 5559 4005 5620 tantum,
4047 5554 4172 5621 quia

2600 5654 2777 5698 tamen
2808 5639 3055 5695 audiendi
3082 5642 3258 5697 studio
3300 5640 3560 5707 fervebat,
3590 5639 3747 5711 longo
3773 5651 4012 5713 tempore
4038 5644 4175 5696 allo-

2597 5747 2789 5808 quutus
2814 5744 2897 5790 est
2939 5735 3201 5791 Christus.
3250 5734 3451 5788 Deinde
3498 5748 3626 5789 vero
3669 5736 3905 5805 pluribus
3944 5738 4174 5806 explicat

2596 5828 2721 5898 quid
2747 5827 2848 5882 sibi
2877 5826 3002 5881 velit
3023 5827 3239 5889 Paulus,
3258 5840 3376 5879 cum
3398 5824 3488 5891 ait,
3516 5826 3577 5881 de
3596 5829 3972 5898 conﬁrmatio-ne
3999 5827 4171 5881 Eran-

2603 5922 2743 5993 gelii,
2774 5932 2827 5977 et
2850 5923 2902 5975 in
2929 5922 3009 5976 his
3035 5921 3329 5977 orationem
3355 5922 3566 5983 claudit.

4118 6034 4143 6053 Ι
