  <div class='ocr_page' id='page_1' title='image "/cluster/home/n/w/nwhite01/storage/ocr_20150623/47/hvd.32044025239690/182.png"; bbox 0 0 4504 6722; ppageno 0'>
   <div class='ocr_carea' id='block_1_1' title="bbox 295 613 402 667">
    <p class='ocr_par' dir='ltr' id='par_1_1' title="bbox 295 613 402 667">
     <span class='ocr_line' id='line_1_1' title="bbox 295 613 402 667; baseline -0.019 0"><span class='ocrx_word' id='word_1_1' title='bbox 295 613 402 667; x_wconf 69' lang='grc'><strong>173</strong></span> 
     </span>
    </p>
   </div>
   <div class='ocr_carea' id='block_1_2' title="bbox 374 711 1889 780">
    <p class='ocr_par' dir='ltr' id='par_1_2' title="bbox 374 711 1889 780">
     <span class='ocr_line' id='line_1_2' title="bbox 374 711 1889 780; baseline -0.009 -3"><span class='ocrx_word' id='word_1_2' title='bbox 374 723 522 777; x_wconf 85' lang='lat' dir='ltr'><strong>Dicta</strong></span> <span class='ocrx_word' id='word_1_3' title='bbox 578 720 739 780; x_wconf 79' lang='lat' dir='ltr'><strong>fuisse</strong></span> <span class='ocrx_word' id='word_1_4' title='bbox 784 721 993 779; x_wconf 87' lang='lat' dir='ltr'><strong>videtur</strong></span> <span class='ocrx_word' id='word_1_5' title='bbox 1039 719 1156 775; x_wconf 72' lang='lat' dir='ltr'><strong>haec</strong></span> <span class='ocrx_word' id='word_1_6' title='bbox 1198 716 1413 771; x_wconf 81' lang='lat' dir='ltr'><strong>humilia</strong></span> <span class='ocrx_word' id='word_1_7' title='bbox 1458 717 1509 770; x_wconf 91' lang='lat' dir='ltr'><strong>in</strong></span> <span class='ocrx_word' id='word_1_8' title='bbox 1559 711 1889 769; x_wconf 89' lang='lat' dir='ltr'><strong>hebdomada</strong></span> 
     </span>
    </p>
   </div>
   <div class='ocr_carea' id='block_1_3' title="bbox 298 807 1893 884">
    <p class='ocr_par' dir='ltr' id='par_1_3' title="bbox 298 807 1893 884">
     <span class='ocr_line' id='line_1_3' title="bbox 298 807 1893 884; baseline -0.009 -13"><span class='ocrx_word' id='word_1_9' title='bbox 298 814 620 871; x_wconf 79' lang='lat' dir='ltr'><strong>Paschalis:</strong></span> <span class='ocrx_word' id='word_1_10' title='bbox 656 831 777 871; x_wconf 90' lang='lat' dir='ltr'><strong>nam</strong></span> <span class='ocrx_word' id='word_1_11' title='bbox 804 813 895 884; x_wconf 86' lang='lat' dir='ltr'><strong>qui</strong></span> <span class='ocrx_word' id='word_1_12' title='bbox 935 809 1183 865; x_wconf 89' lang='lat' dir='ltr'><strong>homilias</strong></span> <span class='ocrx_word' id='word_1_13' title='bbox 1219 807 1377 863; x_wconf 87' lang='lat' dir='ltr'><strong>hasce</strong></span> <span class='ocrx_word' id='word_1_14' title='bbox 1409 809 1459 861; x_wconf 92' lang='lat' dir='ltr'><strong>in</strong></span> <span class='ocrx_word' id='word_1_15' title='bbox 1494 808 1610 876; x_wconf 92' lang='lat' dir='ltr'><strong>ipso</strong></span> <span class='ocrx_word' id='word_1_16' title='bbox 1654 812 1893 872; x_wconf 88' lang='lat' dir='ltr'><strong>tempore</strong></span> 
     </span>
    </p>
   </div>
   <div class='ocr_carea' id='block_1_4' title="bbox 304 893 1891 974">
    <p class='ocr_par' dir='ltr' id='par_1_4' title="bbox 304 893 1891 974">
     <span class='ocr_line' id='line_1_4' title="bbox 304 893 1891 974; baseline -0.009 -16"><span class='ocrx_word' id='word_1_17' title='bbox 304 904 605 974; x_wconf 83' lang='lat' dir='ltr'><strong>colligebat,</strong></span> <span class='ocrx_word' id='word_1_18' title='bbox 636 920 665 957; x_wconf 86' lang='lat' dir='ltr'><strong>a</strong></span> <span class='ocrx_word' id='word_1_19' title='bbox 698 900 975 958; x_wconf 78' lang='lat' dir='ltr'><strong>Paschalis</strong></span> <span class='ocrx_word' id='word_1_20' title='bbox 1002 907 1261 967; x_wconf 91' lang='lat' dir='ltr'><strong>tempore,</strong></span> <span class='ocrx_word' id='word_1_21' title='bbox 1291 907 1346 951; x_wconf 92' lang='lat' dir='ltr'><strong>ut</strong></span> <span class='ocrx_word' id='word_1_22' title='bbox 1376 913 1441 951; x_wconf 79' lang='lat' dir='ltr'><strong>ex</strong></span> <span class='ocrx_word' id='word_1_23' title='bbox 1478 894 1647 949; x_wconf 91' lang='lat' dir='ltr'><strong>titulis</strong></span> <span class='ocrx_word' id='word_1_24' title='bbox 1673 893 1891 948; x_wconf 85' lang='lat' dir='ltr'><strong>concio-</strong></span> 
     </span>
    </p>
   </div>
   <div class='ocr_carea' id='block_1_5' title="bbox 304 985 1896 1068">
    <p class='ocr_par' dir='ltr' id='par_1_5' title="bbox 304 985 1896 1068">
     <span class='ocr_line' id='line_1_5' title="bbox 304 985 1896 1068; baseline -0.009 -18"><span class='ocrx_word' id='word_1_25' title='bbox 304 1012 430 1050; x_wconf 92' lang='lat' dir='ltr'><strong>num</strong></span> <span class='ocrx_word' id='word_1_26' title='bbox 461 996 902 1068; x_wconf 79' lang='lat' dir='ltr'><strong>deprehenditur,</strong></span> <span class='ocrx_word' id='word_1_27' title='bbox 938 992 1028 1046; x_wconf 89' lang='lat' dir='ltr'><strong>illo</strong></span> <span class='ocrx_word' id='word_1_28' title='bbox 1058 1004 1166 1060; x_wconf 91' lang='lat' dir='ltr'><strong>quo</strong></span> <span class='ocrx_word' id='word_1_29' title='bbox 1213 989 1526 1045; x_wconf 90' lang='lat' dir='ltr'><strong>dicebantur</strong></span> <span class='ocrx_word' id='word_1_30' title='bbox 1568 985 1757 1040; x_wconf 82' lang='lat' dir='ltr'><strong>ordine</strong></span> <span class='ocrx_word' id='word_1_31' title='bbox 1805 997 1896 1038; x_wconf 89' lang='lat' dir='ltr'><strong>eas</strong></span> 
     </span>
    </p>
   </div>
   <div class='ocr_carea' id='block_1_6' title="bbox 302 1078 1898 1159">
    <p class='ocr_par' dir='ltr' id='par_1_6' title="bbox 302 1078 1898 1159">
     <span class='ocr_line' id='line_1_6' title="bbox 302 1078 1898 1159; baseline -0.01 -15"><span class='ocrx_word' id='word_1_32' title='bbox 302 1090 613 1159; x_wconf 71' lang='lat' dir='ltr'><strong>descripsxt.</strong></span> <span class='ocrx_word' id='word_1_33' title='bbox 638 1091 776 1143; x_wconf 82' lang='lat' dir='ltr'><strong>Ante</strong></span> <span class='ocrx_word' id='word_1_34' title='bbox 802 1085 1004 1142; x_wconf 86' lang='lat' dir='ltr'><strong>Pascha</strong></span> <span class='ocrx_word' id='word_1_35' title='bbox 1030 1083 1197 1148; x_wconf 91' lang='lat' dir='ltr'><strong>enim,</strong></span> <span class='ocrx_word' id='word_1_36' title='bbox 1243 1089 1300 1135; x_wconf 91' lang='lat' dir='ltr'><strong>ut</strong></span> <span class='ocrx_word' id='word_1_37' title='bbox 1332 1096 1492 1151; x_wconf 84' lang='lat' dir='ltr'><strong>supra</strong></span> <span class='ocrx_word' id='word_1_38' title='bbox 1529 1078 1786 1142; x_wconf 75' lang='lat' dir='ltr'><strong>diximus,</strong></span> <span class='ocrx_word' id='word_1_39' title='bbox 1831 1088 1898 1129; x_wconf 79' lang='lat' dir='ltr'><strong>ex</strong></span> 
     </span>
    </p>
   </div>
   <div class='ocr_carea' id='block_1_7' title="bbox 307 1167 1900 1250">
    <p class='ocr_par' dir='ltr' id='par_1_7' title="bbox 307 1167 1900 1250">
     <span class='ocr_line' id='line_1_7' title="bbox 307 1167 1900 1250; baseline -0.01 -15"><span class='ocrx_word' id='word_1_40' title='bbox 307 1182 493 1236; x_wconf 90' lang='lat' dir='ltr'><strong>multis</strong></span> <span class='ocrx_word' id='word_1_41' title='bbox 515 1179 753 1235; x_wconf 88' lang='lat' dir='ltr'><strong>homiliis</strong></span> <span class='ocrx_word' id='word_1_42' title='bbox 792 1191 991 1250; x_wconf 90' lang='lat' dir='ltr'><strong>paucas</strong></span> <span class='ocrx_word' id='word_1_43' title='bbox 1035 1172 1311 1241; x_wconf 83' lang='lat' dir='ltr'><strong>collegisse</strong></span> <span class='ocrx_word' id='word_1_44' title='bbox 1356 1172 1585 1227; x_wconf 81' lang='lat' dir='ltr'><strong>videtur.</strong></span> <span class='ocrx_word' id='word_1_45' title='bbox 1630 1167 1748 1228; x_wconf 75' lang='lat' dir='ltr'><strong>Non</strong></span> <span class='ocrx_word' id='word_1_46' title='bbox 1779 1181 1900 1220; x_wconf 90' lang='lat' dir='ltr'><strong>con-</strong></span> 
     </span>
    </p>
   </div>
   <div class='ocr_carea' id='block_1_8' title="bbox 306 1257 1897 1341">
    <p class='ocr_par' dir='ltr' id='par_1_8' title="bbox 306 1257 1897 1341">
     <span class='ocr_line' id='line_1_8' title="bbox 306 1257 1897 1341; baseline -0.011 -13"><span class='ocrx_word' id='word_1_47' title='bbox 306 1274 550 1340; x_wconf 89' lang='lat' dir='ltr'><strong>queritur</strong></span> <span class='ocrx_word' id='word_1_48' title='bbox 571 1281 746 1325; x_wconf 90' lang='lat' dir='ltr'><strong>autem</strong></span> <span class='ocrx_word' id='word_1_49' title='bbox 769 1270 1190 1341; x_wconf 85' lang='lat' dir='ltr'><strong>Cbrysostomus</strong></span> <span class='ocrx_word' id='word_1_50' title='bbox 1217 1265 1267 1319; x_wconf 91' lang='lat' dir='ltr'><strong>in</strong></span> <span class='ocrx_word' id='word_1_51' title='bbox 1293 1265 1392 1319; x_wconf 88' lang='lat' dir='ltr'><strong>hac</strong></span> <span class='ocrx_word' id='word_1_52' title='bbox 1422 1261 1705 1324; x_wconf 86' lang='lat' dir='ltr'><strong>concione,</strong></span> <span class='ocrx_word' id='word_1_53' title='bbox 1757 1257 1897 1327; x_wconf 92' lang='lat' dir='ltr'><strong>quod</strong></span> 
     </span>
    </p>
   </div>
   <div class='ocr_carea' id='block_1_9' title="bbox 309 1348 1898 1433">
    <p class='ocr_par' dir='ltr' id='par_1_9' title="bbox 309 1348 1898 1433">
     <span class='ocr_line' id='line_1_9' title="bbox 309 1348 1898 1433; baseline -0.012 -16"><span class='ocrx_word' id='word_1_54' title='bbox 309 1363 466 1433; x_wconf 80' lang='lat' dir='ltr'><strong>pauci</strong></span> <span class='ocrx_word' id='word_1_55' title='bbox 493 1360 762 1415; x_wconf 80' lang='lat' dir='ltr'><strong>auditores</strong></span> <span class='ocrx_word' id='word_1_56' title='bbox 778 1356 1186 1426; x_wconf 86' lang='lat' dir='ltr'><strong>adessent,quia</strong></span> <span class='ocrx_word' id='word_1_57' title='bbox 1219 1370 1321 1410; x_wconf 91' lang='lat' dir='ltr'><strong>non</strong></span> <span class='ocrx_word' id='word_1_58' title='bbox 1349 1356 1400 1409; x_wconf 93' lang='lat' dir='ltr'><strong>in</strong></span> <span class='ocrx_word' id='word_1_59' title='bbox 1425 1351 1615 1420; x_wconf 84' lang='lat' dir='ltr'><strong>majori</strong></span> <span class='ocrx_word' id='word_1_60' title='bbox 1653 1348 1898 1412; x_wconf 84' lang='lat' dir='ltr'><strong>ecclesia,</strong></span> 
     </span>
    </p>
   </div>
   <div class='ocr_carea' id='block_1_10' title="bbox 314 1442 1904 1523">
    <p class='ocr_par' dir='ltr' id='par_1_10' title="bbox 314 1442 1904 1523">
     <span class='ocr_line' id='line_1_10' title="bbox 314 1442 1904 1523; baseline -0.011 -15"><span class='ocrx_word' id='word_1_61' title='bbox 314 1454 405 1508; x_wconf 91' lang='lat' dir='ltr'><strong>ubi</strong></span> <span class='ocrx_word' id='word_1_62' title='bbox 434 1468 661 1523; x_wconf 78' lang='lat' dir='ltr'><strong>synaxes</strong></span> <span class='ocrx_word' id='word_1_63' title='bbox 694 1453 805 1507; x_wconf 81' lang='lat' dir='ltr'><strong>fieri</strong></span> <span class='ocrx_word' id='word_1_64' title='bbox 838 1450 1108 1513; x_wconf 87' lang='lat' dir='ltr'><strong>solebant,</strong></span> <span class='ocrx_word' id='word_1_65' title='bbox 1139 1447 1229 1502; x_wconf 92' lang='lat' dir='ltr'><strong>sed</strong></span> <span class='ocrx_word' id='word_1_66' title='bbox 1253 1448 1304 1501; x_wconf 91' lang='lat' dir='ltr'><strong>in</strong></span> <span class='ocrx_word' id='word_1_67' title='bbox 1330 1445 1555 1501; x_wconf 76' lang='lat' dir='ltr'><strong>ecclesia</strong></span> <span class='ocrx_word' id='word_1_68' title='bbox 1586 1442 1643 1497; x_wconf 91' lang='lat' dir='ltr'><strong>S.</strong></span> <span class='ocrx_word' id='word_1_69' title='bbox 1681 1442 1904 1494; x_wconf 83' lang='lat' dir='ltr'><strong>Anasta-</strong></span> 
     </span>
    </p>
   </div>
   <div class='ocr_carea' id='block_1_11' title="bbox 314 1542 882 1597">
    <p class='ocr_par' dir='ltr' id='par_1_11' title="bbox 314 1542 882 1597">
     <span class='ocr_line' id='line_1_11' title="bbox 314 1542 882 1597; baseline -0.005 0"><span class='ocrx_word' id='word_1_70' title='bbox 314 1544 411 1597; x_wconf 76' lang='lat' dir='ltr'><strong>sia:</strong></span> <span class='ocrx_word' id='word_1_71' title='bbox 440 1542 882 1597; x_wconf 86' lang='lat' dir='ltr'><strong>concionabatur.</strong></span> 
     </span>
    </p>
   </div>
   <div class='ocr_carea' id='block_1_12' title="bbox 390 1619 1907 1698">
    <p class='ocr_par' dir='ltr' id='par_1_12' title="bbox 390 1619 1907 1698">
     <span class='ocr_line' id='line_1_12' title="bbox 390 1619 1907 1698; baseline -0.011 -11"><span class='ocrx_word' id='word_1_72' title='bbox 390 1633 590 1687; x_wconf 92' lang='lat' dir='ltr'><strong>Octava</strong></span> <span class='ocrx_word' id='word_1_73' title='bbox 617 1634 807 1689; x_wconf 89' lang='lat' dir='ltr'><strong>concio</strong></span> <span class='ocrx_word' id='word_1_74' title='bbox 835 1646 949 1686; x_wconf 89' lang='lat' dir='ltr'><strong>rem</strong></span> <span class='ocrx_word' id='word_1_75' title='bbox 982 1641 1201 1698; x_wconf 85' lang='lat' dir='ltr'><strong>prorsus</strong></span> <span class='ocrx_word' id='word_1_76' title='bbox 1222 1626 1492 1681; x_wconf 81' lang='lat' dir='ltr'><strong>insolitam</strong></span> <span class='ocrx_word' id='word_1_77' title='bbox 1523 1622 1675 1678; x_wconf 91' lang='lat' dir='ltr'><strong>nobis</strong></span> <span class='ocrx_word' id='word_1_78' title='bbox 1692 1619 1907 1675; x_wconf 77' lang='lat' dir='ltr'><strong>exhibet</strong></span> 
     </span>
    </p>
   </div>
   <div class='ocr_carea' id='block_1_13' title="bbox 317 1710 1907 1792">
    <p class='ocr_par' dir='ltr' id='par_1_13' title="bbox 317 1710 1907 1792">
     <span class='ocr_line' id='line_1_13' title="bbox 317 1710 1907 1792; baseline -0.009 -16"><span class='ocrx_word' id='word_1_79' title='bbox 317 1732 479 1792; x_wconf 90' lang='lat' dir='ltr'><strong>atque</strong></span> <span class='ocrx_word' id='word_1_80' title='bbox 510 1721 994 1777; x_wconf 89' lang='lat' dir='ltr'><strong>inauditam.Tunc</strong></span> <span class='ocrx_word' id='word_1_81' title='bbox 1028 1718 1343 1773; x_wconf 91' lang='lat' dir='ltr'><strong>Gotthorum</strong></span> <span class='ocrx_word' id='word_1_82' title='bbox 1373 1730 1497 1786; x_wconf 92' lang='lat' dir='ltr'><strong>pars</strong></span> <span class='ocrx_word' id='word_1_83' title='bbox 1536 1712 1789 1777; x_wconf 82' lang='lat' dir='ltr'><strong>maxima,</strong></span> <span class='ocrx_word' id='word_1_84' title='bbox 1819 1710 1907 1779; x_wconf 92' lang='lat' dir='ltr'><strong>qui</strong></span> 
     </span>
    </p>
   </div>
   <div class='ocr_carea' id='block_1_14' title="bbox 322 1804 1909 1883">
    <p class='ocr_par' dir='ltr' id='par_1_14' title="bbox 322 1804 1909 1883">
     <span class='ocr_line' id='line_1_14' title="bbox 322 1804 1909 1883; baseline -0.008 -18"><span class='ocrx_word' id='word_1_85' title='bbox 322 1815 407 1867; x_wconf 90' lang='lat' dir='ltr'><strong>vel</strong></span> <span class='ocrx_word' id='word_1_86' title='bbox 437 1811 927 1883; x_wconf 85' lang='lat' dir='ltr'><strong>ConstantinOpoli,</strong></span> <span class='ocrx_word' id='word_1_87' title='bbox 956 1809 1039 1863; x_wconf 91' lang='lat' dir='ltr'><strong>vel</strong></span> <span class='ocrx_word' id='word_1_88' title='bbox 1084 1809 1284 1863; x_wconf 90' lang='lat' dir='ltr'><strong>circum</strong></span> <span class='ocrx_word' id='word_1_89' title='bbox 1328 1814 1503 1870; x_wconf 90' lang='lat' dir='ltr'><strong>erant,</strong></span> <span class='ocrx_word' id='word_1_90' title='bbox 1549 1804 1909 1858; x_wconf 85' lang='lat' dir='ltr'><strong>Arianismum</strong></span> 
     </span>
    </p>
   </div>
   <div class='ocr_carea' id='block_1_15' title="bbox 322 1893 1910 1968">
    <p class='ocr_par' dir='ltr' id='par_1_15' title="bbox 322 1893 1910 1968">
     <span class='ocr_line' id='line_1_15' title="bbox 322 1893 1910 1968; baseline -0.009 -8"><span class='ocrx_word' id='word_1_91' title='bbox 322 1906 682 1960; x_wconf 79' lang='lat' dir='ltr'><strong>sectabantur.</strong></span> <span class='ocrx_word' id='word_1_92' title='bbox 728 1906 895 1959; x_wconf 84' lang='lat' dir='ltr'><strong>Erant</strong></span> <span class='ocrx_word' id='word_1_93' title='bbox 939 1911 1116 1956; x_wconf 90' lang='lat' dir='ltr'><strong>tamen</strong></span> <span class='ocrx_word' id='word_1_94' title='bbox 1152 1898 1411 1954; x_wconf 90' lang='lat' dir='ltr'><strong>Catholici</strong></span> <span class='ocrx_word' id='word_1_95' title='bbox 1456 1896 1633 1968; x_wconf 88' lang='lat' dir='ltr'><strong>gentis</strong></span> <span class='ocrx_word' id='word_1_96' title='bbox 1672 1893 1910 1964; x_wconf 86' lang='lat' dir='ltr'><strong>ejusdem</strong></span> 
     </span>
    </p>
   </div>
   <div class='ocr_carea' id='block_1_16' title="bbox 325 1986 1913 2065">
    <p class='ocr_par' dir='ltr' id='par_1_16' title="bbox 325 1986 1913 2065">
     <span class='ocr_line' id='line_1_16' title="bbox 325 1986 1913 2065; baseline -0.008 -16"><span class='ocrx_word' id='word_1_97' title='bbox 325 2011 434 2050; x_wconf 89' lang='lat' dir='ltr'><strong>non</strong></span> <span class='ocrx_word' id='word_1_98' title='bbox 464 1998 791 2065; x_wconf 86' lang='lat' dir='ltr'><strong>pauci.Cum</strong></span> <span class='ocrx_word' id='word_1_99' title='bbox 812 2004 991 2050; x_wconf 89' lang='lat' dir='ltr'><strong>autem</strong></span> <span class='ocrx_word' id='word_1_100' title='bbox 1018 1994 1068 2046; x_wconf 91' lang='lat' dir='ltr'><strong>in</strong></span> <span class='ocrx_word' id='word_1_101' title='bbox 1097 1992 1319 2046; x_wconf 86' lang='lat' dir='ltr'><strong>ecclesia</strong></span> <span class='ocrx_word' id='word_1_102' title='bbox 1342 1991 1401 2045; x_wconf 92' lang='lat' dir='ltr'><strong>S.</strong></span> <span class='ocrx_word' id='word_1_103' title='bbox 1433 1989 1585 2044; x_wconf 90' lang='lat' dir='ltr'><strong>Pauli</strong></span> <span class='ocrx_word' id='word_1_104' title='bbox 1627 1986 1913 2041; x_wconf 83' lang='lat' dir='ltr'><strong>convenis-</strong></span> 
     </span>
    </p>
   </div>
   <div class='ocr_carea' id='block_1_17' title="bbox 327 2077 1917 2161">
    <p class='ocr_par' dir='ltr' id='par_1_17' title="bbox 327 2077 1917 2161">
     <span class='ocr_line' id='line_1_17' title="bbox 327 2077 1917 2161; baseline -0.009 -18"><span class='ocrx_word' id='word_1_105' title='bbox 327 2100 465 2152; x_wconf 87' lang='lat' dir='ltr'><strong>sent,</strong></span> <span class='ocrx_word' id='word_1_106' title='bbox 491 2089 1088 2161; x_wconf 86' lang='lat' dir='ltr'><strong>jussitChrysostomus</strong></span> <span class='ocrx_word' id='word_1_107' title='bbox 1117 2084 1343 2140; x_wconf 86' lang='lat' dir='ltr'><strong>Gotthos</strong></span> <span class='ocrx_word' id='word_1_108' title='bbox 1363 2083 1475 2138; x_wconf 90' lang='lat' dir='ltr'><strong>loca</strong></span> <span class='ocrx_word' id='word_1_109' title='bbox 1494 2080 1735 2152; x_wconf 60' lang='lat' dir='ltr'><strong>quaedam</strong></span> <span class='ocrx_word' id='word_1_110' title='bbox 1770 2077 1917 2132; x_wconf 88' lang='lat' dir='ltr'><strong>Scri-</strong></span> 
     </span>
    </p>
   </div>
   <div class='ocr_carea' id='block_1_18' title="bbox 330 2168 1916 2250">
    <p class='ocr_par' dir='ltr' id='par_1_18' title="bbox 330 2168 1916 2250">
     <span class='ocr_line' id='line_1_18' title="bbox 330 2168 1916 2250; baseline -0.008 -16"><span class='ocrx_word' id='word_1_111' title='bbox 330 2189 623 2250; x_wconf 85' lang='lat' dir='ltr'><strong>pturarum,</strong></span> <span class='ocrx_word' id='word_1_112' title='bbox 648 2196 765 2250; x_wconf 68' lang='lat' dir='ltr'><strong>qua:</strong></span> <span class='ocrx_word' id='word_1_113' title='bbox 788 2182 839 2234; x_wconf 94' lang='lat' dir='ltr'><strong>in</strong></span> <span class='ocrx_word' id='word_1_114' title='bbox 872 2177 1175 2234; x_wconf 88' lang='lat' dir='ltr'><strong>Gotthicam</strong></span> <span class='ocrx_word' id='word_1_115' title='bbox 1204 2175 1436 2243; x_wconf 81' lang='lat' dir='ltr'><strong>linguam</strong></span> <span class='ocrx_word' id='word_1_116' title='bbox 1475 2185 1753 2227; x_wconf 68' lang='lat' dir='ltr'><strong>conversae</strong></span> <span class='ocrx_word' id='word_1_117' title='bbox 1798 2168 1916 2222; x_wconf 87' lang='lat' dir='ltr'><strong>fue-</strong></span> 
     </span>
    </p>
   </div>
   <div class='ocr_carea' id='block_1_19' title="bbox 329 2260 1915 2340">
    <p class='ocr_par' dir='ltr' id='par_1_19' title="bbox 329 2260 1915 2340">
     <span class='ocr_line' id='line_1_19' title="bbox 329 2260 1915 2340; baseline -0.007 -17"><span class='ocrx_word' id='word_1_118' title='bbox 329 2280 469 2336; x_wconf 90' lang='lat' dir='ltr'><strong>rant,</strong></span> <span class='ocrx_word' id='word_1_119' title='bbox 492 2270 739 2326; x_wconf 88' lang='lat' dir='ltr'><strong>Gotthice</strong></span> <span class='ocrx_word' id='word_1_120' title='bbox 762 2272 957 2340; x_wconf 79' lang='lat' dir='ltr'><strong>legere,</strong></span> <span class='ocrx_word' id='word_1_121' title='bbox 983 2277 1035 2323; x_wconf 89' lang='lat' dir='ltr'><strong>et</strong></span> <span class='ocrx_word' id='word_1_122' title='bbox 1059 2274 1243 2338; x_wconf 90' lang='lat' dir='ltr'><strong>postea</strong></span> <span class='ocrx_word' id='word_1_123' title='bbox 1268 2263 1524 2319; x_wconf 88' lang='lat' dir='ltr'><strong>Gotthum</strong></span> <span class='ocrx_word' id='word_1_124' title='bbox 1548 2260 1915 2331; x_wconf 79' lang='lat' dir='ltr'><strong>presbyterum</strong></span> 
     </span>
    </p>
   </div>
   <div class='ocr_carea' id='block_1_20' title="bbox 329 2350 1920 2423">
    <p class='ocr_par' dir='ltr' id='par_1_20' title="bbox 329 2350 1920 2423">
     <span class='ocr_line' id='line_1_20' title="bbox 329 2350 1920 2423; baseline -0.007 -8"><span class='ocrx_word' id='word_1_125' title='bbox 329 2358 580 2415; x_wconf 74' lang='lat' dir='ltr'><strong>Gottbice</strong></span> <span class='ocrx_word' id='word_1_126' title='bbox 610 2361 938 2415; x_wconf 89' lang='lat' dir='ltr'><strong>concionari.</strong></span> <span class='ocrx_word' id='word_1_127' title='bbox 969 2358 1079 2413; x_wconf 87' lang='lat' dir='ltr'><strong>Cur</strong></span> <span class='ocrx_word' id='word_1_128' title='bbox 1102 2367 1280 2412; x_wconf 91' lang='lat' dir='ltr'><strong>autem</strong></span> <span class='ocrx_word' id='word_1_129' title='bbox 1304 2355 1375 2409; x_wconf 90' lang='lat' dir='ltr'><strong>ita</strong></span> <span class='ocrx_word' id='word_1_130' title='bbox 1402 2352 1640 2423; x_wconf 88' lang='lat' dir='ltr'><strong>jusserit,</strong></span> <span class='ocrx_word' id='word_1_131' title='bbox 1675 2351 1800 2403; x_wconf 90' lang='lat' dir='ltr'><strong>satis</strong></span> <span class='ocrx_word' id='word_1_132' title='bbox 1825 2350 1920 2404; x_wconf 91' lang='lat' dir='ltr'><strong>de-</strong></span> 
     </span>
    </p>
   </div>
   <div class='ocr_carea' id='block_1_21' title="bbox 332 2441 1921 2519">
    <p class='ocr_par' dir='ltr' id='par_1_21' title="bbox 332 2441 1921 2519">
     <span class='ocr_line' id='line_1_21' title="bbox 332 2441 1921 2519; baseline -0.008 -12"><span class='ocrx_word' id='word_1_133' title='bbox 332 2453 573 2507; x_wconf 79' lang='lat' dir='ltr'><strong>claratin</strong></span> <span class='ocrx_word' id='word_1_134' title='bbox 600 2453 859 2506; x_wconf 88' lang='lat' dir='ltr'><strong>concione</strong></span> <span class='ocrx_word' id='word_1_135' title='bbox 888 2466 1045 2519; x_wconf 83' lang='lat' dir='ltr'><strong>quam</strong></span> <span class='ocrx_word' id='word_1_136' title='bbox 1089 2450 1204 2519; x_wconf 82' lang='lat' dir='ltr'><strong>ipse</strong></span> <span class='ocrx_word' id='word_1_137' title='bbox 1244 2448 1585 2503; x_wconf 83' lang='lat' dir='ltr'><strong>continenter</strong></span> <span class='ocrx_word' id='word_1_138' title='bbox 1632 2452 1747 2513; x_wconf 90' lang='lat' dir='ltr'><strong>post</strong></span> <span class='ocrx_word' id='word_1_139' title='bbox 1793 2441 1921 2496; x_wconf 88' lang='lat' dir='ltr'><strong>Cot-</strong></span> 
     </span>
    </p>
   </div>
   <div class='ocr_carea' id='block_1_22' title="bbox 336 2534 1925 2614">
    <p class='ocr_par' dir='ltr' id='par_1_22' title="bbox 336 2534 1925 2614">
     <span class='ocr_line' id='line_1_22' title="bbox 336 2534 1925 2614; baseline -0.008 -16"><span class='ocrx_word' id='word_1_140' title='bbox 336 2545 487 2599; x_wconf 89' lang='lat' dir='ltr'><strong>thum</strong></span> <span class='ocrx_word' id='word_1_141' title='bbox 519 2545 889 2614; x_wconf 78' lang='lat' dir='ltr'><strong>presbyterum</strong></span> <span class='ocrx_word' id='word_1_142' title='bbox 917 2542 1101 2595; x_wconf 90' lang='lat' dir='ltr'><strong>eadem</strong></span> <span class='ocrx_word' id='word_1_143' title='bbox 1135 2541 1187 2594; x_wconf 93' lang='lat' dir='ltr'><strong>in</strong></span> <span class='ocrx_word' id='word_1_144' title='bbox 1236 2540 1465 2595; x_wconf 83' lang='lat' dir='ltr'><strong>ecclesia</strong></span> <span class='ocrx_word' id='word_1_145' title='bbox 1504 2535 1722 2599; x_wconf 85' lang='lat' dir='ltr'><strong>habuit;</strong></span> <span class='ocrx_word' id='word_1_146' title='bbox 1756 2542 1813 2587; x_wconf 93' lang='lat' dir='ltr'><strong>ut</strong></span> <span class='ocrx_word' id='word_1_147' title='bbox 1847 2534 1925 2587; x_wconf 89' lang='lat' dir='ltr'><strong>vi-</strong></span> 
     </span>
    </p>
   </div>
   <div class='ocr_carea' id='block_1_23' title="bbox 333 2627 1920 2705">
    <p class='ocr_par' dir='ltr' id='par_1_23' title="bbox 333 2627 1920 2705">
     <span class='ocr_line' id='line_1_23' title="bbox 333 2627 1920 2705; baseline -0.008 -13"><span class='ocrx_word' id='word_1_148' title='bbox 333 2637 532 2692; x_wconf 88' lang='lat' dir='ltr'><strong>delicet</strong></span> <span class='ocrx_word' id='word_1_149' title='bbox 557 2636 774 2691; x_wconf 79' lang='lat' dir='ltr'><strong>Graecos</strong></span> <span class='ocrx_word' id='word_1_150' title='bbox 803 2633 1170 2705; x_wconf 92' lang='lat' dir='ltr'><strong>philosophos,</strong></span> <span class='ocrx_word' id='word_1_151' title='bbox 1207 2645 1501 2700; x_wconf 89' lang='lat' dir='ltr'><strong>eorumque</strong></span> <span class='ocrx_word' id='word_1_152' title='bbox 1542 2627 1814 2698; x_wconf 77' lang='lat' dir='ltr'><strong>religionis</strong></span> <span class='ocrx_word' id='word_1_153' title='bbox 1834 2641 1920 2681; x_wconf 86' lang='lat' dir='ltr'><strong>se-</strong></span> 
     </span>
    </p>
   </div>
   <div class='ocr_carea' id='block_1_24' title="bbox 334 2717 1925 2798">
    <p class='ocr_par' dir='ltr' id='par_1_24' title="bbox 334 2717 1925 2798">
     <span class='ocr_line' id='line_1_24' title="bbox 334 2717 1925 2798; baseline -0.006 -17"><span class='ocrx_word' id='word_1_154' title='bbox 334 2742 554 2798; x_wconf 87' lang='lat' dir='ltr'><strong>quaces,</strong></span> <span class='ocrx_word' id='word_1_155' title='bbox 586 2736 639 2782; x_wconf 89' lang='lat' dir='ltr'><strong>et</strong></span> <span class='ocrx_word' id='word_1_156' title='bbox 660 2726 875 2781; x_wconf 64' lang='lat' dir='ltr'><strong>Judaeos</strong></span> <span class='ocrx_word' id='word_1_157' title='bbox 905 2740 1116 2795; x_wconf 89' lang='lat' dir='ltr'><strong>quoque</strong></span> <span class='ocrx_word' id='word_1_158' title='bbox 1144 2723 1347 2795; x_wconf 91' lang='lat' dir='ltr'><strong>pudore</strong></span> <span class='ocrx_word' id='word_1_159' title='bbox 1383 2719 1712 2777; x_wconf 72' lang='lat' dir='ltr'><strong>suilunderet</strong></span> <span class='ocrx_word' id='word_1_160' title='bbox 1740 2733 1755 2785; x_wconf 89' lang='lat'><strong>;</strong></span> <span class='ocrx_word' id='word_1_161' title='bbox 1786 2717 1925 2789; x_wconf 90' lang='lat' dir='ltr'><strong>quod</strong></span> 
     </span>
    </p>
   </div>
   <div class='ocr_carea' id='block_1_25' title="bbox 334 2814 1923 2885">
    <p class='ocr_par' dir='ltr' id='par_1_25' title="bbox 334 2814 1923 2885">
     <span class='ocr_line' id='line_1_25' title="bbox 334 2814 1923 2885; baseline -0.008 -10"><span class='ocrx_word' id='word_1_162' title='bbox 334 2821 463 2875; x_wconf 91' lang='lat' dir='ltr'><strong>dum</strong></span> <span class='ocrx_word' id='word_1_163' title='bbox 494 2820 569 2874; x_wconf 93' lang='lat' dir='ltr'><strong>illi</strong></span> <span class='ocrx_word' id='word_1_164' title='bbox 598 2819 836 2874; x_wconf 81' lang='lat' dir='ltr'><strong>veritatis</strong></span> <span class='ocrx_word' id='word_1_165' title='bbox 856 2819 1027 2872; x_wconf 89' lang='lat' dir='ltr'><strong>lucem</strong></span> <span class='ocrx_word' id='word_1_166' title='bbox 1058 2816 1401 2885; x_wconf 89' lang='lat' dir='ltr'><strong>respuebant,</strong></span> <span class='ocrx_word' id='word_1_167' title='bbox 1430 2814 1671 2868; x_wconf 77' lang='lat' dir='ltr'><strong>barbara:</strong></span> <span class='ocrx_word' id='word_1_168' title='bbox 1714 2825 1811 2881; x_wconf 91' lang='lat' dir='ltr'><strong>per</strong></span> <span class='ocrx_word' id='word_1_169' title='bbox 1841 2820 1923 2863; x_wconf 86' lang='lat' dir='ltr'><strong>to-</strong></span> 
     </span>
    </p>
   </div>
   <div class='ocr_carea' id='block_1_26' title="bbox 336 2902 1926 2977">
    <p class='ocr_par' dir='ltr' id='par_1_26' title="bbox 336 2902 1926 2977">
     <span class='ocr_line' id='line_1_26' title="bbox 336 2902 1926 2977; baseline -0.008 -12"><span class='ocrx_word' id='word_1_170' title='bbox 336 2919 448 2966; x_wconf 90' lang='lat' dir='ltr'><strong>tum</strong></span> <span class='ocrx_word' id='word_1_171' title='bbox 470 2912 655 2966; x_wconf 89' lang='lat' dir='ltr'><strong>orbem</strong></span> <span class='ocrx_word' id='word_1_172' title='bbox 686 2911 930 2964; x_wconf 91' lang='lat' dir='ltr'><strong>nationes</strong></span> <span class='ocrx_word' id='word_1_173' title='bbox 955 2908 1068 2963; x_wconf 92' lang='lat' dir='ltr'><strong>sole</strong></span> <span class='ocrx_word' id='word_1_174' title='bbox 1097 2906 1433 2977; x_wconf 88' lang='lat' dir='ltr'><strong>fulgidiorem</strong></span> <span class='ocrx_word' id='word_1_175' title='bbox 1458 2902 1733 2972; x_wconf 83' lang='lat' dir='ltr'><strong>Evangelii</strong></span> <span class='ocrx_word' id='word_1_176' title='bbox 1754 2902 1926 2954; x_wconf 90' lang='lat' dir='ltr'><strong>lucem</strong></span> 
     </span>
    </p>
   </div>
   <div class='ocr_carea' id='block_1_27' title="bbox 340 2991 1930 3072">
    <p class='ocr_par' dir='ltr' id='par_1_27' title="bbox 340 2991 1930 3072">
     <span class='ocr_line' id='line_1_27' title="bbox 340 2991 1930 3072; baseline -0.006 -18"><span class='ocrx_word' id='word_1_177' title='bbox 340 3002 808 3072; x_wconf 86' lang='lat' dir='ltr'><strong>amplecterentur.</strong></span> <span class='ocrx_word' id='word_1_178' title='bbox 832 2998 993 3054; x_wconf 87' lang='lat' dir='ltr'><strong>Addit</strong></span> <span class='ocrx_word' id='word_1_179' title='bbox 1018 3000 1182 3053; x_wconf 89' lang='lat' dir='ltr'><strong>etiam</strong></span> <span class='ocrx_word' id='word_1_180' title='bbox 1211 3012 1357 3062; x_wconf 90' lang='lat' dir='ltr'><strong>eum,</strong></span> <span class='ocrx_word' id='word_1_181' title='bbox 1386 2996 1477 3065; x_wconf 91' lang='lat' dir='ltr'><strong>qui</strong></span> <span class='ocrx_word' id='word_1_182' title='bbox 1526 2997 1578 3048; x_wconf 94' lang='lat' dir='ltr'><strong>in</strong></span> <span class='ocrx_word' id='word_1_183' title='bbox 1618 2992 1797 3048; x_wconf 75' lang='lat' dir='ltr'><strong>Veteri</strong></span> <span class='ocrx_word' id='word_1_184' title='bbox 1825 2991 1930 3046; x_wconf 84' lang='lat' dir='ltr'><strong>Te-</strong></span> 
     </span>
    </p>
   </div>
   <div class='ocr_carea' id='block_1_28' title="bbox 342 3083 1924 3161">
    <p class='ocr_par' dir='ltr' id='par_1_28' title="bbox 342 3083 1924 3161">
     <span class='ocr_line' id='line_1_28' title="bbox 342 3083 1924 3161; baseline -0.008 -15"><span class='ocrx_word' id='word_1_185' title='bbox 342 3101 611 3146; x_wconf 76' lang='lat' dir='ltr'><strong>Stamento</strong></span> <span class='ocrx_word' id='word_1_186' title='bbox 641 3092 846 3161; x_wconf 86' lang='lat' dir='ltr'><strong>primus</strong></span> <span class='ocrx_word' id='word_1_187' title='bbox 884 3100 1105 3144; x_wconf 91' lang='lat' dir='ltr'><strong>vocatus</strong></span> <span class='ocrx_word' id='word_1_188' title='bbox 1132 3087 1229 3142; x_wconf 89' lang='lat' dir='ltr'><strong>fuit</strong></span> <span class='ocrx_word' id='word_1_189' title='bbox 1251 3127 1264 3151; x_wconf 88' lang='lat'><strong>,</strong></span> <span class='ocrx_word' id='word_1_190' title='bbox 1301 3101 1495 3155; x_wconf 89' lang='lat' dir='ltr'><strong>nempe</strong></span> <span class='ocrx_word' id='word_1_191' title='bbox 1529 3083 1924 3147; x_wconf 86' lang='lat' dir='ltr'><strong>Abrahamum,</strong></span> 
     </span>
    </p>
   </div>
   <div class='ocr_carea' id='block_1_29' title="bbox 342 3179 1925 3237">
    <p class='ocr_par' dir='ltr' id='par_1_29' title="bbox 342 3179 1925 3237">
     <span class='ocr_line' id='line_1_29' title="bbox 342 3179 1925 3237; baseline -0.006 0"><span class='ocrx_word' id='word_1_192' title='bbox 342 3183 627 3237; x_wconf 89' lang='lat' dir='ltr'><strong>barbarum</strong></span> <span class='ocrx_word' id='word_1_193' title='bbox 662 3182 826 3236; x_wconf 88' lang='lat' dir='ltr'><strong>fuisse</strong></span> <span class='ocrx_word' id='word_1_194' title='bbox 871 3182 923 3236; x_wconf 93' lang='lat' dir='ltr'><strong>in</strong></span> <span class='ocrx_word' id='word_1_195' title='bbox 975 3180 1153 3235; x_wconf 90' lang='lat' dir='ltr'><strong>medio</strong></span> <span class='ocrx_word' id='word_1_196' title='bbox 1197 3179 1548 3233; x_wconf 86' lang='lat' dir='ltr'><strong>barbarorum</strong></span> <span class='ocrx_word' id='word_1_197' title='bbox 1604 3185 1925 3231; x_wconf 87' lang='lat' dir='ltr'><strong>versantem.</strong></span> 
     </span>
    </p>
   </div>
   <div class='ocr_carea' id='block_1_30' title="bbox 345 3266 1929 3340">
    <p class='ocr_par' dir='ltr' id='par_1_30' title="bbox 345 3266 1929 3340">
     <span class='ocr_line' id='line_1_30' title="bbox 345 3266 1929 3340; baseline -0.003 -14"><span class='ocrx_word' id='word_1_198' title='bbox 345 3272 610 3326; x_wconf 86' lang='lat' dir='ltr'><strong>Barbaros</strong></span> <span class='ocrx_word' id='word_1_199' title='bbox 632 3272 795 3327; x_wconf 89' lang='lat' dir='ltr'><strong>etiam</strong></span> <span class='ocrx_word' id='word_1_200' title='bbox 831 3271 995 3326; x_wconf 85' lang='lat' dir='ltr'><strong>fuisse</strong></span> <span class='ocrx_word' id='word_1_201' title='bbox 1033 3286 1148 3335; x_wconf 90' lang='lat' dir='ltr'><strong>eos,</strong></span> <span class='ocrx_word' id='word_1_202' title='bbox 1187 3271 1279 3340; x_wconf 90' lang='lat' dir='ltr'><strong>qui</strong></span> <span class='ocrx_word' id='word_1_203' title='bbox 1321 3269 1521 3324; x_wconf 89' lang='lat' dir='ltr'><strong>Christi</strong></span> <span class='ocrx_word' id='word_1_204' title='bbox 1556 3277 1733 3323; x_wconf 91' lang='lat' dir='ltr'><strong>ortum</strong></span> <span class='ocrx_word' id='word_1_205' title='bbox 1775 3266 1929 3337; x_wconf 90' lang='lat' dir='ltr'><strong>primi</strong></span> 
     </span>
    </p>
   </div>
   <div class='ocr_carea' id='block_1_31' title="bbox 345 3361 1934 3432">
    <p class='ocr_par' dir='ltr' id='par_1_31' title="bbox 345 3361 1934 3432">
     <span class='ocr_line' id='line_1_31' title="bbox 345 3361 1934 3432; baseline -0.001 -16"><span class='ocrx_word' id='word_1_206' title='bbox 345 3364 752 3429; x_wconf 89' lang='lat' dir='ltr'><strong>annuntiarunt,</strong></span> <span class='ocrx_word' id='word_1_207' title='bbox 780 3363 1031 3418; x_wconf 87' lang='lat' dir='ltr'><strong>nimirum</strong></span> <span class='ocrx_word' id='word_1_208' title='bbox 1063 3362 1264 3432; x_wconf 81' lang='lat' dir='ltr'><strong>Magos,</strong></span> <span class='ocrx_word' id='word_1_209' title='bbox 1306 3362 1397 3431; x_wconf 89' lang='lat' dir='ltr'><strong>qui</strong></span> <span class='ocrx_word' id='word_1_210' title='bbox 1436 3376 1505 3417; x_wconf 80' lang='lat' dir='ltr'><strong>ex</strong></span> <span class='ocrx_word' id='word_1_211' title='bbox 1531 3361 1749 3415; x_wconf 86' lang='lat' dir='ltr'><strong>Oriente</strong></span> <span class='ocrx_word' id='word_1_212' title='bbox 1773 3374 1934 3414; x_wconf 86' lang='lat' dir='ltr'><strong>vene-</strong></span> 
     </span>
    </p>
   </div>
   <div class='ocr_carea' id='block_1_32' title="bbox 346 3452 1933 3511">
    <p class='ocr_par' dir='ltr' id='par_1_32' title="bbox 346 3452 1933 3511">
     <span class='ocr_line' id='line_1_32' title="bbox 346 3452 1933 3511; baseline -0.004 0"><span class='ocrx_word' id='word_1_213' title='bbox 346 3465 493 3511; x_wconf 88' lang='lat' dir='ltr'><strong>rant.</strong></span> <span class='ocrx_word' id='word_1_214' title='bbox 557 3455 683 3510; x_wconf 75' lang='lat' dir='ltr'><strong>llaec</strong></span> <span class='ocrx_word' id='word_1_215' title='bbox 739 3464 914 3510; x_wconf 89' lang='lat' dir='ltr'><strong>autem</strong></span> <span class='ocrx_word' id='word_1_216' title='bbox 972 3455 1160 3510; x_wconf 90' lang='lat' dir='ltr'><strong>concio</strong></span> <span class='ocrx_word' id='word_1_217' title='bbox 1210 3454 1390 3508; x_wconf 86' lang='lat' dir='ltr'><strong>habita</strong></span> <span class='ocrx_word' id='word_1_218' title='bbox 1448 3453 1547 3509; x_wconf 87' lang='lat' dir='ltr'><strong>fuit</strong></span> <span class='ocrx_word' id='word_1_219' title='bbox 1600 3453 1654 3508; x_wconf 89' lang='lat' dir='ltr'><strong>in</strong></span> <span class='ocrx_word' id='word_1_220' title='bbox 1707 3452 1933 3509; x_wconf 86' lang='lat' dir='ltr'><strong>ecclesia</strong></span> 
     </span>
    </p>
   </div>
   <div class='ocr_carea' id='block_1_33' title="bbox 350 3545 1934 3607">
    <p class='ocr_par' dir='ltr' id='par_1_33' title="bbox 350 3545 1934 3607">
     <span class='ocr_line' id='line_1_33' title="bbox 350 3545 1934 3607; baseline -0.004 -2"><span class='ocrx_word' id='word_1_221' title='bbox 350 3548 597 3607; x_wconf 88' lang='lat' dir='ltr'><strong>S.-Pauli</strong></span> <span class='ocrx_word' id='word_1_222' title='bbox 629 3549 766 3603; x_wconf 93' lang='lat' dir='ltr'><strong>intra</strong></span> <span class='ocrx_word' id='word_1_223' title='bbox 788 3547 1172 3603; x_wconf 86' lang='lat' dir='ltr'><strong>hebdomadam</strong></span> <span class='ocrx_word' id='word_1_224' title='bbox 1211 3546 1489 3602; x_wconf 87' lang='lat' dir='ltr'><strong>Paschatis</strong></span> <span class='ocrx_word' id='word_1_225' title='bbox 1520 3547 1713 3601; x_wconf 90' lang='lat' dir='ltr'><strong>festum</strong></span> <span class='ocrx_word' id='word_1_226' title='bbox 1740 3545 1934 3600; x_wconf 90' lang='lat' dir='ltr'><strong>subse-</strong></span> 
     </span>
    </p>
   </div>
   <div class='ocr_carea' id='block_1_34' title="bbox 350 3635 1937 3707">
    <p class='ocr_par' dir='ltr' id='par_1_34' title="bbox 350 3635 1937 3707">
     <span class='ocr_line' id='line_1_34' title="bbox 350 3635 1937 3707; baseline -0.002 -16"><span class='ocrx_word' id='word_1_227' title='bbox 350 3647 627 3707; x_wconf 88' lang='lat' dir='ltr'><strong>quentem,</strong></span> <span class='ocrx_word' id='word_1_228' title='bbox 656 3647 709 3692; x_wconf 90' lang='lat' dir='ltr'><strong>et</strong></span> <span class='ocrx_word' id='word_1_229' title='bbox 743 3652 839 3707; x_wconf 91' lang='lat' dir='ltr'><strong>per</strong></span> <span class='ocrx_word' id='word_1_230' title='bbox 877 3646 1144 3703; x_wconf 89' lang='lat' dir='ltr'><strong>octavam,</strong></span> <span class='ocrx_word' id='word_1_231' title='bbox 1178 3645 1235 3691; x_wconf 91' lang='lat' dir='ltr'><strong>ut</strong></span> <span class='ocrx_word' id='word_1_232' title='bbox 1270 3652 1338 3692; x_wconf 83' lang='lat' dir='ltr'><strong>ex</strong></span> <span class='ocrx_word' id='word_1_233' title='bbox 1379 3636 1655 3706; x_wconf 91' lang='lat' dir='ltr'><strong>sequentis</strong></span> <span class='ocrx_word' id='word_1_234' title='bbox 1700 3635 1937 3689; x_wconf 67' lang='lat' dir='ltr'><strong>homilite</strong></span> 
     </span>
    </p>
   </div>
   <div class='ocr_carea' id='block_1_35' title="bbox 353 3727 1933 3799">
    <p class='ocr_par' dir='ltr' id='par_1_35' title="bbox 353 3727 1933 3799">
     <span class='ocr_line' id='line_1_35' title="bbox 353 3727 1933 3799; baseline -0.002 -17"><span class='ocrx_word' id='word_1_235' title='bbox 353 3730 528 3792; x_wconf 92' lang='lat' dir='ltr'><strong>titulo,</strong></span> <span class='ocrx_word' id='word_1_236' title='bbox 562 3729 630 3784; x_wconf 91' lang='lat' dir='ltr'><strong>ab</strong></span> <span class='ocrx_word' id='word_1_237' title='bbox 651 3744 718 3784; x_wconf 93' lang='lat' dir='ltr'><strong>eo</strong></span> <span class='ocrx_word' id='word_1_238' title='bbox 759 3729 851 3799; x_wconf 89' lang='lat' dir='ltr'><strong>qui</strong></span> <span class='ocrx_word' id='word_1_239' title='bbox 889 3728 972 3783; x_wconf 87' lang='lat' dir='ltr'><strong>his</strong></span> <span class='ocrx_word' id='word_1_240' title='bbox 1011 3728 1355 3784; x_wconf 89' lang='lat' dir='ltr'><strong>concionibus</strong></span> <span class='ocrx_word' id='word_1_241' title='bbox 1402 3727 1590 3783; x_wconf 90' lang='lat' dir='ltr'><strong>aderat</strong></span> <span class='ocrx_word' id='word_1_242' title='bbox 1632 3728 1933 3796; x_wconf 72' lang='lat' dir='ltr'><strong>prmmisso,</strong></span> 
     </span>
    </p>
   </div>
   <div class='ocr_carea' id='block_1_36' title="bbox 350 3818 1937 3893">
    <p class='ocr_par' dir='ltr' id='par_1_36' title="bbox 350 3818 1937 3893">
     <span class='ocr_line' id='line_1_36' title="bbox 350 3818 1937 3893; baseline -0.005 -15"><span class='ocrx_word' id='word_1_243' title='bbox 350 3821 611 3893; x_wconf 85' lang='lat' dir='ltr'><strong>liquidum</strong></span> <span class='ocrx_word' id='word_1_244' title='bbox 660 3830 746 3876; x_wconf 91' lang='lat' dir='ltr'><strong>est</strong></span> <span class='ocrx_word' id='word_1_245' title='bbox 795 3839 809 3876; x_wconf 92' lang='lat'><strong>:</strong></span> <span class='ocrx_word' id='word_1_246' title='bbox 855 3822 1124 3890; x_wconf 86' lang='lat' dir='ltr'><strong>etiamque</strong></span> <span class='ocrx_word' id='word_1_247' title='bbox 1182 3820 1529 3875; x_wconf 80' lang='lat' dir='ltr'><strong>continuatur</strong></span> <span class='ocrx_word' id='word_1_248' title='bbox 1584 3833 1652 3875; x_wconf 78' lang='lat' dir='ltr'><strong>ex</strong></span> <span class='ocrx_word' id='word_1_249' title='bbox 1704 3818 1769 3873; x_wconf 91' lang='lat' dir='ltr'><strong>iis</strong></span> <span class='ocrx_word' id='word_1_250' title='bbox 1812 3832 1937 3888; x_wconf 77' lang='lat' dir='ltr'><strong>qua:</strong></span> 
     </span>
    </p>
   </div>
   <div class='ocr_carea' id='block_1_37' title="bbox 353 3911 1370 3985">
    <p class='ocr_par' dir='ltr' id='par_1_37' title="bbox 353 3911 1370 3985">
     <span class='ocr_line' id='line_1_37' title="bbox 353 3911 1370 3985; baseline -0.006 -14"><span class='ocrx_word' id='word_1_251' title='bbox 353 3914 511 3971; x_wconf 88' lang='lat' dir='ltr'><strong>initio</strong></span> <span class='ocrx_word' id='word_1_252' title='bbox 535 3914 816 3985; x_wconf 89' lang='lat' dir='ltr'><strong>sequentis</strong></span> <span class='ocrx_word' id='word_1_253' title='bbox 851 3911 1081 3969; x_wconf 67' lang='lat' dir='ltr'><strong>humilia:</strong></span> <span class='ocrx_word' id='word_1_254' title='bbox 1102 3912 1370 3967; x_wconf 92' lang='lat' dir='ltr'><strong>dicuntur.</strong></span> 
     </span>
    </p>
   </div>
   <div class='ocr_carea' id='block_1_38' title="bbox 427 4001 1936 4075">
    <p class='ocr_par' dir='ltr' id='par_1_38' title="bbox 427 4001 1936 4075">
     <span class='ocr_line' id='line_1_38' title="bbox 427 4001 1936 4075; baseline -0.004 -15"><span class='ocrx_word' id='word_1_255' title='bbox 427 4005 641 4061; x_wconf 88' lang='lat' dir='ltr'><strong>Etenim</strong></span> <span class='ocrx_word' id='word_1_256' title='bbox 667 4018 789 4060; x_wconf 89' lang='lat' dir='ltr'><strong>cum</strong></span> <span class='ocrx_word' id='word_1_257' title='bbox 834 4003 1458 4075; x_wconf 87' lang='lat' dir='ltr'><strong>Constantinopolitanos</strong></span> <span class='ocrx_word' id='word_1_258' title='bbox 1495 4003 1636 4068; x_wconf 88' lang='lat' dir='ltr'><strong>illos,</strong></span> <span class='ocrx_word' id='word_1_259' title='bbox 1678 4001 1769 4072; x_wconf 89' lang='lat' dir='ltr'><strong>qui</strong></span> <span class='ocrx_word' id='word_1_260' title='bbox 1803 4014 1936 4056; x_wconf 91' lang='lat' dir='ltr'><strong>con-</strong></span> 
     </span>
    </p>
   </div>
   <div class='ocr_carea' id='block_1_39' title="bbox 354 4092 1940 4165">
    <p class='ocr_par' dir='ltr' id='par_1_39' title="bbox 354 4092 1940 4165">
     <span class='ocr_line' id='line_1_39' title="bbox 354 4092 1940 4165; baseline -0.004 -13"><span class='ocrx_word' id='word_1_261' title='bbox 354 4094 603 4153; x_wconf 91' lang='lat' dir='ltr'><strong>cionibus</strong></span> <span class='ocrx_word' id='word_1_262' title='bbox 623 4094 734 4149; x_wconf 89' lang='lat' dir='ltr'><strong>suis</strong></span> <span class='ocrx_word' id='word_1_263' title='bbox 753 4094 943 4149; x_wconf 89' lang='lat' dir='ltr'><strong>adesse</strong></span> <span class='ocrx_word' id='word_1_264' title='bbox 973 4094 1243 4161; x_wconf 86' lang='lat' dir='ltr'><strong>solebant,</strong></span> <span class='ocrx_word' id='word_1_265' title='bbox 1264 4094 1579 4165; x_wconf 83' lang='lat' dir='ltr'><strong>gravissime</strong></span> <span class='ocrx_word' id='word_1_266' title='bbox 1608 4092 1940 4163; x_wconf 80' lang='lat' dir='ltr'><strong>pupugisset,</strong></span> 
     </span>
    </p>
   </div>
   <div class='ocr_carea' id='block_1_40' title="bbox 358 4185 1941 4257">
    <p class='ocr_par' dir='ltr' id='par_1_40' title="bbox 358 4185 1941 4257">
     <span class='ocr_line' id='line_1_40' title="bbox 358 4185 1941 4257; baseline -0.004 -14"><span class='ocrx_word' id='word_1_267' title='bbox 358 4187 597 4257; x_wconf 88' lang='lat' dir='ltr'><strong>ipsisque</strong></span> <span class='ocrx_word' id='word_1_268' title='bbox 622 4187 919 4241; x_wconf 88' lang='lat' dir='ltr'><strong>molestiam</strong></span> <span class='ocrx_word' id='word_1_269' title='bbox 947 4194 1183 4241; x_wconf 88' lang='lat' dir='ltr'><strong>creasset</strong></span> <span class='ocrx_word' id='word_1_270' title='bbox 1216 4187 1265 4239; x_wconf 92' lang='lat' dir='ltr'><strong>in</strong></span> <span class='ocrx_word' id='word_1_271' title='bbox 1293 4187 1378 4239; x_wconf 90' lang='lat' dir='ltr'><strong>illa</strong></span> <span class='ocrx_word' id='word_1_272' title='bbox 1400 4187 1679 4249; x_wconf 92' lang='lat' dir='ltr'><strong>concione,</strong></span> <span class='ocrx_word' id='word_1_273' title='bbox 1709 4200 1866 4256; x_wconf 84' lang='lat' dir='ltr'><strong>quam</strong></span> <span class='ocrx_word' id='word_1_274' title='bbox 1890 4185 1941 4237; x_wconf 92' lang='lat' dir='ltr'><strong>in</strong></span> 
     </span>
    </p>
   </div>
   <div class='ocr_carea' id='block_1_41' title="bbox 363 4274 1943 4344">
    <p class='ocr_par' dir='ltr' id='par_1_41' title="bbox 363 4274 1943 4344">
     <span class='ocr_line' id='line_1_41' title="bbox 363 4274 1943 4344; baseline -0.001 -13"><span class='ocrx_word' id='word_1_275' title='bbox 363 4277 635 4334; x_wconf 87' lang='lat' dir='ltr'><strong>Dominica</strong></span> <span class='ocrx_word' id='word_1_276' title='bbox 669 4276 1095 4331; x_wconf 85' lang='lat' dir='ltr'><strong>Resnrrectionis</strong></span> <span class='ocrx_word' id='word_1_277' title='bbox 1133 4275 1333 4331; x_wconf 87' lang='lat' dir='ltr'><strong>Christi</strong></span> <span class='ocrx_word' id='word_1_278' title='bbox 1373 4275 1660 4337; x_wconf 80' lang='lat' dir='ltr'><strong>habuerat,</strong></span> <span class='ocrx_word' id='word_1_279' title='bbox 1691 4292 1757 4330; x_wconf 85' lang='lat' dir='ltr'><strong>eo</strong></span> <span class='ocrx_word' id='word_1_280' title='bbox 1802 4274 1943 4344; x_wconf 89' lang='lat' dir='ltr'><strong>quod</strong></span> 
     </span>
    </p>
   </div>
   <div class='ocr_carea' id='block_1_42' title="bbox 360 4366 1944 4433">
    <p class='ocr_par' dir='ltr' id='par_1_42' title="bbox 360 4366 1944 4433">
     <span class='ocr_line' id='line_1_42' title="bbox 360 4366 1944 4433; baseline -0.002 -11"><span class='ocrx_word' id='word_1_281' title='bbox 360 4369 419 4422; x_wconf 89' lang='lat' dir='ltr'><strong>in</strong></span> <span class='ocrx_word' id='word_1_282' title='bbox 444 4368 532 4423; x_wconf 90' lang='lat' dir='ltr'><strong>die</strong></span> <span class='ocrx_word' id='word_1_283' title='bbox 558 4368 879 4423; x_wconf 87' lang='lat' dir='ltr'><strong>Parasccves</strong></span> <span class='ocrx_word' id='word_1_284' title='bbox 900 4368 965 4422; x_wconf 90' lang='lat' dir='ltr'><strong>ad</strong></span> <span class='ocrx_word' id='word_1_285' title='bbox 990 4368 1284 4433; x_wconf 89' lang='lat' dir='ltr'><strong>circenses,</strong></span> <span class='ocrx_word' id='word_1_286' title='bbox 1313 4375 1367 4421; x_wconf 90' lang='lat' dir='ltr'><strong>et</strong></span> <span class='ocrx_word' id='word_1_287' title='bbox 1394 4367 1445 4420; x_wconf 92' lang='lat' dir='ltr'><strong>in</strong></span> <span class='ocrx_word' id='word_1_288' title='bbox 1494 4366 1716 4420; x_wconf 88' lang='lat' dir='ltr'><strong>sabbato</strong></span> <span class='ocrx_word' id='word_1_289' title='bbox 1758 4376 1944 4419; x_wconf 91' lang='lat' dir='ltr'><strong>sancto</strong></span> 
     </span>
    </p>
   </div>
   <div class='ocr_carea' id='block_1_43' title="bbox 360 4457 1942 4524">
    <p class='ocr_par' dir='ltr' id='par_1_43' title="bbox 360 4457 1942 4524">
     <span class='ocr_line' id='line_1_43' title="bbox 360 4457 1942 4524; baseline -0.002 -11"><span class='ocrx_word' id='word_1_290' title='bbox 360 4460 430 4514; x_wconf 84' lang='lat' dir='ltr'><strong>ad</strong></span> <span class='ocrx_word' id='word_1_291' title='bbox 460 4461 747 4515; x_wconf 87' lang='lat' dir='ltr'><strong>theatrales</strong></span> <span class='ocrx_word' id='word_1_292' title='bbox 771 4460 924 4515; x_wconf 91' lang='lat' dir='ltr'><strong>ludos</strong></span> <span class='ocrx_word' id='word_1_293' title='bbox 946 4476 1005 4516; x_wconf 93' lang='lat' dir='ltr'><strong>se</strong></span> <span class='ocrx_word' id='word_1_294' title='bbox 1029 4461 1401 4524; x_wconf 87' lang='lat' dir='ltr'><strong>contulissent,</strong></span> <span class='ocrx_word' id='word_1_295' title='bbox 1432 4460 1539 4513; x_wconf 90' lang='lat' dir='ltr'><strong>imo</strong></span> <span class='ocrx_word' id='word_1_296' title='bbox 1576 4457 1942 4513; x_wconf 78' lang='lat' dir='ltr'><strong>excommuni-</strong></span> 
     </span>
    </p>
   </div>
   <div class='ocr_carea' id='block_1_44' title="bbox 362 4549 1944 4609">
    <p class='ocr_par' dir='ltr' id='par_1_44' title="bbox 362 4549 1944 4609">
     <span class='ocr_line' id='line_1_44' title="bbox 362 4549 1944 4609; baseline -0.001 -3"><span class='ocrx_word' id='word_1_297' title='bbox 362 4552 592 4607; x_wconf 86' lang='lat' dir='ltr'><strong>cationis</strong></span> <span class='ocrx_word' id='word_1_298' title='bbox 626 4554 947 4608; x_wconf 90' lang='lat' dir='ltr'><strong>sententiam</strong></span> <span class='ocrx_word' id='word_1_299' title='bbox 983 4553 1174 4609; x_wconf 90' lang='lat' dir='ltr'><strong>saltem</strong></span> <span class='ocrx_word' id='word_1_300' title='bbox 1210 4552 1673 4608; x_wconf 88' lang='lat' dir='ltr'><strong>comminatoriam</strong></span> <span class='ocrx_word' id='word_1_301' title='bbox 1720 4550 1773 4604; x_wconf 92' lang='lat' dir='ltr'><strong>in</strong></span> <span class='ocrx_word' id='word_1_302' title='bbox 1823 4549 1944 4604; x_wconf 91' lang='lat' dir='ltr'><strong>illos</strong></span> 
     </span>
    </p>
   </div>
   <div class='ocr_carea' id='block_1_45' title="bbox 364 4642 1945 4715">
    <p class='ocr_par' dir='ltr' id='par_1_45' title="bbox 364 4642 1945 4715">
     <span class='ocr_line' id='line_1_45' title="bbox 364 4642 1945 4715; baseline -0.001 -18"><span class='ocrx_word' id='word_1_303' title='bbox 364 4642 707 4714; x_wconf 86' lang='lat' dir='ltr'><strong>protulisset;</strong></span> <span class='ocrx_word' id='word_1_304' title='bbox 738 4643 815 4698; x_wconf 90' lang='lat' dir='ltr'><strong>illi</strong></span> <span class='ocrx_word' id='word_1_305' title='bbox 846 4653 1024 4701; x_wconf 90' lang='lat' dir='ltr'><strong>tamen</strong></span> <span class='ocrx_word' id='word_1_306' title='bbox 1072 4655 1279 4715; x_wconf 86' lang='lat' dir='ltr'><strong>postea,</strong></span> <span class='ocrx_word' id='word_1_307' title='bbox 1318 4660 1379 4700; x_wconf 90' lang='lat' dir='ltr'><strong>re</strong></span> <span class='ocrx_word' id='word_1_308' title='bbox 1417 4658 1597 4700; x_wconf 90' lang='lat' dir='ltr'><strong>secum</strong></span> <span class='ocrx_word' id='word_1_309' title='bbox 1637 4644 1776 4699; x_wconf 89' lang='lat' dir='ltr'><strong>serio</strong></span> <span class='ocrx_word' id='word_1_310' title='bbox 1820 4657 1945 4713; x_wconf 89' lang='lat' dir='ltr'><strong>per-</strong></span> 
     </span>
    </p>
   </div>
   <div class='ocr_carea' id='block_1_46' title="bbox 366 4735 1949 4807">
    <p class='ocr_par' dir='ltr' id='par_1_46' title="bbox 366 4735 1949 4807">
     <span class='ocr_line' id='line_1_46' title="bbox 366 4735 1949 4807; baseline 0.001 -18"><span class='ocrx_word' id='word_1_311' title='bbox 366 4750 554 4805; x_wconf 87' lang='lat' dir='ltr'><strong>pensa,</strong></span> <span class='ocrx_word' id='word_1_312' title='bbox 586 4750 691 4788; x_wconf 92' lang='lat' dir='ltr'><strong>non</strong></span> <span class='ocrx_word' id='word_1_313' title='bbox 719 4735 832 4789; x_wconf 89' lang='lat' dir='ltr'><strong>sine</strong></span> <span class='ocrx_word' id='word_1_314' title='bbox 858 4750 1017 4791; x_wconf 89' lang='lat' dir='ltr'><strong>causa</strong></span> <span class='ocrx_word' id='word_1_315' title='bbox 1045 4752 1105 4791; x_wconf 90' lang='lat' dir='ltr'><strong>se</strong></span> <span class='ocrx_word' id='word_1_316' title='bbox 1135 4739 1329 4791; x_wconf 90' lang='lat' dir='ltr'><strong>acriter</strong></span> <span class='ocrx_word' id='word_1_317' title='bbox 1350 4738 1622 4807; x_wconf 91' lang='lat' dir='ltr'><strong>impetitos</strong></span> <span class='ocrx_word' id='word_1_318' title='bbox 1663 4736 1824 4790; x_wconf 89' lang='lat' dir='ltr'><strong>fuisse</strong></span> <span class='ocrx_word' id='word_1_319' title='bbox 1867 4736 1949 4790; x_wconf 90' lang='lat' dir='ltr'><strong>vi-</strong></span> 
     </span>
    </p>
   </div>
   <div class='ocr_carea' id='block_1_47' title="bbox 367 4825 1951 4897">
    <p class='ocr_par' dir='ltr' id='par_1_47' title="bbox 367 4825 1951 4897">
     <span class='ocr_line' id='line_1_47' title="bbox 367 4825 1951 4897; baseline -0.002 -13"><span class='ocrx_word' id='word_1_320' title='bbox 367 4828 576 4894; x_wconf 88' lang='lat' dir='ltr'><strong>dentes,</strong></span> <span class='ocrx_word' id='word_1_321' title='bbox 606 4834 661 4881; x_wconf 90' lang='lat' dir='ltr'><strong>et</strong></span> <span class='ocrx_word' id='word_1_322' title='bbox 681 4825 829 4895; x_wconf 91' lang='lat' dir='ltr'><strong>plura</strong></span> <span class='ocrx_word' id='word_1_323' title='bbox 878 4826 959 4880; x_wconf 89' lang='lat' dir='ltr'><strong>bis</strong></span> <span class='ocrx_word' id='word_1_324' title='bbox 996 4825 1065 4882; x_wconf 90' lang='lat' dir='ltr'><strong>de</strong></span> <span class='ocrx_word' id='word_1_325' title='bbox 1110 4826 1271 4882; x_wconf 87' lang='lat' dir='ltr'><strong>rebus</strong></span> <span class='ocrx_word' id='word_1_326' title='bbox 1315 4828 1501 4883; x_wconf 92' lang='lat' dir='ltr'><strong>audire</strong></span> <span class='ocrx_word' id='word_1_327' title='bbox 1543 4828 1842 4897; x_wconf 89' lang='lat' dir='ltr'><strong>cupientes,</strong></span> <span class='ocrx_word' id='word_1_328' title='bbox 1885 4827 1951 4881; x_wconf 89' lang='lat' dir='ltr'><strong>ad</strong></span> 
     </span>
    </p>
   </div>
   <div class='ocr_carea' id='block_1_48' title="bbox 372 4917 1951 4992">
    <p class='ocr_par' dir='ltr' id='par_1_48' title="bbox 372 4917 1951 4992">
     <span class='ocr_line' id='line_1_48' title="bbox 372 4917 1951 4992; baseline -0.004 -15"><span class='ocrx_word' id='word_1_329' title='bbox 372 4935 615 4992; x_wconf 85' lang='lat' dir='ltr'><strong>magnam</strong></span> <span class='ocrx_word' id='word_1_330' title='bbox 644 4918 942 4983; x_wconf 87' lang='lat' dir='ltr'><strong>ecclesiam,</strong></span> <span class='ocrx_word' id='word_1_331' title='bbox 992 4926 1051 4971; x_wconf 91' lang='lat' dir='ltr'><strong>ut</strong></span> <span class='ocrx_word' id='word_1_332' title='bbox 1084 4917 1324 4971; x_wconf 91' lang='lat' dir='ltr'><strong>concioni</strong></span> <span class='ocrx_word' id='word_1_333' title='bbox 1369 4917 1704 4983; x_wconf 87' lang='lat' dir='ltr'><strong>interforent,</strong></span> <span class='ocrx_word' id='word_1_334' title='bbox 1754 4919 1951 4988; x_wconf 79' lang='lat' dir='ltr'><strong>ingenti</strong></span> 
     </span>
    </p>
   </div>
   <div class='ocr_carea' id='block_1_49' title="bbox 373 5009 1948 5075">
    <p class='ocr_par' dir='ltr' id='par_1_49' title="bbox 373 5009 1948 5075">
     <span class='ocr_line' id='line_1_49' title="bbox 373 5009 1948 5075; baseline -0.004 -4"><span class='ocrx_word' id='word_1_335' title='bbox 373 5028 598 5071; x_wconf 91' lang='lat' dir='ltr'><strong>numero</strong></span> <span class='ocrx_word' id='word_1_336' title='bbox 647 5026 704 5068; x_wconf 89' lang='lat' dir='ltr'><strong>se</strong></span> <span class='ocrx_word' id='word_1_337' title='bbox 756 5011 1051 5065; x_wconf 88' lang='lat' dir='ltr'><strong>contulere.</strong></span> <span class='ocrx_word' id='word_1_338' title='bbox 1098 5009 1293 5064; x_wconf 79' lang='lat' dir='ltr'><strong>Verum</strong></span> <span class='ocrx_word' id='word_1_339' title='bbox 1349 5009 1541 5065; x_wconf 91' lang='lat' dir='ltr'><strong>accidit</strong></span> <span class='ocrx_word' id='word_1_340' title='bbox 1595 5021 1652 5064; x_wconf 92' lang='lat' dir='ltr'><strong>ut</strong></span> <span class='ocrx_word' id='word_1_341' title='bbox 1698 5011 1792 5065; x_wconf 89' lang='lat' dir='ltr'><strong>illo</strong></span> <span class='ocrx_word' id='word_1_342' title='bbox 1841 5010 1948 5075; x_wconf 90' lang='lat' dir='ltr'><strong>die,</strong></span> 
     </span>
    </p>
   </div>
   <div class='ocr_carea' id='block_1_50' title="bbox 374 5098 1955 5174">
    <p class='ocr_par' dir='ltr' id='par_1_50' title="bbox 374 5098 1955 5174">
     <span class='ocr_line' id='line_1_50' title="bbox 374 5098 1955 5174; baseline -0.004 -15"><span class='ocrx_word' id='word_1_343' title='bbox 374 5120 569 5174; x_wconf 85' lang='lat' dir='ltr'><strong>nempe</strong></span> <span class='ocrx_word' id='word_1_344' title='bbox 594 5100 860 5158; x_wconf 90' lang='lat' dir='ltr'><strong>Dominica</strong></span> <span class='ocrx_word' id='word_1_345' title='bbox 886 5109 1003 5170; x_wconf 92' lang='lat' dir='ltr'><strong>post</strong></span> <span class='ocrx_word' id='word_1_346' title='bbox 1031 5099 1255 5166; x_wconf 85' lang='lat' dir='ltr'><strong>Pascha,</strong></span> <span class='ocrx_word' id='word_1_347' title='bbox 1286 5098 1500 5170; x_wconf 84' lang='lat' dir='ltr'><strong>quidam</strong></span> <span class='ocrx_word' id='word_1_348' title='bbox 1529 5099 1741 5154; x_wconf 87' lang='lat' dir='ltr'><strong>adesset</strong></span> <span class='ocrx_word' id='word_1_349' title='bbox 1763 5115 1828 5153; x_wconf 77' lang='lat' dir='ltr'><strong>ex</strong></span> <span class='ocrx_word' id='word_1_350' title='bbox 1850 5099 1955 5154; x_wconf 89' lang='lat' dir='ltr'><strong>Ca-</strong></span> 
     </span>
    </p>
   </div>
   <div class='ocr_carea' id='block_1_51' title="bbox 376 5192 1953 5267">
    <p class='ocr_par' dir='ltr' id='par_1_51' title="bbox 376 5192 1953 5267">
     <span class='ocr_line' id='line_1_51' title="bbox 376 5192 1953 5267; baseline -0.003 -18"><span class='ocrx_word' id='word_1_351' title='bbox 376 5196 500 5250; x_wconf 89' lang='lat' dir='ltr'><strong>latia</strong></span> <span class='ocrx_word' id='word_1_352' title='bbox 532 5195 830 5267; x_wconf 86' lang='lat' dir='ltr'><strong>episcopus,</strong></span> <span class='ocrx_word' id='word_1_353' title='bbox 860 5192 941 5246; x_wconf 89' lang='lat' dir='ltr'><strong>vir</strong></span> <span class='ocrx_word' id='word_1_354' title='bbox 968 5200 1079 5245; x_wconf 90' lang='lat' dir='ltr'><strong>tum</strong></span> <span class='ocrx_word' id='word_1_355' title='bbox 1099 5206 1164 5246; x_wconf 83' lang='lat' dir='ltr'><strong>ex</strong></span> <span class='ocrx_word' id='word_1_356' title='bbox 1201 5202 1493 5255; x_wconf 88' lang='lat' dir='ltr'><strong>senectute,</strong></span> <span class='ocrx_word' id='word_1_357' title='bbox 1528 5203 1636 5247; x_wconf 92' lang='lat' dir='ltr'><strong>tum</strong></span> <span class='ocrx_word' id='word_1_358' title='bbox 1681 5206 1746 5247; x_wconf 80' lang='lat' dir='ltr'><strong>ex</strong></span> <span class='ocrx_word' id='word_1_359' title='bbox 1790 5192 1953 5246; x_wconf 90' lang='lat' dir='ltr'><strong>animi</strong></span> 
     </span>
    </p>
   </div>
   <div class='ocr_carea' id='block_1_52' title="bbox 373 5281 1958 5354">
    <p class='ocr_par' dir='ltr' id='par_1_52' title="bbox 373 5281 1958 5354">
     <span class='ocr_line' id='line_1_52' title="bbox 373 5281 1958 5354; baseline -0.002 -15"><span class='ocrx_word' id='word_1_360' title='bbox 373 5285 588 5342; x_wconf 91' lang='lat' dir='ltr'><strong>dotibus</strong></span> <span class='ocrx_word' id='word_1_361' title='bbox 625 5281 975 5346; x_wconf 88' lang='lat' dir='ltr'><strong>venerandus,</strong></span> <span class='ocrx_word' id='word_1_362' title='bbox 1006 5282 1091 5337; x_wconf 89' lang='lat' dir='ltr'><strong>cui</strong></span> <span class='ocrx_word' id='word_1_363' title='bbox 1122 5283 1472 5339; x_wconf 90' lang='lat' dir='ltr'><strong>concionandi</strong></span> <span class='ocrx_word' id='word_1_364' title='bbox 1528 5286 1695 5339; x_wconf 83' lang='lat' dir='ltr'><strong>vicem</strong></span> <span class='ocrx_word' id='word_1_365' title='bbox 1722 5282 1958 5354; x_wconf 87' lang='lat' dir='ltr'><strong>Chryso-</strong></span> 
     </span>
    </p>
   </div>
   <div class='ocr_carea' id='block_1_53' title="bbox 374 5373 1955 5446">
    <p class='ocr_par' dir='ltr' id='par_1_53' title="bbox 374 5373 1955 5446">
     <span class='ocr_line' id='line_1_53' title="bbox 374 5373 1955 5446; baseline 0.003 -17"><span class='ocrx_word' id='word_1_366' title='bbox 374 5385 581 5432; x_wconf 87' lang='lat' dir='ltr'><strong>stomus</strong></span> <span class='ocrx_word' id='word_1_367' title='bbox 604 5379 786 5434; x_wconf 89' lang='lat' dir='ltr'><strong>cessit.</strong></span> <span class='ocrx_word' id='word_1_368' title='bbox 815 5373 964 5444; x_wconf 84' lang='lat' dir='ltr'><strong>Quod</strong></span> <span class='ocrx_word' id='word_1_369' title='bbox 1002 5373 1272 5428; x_wconf 85' lang='lat' dir='ltr'><strong>auditores</strong></span> <span class='ocrx_word' id='word_1_370' title='bbox 1298 5375 1371 5429; x_wconf 92' lang='lat' dir='ltr'><strong>illi</strong></span> <span class='ocrx_word' id='word_1_371' title='bbox 1420 5376 1699 5446; x_wconf 54' lang='lat' dir='ltr'><strong>aegerrime</strong></span> <span class='ocrx_word' id='word_1_372' title='bbox 1747 5374 1955 5433; x_wconf 85' lang='lat' dir='ltr'><strong>tulere:</strong></span> 
     </span>
    </p>
   </div>
   <div class='ocr_carea' id='block_1_54' title="bbox 374 5464 1962 5539">
    <p class='ocr_par' dir='ltr' id='par_1_54' title="bbox 374 5464 1962 5539">
     <span class='ocr_line' id='line_1_54' title="bbox 374 5464 1962 5539; baseline 0.003 -22"><span class='ocrx_word' id='word_1_373' title='bbox 374 5479 587 5521; x_wconf 86' lang='lat' dir='ltr'><strong>summo</strong></span> <span class='ocrx_word' id='word_1_374' title='bbox 612 5470 755 5524; x_wconf 91' lang='lat' dir='ltr'><strong>enim</strong></span> <span class='ocrx_word' id='word_1_375' title='bbox 776 5466 1136 5539; x_wconf 85' lang='lat' dir='ltr'><strong>Chrysostomi</strong></span> <span class='ocrx_word' id='word_1_376' title='bbox 1180 5479 1239 5518; x_wconf 90' lang='lat' dir='ltr'><strong>se</strong></span> <span class='ocrx_word' id='word_1_377' title='bbox 1283 5464 1474 5520; x_wconf 88' lang='lat' dir='ltr'><strong>iterum</strong></span> <span class='ocrx_word' id='word_1_378' title='bbox 1519 5468 1806 5538; x_wconf 87' lang='lat' dir='ltr'><strong>carpentis,</strong></span> <span class='ocrx_word' id='word_1_379' title='bbox 1854 5466 1962 5521; x_wconf 89' lang='lat' dir='ltr'><strong>imo</strong></span> 
     </span>
    </p>
   </div>
   <div class='ocr_carea' id='block_1_55' title="bbox 377 5556 1963 5631">
    <p class='ocr_par' dir='ltr' id='par_1_55' title="bbox 377 5556 1963 5631">
     <span class='ocr_line' id='line_1_55' title="bbox 377 5556 1963 5631; baseline 0.004 -24"><span class='ocrx_word' id='word_1_380' title='bbox 377 5558 629 5622; x_wconf 88' lang='lat' dir='ltr'><strong>secantis,</strong></span> <span class='ocrx_word' id='word_1_381' title='bbox 663 5568 723 5614; x_wconf 92' lang='lat' dir='ltr'><strong>ut</strong></span> <span class='ocrx_word' id='word_1_382' title='bbox 758 5562 871 5631; x_wconf 90' lang='lat' dir='ltr'><strong>ipse</strong></span> <span class='ocrx_word' id='word_1_383' title='bbox 899 5560 972 5615; x_wconf 87' lang='lat' dir='ltr'><strong>ait</strong></span> <span class='ocrx_word' id='word_1_384' title='bbox 998 5556 1212 5624; x_wconf 91' lang='lat' dir='ltr'><strong>ibidem,</strong></span> <span class='ocrx_word' id='word_1_385' title='bbox 1239 5556 1488 5612; x_wconf 90' lang='lat' dir='ltr'><strong>audiendi</strong></span> <span class='ocrx_word' id='word_1_386' title='bbox 1514 5560 1783 5616; x_wconf 90' lang='lat' dir='ltr'><strong>desiderio</strong></span> <span class='ocrx_word' id='word_1_387' title='bbox 1814 5568 1963 5615; x_wconf 90' lang='lat' dir='ltr'><strong>tene-</strong></span> 
     </span>
    </p>
   </div>
   <div class='ocr_carea' id='block_1_56' title="bbox 380 5649 595 5701">
    <p class='ocr_par' dir='ltr' id='par_1_56' title="bbox 380 5649 595 5701">
     <span class='ocr_line' id='line_1_56' title="bbox 380 5649 595 5701; baseline -0.009 0"><span class='ocrx_word' id='word_1_388' title='bbox 380 5649 595 5701; x_wconf 89' lang='lat' dir='ltr'><strong>bantur.</strong></span> 
     </span>
    </p>
   </div>
   <div class='ocr_carea' id='block_1_57' title="bbox 450 5737 1965 5815">
    <p class='ocr_par' dir='ltr' id='par_1_57' title="bbox 450 5737 1965 5815">
     <span class='ocr_line' id='line_1_57' title="bbox 450 5737 1965 5815; baseline 0.006 -24"><span class='ocrx_word' id='word_1_389' title='bbox 450 5737 786 5808; x_wconf 67' lang='lat' dir='ltr'><strong>Quapropter</strong></span> <span class='ocrx_word' id='word_1_390' title='bbox 816 5746 906 5801; x_wconf 90' lang='lat' dir='ltr'><strong>ille</strong></span> <span class='ocrx_word' id='word_1_391' title='bbox 938 5746 1207 5801; x_wconf 86' lang='lat' dir='ltr'><strong>Dominica</strong></span> <span class='ocrx_word' id='word_1_392' title='bbox 1232 5742 1313 5815; x_wconf 88' lang='grc' dir='ltr'><strong>(.</strong></span> <span class='ocrx_word' id='word_1_393' title='bbox 1344 5741 1431 5797; x_wconf 72' lang='grc'><strong>12.</strong></span> <span class='ocrx_word' id='word_1_394' title='bbox 1472 5760 1515 5795; x_wconf 89' lang='lat' dir='ltr'><strong>c.</strong></span> <span class='ocrx_word' id='word_1_395' title='bbox 1554 5742 1713 5812; x_wconf 78' lang='lat' dir='ltr'><strong>5l7),</strong></span> <span class='ocrx_word' id='word_1_396' title='bbox 1744 5754 1801 5799; x_wconf 90' lang='lat' dir='ltr'><strong>ut</strong></span> <span class='ocrx_word' id='word_1_397' title='bbox 1843 5758 1965 5800; x_wconf 83' lang='lat' dir='ltr'><strong>cre-</strong></span> 
     </span>
    </p>
   </div>
   <div class='ocr_carea' id='block_1_58' title="bbox 384 5832 1967 5905">
    <p class='ocr_par' dir='ltr' id='par_1_58' title="bbox 384 5832 1967 5905">
     <span class='ocr_line' id='line_1_58' title="bbox 384 5832 1967 5905; baseline 0.006 -22"><span class='ocrx_word' id='word_1_398' title='bbox 384 5832 511 5885; x_wconf 86' lang='lat' dir='ltr'><strong>dere</strong></span> <span class='ocrx_word' id='word_1_399' title='bbox 542 5843 640 5891; x_wconf 80' lang='lat' dir='ltr'><strong>est,</strong></span> <span class='ocrx_word' id='word_1_400' title='bbox 673 5841 938 5899; x_wconf 75' lang='lat' dir='ltr'><strong>sequenti,</strong></span> <span class='ocrx_word' id='word_1_401' title='bbox 968 5841 1200 5895; x_wconf 88' lang='lat' dir='ltr'><strong>secunda</strong></span> <span class='ocrx_word' id='word_1_402' title='bbox 1237 5838 1479 5893; x_wconf 76' lang='lat' dir='ltr'><strong>videlicet</strong></span> <span class='ocrx_word' id='word_1_403' title='bbox 1506 5845 1623 5905; x_wconf 88' lang='lat' dir='ltr'><strong>post</strong></span> <span class='ocrx_word' id='word_1_404' title='bbox 1653 5835 1879 5905; x_wconf 77' lang='lat' dir='ltr'><strong>Pascha,</strong></span> <span class='ocrx_word' id='word_1_405' title='bbox 1913 5838 1967 5894; x_wconf 89' lang='lat' dir='ltr'><strong>in</strong></span> 
     </span>
    </p>
   </div>
   <div class='ocr_carea' id='block_1_59' title="bbox 384 5924 1968 5994">
    <p class='ocr_par' dir='ltr' id='par_1_59' title="bbox 384 5924 1968 5994">
     <span class='ocr_line' id='line_1_59' title="bbox 384 5924 1968 5994; baseline 0.001 -13"><span class='ocrx_word' id='word_1_406' title='bbox 384 5926 603 5982; x_wconf 62' lang='lat' dir='ltr'><strong>ecclesia</strong></span> <span class='ocrx_word' id='word_1_407' title='bbox 649 5924 830 5993; x_wconf 64' lang='lat' dir='ltr'><strong>Magna</strong></span> <span class='ocrx_word' id='word_1_408' title='bbox 871 5934 1182 5986; x_wconf 72' lang='lat' dir='ltr'><strong>C(nCittttcm</strong></span> <span class='ocrx_word' id='word_1_409' title='bbox 1212 5933 1349 5988; x_wconf 84' lang='lat' dir='ltr'><strong>hanc</strong></span> <span class='ocrx_word' id='word_1_410' title='bbox 1380 5930 1599 5994; x_wconf 88' lang='lat' dir='ltr'><strong>habuit,</strong></span> <span class='ocrx_word' id='word_1_411' title='bbox 1646 5929 1731 5982; x_wconf 88' lang='lat' dir='ltr'><strong>ubi</strong></span> <span class='ocrx_word' id='word_1_412' title='bbox 1788 5931 1968 5986; x_wconf 88' lang='lat' dir='ltr'><strong>statim</strong></span> 
     </span>
    </p>
   </div>
   <div class='ocr_carea' id='block_1_60' title="bbox 387 6020 1966 6100">
    <p class='ocr_par' dir='ltr' id='par_1_60' title="bbox 387 6020 1966 6100">
     <span class='ocr_line' id='line_1_60' title="bbox 387 6020 1966 6100; baseline -0.002 -21"><span class='ocrx_word' id='word_1_413' title='bbox 387 6020 710 6079; x_wconf 76' lang='lat' dir='ltr'><strong>auditoribus</strong></span> <span class='ocrx_word' id='word_1_414' title='bbox 731 6020 1040 6090; x_wconf 85' lang='lat' dir='ltr'><strong>gratulatur,</strong></span> <span class='ocrx_word' id='word_1_415' title='bbox 1075 6028 1217 6097; x_wconf 88' lang='lat' dir='ltr'><strong>quod</strong></span> <span class='ocrx_word' id='word_1_416' title='bbox 1249 6029 1370 6085; x_wconf 90' lang='lat' dir='ltr'><strong>licet</strong></span> <span class='ocrx_word' id='word_1_417' title='bbox 1401 6038 1505 6083; x_wconf 91' lang='lat' dir='ltr'><strong>tam</strong></span> <span class='ocrx_word' id='word_1_418' title='bbox 1538 6024 1766 6100; x_wconf 83' lang='lat' dir='ltr'><strong>graviter</strong></span> <span class='ocrx_word' id='word_1_419' title='bbox 1804 6037 1966 6077; x_wconf 81' lang='lat' dir='ltr'><strong>exce-</strong></span> 
     </span>
    </p>
   </div>
   <div class='ocr_carea' id='block_1_61' title="bbox 1472 592 2394 659">
    <p class='ocr_par' dir='ltr' id='par_1_61' title="bbox 1472 592 2394 659">
     <span class='ocr_line' id='line_1_61' title="bbox 1472 592 2394 659; baseline -0.016 0"><span class='ocrx_word' id='word_1_420' title='bbox 1472 602 1653 659; x_wconf 71' lang='grc' dir='ltr'><strong>]</strong></span> <span class='ocrx_word' id='word_1_421' title='bbox 1693 597 1956 654; x_wconf 60' lang='grc' dir='ltr'><strong></strong></span> <span class='ocrx_word' id='word_1_422' title='bbox 1998 592 2394 651; x_wconf 75' lang='lat' dir='ltr'><strong>ADORNATA.</strong></span> 
     </span>
    </p>
   </div>
   <div class='ocr_carea' id='block_1_62' title="bbox 3479 572 3579 630">
    <p class='ocr_par' dir='ltr' id='par_1_62' title="bbox 3479 572 3579 630">
     <span class='ocr_line' id='line_1_62' title="bbox 3479 572 3579 630; baseline -0.02 0"><span class='ocrx_word' id='word_1_423' title='bbox 3479 572 3579 630; x_wconf 57' lang='lat' dir='ltr'><strong>{7t</strong></span> 
     </span>
    </p>
   </div>
   <div class='ocr_carea' id='block_1_63' title="bbox 1999 688 3584 780">
    <p class='ocr_par' dir='ltr' id='par_1_63' title="bbox 1999 688 3584 780">
     <span class='ocr_line' id='line_1_63' title="bbox 1999 688 3584 780; baseline -0.014 -16"><span class='ocrx_word' id='word_1_424' title='bbox 1999 710 2077 780; x_wconf 90' lang='lat' dir='ltr'><strong>pti</strong></span> <span class='ocrx_word' id='word_1_425' title='bbox 2116 709 2167 764; x_wconf 92' lang='lat' dir='ltr'><strong>iu</strong></span> <span class='ocrx_word' id='word_1_426' title='bbox 2207 705 2463 762; x_wconf 91' lang='lat' dir='ltr'><strong>concione</strong></span> <span class='ocrx_word' id='word_1_427' title='bbox 2509 701 2597 757; x_wconf 86' lang='lat' dir='ltr'><strong>illa</strong></span> <span class='ocrx_word' id='word_1_428' title='bbox 2641 697 2929 754; x_wconf 62' lang='lat' dir='ltr'><strong>Dominica!</strong></span> <span class='ocrx_word' id='word_1_429' title='bbox 2974 691 3420 759; x_wconf 80' lang='lat' dir='ltr'><strong>Resurrectionis,</strong></span> <span class='ocrx_word' id='word_1_430' title='bbox 3448 688 3584 745; x_wconf 85' lang='lat' dir='ltr'><strong>adeo</strong></span> 
     </span>
    </p>
   </div>
   <div class='ocr_carea' id='block_1_64' title="bbox 1999 783 3585 859">
    <p class='ocr_par' dir='ltr' id='par_1_64' title="bbox 1999 783 3585 859">
     <span class='ocr_line' id='line_1_64' title="bbox 1999 783 3585 859; baseline -0.012 -4"><span class='ocrx_word' id='word_1_431' title='bbox 1999 802 2266 857; x_wconf 81' lang='lat' dir='ltr'><strong>ferventer</strong></span> <span class='ocrx_word' id='word_1_432' title='bbox 2294 808 2348 853; x_wconf 91' lang='lat' dir='ltr'><strong>et</strong></span> <span class='ocrx_word' id='word_1_433' title='bbox 2380 806 2523 851; x_wconf 88' lang='lat' dir='ltr'><strong>tanto</strong></span> <span class='ocrx_word' id='word_1_434' title='bbox 2545 806 2767 849; x_wconf 92' lang='lat' dir='ltr'><strong>numero</strong></span> <span class='ocrx_word' id='word_1_435' title='bbox 2806 792 2998 846; x_wconf 90' lang='lat' dir='ltr'><strong>iterum</strong></span> <span class='ocrx_word' id='word_1_436' title='bbox 3042 793 3404 859; x_wconf 86' lang='lat' dir='ltr'><strong>compareant.</strong></span> <span class='ocrx_word' id='word_1_437' title='bbox 3451 783 3585 837; x_wconf 85' lang='lat' dir='ltr'><strong>Tum</strong></span> 
     </span>
    </p>
   </div>
   <div class='ocr_carea' id='block_1_65' title="bbox 2000 880 3589 959">
    <p class='ocr_par' dir='ltr' id='par_1_65' title="bbox 2000 880 3589 959">
     <span class='ocr_line' id='line_1_65' title="bbox 2000 880 3589 959; baseline -0.012 -10"><span class='ocrx_word' id='word_1_438' title='bbox 2000 908 2118 949; x_wconf 91' lang='lat' dir='ltr'><strong>sese</strong></span> <span class='ocrx_word' id='word_1_439' title='bbox 2170 899 2409 953; x_wconf 81' lang='lat' dir='ltr'><strong>excusat,</strong></span> <span class='ocrx_word' id='word_1_440' title='bbox 2466 887 2608 959; x_wconf 91' lang='lat' dir='ltr'><strong>quod</strong></span> <span class='ocrx_word' id='word_1_441' title='bbox 2649 885 2921 941; x_wconf 89' lang='lat' dir='ltr'><strong>Dominica</strong></span> <span class='ocrx_word' id='word_1_442' title='bbox 2966 881 3281 953; x_wconf 62' lang='lat' dir='ltr'><strong>praecedenti</strong></span> <span class='ocrx_word' id='word_1_443' title='bbox 3336 880 3589 947; x_wconf 89' lang='lat' dir='ltr'><strong>episcopo</strong></span> 
     </span>
    </p>
   </div>
   <div class='ocr_carea' id='block_1_66' title="bbox 2001 970 3593 1039">
    <p class='ocr_par' dir='ltr' id='par_1_66' title="bbox 2001 970 3593 1039">
     <span class='ocr_line' id='line_1_66' title="bbox 2001 970 3593 1039; baseline -0.011 0"><span class='ocrx_word' id='word_1_444' title='bbox 2001 984 2220 1039; x_wconf 72' lang='lat' dir='ltr'><strong>Calatiae</strong></span> <span class='ocrx_word' id='word_1_445' title='bbox 2249 980 2445 1037; x_wconf 89' lang='lat' dir='ltr'><strong>seniori</strong></span> <span class='ocrx_word' id='word_1_446' title='bbox 2472 976 2821 1034; x_wconf 87' lang='lat' dir='ltr'><strong>concionandi</strong></span> <span class='ocrx_word' id='word_1_447' title='bbox 2849 975 3023 1029; x_wconf 89' lang='lat' dir='ltr'><strong>locum</strong></span> <span class='ocrx_word' id='word_1_448' title='bbox 3041 970 3273 1033; x_wconf 84' lang='lat' dir='ltr'><strong>dederit;</strong></span> <span class='ocrx_word' id='word_1_449' title='bbox 3294 970 3593 1037; x_wconf 87' lang='lat' dir='ltr'><strong>iterumque</strong></span> 
     </span>
    </p>
   </div>
   <div class='ocr_carea' id='block_1_67' title="bbox 2002 1058 3595 1133">
    <p class='ocr_par' dir='ltr' id='par_1_67' title="bbox 2002 1058 3595 1133">
     <span class='ocr_line' id='line_1_67' title="bbox 2002 1058 3595 1133; baseline -0.012 -2"><span class='ocrx_word' id='word_1_450' title='bbox 2002 1084 2187 1131; x_wconf 89' lang='lat' dir='ltr'><strong>contra</strong></span> <span class='ocrx_word' id='word_1_451' title='bbox 2218 1073 2487 1128; x_wconf 89' lang='lat' dir='ltr'><strong>circenses</strong></span> <span class='ocrx_word' id='word_1_452' title='bbox 2518 1069 2690 1133; x_wconf 91' lang='lat' dir='ltr'><strong>ludos,</strong></span> <span class='ocrx_word' id='word_1_453' title='bbox 2721 1066 2814 1122; x_wconf 90' lang='lat' dir='ltr'><strong>sed</strong></span> <span class='ocrx_word' id='word_1_454' title='bbox 2842 1066 3023 1119; x_wconf 89' lang='lat' dir='ltr'><strong>mitius</strong></span> <span class='ocrx_word' id='word_1_455' title='bbox 3051 1060 3481 1129; x_wconf 89' lang='lat' dir='ltr'><strong>moderatiusque</strong></span> <span class='ocrx_word' id='word_1_456' title='bbox 3509 1058 3595 1113; x_wconf 77' lang='lat' dir='ltr'><strong>lo-</strong></span> 
     </span>
    </p>
   </div>
   <div class='ocr_carea' id='block_1_68' title="bbox 2004 1151 3596 1241">
    <p class='ocr_par' dir='ltr' id='par_1_68' title="bbox 2004 1151 3596 1241">
     <span class='ocr_line' id='line_1_68' title="bbox 2004 1151 3596 1241; baseline -0.013 -18"><span class='ocrx_word' id='word_1_457' title='bbox 2004 1172 2215 1241; x_wconf 86' lang='lat' dir='ltr'><strong>quitur;</strong></span> <span class='ocrx_word' id='word_1_458' title='bbox 2246 1179 2463 1234; x_wconf 89' lang='lat' dir='ltr'><strong>remque</strong></span> <span class='ocrx_word' id='word_1_459' title='bbox 2491 1163 2655 1232; x_wconf 90' lang='lat' dir='ltr'><strong>tangit</strong></span> <span class='ocrx_word' id='word_1_460' title='bbox 2681 1159 2900 1215; x_wconf 89' lang='lat' dir='ltr'><strong>omnino</strong></span> <span class='ocrx_word' id='word_1_461' title='bbox 2931 1151 3311 1226; x_wconf 89' lang='lat' dir='ltr'><strong>deplorandam</strong></span> <span class='ocrx_word' id='word_1_462' title='bbox 3338 1165 3457 1221; x_wconf 65' lang='lat' dir='ltr'><strong>qum</strong></span> <span class='ocrx_word' id='word_1_463' title='bbox 3507 1164 3596 1203; x_wconf 83' lang='lat' dir='ltr'><strong>su-</strong></span> 
     </span>
    </p>
   </div>
   <div class='ocr_carea' id='block_1_69' title="bbox 2006 1240 3595 1333">
    <p class='ocr_par' dir='ltr' id='par_1_69' title="bbox 2006 1240 3595 1333">
     <span class='ocr_line' id='line_1_69' title="bbox 2006 1240 3595 1333; baseline -0.015 -16"><span class='ocrx_word' id='word_1_464' title='bbox 2006 1240 2218 1333; x_wconf 89' lang='lat' dir='ltr'><strong>periore</strong></span> <span class='ocrx_word' id='word_1_465' title='bbox 2245 1258 2332 1313; x_wconf 89' lang='lat' dir='ltr'><strong>die</strong></span> <span class='ocrx_word' id='word_1_466' title='bbox 2359 1256 2629 1320; x_wconf 89' lang='lat' dir='ltr'><strong>hesterna,</strong></span> <span class='ocrx_word' id='word_1_467' title='bbox 2653 1251 2845 1322; x_wconf 91' lang='lat' dir='ltr'><strong>inquit,</strong></span> <span class='ocrx_word' id='word_1_468' title='bbox 2872 1248 2924 1301; x_wconf 93' lang='lat' dir='ltr'><strong>in</strong></span> <span class='ocrx_word' id='word_1_469' title='bbox 2970 1245 3322 1315; x_wconf 84' lang='lat' dir='ltr'><strong>hippodromo</strong></span> <span class='ocrx_word' id='word_1_470' title='bbox 3358 1240 3595 1311; x_wconf 65' lang='lat' dir='ltr'><strong>contigeo</strong></span> 
     </span>
    </p>
   </div>
   <div class='ocr_carea' id='block_1_70' title="bbox 2010 1331 3599 1423">
    <p class='ocr_par' dir='ltr' id='par_1_70' title="bbox 2010 1331 3599 1423">
     <span class='ocr_line' id='line_1_70' title="bbox 2010 1331 3599 1423; baseline -0.014 -15"><span class='ocrx_word' id='word_1_471' title='bbox 2010 1331 2108 1416; x_wconf 77' lang='lat' dir='ltr'><strong>rat,</strong></span> <span class='ocrx_word' id='word_1_472' title='bbox 2130 1362 2355 1423; x_wconf 65' lang='lat' dir='ltr'><strong>qumque</strong></span> <span class='ocrx_word' id='word_1_473' title='bbox 2375 1347 2440 1400; x_wconf 93' lang='lat' dir='ltr'><strong>ab</strong></span> <span class='ocrx_word' id='word_1_474' title='bbox 2468 1343 2769 1415; x_wconf 88' lang='lat' dir='ltr'><strong>hujusmodi</strong></span> <span class='ocrx_word' id='word_1_475' title='bbox 2800 1337 2941 1395; x_wconf 89' lang='lat' dir='ltr'><strong>ludis</strong></span> <span class='ocrx_word' id='word_1_476' title='bbox 2971 1338 3105 1391; x_wconf 91' lang='lat' dir='ltr'><strong>alios</strong></span> <span class='ocrx_word' id='word_1_477' title='bbox 3144 1345 3390 1389; x_wconf 88' lang='lat' dir='ltr'><strong>avertere</strong></span> <span class='ocrx_word' id='word_1_478' title='bbox 3433 1331 3599 1389; x_wconf 81' lang='lat' dir='ltr'><strong>debe-</strong></span> 
     </span>
    </p>
   </div>
   <div class='ocr_carea' id='block_1_71' title="bbox 2011 1426 3667 1511">
    <p class='ocr_par' dir='ltr' id='par_1_71' title="bbox 2011 1426 3667 1511">
     <span class='ocr_line' id='line_1_71' title="bbox 2011 1426 3667 1511; baseline -0.015 -10"><span class='ocrx_word' id='word_1_479' title='bbox 2011 1457 2109 1501; x_wconf 70' lang='lat' dir='ltr'><strong>ret.</strong></span> <span class='ocrx_word' id='word_1_480' title='bbox 2163 1444 2386 1511; x_wconf 85' lang='lat' dir='ltr'><strong>Quidam</strong></span> <span class='ocrx_word' id='word_1_481' title='bbox 2433 1439 2576 1494; x_wconf 90' lang='lat' dir='ltr'><strong>enim</strong></span> <span class='ocrx_word' id='word_1_482' title='bbox 2623 1437 2710 1506; x_wconf 91' lang='lat' dir='ltr'><strong>qui</strong></span> <span class='ocrx_word' id='word_1_483' title='bbox 2762 1432 3017 1504; x_wconf 85' lang='lat' dir='ltr'><strong>postridie</strong></span> <span class='ocrx_word' id='word_1_484' title='bbox 3064 1443 3289 1484; x_wconf 84' lang='lat' dir='ltr'><strong>uxorem</strong></span> <span class='ocrx_word' id='word_1_485' title='bbox 3346 1426 3600 1480; x_wconf 77' lang='lat' dir='ltr'><strong>ducturus</strong></span> <span class='ocrx_word' id='word_1_486' title='bbox 3658 1433 3667 1441; x_wconf 88' lang='lat'><strong></strong></span> 
     </span>
    </p>
   </div>
   <div class='ocr_carea' id='block_1_72' title="bbox 2013 1522 3597 1601">
    <p class='ocr_par' dir='ltr' id='par_1_72' title="bbox 2013 1522 3597 1601">
     <span class='ocr_line' id='line_1_72' title="bbox 2013 1522 3597 1601; baseline -0.013 -9"><span class='ocrx_word' id='word_1_487' title='bbox 2013 1538 2289 1601; x_wconf 86' lang='lat' dir='ltr'><strong>crat,dum</strong></span> <span class='ocrx_word' id='word_1_488' title='bbox 2318 1550 2436 1588; x_wconf 88' lang='lat' dir='ltr'><strong>cum</strong></span> <span class='ocrx_word' id='word_1_489' title='bbox 2464 1528 2579 1585; x_wconf 87' lang='lat' dir='ltr'><strong>aliis</strong></span> <span class='ocrx_word' id='word_1_490' title='bbox 2604 1526 2910 1583; x_wconf 90' lang='lat' dir='ltr'><strong>cursoribus</strong></span> <span class='ocrx_word' id='word_1_491' title='bbox 2942 1523 2995 1577; x_wconf 92' lang='lat' dir='ltr'><strong>in</strong></span> <span class='ocrx_word' id='word_1_492' title='bbox 3029 1522 3201 1577; x_wconf 91' lang='lat' dir='ltr'><strong>stadio</strong></span> <span class='ocrx_word' id='word_1_493' title='bbox 3238 1524 3597 1583; x_wconf 80' lang='lat' dir='ltr'><strong>concertaret,</strong></span> 
     </span>
    </p>
   </div>
   <div class='ocr_carea' id='block_1_73' title="bbox 2016 1614 3602 1695">
    <p class='ocr_par' dir='ltr' id='par_1_73' title="bbox 2016 1614 3602 1695">
     <span class='ocr_line' id='line_1_73' title="bbox 2016 1614 3602 1695; baseline -0.011 -14"><span class='ocrx_word' id='word_1_494' title='bbox 2016 1630 2363 1695; x_wconf 80' lang='lat' dir='ltr'><strong>interceptus.</strong></span> <span class='ocrx_word' id='word_1_495' title='bbox 2398 1619 2685 1677; x_wconf 89' lang='lat' dir='ltr'><strong>miserabili</strong></span> <span class='ocrx_word' id='word_1_496' title='bbox 2732 1632 2860 1671; x_wconf 89' lang='lat' dir='ltr'><strong>casu</strong></span> <span class='ocrx_word' id='word_1_497' title='bbox 2910 1614 3083 1682; x_wconf 83' lang='lat' dir='ltr'><strong>capite</strong></span> <span class='ocrx_word' id='word_1_498' title='bbox 3114 1620 3408 1677; x_wconf 87' lang='lat' dir='ltr'><strong>truncatus,</strong></span> <span class='ocrx_word' id='word_1_499' title='bbox 3433 1618 3487 1664; x_wconf 90' lang='lat' dir='ltr'><strong>et</strong></span> <span class='ocrx_word' id='word_1_500' title='bbox 3515 1623 3602 1664; x_wconf 79' lang='lat' dir='ltr'><strong>ex-</strong></span> 
     </span>
    </p>
   </div>
   <div class='ocr_carea' id='block_1_74' title="bbox 2018 1709 3208 1777">
    <p class='ocr_par' dir='ltr' id='par_1_74' title="bbox 2018 1709 3208 1777">
     <span class='ocr_line' id='line_1_74' title="bbox 2018 1709 3208 1777; baseline -0.015 -2"><span class='ocrx_word' id='word_1_501' title='bbox 2018 1721 2201 1775; x_wconf 87' lang='lat' dir='ltr'><strong>tremis</strong></span> <span class='ocrx_word' id='word_1_502' title='bbox 2233 1718 2484 1772; x_wconf 86' lang='lat' dir='ltr'><strong>membris</strong></span> <span class='ocrx_word' id='word_1_503' title='bbox 2512 1713 2783 1777; x_wconf 79' lang='lat' dir='ltr'><strong>abseissis,</strong></span> <span class='ocrx_word' id='word_1_504' title='bbox 2815 1709 2884 1764; x_wconf 92' lang='lat' dir='ltr'><strong>ibi</strong></span> <span class='ocrx_word' id='word_1_505' title='bbox 2920 1714 3208 1761; x_wconf 87' lang='lat' dir='ltr'><strong>manserat.</strong></span> 
     </span>
    </p>
   </div>
   <div class='ocr_carea' id='block_1_75' title="bbox 2091 1788 3606 1876">
    <p class='ocr_par' dir='ltr' id='par_1_75' title="bbox 2091 1788 3606 1876">
     <span class='ocr_line' id='line_1_75' title="bbox 2091 1788 3606 1876; baseline -0.015 -10"><span class='ocrx_word' id='word_1_506' title='bbox 2091 1809 2293 1866; x_wconf 89' lang='lat' dir='ltr'><strong>Deinde</strong></span> <span class='ocrx_word' id='word_1_507' title='bbox 2324 1807 2553 1876; x_wconf 81' lang='lat' dir='ltr'><strong>explicat</strong></span> <span class='ocrx_word' id='word_1_508' title='bbox 2582 1804 2709 1857; x_wconf 89' lang='lat' dir='ltr'><strong>illud</strong></span> <span class='ocrx_word' id='word_1_509' title='bbox 2735 1799 3013 1870; x_wconf 84' lang='lat' dir='ltr'><strong>Evangelii</strong></span> <span class='ocrx_word' id='word_1_510' title='bbox 3037 1797 3260 1859; x_wconf 89' lang='lat' dir='ltr'><strong>dictum,</strong></span> <span class='ocrx_word' id='word_1_511' title='bbox 3290 1788 3448 1848; x_wconf 77' lang='lat' dir='ltr'><strong>Pater</strong></span> <span class='ocrx_word' id='word_1_512' title='bbox 3468 1804 3606 1845; x_wconf 78' lang='lat' dir='ltr'><strong>mem</strong></span> 
     </span>
    </p>
   </div>
   <div class='ocr_carea' id='block_1_76' title="bbox 2020 1887 3609 1973">
    <p class='ocr_par' dir='ltr' id='par_1_76' title="bbox 2020 1887 3609 1973">
     <span class='ocr_line' id='line_1_76' title="bbox 2020 1887 3609 1973; baseline -0.015 -15"><span class='ocrx_word' id='word_1_513' title='bbox 2020 1919 2175 1973; x_wconf 82' lang='lat' dir='ltr'><strong>usque</strong></span> <span class='ocrx_word' id='word_1_514' title='bbox 2203 1899 2354 1953; x_wconf 85' lang='lat' dir='ltr'><strong>modo</strong></span> <span class='ocrx_word' id='word_1_515' title='bbox 2375 1905 2633 1967; x_wconf 80' lang='lat' dir='ltr'><strong>Operatur,</strong></span> <span class='ocrx_word' id='word_1_516' title='bbox 2677 1901 2724 1945; x_wconf 83' lang='lat' dir='ltr'><strong>et</strong></span> <span class='ocrx_word' id='word_1_517' title='bbox 2769 1907 2859 1961; x_wconf 86' lang='lat' dir='ltr'><strong>ego</strong></span> <span class='ocrx_word' id='word_1_518' title='bbox 2898 1903 3078 1959; x_wconf 86' lang='lat' dir='ltr'><strong>operor</strong></span> <span class='ocrx_word' id='word_1_519' title='bbox 3116 1903 3132 1941; x_wconf 90' lang='lat'><strong><em>:</em></strong></span> <span class='ocrx_word' id='word_1_520' title='bbox 3180 1887 3511 1951; x_wconf 86' lang='lat' dir='ltr'><strong>Arianosqne</strong></span> <span class='ocrx_word' id='word_1_521' title='bbox 3554 1891 3609 1935; x_wconf 90' lang='lat' dir='ltr'><strong>et</strong></span> 
     </span>
    </p>
   </div>
   <div class='ocr_carea' id='block_1_77' title="bbox 2020 1972 3608 2058">
    <p class='ocr_par' dir='ltr' id='par_1_77' title="bbox 2020 1972 3608 2058">
     <span class='ocr_line' id='line_1_77' title="bbox 2020 1972 3608 2058; baseline -0.016 -9"><span class='ocrx_word' id='word_1_522' title='bbox 2020 1972 2331 2058; x_wconf 71' lang='lat' dir='ltr'><strong>Anommos,</strong></span> <span class='ocrx_word' id='word_1_523' title='bbox 2383 1987 2557 2043; x_wconf 90' lang='lat' dir='ltr'><strong>tacitis</strong></span> <span class='ocrx_word' id='word_1_524' title='bbox 2599 1994 2773 2038; x_wconf 87' lang='lat' dir='ltr'><strong>tamen</strong></span> <span class='ocrx_word' id='word_1_525' title='bbox 2806 1978 3126 2040; x_wconf 90' lang='lat' dir='ltr'><strong>nominibus,</strong></span> <span class='ocrx_word' id='word_1_526' title='bbox 3160 1974 3422 2030; x_wconf 88' lang='lat' dir='ltr'><strong>acerrime</strong></span> <span class='ocrx_word' id='word_1_527' title='bbox 3465 1972 3608 2025; x_wconf 58' lang='lat' dir='ltr'><strong>inse.</strong></span> 
     </span>
    </p>
   </div>
   <div class='ocr_carea' id='block_1_78' title="bbox 2022 2061 3613 2153">
    <p class='ocr_par' dir='ltr' id='par_1_78' title="bbox 2022 2061 3613 2153">
     <span class='ocr_line' id='line_1_78' title="bbox 2022 2061 3613 2153; baseline -0.016 -11"><span class='ocrx_word' id='word_1_528' title='bbox 2022 2094 2213 2149; x_wconf 90' lang='lat' dir='ltr'><strong>ctatur,</strong></span> <span class='ocrx_word' id='word_1_529' title='bbox 2242 2080 2474 2153; x_wconf 90' lang='lat' dir='ltr'><strong>probans</strong></span> <span class='ocrx_word' id='word_1_530' title='bbox 2502 2077 2697 2132; x_wconf 88' lang='lat' dir='ltr'><strong>Filium</strong></span> <span class='ocrx_word' id='word_1_531' title='bbox 2716 2071 2855 2128; x_wconf 87' lang='lat' dir='ltr'><strong>Patri</strong></span> <span class='ocrx_word' id='word_1_532' title='bbox 2881 2070 3158 2140; x_wconf 86' lang='lat' dir='ltr'><strong>aequalem,</strong></span> <span class='ocrx_word' id='word_1_533' title='bbox 3181 2081 3302 2122; x_wconf 92' lang='lat' dir='ltr'><strong>cum</strong></span> <span class='ocrx_word' id='word_1_534' title='bbox 3330 2064 3421 2118; x_wconf 91' lang='lat' dir='ltr'><strong>illo</strong></span> <span class='ocrx_word' id='word_1_535' title='bbox 3446 2061 3613 2119; x_wconf 89' lang='lat' dir='ltr'><strong>semel</strong></span> 
     </span>
    </p>
   </div>
   <div class='ocr_carea' id='block_1_79' title="bbox 2023 2162 3615 2247">
    <p class='ocr_par' dir='ltr' id='par_1_79' title="bbox 2023 2162 3615 2247">
     <span class='ocr_line' id='line_1_79' title="bbox 2023 2162 3615 2247; baseline -0.014 -14"><span class='ocrx_word' id='word_1_536' title='bbox 2023 2177 2268 2247; x_wconf 89' lang='lat' dir='ltr'><strong>operari;</strong></span> <span class='ocrx_word' id='word_1_537' title='bbox 2297 2175 2420 2245; x_wconf 88' lang='lat' dir='ltr'><strong>quia</strong></span> <span class='ocrx_word' id='word_1_538' title='bbox 2446 2187 2573 2227; x_wconf 91' lang='lat' dir='ltr'><strong>vero</strong></span> <span class='ocrx_word' id='word_1_539' title='bbox 2600 2165 2844 2239; x_wconf 88' lang='lat' dir='ltr'><strong>operatio</strong></span> <span class='ocrx_word' id='word_1_540' title='bbox 2870 2163 2959 2217; x_wconf 91' lang='lat' dir='ltr'><strong>illa</strong></span> <span class='ocrx_word' id='word_1_541' title='bbox 2986 2175 3301 2231; x_wconf 86' lang='lat' dir='ltr'><strong>permanens</strong></span> <span class='ocrx_word' id='word_1_542' title='bbox 3329 2167 3431 2222; x_wconf 89' lang='lat' dir='ltr'><strong>est,</strong></span> <span class='ocrx_word' id='word_1_543' title='bbox 3465 2162 3615 2227; x_wconf 84' lang='lat' dir='ltr'><strong>putat</strong></span> 
     </span>
    </p>
   </div>
   <div class='ocr_carea' id='block_1_80' title="bbox 2023 2247 3618 2338">
    <p class='ocr_par' dir='ltr' id='par_1_80' title="bbox 2023 2247 3618 2338">
     <span class='ocr_line' id='line_1_80' title="bbox 2023 2247 3618 2338; baseline -0.016 -15"><span class='ocrx_word' id='word_1_544' title='bbox 2023 2268 2458 2338; x_wconf 81' lang='lat' dir='ltr'><strong>Chrysostomus,</strong></span> <span class='ocrx_word' id='word_1_545' title='bbox 2487 2262 2574 2317; x_wconf 89' lang='lat' dir='ltr'><strong>hic</strong></span> <span class='ocrx_word' id='word_1_546' title='bbox 2605 2254 3016 2330; x_wconf 87' lang='lat' dir='ltr'><strong>providentiam,</strong></span> <span class='ocrx_word' id='word_1_547' title='bbox 3047 2250 3222 2307; x_wconf 85' lang='lat' dir='ltr'><strong>Patris</strong></span> <span class='ocrx_word' id='word_1_548' title='bbox 3248 2258 3301 2304; x_wconf 91' lang='lat' dir='ltr'><strong>et</strong></span> <span class='ocrx_word' id='word_1_549' title='bbox 3328 2247 3451 2303; x_wconf 86' lang='lat' dir='ltr'><strong>Filii</strong></span> <span class='ocrx_word' id='word_1_550' title='bbox 3488 2260 3618 2315; x_wconf 90' lang='lat' dir='ltr'><strong>ope-</strong></span> 
     </span>
    </p>
   </div>
   <div class='ocr_carea' id='block_1_81' title="bbox 2026 2355 2456 2415">
    <p class='ocr_par' dir='ltr' id='par_1_81' title="bbox 2026 2355 2456 2415">
     <span class='ocr_line' id='line_1_81' title="bbox 2026 2355 2456 2415; baseline -0.019 0"><span class='ocrx_word' id='word_1_551' title='bbox 2026 2362 2291 2415; x_wconf 89' lang='lat' dir='ltr'><strong>rationem</strong></span> <span class='ocrx_word' id='word_1_552' title='bbox 2331 2355 2456 2409; x_wconf 91' lang='lat' dir='ltr'><strong>dici.</strong></span> 
     </span>
    </p>
   </div>
   <div class='ocr_carea' id='block_1_82' title="bbox 2100 2428 3616 2505">
    <p class='ocr_par' dir='ltr' id='par_1_82' title="bbox 2100 2428 3616 2505">
     <span class='ocr_line' id='line_1_82' title="bbox 2100 2428 3616 2505; baseline -0.018 0"><span class='ocrx_word' id='word_1_553' title='bbox 2100 2451 2158 2505; x_wconf 91' lang='lat' dir='ltr'><strong>In</strong></span> <span class='ocrx_word' id='word_1_554' title='bbox 2191 2464 2340 2504; x_wconf 86' lang='lat' dir='ltr'><strong>more</strong></span> <span class='ocrx_word' id='word_1_555' title='bbox 2370 2453 2485 2500; x_wconf 91' lang='lat' dir='ltr'><strong>erat</strong></span> <span class='ocrx_word' id='word_1_556' title='bbox 2510 2452 2568 2497; x_wconf 91' lang='lat' dir='ltr'><strong>ut</strong></span> <span class='ocrx_word' id='word_1_557' title='bbox 2592 2439 2703 2496; x_wconf 91' lang='lat' dir='ltr'><strong>bini</strong></span> <span class='ocrx_word' id='word_1_558' title='bbox 2734 2438 2816 2493; x_wconf 92' lang='lat' dir='ltr'><strong>vel</strong></span> <span class='ocrx_word' id='word_1_559' title='bbox 2846 2435 2983 2491; x_wconf 90' lang='lat' dir='ltr'><strong>terni</strong></span> <span class='ocrx_word' id='word_1_560' title='bbox 3003 2433 3194 2489; x_wconf 88' lang='lat' dir='ltr'><strong>eodem</strong></span> <span class='ocrx_word' id='word_1_561' title='bbox 3220 2430 3307 2485; x_wconf 89' lang='lat' dir='ltr'><strong>die</strong></span> <span class='ocrx_word' id='word_1_562' title='bbox 3338 2428 3616 2484; x_wconf 51' lang='lat' dir='ltr'><strong>contineri-</strong></span> 
     </span>
    </p>
   </div>
   <div class='ocr_carea' id='block_1_83' title="bbox 2029 2518 3622 2606">
    <p class='ocr_par' dir='ltr' id='par_1_83' title="bbox 2029 2518 3622 2606">
     <span class='ocr_line' id='line_1_83' title="bbox 2029 2518 3622 2606; baseline -0.018 -7"><span class='ocrx_word' id='word_1_563' title='bbox 2029 2556 2110 2600; x_wconf 91' lang='lat' dir='ltr'><strong>ter</strong></span> <span class='ocrx_word' id='word_1_564' title='bbox 2136 2541 2358 2597; x_wconf 88' lang='lat' dir='ltr'><strong>verbum</strong></span> <span class='ocrx_word' id='word_1_565' title='bbox 2382 2537 2478 2593; x_wconf 90' lang='lat' dir='ltr'><strong>Dei</strong></span> <span class='ocrx_word' id='word_1_566' title='bbox 2508 2531 2882 2606; x_wconf 68' lang='lat' dir='ltr'><strong>praedicarent.</strong></span> <span class='ocrx_word' id='word_1_567' title='bbox 2910 2527 3148 2597; x_wconf 89' lang='lat' dir='ltr'><strong>ldipsnm</strong></span> <span class='ocrx_word' id='word_1_568' title='bbox 3176 2523 3420 2578; x_wconf 80' lang='lat' dir='ltr'><strong>videmus</strong></span> <span class='ocrx_word' id='word_1_569' title='bbox 3445 2521 3496 2574; x_wconf 92' lang='lat' dir='ltr'><strong>in</strong></span> <span class='ocrx_word' id='word_1_570' title='bbox 3525 2518 3622 2572; x_wconf 92' lang='lat' dir='ltr'><strong>ho-</strong></span> 
     </span>
    </p>
   </div>
   <div class='ocr_carea' id='block_1_84' title="bbox 2028 2609 3619 2697">
    <p class='ocr_par' dir='ltr' id='par_1_84' title="bbox 2028 2609 3619 2697">
     <span class='ocr_line' id='line_1_84' title="bbox 2028 2609 3619 2697; baseline -0.019 -7"><span class='ocrx_word' id='word_1_571' title='bbox 2028 2635 2175 2690; x_wconf 91' lang='lat' dir='ltr'><strong>milia</strong></span> <span class='ocrx_word' id='word_1_572' title='bbox 2203 2631 2433 2695; x_wconf 90' lang='lat' dir='ltr'><strong>decima,</strong></span> <span class='ocrx_word' id='word_1_573' title='bbox 2463 2642 2583 2697; x_wconf 60' lang='lat' dir='ltr'><strong>quae</strong></span> <span class='ocrx_word' id='word_1_574' title='bbox 2621 2622 2799 2678; x_wconf 91' lang='lat' dir='ltr'><strong>habita</strong></span> <span class='ocrx_word' id='word_1_575' title='bbox 2852 2618 2952 2675; x_wconf 93' lang='lat' dir='ltr'><strong>fuit</strong></span> <span class='ocrx_word' id='word_1_576' title='bbox 2992 2618 3046 2672; x_wconf 91' lang='lat' dir='ltr'><strong>in</strong></span> <span class='ocrx_word' id='word_1_577' title='bbox 3085 2614 3306 2671; x_wconf 89' lang='lat' dir='ltr'><strong>ecclesia</strong></span> <span class='ocrx_word' id='word_1_578' title='bbox 3356 2609 3619 2681; x_wconf 85' lang='lat' dir='ltr'><strong>Apostoii,</strong></span> 
     </span>
    </p>
   </div>
   <div class='ocr_carea' id='block_1_85' title="bbox 2036 2707 3626 2798">
    <p class='ocr_par' dir='ltr' id='par_1_85' title="bbox 2036 2707 3626 2798">
     <span class='ocr_line' id='line_1_85' title="bbox 2036 2707 3626 2798; baseline -0.021 -16"><span class='ocrx_word' id='word_1_579' title='bbox 2036 2735 2313 2798; x_wconf 85' lang='lat' dir='ltr'><strong>postquam</strong></span> <span class='ocrx_word' id='word_1_580' title='bbox 2336 2734 2502 2775; x_wconf 74' lang='lat' dir='ltr'><strong>senex</strong></span> <span class='ocrx_word' id='word_1_581' title='bbox 2524 2716 2810 2787; x_wconf 89' lang='lat' dir='ltr'><strong>episcopus</strong></span> <span class='ocrx_word' id='word_1_582' title='bbox 2840 2718 2965 2764; x_wconf 89' lang='lat' dir='ltr'><strong>ante</strong></span> <span class='ocrx_word' id='word_1_583' title='bbox 3005 2707 3449 2777; x_wconf 78' lang='lat' dir='ltr'><strong>Chrysostomum</strong></span> <span class='ocrx_word' id='word_1_584' title='bbox 3497 2715 3626 2753; x_wconf 85' lang='lat' dir='ltr'><strong>cou-</strong></span> 
     </span>
    </p>
   </div>
   <div class='ocr_carea' id='block_1_86' title="bbox 2032 2792 3622 2877">
    <p class='ocr_par' dir='ltr' id='par_1_86' title="bbox 2032 2792 3622 2877">
     <span class='ocr_line' id='line_1_86' title="bbox 2032 2792 3622 2877; baseline -0.02 -2"><span class='ocrx_word' id='word_1_585' title='bbox 2032 2822 2273 2874; x_wconf 91' lang='lat' dir='ltr'><strong>cionatus</strong></span> <span class='ocrx_word' id='word_1_586' title='bbox 2312 2812 2484 2868; x_wconf 82' lang='lat' dir='ltr'><strong>fuerat</strong></span> <span class='ocrx_word' id='word_1_587' title='bbox 2528 2826 2543 2862; x_wconf 90' lang='lat'><strong>:</strong></span> <span class='ocrx_word' id='word_1_588' title='bbox 2587 2806 2834 2877; x_wconf 89' lang='lat' dir='ltr'><strong>quodque</strong></span> <span class='ocrx_word' id='word_1_589' title='bbox 2877 2798 3267 2858; x_wconf 83' lang='lat' dir='ltr'><strong>observandum</strong></span> <span class='ocrx_word' id='word_1_590' title='bbox 3311 2803 3429 2854; x_wconf 87' lang='lat' dir='ltr'><strong>est,</strong></span> <span class='ocrx_word' id='word_1_591' title='bbox 3478 2792 3622 2846; x_wconf 91' lang='lat' dir='ltr'><strong>illum</strong></span> 
     </span>
    </p>
   </div>
   <div class='ocr_carea' id='block_1_87' title="bbox 2034 2885 3627 2973">
    <p class='ocr_par' dir='ltr' id='par_1_87' title="bbox 2034 2885 3627 2973">
     <span class='ocr_line' id='line_1_87' title="bbox 2034 2885 3627 2973; baseline -0.018 -7"><span class='ocrx_word' id='word_1_592' title='bbox 2034 2925 2238 2973; x_wconf 89' lang='lat' dir='ltr'><strong>senem,</strong></span> <span class='ocrx_word' id='word_1_593' title='bbox 2268 2915 2321 2962; x_wconf 90' lang='lat' dir='ltr'><strong>et</strong></span> <span class='ocrx_word' id='word_1_594' title='bbox 2345 2920 2403 2959; x_wconf 89' lang='lat' dir='ltr'><strong>se</strong></span> <span class='ocrx_word' id='word_1_595' title='bbox 2424 2899 2677 2973; x_wconf 87' lang='lat' dir='ltr'><strong>juvenem</strong></span> <span class='ocrx_word' id='word_1_596' title='bbox 2709 2904 2883 2961; x_wconf 90' lang='lat' dir='ltr'><strong>vocat,</strong></span> <span class='ocrx_word' id='word_1_597' title='bbox 2913 2894 3012 2949; x_wconf 86' lang='lat' dir='ltr'><strong>etsi</strong></span> <span class='ocrx_word' id='word_1_598' title='bbox 3039 2908 3102 2946; x_wconf 77' lang='lat' dir='ltr'><strong>ex</strong></span> <span class='ocrx_word' id='word_1_599' title='bbox 3135 2890 3346 2960; x_wconf 86' lang='lat' dir='ltr'><strong>vulgata</strong></span> <span class='ocrx_word' id='word_1_600' title='bbox 3376 2885 3627 2955; x_wconf 82' lang='lat' dir='ltr'><strong>Opinione</strong></span> 
     </span>
    </p>
   </div>
   <div class='ocr_carea' id='block_1_88' title="bbox 2035 2980 3625 3060">
    <p class='ocr_par' dir='ltr' id='par_1_88' title="bbox 2035 2980 3625 3060">
     <span class='ocr_line' id='line_1_88' title="bbox 2035 2980 3625 3060; baseline -0.019 -4"><span class='ocrx_word' id='word_1_601' title='bbox 2035 3015 2230 3056; x_wconf 92' lang='lat' dir='ltr'><strong>annum</strong></span> <span class='ocrx_word' id='word_1_602' title='bbox 2261 2996 2435 3052; x_wconf 64' lang='lat' dir='ltr'><strong>aetatis</strong></span> <span class='ocrx_word' id='word_1_603' title='bbox 2481 2993 2551 3047; x_wconf 74' lang='lat'><strong>52</strong></span> <span class='ocrx_word' id='word_1_604' title='bbox 2593 2993 2702 3060; x_wconf 89' lang='lat' dir='ltr'><strong>jam</strong></span> <span class='ocrx_word' id='word_1_605' title='bbox 2749 3000 3002 3043; x_wconf 87' lang='lat' dir='ltr'><strong>emensus</strong></span> <span class='ocrx_word' id='word_1_606' title='bbox 3040 2988 3176 3037; x_wconf 87' lang='lat' dir='ltr'><strong>erat.</strong></span> <span class='ocrx_word' id='word_1_607' title='bbox 3237 2980 3625 3048; x_wconf 79' lang='lat' dir='ltr'><strong>Argumentum</strong></span> 
     </span>
    </p>
   </div>
   <div class='ocr_carea' id='block_1_89' title="bbox 2034 3065 3630 3147">
    <p class='ocr_par' dir='ltr' id='par_1_89' title="bbox 2034 3065 3630 3147">
     <span class='ocr_line' id='line_1_89' title="bbox 2034 3065 3630 3147; baseline -0.018 -1"><span class='ocrx_word' id='word_1_608' title='bbox 2034 3088 2312 3147; x_wconf 89' lang='lat' dir='ltr'><strong>concionis</strong></span> <span class='ocrx_word' id='word_1_609' title='bbox 2331 3084 2491 3139; x_wconf 89' lang='lat' dir='ltr'><strong>sumit</strong></span> <span class='ocrx_word' id='word_1_610' title='bbox 2506 3099 2568 3137; x_wconf 76' lang='lat' dir='ltr'><strong>ex</strong></span> <span class='ocrx_word' id='word_1_611' title='bbox 2593 3081 2695 3135; x_wconf 93' lang='lat' dir='ltr'><strong>hoc</strong></span> <span class='ocrx_word' id='word_1_612' title='bbox 2720 3075 2994 3146; x_wconf 86' lang='lat' dir='ltr'><strong>Evangelii</strong></span> <span class='ocrx_word' id='word_1_613' title='bbox 3020 3072 3186 3136; x_wconf 91' lang='lat' dir='ltr'><strong>dicto,</strong></span> <span class='ocrx_word' id='word_1_614' title='bbox 3219 3069 3398 3123; x_wconf 66' lang='lat' dir='ltr'><strong>Messi:</strong></span> <span class='ocrx_word' id='word_1_615' title='bbox 3426 3065 3630 3136; x_wconf 81' lang='lat' dir='ltr'><strong>quidem</strong></span> 
     </span>
    </p>
   </div>
   <div class='ocr_carea' id='block_1_90' title="bbox 2034 3161 3631 3247">
    <p class='ocr_par' dir='ltr' id='par_1_90' title="bbox 2034 3161 3631 3247">
     <span class='ocr_line' id='line_1_90' title="bbox 2034 3161 3631 3247; baseline -0.018 -11"><span class='ocrx_word' id='word_1_616' title='bbox 2034 3182 2216 3243; x_wconf 82' lang='lat' dir='ltr'><strong>multa,</strong></span> <span class='ocrx_word' id='word_1_617' title='bbox 2248 3175 2467 3247; x_wconf 78' lang='lat' dir='ltr'><strong>operarii</strong></span> <span class='ocrx_word' id='word_1_618' title='bbox 2492 3182 2657 3227; x_wconf 88' lang='lat' dir='ltr'><strong>autem</strong></span> <span class='ocrx_word' id='word_1_619' title='bbox 2684 3168 2853 3241; x_wconf 83' lang='lat' dir='ltr'><strong>pauci.</strong></span> <span class='ocrx_word' id='word_1_620' title='bbox 2888 3164 3085 3221; x_wconf 90' lang='lat' dir='ltr'><strong>Probat</strong></span> <span class='ocrx_word' id='word_1_621' title='bbox 3115 3171 3293 3216; x_wconf 91' lang='lat' dir='ltr'><strong>autem</strong></span> <span class='ocrx_word' id='word_1_622' title='bbox 3322 3169 3374 3214; x_wconf 92' lang='lat' dir='ltr'><strong>et</strong></span> <span class='ocrx_word' id='word_1_623' title='bbox 3396 3172 3555 3212; x_wconf 88' lang='lat' dir='ltr'><strong>senes</strong></span> <span class='ocrx_word' id='word_1_624' title='bbox 3577 3161 3631 3209; x_wconf 92' lang='lat' dir='ltr'><strong>et</strong></span> 
     </span>
    </p>
   </div>
   <div class='ocr_carea' id='block_1_91' title="bbox 2031 3252 3628 3345">
    <p class='ocr_par' dir='ltr' id='par_1_91' title="bbox 2031 3252 3628 3345">
     <span class='ocr_line' id='line_1_91' title="bbox 2031 3252 3628 3345; baseline -0.018 -16"><span class='ocrx_word' id='word_1_625' title='bbox 2031 3272 2257 3345; x_wconf 84' lang='lat' dir='ltr'><strong>juvenes</strong></span> <span class='ocrx_word' id='word_1_626' title='bbox 2305 3267 2583 3338; x_wconf 87' lang='lat' dir='ltr'><strong>operarios</strong></span> <span class='ocrx_word' id='word_1_627' title='bbox 2635 3260 2891 3318; x_wconf 71' lang='lat' dir='ltr'><strong>Ecclesiae</strong></span> <span class='ocrx_word' id='word_1_628' title='bbox 2936 3254 3222 3311; x_wconf 89' lang='lat' dir='ltr'><strong>admodum</strong></span> <span class='ocrx_word' id='word_1_629' title='bbox 3282 3252 3438 3306; x_wconf 89' lang='lat' dir='ltr'><strong>utiles</strong></span> <span class='ocrx_word' id='word_1_630' title='bbox 3485 3263 3628 3304; x_wconf 91' lang='lat' dir='ltr'><strong>esse.</strong></span> 
     </span>
    </p>
   </div>
   <div class='ocr_carea' id='block_1_92' title="bbox 2036 3343 3627 3431">
    <p class='ocr_par' dir='ltr' id='par_1_92' title="bbox 2036 3343 3627 3431">
     <span class='ocr_line' id='line_1_92' title="bbox 2036 3343 3627 3431; baseline -0.019 -10"><span class='ocrx_word' id='word_1_631' title='bbox 2036 3343 2332 3431; x_wconf 69' lang='lat' dir='ltr'><strong>Messisque</strong></span> <span class='ocrx_word' id='word_1_632' title='bbox 2363 3354 2667 3429; x_wconf 91' lang='lat' dir='ltr'><strong>hujusmodi</strong></span> <span class='ocrx_word' id='word_1_633' title='bbox 2716 3354 2915 3407; x_wconf 90' lang='lat' dir='ltr'><strong>fructus</strong></span> <span class='ocrx_word' id='word_1_634' title='bbox 2949 3348 3175 3404; x_wconf 81' lang='lat' dir='ltr'><strong>eximios</strong></span> <span class='ocrx_word' id='word_1_635' title='bbox 3220 3343 3383 3399; x_wconf 90' lang='lat' dir='ltr'><strong>fuisse</strong></span> <span class='ocrx_word' id='word_1_636' title='bbox 3420 3348 3627 3406; x_wconf 88' lang='lat' dir='ltr'><strong>narrat,</strong></span> 
     </span>
    </p>
   </div>
   <div class='ocr_carea' id='block_1_93' title="bbox 2040 3435 3633 3516">
    <p class='ocr_par' dir='ltr' id='par_1_93' title="bbox 2040 3435 3633 3516">
     <span class='ocr_line' id='line_1_93' title="bbox 2040 3435 3633 3516; baseline -0.018 -4"><span class='ocrx_word' id='word_1_637' title='bbox 2040 3464 2099 3511; x_wconf 92' lang='lat' dir='ltr'><strong>ut</strong></span> <span class='ocrx_word' id='word_1_638' title='bbox 2123 3469 2243 3510; x_wconf 91' lang='lat' dir='ltr'><strong>cum</strong></span> <span class='ocrx_word' id='word_1_639' title='bbox 2277 3449 2471 3507; x_wconf 89' lang='lat' dir='ltr'><strong>Paulus</strong></span> <span class='ocrx_word' id='word_1_640' title='bbox 2496 3443 2725 3516; x_wconf 85' lang='lat' dir='ltr'><strong>simplici</strong></span> <span class='ocrx_word' id='word_1_641' title='bbox 2748 3442 2913 3497; x_wconf 90' lang='lat' dir='ltr'><strong>verbo</strong></span> <span class='ocrx_word' id='word_1_642' title='bbox 2940 3435 3325 3494; x_wconf 91' lang='lat' dir='ltr'><strong>Proconsulcm</strong></span> <span class='ocrx_word' id='word_1_643' title='bbox 3353 3448 3451 3488; x_wconf 90' lang='lat' dir='ltr'><strong>ceu</strong></span> <span class='ocrx_word' id='word_1_644' title='bbox 3478 3446 3633 3502; x_wconf 87' lang='lat' dir='ltr'><strong>sage-</strong></span> 
     </span>
    </p>
   </div>
   <div class='ocr_carea' id='block_1_94' title="bbox 2041 3521 3634 3614">
    <p class='ocr_par' dir='ltr' id='par_1_94' title="bbox 2041 3521 3634 3614">
     <span class='ocr_line' id='line_1_94' title="bbox 2041 3521 3634 3614; baseline -0.017 -11"><span class='ocrx_word' id='word_1_645' title='bbox 2041 3563 2107 3603; x_wconf 91' lang='lat' dir='ltr'><strong>na</strong></span> <span class='ocrx_word' id='word_1_646' title='bbox 2162 3544 2345 3614; x_wconf 90' lang='lat' dir='ltr'><strong>cepit,</strong></span> <span class='ocrx_word' id='word_1_647' title='bbox 2404 3550 2459 3597; x_wconf 91' lang='lat' dir='ltr'><strong>et</strong></span> <span class='ocrx_word' id='word_1_648' title='bbox 2518 3552 2639 3594; x_wconf 91' lang='lat' dir='ltr'><strong>cum</strong></span> <span class='ocrx_word' id='word_1_649' title='bbox 2688 3534 2970 3603; x_wconf 88' lang='lat' dir='ltr'><strong>Philippus</strong></span> <span class='ocrx_word' id='word_1_650' title='bbox 3016 3526 3320 3584; x_wconf 86' lang='lat' dir='ltr'><strong>etnmchum</strong></span> <span class='ocrx_word' id='word_1_651' title='bbox 3372 3521 3634 3577; x_wconf 84' lang='lat' dir='ltr'><strong>Candacis</strong></span> 
     </span>
    </p>
   </div>
   <div class='ocr_carea' id='block_1_95' title="bbox 2043 3621 3153 3705">
    <p class='ocr_par' dir='ltr' id='par_1_95' title="bbox 2043 3621 3153 3705">
     <span class='ocr_line' id='line_1_95' title="bbox 2043 3621 3153 3705; baseline -0.021 -11"><span class='ocrx_word' id='word_1_652' title='bbox 2043 3635 2334 3705; x_wconf 61' lang='lat' dir='ltr'><strong>Ethiopian</strong></span> <span class='ocrx_word' id='word_1_653' title='bbox 2363 3631 2561 3701; x_wconf 75' lang='lat' dir='ltr'><strong>regina:</strong></span> <span class='ocrx_word' id='word_1_654' title='bbox 2587 3628 2653 3682; x_wconf 92' lang='lat' dir='ltr'><strong>ad</strong></span> <span class='ocrx_word' id='word_1_655' title='bbox 2683 3626 2839 3680; x_wconf 80' lang='lat' dir='ltr'><strong>fidem</strong></span> <span class='ocrx_word' id='word_1_656' title='bbox 2870 3621 3153 3677; x_wconf 86' lang='lat' dir='ltr'><strong>convertit.</strong></span> 
     </span>
    </p>
   </div>
   <div class='ocr_carea' id='block_1_96' title="bbox 2116 3703 3638 3793">
    <p class='ocr_par' dir='ltr' id='par_1_96' title="bbox 2116 3703 3638 3793">
     <span class='ocr_line' id='line_1_96' title="bbox 2116 3703 3638 3793; baseline -0.018 -9"><span class='ocrx_word' id='word_1_657' title='bbox 2116 3703 2395 3783; x_wconf 85' lang='lat' dir='ltr'><strong>llomiliam</strong></span> <span class='ocrx_word' id='word_1_658' title='bbox 2412 3734 2623 3793; x_wconf 87' lang='lat' dir='ltr'><strong>quoque</strong></span> <span class='ocrx_word' id='word_1_659' title='bbox 2646 3716 2979 3773; x_wconf 91' lang='lat' dir='ltr'><strong>undecimam</strong></span> <span class='ocrx_word' id='word_1_660' title='bbox 3001 3709 3188 3765; x_wconf 86' lang='lat' dir='ltr'><strong>habuit</strong></span> <span class='ocrx_word' id='word_1_661' title='bbox 3202 3712 3484 3778; x_wconf 88' lang='lat' dir='ltr'><strong>postquam</strong></span> <span class='ocrx_word' id='word_1_662' title='bbox 3500 3703 3638 3758; x_wconf 80' lang='lat' dir='ltr'><strong>alius</strong></span> 
     </span>
    </p>
   </div>
   <div class='ocr_carea' id='block_1_97' title="bbox 2043 3794 3636 3875">
    <p class='ocr_par' dir='ltr' id='par_1_97' title="bbox 2043 3794 3636 3875">
     <span class='ocr_line' id='line_1_97' title="bbox 2043 3794 3636 3875; baseline -0.018 1"><span class='ocrx_word' id='word_1_663' title='bbox 2043 3817 2332 3875; x_wconf 90' lang='lat' dir='ltr'><strong>admodum</strong></span> <span class='ocrx_word' id='word_1_664' title='bbox 2361 3828 2528 3868; x_wconf 86' lang='lat' dir='ltr'><strong>senex</strong></span> <span class='ocrx_word' id='word_1_665' title='bbox 2578 3815 2846 3864; x_wconf 87' lang='lat' dir='ltr'><strong>oraverat.</strong></span> <span class='ocrx_word' id='word_1_666' title='bbox 2886 3803 2964 3859; x_wconf 89' lang='lat' dir='ltr'><strong>lbi</strong></span> <span class='ocrx_word' id='word_1_667' title='bbox 3007 3801 3235 3872; x_wconf 88' lang='lat' dir='ltr'><strong>prinmm</strong></span> <span class='ocrx_word' id='word_1_668' title='bbox 3282 3814 3342 3852; x_wconf 92' lang='lat' dir='ltr'><strong>se</strong></span> <span class='ocrx_word' id='word_1_669' title='bbox 3389 3794 3636 3850; x_wconf 88' lang='lat' dir='ltr'><strong>audiendi</strong></span> 
     </span>
    </p>
   </div>
   <div class='ocr_carea' id='block_1_98' title="bbox 2044 3884 3642 3978">
    <p class='ocr_par' dir='ltr' id='par_1_98' title="bbox 2044 3884 3642 3978">
     <span class='ocr_line' id='line_1_98' title="bbox 2044 3884 3642 3978; baseline -0.017 -14"><span class='ocrx_word' id='word_1_670' title='bbox 2044 3909 2240 3978; x_wconf 88' lang='lat' dir='ltr'><strong>cupido</strong></span> <span class='ocrx_word' id='word_1_671' title='bbox 2268 3905 2429 3961; x_wconf 75' lang='lat' dir='ltr'><strong>ccetui</strong></span> <span class='ocrx_word' id='word_1_672' title='bbox 2473 3902 2793 3973; x_wconf 86' lang='lat' dir='ltr'><strong>gratulatur,</strong></span> <span class='ocrx_word' id='word_1_673' title='bbox 2825 3911 2887 3950; x_wconf 92' lang='lat' dir='ltr'><strong>ac</strong></span> <span class='ocrx_word' id='word_1_674' title='bbox 2912 3893 2979 3950; x_wconf 91' lang='lat' dir='ltr'><strong>de</strong></span> <span class='ocrx_word' id='word_1_675' title='bbox 3010 3893 3265 3948; x_wconf 73' lang='lat' dir='ltr'><strong>Eleazaro</strong></span> <span class='ocrx_word' id='word_1_676' title='bbox 3305 3896 3358 3942; x_wconf 88' lang='lat' dir='ltr'><strong>et</strong></span> <span class='ocrx_word' id='word_1_677' title='bbox 3395 3888 3462 3941; x_wconf 89' lang='lat' dir='ltr'><strong>de</strong></span> <span class='ocrx_word' id='word_1_678' title='bbox 3504 3884 3642 3940; x_wconf 84' lang='lat' dir='ltr'><strong>Mac-</strong></span> 
     </span>
    </p>
   </div>
   <div class='ocr_carea' id='block_1_99' title="bbox 2042 3977 3639 4065">
    <p class='ocr_par' dir='ltr' id='par_1_99' title="bbox 2042 3977 3639 4065">
     <span class='ocr_line' id='line_1_99' title="bbox 2042 3977 3639 4065; baseline -0.018 -9"><span class='ocrx_word' id='word_1_679' title='bbox 2042 3977 2239 4056; x_wconf 85' lang='lat' dir='ltr'><strong>cabaeis</strong></span> <span class='ocrx_word' id='word_1_680' title='bbox 2263 3997 2391 4065; x_wconf 85' lang='lat' dir='ltr'><strong>agit,</strong></span> <span class='ocrx_word' id='word_1_681' title='bbox 2423 4007 2655 4064; x_wconf 90' lang='lat' dir='ltr'><strong>quorum</strong></span> <span class='ocrx_word' id='word_1_682' title='bbox 2685 3988 2878 4045; x_wconf 88' lang='lat' dir='ltr'><strong>festum</strong></span> <span class='ocrx_word' id='word_1_683' title='bbox 2906 3986 2957 4039; x_wconf 92' lang='lat' dir='ltr'><strong>in</strong></span> <span class='ocrx_word' id='word_1_684' title='bbox 2996 3982 3230 4037; x_wconf 81' lang='lat' dir='ltr'><strong>Ecclesia</strong></span> <span class='ocrx_word' id='word_1_685' title='bbox 3268 3977 3639 4034; x_wconf 84' lang='lat' dir='ltr'><strong>Constantinu-</strong></span> 
     </span>
    </p>
   </div>
   <div class='ocr_carea' id='block_1_100' title="bbox 2044 4069 3640 4162">
    <p class='ocr_par' dir='ltr' id='par_1_100' title="bbox 2044 4069 3640 4162">
     <span class='ocr_line' id='line_1_100' title="bbox 2044 4069 3640 4162; baseline -0.017 -16"><span class='ocrx_word' id='word_1_686' title='bbox 2044 4090 2280 4162; x_wconf 89' lang='lat' dir='ltr'><strong>politana</strong></span> <span class='ocrx_word' id='word_1_687' title='bbox 2305 4083 2695 4144; x_wconf 86' lang='lat' dir='ltr'><strong>celebrabatur,</strong></span> <span class='ocrx_word' id='word_1_688' title='bbox 2726 4088 2777 4133; x_wconf 90' lang='lat' dir='ltr'><strong>et</strong></span> <span class='ocrx_word' id='word_1_689' title='bbox 2804 4091 2939 4147; x_wconf 84' lang='lat' dir='ltr'><strong>quos</strong></span> <span class='ocrx_word' id='word_1_690' title='bbox 2969 4074 3160 4144; x_wconf 77' lang='lat' dir='ltr'><strong>prohat</strong></span> <span class='ocrx_word' id='word_1_691' title='bbox 3181 4071 3269 4125; x_wconf 89' lang='lat' dir='ltr'><strong>ille</strong></span> <span class='ocrx_word' id='word_1_692' title='bbox 3301 4087 3397 4141; x_wconf 93' lang='lat' dir='ltr'><strong>pro</strong></span> <span class='ocrx_word' id='word_1_693' title='bbox 3423 4069 3640 4124; x_wconf 80' lang='lat' dir='ltr'><strong>Christo</strong></span> 
     </span>
    </p>
   </div>
   <div class='ocr_carea' id='block_1_101' title="bbox 2048 4162 3527 4253">
    <p class='ocr_par' dir='ltr' id='par_1_101' title="bbox 2048 4162 3527 4253">
     <span class='ocr_line' id='line_1_101' title="bbox 2048 4162 3527 4253; baseline -0.019 -15"><span class='ocrx_word' id='word_1_694' title='bbox 2048 4195 2235 4253; x_wconf 88' lang='lat' dir='ltr'><strong>passos</strong></span> <span class='ocrx_word' id='word_1_695' title='bbox 2253 4192 2395 4233; x_wconf 87' lang='lat' dir='ltr'><strong>esse.</strong></span> <span class='ocrx_word' id='word_1_696' title='bbox 2424 4175 2480 4229; x_wconf 87' lang='lat' dir='ltr'><strong>In</strong></span> <span class='ocrx_word' id='word_1_697' title='bbox 2516 4177 2619 4228; x_wconf 86' lang='lat' dir='ltr'><strong>line</strong></span> <span class='ocrx_word' id='word_1_698' title='bbox 2642 4167 2919 4226; x_wconf 87' lang='lat' dir='ltr'><strong>concionis</strong></span> <span class='ocrx_word' id='word_1_699' title='bbox 2941 4181 3107 4235; x_wconf 81' lang='lat' dir='ltr'><strong>pauca</strong></span> <span class='ocrx_word' id='word_1_700' title='bbox 3135 4162 3527 4218; x_wconf 80' lang='lat' dir='ltr'><strong>desiderantur.</strong></span> 
     </span>
    </p>
   </div>
   <div class='ocr_carea' id='block_1_102' title="bbox 2123 4249 3640 4331">
    <p class='ocr_par' dir='ltr' id='par_1_102' title="bbox 2123 4249 3640 4331">
     <span class='ocr_line' id='line_1_102' title="bbox 2123 4249 3640 4331; baseline -0.019 -2"><span class='ocrx_word' id='word_1_701' title='bbox 2123 4273 2392 4329; x_wconf 82' lang='lat' dir='ltr'><strong>Hactenus</strong></span> <span class='ocrx_word' id='word_1_702' title='bbox 2443 4265 2674 4319; x_wconf 90' lang='lat' dir='ltr'><strong>vidimus</strong></span> <span class='ocrx_word' id='word_1_703' title='bbox 2719 4260 2885 4331; x_wconf 80' lang='lat' dir='ltr'><strong>(Anno</strong></span> <span class='ocrx_word' id='word_1_704' title='bbox 2912 4256 3038 4323; x_wconf 76' lang='lat'><strong>599)</strong></span> <span class='ocrx_word' id='word_1_705' title='bbox 3086 4254 3265 4309; x_wconf 87' lang='lat' dir='ltr'><strong>omnia</strong></span> <span class='ocrx_word' id='word_1_706' title='bbox 3321 4249 3526 4321; x_wconf 90' lang='lat' dir='ltr'><strong>placide</strong></span> <span class='ocrx_word' id='word_1_707' title='bbox 3580 4258 3640 4301; x_wconf 74' lang='lat' dir='ltr'><strong>et</strong></span> 
     </span>
    </p>
   </div>
   <div class='ocr_carea' id='block_1_103' title="bbox 2052 4341 3644 4433">
    <p class='ocr_par' dir='ltr' id='par_1_103' title="bbox 2052 4341 3644 4433">
     <span class='ocr_line' id='line_1_103' title="bbox 2052 4341 3644 4433; baseline -0.015 -14"><span class='ocrx_word' id='word_1_708' title='bbox 2052 4374 2243 4433; x_wconf 92' lang='lat' dir='ltr'><strong>sponte</strong></span> <span class='ocrx_word' id='word_1_709' title='bbox 2274 4359 2511 4424; x_wconf 85' lang='lat' dir='ltr'><strong>uentia,</strong></span> <span class='ocrx_word' id='word_1_710' title='bbox 2559 4353 2855 4411; x_wconf 81' lang='lat' dir='ltr'><strong>Eudoxiam</strong></span> <span class='ocrx_word' id='word_1_711' title='bbox 2907 4350 3196 4418; x_wconf 79' lang='lat' dir='ltr'><strong>Augustam</strong></span> <span class='ocrx_word' id='word_1_712' title='bbox 3246 4345 3348 4415; x_wconf 90' lang='lat' dir='ltr'><strong>piis</strong></span> <span class='ocrx_word' id='word_1_713' title='bbox 3390 4341 3644 4412; x_wconf 89' lang='lat' dir='ltr'><strong>operibus</strong></span> 
     </span>
    </p>
   </div>
   <div class='ocr_carea' id='block_1_104' title="bbox 2051 4433 3645 4515">
    <p class='ocr_par' dir='ltr' id='par_1_104' title="bbox 2051 4433 3645 4515">
     <span class='ocr_line' id='line_1_104' title="bbox 2051 4433 3645 4515; baseline -0.016 -5"><span class='ocrx_word' id='word_1_714' title='bbox 2051 4454 2469 4515; x_wconf 90' lang='lat' dir='ltr'><strong>incumbentem,</strong></span> <span class='ocrx_word' id='word_1_715' title='bbox 2501 4460 2556 4503; x_wconf 89' lang='lat' dir='ltr'><strong>et</strong></span> <span class='ocrx_word' id='word_1_716' title='bbox 2601 4463 2631 4500; x_wconf 92' lang='lat' dir='ltr'><strong>a</strong></span> <span class='ocrx_word' id='word_1_717' title='bbox 2672 4444 3059 4514; x_wconf 82' lang='lat' dir='ltr'><strong>Chrysostomo</strong></span> <span class='ocrx_word' id='word_1_718' title='bbox 3109 4437 3349 4490; x_wconf 82' lang='lat' dir='ltr'><strong>laudibus</strong></span> <span class='ocrx_word' id='word_1_719' title='bbox 3397 4433 3645 4488; x_wconf 84' lang='lat' dir='ltr'><strong>celebra-</strong></span> 
     </span>
    </p>
   </div>
   <div class='ocr_carea' id='block_1_105' title="bbox 2051 4523 3640 4607">
    <p class='ocr_par' dir='ltr' id='par_1_105' title="bbox 2051 4523 3640 4607">
     <span class='ocr_line' id='line_1_105' title="bbox 2051 4523 3640 4607; baseline -0.017 -5"><span class='ocrx_word' id='word_1_720' title='bbox 2051 4557 2158 4603; x_wconf 88' lang='lat' dir='ltr'><strong>tam</strong></span> <span class='ocrx_word' id='word_1_721' title='bbox 2191 4535 2849 4607; x_wconf 88' lang='lat' dir='ltr'><strong>:Coustantinopolitanos</strong></span> <span class='ocrx_word' id='word_1_722' title='bbox 2883 4531 2953 4586; x_wconf 87' lang='lat' dir='ltr'><strong>ob</strong></span> <span class='ocrx_word' id='word_1_723' title='bbox 2988 4527 3248 4585; x_wconf 89' lang='lat' dir='ltr'><strong>circensia</strong></span> <span class='ocrx_word' id='word_1_724' title='bbox 3278 4533 3331 4580; x_wconf 89' lang='lat' dir='ltr'><strong>et</strong></span> <span class='ocrx_word' id='word_1_725' title='bbox 3363 4523 3640 4579; x_wconf 87' lang='lat' dir='ltr'><strong>theatralia</strong></span> 
     </span>
    </p>
   </div>
   <div class='ocr_carea' id='block_1_106' title="bbox 2052 4614 3642 4710">
    <p class='ocr_par' dir='ltr' id='par_1_106' title="bbox 2052 4614 3642 4710">
     <span class='ocr_line' id='line_1_106' title="bbox 2052 4614 3642 4710; baseline -0.018 -16"><span class='ocrx_word' id='word_1_726' title='bbox 2052 4634 2355 4710; x_wconf 87' lang='lat' dir='ltr'><strong>spectacula</strong></span> <span class='ocrx_word' id='word_1_727' title='bbox 2375 4630 2690 4703; x_wconf 86' lang='lat' dir='ltr'><strong>gravissime</strong></span> <span class='ocrx_word' id='word_1_728' title='bbox 2728 4626 3054 4694; x_wconf 90' lang='lat' dir='ltr'><strong>increpatos,</strong></span> <span class='ocrx_word' id='word_1_729' title='bbox 3086 4626 3354 4689; x_wconf 82' lang='lat' dir='ltr'><strong>aptantes,</strong></span> <span class='ocrx_word' id='word_1_730' title='bbox 3400 4615 3510 4669; x_wconf 91' lang='lat' dir='ltr'><strong>imo</strong></span> <span class='ocrx_word' id='word_1_731' title='bbox 3554 4614 3642 4668; x_wconf 86' lang='lat' dir='ltr'><strong>in-</strong></span> 
     </span>
    </p>
   </div>
   <div class='ocr_carea' id='block_1_107' title="bbox 2056 4704 3645 4798">
    <p class='ocr_par' dir='ltr' id='par_1_107' title="bbox 2056 4704 3645 4798">
     <span class='ocr_line' id='line_1_107' title="bbox 2056 4704 3645 4798; baseline -0.019 -9"><span class='ocrx_word' id='word_1_732' title='bbox 2056 4704 2259 4789; x_wconf 73' lang='lat' dir='ltr'><strong>stantes</strong></span> <span class='ocrx_word' id='word_1_733' title='bbox 2282 4725 2425 4798; x_wconf 90' lang='lat' dir='ltr'><strong>apud</strong></span> <span class='ocrx_word' id='word_1_734' title='bbox 2455 4723 2896 4795; x_wconf 76' lang='lat' dir='ltr'><strong>Chrysostomum</strong></span> <span class='ocrx_word' id='word_1_735' title='bbox 2920 4724 2978 4769; x_wconf 93' lang='lat' dir='ltr'><strong>ut</strong></span> <span class='ocrx_word' id='word_1_736' title='bbox 3000 4730 3059 4770; x_wconf 89' lang='lat' dir='ltr'><strong>se</strong></span> <span class='ocrx_word' id='word_1_737' title='bbox 3086 4711 3280 4767; x_wconf 91' lang='lat' dir='ltr'><strong>talibus</strong></span> <span class='ocrx_word' id='word_1_738' title='bbox 3306 4718 3413 4763; x_wconf 87' lang='lat' dir='ltr'><strong>tam</strong></span> <span class='ocrx_word' id='word_1_739' title='bbox 3434 4704 3645 4762; x_wconf 91' lang='lat' dir='ltr'><strong>acerbis</strong></span> 
     </span>
    </p>
   </div>
   <div class='ocr_carea' id='block_1_108' title="bbox 2059 4798 3643 4880">
    <p class='ocr_par' dir='ltr' id='par_1_108' title="bbox 2059 4798 3643 4880">
     <span class='ocr_line' id='line_1_108' title="bbox 2059 4798 3643 4880; baseline -0.02 1"><span class='ocrx_word' id='word_1_740' title='bbox 2059 4822 2278 4880; x_wconf 89' lang='lat' dir='ltr'><strong>monitis</strong></span> <span class='ocrx_word' id='word_1_741' title='bbox 2304 4818 2372 4876; x_wconf 89' lang='lat' dir='ltr'><strong>ad</strong></span> <span class='ocrx_word' id='word_1_742' title='bbox 2410 4824 2613 4873; x_wconf 89' lang='lat' dir='ltr'><strong>rectam</strong></span> <span class='ocrx_word' id='word_1_743' title='bbox 2662 4813 2803 4867; x_wconf 90' lang='lat' dir='ltr'><strong>viam</strong></span> <span class='ocrx_word' id='word_1_744' title='bbox 2846 4808 3175 4864; x_wconf 89' lang='lat' dir='ltr'><strong>deduceret:</strong></span> <span class='ocrx_word' id='word_1_745' title='bbox 3210 4799 3455 4865; x_wconf 86' lang='lat' dir='ltr'><strong>Gotthos,</strong></span> <span class='ocrx_word' id='word_1_746' title='bbox 3490 4798 3643 4867; x_wconf 87' lang='lat' dir='ltr'><strong>jussu</strong></span> 
     </span>
    </p>
   </div>
   <div class='ocr_carea' id='block_1_109' title="bbox 2061 4885 3642 4985">
    <p class='ocr_par' dir='ltr' id='par_1_109' title="bbox 2061 4885 3642 4985">
     <span class='ocr_line' id='line_1_109' title="bbox 2061 4885 3642 4985; baseline -0.018 -15"><span class='ocrx_word' id='word_1_747' title='bbox 2061 4917 2176 4985; x_wconf 87' lang='lat' dir='ltr'><strong>ejus</strong></span> <span class='ocrx_word' id='word_1_748' title='bbox 2196 4912 2445 4968; x_wconf 87' lang='lat' dir='ltr'><strong>Gottbice</strong></span> <span class='ocrx_word' id='word_1_749' title='bbox 2472 4906 2771 4974; x_wconf 90' lang='lat' dir='ltr'><strong>Scripturas</strong></span> <span class='ocrx_word' id='word_1_750' title='bbox 2802 4900 3038 4968; x_wconf 84' lang='lat' dir='ltr'><strong>legentes</strong></span> <span class='ocrx_word' id='word_1_751' title='bbox 3063 4903 3117 4949; x_wconf 90' lang='lat' dir='ltr'><strong>et</strong></span> <span class='ocrx_word' id='word_1_752' title='bbox 3152 4891 3399 4948; x_wconf 87' lang='lat' dir='ltr'><strong>Gotthice</strong></span> <span class='ocrx_word' id='word_1_753' title='bbox 3444 4885 3642 4958; x_wconf 70' lang='lat' dir='ltr'><strong>praedi-</strong></span> 
     </span>
    </p>
   </div>
   <div class='ocr_carea' id='block_1_110' title="bbox 2038 4978 3647 5062">
    <p class='ocr_par' dir='ltr' id='par_1_110' title="bbox 2038 4978 3647 5062">
     <span class='ocr_line' id='line_1_110' title="bbox 2038 4978 3647 5062; baseline -0.018 0"><span class='ocrx_word' id='word_1_754' title='bbox 2038 4978 2261 5062; x_wconf 74' lang='lat' dir='ltr'><strong>cantes.</strong></span> <span class='ocrx_word' id='word_1_755' title='bbox 2287 5003 2402 5057; x_wconf 85' lang='lat' dir='ltr'><strong>Jam</strong></span> <span class='ocrx_word' id='word_1_756' title='bbox 2436 5011 2560 5052; x_wconf 80' lang='lat' dir='ltr'><strong>vero</strong></span> <span class='ocrx_word' id='word_1_757' title='bbox 2585 4994 2651 5049; x_wconf 91' lang='lat' dir='ltr'><strong>ad</strong></span> <span class='ocrx_word' id='word_1_758' title='bbox 2688 4992 2857 5046; x_wconf 89' lang='lat' dir='ltr'><strong>tristia</strong></span> <span class='ocrx_word' id='word_1_759' title='bbox 2889 4988 3154 5049; x_wconf 89' lang='lat' dir='ltr'><strong>ducimur,</strong></span> <span class='ocrx_word' id='word_1_760' title='bbox 3187 5000 3307 5055; x_wconf 62' lang='lat' dir='ltr'><strong>quae</strong></span> <span class='ocrx_word' id='word_1_761' title='bbox 3347 4992 3406 5037; x_wconf 91' lang='lat' dir='ltr'><strong>ut</strong></span> <span class='ocrx_word' id='word_1_762' title='bbox 3450 4978 3647 5036; x_wconf 86' lang='lat' dir='ltr'><strong>clarius</strong></span> 
     </span>
    </p>
   </div>
   <div class='ocr_carea' id='block_1_111' title="bbox 2060 5083 3156 5164">
    <p class='ocr_par' dir='ltr' id='par_1_111' title="bbox 2060 5083 3156 5164">
     <span class='ocr_line' id='line_1_111' title="bbox 2060 5083 3156 5164; baseline -0.016 -14"><span class='ocrx_word' id='word_1_763' title='bbox 2060 5108 2409 5164; x_wconf 81' lang='lat' dir='ltr'><strong>exponamus,</strong></span> <span class='ocrx_word' id='word_1_764' title='bbox 2440 5090 2599 5143; x_wconf 88' lang='lat' dir='ltr'><strong>altius</strong></span> <span class='ocrx_word' id='word_1_765' title='bbox 2628 5083 2918 5156; x_wconf 87' lang='lat' dir='ltr'><strong>repetenda</strong></span> <span class='ocrx_word' id='word_1_766' title='bbox 2943 5096 3030 5137; x_wconf 91' lang='lat' dir='ltr'><strong>res</strong></span> <span class='ocrx_word' id='word_1_767' title='bbox 3054 5089 3156 5135; x_wconf 86' lang='lat' dir='ltr'><strong>est.</strong></span> 
     </span>
    </p>
   </div>
   <div class='ocr_carea' id='block_1_112' title="bbox 2134 5164 3644 5257">
    <p class='ocr_par' dir='ltr' id='par_1_112' title="bbox 2134 5164 3644 5257">
     <span class='ocr_line' id='line_1_112' title="bbox 2134 5164 3644 5257; baseline -0.017 -16"><span class='ocrx_word' id='word_1_768' title='bbox 2134 5185 2367 5257; x_wconf 83' lang='lat' dir='ltr'><strong>Eutropit</strong></span> <span class='ocrx_word' id='word_1_769' title='bbox 2415 5179 2630 5237; x_wconf 82' lang='lat' dir='ltr'><strong>eunuchi</strong></span> <span class='ocrx_word' id='word_1_770' title='bbox 2677 5177 2907 5231; x_wconf 79' lang='lat' dir='ltr'><strong>historia.</strong></span> <span class='ocrx_word' id='word_1_771' title='bbox 2939 5204 3006 5214; x_wconf 90' lang='lat'><strong></strong></span> <span class='ocrx_word' id='word_1_772' title='bbox 3035 5170 3318 5240; x_wconf 84' lang='lat' dir='ltr'><strong>Eutropius</strong></span> <span class='ocrx_word' id='word_1_773' title='bbox 3366 5164 3644 5220; x_wconf 80' lang='lat' dir='ltr'><strong>eunuchus</strong></span> 
     </span>
    </p>
   </div>
   <div class='ocr_carea' id='block_1_113' title="bbox 2063 5256 3646 5351">
    <p class='ocr_par' dir='ltr' id='par_1_113' title="bbox 2063 5256 3646 5351">
     <span class='ocr_line' id='line_1_113' title="bbox 2063 5256 3646 5351; baseline -0.018 -15"><span class='ocrx_word' id='word_1_774' title='bbox 2063 5280 2232 5351; x_wconf 75' lang='lat' dir='ltr'><strong>gratia</strong></span> <span class='ocrx_word' id='word_1_775' title='bbox 2254 5275 2393 5349; x_wconf 91' lang='lat' dir='ltr'><strong>apud</strong></span> <span class='ocrx_word' id='word_1_776' title='bbox 2411 5274 2786 5345; x_wconf 81' lang='lat' dir='ltr'><strong>Imperatorem</strong></span> <span class='ocrx_word' id='word_1_777' title='bbox 2806 5265 3084 5324; x_wconf 86' lang='lat' dir='ltr'><strong>Arcadium</strong></span> <span class='ocrx_word' id='word_1_778' title='bbox 3109 5262 3389 5332; x_wconf 85' lang='lat' dir='ltr'><strong>plurimum</strong></span> <span class='ocrx_word' id='word_1_779' title='bbox 3410 5256 3646 5322; x_wconf 83' lang='lat' dir='ltr'><strong>valebat,</strong></span> 
     </span>
    </p>
   </div>
   <div class='ocr_carea' id='block_1_114' title="bbox 2066 5348 3653 5445">
    <p class='ocr_par' dir='ltr' id='par_1_114' title="bbox 2066 5348 3653 5445">
     <span class='ocr_line' id='line_1_114' title="bbox 2066 5348 3653 5445; baseline -0.017 -15"><span class='ocrx_word' id='word_1_780' title='bbox 2066 5348 2536 5445; x_wconf 82' lang='lat' dir='ltr'><strong>ejusqueconsilio</strong></span> <span class='ocrx_word' id='word_1_781' title='bbox 2575 5376 2629 5421; x_wconf 91' lang='lat' dir='ltr'><strong>et</strong></span> <span class='ocrx_word' id='word_1_782' title='bbox 2669 5362 2980 5418; x_wconf 89' lang='lat' dir='ltr'><strong>auctoritate</strong></span> <span class='ocrx_word' id='word_1_783' title='bbox 3019 5370 3243 5428; x_wconf 45' lang='lat' dir='ltr'><strong>qumque</strong></span> <span class='ocrx_word' id='word_1_784' title='bbox 3286 5351 3513 5409; x_wconf 80' lang='lat' dir='ltr'><strong>maxima</strong></span> <span class='ocrx_word' id='word_1_785' title='bbox 3549 5348 3653 5405; x_wconf 88' lang='lat' dir='ltr'><strong>lm-</strong></span> 
     </span>
    </p>
   </div>
   <div class='ocr_carea' id='block_1_115' title="bbox 2068 5444 3652 5537">
    <p class='ocr_par' dir='ltr' id='par_1_115' title="bbox 2068 5444 3652 5537">
     <span class='ocr_line' id='line_1_115' title="bbox 2068 5444 3652 5537; baseline -0.016 -16"><span class='ocrx_word' id='word_1_786' title='bbox 2068 5444 2201 5537; x_wconf 86' lang='lat' dir='ltr'><strong>perii</strong></span> <span class='ocrx_word' id='word_1_787' title='bbox 2226 5463 2435 5534; x_wconf 88' lang='lat' dir='ltr'><strong>negotia</strong></span> <span class='ocrx_word' id='word_1_788' title='bbox 2460 5458 2778 5529; x_wconf 88' lang='lat' dir='ltr'><strong>gerebantur</strong></span> <span class='ocrx_word' id='word_1_789' title='bbox 2807 5452 3090 5526; x_wconf 79' lang='lat' dir='ltr'><strong>(Chrysost.</strong></span> <span class='ocrx_word' id='word_1_790' title='bbox 3122 5451 3173 5503; x_wconf 85' lang='lat' dir='ltr'><strong>in</strong></span> <span class='ocrx_word' id='word_1_791' title='bbox 3204 5446 3504 5515; x_wconf 80' lang='lat' dir='ltr'><strong>Eutropium</strong></span> <span class='ocrx_word' id='word_1_792' title='bbox 3532 5454 3569 5497; x_wconf 82' lang='grc' dir='ltr'><strong>.</strong></span> <span class='ocrx_word' id='word_1_793' title='bbox 3593 5444 3652 5498; x_wconf 79' lang='grc'><strong>5.</strong></span> 
     </span>
    </p>
   </div>
   <div class='ocr_carea' id='block_1_116' title="bbox 2076 5534 3649 5624">
    <p class='ocr_par' dir='ltr' id='par_1_116' title="bbox 2076 5534 3649 5624">
     <span class='ocr_line' id='line_1_116' title="bbox 2076 5534 3649 5624; baseline -0.014 -15"><span class='ocrx_word' id='word_1_794' title='bbox 2076 5534 2125 5609; x_wconf 64' lang='grc' dir='ltr'><strong>.</strong></span> <span class='ocrx_word' id='word_1_795' title='bbox 2153 5555 2303 5624; x_wconf 76' lang='grc'><strong>591).</strong></span> <span class='ocrx_word' id='word_1_796' title='bbox 2337 5553 2386 5607; x_wconf 90' lang='lat' dir='ltr'><strong>ls</strong></span> <span class='ocrx_word' id='word_1_797' title='bbox 2410 5565 2529 5605; x_wconf 90' lang='lat' dir='ltr'><strong>cum</strong></span> <span class='ocrx_word' id='word_1_798' title='bbox 2567 5547 2790 5603; x_wconf 88' lang='lat' dir='ltr'><strong>Joannis</strong></span> <span class='ocrx_word' id='word_1_799' title='bbox 2816 5541 3182 5616; x_wconf 85' lang='lat' dir='ltr'><strong>Chrysostomi</strong></span> <span class='ocrx_word' id='word_1_800' title='bbox 3213 5540 3264 5592; x_wconf 91' lang='lat' dir='ltr'><strong>in</strong></span> <span class='ocrx_word' id='word_1_801' title='bbox 3296 5536 3478 5591; x_wconf 90' lang='lat' dir='ltr'><strong>sedem</strong></span> <span class='ocrx_word' id='word_1_802' title='bbox 3509 5534 3649 5589; x_wconf 85' lang='lat' dir='ltr'><strong>Con-</strong></span> 
     </span>
    </p>
   </div>
   <div class='ocr_carea' id='block_1_117' title="bbox 2072 5627 3655 5712">
    <p class='ocr_par' dir='ltr' id='par_1_117' title="bbox 2072 5627 3655 5712">
     <span class='ocr_line' id='line_1_117' title="bbox 2072 5627 3655 5712; baseline -0.015 -10"><span class='ocrx_word' id='word_1_803' title='bbox 2072 5644 2590 5712; x_wconf 83' lang='lat' dir='ltr'><strong>stantinOpolitanam</strong></span> <span class='ocrx_word' id='word_1_804' title='bbox 2633 5637 2977 5710; x_wconf 90' lang='lat' dir='ltr'><strong>promovendi</strong></span> <span class='ocrx_word' id='word_1_805' title='bbox 3015 5642 3197 5687; x_wconf 90' lang='lat' dir='ltr'><strong>auctor</strong></span> <span class='ocrx_word' id='word_1_806' title='bbox 3238 5629 3454 5694; x_wconf 84' lang='lat' dir='ltr'><strong>fuisset,</strong></span> <span class='ocrx_word' id='word_1_807' title='bbox 3504 5627 3655 5681; x_wconf 89' lang='lat' dir='ltr'><strong>initio</strong></span> 
     </span>
    </p>
   </div>
   <div class='ocr_carea' id='block_1_118' title="bbox 2073 5719 3648 5809">
    <p class='ocr_par' dir='ltr' id='par_1_118' title="bbox 2073 5719 3648 5809">
     <span class='ocr_line' id='line_1_118' title="bbox 2073 5719 3648 5809; baseline -0.014 -15"><span class='ocrx_word' id='word_1_808' title='bbox 2073 5740 2187 5809; x_wconf 89' lang='lat' dir='ltr'><strong>ejus</strong></span> <span class='ocrx_word' id='word_1_809' title='bbox 2229 5734 2439 5789; x_wconf 90' lang='lat' dir='ltr'><strong>monitis</strong></span> <span class='ocrx_word' id='word_1_810' title='bbox 2475 5732 2786 5803; x_wconf 88' lang='lat' dir='ltr'><strong>placitisque</strong></span> <span class='ocrx_word' id='word_1_811' title='bbox 2828 5728 2963 5783; x_wconf 90' lang='lat' dir='ltr'><strong>haud</strong></span> <span class='ocrx_word' id='word_1_812' title='bbox 3001 5739 3141 5795; x_wconf 62' lang='lat' dir='ltr'><strong>(egre</strong></span> <span class='ocrx_word' id='word_1_813' title='bbox 3178 5738 3380 5777; x_wconf 88' lang='lat' dir='ltr'><strong>morem</strong></span> <span class='ocrx_word' id='word_1_814' title='bbox 3412 5719 3648 5790; x_wconf 83' lang='lat' dir='ltr'><strong>gerebat.</strong></span> 
     </span>
    </p>
   </div>
   <div class='ocr_carea' id='block_1_119' title="bbox 2075 5810 3653 5898">
    <p class='ocr_par' dir='ltr' id='par_1_119' title="bbox 2075 5810 3653 5898">
     <span class='ocr_line' id='line_1_119' title="bbox 2075 5810 3653 5898; baseline -0.018 -8"><span class='ocrx_word' id='word_1_815' title='bbox 2075 5829 2407 5898; x_wconf 86' lang='lat' dir='ltr'><strong>Subindeqtte</strong></span> <span class='ocrx_word' id='word_1_816' title='bbox 2432 5833 2773 5879; x_wconf 89' lang='lat' dir='ltr'><strong>accrescente</strong></span> <span class='ocrx_word' id='word_1_817' title='bbox 2801 5820 3034 5893; x_wconf 88' lang='lat' dir='ltr'><strong>potentia</strong></span> <span class='ocrx_word' id='word_1_818' title='bbox 3059 5860 3074 5884; x_wconf 95' lang='lat'><strong>,</strong></span> <span class='ocrx_word' id='word_1_819' title='bbox 3112 5831 3234 5871; x_wconf 90' lang='lat' dir='ltr'><strong>cum</strong></span> <span class='ocrx_word' id='word_1_820' title='bbox 3269 5815 3402 5869; x_wconf 87' lang='lat' dir='ltr'><strong>altos</strong></span> <span class='ocrx_word' id='word_1_821' title='bbox 3432 5810 3653 5880; x_wconf 78' lang='lat' dir='ltr'><strong>spiritus</strong></span> 
     </span>
    </p>
   </div>
   <div class='ocr_carea' id='block_1_120' title="bbox 2076 5900 3662 5991">
    <p class='ocr_par' dir='ltr' id='par_1_120' title="bbox 2076 5900 3662 5991">
     <span class='ocr_line' id='line_1_120' title="bbox 2076 5900 3662 5991; baseline -0.017 -10"><span class='ocrx_word' id='word_1_822' title='bbox 2076 5920 2465 5991; x_wconf 84' lang='lat' dir='ltr'><strong>assumpsisset,</strong></span> <span class='ocrx_word' id='word_1_823' title='bbox 2486 5932 2590 5971; x_wconf 93' lang='lat' dir='ltr'><strong>non</strong></span> <span class='ocrx_word' id='word_1_824' title='bbox 2605 5915 2893 5970; x_wconf 82' lang='lat' dir='ltr'><strong>desistebat</strong></span> <span class='ocrx_word' id='word_1_825' title='bbox 2907 5903 3433 5983; x_wconf 87' lang='lat' dir='ltr'><strong>Chrysostomus,scd</strong></span> <span class='ocrx_word' id='word_1_826' title='bbox 3446 5900 3662 5956; x_wconf 65' lang='lat' dir='ltr'><strong>dicebat</strong></span> 
     </span>
    </p>
   </div>
   <div class='ocr_carea' id='block_1_121' title="bbox 2080 5999 3657 6089">
    <p class='ocr_par' dir='ltr' id='par_1_121' title="bbox 2080 5999 3657 6089">
     <span class='ocr_line' id='line_1_121' title="bbox 2080 5999 3657 6089; baseline -0.015 -15"><span class='ocrx_word' id='word_1_827' title='bbox 2080 6019 2153 6075; x_wconf 90' lang='lat' dir='ltr'><strong>illi</strong></span> <span class='ocrx_word' id='word_1_828' title='bbox 2183 6016 2422 6089; x_wconf 82' lang='lat' dir='ltr'><strong>fugitivas</strong></span> <span class='ocrx_word' id='word_1_829' title='bbox 2449 6026 2568 6070; x_wconf 87' lang='lat' dir='ltr'><strong>esse</strong></span> <span class='ocrx_word' id='word_1_830' title='bbox 2596 6009 2807 6069; x_wconf 82' lang='lat' dir='ltr'><strong>divitias</strong></span> <span class='ocrx_word' id='word_1_831' title='bbox 2849 6006 3190 6079; x_wconf 82' lang='lat' dir='ltr'><strong>fragilemque</strong></span> <span class='ocrx_word' id='word_1_832' title='bbox 3223 5999 3512 6074; x_wconf 85' lang='lat' dir='ltr'><strong>potentiam</strong></span> <span class='ocrx_word' id='word_1_833' title='bbox 3554 6010 3657 6051; x_wconf 62' lang='grc' dir='ltr'><strong></strong></span> 
     </span>
    </p>
   </div>
  </div>
