4504 6720
892 535 991 589 I73

890 648 1145 703 cularem.
1181 649 1272 704 Illo
1301 659 1471 703 autem
1504 666 1616 705 rem
1645 666 1783 721 a‘gre
1810 652 2033 718 ferente,
2059 653 2288 707 addebat
2308 651 2367 705 S.
2386 652 2483 706 do-

894 749 1030 802 ctor,
1064 755 1124 797 se
1152 742 1241 810 qui
1271 750 1556 811 argueret,
1585 757 1713 798 vere
1736 743 1998 807 amicum;
2032 753 2362 811 cmterosque
2391 743 2480 810 qui

892 844 1038 904 gesta
1083 836 1248 903 ipsius
1292 833 1607 902 laudarent,
1654 834 1958 889 adulatores
2002 850 2143 889 esse.
2197 835 2483 903 Eutropius

897 939 1027 979 vero
1052 940 1163 978 rem
1196 924 1412 997 indigne
1450 925 1600 989 tulit,
1647 940 1710 980 ac
1750 924 1943 980 deinde
1973 925 2358 998 Chrysostomo
2384 925 2480 977 ad-

895 1016 1222 1070 vers-batur.

968 1104 1110 1160 Inter
1138 1106 1239 1160 alia
1270 1120 1415 1169 vero,
1445 1121 1565 1175 qua:
1587 1114 1784 1178 praeter
1811 1105 2178 1178 Chrysostomi
2204 1105 2483 1159 consilium

891 1204 950 1251 et
979 1196 1302 1251 voluntatem
1342 1196 1640 1268 designavit
1670 1199 1984 1267 Eutropius,
2035 1200 2203 1267 legem
2238 1197 2359 1253 ferri
2392 1210 2484 1249 cu-

898 1288 1053 1353 ravit,
1086 1296 1143 1341 ut
1166 1288 1303 1359 asyli
1344 1298 1399 1344 et
1428 1290 1781 1344 immunitatis
1800 1290 1891 1359 jus
1915 1291 2155 1345 ecclesiis
2186 1291 2482 1344 tolleretur.

900 1378 1092 1433 Verum
1124 1380 1175 1434 id
1208 1381 1301 1437 ille
1344 1383 1397 1436 in
1439 1382 1626 1449 capitis
1665 1382 1747 1433 sui
1793 1382 2081 1450 perniciem
2128 1382 2340 1434 molitus
2380 1389 2481 1432 est.

892 1468 1027 1524 Cum
1059 1472 1201 1527 enim
1233 1480 1413 1542 postea
1442 1481 1773 1526 accrescerct
1800 1473 1899 1525 sibi
1930 1472 2069 1541 apud
2103 1471 2481 1539 Imperatorem

893 1566 1093 1633 gratia,
1145 1564 1357 1619 Patricii
1390 1579 1584 1619 nomen
1613 1573 1669 1619 ct
1695 1565 2027 1620 consulatum
2058 1564 2180 1618 anui
2213 1562 2487 1630 undequa-

893 1654 1295 1723 dringentesimi
1322 1666 1684 1726 Consequutns
1711 1667 1811 1709 est.
1835 1658 1965 1724 Qua!
1986 1672 2074 1712 res
2098 1655 2279 1709 multis
2302 1653 2488 1723 displi-

893 1747 1021 1801 cuit.
1043 1746 1280 1801 Tandem
1302 1748 1622 1815 Tribigihius
1645 1749 1890 1802 tribunus
1909 1748 2046 1801 clam
2070 1749 2278 1802 favente
2295 1744 2483 1811 Gaiua,

893 1846 1078 1891 coacta
1107 1838 1331 1891 militum
1362 1853 1520 1890 manu
1551 1853 1578 1889 a
1608 1837 1955 1893 formidolosa
1982 1838 2227 1907 Principe
2259 1836 2487 1892 Arcadio

897 1926 1229 1996 impetravit,
1273 1937 1328 1981 ut
1367 1927 1531 1996 gradu
1563 1927 1886 1996 dejiceretur
1914 1928 2334 1997 Eutropiuszqui
2364 1942 2484 1981 cum

896 2018 1242 2089 Tribigildum
1267 2020 1511 2089 aliosque
1540 2021 1607 2075 ad
1634 2037 1821 2076 necem
1850 2022 1948 2074 sibi
1980 2019 2307 2074 inferendam
2332 2034 2483 2087 para-

892 2116 977 2164 tos
997 2121 1261 2172 cerneret,
1282 2111 1334 2165 in
1357 2110 1659 2177 ecclesiam,
1678 2110 1817 2180 quod
1838 2112 2047 2164 unicum
2065 2110 2163 2161 sibi
2190 2108 2482 2177 perfugium

897 2210 1197 2267 supererat,
1227 2216 1285 2255 se
1316 2202 1533 2269 recepit.
1565 2201 1882 2270 Trihigildus
1906 2210 2083 2254 autem
2103 2198 2191 2271 (T.
2211 2201 2263 2254 5.
2292 2214 2336 2252 c.
2355 2200 2481 2269 591)

894 2298 950 2343 et
977 2290 1171 2342 milites
1194 2290 1340 2356 jussa
1385 2290 1721 2358 imperatoris
1748 2290 1962 2345 Arcadii
1995 2306 2104 2360 pra:
2133 2304 2192 2345 se
2216 2290 2483 2355 ferentes,

894 2386 955 2433 ut
984 2378 1084 2432 sibi
1130 2378 1419 2448 Eutropius
1463 2380 1765 2435 traderetur
1792 2380 2142 2444 insistebant,
2188 2389 2243 2435 et
2290 2381 2489 2435 strictis

890 2466 1085 2536 gladiis
1122 2466 1176 2521 in
1217 2469 1496 2523 ecclesiam
1545 2471 1842 2539 irrumpere
1871 2470 2137 2523 volebant.
2178 2469 2373 2523 Verum
2404 2469 2489 2523 in-

895 2557 1100 2627 trepide
1115 2559 1322 2612 obstitit
1336 2556 1765 2630 Chrysostomus,
1786 2558 2005 2628 fugitivo
2022 2557 2262 2614 ecclesia:
2280 2559 2485 2629 asylum

895 2657 1066 2703 tutum
1096 2664 1216 2705 esse
1239 2649 1434 2704 debere
1462 2650 1662 2704 dicens.

965 2739 1115 2794 Licet
1156 2748 1332 2794 autem
1371 2739 1421 2794 id
1464 2740 1604 2809 apud
1644 2740 1960 2810 scriptorem
2002 2740 2207 2795 nullum
2255 2740 2485 2806 feratur,

896 2830 1187 2886 verisimile
1211 2840 1294 2885 est
1318 2832 1491 2901 ipsum
1522 2832 1605 2886 vel
1635 2831 2013 2901 Imperatorem
2058 2831 2276 2898 adiisse,
2306 2831 2390 2885 vel
2420 2830 2487 2886 ad

896 2921 1070 2991 ipsum
1098 2921 1397 2991 quempiam
1413 2922 1623 2976 misisse
1641 2931 1913 2991 rogantem
1942 2923 2233 2976 utmilitum
2254 2921 2489 2977 furorem

893 3021 1282 3083 compesceret.
1305 3011 1459 3075 Nam,
1490 3023 1547 3066 ut
1578 3014 1690 3085 ipse
1710 3010 2129 3085 ChryStistomus
2158 3014 2208 3067 in
2232 3013 2335 3067 hac
2362 3029 2493 3066 con-

896 3105 1054 3159 cione
1079 3104 1227 3170 dicit,
1252 3101 1570 3173 Imperator,
1598 3104 1687 3173 qui
1711 3105 1887 3157 statim
1910 3102 2159 3159 mandata
2181 3102 2404 3158 dederat
2435 3110 2493 3156 ut

900 3196 1190 3265 Eutropius
1210 3195 1525 3258 traderetur,
1552 3203 1749 3249 mutata
1772 3197 2033 3251 sententia
2064 3194 2148 3268 (Τ.
2173 3196 2227 3250 5.
2259 3208 2304 3246 c.
2328 3191 2488 3264 395);

902 3285 1180 3356 Postquam
1200 3287 1431 3357 cognovit
1449 3302 1563 3339 eum
1583 3287 1653 3339 ad
1671 3286 1876 3357 asylum
1902 3287 2127 3341 ecclesia:
2146 3304 2201 3341 se
2218 3302 2486 3355 recepisse,

899 3378 1130 3447 aﬂluente
1168 3377 1390 3430 exercitu
1428 3386 1474 3429 et
1515 3378 1762 3430 concitato
1805 3378 1867 3432 ob
1902 3378 2016 3447 ejus
2046 3379 2297 3444 crimina,
2328 3387 2489 3449 depo-

900 3477 1162 3536 scenteque
1194 3467 1447 3520 hominem
1475 3468 1543 3519 ad
1577 3468 1907 3537 supplicium,
1937 3469 2143 3539 longam
2172 3469 2346 3522 habuit
2370 3485 2491 3522 ora-

900 3559 1106 3624 tionem,
1137 3575 1239 3627 qua
1274 3558 1545 3614 militarem
1583 3560 1983 3630 indignationem
2005 3571 2370 3630 compesceret,
2400 3577 2491 3630 po-

901 3650 1098 3704 stulans
1120 3661 1171 3702 ut
1197 3666 1298 3704 non
1321 3649 1589 3720 culparum
1610 3652 1781 3715 modo,
1800 3652 1890 3706 sed
1912 3653 2063 3706 etiam
2088 3662 2219 3707 recte
2242 3656 2493 3724 factorum

903 3741 1152 3792 rationem
1178 3740 1446 3804 haberent;
1475 3759 1591 3795 nam
1622 3759 1715 3812 pro
1743 3742 1847 3796 illis
1870 3744 2087 3814 gratiam
2116 3744 2215 3813 ipsi
2245 3745 2492 3811 habebat;

902 3831 946 3885 si
966 3830 1091 3901 quid
1117 3847 1233 3884 vero
1253 3848 1395 3884 secus
1418 3832 1633 3901 fecisset,
1661 3842 1901 3903 tanquam
1927 3835 2117 3888 homini
2141 3836 2239 3905 ipsi
2266 3837 2495 3907 ignosce-

904 3923 1007 3975 but.
1039 3922 1166 3977 Cum
1208 3933 1377 3977 autem
1416 3923 1495 3978 illi
1522 3925 1588 3981 de
1626 3925 1823 3998 integro
1861 3936 2093 3997 urgerent
2118 3928 2187 3980 ad
2215 3928 2491 3982 vindictam

907 4014 1015 4069 (tesi
1056 4012 1419 4082 Imperatoris,
1460 4016 1768 4081 clamantes,
1817 4018 2122 4083 exsilientes,
2152 4019 2222 4071 ad
2251 4019 2494 4072 ultionem

906 4107 1251 4176 deposcentes,
1280 4108 1453 4162 hastas
1478 4107 1724 4162 vibrantes
1748 4125 1766 4163 :
1786 4119 1891 4162 tum
1919 4126 2034 4163 vero
2056 4115 2218 4180 fontes
2244 4111 2495 4181 lacryma-

903 4214 1021 4253 rum
1049 4198 1449 4252 clementissimis
1468 4200 1574 4252 suis
1595 4199 1757 4253 oculis
1781 4198 2074 4266 e/Tundens,
2093 4210 2138 4255 et
2159 4212 2498 4257 sacrosancta:

906 4304 1114 4351 meusce,
1134 4289 1202 4341 ad
1223 4305 1374 4355 quant
1402 4293 1731 4361 confugerat,
1763 4291 2056 4364 religionem
2083 4289 2189 4345 illis
2215 4292 2491 4360 incutiens,

907 4393 1043 4449 agre
1069 4378 1269 4431 tandem
1293 4378 1423 4431 iram
1449 4395 1619 4432 eorum
1646 4380 1858 4435 sedavit.

981 4470 1058 4523 Eo
1087 4469 1139 4523 in
1168 4476 1309 4524 statu
1342 4485 1430 4525 res
1454 4480 1636 4535 erant,
1665 4486 1784 4526 eum
1828 4472 2275 4545 Chrysostomus,
2313 4477 2495 4547 paucis

906 4569 1184 4631 postquam
1216 4560 1506 4631 Eutropius
1537 4563 1587 4617 in
1618 4564 1896 4620 ecclesiam
1924 4567 2235 4639 confugerat
2262 4569 2452 4625 diebus
2473 4612 2489 4636 ,

910 4652 965 4705 in
994 4651 1180 4707 eadem
1208 4652 1433 4706 ecvlesia
1459 4652 1771 4707 concionem
1806 4656 2024 4721 habuit,
2070 4668 2335 4727 prasente
2384 4661 2496 4713 Eu-

910 4743 1085 4813 tropio
1119 4751 1172 4797 ct
1195 4742 1472 4798 innumera
1504 4744 1680 4815 populi
1728 4746 2063 4801 multitudine
2087 4788 2100 4809 ,
2144 4765 2262 4817 qum
2292 4750 2359 4805 ad
2390 4760 2496 4804 tam

908 4834 1175 4905 singulare
1216 4834 1581 4905 spectaculum
1621 4834 1972 4893 conﬂuxerat.
2021 4837 2164 4895 Inter
2205 4855 2302 4895 eos
2346 4844 2497 4897 multi

909 4933 1083 4989 erant,
1115 4925 1205 4994 qui
1232 4924 1546 4998 Eutropinm
1572 4929 1975 4993 aversabantur,
2004 4931 2289 5001 ipsumque
2313 4934 2497 4987 militi-

909 5017 1012 5070 bus
1034 5016 1169 5070 tradi
1192 5017 1385 5074 debere
1405 5019 1715 5076 censebant.
1743 5021 1837 5076 llic
1855 5024 2053 5078 oratori
2078 5033 2267 5080 nostro
2291 5034 2499 5080 extem-

910 5120 1143 5176 poranea
1168 5107 1407 5162 oratione
1432 5123 1566 5179 opus
1594 5109 1719 5176 fuit;
1762 5127 1881 5180 qua:
1921 5124 2093 5169 tamen
2122 5116 2262 5172 inter
2284 5118 2498 5188 elegan-

913 5200 1143 5255 tissimas
1210 5202 1563 5273 computanda
1622 5210 1726 5259 cst.
1781 5202 1897 5258 Non
1954 5209 2119 5263 semel
2174 5208 2496 5281 Eutropium

912 5291 1218 5361 compellat,
1247 5304 1302 5347 et
1328 5295 1527 5351 monita
1570 5295 1641 5350 ab
1677 5312 1737 5352 se
1779 5296 1880 5366 ipsi
1910 5297 2029 5351 data
2060 5299 2115 5355 ia
2140 5312 2371 5359 mentem
2412 5322 2490 5360 re.

914 5390 1099 5449 vocat;
1150 5382 1274 5439 hinc
1319 5384 1387 5439 ad
1431 5386 1679 5458 populum
1721 5389 2085 5455 convertitur,
2126 5407 2282 5461 quem
2328 5404 2384 5450 ut
2428 5396 2494 5451 ad

915 5476 1433 5533 commiserationem
1460 5482 1764 5550 compellat,
1793 5482 2033 5552 Eutropii
2062 5483 2325 5541 fortunam
2358 5505 2496 5559 pnu-

913 5566 1146 5636 teritam,
1169 5574 1446 5639 praesentis
1467 5585 1596 5626 vero
1616 5570 1997 5641 deplorandum
2019 5589 2204 5631 casum
2231 5586 2336 5632 tam
2360 5582 2496 5649 aptis

914 5659 1093 5716 verbis
1144 5673 1530 5733 repraesentat,
1585 5672 1645 5719 ut
1696 5664 1777 5719 vel
1826 5664 2179 5724 ferocioribus
2229 5670 2496 5743 Iacrymas

909 5764 1203 5812 excuteret.

982 5848 1189 5917 Elapsis
1225 5858 1344 5919 post
1384 5848 1521 5905 hanc
1561 5846 1794 5904 habitam
1820 5851 2131 5907 concionem
2158 5853 2357 5926 aliquot
2379 5856 2494 5912 die-

909 5936 1031 6008 bus,
1069 5941 1350 6012 Eutropius
1387 5949 1445 5995 ut
1472 5940 1803 5997 inimicorum
1834 5944 2082 6000 excubias
2109 5942 2313 6003 falleret
2343 5963 2487 6005 sese-

1970 536 2025 593 ὃ.
2069 535 2346 594 JOANNIS
2373 534 2856 592 CIIRYSOSTOBII
2901 537 3080 602 VI'I'A.

4072 532 4170 588 I78

2590 667 2694 721 que
2727 652 3056 720 proriperet,
3094 651 3163 706 ab
3190 650 3417 706 ecclesia
3454 646 3677 714 aufugit.
3726 647 3921 702 Verum
3946 662 4159 719 captus,

2588 754 2747 813 atque
2776 744 2828 795 in
2851 742 3080 811 Cyprum
3104 742 3408 811 relegatus;
3437 738 3734 807 deindeque
3754 736 3893 791 haud
3916 740 3985 792 ita
4008 740 4174 795 multo

2588 836 2769 903 elapso
2808 843 3045 901 tempore
3074 833 3464 889 (.halcedonem
3495 832 3749 887 adductus
3773 837 3827 883 et
3855 827 4135 885 damnatus
4156 873 4170 895 ,

2588 928 2760 995 capite
2784 927 2969 993 plcxus
2989 933 3090 977 est.

2662 1017 2762 1070 Vix
2803 1016 2997 1083 elapsis
3048 1012 3257 1068 duobus
3296 1013 3379 1083 (T.
3413 1016 3469 1070 5.
3515 1009 3723 1085 c.5955)
3781 1018 3900 1082 post
3934 1008 4175 1078 Eutropii

2590 1106 2766 1177 fugam
2790 1109 2977 1162 diebus
3004 1105 3317 1160 euncioncm
3339 1107 3500 1159 aliam
3525 1104 3710 1158 habuit
3734 1102 4168 1175 Chrysostomus,

2589 1198 2674 1249 ubi
2701 1198 2992 1265 praemissis
3018 1192 3333 1264 quibusdam
3360 1193 3428 1246 de
3455 1195 3678 1266 utilitate
3702 1192 3946 1249 lectionis
3972 1190 4176 1243 divina-

2589 1303 2707 1340 rum
2738 1286 3134 1356 Scripturarum
3159 1326 3174 1348 ,
3205 1285 3483 1338 obsessam
3515 1286 3698 1352 paucis
3728 1295 3852 1339 ante
3878 1282 4062 1337 diebus
4087 1293 4177 1335 eo-

2586 1380 2802 1433 clesiam
2830 1379 3224 1447 fuissenarrat,
3256 1390 3427 1443 neque
3456 1385 3634 1429 tamen
3663 1376 3914 1429 traditum
3944 1372 4169 1429 inimicis

2592 1471 2927 1538 Eutropium,
2955 1473 3069 1541 qui,
3099 1472 3141 1523 si
3167 1468 3445 1523 ecclesiam
3478 1481 3582 1518 nou
3609 1465 3966 1532 deseruisset,
3994 1475 4178 1535 captus

2590 1576 2878 1630 numquam
2903 1562 3109 1613 fuisset.
3134 1561 3351 1615 Fluxam
3375 1558 3564 1610 iterum
3590 1556 3938 1609 hmnanarmu
3962 1558 4181 1611 faculta-

2591 1664 2701 1708 tum
2731 1653 3146 1722 divitiarumque
3184 1652 3542 1707 conditionem
3579 1650 3648 1701 ob
3672 1648 3857 1702 oculos
3882 1651 4027 1717 ponit
4051 1668 4065 1702 :
4088 1650 4183 1704 de-

2588 1755 2895 1814 sertumque
2924 1745 3049 1797 .Iicit
3076 1744 3145 1797 ah
3173 1742 3393 1805 amicis,
3442 1757 3471 1794 a
3502 1737 3807 1794 domesticis
3827 1778 3842 1799 ,
3886 1752 3917 1790 a
3955 1739 4182 1792 fortunis

2589 1838 2839 1891 omnibus
2883 1836 3220 1905 Eutropium.
3266 1833 3550 1902 Multisque
3576 1829 3767 1883 additis
3793 1827 3862 1882 de
3892 1842 4020 1881 vero
4048 1829 4183 1899 legi-

2592 1928 2826 1997 limoque
2848 1929 3152 1981 divitiarum
3185 1941 3283 1979 usu
3306 1966 3321 1988 ,
3366 1925 3539 1994 deque
3574 1923 3679 1976 vita
3723 1920 3993 1990 praesenti,
4020 1935 4183 1987 quam

2588 2018 3068 2087 peregrinationem
3087 2031 3206 2071 esse
3221 2023 3625 2074 commonstrat,
3640 2013 3706 2065 ad
3725 2009 3975 2065 Ecclesia:
3996 2010 4183 2065 lamles

2589 2112 2809 2175 transit,
2840 2109 3061 2177 ejusque
3090 2108 3299 2175 nuptias
3325 2122 3446 2160 cum
3486 2106 3702 2160 Christo
3725 2104 3965 2175 pluribus
3992 2117 4185 2171 prosc—

2584 2200 2800 2270 quitur,
2860 2199 2961 2252 hoc
3014 2198 3322 2267 frequenter
3370 2210 3498 2249 usus
3541 2195 3739 2250 Psalmi
3792 2192 4185 2263 quadragesimi

2588 2293 2762 2361 quatri
2788 2292 3073 2355 versiculo,
3104 2290 3311 2343 Adstitit
3341 2290 3515 2356 regina
3534 2304 3565 2339 a
3596 2288 3785 2341 dextris
3806 2286 3903 2339 tuis
3923 2287 3974 2337 in
4003 2286 4187 2337 vestitu

2591 2385 2854 2445 deaurato,
2881 2393 2987 2438 etc.
3016 2383 3090 2437 De
3114 2382 3216 2435 hac
3246 2390 3512 2451 postrema
3537 2379 3768 2434 homilire
3792 2386 3938 2448 parte
3964 2386 4187 2431 sentcn-

2592 2475 2718 2528 tiam
2747 2484 2985 2528 nostram
3015 2474 3245 2527 diximus
3273 2476 3325 2525 iu
3351 2472 3573 2525 Monito.

2662 2564 2842 2618 Gaina:
2856 2564 3157 2633 petulantia.
3176 2562 3457 2618 —Gainas
3486 2572 3604 2630 post
3628 2561 3963 2629 impetratam
3992 2560 4185 2628 partim

2586 2658 2659 2723 vi,
2687 2659 2878 2727 partim
2907 2658 3033 2711 dolo
3060 2659 3297 2727 Eutrapii
3339 2658 3546 2711 ruinam
3595 2656 3990 2726 perniciemque
4011 2653 4100 2720 (T.
4124 2655 4179 2709 5.

2587 2767 2635 2803 c.
2666 2750 2818 2818 M5),
2845 2750 3172 2818 petulantior
3198 2751 3247 2802 iu
3276 2750 3392 2803 dies
3413 2749 3600 2809 evasit,
3628 2756 3787 2822 atque
3810 2762 3877 2801 eo
3903 2748 4183 2816 impuden-

2590 2838 2676 2893 ti:e
2700 2840 2983 2908 processit,
3012 2847 3070 2893 ut
3095 2840 3260 2893 armis
3278 2840 3554 2909 copiisque
3576 2839 3888 2904 instructus,
3912 2836 4184 2893 Saturnini

2589 2937 2644 2985 et
2667 2929 2979 2996 Aureliani,
3027 2930 3116 3000 qui
3145 2930 3286 2985 inter
3315 2931 3528 2999 Imperii
3566 2944 3818 3001 proceres
3845 2929 4181 2993 eminebant,

2590 3024 2761 3093 capita
2801 3022 3153 3093 deposceret,
3197 3038 3298 3077 nec
3339 3024 3441 3078 nisi
3483 3023 3583 3077 hac
3611 3022 3921 3078 conditione
3945 3037 4003 3078 se
4030 3036 4182 3078 arma

2593 3113 2890 3181 positurum
2918 3126 3037 3166 esse
3059 3114 3415 3167 minitaretur.

2665 3205 2975 3258 Saturninus
3002 3216 3049 3257 et
3075 3204 3378 3257 Aurelianus
3402 3204 3455 3258 in
3473 3204 3704 3259 exsilium
3751 3204 3904 3272 pulsi.
3926 3231 3998 3244 -
4017 3204 4183 3259 Arca-

2589 3294 2710 3349 dius
2735 3310 2865 3349 vero
2888 3294 3204 3364 Imperator,
3229 3297 3321 3366 qui
3343 3296 3411 3351 ob
3433 3296 3673 3350 inertiam
3696 3306 3999 3366 metumque
4017 3298 4185 3353 cuivis

2593 3386 2803 3455 injuria!
2832 3396 3167 3454 opportunus
3210 3396 3358 3451 erat,
3390 3402 3503 3441 rem
3548 3387 3887 3456 quantumvis
3914 3388 4181 3456 indignam

2591 3477 2855 3548 denegare
2882 3492 2987 3531 non
3017 3491 3201 3539 ausus,
3225 3485 3402 3532 tantos
3428 3479 3572 3532 viros
3598 3477 3664 3530 ad
3689 3493 3873 3533 necem
3897 3477 4185 3532 traditurus

2593 3577 2729 3633 erat,
2767 3568 2867 3621 nisi
2898 3566 3313 3637 Chrysostomus
3337 3607 3352 3631 ,
3391 3576 3575 3635 utpote
3605 3567 3906 3621 communis
3945 3566 4184 3621 omnium

2595 3668 2769 3726 pater,
2804 3658 2880 3711 sic
2912 3659 3030 3721 ille,
3058 3657 3281 3712 Gaiuam
3315 3657 3556 3723 adiisset,
3588 3657 3916 3712 obambulans
3936 3699 3951 3721 ,
3977 3658 4186 3727 inquit.

2592 3748 2894 3811 exhortans,
2926 3748 3179 3802 obtestans
3198 3790 3212 3814 ,
3244 3749 3569 3819 supplicans,
3615 3758 3671 3801 ut
3712 3764 3745 3800 a
3774 3748 3991 3802 dominis
4014 3764 4073 3801 ea
4098 3764 4191 3801 ca-

2594 3837 2795 3892 lamilas
2833 3839 3205 3907 depelleretur;
3244 3838 3402 3909 idque
3434 3839 3656 3914 demum
3687 3853 3716 3891 a
3744 3838 3970 3892 barbaro
4014 3839 4187 3907 impe-

2596 3936 2822 3995 trasset,
2855 3940 2914 3983 ut
2933 3930 3061 3982 satis
3086 3929 3336 3994 haberet,
3368 3930 3411 3983 si
3444 3928 3761 3983 Saturninus
3782 3936 3837 3983 et
3866 3928 4189 3983 Aurelianus

2596 4019 2649 4072 in
2677 4022 2923 4074 exsilium
2950 4022 3313 4075 mitterentur.

2667 4110 2724 4163 Id
2752 4126 2881 4164 vero
2909 4110 3105 4164 accidit
3137 4125 3280 4164 anno
3322 4110 3540 4163 ineunte
3576 4110 3681 4165 400
3705 4128 3718 4164 :
3743 4126 3849 4180 quo
3876 4112 4049 4180 posito
4075 4111 4189 4166 cal-

2596 4202 2717 4255 eulo
2738 4217 2799 4256 ea
2821 4217 2941 4271 quae
2962 4202 3269 4270 prteceduut
3292 4212 3344 4256 et
3366 4218 3483 4271 quae
3504 4203 3897 4271 subsequuntur
3917 4214 4187 4265 constare.

2598 4304 2649 4349 et
2680 4294 2853 4348 locum
2897 4302 3211 4363 tempusque
3252 4308 3405 4347 suum
3454 4308 3716 4363 occupare
3760 4293 4023 4347 videntur.
4076 4294 4189 4349 Iloc

2597 4393 2772 4437 autem
2814 4394 3030 4452 peracto
3070 4382 3283 4453 negotio
3310 4383 3622 4437 concionem
3659 4382 3841 4437 habuit
3864 4381 4183 4453 Chrysosto-

2598 4491 2736 4540 mus,
2766 4476 2857 4530 ubi
2884 4475 2951 4531 de
2983 4474 3575 4545 Constantinopolitano
3614 4475 3862 4539 tumultu,
3893 4475 3959 4531 de
3983 4477 4190 4532 vicissi-

2600 4570 2783 4623 tudine
2809 4567 3161 4622 humanarum
3188 4582 3367 4621 rerum
3396 4567 3523 4636 agit.
3556 4566 3762 4633 Omnia,
3790 4568 3979 4636 inquit,
4009 4571 4189 4622 turba-

2597 4677 2708 4713 rum
2735 4676 2797 4712 ac
2825 4660 3134 4712 tumultnum
3169 4658 3319 4727 plena
3354 4668 3469 4712 sunt
3487 4699 3501 4721 ,
3544 4660 3713 4713 omnia
3742 4660 3936 4727 scopuli
3962 4676 4023 4712 ac
4054 4675 4192 4728 pra:-

2599 4755 2641 4803 ci
2649 4752 2794 4821 pitia,
2824 4752 2994 4804 omnia
3017 4767 3169 4822 rupes
3193 4750 3285 4805 sub
3312 4752 3457 4819 aquis
3477 4752 3687 4807 latentes
3708 4768 3727 4806 :
3748 4753 3918 4806 omnia
3946 4761 4185 4816 terrores,

2600 4843 2914 4905 discrimina,
2962 4843 3290 4912 suspiciones,
3327 4854 3598 4907 tremores,
3643 4853 3690 4897 et
3731 4860 3965 4915 angores.
4019 4840 4189 4895 Nemo

2599 4937 2832 5005 cuiquam
2876 4934 3007 5001 ﬁdit,
3027 4974 3040 4986 .
3061 4973 3074 4987 .
3093 4974 3139 4987 ..
3158 4972 3173 4989 .
3220 4952 3321 4989 non
3357 4944 3430 4989 est
3471 4936 3662 4989 amicus
3696 4942 3832 4988 tutus
3854 4975 3870 5001 ,
3900 4949 3999 4986 non
4030 4932 4191 4997 frater

2601 5026 2793 5090 ﬁrmus.
2844 5025 3112 5081 Sublatum
3161 5036 3232 5079 est
3286 5026 3513 5078 caritatis
3556 5026 3768 5090 bonum,
3818 5024 3961 5079 civile
4004 5022 4189 5074 bellum

2599 5132 2811 5191 occupat
2844 5123 3011 5175 omnia
3028 5164 3043 5185 ,
3070 5121 3212 5174 civile
3233 5160 3249 5186 ,
3279 5130 3326 5172 et
3352 5136 3452 5173 non
3495 5131 3759 5189 apertum,
3789 5118 3878 5173 sed
3904 5114 4187 5169 obumbra-

2602 5223 2725 5267 tum.
2756 5213 3047 5267 Innumerae
3074 5212 3254 5275 ubique
3290 5213 3472 5275 larvw,
3522 5212 3773 5266 simulata:
3800 5209 3955 5278 facies
3981 5224 4002 5260 :
4030 5206 4189 5260 inulta

2602 5306 2763 5357 ovium
2799 5306 3013 5370 vellera,
3045 5304 3295 5357 innumeri
3320 5303 3498 5375 ubique
3542 5304 3654 5371 lupi
3679 5301 3769 5355 sub
3804 5300 3881 5352 his
3911 5298 4190 5354 occultati:

2601 5407 2657 5451 ut
2692 5399 2805 5467 jam
2844 5398 2974 5451 inter
3010 5396 3173 5450 hostes
3206 5397 3390 5467 aliquis
3438 5398 3591 5449 tutius
3633 5393 3842 5454 vixerit,
3884 5407 4035 5459 quam
4059 5392 4190 5445 inter

2602 5507 2685 5545 eos
2716 5491 2801 5559 qui
2827 5489 3057 5544 videnlur
3080 5488 3245 5542 amici.
3272 5488 3368 5555 Qui
3384 5489 3493 5542 heri
3512 5484 3873 5549 adulabantur,
3902 5483 3987 5553 qui
4009 5500 4187 5537 manus

2601 5582 2978 5649 osculabantur,
3010 5583 3158 5636 hodie
3185 5592 3385 5653 repente
3414 5578 3653 5647 comperti
3684 5585 3798 5628 sunt
3826 5576 4010 5642 hostes,
4044 5576 4185 5645 obje-

2601 5678 2791 5747 ctisque
2828 5676 3013 5737 larvis.
3060 5677 3182 5745 facti
3216 5683 3334 5730 sunt
3378 5670 3606 5724 omnibus
3637 5670 4013 5724 accusatoribus
4044 5684 4190 5722 acer-

2600 5768 2799 5821 biores:
2821 5784 2912 5838 pro
2953 5769 3130 5837 quibus
3169 5768 3400 5818 hesterna
3448 5762 3529 5813 die
3569 5760 3758 5831 gratias
3798 5761 4039 5832 agebant,
4094 5759 4187 5809 hos

2597 5875 2729 5912 nttnc
2768 5861 3001 5914 incusant
3032 5868 3079 5911 et
3107 5855 3500 5909 calumniantur.
3544 5852 3742 5909 Deinde
3777 5869 3906 5911 vero
3948 5852 4015 5906 de
4044 5848 4187 5904 divio

2597 5952 2785 6007 tiaram
2844 5951 3076 6005 vanitate
3125 5948 3396 6018 eleganter
3439 5960 3534 6016 pro
3582 5961 3733 6005 more
3782 5959 3880 6002 suo
3929 5938 4182 5998 disserit:
