4504 6720
318 579 414 631 177

313 687 643 758 paupertatis
697 687 836 742 bona
886 685 1248 756 deprzrdicat,
1305 692 1488 752 utpote
1537 700 1657 755 qua:
1699 692 1898 737 tantam

312 787 533 848 praestet
562 781 898 835 securitatem
922 822 935 845 ,
969 787 1223 846 quantum
1267 775 1462 830 divitim
1490 776 1782 847 periculum
1812 789 1905 844 pa-

309 873 478 927 riunt.
522 870 744 925 Demum
782 870 1029 938 exemplo
1054 867 1173 923 .Iubi
1208 867 1272 920 ad
1318 867 1652 923 calamitates
1697 866 1902 919 fortiter

308 959 560 1017 ferendas
586 962 849 1018 bertatur.

379 1051 577 1108 (icilius
630 1052 878 1121 Magister
934 1050 1129 1103 militia:
1170 1051 1486 1103 constitutus.
1512 1047 1896 1117 -—Postquatn

306 1142 630 1197 Saturninus
673 1151 727 1193 et
771 1139 1087 1193 Aurelianus
1122 1140 1268 1212 (Sos.
1313 1139 1352 1195 Ι.
1398 1140 1456 1194 8.
1490 1154 1537 1192 c.
1582 1140 1657 1208 4),
1710 1150 1898 1209 pacato

307 1234 475 1289 Gaina
499 1277 512 1297 ,
543 1236 594 1288 in
618 1231 865 1288 exsiiiunt
892 1233 995 1287 acti
1025 1234 1227 1287 fuerant
1257 1233 1429 1304 (Auno
1455 1230 1579 1300 400)
1604 1272 1618 1293 ,
1649 1247 1767 1285 eunt
1798 1234 1899 1284 Ar-

307 1326 460 1379 cadio
500 1325 822 1391 Imperatore
851 1323 1046 1377 Gainas
1090 1324 1142 1379 in
1190 1324 1414 1378 ecclesia
1434 1322 1578 1390 juxta
1606 1322 1901 1376 Chalcedo-

309 1431 432 1469 nent
459 1415 580 1477 sita,
606 1415 695 1467 ubi
726 1414 782 1465 S.
816 1414 1124 1483 Eupbemia:
1150 1415 1400 1485 martyris
1426 1413 1727 1481 sepulcrum
1755 1420 1893 1475 erat,

306 1504 631 1572 colloquium
675 1504 895 1569 habuit,
927 1522 1151 1576 euntque
1178 1521 1241 1560 ex
1276 1514 1431 1574 parto
1456 1513 1718 1558 convento
1747 1518 1897 1557 arma

308 1598 669 1665 deposuisset,
699 1598 1115 1668 ctjurejurando
1137 1598 1379 1654 adhibito
1402 1595 1557 1649 Iidem
1588 1594 1899 1665 Imperatori

309 1690 587 1755 dedisset,
649 1693 911 1758 equestris
976 1689 1344 1759 pedestrisque
1405 1689 1606 1742 militia:
1652 1687 1902 1755 Magister

309 1783 633 1839 declaratur.
674 1784 847 1839 Tanto
887 1792 1063 1835 autent
1097 1780 1311 1835 inﬂatus
1339 1781 1577 1845 honore,
1621 1794 1711 1833 res
1735 1791 1901 1831 novas

312 1876 493 1931 moliri
526 1892 631 1929 non
673 1876 897 1929 distulit.
930 1874 1059 1928 Erat
1084 1873 1174 1927 ille
1202 1875 1461 1933 Arianus,
1493 1870 1714 1942 petittde
1741 1879 1901 1937 atque

312 1970 465 2022 multi
492 1969 583 2022 alii
604 1967 813 2032 Gottlzi,
837 1967 925 2035 qui
952 1975 1076 2020 tunc
1101 1968 1406 2035 episcttpttm
1437 1963 1899 2031 CottstantinOpttli

314 2061 581 2115 habebant
607 2078 621 2114 :
648 2061 997 2115 suadentibus
1024 2069 1201 2114 autent
1233 2058 1474 2128 ejusdem
1504 2067 1666 2112 secta:
1694 2057 1901 2126 cpisco-

313 2153 397 2221 pis
437 2152 820 2222 Imperatorem
866 2152 1103 2223 rogavit,
1156 2167 1316 2206 unant
1342 2166 1407 2205 ex
1433 2150 1677 2206 ecclesiis
1704 2148 1901 2205 urbicis

311 2260 423 2297 sua:
443 2254 604 2299 secta:
626 2244 890 2308 traderet;
921 2243 1227 2297 indecorum
1249 2258 1370 2299 esse
1395 2243 1576 2297 dicens
1591 2242 1900 2312 Magistrum

312 2334 568 2388 Romana:
600 2335 802 2388 militia:
826 2346 975 2389 estra
1005 2333 1190 2387 urbem
1223 2333 1409 2386 orandi
1433 2349 1591 2388 causa
1616 2333 1899 2402 proficisci.

308 2425 571 2479 Arcadius
594 2439 740 2490 vero,
769 2426 857 2495 qui
882 2424 1104 2480 Gainam
1130 2426 1420 2490 metuebat,
1447 2434 1507 2478 ut
1531 2435 1582 2479 et
1603 2423 1759 2478 aulici
1784 2423 1904 2492 ejus

308 2531 499 2570 omnes
524 2559 537 2580 ,
566 2532 627 2571 ea
654 2518 722 2571 de
748 2533 805 2570 re
839 2517 1251 2570 deliberaturum
1281 2531 1341 2570 se
1366 2516 1532 2581 dixit,
1573 2530 1902 2585 operamque

305 2607 557 2661 daturunt
590 2615 648 2660 ιιι
690 2608 857 2677 ipsius
896 2607 1165 2661 desiderio
1210 2606 1363 2660 ﬁeret
1405 2608 1555 2661 satis.
1606 2608 1903 2675 Imperator

306 2709 487 2755 autem
525 2699 786 2754 Joannem
831 2709 1071 2753 nostrum
1123 2696 1381 2761 advocat,
1428 2697 1611 2753 Gaium
1658 2707 1898 2768 optatum

305 2794 503 2860 docet,
539 2794 657 2862 ejus
687 2794 975 2861 potentiam
1009 2800 1427 2857 commemorat,
1470 2790 1641 2860 ipsum
1664 2788 1902 2861 tyranni-

303 2884 428 2939 dem
477 2884 723 2938 meditari
768 2901 873 2937 non
919 2883 1147 2937 obscure
1195 2881 1412 2947 indicat,
1454 2881 1802 2951 hortaturque
1844 2890 1901 2935 ut

305 2977 522 3030 barbari
554 2978 790 3031 animum
843 2975 892 3029 id
923 2975 1266 3030 concedendo
1295 2985 1603 3043 competh
1633 2973 1897 3045 (Theodo-

302 3080 401 3122 rel.
438 3072 475 3122 t.
501 3069 555 3124 5.
602 3084 648 3121 c.
697 3068 809 3139 52).
843 3067 1138 3139 Respondit
1170 3066 1404 3123 Joannes
1427 3106 1443 3132 ,
1476 3066 1788 3136 Imperatori
1816 3065 1896 3122 fas

303 3177 413 3214 non
453 3176 574 3214 esse
602 3159 726 3213 talia
767 3160 1042 3230 polliceri,
1086 3167 1141 3214 et
1181 3167 1365 3213 sancta
1401 3158 1624 3213 canibus
1648 3158 1896 3215 dare;se

304 3264 440 3305 vero
472 3251 775 3319 neutiquam
819 3264 975 3319 posse
1020 3249 1326 3304 Catholicos
1364 3250 1433 3304 ab
1457 3248 1680 3303 ecclesia
1708 3248 1896 3317 quavis

303 3344 539 3411 ejicere,
569 3352 629 3396 ut
671 3341 885 3395 inducat
922 3341 1190 3406 Arianos,
1231 3340 1320 3410 qui
1354 3340 1405 3393 in
1445 3338 1637 3393 Filium
1664 3338 1757 3393 Dei
1781 3338 1896 3391 bla-

300 3435 527 3504 spltema
566 3433 881 3502 proterrent,
924 3447 1096 3501 neque
1127 3440 1271 3485 metu
1300 3429 1518 3484 barbari
1548 3428 1747 3485 debere
1776 3443 1895 3482 mo-

300 3526 415 3581 veri
437 3544 451 3580 :
474 3526 567 3579 sed
596 3525 782 3579 ambos
800 3524 1061 3578 advocare
1082 3532 1252 3593 rogat,
1275 3537 1335 3576 se
1357 3534 1549 3590 nempe
1569 3530 1625 3574 et
1645 3518 1892 3583 Gainam,

300 3631 628 3686 spcrareque
671 3632 731 3672 se
786 3615 931 3669 illum
982 3629 1048 3668 eo
1092 3613 1446 3667 adducturum
1488 3625 1646 3677 esse,
1699 3620 1755 3663 ut
1784 3624 1893 3663 non

300 3711 438 3761 ultra
471 3710 619 3778 paria
649 3709 959 3778 postularet.
1002 3706 1095 3760 llis
1125 3705 1321 3759 auditis
1345 3704 1645 3774 Imperator
1675 3719 1895 3770 magno-

301 3814 431 3867 pere
456 3799 670 3867 gavisns
694 3807 776 3853 est
798 3839 815 3865 ,
855 3807 908 3852 et
936 3797 1192 3867 postridie
1218 3806 1503 3863 utrumque
1526 3795 1684 3864 jussit
1710 3794 1891 3847 acciri.

299 3891 543 3943 Accessit
586 3888 785 3944 Gaiuas
826 3887 1057 3961 (Sozam.
1107 3888 1144 3941 Ι.
1184 3888 1239 3942 8.
1286 3903 1333 3940 c.
1374 3885 1468 3958 4);
1517 3884 1689 3939 adfuit
1732 3885 1892 3939 etiam

299 3982 713 4052 Cbrysostomus
740 3996 860 4035 cum
892 3981 1161 4051 episcopis
1189 3982 1277 4051 qui
1307 3987 1416 4033 tum
1434 3978 1892 4047 Constantinopoli

300 4080 457 4124 erant
495 4068 823 4142 (Theodoret.
863 4072 900 4123 l.
938 4072 993 4126 5.
1034 4088 1081 4124 c.
1121 4071 1233 4140 59.).

374 4162 566 4215 Gaiuas
614 4177 645 4213 a
696 4161 1054 4231 Chrysostomo
1111 4177 1393 4230 repressus.
1426 4188 1494 4201 --
1521 4158 1656 4213 Tum
1697 4156 1893 4212 Gainas

302 4254 563 4324 promissa
604 4252 703 4305 sibi
746 4252 859 4306 dari
902 4251 1191 4322 ﬂagitabat.
1239 4251 1584 4305 Reclamabat
1627 4249 1889 4312 Joannes,

303 4368 410 4405 non
450 4351 609 4404 licere
648 4350 954 4419 Imperatori
989 4350 1075 4417 qui
1105 4348 1245 4416 piant
1274 4346 1587 4415 religionem
1612 4344 1892 4415 profitere-

304 4452 389 4495 tur
413 4483 428 4505 ,
470 4441 727 4497 adversus
761 4456 850 4495 res
901 4440 1106 4495 divinas
1143 4438 1427 4509 quidquam
1463 4443 1745 4489 attentare.
1787 4433 1893 4489 Ite-

304 4536 453 4605 punit
480 4535 744 4602 Gotthus,
789 4551 1000 4605 :equum
1048 4550 1167 4590 esse
1212 4541 1271 4588 ut
1314 4534 1425 4604 ipse
1469 4546 1679 4601 quoque
1718 4528 1887 4583 tndem

302 4644 528 4689 sterant,
557 4628 608 4680 itt
631 4642 731 4697 qua
755 4636 1088 4696 precaretur,
1123 4627 1359 4681 haberet.
1389 4625 1520 4679 Tum
1550 4639 1773 4693 magnus
1801 4621 1890 4676 ille

306 4720 563 4775 Joannes:
587 4716 773 4770 Omnes
796 4717 882 4769 tibi
906 4728 1097 4785 aperta:
1121 4727 1236 4770 sunt
1266 4720 1399 4771 wdes
1422 4732 1601 4780 suerit,
1629 4730 1721 4768 nec
1752 4712 1887 4766 ullus

303 4812 498 4864 aditum
537 4807 832 4875 prohibebit,
872 4807 917 4860 si
959 4809 1153 4877 precari
1193 4809 1429 4860 volueris.
1472 4809 1531 4861 At
1565 4825 1685 4881 «go,
1724 4806 1891 4876 inquit

303 4903 518 4970 Cainas,
566 4901 772 4953 ulterius
810 4915 921 4952 sum
958 4910 1139 4964 sectte,
1180 4908 1226 4952 et
1266 4915 1382 4951 cum
1418 4901 1733 4953 consortibus
1769 4899 1891 4952 meis

304 5011 457 5049 uuam
484 4994 742 5049 ecclesiam
770 5001 913 5061 peto;
944 4992 1095 5063 idque
1116 4993 1233 5062 jure
1253 4992 1375 5045 mihi
1397 5002 1560 5063 petere
1580 4992 1775 5054 videor,
1805 4991 1890 5057 qui

303 5088 460 5139 multa
503 5103 595 5156 pro
644 5085 882 5140 Romanis
927 5083 1176 5138 bellorum
1231 5084 1527 5138 discrimina
1576 5082 1883 5151 pertulerint.

303 5178 383 5234 Ad
413 5179 527 5235 haec
547 5178 783 5234 Joannes
807 5195 821 5232 :
841 5176 945 5232 Sed
973 5176 1144 5240 habes,
1174 5177 1365 5246 inquit,
1397 5177 1605 5244 pra'mia
1635 5174 1888 5231 laboribus

302 5270 399 5322 tuis
426 5270 577 5342 large
598 5272 795 5341 majora
815 5284 832 5321 :
850 5283 967 5321 nam
1001 5276 1049 5320 et
1078 5265 1325 5339 Magister
1356 5267 1575 5321 militum
1603 5275 1818 5333 creatus,
1845 5275 1890 5320 et

301 5360 559 5415 consulari
584 5372 716 5417 ueste
741 5368 947 5415 ornatus
974 5374 1045 5412 es.
1080 5357 1378 5413 Consideres
1397 5369 1590 5429 oportet
1620 5359 1741 5427 quid
1770 5360 1891 5414 olim

303 5454 458 5524 {ueris
482 5463 531 5506 et
556 5456 681 5523 quid
709 5470 842 5509 nunc
866 5454 971 5516 sis;
1009 5461 1197 5523 quanta
1228 5454 1380 5520 fuerit
1406 5454 1543 5521 jrior
1564 5463 1754 5526 egestas
1781 5464 1887 5515 tua,

302 5555 489 5617 quanta
517 5562 651 5600 mute
680 5565 849 5603 rerum
885 5548 1063 5617 copia;
1103 5543 1281 5614 quibus
1329 5547 1634 5601 vestimentis
1667 5563 1790 5602 usus
1822 5546 1890 5599 sis

303 5638 598 5709 priusquam
644 5636 839 5693 Istrum
893 5638 1186 5705 trajiceres,
1236 5634 1415 5707 quibus
1479 5653 1615 5693 nunc
1662 5638 1893 5693 indum-is

306 5729 537 5801 (Sozam.
580 5725 617 5778 l.
658 5725 713 5779 3.
759 5743 809 5780 ε.
852 5729 933 5799 4).
974 5729 1032 5783 ln
1062 5727 1369 5783 memoriam
1402 5728 1672 5781 revocavit
1697 5730 1889 5796 etiam,

306 5821 578 5894 quomodo
606 5834 728 5873 eum
759 5834 787 5871 a
819 5825 990 5888 patria
1016 5822 1306 5893 aufugisset
1331 5838 1359 5875 a
1391 5820 1691 5875 Tite=)tI(L~‘10
1718 5822 1891 5892 Impe-

306 5930 485 5973 ratorc
513 5925 564 5971 ct
606 5912 815 5967 Arcadii
857 5923 1007 5981 patre
1032 5925 1281 5970 servatus
1306 5915 1517 5980 luisset,
1555 5914 1893 5983 jurassetque

306 6026 365 6065 se
391 6008 642 6065 Romanis
667 6004 918 6073 anticum,
943 6004 1150 6074 ipsique
1169 6022 1232 6062 ac
1252 6007 1432 6064 liberis
1452 6007 1565 6078 ejus
1584 6008 1645 6062 ac
1664 6004 1885 6077 legibus.

1519 568 1699 624 Μ]Νο
1741 565 1945 622 ῐἯιΜΙΣ
1956 566 1999 619 δι
2030 568 2071 621 Α
2085 566 2429 625 ΟΟΒΝΛΤΑ.

3498 576 3597 632 I78

2012 696 2146 752 quas
2172 701 2313 740 nunc
2338 686 2594 755 abrogare
2623 687 2937 753 conabatur,
2968 685 3129 742 {ldum
3157 699 3412 758 perpetua
3440 706 3593 743 man-

2008 792 2192 831 surum
2221 792 2363 833 esse.
2405 778 2658 849 Tuncque
2684 778 2854 850 legem
2882 795 2910 832 a
2940 778 3242 835 Theodosio
3271 780 3431 835 latam
3474 797 3599 852 pro-

2010 869 2161 936 tulit,
2198 886 2320 940 qua:
2356 878 2599 924 vetuerat
2642 886 2708 924 ne
2747 870 2984 926 Ιιευτθιιοί
3028 872 3162 927 intra
3206 872 3354 928 urbis
3396 873 3597 927 mantia

2005 962 2256 1016 collectas
2283 961 2639 1016 celebrarent.
2672 961 2798 1017 Post
2823 963 2938 1017 lucc
2963 963 3030 1017 ad
3061 967 3439 1036 Imperatorem
3462 979 3566 1019 con

2004 1068 2191 1108 versus
2228 1052 2400 1107 suasit
2438 1052 2538 1123 ipsi
2578 1064 2635 1108 ut
2679 1054 2847 1124 legem
2870 1096 2884 1120 ,
2922 1071 3042 1125 qure
3072 1056 3328 1111 adversus
3358 1057 3595 1112 ltzereses

2003 1145 2105 1198 lata
2129 1146 2322 1209 fuerat,
2344 1155 2510 1199 ratam
2537 1154 2808 1200 servaret:
2827 1148 2993 1201 satius
3014 1164 3135 1203 esse
3156 1148 3343 1203 dicens
3369 1149 3595 1215 imperio

2001 1236 2225 1301 cedere,
2254 1252 2412 1306 quant
2449 1239 2649 1306 prodita
2684 1239 2778 1294 Dei
2823 1239 2984 1293 domo
3015 1241 3277 1308 piaculum
3310 1242 3599 1298 admittere

2004 1326 2329 1399 (Theodorei.
2359 1326 2464 1382 ιε.
2491 1344 2536 1381 c.
2570 1331 2685 1398 5-2).
2704 1330 3016 1399 IIujnsntodi
3044 1333 3380 1388 sermonibus
3403 1333 3597 1389 doctor

2004 1419 2090 1474 ille
2118 1419 2263 1475 orbis
2290 1429 2551 1475 terrarum
2601 1422 2694 1491 (sic
2720 1420 3112 1494 Tlieodoretus),
3132 1424 3314 1478 Gaium
3345 1440 3407 1479 os
3432 1426 3596 1481 obtu-

2004 1511 2156 1575 ravit,
2190 1521 2246 1565 ct
2275 1524 2452 1567 tacere
2477 1526 2600 1567 eum
2626 1513 2885 1583 compulit
2916 1513 3148 1583 (Sozam.
3173 1516 3211 1569 Ι.
3244 1516 3293 1578 8,
3327 1533 3373 1570 c.
3402 1519 3483 1588 4).

2076 1601 2255 1655 Gaium
2281 1613 2421 1671 gesta
2444 1612 2491 1655 et
2510 1619 2845 1659 recessus.—
2880 1602 2988 1674 Spe
3041 1604 3222 1673 lapsus
3266 1606 3500 1673 Gainas,
3541 1615 3599 1663 et

2005 1694 2155 1763 quasi
2204 1696 2257 1748 in
2288 1694 2520 1751 furorem
2549 1706 2698 1751 actus
2717 1737 2735 1762 ,
2758 1696 2916 1751 ﬁdem
2946 1696 3148 1752 violare
3175 1707 3231 1752 et
3270 1699 3454 1753 urbettt
3501 1698 3599 1754 de-

2008 1784 2231 1852 pr.rdari
2253 1784 2361 1853 jam
2386 1785 2762 1841 meditabatur.
2793 1788 2920 1857 Ejus
2947 1798 3125 1843 autem
3154 1789 3370 1843 insidias
3388 1830 3405 1856 ,
3424 1788 3597 1859 inquit

2007 1873 2367 1937 Sozomenus,
2402 1875 2780 1944 pramuntiavit
2813 1888 3085 1942 cometes,
3123 1878 3215 1946 qui
3266 1888 3395 1933 tunc
3433 1894 3596 1947 supra

2005 1967 2277 2021 civitatem
2304 1967 2567 2020 maximus
2592 1967 2870 2036 apparuit,
2926 1983 3094 2038 usque
3138 1969 3205 2022 ad
3250 1976 3445 2024 terrant
3484 1970 3598 2025 fere

2006 2059 2342 2128 pertingens,
2364 2068 2420 2114 et
2444 2058 2617 2129 qualis
2637 2074 2924 2129 numquam
2947 2068 3101 2115 antea
3131 2061 3273 2115 visus
3290 2062 3453 2117 fuisse
3478 2077 3593 2119 nte-

2005 2160 2261 2207 moratur.
2284 2152 2363 2207 Ac
2395 2151 2569 2221 primo
2621 2152 2840 2223 quidem
2887 2153 3309 2223 argentariorum
3355 2154 3596 2210 ofﬁcinas

2006 2241 2256 2298 invadere
2297 2242 2570 2307 teutabat,
2604 2244 2889 2298 maximam
2931 2260 2991 2299 se
3036 2244 3278 2316 pecunia:
3329 2261 3591 2300 summam

2008 2334 2129 2388 inde
2158 2334 2501 2389 collecturunt
2533 2350 2777 2405 sperans.
2803 2336 2936 2389 Cum
2963 2346 3140 2390 autem
3160 2352 3377 2391 rumore
3406 2338 3597 2390 nuntio

2008 2427 2058 2480 in
2092 2426 2334 2480 notitiam
2366 2427 2599 2481 venisset
2620 2428 2769 2481 illum
2820 2429 2947 2482 talia
2998 2428 3282 2497 meditari,
3310 2432 3594 2499 argentarii

2007 2518 2057 2571 itt
2083 2516 2301 2571 latebris
2329 2518 2507 2572 omnia
2540 2534 2799 2585 posuere:
2825 2519 2895 2572 ita
2917 2520 3092 2572 oumis
3117 2519 3247 2574 lucri
3306 2518 3430 2575 inde
3473 2535 3599 2590 per»

2004 2609 2381 2679 cit-iettdispes
2409 2606 2506 2678 ipsi
2530 2608 2778 2665 avolavit.
2814 2611 2947 2665 Tum
2986 2627 3083 2666 ceu
3130 2612 3276 2666 rabie
3316 2622 3594 2681 correptus

2003 2698 2201 2755 Gainas
2220 2741 2235 2763 ,
2259 2701 2370 2754 suis
2391 2700 2658 2755 mandavit
2685 2712 2740 2755 ut
2759 2701 3035 2770 imperiale
3056 2701 3307 2771 palatium
3338 2703 3594 2757 incende-

2003 2800 2141 2846 rent.
2166 2791 2263 2847 Ilic
2285 2808 2411 2847 vero
2439 2809 2553 2847 rem
2583 2792 2826 2863 prodigio
2849 2793 3077 2848 similem
3121 2804 3302 2849 narrat
3336 2793 3593 2849 Sozomc-

2004 2897 2141 2949 nus;
2170 2898 2360 2952 nempe
2381 2882 2649 2953 ingentem
2677 2882 2902 2939 miiitum
2948 2898 3226 2938 numerum
3264 2894 3389 2938 ante
3443 2886 3593 2954 pala-

2005 2974 2134 3028 tium
2161 2974 2414 3029 divinitus
2437 2976 2834 3044 comparuisse,
2865 2975 3224 3045 barbarosque
3263 2985 3317 3030 et
3369 2975 3590 3031 Gainam

2002 3066 2175 3135 ipsum
2199 3081 2266 3121 ne
2290 3077 2466 3135 empta
2497 3068 2813 3136 perlicerent
2834 3067 3162 3122 deterruisse
3180 3106 3197 3132 ,
3220 3068 3426 3136 aliaque
3468 3082 3590 3121 nar-

1999 3167 2082 3211 rat
2102 3172 2222 3226 quae
2257 3156 2487 3211 fabulam
2529 3172 2719 3227 sapere
2762 3158 3037 3212 videntur.
3063 3156 3223 3211 Addit
3261 3156 3594 3212 Sozomenus

1998 3263 2061 3302 ex
2094 3247 2337 3301 barbaris
2378 3247 2484 3302 illis
2512 3248 2649 3301 alios
2673 3247 2725 3301 in
2766 3247 2903 3302 urbe
2949 3248 3240 3313 mansisse,
3292 3247 3429 3301 alios
3469 3261 3588 3301 cum

1998 3340 2166 3397 Gaiua
2194 3357 2439 3412 egressos
2455 3357 2607 3409 esse,
2637 3350 2691 3396 et
2711 3341 3008 3395 clanculum
3039 3357 3186 3396 arma
3227 3341 3281 3399 itt
3327 3342 3588 3397 vehiculis

2002 3433 2318 3488 feminarum
2343 3474 2359 3500 ,
2382 3442 2437 3489 et
2467 3433 2517 3487 in
2544 3432 2703 3488 doliis
2728 3433 2833 3487 tela
2878 3432 3265 3502 exportavisse.
3310 3431 3416 3487 Sed
3465 3448 3587 3489 cum

1998 3523 2320 3593 deprehensi
2345 3532 2557 3587 essent,
2591 3532 2864 3593 portarum
2916 3523 3204 3589 custodes,
3250 3523 3420 3593 inquit
3462 3524 3582 3599 ille,

1997 3617 2086 3686 qui
2115 3631 2182 3670 ne
2210 3629 2358 3669 arma
2386 3622 2729 3684 exportarcnt
2779 3613 3159 3683 prohibebant,
3187 3612 3585 3668 interfecerunt.

1999 3704 2189 3775 Ingens
2214 3713 2337 3759 tune
2365 3705 2619 3757 tumultus
2642 3718 2705 3757 ac
2727 3713 2902 3759 terror
2945 3719 3132 3757 omnes
3179 3703 3404 3768 invasit,
3433 3702 3587 3773 quasi
3663 3731 3669 3737 -

1992 3796 2211 3867 jamjam
2231 3795 2360 3850 urbs
2385 3793 2641 3864 capienda
2669 3803 2725 3849 et
2742 3792 3027 3864 expilanda
3055 3802 3222 3851 esset.
3255 3796 3323 3847 At
3352 3793 3587 3864 Impera-

1998 3895 2083 3942 tor
2102 3884 2360 3940 Arcadius
2377 3926 2394 3951 ,
2419 3886 2619 3955 optimo
2642 3892 2774 3940 tunc
2798 3900 2925 3939 usus
2968 3884 3191 3941 consilio
3209 3927 3222 3947 ,
3242 3885 3459 3939 Gainam
3491 3884 3588 3939 Ito-

1996 3988 2133 4034 stem
2160 3977 2482 4045 declaravit,
2508 3977 2793 4043 barbaros,
2824 3978 2909 4047 qui
2942 3977 2992 4030 in
3016 3977 3146 4030 urbe
3194 3986 3346 4029 erant
3367 4018 3382 4043 ,
3414 3975 3585 4031 occidi

1991 4070 2150 4139 jIlSaIl
2190 4087 2206 4124 :
2251 4068 2553 4137 militesque
2604 4068 2803 4137 impetu
2848 4069 2899 4121 in
2954 4068 3073 4121 illos
3111 4068 3250 4122 I'aeto
3292 4068 3585 4123 maximam

1998 4163 2207 4217 illorum
2254 4172 2456 4231 partem
2504 4150 2866 4225 trucidavere;
2912 4160 3194 4216 ecclesiam
3244 4175 3406 4226 vero,
3462 4176 3584 4231 quat

1996 4254 2273 4310 dicebatur
2323 4254 2643 4310 Gottbortmt
2667 4293 2685 4319 ,
2715 4253 2958 4308 incendio
2987 4262 3467 4322 consumpserunt,
3524 4251 3580 4307 in

1996 4363 2099 4418 qua
2131 4347 2313 4403 Guttbi
2338 4347 2485 4401 multi
2515 4346 2743 4401 ﬂammis
2774 4346 2951 4399 traditi
2980 4346 3203 4415 periere.
3235 4345 3425 4399 Postea
3454 4361 3583 4400 vero

1996 4440 2326 4493 Sozomenus
2352 4437 2534 4493 Gaiure
2564 4446 2709 4506 gesta
2750 4446 3029 4501 recenset,
3080 4446 3134 4490 et
3180 4436 3355 4488 omnia
3399 4437 3581 4504 paucis

1994 4532 2333 4600 persequitur
2356 4529 2421 4580 ad
2451 4544 2619 4597 usque
2641 4526 2754 4596 ejus
2785 4527 2989 4580 cladem
3041 4537 3095 4581 et
3142 4542 3350 4581 necem.
3407 4523 3463 4580 in
3512 4526 3577 4580 iis

1990 4637 2119 4676 vero
2153 4636 2269 4690 quat
2296 4628 2511 4687 narrat,
2538 4617 2781 4690 quantum
2830 4632 2956 4672 vera
3008 4632 3130 4674 esse
3168 4617 3436 4682 videntur,
3483 4617 3581 4673 sed

1993 4711 2140 4767 falsis
2169 4710 2488 4765 intermixta.
3650 4708 3655 4711 ·

2066 4804 2181 4859 Alia
2208 4812 2390 4858 narrat
2414 4800 2787 4859 Theodoretus
2814 4800 3141 4871 (Tlteodaret.
3172 4802 3209 4856 Ι.
3242 4802 3296 4859 5.
3335 4817 3385 4855 c.
3430 4800 3501 4856 32
3527 4810 3575 4855 et

1993 4895 2107 4967 5'5).
2140 4895 2273 4951 Cum
2303 4893 2499 4951 Gainas
2543 4894 2642 4951 sibi
2665 4903 2720 4949 et
2768 4893 2879 4948 suis
2929 4892 3209 4948 ecclesiam
3258 4893 3576 4964 postulans,

1991 4991 2110 5061 ejus
2136 4990 2407 5061 potiunda:
2435 5004 2529 5057 spe
2553 4988 2731 5058 lapsus
2758 4994 2935 5052 esset,
2964 4986 3253 5055 aliquando
3284 4997 3403 5057 post
3445 4998 3577 5042 tem-

1994 5097 2124 5151 pore
2156 5083 2207 5135 in
2238 5088 2476 5150 apertam
2502 5078 2837 5151 tyrannidem
2864 5075 3070 5148 erupit,
3102 5078 3433 5149 collectoque
3482 5093 3578 5148 per

1991 5174 2271 5230 Thraciam
2300 5173 2535 5229 exercitu
2553 5213 2571 5239 ,
2598 5181 2808 5226 vastare
2838 5172 3016 5227 omnia
3041 5180 3093 5226 et
3121 5170 3342 5241 praedari
3390 5169 3574 5240 cmpit.

1995 5268 2106 5337 Qua
2132 5283 2189 5323 re
2219 5266 2477 5330 nuntiata,
2500 5272 2647 5322 metu
2670 5280 2857 5321 omnes
2878 5264 3102 5335 perculsi
3131 5271 3285 5317 sunt:
3307 5271 3414 5317 tam
3437 5264 3578 5333 opti-

1994 5370 2195 5426 mates,
2244 5374 2404 5431 quant
2447 5358 2697 5429 populum
2741 5367 2911 5412 terror
2952 5355 3161 5408 invasit.
3211 5354 3397 5426 Neque
3441 5356 3578 5410 ullus

1993 5462 2109 5509 erat
2135 5453 2223 5522 qui
2250 5452 2436 5524 pratlio
2460 5467 2581 5505 eunt
2628 5450 2718 5506 illo
2760 5447 3011 5519 congredi
3050 5448 3243 5515 vellet,
3278 5462 3432 5503 nemo
3486 5448 3576 5517 qui

1993 5543 2318 5616 legationem
2345 5544 2410 5598 ad
2442 5544 2587 5597 illum
2611 5542 2759 5597 obire
2786 5551 2955 5596 tutum
2986 5542 3256 5604 crederet,
3285 5539 3424 5607 quod
3458 5538 3579 5594 bar-

1995 5636 2184 5692 barum
2206 5637 2323 5706 ejus
2342 5636 2575 5690 animant
2606 5650 2793 5690 omnes
2818 5635 3245 5692 reformidarent.
3280 5630 3414 5687 Cum
3452 5648 3580 5704 ergo

1994 5728 2048 5786 Id
2101 5729 2299 5799 negotii
2341 5742 2499 5783 nemo
2553 5728 2824 5797 suscipere
2851 5727 3100 5791 auderet,
3146 5724 3212 5779 ad
3256 5715 3578 5794 intrepidum

1995 5822 2433 5893 Chrysostomum
2463 5822 2586 5883 itur,
2616 5821 2703 5891 qui
2726 5862 2739 5883 ,
2777 5820 2875 5875 etsi
2924 5820 3035 5889 ipse
3064 5817 3327 5887 prtecipua
3382 5818 3578 5873 irarum

1998 5930 2157 5970 causa
2188 5913 2385 5976 fuerat,
2424 5913 2478 5966 in
2502 5913 2783 5966 Thraciam
2832 5912 2931 5964 iter
2953 5910 3223 5981 suscepit,
3255 5908 3582 5977 Gainamque

2002 6007 2153 6063 adiit.
2184 6005 2281 6062 llic
2302 6020 2429 6061 vero
2448 6006 2616 6075 magis
2646 6018 2708 6061 ac
2735 6002 2906 6075 magis
2942 6003 3163 6073 enituit,
3202 6006 3464 6073 quantum
3490 6014 3583 6053 va-
