4504 6718
912 570 1011 626 179

908 688 1015 742 teat
1038 686 1239 752 virtus,
1266 696 1518 757 quantum
1550 687 1761 742 sincera
1789 688 1956 756 pietas
1978 729 1993 752 ,
2024 702 2149 758 erga
2172 687 2289 741 illos
2326 695 2488 740 etiam

907 792 1044 849 quos
1070 779 1377 848 impugnare
1393 777 1618 848 cogitur.
1642 778 1837 834 Gainas
1857 777 2114 832 barbarus
2135 788 2187 832 et
2209 786 2488 848 tyrannus,

907 870 1028 941 ejus
1083 871 1356 940 pristinam
1387 886 1485 940 pro
1528 870 1737 939 pietatis
1784 869 2095 923 defensione
2140 867 2491 923 constantiam

911 961 1163 1015 memoria
1191 970 1476 1029 repetens,
1515 960 1694 1014 libenti
1725 959 1904 1012 animo
1944 959 1998 1012 in
2046 973 2327 1013 occursum
2375 958 2491 1027 ejus

908 1052 1085 1115 venit,
1139 1050 1363 1121 ejusque
1409 1052 1679 1105 dexteram
1728 1051 1898 1105 oculis
1949 1049 2059 1103 suis
2104 1049 2388 1121 imposuit,
2437 1056 2491 1102 et

909 1138 1053 1196 ﬁlios
1083 1155 1211 1196 suos
1237 1142 1399 1195 sacris
1425 1140 1568 1194 illius
1596 1141 1820 1210 genibus
1845 1140 2077 1194 admovit
2100 1156 2113 1192 :
2162 1139 2296 1192 adeo
2328 1138 2489 1191 virtus

908 1231 998 1286 vel
1026 1231 1367 1286 infestissimo
1394 1231 1586 1299 cuique
1610 1231 1962 1285 reverentiam
1990 1244 2053 1284 ac
2098 1238 2355 1283 terrorem
2406 1227 2490 1278 in-

908 1323 1075 1394 jicere
1109 1324 1296 1391 possit.
1330 1322 1491 1377 Addit
1517 1321 1775 1389 Georgius
1828 1321 2220 1374 Alexandrinus
2269 1320 2488 1373 Gainam

909 1424 1038 1470 tunc
1062 1431 1209 1469 arma
1251 1416 1584 1484 deposuisse:
1618 1411 1759 1482 quod
1792 1411 2131 1465 falsissimum
2159 1420 2257 1465 est.
2293 1410 2487 1462 Verum

910 1505 1175 1560 fabulator
1195 1505 1283 1559 ille
1304 1504 1433 1557 nihil
1448 1517 1637 1557 sanum
1653 1502 1812 1567 dicit,
1837 1502 1936 1555 nisi
1954 1516 2015 1555 ea
2029 1517 2145 1563 qua:
2162 1518 2190 1552 ρ
2202 1517 2223 1549 ς
2249 1500 2487 1564 Socrate,

912 1595 1244 1658 Sozomeno,
1275 1592 1617 1649 Theodoreto
1641 1601 1696 1649 et
1750 1592 1983 1647 Palladio
2029 1599 2317 1655 mutuatur,
2368 1604 2489 1657 qua:

908 1690 1065 1742 etiam
1088 1701 1229 1755 saepe
1255 1685 1549 1756 depravare
1569 1686 1736 1749 solet,
1761 1694 1817 1737 ut
1838 1684 1989 1738 initio
2009 1683 2262 1738 diximus.
2291 1682 2489 1735 Gainas

908 1777 1050 1832 cnim
1088 1777 1141 1831 in
1171 1787 1349 1845 empto
1378 1776 1602 1844 perstitit
1632 1790 1730 1829 nec
1766 1788 1911 1827 arma
1955 1774 2165 1843 posuit,
2193 1772 2363 1826 donec
2410 1772 2487 1823 vi-

908 1877 1027 1923 ctus
1056 1882 1333 1936 caesosque
1358 1867 1472 1919 fuit.

976 1958 1256 2010 Asiaticum
1276 1956 1551 2026 negotium.
1590 1985 1663 1996 -—
1697 1955 1815 2009 Jam
1864 1954 1931 2008 ad
1983 1953 2267 2009 Asiaticum
2322 1966 2486 2020 nego-

906 2046 1038 2101 tium
1068 2048 1377 2111 veniamus,
1400 2047 1543 2117 quod
1574 2047 1628 2100 in
1656 2047 1874 2101 Oriente
1905 2044 2154 2098 tumultus
2197 2042 2487 2095 dissensio-

909 2150 1112 2207 nesque
1150 2137 1344 2192 multas
1369 2137 1653 2198 excitavit,
1686 2137 2005 2202 demumque
2046 2132 2485 2201 Cltrysoslontum

918 2231 968 2282 in
991 2230 1171 2283 Asiam
1195 2230 1296 2284 iter
1314 2228 1487 2283 facere
1504 2229 1680 2296 ibique
1706 2242 1883 2281 moras
1901 2225 2109 2280 trahere
2130 2225 2322 2294 coegit:
2345 2224 2487 2293 quod

905 2321 1003 2391 ipsi
1024 2336 1381 2375 terumnarnm
1402 2330 1455 2375 et
1480 2320 1839 2374 calamitatum
1890 2319 2095 2373 initium
2140 2317 2257 2372 fuit.
2312 2317 2488 2371 Histo-

908 2412 1150 2482 riamque
1200 2420 1443 2466 texemus
1485 2426 1551 2467 ex
1600 2420 1820 2465 narratu
1872 2410 2096 2464 Palladii
2144 2408 2489 2478 Helenopoli-

907 2504 1016 2557 tani
1042 2504 1277 2572 episcopi
1303 2544 1319 2567 ,
1350 2503 1438 2572 qui
1472 2504 1784 2573 plerumque
1814 2502 1975 2557 rebus
1998 2502 2124 2570 ipsis
2154 2500 2414 2556 interfuit.

974 2593 1268 2649 lndictione
1292 2593 1501 2650 decima
1528 2594 1683 2648 tertia
1718 2594 1932 2662 (mense
1957 2592 2172 2646 circiter
2194 2591 2331 2645 Maio
2362 2591 2487 2644 anui

904 2684 1046 2753 ‘00)
1110 2684 1603 2753 Constantinopolin
1674 2690 1936 2738 venerunt
2007 2681 2189 2736 Asiani
2251 2682 2488 2750 episcOpi

904 2773 928 2845 (
951 2773 1224 2828 Palladius
1249 2793 1301 2844 p.
1332 2774 1458 2829 ηδ.
1489 2771 1645 2843 sqq.),
1669 2773 1910 2842 aliosque
1938 2772 2219 2842 episcopos
2245 2772 2336 2841 qui
2364 2780 2489 2825 tunc

907 2865 962 2919 in
992 2865 1124 2920 urbe
1143 2876 1297 2920 erant
1335 2872 1732 2930 convenerunt,
1757 2863 2048 2919 Palladium
2094 2879 2285 2935 nempe
2331 2864 2491 2920 Hele-

904 2956 1307 3024 ttopolitanum,
1360 2955 1697 3009 Theotimum
1762 2970 1829 3009 ex
1863 2953 2115 3024 Scythia,
2168 2955 2488 3008 Ammonem

905 3046 1209 3118 Egyptium
1232 3063 1297 3100 ex
1327 3046 1548 3101 Thracia
1565 3087 1580 3111 ,
1600 3046 1925 3101 Arabiannm
1947 3061 2011 3100 ex
2032 3045 2239 3100 Galatia
2263 3052 2317 3099 et
2332 3044 2486 3111 alios,

904 3137 997 3207 qui
1025 3151 1213 3191 omnes
1239 3136 1425 3205 viginti
1447 3136 1553 3190 duo
1581 3144 1765 3201 erant,
1797 3134 1988 3204 quibus
2010 3143 2239 3203 przeerat
2257 3132 2491 3190 Joannes

908 3237 1096 3282 noster
1142 3225 1757 3294 Constantinopolitanus
1813 3223 2207 3294 episcopus.lis
2260 3240 2389 3279 vero
2435 3225 2490 3280 in

903 3317 1118 3390 Synodo
1142 3319 1477 3387 congregatis
1500 3317 1757 3371 Eusebius
1768 3315 2318 3384 ValentinOpolitanus
2338 3315 2491 3369 libel-

908 3409 990 3465 los
1017 3409 1267 3471 tradidit.
1316 3418 1498 3463 contra
1543 3408 1871 3463 Antoninum
1924 3407 2120 3477 Ephesi
2179 3408 2488 3478 episcopum

907 3510 1111 3572 septem
1140 3502 1311 3570 capita
1340 3500 1794 3569 complectentes:
1829 3499 2001 3568 primo
2056 3498 2198 3567 quod
2248 3496 2491 3553 conﬂatis

907 3592 1075 3647 sacris
1098 3591 1242 3645 vasis
1267 3600 1545 3659 argentum
1566 3590 1689 3644 inde
1720 3589 2036 3658 provenicns
2093 3589 2143 3641 in
2186 3603 2339 3641 usum
2395 3586 2488 3641 filii

906 3682 987 3736 sui
1016 3681 1402 3736 convertisset:
1435 3678 1691 3743 secundo,
1718 3678 1857 3749 quod
1875 3678 2135 3732 sublatum
2157 3692 2227 3731 ex
2250 3677 2490 3746 ingressu

910 3771 1209 3841 baptisterii
1254 3784 1489 3824 marmor
1518 3770 1571 3823 in
1612 3769 1860 3823 balneum
1898 3783 2053 3822 suum
2102 3766 2486 3822 transtulisset:

909 3862 1068 3917 tertio
1090 3902 1106 3929 ,
1128 3859 1272 3931 quod
1303 3859 1559 3915 Ecclesiae
1595 3859 1900 3923 columnas,
1933 3872 1963 3911 a
2004 3858 2183 3912 multis
2236 3856 2493 3924 annisja-

909 3961 1115 4017 centes,
1140 3952 1277 4005 intra
1305 3950 1590 4004 triclinium
1612 3963 1765 4003 suum
1785 3948 2049 4018 posuisset
2074 3965 2086 4000 :
2118 3954 2329 4016 quarto,
2352 3946 2493 4016 quod

910 4056 1045 4112 puer
1069 4041 1185 4110 ejus
1212 4039 1410 4095 eadem
1442 4048 1736 4110 patrasset,
1765 4054 1923 4109 quem
1949 4037 2122 4093 adhuc
2151 4039 2242 4093 ille
2280 4040 2331 4092 in
2388 4039 2490 4092 mi-

912 4130 1137 4185 nisterio
1178 4130 1466 4185 retineret:
1520 4130 1737 4199 quinto,
1794 4128 1936 4198 quod
1984 4129 2182 4198 praedia
2235 4130 2491 4184 Ecclesia:

908 4220 1412 4280 relictaaBasilina
1459 4220 1652 4275 Juliani
1704 4221 2041 4290 Imperatoris
2085 4228 2257 4274 matre
2308 4222 2495 4274 vendi-

913 4313 1113 4381 disset,
1167 4314 1505 4383 pretiumque
1558 4312 1658 4367 sibi
1707 4311 2026 4365 vindicasset
2068 4329 2083 4365 :
2128 4321 2301 4374 sexto,
2352 4310 2494 4380 (ιυοά

914 4407 1132 4463 dimissa
1157 4421 1323 4461 uxore
1352 4420 1444 4459 sua
1471 4445 1486 4469 ,
1514 4420 1634 4459 cum
1664 4418 1725 4458 ea
1754 4418 1939 4458 rursus
1965 4418 2289 4472 congressus
2313 4413 2451 4457 esset
2476 4446 2492 4470 ,

912 4500 1153 4570 filiosque
1179 4508 1545 4570 procreasset:
1575 4498 1803 4567 septimo
1822 4538 1836 4562 ,
1859 4496 1998 4567 quod
2027 4498 2177 4566 quasi
2229 4496 2345 4567 lege
2395 4496 2494 4552 sibi

915 4593 1264 4651 constitutum
1293 4601 1435 4647 esset
1455 4602 1512 4646 ut
1531 4592 1896 4647 ordinationes
1943 4593 2350 4663 episcoporum,
2407 4606 2493 4646 se-

914 4685 1147 4743 cundum
1198 4684 1464 4739 redituum
1504 4683 1799 4747 rationem,
1830 4684 2102 4738 venderet.
2151 4683 2355 4739 Adesse
2403 4698 2497 4737 au-

918 4787 1022 4833 tem
1046 4791 1160 4839 eos,
1179 4776 1268 4845 qui
1298 4775 1466 4844 pretio
1495 4773 1723 4828 ordinati
1745 4772 1915 4835 fuere,
1952 4787 2118 4842 seque
2137 4788 2253 4828 rem
2285 4773 2498 4828 aliunde

917 4869 1147 4940 probare
1168 4882 1345 4938 posse.
1372 4868 1465 4922 llis
1494 4867 1686 4922 auditis
1715 4866 2129 4938 Chrysostomus
2155 4904 2171 4931 ,
2202 4865 2500 4935 suspicatus

917 4960 1033 5016 htec
1058 4960 1283 5014 crimina
1311 4973 1377 5013 ex
1407 4957 1530 5013 odio
1557 4959 1639 5013 vel
1666 4958 1939 5012 inimicitia
1970 4956 2187 5011 Eusebii
2214 4956 2497 5023 proficisci,

920 5048 1068 5106 illum
1099 5063 1443 5118 compescere
1462 5058 1687 5103 conatus
1722 5056 1833 5111 est,
1865 5047 2191 5118 Paulumque
2229 5046 2501 5101 Heraclea:

918 5141 1231 5211 episcopum
1253 5180 1269 5205 ,
1294 5140 1385 5209 qui
1414 5139 1681 5193 Antonino
1727 5136 1904 5193 favere
1930 5138 2229 5204 videbatur,
2257 5137 2502 5195 hortatus

921 5242 1037 5297 est,
1069 5243 1125 5287 nt
1152 5248 1336 5301 pacem
1364 5232 1502 5286 inter
1530 5240 1812 5302 utrumque
1864 5231 2080 5287 faceret.
2136 5232 2323 5286 Postea
2374 5246 2501 5285 vero

919 5323 1331 5397 Clirysostomus
1356 5322 1421 5377 ad
1443 5322 1761 5377 sacrificium
1793 5321 2122 5378 offerendum
2167 5336 2286 5376 sese
2335 5338 2499 5392 appa-

922 5418 1095 5471 rabat.

995 5508 1142 5561 Tunc
1167 5506 1428 5563 Eusebius
1458 5506 1533 5560 ira
1563 5518 1857 5561 succensus
1878 5546 1891 5571 ,
1915 5504 2177 5559 Joannem
2207 5503 2498 5573 adjnravit,

929 5598 1204 5653 horrendis
1229 5598 1481 5652 adhibitis
1503 5597 1849 5651 sacramentis
1874 5637 1887 5661 ,
1917 5605 1971 5649 nt
1990 5596 2152 5649 dictis
2179 5596 2288 5648 suis
2324 5605 2500 5650 atten-

928 5690 1107 5745 deret:
1134 5699 1359 5759 tuncque
1385 5704 1562 5743 coram
1591 5687 1734 5741 omni
1761 5686 1959 5757 populo
2002 5686 2237 5740 libellum
2292 5684 2497 5739 obtulit.

932 5784 1333 5856 Elirysnstomus
1362 5792 1503 5836 tanta
1539 5783 1750 5837 Eusebii
1785 5781 2031 5834 instantia
2055 5780 2502 5849 veltcmentiaque

929 5888 985 5929 se
1018 5884 1314 5941 permotum
1345 5876 1578 5929 sentiens
1598 5916 1610 5937 ,
1646 5872 1815 5927 noluit
1847 5874 1899 5924 in
1930 5872 2019 5926 tali
2047 5870 2210 5925 animi
2235 5881 2373 5926 statu
2419 5885 2505 5924 sa-

932 5965 1181 6021 crificium
1202 5965 1427 6031 oderre;
1458 5966 1551 6021 sed
1582 5963 1935 6035 Pansophium
1960 5961 2171 6019 Pisidiae
2194 5962 2501 6034 episcopum

1965 574 2021 626 S.
2060 571 2335 627 JOANNlS
2378 569 2853 627 CHRYSOSTOSII
2895 573 3074 635 Vl'l‘A,

4068 578 4169 633 181)

2595 686 2833 756 rogavit,
2861 687 2910 739 id
2934 689 3170 742 muneris
3196 686 3554 757 persolveret,
3582 688 3925 762 libellumque
3951 693 4169 762 recepit,

2596 787 2792 832 etcum
2813 778 3021 831 caeteris
3046 779 3310 849 episcopis
3338 795 3583 851 egressus
3611 789 3711 835 est.
3736 780 4018 852 POStqnani
4047 800 4175 840 vero

2594 868 2796 922 dimissi
2830 868 3009 939 populi
3037 860 3220 935 fuere,
3249 887 3370 926 cum
3400 873 3605 928 caeteris
3631 873 3892 941 episcopis
3920 876 3972 928 in
3999 878 4174 946 bapti-

2594 959 2756 1013 sterio
2785 959 3056 1014 consedit:
3085 959 3419 1030 Eusebioque
3447 964 3599 1027 dixit,
3619 978 3794 1018 secum
3822 967 4180 1031 perpenderet

2594 1063 2662 1102 an
2698 1048 2837 1103 dicta
2893 1050 3118 1119 probare
3164 1060 3380 1117 posset,
3434 1052 3591 1122 idque
3638 1064 3917 1123 antequam
3967 1052 4178 1110 libellus

2594 1140 2895 1209 legeretur;
2940 1152 3215 1212 postquam
3262 1141 3404 1196 enim
3454 1142 3622 1199 lectus
3668 1146 3836 1210 foret,
3882 1160 3984 1197 non
4039 1146 4176 1202 ultra

2595 1244 2751 1297 posse
2776 1230 2922 1283 illum
2948 1232 3086 1285 dicta
3116 1247 3383 1287 revocare.
3414 1231 3542 1285 Cum
3566 1243 3745 1290 autem
3772 1237 3857 1291 ille
3883 1236 3933 1289 in
3976 1250 4172 1305 propo-

2594 1320 2697 1373 sito
2726 1331 3127 1388 perseveraret,
3160 1323 3330 1376 lectus
3357 1331 3435 1375 est
3466 1321 3675 1376 libellus
3702 1340 3859 1395 supra
3912 1341 4176 1380 memora.

2594 1418 2761 1462 ratus.
2786 1409 2937 1463 Tunc
2964 1411 3201 1465 seniores
3225 1412 3459 1481 episcopi
3488 1411 3676 1466 Joanni
3724 1414 4001 1481 dixerunt,
4047 1430 4078 1469 e
4114 1429 4177 1469 re

2595 1498 2708 1553 fore
2736 1501 2976 1553 ultimum
3023 1510 3179 1570 caput
3227 1500 3293 1554 de
3324 1502 3552 1556 venditis
3592 1501 4012 1561 ordinationibus
4061 1506 4173 1560 dis-

2595 1591 2806 1659 quirere
2827 1608 2840 1643 :
2864 1593 2985 1660 quia
3004 1632 3018 1655 ,
3043 1593 3088 1646 si
3121 1592 3245 1646 illud
3276 1593 3609 1662 probaretur,
3637 1602 3830 1647 caetera
3851 1635 3866 1659 ,
3901 1613 4016 1662 quzn
4070 1597 4172 1650 mi-

2596 1699 2723 1736 nora
2753 1693 2926 1746 erant,
2949 1683 3285 1737 credibiliora
3300 1694 3355 1738 et
3382 1684 3600 1753 probatu
3626 1682 3856 1737 faciliora
3882 1685 4012 1739 fore.
4036 1687 4174 1741 Tum

2594 1775 2824 1828 Joannes
2847 1774 3112 1825 Antonino
3140 1786 3261 1829 tunc
3291 1776 3535 1844 przcsenti
3558 1814 3572 1839 ,
3605 1775 3739 1842 Quid
3760 1774 3827 1828 ad
3866 1774 3980 1829 haec
3999 1778 4175 1830 dicis?

2592 1863 2804 1932 Negavit
2823 1872 3000 1916 autem
3029 1863 3118 1917 ille
3148 1866 3346 1918 omnia.
3368 1866 3989 1935 lnterrogatisnntetiam
4008 1866 4063 1928 ii,
4082 1867 4173 1932 qui

2591 1967 2687 2021 pro
2716 1954 3021 2023 episcopatu
3051 1955 3331 2023 pecuniam
3380 1955 3595 2009 dedisse
3638 1954 4019 2008 accusabantur
4044 1973 4055 2006 :
4081 1956 4172 2023 qui

2592 2044 2837 2100 similiter
2863 2055 3137 2114 negarunt.
3160 2045 3270 2099 Sub
3298 2043 3413 2098 haec
3447 2055 3661 2099 ventum
3686 2056 3769 2099 est
3789 2045 3854 2100 ad
3875 2055 4055 2109 testes;
4078 2046 4175 2100 sed

2594 2138 2722 2191 nulli
2750 2137 3003 2192 aderant:
3031 2138 3261 2193 Joannes
3284 2152 3431 2203 vero,
3459 2149 3513 2189 ut
3544 2154 3629 2191 res
3652 2140 3954 2192 accuratius
3982 2138 4175 2192 exami-

2592 2236 2829 2292 naretur,
2853 2229 2919 2281 ad
2944 2230 3231 2283 Asiaticum
3262 2228 3362 2283 iter
3385 2227 3777 2297 suscipiendum
3807 2242 3925 2281 sese
3951 2228 4165 2281 obtulit.

2662 2318 2905 2371 Antonini
2932 2319 3141 2388 Ephesii
3169 2329 3306 2390 gesta
3345 2329 3389 2374 et
3417 2320 3601 2372 obitus.
3642 2349 3712 2359 —
3752 2317 4050 2372 Antoninus
4073 2335 4173 2372 au-

2595 2418 2699 2464 tem
2721 2451 2735 2477 ,
2758 2410 2996 2481 pecunia:
3022 2426 3180 2480 quam
3207 2411 3367 2465 ofﬁcii
3397 2412 3553 2481 longe
3595 2411 3852 2481 cupidior,
3893 2412 3983 2481 qui
4010 2412 4175 2466 Joan-

2594 2502 2678 2555 nis
2706 2513 2757 2557 et
2787 2501 3162 2571 perspicaciam
3183 2511 3236 2556 et
3262 2502 3616 2571 integritatem
3662 2504 3957 2567 metuebat,
3985 2518 4175 2572 quem-

2596 2593 2715 2647 dam
2744 2609 2775 2648 e
2806 2594 3111 2662 proceribus
3129 2634 3144 2659 ,
3175 2593 3328 2662 cujus
3350 2593 3549 2661 praedia
3571 2634 3585 2657 ,
3618 2609 3735 2662 qua:
3761 2595 3813 2647 in
3835 2593 3958 2648 Asia
3987 2603 4169 2656 erant,

2594 2685 2847 2751 curabat,
2888 2685 3044 2749 adiit,
3072 2685 3140 2738 ab
3163 2698 3332 2752 eoque
3353 2683 3692 2751 impetravit,
3718 2694 3775 2737 ut
3798 2682 4076 2752 impediret
4098 2698 4166 2737 ne

2593 2774 2826 2829 Joannes
2843 2774 2894 2828 in
2914 2775 3091 2828 Asiam
3109 2772 3446 2828 concederet.
3471 2773 3562 2827 Ille
3582 2787 3713 2827 vero
3735 2773 3784 2826 id
3803 2772 4000 2839 eﬂ‘ecit,
4024 2782 4080 2826 ut
4104 2788 4173 2827 ex

2593 2866 2791 2935 palatio
2814 2864 3005 2919 Joanni
3036 2865 3460 2930 denuntiaretur,
3504 2862 3792 2918 absurdum
3839 2862 3953 2917 fore
3994 2863 4171 2925 illum,

2593 2971 2713 3010 cum
2742 2965 2921 3010 tantus
2944 2954 3407 3025 Constantinopoli
3429 2955 3689 3009 tumultus
3714 2961 3889 3019 esset,
3919 2961 3972 3006 et
3996 2952 4171 3006 adhuc

2593 3046 2777 3102 Gainat
2826 3046 3055 3101 formido
3100 3047 3444 3115 persisteret,
3496 3045 3546 3097 in
3599 3043 3777 3098 Asiam
3814 3042 4071 3112 proficisci
4103 3040 4172 3097 ad

2596 3147 2757 3193 testes
2782 3137 3099 3208 quaarcndos
3117 3178 3131 3201 ,
3159 3138 3248 3206 qui
3295 3136 3447 3190 facile
3475 3143 3688 3204 possent
3725 3132 4173 3199 Constantinopo-

2596 3228 2671 3283 lin
2690 3228 2916 3283 adduci:
2942 3234 3267 3297 quapropter
3292 3241 3320 3279 a
3344 3224 3619 3296 proposito
3661 3223 3865 3278 destitit
3916 3221 4170 3276 Joannes.

2595 3321 2897 3376 Antoninus
2919 3319 3132 3377 interim
3163 3319 3214 3374 id
3236 3320 3477 3373 lucratus
3497 3328 3600 3383 est,
3623 3332 3687 3370 ne
3716 3320 3878 3369 testes
3906 3312 4168 3375 venirent,

2595 3428 2730 3485 quos
2750 3414 2911 3467 etiam
2934 3419 3025 3464 aut
3065 3408 3289 3477 pecunia
3313 3413 3406 3461 aut
3458 3405 3690 3475 potentia
3745 3420 3840 3458 sua
3884 3419 3942 3456 se
3987 3401 4173 3471 fugare

2595 3516 2754 3572 posse
2768 3498 3035 3569 sperabat.
3054 3497 3178 3551 flare
3194 3495 3427 3551 Joannes
3446 3493 3798 3564 prospiciens,
3818 3506 3938 3546 eum
3958 3489 4175 3561 Synodo

2595 3589 2858 3646 deliberat
2880 3586 3137 3658 quosdam
3164 3602 3229 3641 ex
3249 3583 3595 3655 praesentibus
3617 3580 3882 3653 episcopis
3908 3581 3963 3635 in
3990 3580 4172 3634 Asiam

2594 3682 2806 3737 mittere
2843 3678 2910 3733 ad
2958 3673 3363 3746 interrogandos
3389 3683 3571 3730 testes.
3596 3673 3676 3727 Ad
3728 3688 3845 3728 eam
3894 3687 4007 3726 rem
4064 3680 4174 3725 tres

2594 3771 2749 3827 electi
2783 3779 2907 3825 sunt
2958 3767 3192 3836 episcopi
3214 3806 3229 3831 ,
3254 3764 3550 3835 Syncletius
3590 3762 3973 3832 Trajanopolis,
4001 3759 4173 3830 Hesy-

2596 3862 2748 3917 chius
2776 3860 2918 3915 Parii
2947 3867 3001 3913 et
3022 3856 3290 3912 Palladius
3317 3854 3703 3923 llelenopoleos
3725 3894 3741 3914 .
3770 3853 3857 3923 qui
3888 3852 4135 3922 Hypaepis
4156 3890 4172 3914 ,

2596 3968 2713 4021 qua:
2738 3952 2864 4008 urbs
2890 3949 3033 4005 Asia:
3057 3956 3206 4014 erat,
3242 3962 3354 4001 rem
3396 3945 3793 4009 examinarent,
3837 3942 4172 3996 mandatum-

2595 4059 2698 4114 que
2726 4043 2987 4113 prolatum
3010 4048 3123 4103 est,
3151 4037 3317 4107 utqui
3340 4037 3477 4090 intra
3505 4035 3637 4089 duos
3668 4047 3878 4088 menses
3904 4033 3954 4085 in
3985 4032 4172 4084 urbem

2597 4135 2740 4188 illam
2759 4173 2774 4199 ,
2803 4147 2923 4202 quae
2946 4130 3119 4184 vicina
3138 4136 3253 4182 erat
3270 4168 3286 4194 ,
3311 4139 3524 4181 causam
3540 4123 3729 4178 dicturi
3750 4136 3855 4175 non
3875 4120 4167 4183 venissent,

2598 4220 3201 4277 excommuniearentur.

2672 4313 2796 4367 Post
2823 4310 2937 4365 haec
2960 4310 3244 4380 Smyrnam
3271 4314 3530 4361 venerunt
3557 4300 3857 4374 Syncletius
3897 4308 3951 4353 et
4000 4297 4175 4352 Palla~

2597 4404 2748 4459 dius:
2777 4401 3072 4473 Hesychius
3090 4441 3104 4465 ,
3132 4398 3222 4469 qui
3247 4396 3501 4452 Antonini
3534 4396 3735 4448 amicus
3753 4399 3867 4447 erat
3885 4432 3899 4455 ,
3929 4389 4172 4444 morbum

2599 4494 2886 4551 simulavit.
2915 4493 3030 4546 Duo
3058 4500 3234 4544 autem
3264 4487 3455 4556 reliqui
3495 4500 3591 4555 per
3618 4483 3800 4539 literas
3843 4479 4075 4536 Eusebio
4118 4488 4175 4533 et

2600 4586 2870 4642 Antonino
2898 4582 3265 4653 significarunt
3286 4621 3302 4644 ,
3320 4586 3378 4632 ut
3398 4576 3663 4647 Hyprepos
3682 4616 3699 4641 ,
3728 4587 3833 4643 quo
3861 4572 3961 4642 ipsi
3989 4583 4175 4640 perge-

2601 4679 2839 4742 bant,se
2866 4672 3187 4729 conferrent.
3210 4668 3293 4725 llli
3326 4683 3454 4723 vero
3478 4682 3598 4722 cum
3630 4664 3915 4719 amicitiam
3966 4670 4180 4715 contra-

2604 4771 2811 4824 xissent
2831 4768 2989 4839 (nam
3017 4762 3314 4819 Antoninus
3340 4758 3627 4814 Eusebium
3656 4754 3739 4811 vel
3771 4768 3931 4818 auro,
3964 4752 4043 4805 vel
4070 4749 4179 4803 alio

2605 4859 2762 4915 modo
2790 4866 3093 4925 corruptum
3116 4852 3214 4909 sibi
3254 4849 3617 4917 conciliarat),
3646 4854 3700 4901 et
3744 4844 3809 4899 ad
3862 4841 4180 4913 llypaepino.

2606 4969 2721 5008 rum
2751 4952 3015 5005 civitatem
3059 4949 3131 5003 illi
3161 4960 3370 5017 quoque
3410 4944 3709 5005 venissent,
3733 4936 3939 5008 judices
3963 4932 4177 4988 eludere

2606 5044 2954 5105 conabantur,
2998 5041 3349 5106 dicebantque
3405 5043 3570 5089 testes
3626 5029 3957 5099 negotiorum
4023 5038 4177 5077 causa

2608 5149 2828 5208 peregre
2866 5133 3133 5204 profectos
3183 5143 3321 5181 esse.
3370 5123 3581 5180 Judices
3635 5119 3919 5175 Eusebium
3972 5127 4178 5185 rogant,

2608 5230 2744 5283 intra
2772 5236 2899 5296 quot
2920 5225 3034 5279 dies
3064 5222 3152 5276 ille
3183 5230 3343 5273 testes
3368 5217 3690 5271 adducturus
3734 5220 3892 5268 esset.
3935 5208 4029 5263 llle
4057 5223 4182 5262 vero

2607 5334 2829 5392 sperans
2853 5318 2905 5372 in
2937 5323 3099 5370 aestus
3125 5309 3455 5367 vehementia
3477 5306 3680 5377 judices
3704 5303 3827 5358 inde
3855 5301 4181 5355 discessuros

2607 5388 2755 5476 esse,
2784 5416 2901 5464 erat
2920 5404 3113 5475 quippe
3134 5400 3332 5454 :estatis
3360 5409 3566 5466 tempus
3586 5437 3600 5461 ,
3632 5394 3828 5462 scripto
3860 5388 4095 5457 promisit
4124 5404 4182 5441 se

2607 5503 2744 5556 intra
2765 5496 3111 5569 quadraginta
3139 5492 3250 5547 dies
3272 5532 3287 5557 ,
3319 5498 3411 5545 ant
3450 5497 3613 5543 testes
3657 5482 4028 5553 producturum
4051 5522 4067 5546 ,
4094 5489 4186 5534 aut

2609 5604 2794 5661 pmnas
2840 5586 3129 5641 secundum
3173 5597 3405 5639 canones
3450 5580 3693 5633 daturum
3741 5586 3878 5628 esse.
3928 5572 4184 5625 Dimissns

2611 5698 2736 5752 ergo
2789 5681 2877 5735 ille
2931 5679 2995 5734 ad
3050 5677 3393 5746 inquirendos
3444 5681 3637 5732 testes,
3689 5662 4181 5732 ConstantinOpnlia

2612 5774 2983 5843 venit,ibique
3010 5772 3236 5826 delituit.
3280 5759 3887 5832 Exspectaruntjudices
3934 5756 4001 5810 ad
4055 5764 4184 5819 qua-

2611 5865 2964 5937 dragesimum
2997 5874 3163 5929 usque
3180 5857 3341 5911 diem.
3376 5852 3439 5906 Et
3467 5865 3583 5905 cum
3607 5849 3864 5905 Eusebius
3909 5860 4013 5900 non
4040 5856 4189 5894 com-

2612 5966 2851 6031 pareret,
2879 5944 3439 6011 cxcommunicationis
3468 5944 3780 6000 sententiam
3812 5943 3864 5996 in
3893 5949 4011 5992 eum
4060 5942 4183 5999 pro-
