4504 6712
382 513 473 570 l8!

379 634 649 697 tulerunt,
673 628 784 683 sive
806 636 863 681 ut
890 625 1215 679 desertorem
1235 658 1250 684 ,
1279 617 1390 673 sive
1411 627 1467 672 ut
1492 618 1947 677 calumniatorem.

379 719 663 788 Postquam
691 732 819 772 vero
849 710 1056 780 triginta
1077 705 1189 762 dies
1207 706 1336 760 alios
1360 706 1604 778 llypatpis
1625 721 1948 776 manserant,

378 823 477 862 nec
525 813 859 876 compareret
905 801 1020 863 ille,
1051 796 1148 866 ipsi
1194 811 1402 867 quoque
1457 797 1948 869 Constantinopolin

378 900 667 953 redierunt.
699 896 830 949 Cum
876 899 1050 943 autem
1107 889 1175 942 ibi
1221 889 1504 943 Eusebium
1560 889 1944 959 offendissent,

377 1000 580 1042 tantum
609 987 680 1040 illi
711 983 911 1035 facinus
939 980 1341 1048 exprobrarunt.
1379 981 1634 1036 Eusebius
1653 998 1777 1037 vero
1802 983 1953 1037 infir-

377 1079 612 1132 mitatem
656 1071 898 1139 corporis
940 1080 1269 1138 prmtexens,
1299 1079 1463 1126 testes
1506 1087 1562 1126 se
1600 1073 1946 1127 adducturum

375 1183 558 1222 rursus
578 1163 942 1234 pollicebatur.
969 1162 1170 1216 Interea
1193 1179 1285 1232 per
1304 1163 1578 1219 diuturnas
1602 1165 1721 1220 illas
1747 1181 1941 1231 moras,

373 1255 596 1309 moritur
624 1252 954 1305 Antoninus:
983 1251 1162 1321 sicque
1189 1269 1362 1308 rerum
1390 1253 1547 1308 facies
1587 1265 1837 1309 mutatur.

442 1343 551 1396 Nec
577 1342 742 1395 multo
773 1352 893 1411 post
919 1343 1085 1397 litera:
1111 1344 1175 1398 ad
1197 1343 1632 1417 Cbrysostomum
1682 1356 1945 1401 venerunt

375 1433 562 1501 partim
608 1431 858 1501 Ephesini
906 1435 1078 1501 Cleri,
1130 1439 1318 1504 partim
1361 1437 1764 1505 episcoporum,
1805 1436 1949 1504 jura-

375 1531 548 1575 menta
571 1537 688 1576 cum
711 1524 1075 1580 obsecratione
1095 1530 1446 1580 continentes.
1476 1525 1789 1580 Testabatur
1821 1525 1946 1578 Cle-

373 1629 494 1678 rus,
524 1614 747 1668 antehac
775 1617 915 1686 leges
941 1632 1125 1670 omnes
1146 1617 1337 1686 Ephesi
1367 1615 1731 1686 pessumdatas
1757 1614 1943 1678 fuisse,

368 1703 572 1774 jamdiu
605 1706 850 1760 afflictam
902 1707 1216 1774 Ephesinam
1267 1708 1554 1761 Ecclesiam
1601 1720 1718 1760 esse
1755 1705 1945 1774 partim

372 1794 438 1848 ab
466 1795 710 1860 Arianis,
741 1797 928 1864 partim
959 1797 1025 1850 ab
1050 1797 1112 1849 iis
1142 1798 1226 1866 qui
1257 1798 1492 1852 avaritia:
1539 1805 1594 1850 et
1637 1795 1944 1850 dominandi

372 1883 590 1936 libidine
623 1886 792 1954 capti,
849 1901 907 1939 se
950 1884 1245 1940 Catholicos
1273 1903 1392 1942 esse
1440 1886 1819 1956 gloriabantur,
1867 1888 1945 1941 sic

371 1975 695 2028 Antoninum
739 1975 1039 2030 defunctum
1090 1978 1511 2046 perstringebant
1540 1979 1647 2032 illi:
1685 1979 1945 2048 rogabant

373 2064 522 2118 illum
545 2068 853 2122 festinanter
879 2069 1100 2132 veniret,
1124 2070 1243 2138 quia
1271 2070 1378 2138 lupi
1401 2069 1610 2137 quidam
1661 2077 1813 2122 erant
1854 2068 1942 2136 qui

373 2158 591 2223 pecunia
637 2158 985 2226 episcopalem
1024 2157 1203 2210 sedem
1255 2173 1440 2226 rapere
1487 2159 1767 2211 tentabant.
1823 2159 1945 2212 llaec

369 2262 528 2300 causa
555 2246 934 2317 Chrysostomo
975 2247 1069 2299 fuit
1093 2245 1409 2314 suscipiendi
1439 2246 1653 2297 Asiatici
1704 2245 1905 2297 itint-ris
1926 2286 1941 2310 ,

367 2338 434 2392 de
454 2355 559 2407 quo
589 2355 710 2391 mox
743 2339 967 2391 dicetur.

441 2427 682 2480 Homilite
707 2427 1044 2496 Chrysostonti
1068 2426 1118 2477 in
1151 2426 1275 2476 Acta
1304 2423 1680 2492 Apostolorum.
1710 2434 1746 2476 ι.
1796 2424 1847 2480 9.
1875 2454 1946 2465 —-

368 2518 502 2570 Dum
535 2518 648 2571 hmo
676 2525 981 2586 agerentur,
1016 2515 1270 2568 llomilias
1300 2515 1351 2567 in
1387 2515 1518 2568 Acta
1568 2514 1940 2582 Apostolorum

373 2608 1023 2680 habuitChrysostomns,
1064 2621 1195 2676 quas
1223 2608 1383 2675 coepit
1435 2615 1556 2675 post
1593 2606 1942 2676 Quadragesi-

376 2712 516 2774 niam
537 2738 552 2762 ,
587 2707 642 2751 ut
671 2699 780 2766 ipse
800 2697 930 2750 dicit
951 2697 1106 2750 llom.
1131 2695 1172 2761 Ι,
1206 2707 1255 2746 c.
1285 2693 1376 2758 25,
1404 2703 1563 2764 atque
1587 2703 1641 2747 ut
1661 2707 1903 2764 putamus
1922 2736 1936 2760 ,

368 2787 702 2857 diximusque
733 2789 785 2842 in
815 2789 1015 2842 ltloaito
1038 2829 1053 2855 ,
1079 2796 1317 2856 tempore
1344 2786 1585 2840 Paschali
1631 2788 1755 2840 anni
1801 2788 1935 2852 400,

370 2881 439 2932 ita
465 2889 520 2933 ut
551 2880 664 2932 illas
685 2879 911 2945 dixerit,
940 2895 1060 2934 cum
1103 2879 1452 2934 Asiaticarum
1500 2893 1678 2932 rerum
1736 2881 1939 2948 negotia

369 2971 518 3024 illum
546 2970 860 3024 distinerent
879 3012 892 3035 ,
922 2980 974 3024 et
1000 2986 1116 3024 cum
1139 2985 1168 3023 a
1196 2971 1359 3039 gratia
1389 2969 1642 3023 Eudoxize
1668 2970 1935 3040 Angusta),

368 3075 486 3127 qua:
511 3060 658 3113 initio
687 3060 1021 3128 episc0patus
1048 3060 1126 3112 sui
1153 3060 1324 3127 ipsum
1355 3058 1506 3111 valde
1536 3058 1773 3122 colebat,
1800 3059 1941 3112 exci-

367 3151 556 3204 disset.
586 3150 719 3204 Hinc
747 3149 986 3204 fortassis
1006 3150 1194 3204 accidit
1221 3158 1277 3203 ut
1296 3150 1415 3203 aliis
1435 3149 1693 3204 distentus
1713 3150 1939 3220 negotiis

367 3238 806 3309 Chrysostomus,
861 3240 1035 3293 minus
1073 3239 1247 3306 culto,
1296 3240 1480 3309 jejuno
1520 3249 1574 3294 et
1634 3241 1940 3310 plerumque

367 3330 614 3385 intricato
639 3333 775 3401 stylo
803 3333 897 3384 has
925 3331 1208 3386 conciones
1256 3332 1559 3402 scripserit,
1611 3333 1940 3402 maximeque

368 3422 518 3476 initio
542 3423 912 3490 homiliarum,
965 3425 1052 3478 ubi
1099 3424 1336 3494 quaedam
1383 3424 1626 3478 videntur
1668 3424 1811 3478 olere
1849 3434 1942 3479 aut

365 3529 560 3567 sonare
588 3516 920 3584 peregrinum
946 3534 956 3566 :
984 3532 1104 3569 nam
1134 3519 1182 3569 in
1209 3516 1379 3570 ethica
1407 3516 1798 3582 adhortatione,
1822 3533 1942 3586 quae

367 3603 613 3657 homilias
644 3605 874 3671 claudit,
923 3605 1008 3660 hic
1059 3622 1270 3676 semper
1308 3608 1388 3662 sui
1438 3607 1624 3661 similis
1669 3617 1785 3674 est,
1833 3609 1942 3662 imo

364 3697 523 3749 etiam
581 3695 710 3748 alias
755 3697 1036 3750 conciones
1085 3705 1318 3765 superat.
1361 3697 1453 3750 Ha:
1474 3712 1631 3762 vero,
1661 3714 1778 3767 quae
1825 3707 1944 3766 post

367 3785 565 3838 Pascha
595 3785 718 3837 anni
745 3785 846 3839 400
873 3795 1058 3853 empta:
1099 3786 1246 3840 fuere
1275 3786 1527 3853 homilite,
1556 3788 1766 3841 nonnisi
1801 3804 1942 3842 anno

366 3876 463 3930 401
492 3875 761 3929 terminari
786 3876 1016 3944 potuisse
1040 3875 1300 3941 videntur,
1323 3885 1376 3930 et
1406 3877 1642 3931 fortassis
1663 3887 1940 3948 postquam

366 3982 431 4019 ex
459 3967 580 4019 Asia
612 3981 855 4019 reversus
881 3965 977 4018 fuit
1005 3965 1414 4036 Chrysostomus
1432 3983 1446 4018 :
1466 3982 1646 4021 verum
1676 3968 1788 4021 hazc
1811 3985 1944 4021 non-

370 4056 467 4108 nisi
517 4055 798 4108 divinando
828 4055 931 4108 dici
973 4065 1210 4124 possunt.
1242 4056 1467 4112 llomilia
1496 4069 1670 4112 autem
1711 4060 1940 4128 quadra-

366 4148 564 4216 gesima
615 4154 797 4216 quarta
819 4167 895 4213 ,c.
911 4151 1076 4220 5l2,l.
1095 4151 1181 4210 54,
1200 4149 1511 4204 testificatur
1534 4151 1943 4222 Cbrysostomus

367 4252 425 4290 se
453 4239 730 4291 triennium
763 4237 955 4291 habere
983 4243 1035 4290 in
1079 4238 1392 4292 Pontificatu
1427 4257 1439 4291 :
1472 4241 1610 4309 quod
1641 4242 1683 4294 si
1710 4242 1774 4295 ad
1829 4242 1946 4295 lite-

369 4344 480 4382 ram
510 4329 815 4398 accipiatur,
835 4327 1128 4397 significare
1141 4329 1346 4383 videtur
1360 4330 1505 4384 illum
1527 4332 1634 4399 jam
1659 4334 1940 4386 triennium

365 4435 642 4475 emensum
665 4419 826 4473 fuisse
845 4461 860 4483 ,
887 4419 1095 4488 quando
1119 4419 1187 4472 ad
1210 4421 1344 4475 hanc
1371 4421 1638 4475 homiliam
1679 4426 1937 4491 pervenit.

369 4514 436 4564 At
476 4520 821 4580 praeterquam
842 4508 980 4578 quod
1002 4524 1104 4563 non
1129 4511 1344 4565 omnino
1357 4521 1563 4565 constat
1586 4511 1670 4565 hic
1698 4522 1939 4566 exactum

369 4603 651 4656 triennium
710 4600 926 4664 notari,
989 4600 1096 4667 jam
1149 4616 1289 4667 saepe
1341 4602 1570 4656 vidimus
1624 4602 1940 4674 Cbrysosto-

369 4711 512 4750 mum
538 4710 640 4747 non
663 4708 781 4746 cum
812 4701 954 4744 tanto
995 4691 1241 4759 scrupulo
1267 4701 1418 4746 notas
1441 4703 1736 4762 temporum
1766 4695 1939 4746 cousi-

365 4803 564 4855 gnare;
610 4796 783 4840 tamen
856 4785 1099 4838 omnibus
1148 4794 1390 4838 accurate
1464 4787 1737 4855 perpensis
1811 4787 1939 4841 nihil

368 4880 625 4932 absonum
649 4886 978 4947 sequeretur,
1010 4877 1052 4928 si
1082 4873 1498 4946 Chrysostomus
1518 4918 1531 4941 ,
1564 4878 1650 4944 qui
1679 4876 1936 4930 llomilias

367 4969 418 5020 iu
444 4971 572 5022 Acta
603 4982 744 5021 anno
763 4966 867 5021 400
903 4973 1134 5034 coeperat
1157 5007 1173 5031 ,
1204 4964 1656 5033 quadragesimum
1697 4976 1939 5035 quartam

365 5068 420 5110 et
442 5069 738 5126 postremas
763 5058 847 5112 vel
875 5066 997 5112 ante
1015 5098 1031 5124 ,
1060 5057 1143 5111 vel
1167 5065 1283 5126 post
1304 5055 1524 5109 reditum
1554 5071 1705 5108 suum
1729 5073 1790 5110 ex
1817 5059 1937 5112 Asia

373 5148 590 5202 dixerit.
616 5149 669 5201 ln
694 5147 920 5200 llomilia
945 5160 1070 5198 vero
1105 5141 1503 5212 quadragesima
1545 5138 1713 5205 prima
1750 5152 1801 5191 c.
1823 5137 1953 5205 291,

376 5238 412 5291 l.
444 5240 528 5304 10,
555 5240 1083 5309 aitCltrysostomus,
1113 5250 1254 5288 anno
1293 5233 1570 5301 superiore
1609 5237 1953 5286 concussisse

377 5329 540 5384 Deum
563 5333 864 5387 universam
882 5331 1149 5385 civitatem
1168 5328 1226 5382 C.
1245 5327 1327 5389 P.,
1347 5327 1436 5396 qui
1456 5336 1610 5378 terra:
1629 5335 1801 5378 motus
1818 5327 1950 5378 acci-

371 5421 512 5474 disse
556 5424 788 5478 creditur
828 5439 968 5479 anno
1018 5423 1156 5488 599,
1197 5433 1254 5475 ut
1303 5421 1530 5474 diximus
1576 5433 1752 5488 supra.
1806 5418 1938 5474 Nam

373 5509 458 5560 illa
491 5525 589 5562 vox
618 5516 782 5578 ρει·ιωὶ
819 5532 1012 5568 annum
1057 5516 1295 5583 proxime
1347 5511 1668 5581 superiorem
1711 5509 1937 5577 indicat;

371 5597 464 5649 sed
496 5614 599 5651 non
651 5603 717 5653 ita
762 5606 1065 5674 accipienda
1094 5616 1174 5659 est
1210 5616 1266 5658 ut
1294 5621 1488 5656 annum
1535 5603 1793 5672 integrum
1834 5603 1948 5656 elan

376 5706 524 5770 psum
548 5690 956 5762 Chrysostomus
986 5697 1281 5767 significare
1307 5697 1449 5750 velit.

444 5780 638 5834 lbidetn
665 5790 837 5835 autem
878 5796 930 5838 et
958 5788 1289 5842 continenter
1347 5789 1384 5843 l.
1437 5787 1542 5853 56,
1591 5783 1775 5838 eadem
1813 5799 1941 5841 voce

374 5873 540 5947 perrtsi
589 5872 997 5942 Cltrysostomus
1050 5881 1216 5933 utitur
1253 5881 1315 5933 ad
1359 5896 1468 5934 rem
1512 5879 1666 5934 aliam
1705 5880 1932 5950 carptim

695 5975 964 6033 PATIIOL.
1013 5973 1128 6031 Gn.
1176 5975 1233 6032 Χ
1249 5976 1428 6033 LYll.

1572 507 1750 562 NUNC
1791 509 2048 569 PRIMUM
2080 513 2116 565 A
2129 510 2468 566 DORNATA.

3532 521 3635 574 18⁸3

2060 623 2399 681 indicandum
2452 642 2466 678 :
2520 625 2644 690 Quae
2697 629 2830 678 circa
2874 623 3194 680 Theodorum
3240 629 3614 697 perusi,anno

2055 719 2313 787 proximo,
2345 725 2484 786 gesta
2504 727 2619 771 sunt
2639 758 2654 784 ,
2685 734 2828 788 quem
2855 734 2954 770 non
2982 718 3457 789 obstupefecerant?
3484 731 3530 773 et
3556 732 3611 776 ta

2054 827 2166 862 men
2184 808 2313 862 nihil
2330 809 2546 876 amplius
2564 814 2748 879 factum
2765 821 2856 863 est.
2883 809 3015 876 Quis
3031 809 3118 864 ille
3134 809 3449 866 Theodorus
3467 822 3617 875 esset.

2052 909 2107 954 et
2131 900 2255 967 quid
2274 899 2345 953 illi
2371 899 2637 964 acciderit,
2657 902 2827 956 nullus
2851 900 2990 970 quod
3009 900 3169 953 sciam
3188 902 3413 968 scriptor
3428 902 3614 960 docuit

2125 983 2218 1036 Die
2243 981 2467 1050 septima
2496 982 2762 1037 Februarii
2790 983 2912 1037 anui
2945 982 3040 1037 401
3079 981 3379 1050 (Βοιίαηάιιε
3403 984 3472 1038 26
3501 985 3622 1038 Feb.

2050 1089 2184 1126 anno
2211 1072 2339 1128 401.
2373 1088 2425 1140 ρ.
2455 1073 2577 1126 651.
2605 1074 2655 1126 b.
2682 1075 2754 1142 ε.)
2780 1074 2836 1128 S.
2863 1074 3209 1145 Porphyrius,
3243 1073 3399 1129 Gaza:
3425 1077 3626 1144 episco-

2051 1180 2170 1234 pus,
2199 1161 2691 1230 Constantinopolin
2718 1165 2862 1217 venit
2886 1203 2902 1227 ,
2929 1180 3048 1217 cum
3076 1165 3280 1220 Joanne
3307 1165 3624 1221 Caesariensi

2049 1255 2299 1323 episcopo
2344 1253 2746 1322 Metropolitano
2774 1267 2904 1315 suo,
2951 1253 3017 1306 ab
3053 1254 3276 1308 Arcadio
3301 1255 3628 1324 hnperatore

2049 1347 2308 1415 petiturus
2339 1355 2394 1400 ut
2420 1345 2678 1400 idolorum
2711 1345 2901 1414 templa
2922 1386 2936 1410 ,
2965 1360 3082 1414 qum
3112 1343 3266 1398 Gazae
3292 1357 3444 1399 erant
3469 1388 3483 1412 ,
3517 1362 3621 1401 non

2043 1438 2152 1506 jam
2180 1437 2549 1491 clauderentur
2571 1478 2584 1500 ,
2613 1436 2705 1491 sed
2737 1435 2970 1489 funditus
2997 1442 3384 1489 everterentttr.
3435 1434 3626 1489 Rhodo

2049 1536 2222 1580 autem
2255 1535 2622 1592 transeuntes,
2665 1526 3034 1580 anachoretam
3062 1524 3343 1593 quemdam
3384 1534 3624 1577 sanctqu

2049 1614 2248 1676 virum,
2282 1616 2597 1683 Procopium
2628 1616 2874 1678 nomine,
2918 1616 3193 1681 adierant,
3220 1616 3311 1685 qui
3348 1626 3627 1670 monuerat

2050 1713 2104 1756 ut
2130 1705 2520 1757 sanctissimum
2553 1705 2861 1774 episc0pum
2885 1703 3140 1758 Joannem
3172 1706 3462 1760 inviserent
3486 1746 3502 1771 ,
3533 1708 3624 1777 qui

2050 1795 2177 1862 ipsis
2214 1793 2264 1847 id
2310 1794 2517 1849 consilii
2555 1795 2773 1848 daturus
2815 1805 2963 1861 erat,
3005 1794 3144 1864 quod
3171 1810 3198 1847 a
3233 1796 3339 1850 Deo
3365 1797 3479 1865 ipso
3508 1799 3622 1851 edi-

2047 1882 2284 1937 dicisset.
2335 1883 2466 1938 Cum
2515 1884 2566 1937 in
2614 1883 2798 1937 urbem
2849 1883 2921 1936 illi
2965 1883 3338 1946 advenissent,
3373 1885 3627 1953 postridie

2045 1973 2300 2029 Joannem
2353 1976 2635 2028 salutatum
2691 1981 2970 2028 venerunt.
3025 1973 3258 2028 Joannes
3307 1990 3436 2029 vero
3481 1975 3627 2044 ipsos

2049 2066 2339 2120 honorifice
2383 2066 2669 2120 admodum
2707 2067 2934 2133 excepit.
2966 2064 3204 2135 Cumque
3232 2067 3358 2118 tanti
3390 2067 3623 2135 suscepti

2046 2157 2252 2209 itineris
2280 2170 2493 2209 causam
2533 2156 2631 2224 ipsi
2669 2157 3034 2224 aperuissent;
3093 2154 3334 2208 hortatus
3365 2154 3452 2209 ille
3480 2156 3622 2208 viros

2047 2253 2148 2308 est,
2186 2255 2242 2297 ut
2271 2243 2479 2299 felicem
2506 2245 2704 2297 exitum
2730 2260 2758 2298 a
2789 2246 2895 2298 Deo
2922 2253 3220 2313 sperarent.
3267 2244 3383 2298 Non
3417 2254 3622 2314 poterat

2049 2334 2135 2387 ille
2187 2334 2565 2402 imperatorem
2613 2333 2797 2399 adire,
2839 2336 3086 2403 quoniam
3136 2335 3408 2401 Eudoxia,
3453 2351 3515 2390 ea
3554 2335 3621 2390 de

2047 2439 2202 2478 causa
2224 2465 2239 2489 ,
2271 2440 2426 2493 quam
2448 2426 2639 2479 dicturi
2669 2441 2872 2491 sumus,
2904 2426 3096 2481 Joanni
3121 2427 3256 2481 male
3279 2428 3485 2492 affecta,
3513 2427 3618 2482 lm-

2047 2517 2307 2586 peratoris
2351 2517 2585 2571 animum
2635 2518 2890 2572 adversus
2937 2519 3083 2572 illum
3123 2528 3618 2588 praeoccupaverat:

2045 2609 2138 2663 sed
2163 2609 2230 2663 ad
2264 2611 2596 2674 Amantium,
2630 2609 2967 2680 imperatoris
3003 2611 3401 2665 Cambellanum
3422 2649 3437 2675 ,
3478 2609 3623 2681 ipsos

2045 2699 2274 2764 direxit,
2307 2701 2574 2754 hominem
2601 2717 2724 2756 vere
2755 2701 3109 2756 Christianum
3141 2720 3155 2755 :
3186 2702 3310 2770 qui,
3355 2702 3486 2756 nihil
3524 2701 3621 2756 ob-

2043 2801 2216 2846 stante
2242 2792 2544 2846 exulcerato
2562 2793 2806 2862 Augusta:
2822 2807 2944 2862 erga
2960 2793 3397 2864 Chrysostomum
3415 2793 3617 2856 animo,

2043 2881 2285 2936 addictus
2330 2882 2428 2950 ipsi
2474 2897 2686 2950 semper
2715 2893 2853 2939 erat.
2915 2885 3217 2938 Amantium
3249 2883 3483 2938 Joannes
3521 2898 3620 2953 po-

2042 2973 2228 3028 stridie
2250 2973 2314 3026 ad
2345 2988 2403 3026 se
2425 2975 2650 3026 vocavit.
2682 2974 2747 3027 Et
2773 2990 2892 3027 cum
2923 2974 3158 3042 episcopi
3185 2972 3342 3026 ambo
3368 2973 3420 3026 in
3449 2972 3621 3043 Chry-

2043 3063 2266 3117 sostomi
2295 3061 2437 3117 ardes
2469 3063 2766 3128 venissent,
2796 3063 3099 3116 Amantium
3141 3063 3504 3127 invenerunt,
3532 3063 3620 3132 qui

2044 3169 2158 3208 rem
2184 3194 2198 3216 ,
2229 3153 2298 3208 de
2323 3167 2425 3222 qua
2454 3162 2577 3206 tunc
2601 3153 2853 3222 agebatur
2871 3195 2885 3220 ,
2917 3154 3013 3223 ipsi
3040 3161 3340 3222 aperuerat,
3365 3152 3621 3222 idipsutn-

2043 3260 2146 3314 que
2197 3244 2431 3314 episc0pi
2483 3245 2639 3298 ambo
2689 3243 3088 3299 confirmarunt.
3150 3243 3444 3314 Posteaque
3496 3258 3616 3298 cum

2043 3335 2380 3389 sanctissimo
2405 3335 2637 3388 Prtesule
2663 3334 2729 3387 de
2759 3334 2951 3390 divinis
2975 3334 3244 3402 sacrisque
3277 3335 3437 3388 rebus
3461 3333 3622 3387 verba

2043 3426 2325 3490 miscuere,
2354 3435 2406 3480 et
2433 3436 2707 3495 postquam
2736 3425 2968 3480 Joannes
2989 3425 3114 3493 ipsis
3141 3425 3282 3479 bona
3305 3432 3621 3494 apprecatns

2044 3515 2250 3580 fuerat,
2281 3517 2495 3570 domum
2533 3531 2592 3570 se
2621 3530 2891 3583 recepere.
2944 3513 3031 3569 Sic
3055 3513 3290 3583 quotidie
3325 3513 3475 3566 illum
3503 3512 3620 3567 adi-

2045 3605 2190 3670 bant,
2223 3616 2279 3660 ut
2303 3607 2417 3675 ejus
2443 3606 2665 3660 ammnis
2695 3604 2850 3658 simul
2875 3613 2926 3657 et
2949 3604 3145 3659 sanctis
3159 3600 3443 3672 colloquiis
3468 3601 3620 3655 frue-

2045 3704 2245 3750 rentur.
2299 3694 2577 3749 Amantius
2617 3705 2794 3748 autetn
2835 3693 2937 3747 sibi
2977 3693 3323 3747 commissum
3353 3689 3620 3761 negotium

2044 3787 2181 3857 apud
2209 3787 2496 3841 Eudoxiam
2523 3787 2813 3856 Augustam
2843 3786 3070 3840 sollicite
3100 3786 3233 3841 ursit
3252 3827 3266 3849 ,
3301 3785 3623 3856 demumque

2044 3878 2252 3931 favente
2293 3875 2394 3930 sibi
2435 3874 2725 3930 Theodosii
2761 3874 2988 3944 junioris
3014 3882 3067 3928 et
3106 3883 3227 3928 ortu
3252 3883 3307 3928 et
3335 3873 3619 3944 baptismo,

2043 3969 2131 4038 qui
2155 3967 2340 4021 diebus
2362 3967 2476 4020 istis
2501 3966 2742 4020 accidere
2759 4005 2775 4031 ,
2804 3973 2980 4034 Optata
3006 3964 3324 4033 impetravit.

2114 4057 2469 4126 Theophanes
2506 4065 2561 4110 et
2599 4057 2818 4110 Cosmas
2857 4054 3090 4108 V’estitor
3126 4063 3345 4110 narrant
3373 4055 3620 4113 Theodo-

2045 4151 2179 4203 sium
2227 4150 2493 4219 juniorem
2533 4163 2563 4202 a
2605 4147 2810 4202 Joanne
2855 4146 3236 4218 Chrysostomo
3289 4148 3620 4217 baptizatum

2046 4241 2240 4306 fuisse;
2292 4241 2342 4295 id
2383 4255 2510 4294 vero
2546 4239 2688 4294 clare
2715 4239 2816 4293 dici
2863 4238 3072 4293 videtur
3106 4238 3174 4293 ab
3209 4237 3454 4294 Eudoxia
3483 4245 3617 4311 ipsa,

2045 4349 2162 4402 qua:
2190 4334 2240 4386 in
2269 4332 2483 4386 homilia
2510 4330 2875 4401 Chrysostomi
2918 4339 3036 4397 post
3071 4329 3298 4384 reditum
3339 4332 3406 4385 ab
3434 4333 3622 4386 exsilio

2045 4438 2169 4483 suo,
2199 4423 2274 4475 sic
2316 4421 2538 4489 loquens
2582 4420 2867 4483 inducitur,
2897 4417 3155 4471 Recordor
3184 4435 3274 4487 per
3303 4436 3482 4474 manus
3512 4431 3622 4474 tua:

2044 4515 2176 4580 ﬁlios
2200 4527 2333 4563 meo:
2363 4511 2641 4578 baptizatos
2670 4509 2838 4576 fuisse.
2861 4506 3016 4562 Certe
3042 4509 3181 4562 inter
3207 4509 3345 4564 filios
3369 4523 3616 4578 compre-

2045 4602 2203 4656 hendi
2250 4599 2468 4653 omnino
2509 4597 2722 4652 videtur
2746 4597 3083 4653 Theodosius
3108 4597 3308 4668 junior.
3358 4600 3532 4669 Atque
3559 4615 3623 4653 ex

2044 4692 2106 4745 iis
2129 4733 2143 4757 ,
2191 4706 2308 4761 qua:
2336 4690 2386 4743 in
2419 4688 2537 4744 Vita
2578 4689 2638 4742 S.
2670 4688 2950 4760 Pcrphyrii
2982 4688 3230 4742 dicuntur
3250 4731 3267 4754 ,
3297 4687 3625 4744 Theodosium

2038 4782 2219 4849 junior
2244 4782 2540 4850 baptizatus
2570 4778 2731 4834 fuisse
2760 4777 3176 4847 deprehenditur
3202 4777 3478 4846 lOAprilis
3496 4781 3620 4831 anni

2041 4873 2168 4927 401.
2217 4873 2471 4943 Tuncque
2494 4871 2903 4941 Chrysostomus
2932 4871 2982 4921 in
3011 4868 3134 4922 Asia
3164 4877 3319 4935 erat,
3357 4869 3618 4939 siquidem

2043 4981 2163 5019 cum
2190 4965 2526 5020 Tillemontio
2576 4964 2676 5016 iter
2717 4963 2833 5030 ejus
2877 4961 2928 5014 in
2970 4959 3153 5013 Asiam
3197 4961 3248 5015 in
3291 4975 3491 5016 annum
3518 4962 3616 5017 401

2043 5057 2448 5125 consignamus,
2487 5062 2542 5107 et
2580 5067 2736 5120 quam
2769 5051 3066 5105 tardissime
3092 5051 3477 5120 profectionem
3505 5055 3624 5122 ejus

2045 5162 2227 5201 mense
2255 5142 2540 5200 Februario
2565 5140 2804 5211 ejusdem
2835 5141 2958 5195 anni
2985 5150 3217 5196 statuere
3243 5154 3542 5209 possumus,
3563 5151 3622 5194 ut

2045 5254 2110 5291 ex
2137 5237 2474 5306 sequentibus
2504 5233 2676 5301 palam
2707 5233 2829 5286 erit.

2118 5329 2245 5381 Post
2286 5325 2535 5380 Antonini
2573 5323 2827 5393 Ephesini
2859 5322 3092 5392 episcopi
3132 5329 3354 5375 mortem
3389 5319 3621 5389 (Pallad.

2048 5435 2098 5486 p.
2132 5419 2233 5472 155
2264 5428 2310 5470 et
2346 5415 2506 5484 seqq.)
2532 5455 2546 5478 ,
2591 5416 2849 5484 urgebant
2889 5413 3322 5484 Chrysostomum
3379 5413 3618 5481 episc0pi

2046 5510 2223 5575 vicini,
2258 5507 2472 5577 urgebat
2502 5505 2802 5573 Ephesinus
2823 5504 3005 5558 Clerus
3035 5511 3088 5554 ut
3114 5510 3360 5570 prompte
3384 5504 3615 5566 veniret,

2051 5618 2148 5656 nec
2178 5614 2350 5654 moras
2391 5596 2661 5663 traheret,
2704 5598 2846 5665 leges
2881 5592 3020 5662 apud
3051 5606 3108 5644 se
3147 5592 3514 5662 pessumdatas
3541 5592 3621 5645 di-

2046 5708 2192 5754 cens,
2224 5687 2507 5743 Ecclesiam
2537 5702 2686 5741 suam
2712 5687 2978 5746 amictum,
3003 5691 3290 5737 temeratas
3307 5697 3391 5737 res
3413 5696 3616 5747 sacras,

2049 5796 2157 5840 tum
2187 5781 2252 5834 ab
2285 5781 2392 5833 Arii
2422 5780 2641 5834 asseclis
2664 5819 2680 5844 ,
2725 5787 2832 5831 tum
2860 5775 2925 5828 ab
2955 5774 3018 5826 iis
3048 5774 3138 5844 qui
3164 5775 3399 5827 avaritia:
3439 5781 3492 5825 et
3519 5771 3612 5826 do-

2051 5872 2280 5931 minandi
2318 5872 2566 5942 cupidine
2589 5870 2732 5942 capti
2757 5883 2815 5924 se
2839 5866 3146 5956 Catholicos
3171 5881 3290 5921 esse
3315 5865 3617 5937 gloriaban-

3199 5964 3272 6025 12
