4504 6706
826 554 927 611 183

823 681 909 725 tur
940 687 956 725 :
994 668 1185 739 quibus
1212 668 1367 725 dictis
1395 669 1718 723 Antoninum
1759 667 2068 740 episcopum
2114 683 2281 739 nuper
2308 666 2405 721 de-

820 759 1075 818 functum
1116 760 1404 821 notabant,
1456 760 1594 829 apud
1640 774 1797 829 quem
1841 759 2052 814 venalia
2101 758 2408 830 prostabant

820 866 974 908 sacra
1029 851 1226 905 omnia.
1282 851 1562 905 Addebam
1604 864 1813 921 quoque
1857 852 2054 907 multos
2096 854 2289 905 instare
2329 850 2409 903 Iu-

819 954 916 1004 pos
950 981 970 1006 ,
1012 941 1103 1007 qui
1147 942 1369 1012 pecunia
1399 941 1753 1012 episcopalem
1789 941 1972 998 sedem
2008 941 2258 998 invadere
2288 948 2406 994 ten-

834 1031 1035 1085 labant.

904 1120 1096 1175 Joaun.
1128 1121 1384 1191 Clirysosl.
1415 1120 1509 1174 iter
1542 1122 1596 1176 in
1625 1123 1800 1178 Asiam
1831 1126 2059 1196 suscipit.
2084 1154 2157 1167 —
2180 1123 2410 1180 Joannes

835 1220 1018 1266 noster
1047 1220 1169 1265 tunc
1192 1211 1338 1280 gravi
1366 1221 1482 1267 erat
1509 1216 1749 1285 corporis
1788 1216 2095 1272 infirmitate
2138 1215 2405 1279 detentus,

835 1300 1055 1355 hiberna
1107 1316 1319 1372 quoque
1365 1312 1653 1373 tempestas
1693 1321 1725 1359 a
1773 1316 1917 1360 tanto
1970 1307 2161 1360 itinere
2208 1320 2408 1375 :rgrum

834 1397 1075 1445 avertere
1107 1406 1265 1459 posse
1300 1392 1613 1458 videbatur,
1646 1409 1828 1447 verum
1860 1404 2005 1448 tanto
2030 1395 2115 1448 ille
2143 1394 2412 1463 religionis

833 1480 1011 1534 studio
1039 1479 1312 1549 ﬂagrabat,
1343 1490 1399 1535 ut
1423 1482 1597 1535 omnia
1625 1483 1964 1552 posthaberet
1986 1499 2090 1553 quo
2116 1492 2192 1539 tot
2221 1486 2410 1539 tantis-

834 1586 939 1639 que
974 1572 1128 1626 malis
1167 1587 1381 1625 manum
1423 1573 1682 1629 medicam
1710 1574 1904 1631 afferre
1933 1585 2179 1631 tentaret.
2228 1578 2411 1649 Neque

835 1664 977 1717 enim
1023 1663 1219 1731 Ephesi
1260 1673 1460 1719 tantum
1484 1707 1501 1732 ,
1546 1666 1640 1722 sed
1666 1667 1825 1722 etiam
1852 1668 1904 1723 in
1938 1669 2056 1723 aliis
2086 1685 2191 1724 non
2230 1672 2412 1740 paucis

831 1752 976 1806 Asiae
998 1752 1299 1809 civitatibus
1325 1756 1423 1825 ipsi
1447 1757 1700 1827 episcopi,
1740 1768 2012 1828 pastorum
2040 1763 2254 1816 nomine
2282 1762 2412 1817 falso

834 1842 1109 1912 insigniti,
1154 1844 1456 1902 Christiano
1497 1849 1642 1918 gregi
1684 1849 1875 1905 damna
1919 1850 2218 1906 inferebant
2257 1852 2411 1905 innu-

833 1946 1001 1986 mera.
1036 1932 1126 1988 llis
1163 1949 1420 1992 accensus
1458 1938 1510 1992 in
1537 1939 1712 1993 navim
1742 1940 2051 2009 ingreditur.
2087 1940 2280 1995 Verum
2308 1957 2411 1996 sa:-

832 2024 1009 2080 viente
1052 2025 1332 2101 aquilone,
1378 2044 1499 2084 cum
1539 2041 1838 2085 metuerent
1876 2041 2052 2085 nauta:
2088 2047 2155 2086 ne
2193 2032 2245 2085 in
2272 2031 2408 2086 Pro-

830 2138 1123 2179 connesum
1148 2126 1487 2193 ejicerentur,
1528 2123 1702 2192 posito
1728 2123 1866 2188 velo,
1898 2123 2131 2179 Tritonis
2154 2139 2410 2194 promon-

831 2214 1022 2267 torium
1052 2216 1535 2283 praztervebuntur,
1558 2218 1614 2266 et
1646 2212 1714 2265 ibi
1736 2213 1894 2281 jactis
1914 2215 2165 2269 anchoris
2189 2230 2405 2270 manseo

827 2312 970 2367 runt,
1000 2312 1239 2359 austrum
1266 2312 1639 2375 exspectantes
1658 2304 2019 2372 utApameam
2047 2308 2401 2375 appellerent.

830 2393 963 2448 Cum
1002 2408 1129 2463 ergo
1173 2394 1393 2449 biduum
1426 2392 1598 2466 jejuni
1642 2394 2031 2462 perstitissent,
2074 2396 2126 2450 in
2168 2398 2408 2452 navicula

828 2486 1008 2556 agitati
1033 2526 1050 2555 ,
1082 2488 1237 2541 tertia
1262 2486 1351 2542 die
1378 2488 1668 2558 Apameam
1693 2487 1948 2557 appulere
1971 2530 1988 2556 ,
2033 2489 2123 2543 ubi
2148 2488 2407 2543 Joannem

828 2585 1073 2630 nostrum
1100 2577 1479 2646 exspectabant
1503 2578 1698 2632 Paulus
1724 2616 1739 2640 ,
1779 2576 2008 2648 Cyrinus
2033 2589 2086 2632 et
2118 2576 2406 2632 Palladius.

829 2665 940 2719 llos
960 2666 1100 2721 enim
1122 2668 1220 2721 via;
1242 2669 1462 2723 comites
1484 2677 1853 2737 assumpserat
1869 2669 2295 2740 Cbrysostomus,
2316 2684 2409 2739 pe-

828 2753 1089 2824 dibusque
1131 2756 1373 2811 confecto
1415 2758 1603 2813 itinere
1642 2756 1909 2828 Ephesum
1953 2759 2286 2827 perveniunt.
2341 2758 2409 2813 Et

824 2848 1159 2917 congregatis
1182 2847 1363 2919 Lydiae
1383 2889 1399 2914 ,
1431 2849 1573 2904 Asiae
1592 2891 1607 2915 ,
1640 2858 1799 2919 atque
1823 2847 1993 2902 Caria:
2020 2849 2282 2918 episcopis
2304 2865 2406 2903 nu-

829 2954 983 2994 mero
1011 2940 1339 3011 septuaginta
1356 2981 1374 3009 ,
1405 2940 1473 2996 de
1498 2939 1920 2996 ordinationibus
1944 2937 2201 2994 faciendis
2227 2941 2405 2995 statim

822 3038 1008 3083 actum
1051 3037 1153 3087 est.
1205 3031 1351 3086 Multi
1403 3041 1531 3086 tunc
1571 3032 1927 3094 advenerant,
1979 3031 2311 3101 maximeque
2339 3046 2406 3086 ex

829 3119 1147 3191 Phrygibus,
1170 3137 1276 3175 uno
1298 3121 1548 3176 audiendi
1576 3121 1939 3192 Cbrysostomi
1961 3119 2135 3175 studio
2153 3119 2403 3190 permoti,

828 3220 943 3265 tum
971 3212 1200 3267 maxime
1224 3213 1342 3282 ejus
1369 3214 1627 3283 sapientia
1654 3213 1867 3267 fruituri
1888 3254 1903 3275 ,
1932 3228 2052 3267 cum
2079 3210 2288 3266 afﬂictis
2317 3227 2404 3267 re-

826 3301 929 3357 bus
952 3301 1197 3357 Asiaticis
1222 3342 1238 3368 ,
1268 3312 1322 3357 et
1347 3318 1379 3357 a
1404 3303 1584 3358 multis
1609 3302 1700 3373 qui
1728 3303 1930 3358 zizania
1977 3304 2313 3357 inseruerant
2350 3302 2403 3357 in

825 3392 1150 3447 deteriorem
1193 3401 1389 3447 statum
1435 3393 1667 3448 reductis
1703 3410 1717 3447 :
1760 3408 1885 3447 nam
1932 3391 2283 3461 proﬂuentem
2334 3392 2403 3461 pii

827 3481 1066 3537 doctoris
1089 3481 1441 3553 eloquentiam
1467 3484 1628 3538 tantis
1650 3482 1801 3538 malis
1820 3482 2067 3538 solatium
2091 3482 2403 3539 aﬂerentem

824 3573 1110 3643 excepturi
1135 3583 1307 3629 erant.

889 3662 1107 3719 interea
1129 3664 1352 3719 accessit
1369 3663 1628 3720 Eusebius
1654 3664 1743 3720 ille
1761 3664 2402 3735 Valentinianopolitauus

813 3754 1109 3824 episcopus
1150 3753 1393 3825 (Pallad.
1437 3757 1645 3827 p.135.
1694 3756 1874 3828 156),
1917 3757 1985 3813 de
2024 3774 2132 3829 quo
2176 3759 2403 3829 plurima

829 3844 1065 3899 diximus
1090 3859 1271 3914 supra,
1300 3846 1389 3915 qui
1415 3861 1507 3900 sex
1536 3847 1816 3917 episcopos
1843 3848 1975 3903 alios
1996 3848 2302 3914 accusabat,
2333 3848 2401 3902 ad

836 3936 1264 3991 communionem
1293 3937 1499 3991 admitti
1542 3953 1757 4006 rogans.
1809 3938 2005 3994 Contra
2033 3954 2160 3995 vero
2186 3940 2401 4010 quidam

814 4025 1063 4095 episcopi
1088 4040 1194 4079 non
1214 4027 1597 4082 admittendum
1616 4027 1884 4095 dicebant,
1904 4038 2087 4098 utpote
2107 4030 2405 4100 sycophan-

832 4126 965 4168 tam.
1015 4113 1194 4183 Pergit
1224 4115 1313 4170 ille
1336 4116 1671 4185 supplicans,
1703 4118 1825 4186 quia
1858 4120 1966 4187 jam
2003 4118 2219 4174 biennio
2244 4134 2404 4173 causa

828 4206 1171 4272 examinata,
1224 4217 1279 4262 et
1324 4224 1430 4262 non
1480 4207 1883 4264 advenientibus
1928 4210 2152 4265 testibus
2197 4211 2403 4281 longius

822 4303 1062 4350 extracta
1107 4294 1317 4363 fuerat,
1366 4305 1424 4351 ut
1468 4305 1631 4352 testes
1676 4298 2078 4368 producantur:
2108 4303 2208 4356 etsi
2258 4303 2401 4356 enim

828 4388 1160 4453 Antoninus,
1188 4388 1278 4458 qui
1303 4404 1549 4444 nummos
1568 4400 1848 4460 acceperat
1876 4403 1932 4447 ut
1958 4392 2266 4460 ordinaret,
2292 4393 2399 4463 jam

822 4490 1074 4535 mortuus
1094 4490 1229 4548 erat,
1252 4496 1534 4552 superesse
1562 4490 1738 4538 tamen
1768 4498 1882 4552 eos,
1909 4485 2001 4554 qui
2025 4486 2247 4554 pecunia
2279 4485 2401 4541 data

831 4573 1058 4627 ordinati
1070 4571 1298 4628 fuerant.
1315 4574 1561 4645 Synodus
1573 4589 1698 4629 vero
1713 4590 1826 4629 rem
1850 4570 2261 4645 perqui‘rendam
2283 4592 2403 4632 esse

831 4662 1061 4716 censuit.
1090 4660 1272 4715 Primo
1300 4662 1435 4717 lecta
1463 4673 1587 4717 sunt
1612 4672 1729 4717 acta
1754 4678 1769 4727 ;
1800 4663 2025 4733 ingressi
2051 4674 2175 4719 sunt
2203 4676 2400 4731 testes;

832 4765 1036 4806 necnon
1083 4765 1179 4806 sex
1217 4750 1333 4817 illi,
1372 4751 1463 4822 qui
1506 4752 1729 4822 pecunia
1758 4751 1881 4807 data
1906 4752 2135 4808 ordinati
2173 4752 2404 4808 fuerant.

832 4843 901 4897 Et
922 4844 1072 4898 initio
1096 4844 1308 4913 quidem
1335 4845 1628 4916 negabant;
1660 4846 1981 4901 instantibus
2004 4860 2136 4901 vero
2161 4846 2403 4913 testibus,

832 4949 1056 5002 quorum
1082 4936 1295 5003 quidam
1314 4937 1432 4992 laici
1449 4948 1620 5006 erant,
1642 4947 1697 4995 et
1719 4939 1931 5010 quidam
1953 4939 2269 5011 presbyteri,
2293 4939 2410 5009 qui-

832 5026 935 5081 bus
963 5040 1075 5080 rem
1118 5025 1448 5083 confidenter
1492 5030 1764 5098 aperuisse
1802 5030 2149 5098 videbantur,
2195 5045 2404 5085 necnon

833 5115 1150 5171 mulieribus
1170 5116 1459 5185 nonnullis,
1481 5133 1600 5187 qua:
1624 5128 1678 5173 et
1696 5121 1973 5191 pignorum
2003 5136 2097 5177 seu
2119 5136 2404 5177 munerum

834 5207 1102 5277 speciem,
1142 5216 1197 5265 et
1232 5208 1345 5265 loca
1374 5217 1431 5265 et
1457 5218 1693 5282 tempora
1719 5222 1775 5267 et
1813 5216 2157 5283 quantitatem
2199 5215 2403 5270 indica-

833 5298 985 5367 bant,
1011 5302 1334 5360 reclamante
1364 5303 1490 5359 item
1514 5303 1837 5360 conscientia
1857 5347 1872 5370 ,
1902 5306 2060 5369 ultro,
2092 5322 2191 5362 nec
2219 5309 2406 5375 majori

836 5395 1153 5452 necessitate
1184 5396 1477 5467 compulsi,
1518 5396 1751 5454 confessi
1790 5407 1915 5453 sunt
1951 5412 2011 5453 se
2039 5413 2259 5453 munera
2293 5399 2406 5453 sol-

840 5483 983 5539 visse
1009 5525 1025 5551 ,
1054 5487 1213 5543 talem
1249 5504 1369 5544 esse
1393 5490 1828 5547 consuetudinem
1856 5497 2104 5561 putantes
2124 5530 2139 5549 .
2186 5497 2238 5543 et
2264 5504 2404 5544 nunc

833 5586 995 5630 orare
1011 5616 1027 5642 ,
1055 5577 1101 5631 si
1126 5578 1202 5632 fas
1227 5587 1401 5635 tamen
1422 5592 1582 5648 esset,
1616 5583 1667 5637 in
1698 5583 1951 5639 Ecclesia:
1970 5581 2268 5637 ministerio
2293 5596 2408 5637 ser-

833 5669 985 5735 vari;
1030 5671 1114 5726 sin
1154 5671 1364 5739 minus,
1413 5683 1473 5729 ut
1513 5689 1731 5742 aurum,
1777 5675 1919 5745 quod
1956 5673 2260 5742 solverant,
2305 5674 2407 5729 sibi

834 5763 1147 5820 redderetur
1171 5783 1185 5819 :
1217 5766 1429 5836 quidam
1454 5768 1594 5823 enim
1621 5782 1687 5823 ex
1713 5769 1816 5823 illis
1843 5782 2068 5823 uxorum
2106 5766 2410 5837 supellecti-

835 5855 941 5913 lem
966 5858 1243 5916 dederant.
1287 5859 1423 5915 Tum
1448 5859 1680 5916 Joannes
1703 5860 2114 5932 Chrysostomus
2143 5874 2173 5914 e
2207 5874 2267 5913 re
2295 5857 2410 5912 fore

834 5949 940 6006 sibi
958 5952 1117 6007 videri
1136 5952 1287 6022 dixit,
1306 5954 1348 6008 si
1366 5953 1573 6025 juberet
1589 5953 1831 6025 Synodus
1850 5952 1996 6009 reddi
2017 5952 2117 6008 illis
2136 5964 2324 6007 aurum
2340 5947 2409 6003 ab

1902 552 1960 609 S.
2002 552 2279 610 JOANNIS
2314 550 2790 611 CllRYSOSTOMl
2832 553 3011 623 VlTA,

3994 562 4096 621 ηε

2521 668 2844 725 breredibus.
2866 669 3123 740 Praecepit
3149 683 3276 741 ergo
3296 667 3560 742 Synodus,
3585 675 3642 722 ut
3659 666 3735 722 illi
3745 680 3928 726 contra
3951 673 4094 745 leges

2518 773 2699 816 sacras
2722 760 2948 815 ordinati
2976 776 3163 815 aurum
3185 778 3337 817 suum
3366 762 3666 831 reciperent
3695 758 3764 815 ab
3789 758 4093 821 hzeredibus

2519 851 2810 917 Antonini,
2838 859 2891 904 et
2916 852 3372 910 communicarent
3398 855 3532 909 intra
3558 853 3722 909 altare
3750 869 3764 905 :
3788 862 3971 907 essent
3998 868 4095 907 au-

2520 954 2626 998 tem
2652 945 2765 1014 jam
2791 958 2897 998 non
2926 943 3233 1000 sacerdotes
3251 988 3267 1011 ,
3304 946 3397 1002 sed
3425 963 3488 1002 ex
3515 944 3875 1002 sacerdotibus
3901 960 3915 995 :
3945 943 4021 997 Ne
4048 948 4094 998 si

2518 1035 2619 1091 ista
2635 1035 3068 1098 concederemus,
3092 1052 3210 1091 mos
3237 1037 3385 1093 ﬂeret
3412 1039 3661 1094 Judaicus
3684 1048 3772 1092 aut
3787 1035 4087 1107 Egyptius.

2518 1124 2779 1180 vendendi
2802 1133 2958 1193 atque
2983 1124 3195 1177 emendi
3225 1127 3606 1183 sacerdotium.
3643 1129 3927 1183 Dicebatur
3947 1126 4088 1183 enim

2518 1212 2825 1270 Judazorum
2853 1212 3207 1284 patriarcham
3237 1214 3457 1284 singulis
3486 1220 3639 1274 annis
3662 1261 3678 1284 ,
3724 1230 3814 1274 aut
3841 1234 3980 1273 anno
4010 1217 4083 1271 in-

2520 1304 2776 1375 terjecto,
2817 1320 2847 1358 a
2872 1317 3152 1374 synagoga:
3178 1303 3503 1373 principibus
3542 1310 3773 1377 mutari,
3814 1310 3880 1365 ad
3911 1324 4090 1364 corra-

2522 1394 2749 1450 dendam
2778 1395 3077 1466 pecuniam.

2592 1489 2791 1543 [lorum
2818 1492 3054 1543 omnium
3085 1486 3364 1541 exstabant
3390 1497 3504 1543 acta
3527 1500 3578 1545 et
3616 1492 3849 1561 judicum
3875 1494 4092 1550 nomina

2521 1577 2756 1647 (Pallad.
2796 1598 2847 1648 p.
2881 1578 3002 1647 £37)
3034 1594 3048 1629 :
3085 1591 3147 1631 ac
3182 1576 3273 1646 qui
3315 1577 3524 1632 fuerant
3568 1581 3797 1649 depositi
3824 1624 3841 1645 ,
3891 1584 4091 1655 Synodi

2516 1670 2717 1740 judicio
2742 1671 3121 1740 acquieverunt
3143 1708 3158 1732 ,
3201 1684 3443 1739 unusque
3468 1686 3531 1724 ex
3560 1672 3661 1725 illis
3692 1672 3861 1728 factus
3885 1685 3967 1729 est
3992 1692 4091 1731 ne-

2519 1763 2783 1830 gotiorum
2808 1760 3130 1829 publicorum
3160 1757 3429 1815 defensor.
3456 1761 3509 1814 lu
3528 1762 3887 1832 depositorum
3913 1775 4094 1820 autem

2520 1850 2692 1905 locum
2715 1851 2902 1905 delecti
2924 1860 3044 1904 sunt
3064 1849 3151 1902 alii
3172 1866 3278 1904 non
3308 1854 3572 1923 conjugati
3599 1896 3615 1920 ,
3642 1856 3748 1910 vita
3780 1864 3833 1911 et
3852 1856 4092 1912 doctrina

2519 1942 2711 1996 ornati.
2760 1941 3088 1997 Heraclidem
3118 1956 3245 1995 vero
3281 1943 3332 1996 in
3362 1945 3614 1999 Antonini
3643 1948 3815 2002 locum
3844 1948 4094 2020 Synodus

2519 2034 2809 2096 constituit,
2829 2033 2995 2086 virum
3024 2032 3311 2102 encyclicis
3335 2032 3629 2103 disciplinis
3650 2038 3847 2105 Optime
3875 2040 4093 2093 institu-

2520 2134 2660 2190 tum,
2706 2134 2760 2178 et
2793 2125 2842 2177 in
2873 2122 3065 2178 divinis
3096 2123 3382 2192 Scripturis
3410 2125 3644 2193 peritum
3666 2167 3680 2190 ,
3706 2129 3797 2196 qui
3829 2130 3879 2182 in
3906 2144 4094 2183 eremo

2517 2215 2863 2270 monasticam
2890 2214 3048 2267 vitam
3075 2222 3252 2283 egerat
3275 2256 3290 2280 ,
3319 2223 3374 2269 et
3401 2215 3489 2284 qui
3524 2230 3617 2283 per
3647 2224 3753 2270 tres
3782 2232 3951 2271 annos
3974 2220 4094 2273 dia-

2518 2319 2685 2359 conus
2709 2303 2898 2359 fuerat.
2928 2304 3194 2359 Palladius
3220 2319 3350 2359 vero
3372 2345 3385 2368 ,
3413 2304 3503 2373 qui
3534 2304 3655 2359 huic
3680 2306 3895 2377 Synodo
3922 2308 4087 2363 inter-

2517 2394 2714 2459 fuerat,
2750 2394 2877 2449 dicit
2902 2393 3160 2449 Joannem
3203 2409 3302 2449 sex
3332 2395 3612 2463 episcopos
3654 2396 3707 2450 in
3749 2398 3847 2451 hac
3882 2399 4091 2453 scilicet

2516 2486 2786 2555 provincia
2821 2494 3019 2539 tantum
3056 2483 3403 2555 deposuisse,
3436 2500 3539 2539 non
3579 2496 3754 2540 autem
3794 2487 4088 2551 sexdecim,

2516 2584 2574 2628 ut
2600 2575 2951 2630 mentiebatur
2971 2574 3318 2645 TheOphilus,
3341 2573 3706 2646 Cbrysostomi
3735 2586 4010 2632 accusator
4036 2589 4091 2631 et

2516 2664 2779 2719 inimicus.
2816 2729 2819 2732 g
3174 2707 3187 2718 ρ

2586 2752 2914 2807 Sozomenus
2956 2768 3083 2809 vero
3130 2753 3259 2809 dicit
3308 2754 3539 2827 (Sozam.
3570 2756 3607 2810 ι.
3642 2756 3695 2810 8.
3740 2772 3786 2809 c.
3818 2756 3880 2825 6)
3912 2756 4088 2824 ipsum

2516 2844 2769 2899 tredecim
2818 2845 3097 2915 episcopos
3136 2846 3450 2915 deposuisse
3496 2846 3684 2916 partim
3731 2845 3782 2899 in
3830 2845 3985 2916 Lycia
4032 2856 4088 2900 et

2514 2937 2739 3009 Phrygia
2761 2979 2776 3003 ,
2826 2939 3017 3007 partim
3046 2938 3098 2993 in
3129 2939 3253 2993 Asia
3278 2979 3293 3002 ,
3325 2939 3396 2992 ita
3434 2948 3491 2991 ut
3522 2953 3642 2991 cum
3684 2945 3818 2990 teste
3845 2935 4087 2995 Palladio

2517 3040 2641 3085 tunc
2663 3039 2923 3100 prresente
2949 3046 3045 3085 sex
3075 3031 3127 3085 in
3160 3030 3284 3084 Asia
3314 3029 3645 3098 deposuerit,
3693 3038 3896 3097 septem
3923 3029 4082 3081 etiam

2513 3121 2567 3175 in
2596 3121 2753 3193 Lycia
2779 3132 2834 3175 et
2872 3121 3101 3191 Phrygia
3151 3136 3217 3175 ex
3259 3120 3475 3174 sedibus
3520 3118 3760 3173 moverit.
3805 3118 3947 3171 Inter
3986 3116 4085 3169 bos

2512 3221 2688 3267 autem
2714 3210 3027 3267 Gerontium
3055 3210 3511 3265 Nicomediensem
3539 3210 3843 3279 episcopum
3871 3223 3933 3263 ex
3957 3205 4085 3261 sede

2512 3302 2735 3373 expulit.
2765 3301 2863 3356 Hic
2897 3312 3074 3356 autem
3102 3316 3223 3356 cum
3258 3301 3538 3355 Mediolani
3563 3301 3816 3355 diaconus
3843 3308 4019 3361 esset,
4051 3313 4083 3351 a

2512 3391 2571 3448 S.
2613 3391 2897 3446 Ambrosio
2939 3392 3190 3462 episc0po
3227 3399 3284 3444 ut
3319 3404 3471 3444 sacro
3504 3389 3796 3443 ministerio
3836 3388 4084 3459 indignus

2512 3484 2763 3551 expulsus
2808 3480 3000 3535 fuerat.
3051 3480 3185 3535 Hinc
3211 3495 3331 3534 cum
3366 3478 3865 3553 Constantinopolin
3904 3479 4083 3533 venis-

2512 3583 2615 3642 set,
2654 3584 2713 3629 ut
2736 3581 2851 3629 erat
2876 3574 3022 3627 vafer
3049 3582 3103 3627 et
3129 3580 3336 3626 astutus
3360 3612 3375 3637 ,
3406 3568 3759 3640 quorumdam
3793 3583 3894 3638 ope
3921 3568 4080 3623 Nico.

2511 3664 2840 3721 mediensem
2864 3662 3219 3733 episc0palem
3244 3661 3426 3716 sedem
3451 3660 3670 3728 adeptus
3692 3668 3793 3714 est.
3825 3659 3905 3713 Re
3931 3675 4082 3714 com-

2512 3768 2663 3828 perta
2691 3756 3006 3811 Ambrosius
3031 3753 3276 3809 Nectario
3299 3753 3549 3822 episcopo
3591 3750 4083 3821 Constantinopoli—
4152 3820 4157 3824 θ

2513 3858 2640 3903 tano
2699 3848 2954 3918 scripsit,
3000 3856 3059 3901 ut
3100 3845 3412 3901 Gerontium
3466 3858 3531 3898 ex
3583 3842 3870 3913 episcopali
3914 3840 4080 3911 gradu

2513 3939 2788 4008 dejiceret.
2831 3937 2970 3993 Nihil
3016 3953 3120 3992 non
3169 3935 3273 4007 egit
3317 3935 3631 3999 Nectarius,
3672 3942 3732 3988 ut
3768 3932 4079 3988 Gerontium

2512 4030 2837 4101 deponeret;
2879 4029 2974 4085 sed
3017 4029 3208 4083 frustra
3246 4041 3457 4083 cessere
3494 4035 3717 4081 conatus
3748 4022 4079 4079 :Gerontius

2513 4122 2654 4177 enim
2670 4118 3158 4176 Nicomediensibus
3174 4119 3458 4173 admodum
3478 4126 3657 4188 gratus
3672 4123 3807 4180 erat,
3824 4112 4075 4181 quoniam

2511 4214 2564 4269 in
2577 4213 2835 4269 medicina
2858 4213 3077 4283 peritus,
3110 4211 3252 4267 illam
3272 4219 3439 4265 artem
3461 4206 3757 4267 exercebat,
3774 4202 4080 4256 ac‘dexteri-
4122 4256 4125 4259 .

2511 4315 2618 4362 tate
2640 4316 2695 4362 et
2714 4306 3021 4372 sedulitate,
3062 4305 3231 4374 inquit
3257 4304 3583 4357 Sozomenus
3604 4337 3619 4362 ,
3644 4311 3769 4365 erga
3797 4308 3985 4349 omnes
4013 4308 4080 4347 ex

2510 4414 2683 4469 mque,
2717 4409 2822 4454 tam
2844 4411 3104 4468 pauperes
3130 4407 3285 4463 quam
3313 4390 3524 4452 divites,
3557 4386 3819 4440 utebatur.
3848 4383 4081 4438 Joannes

2513 4508 2640 4546 vero
2670 4490 2819 4544 illum
2863 4485 3148 4554 deposuit,
3196 4490 3249 4536 et
3287 4481 3339 4534 in
3376 4480 3550 4533 locum
3577 4478 3691 4547 ejus
3720 4476 4078 4545 Pansopbium

2511 4579 2795 4635 ordinavit.
2817 4576 2946 4641 Quae
2966 4589 3054 4628 res
3078 4568 3563 4626 Nicomediensibus
3587 4566 3869 4621 admodum
3899 4564 4084 4634 displi-

2512 4670 2642 4733 cuit,
2674 4681 2773 4719 nec
2799 4678 2951 4718 secus
2980 4677 3137 4731 quam
3173 4661 3224 4713 in
3252 4659 3571 4722 calamitate,
3610 4666 3701 4711 aut
3733 4666 3885 4710 terra:
3911 4665 4078 4718 metu,

2512 4759 2597 4812 vel
2621 4756 2878 4819 siccitate,
2908 4769 3001 4822 per
3023 4751 3221 4821 plateas
3249 4749 3474 4804 civitatis
3500 4763 3610 4801 suae
3635 4755 3689 4800 et
3710 4742 4083 4798 Constantino-

2514 4850 2621 4921 poli
2650 4849 3043 4903 circumeuntes
3085 4844 3413 4915 psallebant,
3460 4841 3673 4908 Deoque
3717 4834 4085 4904 supplicabant

2515 4950 2573 4997 ut
2598 4942 2742 4996 illum
2768 4939 3073 5009 episcopum
3098 4936 3374 4991 haberent.
3414 4930 3540 4985 Haec
3574 4942 3703 4982 vero
3725 4924 3964 4980 Gerontii
3988 4924 4085 4979 dc-

2513 5033 2705 5106 positio
2742 5031 2842 5085 sub
2889 5030 3004 5084 haec
3047 5027 3238 5083 Joanni
3278 5023 3660 5092 Chrysostomo
3704 5015 3913 5083 objecta
3961 5013 4079 5078 fuit,

2511 5124 2724 5198 quando
2752 5124 2840 5178 illa
2876 5130 3018 5176 tanta
3047 5119 3301 5173 adversus
3338 5114 3508 5182 ipsum
3538 5115 3823 5177 tempestas
3848 5114 3964 5198 orta
4003 5116 4085 5161 est

2514 5196 2688 5291 (Socr.
2720 5217 2759 5270 ι.
2791 5215 2844 5270 6.
2867 5230 2913 5267 c.
2944 5214 3030 5267 ll.
3061 5219 3107 5263 el
3136 5208 3247 5275 l9).
3292 5200 3597 5258 Novatiauis
3634 5208 3807 5291 autem
3829 5207 3883 5251 et
3910 5196 4085 5291 Quar-

2512 5287 2861 5364 todecimanis
2884 5303 3109 5369 aliisque
3122 5294 3384 5350 haereticis
3400 5291 3592 5345 multas
3602 5288 3850 5344 ecclesias
3863 5287 4080 5344 ademit.

2512 5401 2688 5469 Atque
2713 5393 2908 5464 Ephesi
2931 5405 3051 5445 cum
3075 5395 3236 5451 esset,
3267 5383 3435 5452 inquit
3460 5380 3700 5445 Proclus,
3731 5379 3884 5435 Mida:
3912 5381 4085 5437 cultus

2512 5502 2765 5546 arcanum
2809 5497 2968 5537 omne
3004 5477 3233 5540 detexit;
3272 5484 3469 5530 etcum
3498 5472 3551 5526 in
3585 5470 3865 5542 Phrygiam
3901 5474 4080 5529 venis-

2514 5590 2628 5645 set,
2669 5573 2821 5630 Matri
2863 5571 3030 5625 Deum
3058 5565 3273 5637 Cybclze
3299 5563 3437 5619 filios
3464 5575 3651 5617 omnes
3678 5562 3894 5619 abstulit
3917 5605 3931 5630 ,
3961 5579 4083 5619 cum

2515 5680 2701 5725 eorum
2729 5660 2921 5731 templa
2948 5656 3231 5714 destruxit.

2587 5761 2855 5815 Reversus
2892 5755 3301 5826 Chrysostomus
3332 5750 3454 5820 (Jo.
3479 5749 3661 5822 Chrys.
3691 5761 3729 5806 t.
3760 5754 3812 5813 3.
3868 5770 3915 5807 c.
3944 5746 4083 5819 579)

2516 5865 2585 5906 ex
2614 5848 2740 5903 Asia
2777 5848 2929 5918 quasi
2959 5860 3026 5901 ex
3053 5845 3209 5915 longa
3252 5843 3707 5914 peregrinatione,
3738 5844 3790 5899 in
3830 5860 3932 5916 qua
3968 5841 4085 5911 plus

2516 5957 2676 6015 quam
2688 5950 2898 6001 centum
2917 5939 3030 5997 dies
3043 5938 3673 6010 insumpserat,postridie
3688 5938 3979 5995 orationem
3999 5931 4086 5986 ha-
