4504 6706
402 547 502 602 i313

398 662 513 716 buit
535 661 601 716 ad
629 664 878 734 populum
906 678 1084 725 suum,
1111 675 1269 730 quem
1296 660 1518 716 summis
1543 660 1788 716 laudibus
1813 661 1984 716 extol-

399 753 460 806 lit
493 753 634 823 quod
662 770 783 810 cum
815 764 963 810 tanto
996 750 1189 820 gaudio
1230 750 1380 806 illum
1410 750 1722 806 redeuntem
1750 766 1980 820 excepe-

399 848 525 913 rint,
551 847 695 917 quod
718 847 986 902 civitatem
1014 849 1179 897 totam
1203 843 1256 898 in
1282 841 1567 898 ecclesiam
1595 845 1976 906 converterint,

398 937 539 1006 quod
561 953 682 993 cum
705 934 971 990 haereticis
993 933 1260 989 colluctati
1281 933 1409 989 sint.
1434 933 1700 1006 Nusquam
1719 948 1846 988 vero
1867 942 1984 986 tan—

398 1035 510 1082 tum
539 1026 715 1098 gaudii
743 1023 1019 1088 exhibuit,
1046 1031 1301 1092 quantum
1343 1025 1396 1080 in
1426 1024 1526 1081 bac
1563 1025 1823 1081 concione
1844 1060 1860 1086 ,
1891 1021 1982 1075 ubi

397 1129 544 1174 certe
567 1115 653 1171 vel
689 1115 864 1183 primo
889 1112 1083 1167 intuitu
1111 1115 1431 1186 percipitur,
1459 1131 1564 1171 non
1592 1117 1800 1170 minore
1829 1112 1980 1166 illum

397 1208 664 1264 desiderio
687 1204 756 1258 ad
787 1205 994 1274 plebem
1023 1208 1326 1263 revertendi
1365 1217 1578 1279 captum
1608 1208 1791 1272 fuisse,
1818 1219 1978 1274 quam

398 1296 624 1366 populus
647 1302 788 1348 totus
808 1295 1036 1364 pastoris
1055 1297 1136 1352 sui
1160 1297 1402 1354 absentis
1423 1297 1713 1368 recipiendi
1732 1294 1980 1364 cupidine

398 1384 695 1440 tenebatur.

465 1475 763 1544 Regressus
790 1492 920 1533 vero
961 1477 1311 1551 deprehendit
1351 1479 1702 1536 Severianum
1746 1475 1976 1532 Gabalo-

394 1582 514 1621 rum
557 1568 888 1638 episc0pum,
923 1572 1007 1626 cui
1047 1574 1098 1626 in
1124 1573 1450 1642 profectione
1468 1586 1564 1627 sua
1589 1583 1805 1640 gregem
1823 1583 1976 1621 suum

395 1658 896 1727 commendaverat,
934 1662 1065 1715 nihil
1107 1677 1213 1716 non
1255 1663 1429 1733 egisse
1473 1671 1530 1714 ut
1574 1659 1862 1729 populum,
1892 1657 1978 1712 cui

395 1764 538 1817 strpe
557 1750 990 1816 concionabatur,
1010 1753 1109 1808 sibi
1131 1756 1450 1818 conciliaret,
1474 1762 1527 1807 et
1550 1766 1579 1804 a
1597 1751 1978 1821 Chrysostomo

395 1852 696 1902 averteret;
725 1851 918 1913 atque,
953 1854 1010 1899 ut
1051 1848 1360 1913 putabatur.
1395 1854 1452 1899 ut
1491 1844 1639 1897 illum
1668 1859 1697 1896 a
1727 1857 1820 1896 sua
1849 1841 1977 1896 sede

394 1932 723 1997 deturbaret,
754 1950 918 2004 seque
947 1939 996 1991 in
1026 1939 1139 2006 ejus
1169 1940 1341 1992 locum
1370 1936 1734 1997 substitueret,
1758 1934 1975 2003 jamque

398 2040 427 2077 a
465 2024 756 2094 Serapione
799 2027 1023 2081 diacono
1079 2029 1311 2083 monitus
1357 2027 1808 2098 Chrysostomus,
1848 2025 1973 2079 dum

397 2114 590 2169 absens
606 2126 765 2180 esset,
786 2127 905 2185 post
925 2119 1150 2172 reditum
1171 2135 1280 2173 rem
1303 2118 1602 2174 accuratius
1620 2117 1973 2180 examinavit;

398 2220 461 2258 ac
476 2221 654 2259 veram
673 2221 792 2261 esse
820 2210 1085 2276 cognovit.
1116 2209 1240 2262 Erat
1258 2217 1433 2262 autem
1450 2207 1766 2263 Severianus
1782 2223 1976 2276 genere

398 2294 565 2365 Syrus
584 2337 599 2361 ,
630 2298 948 2365 eloquentia:
985 2300 1238 2364 studens,
1269 2300 1422 2366 cujus
1452 2298 1697 2350 homilias
1719 2298 1975 2365 quasdam

400 2384 674 2448 habemus,
690 2401 911 2454 quarum
929 2389 1096 2458 stylus
1111 2390 1304 2458 aliquid
1323 2388 1639 2443 inventionis
1656 2403 1764 2454 pra:
1780 2402 1838 2440 se
1856 2388 1974 2451 fert,

399 2475 494 2529 sed
512 2477 770 2545 strigosus
795 2490 848 2531 et
872 2494 1028 2546 aSper
1048 2489 1129 2534 est
1150 2497 1165 2544 ;
1196 2483 1262 2534 ita
1280 2492 1335 2535 ut
1360 2480 1716 2548 eloquentiam
1733 2479 1848 2546 ejus
1873 2477 1982 2532 fer-

400 2583 546 2622 ream
575 2578 730 2623 vocet
757 2569 1004 2625 Saviiius.
1032 2571 1080 2626 is
1109 2574 1284 2643 itaque
1311 2583 1365 2628 et
1391 2574 1528 2626 alius
1551 2572 1831 2642 episcopus
1856 2570 1982 2624 Pto-

399 2658 642 2712 lcmaidis
663 2700 678 2723 ,
712 2661 1002 2715 Antiochus
1047 2665 1294 2728 nomine,
1324 2665 1410 2732 qui
1456 2663 1776 2730 eloquentiae
1819 2663 1976 2715 etiam

399 2749 666 2815 studebat,
698 2751 834 2806 inter
865 2755 1211 2822 primipilares
1235 2755 1454 2810 Joannis
1491 2754 1854 2824 Chrysostomi
1880 2754 1979 2808 iui-

400 2840 570 2893 micos
604 2842 853 2912 deinceps
873 2846 1309 2900 numerabuntur.
1339 2846 1663 2900 Severianus
1685 2860 1789 2898 non
1811 2845 1978 2914 plebis

398 2934 561 2987 modo
577 2934 1176 3006 Constantinopolitante
1199 2939 1444 2992 affectum
1477 2949 1530 2991 et
1555 2937 1974 2992 benevolentiam

399 3023 502 3077 sibi
528 3035 740 3092 captare
767 3028 1048 3092 studebat,
1080 3027 1174 3082 sed
1215 3029 1372 3082 etiam
1401 3028 1453 3081 in
1480 3027 1817 3096 lmperatoria
1856 3028 1977 3081 aula

398 3114 500 3167 sibi
530 3115 780 3168 Eudoxia:
803 3118 1053 3184 Augustw
1069 3117 1292 3186 gratiam
1311 3118 1705 3182 conciliaverat,
1733 3117 1978 3172 ambitio-

323 3284 327 3288 _
401 3204 483 3257 nis
503 3205 680 3258 Studio
705 3216 996 3274 permotus.
1024 3207 1174 3262 Caeca
1195 3208 1336 3262 enim
1363 3218 1415 3262 et
1439 3209 1716 3263 temeraria
1741 3209 1979 3263 domina-

400 3297 534 3350 trice
557 3297 719 3350 animi
747 3298 1034 3367 cupiditate
1061 3299 1358 3354 stimulatus
1387 3301 1590 3355 nullum
1623 3300 1844 3370 lapidem
1870 3315 1977 3356 non

400 3396 660 3441 moverat.

469 3479 628 3531 Aliud
643 3479 711 3533 de
733 3479 1024 3534 Severiano
1044 3481 1204 3535 refert
1221 3482 1462 3536 Socrates
1481 3482 1655 3552 (Socr.
1680 3483 1717 3538 ι.
1741 3483 1794 3536 6.
1817 3500 1862 3539 c.
1889 3485 1975 3537 11.

401 3568 608 3622 Sozam.
633 3572 672 3623 ι.
702 3570 755 3623 8.
781 3587 830 3624 c.
860 3570 983 3637 10),
1011 3573 1150 3640 quod
1176 3587 1367 3641 nempe
1392 3572 1611 3642 Serapio
1629 3613 1644 3638 ,
1667 3574 1736 3627 de
1760 3589 1866 3642 quo
1892 3588 1982 3627 su-

401 3676 516 3729 pra,
539 3676 659 3716 cum
686 3662 895 3717 sederet
921 3662 1223 3731 aliquando,
1249 3665 1539 3718 transeunti
1569 3664 1856 3719 Severiano
1880 3666 1979 3718 ho-

401 3766 583 3806 norem
611 3753 861 3821 episcopo
890 3753 1124 3807 debitum
1154 3769 1259 3808 non
1291 3756 1617 3824 praestiterit,
1648 3757 1740 3810 sed
1769 3757 1821 3810 in
1852 3757 1982 3812 sede

398 3857 492 3897 sua
517 3845 883 3912 permanserit.
916 3845 1026 3912 Qua
1057 3860 1114 3900 re
1142 3857 1408 3913 permotus
1436 3848 1772 3914 Severianus,
1801 3864 1982 3904 coram

399 3934 646 3989 omnibus
671 3933 803 3988 dixit
833 3951 846 3986 :
879 3934 938 3988 Si
970 3935 1184 4005 Serapio
1209 3937 1452 3990 moriatur
1475 3937 1811 4005 Christianus,
1837 3940 1985 3993 Chri-

398 4033 505 4077 stus
525 4024 672 4077 homo
699 4041 800 4078 non
830 4028 992 4094 factus
1021 4036 1112 4079 est.
1142 4027 1252 4082 Hoc
1271 4027 1468 4082 dictum
1493 4039 1638 4084 certe
1660 4030 1982 4100 impietatem

399 4116 570 4183 sapit;
597 4114 816 4183 Serapio
840 4125 1016 4170 autem
1052 4117 1298 4187 maligne,
1315 4119 1544 4188 demptis
1573 4122 1834 4190 prioribus
1863 4138 1984 4177 ver-

402 4206 503 4272 bis,
519 4206 577 4260 af
579 4207 817 4263 firmabat
839 4210 1182 4266 Severianum
1201 4213 1314 4266 haec
1335 4215 1620 4282 protulisse
1640 4217 1818 4283 verba,
1838 4217 1985 4271 Chri-

400 4309 506 4353 stus
533 4302 680 4354 homo
709 4304 872 4370 factus
901 4320 1001 4357 non
1033 4313 1145 4372 est,
1174 4307 1476 4376 multosque
1505 4323 1613 4362 sua:
1641 4307 1882 4362 factionis
1909 4317 1985 4362 te-

401 4399 512 4444 stes
538 4391 883 4459 producebat,
915 4395 1004 4464 qui
1032 4395 1132 4450 hoc
1159 4411 1217 4451 se
1244 4413 1275 4452 a
1297 4397 1585 4453 Severiano
1609 4399 1806 4452 dictum
1833 4400 1985 4452 audi-

403 4483 544 4537 visse
567 4483 914 4550 afﬁrmarent,
946 4489 1262 4545 Severianus
1291 4506 1438 4557 vero,
1468 4508 1526 4546 se
1556 4507 1660 4546 non
1691 4492 1759 4545 ita
1784 4492 1984 4547 dixisse

401 4577 760 4640 asseverabat,
787 4580 880 4632 sed
907 4589 1066 4634 totam
1091 4585 1430 4650 sententiam,
1457 4594 1514 4638 ut
1536 4601 1693 4651 supra
1713 4583 1976 4637 diximus:

402 4680 520 4733 qua:
540 4673 717 4719 tamen
736 4676 788 4721 et
809 4668 919 4736 ipsa
938 4671 1094 4739 impia
1118 4687 1235 4726 cum
1258 4686 1416 4735 esset.
1432 4675 1746 4730 Severianus
1765 4690 1792 4726 a
1815 4672 1983 4744 Chry-

403 4766 639 4810 sostomo
661 4771 727 4810 ex
767 4759 898 4812 urbe
929 4761 1106 4827 pulsus
1134 4763 1269 4825 fuit,
1299 4775 1356 4818 ut
1382 4765 1454 4818 ait
1479 4765 1744 4821 Socrates.
1784 4764 1980 4819 Verum

401 4863 468 4903 ex
494 4847 855 4919 Chrysostomi
874 4850 1026 4904 dictis
1050 4862 1190 4919 patet
1208 4853 1550 4910 Severianum
1576 4874 1604 4910 a
1629 4857 1820 4926 populo
1842 4857 1981 4911 indi-

400 4951 596 5008 gnante
619 4943 892 5011 expulsum
925 4942 1083 4998 fuisse
1111 4943 1312 5015 (Chrys.
1347 4954 1383 4998 ι.
1411 4948 1464 5002 5.
1505 4959 1603 5006 col.
1627 4955 1772 5021 426).

475 5033 775 5088 Severianus
801 5036 914 5103 ﬁcte
935 5053 1046 5088 cum
1070 5037 1423 5106 Chrysostomo
1447 5041 1984 5100 reconciliatur.—Sic

401 5127 655 5194 expulsus
691 5126 1011 5182 Severianus
1045 5129 1436 5184 Chalcedonem
1464 5132 1849 5201 commigravit.
1885 5136 1984 5191 Ve-

401 5234 516 5272 rum
533 5220 767 5274 Eudoxia
791 5223 1175 5294 Augusta,apud
1185 5240 1341 5295 quam
1353 5222 1509 5296 gratia
1523 5224 1725 5280 valebat
1741 5226 1985 5284 Severia-

403 5322 521 5374 nus,
537 5309 872 5368 Chalcedone
891 5316 1061 5383 ipsum
1083 5319 1368 5372 revocavit.
1388 5317 1532 5372 Multi
1549 5317 1982 5389 Chrysostomum

403 5401 700 5468 rogabant,
734 5405 1076 5461 Severianum
1109 5419 1166 5463 ut
1210 5411 1355 5480 prius
1398 5412 1448 5465 in
1482 5411 1888 5466 familiaritatem
1931 5424 1986 5470 et

403 5490 724 5558 colloquium
752 5496 1083 5566 admitteret,
1104 5517 1274 5572 neque
1301 5503 1350 5557 id
1379 5505 1659 5573 impetrare
1681 5517 1983 5574 potuerunt.

404 5575 624 5632 Demum
653 5584 888 5643 Eudoxia
909 5592 1145 5661 Augusta
1171 5594 1342 5662 ipsum
1374 5595 1522 5662 adiit,
1553 5607 1607 5650 et
1632 5596 1985 5652 Theodosium

403 5672 654 5726 tenellmn
684 5676 845 5732 [ilium
872 5684 1095 5751 genibus
1118 5686 1234 5755 ejus
1258 5687 1508 5751 admovit,
1542 5704 1635 5758 per
1667 5689 1809 5742 illius
1831 5700 1989 5758 caput

400 5764 691 5828 obtestans,
721 5775 779 5819 ut
822 5771 1162 5830 Severianum
1192 5779 1244 5833 in
1273 5779 1556 5834 amicitiam
1599 5796 1746 5834 suam
1794 5781 1987 5837 admit-

403 5863 572 5917 teret;
624 5854 780 5924 idque
825 5857 1076 5930 demum,
1121 5884 1266 5938 segre
1311 5879 1487 5926 tamen
1531 5873 1850 5940 impetravit.
1900 5875 1988 5930 Sic

402 5944 563 6002 ambo
583 5945 658 6002 illi
683 5945 856 6018 palam
878 5952 1092 6019 quidem
1113 5962 1440 6018 reconciliati
1465 5973 1586 6017 sunt
1608 5980 1620 6030 ;
1650 5966 1790 6019 intus
1813 5975 1985 6022 tamen

1551 544 1730 601 NUNC
1769 544 2030 603 PRIMUM
2071 543 2462 602 ADOBNATA.

3567 537 3667 595 £88

2089 662 2225 716 alter
2248 658 2507 715 adversus
2542 658 2767 715 alterum
2807 655 3113 713 exulcerato
3138 653 3314 709 animo
3340 657 3625 724 permansit
3650 694 3666 717 ,

2089 753 2256 822 inquit
2283 750 2548 806 Socrates.
2577 749 2633 805 id
2670 763 2833 813 vero,
2866 746 3008 818 quod
3050 756 3320 816 postremo
3353 744 3569 814 adjicit,
3602 745 3668 798 de

2085 841 2374 898 Severiano
2393 839 2603 909 quidem
2633 840 2785 894 facile
2809 835 3089 897 credatur;
3121 836 3260 905 quod
3282 851 3410 891 vero
3435 833 3670 904 Chryso-

2085 942 2291 987 stomus
2317 939 2438 1000 post
2476 931 2969 986 reconciliationem
2994 926 3301 984 exulcerato
3339 927 3517 982 animo
3543 939 3668 995 per-

2084 1021 2362 1083 manserit,
2391 1021 2511 1090 quis
2539 1021 2756 1075 credere
2781 1017 2990 1092 possit?
3015 1016 3114 1072 nisi
3142 1015 3275 1070 forte
3303 1015 3379 1068 sic
3403 1016 3666 1085 intelliga-

2084 1124 2196 1177 tur,
2228 1114 2669 1185 Chrysostomum
2696 1154 2714 1180 ,
2759 1127 2953 1182 nempe
2996 1126 3117 1165 cum
3166 1115 3348 1164 nosset
3393 1107 3665 1161 Severiani

2082 1207 2288 1262 vafrum
2314 1213 2368 1260 et
2391 1202 2731 1258 ambitiosum
2758 1201 3014 1266 animum,
3045 1215 3150 1255 non
3179 1207 3395 1268 putasse
3425 1195 3574 1250 illum
3599 1211 3664 1248 ex

2081 1300 2292 1353 sincero
2317 1295 2481 1352 corde
2507 1293 2794 1348 amicitiam
2825 1306 2975 1347 suam
3003 1292 3302 1358 expetiissc,
3335 1305 3433 1345 nec
3455 1288 3664 1343 ﬁrmam

2081 1389 2194 1442 fore
2242 1386 2728 1443 reconciliationem
2776 1380 3184 1439 existimavisse.
3251 1379 3402 1432 Nulla
3448 1379 3662 1434 demum

2083 1489 2256 1548 potest
2275 1480 2658 1550 Chrysostomo
2678 1476 2909 1533 adscribi
2939 1474 3074 1530 ficte
3105 1473 3461 1528 reconciliatae
3481 1474 3664 1541 gratias

2082 1572 2334 1639 suspicio.
2366 1571 2619 1624 Restabat
2645 1581 2822 1624 autem
2864 1578 2920 1622 ut
2948 1567 3164 1637 populi,
3195 1567 3283 1637 qui
3317 1565 3661 1620 Severianum

2083 1663 2378 1730 expulerat,
2399 1661 2670 1715 iracundia
2693 1661 2988 1715 sedaretur.
3010 1659 3066 1713 id
3087 1669 3258 1715 autem
3279 1659 3666 1731 Clirysoston:o

2083 1753 2227 1809 dicto
2264 1753 2566 1808 audientem
2608 1753 2860 1822 p0pulum
2900 1751 3114 1805 habenti
3146 1767 3250 1804 non
3289 1751 3503 1806 difficile
3545 1752 3659 1804 fuit.

2083 1846 2405 1901 Concionem
2439 1846 2645 1913 habuit,
2677 1845 2743 1899 ad
2783 1860 2966 1914 pacem
2997 1860 3117 1898 cum
3148 1845 3435 1899 Severiano
3465 1844 3662 1897 facien-

2082 1938 2202 1993 dam
2232 1939 2482 2009 populum
2513 1938 2834 2001 cohortans;
2862 1947 3020 2005 utque
3047 1951 3074 1988 a
3101 1935 3359 2005 principio
3383 1933 3536 1988 dictis
3557 1935 3664 1986 suis

2082 2033 2435 2101 obsequentes
2457 2031 2726 2086 auditores
2746 2030 3146 2093 animadvertit,
3177 2030 3229 2082 in
3254 2027 3461 2081 laudem
3482 2040 3665 2080 eorum

2082 2137 2390 2186 conversus,
2414 2121 2553 2191 quod
2582 2130 2753 2176 tantas
2783 2124 2978 2175 irarum
3005 2133 3194 2173 causas
3222 2133 3279 2172 se
3307 2117 3550 2172 hortante
3575 2115 3667 2169 dc-

2084 2213 2404 2280 posuissent,
2424 2228 2609 2281 pacem
2634 2222 2939 2283 perpetuam
2963 2208 3228 2280 precando
3249 2209 3448 2264 claudit
3463 2207 3636 2261 brevis
3652 2236 3668 2246 -

2084 2303 2272 2356 simam
2317 2305 2654 2357 concionem.
2703 2304 2831 2357 Post
2877 2304 3022 2356 illum
3064 2301 3386 2357 Severianus
3430 2299 3498 2353 de
3538 2314 3666 2366 pace

2083 2394 2449 2459 concionatur,
2471 2408 2628 2462 quam
2649 2401 2829 2461 postea
2859 2407 3040 2460 pacem
3066 2393 3177 2460 ipse
3204 2392 3549 2458 perturbavit,
3569 2404 3667 2442 nec

2084 2483 2250 2537 multo
2280 2493 2519 2552 tempore
2546 2498 2576 2537 a
2604 2484 2770 2538 turbis
2799 2482 3078 2537 movendis
3105 2481 3379 2535 abstinuit.

2155 2574 2234 2628 Ex
2258 2575 2356 2639 iis,
2390 2590 2508 2644 quae
2537 2575 2696 2628 modo
2728 2574 2955 2628 diximus
2976 2614 2992 2639 ,
3023 2572 3176 2626 facile
3207 2571 3472 2638 conjicere
3497 2569 3669 2639 possis

2085 2681 2330 2736 magnam
2359 2675 2486 2721 tunc
2514 2664 2679 2720 fuisse
2704 2663 3156 2734 Constantinopoli
3179 2672 3230 2717 et
3256 2663 3307 2715 in
3329 2661 3517 2715 vicinis
3542 2661 3663 2713 civi-

2082 2759 2278 2813 tatibus
2301 2774 2506 2812 morum
2530 2758 2909 2827 corruptelam.
2942 2756 3126 2810 Vidisti
3149 2755 3427 2823 episcopos
3449 2753 3669 2820 presby-

2081 2857 2363 2919 terosque,
2397 2851 2487 2918 qui
2519 2851 2636 2903 auri
2676 2850 2846 2917 pretio
2886 2856 2939 2902 et
2977 2846 3087 2902 fere
3117 2847 3286 2915 palam
3318 2844 3384 2897 ad
3412 2842 3667 2898 ecclesia-

2084 2942 2245 2995 sticas
2275 2939 2558 3008 dignitates
2586 2939 2942 2993 convolabant
2964 2977 2979 3000 ,
3011 2937 3233 3004 aliisque
3260 2934 3400 2986 vitiis
3427 2933 3534 2986 imo
3560 2946 3668 2985 sce-

2079 3030 2282 3086 leribus
2319 3029 2534 3084 dbnoxii
2575 3039 2767 3094 erant,
2808 3039 2864 3082 et
2900 3027 3115 3096 quidem
3162 3039 3354 3095 magno
3396 3037 3619 3076 numero
3652 3039 3666 3075 :

2084 3123 2226 3176 inter
2251 3121 2538 3174 smculares
2564 3134 2693 3173 vero
2722 3118 2876 3172 multi
2906 3125 3061 3171 erant
3086 3117 3297 3180 divites,
3330 3114 3660 3172 adulatorum

2082 3215 2545 3283 parasitorumque
2575 3211 2785 3280 agmine
2825 3208 3066 3273 obsessi,
3094 3206 3180 3277 qui
3213 3207 3428 3274 inopum
3461 3211 3669 3271 egesta-

2085 3316 2191 3362 tem
2212 3305 2344 3359 nihil
2370 3311 2620 3359 curarent
2644 3320 2656 3356 :
2679 3303 2767 3356 alii
2793 3301 2905 3356 auri
2929 3299 3178 3372 cupidine
3199 3297 3344 3352 ducti
3369 3296 3540 3349 nullas
3561 3309 3667 3349 non

2083 3397 2381 3453 ditescendi
2412 3397 2523 3449 vias
2561 3393 2839 3449 tentabant
2871 3411 2882 3445 :
2918 3393 2987 3446 ita
3017 3399 3110 3453 ut,
3144 3387 3284 3458 quod
3329 3402 3490 3456 supra
3525 3385 3673 3441 dice-

2083 3491 2293 3553 bamus,
2317 3504 2436 3542 cum
2463 3497 2617 3541 terrae
2637 3495 2814 3540 motus
2839 3485 3046 3552 ingens,
3074 3480 3268 3534 multos
3292 3478 3672 3532 Constantino-

2085 3583 2440 3653 politanorum
2464 3587 2668 3632 terrore
2691 3584 2968 3643 correptos
2993 3573 3058 3627 ad
3085 3572 3260 3640 fugam
3289 3567 3667 3638 capessendam

2088 3674 2400 3742 impulisset,
2433 3679 2490 3724 ut
2518 3670 2570 3723 in
2602 3666 2906 3738 longinquis
2932 3664 3237 3735 regionibus
3264 3663 3383 3715 vita:
3411 3659 3670 3715 securita-

2088 3773 2192 3818 tem
2221 3762 2322 3816 sibi
2363 3768 2644 3831 pararcnt;
2669 3773 2790 3813 cum
2823 3765 3008 3827 postea
3038 3762 3182 3808 metu
3209 3760 3452 3807 cessante
3480 3749 3546 3804 ad
3576 3763 3668 3802 sua

2085 3855 2466 3917 revertissent,
2510 3867 2569 3906 se
2611 3851 2772 3906 rebus
2817 3848 3062 3904 omnibus
3097 3861 3290 3901 vacuos
3331 3858 3450 3898 esse
3495 3843 3671 3896 mirati

2087 3957 2207 4001 sunt
2239 3961 2252 3998 :
2285 3960 2405 3998 nam
2445 3944 2534 4012 qui
2575 3944 2630 3996 in
2673 3942 2805 3996 urbe
2846 3947 3241 4002 remanserant,
3270 3936 3405 3992 bona
3429 3935 3670 3990 omnium

2087 4040 2384 4096 absentium
2421 4038 2723 4091 invaserant
2751 4042 2803 4087 et
2841 4032 3039 4102 praedia
3077 4037 3488 4099 occupaverant.
3519 4025 3669 4081 Vidi-

2088 4147 2209 4186 mus
2246 4140 2425 4184 autem
2467 4141 2629 4197 supra
2663 4126 3101 4197 Chrysostomum
3145 4135 3285 4175 anno
3326 4119 3434 4175 398
3478 4119 3674 4173 acriter

2089 4234 2331 4279 orantem
2354 4225 2404 4277 in
2428 4236 2541 4285 eos,
2567 4222 2652 4290 qui
2685 4227 2911 4284 tantum,
2931 4226 3038 4270 tam
3059 4213 3372 4271 Christianis
3399 4211 3671 4280 indignum

2089 4316 2292 4370 facinus
2314 4319 2703 4382 perpetrarant.
2731 4309 2914 4378 Neque
2940 4307 3080 4362 enim
3111 4307 3154 4360 is
3181 4314 3295 4358 erat
3317 4303 3551 4358 Joannes
3571 4317 3671 4354 no-

2088 4415 2218 4466 ster,
2251 4404 2338 4470 qui
2367 4401 2618 4468 frequens
2644 4397 3080 4459 concionabatur,
3114 4403 3173 4448 ut
3196 4394 3310 4448 haec
3338 4401 3393 4448 et
3419 4392 3519 4445 alia
3546 4392 3671 4444 vitia

2088 4505 2320 4558 taceret;
2355 4494 2450 4547 scd
2489 4493 2684 4545 acriter
2709 4489 3070 4544 insectabatur
3097 4488 3317 4541 divitum
3351 4485 3626 4539 avaritiam
3653 4525 3668 4551 ,

2086 4590 2399 4657 optimatum
2422 4584 2800 4653 arrogantiam,
2819 4582 3136 4636 feminarum
3159 4579 3442 4634 illustrium
3464 4576 3671 4639 luxum,

2087 4679 2364 4733 viduarum
2393 4674 2674 4729 mollitiem
2700 4673 2971 4740 vitamque
2993 4671 3269 4734 lascivam,
3291 4667 3671 4722 monauhorum

2088 4771 2301 4839 indigna
2324 4777 2474 4838 gesta
2500 4809 2514 4834 ,
2548 4781 2668 4835 qua:
2697 4780 2803 4818 non
2841 4763 3006 4817 semel
3035 4762 3204 4828 carpit
3234 4761 3284 4813 in
3326 4757 3674 4814 concionibus

2089 4864 2142 4917 in
2171 4863 2463 4932 Epistolam
2489 4860 2553 4914 ad
2587 4856 2872 4912 Hmbrzeos.
2905 4853 3246 4920 Clericosque
3271 4860 3326 4905 et
3350 4850 3675 4904 ecclesiasti-

2088 4969 2182 5009 cos
2207 4955 2434 5007 maxime
2458 4948 2862 5021 perstringebat,
2887 4955 3010 4998 tunc
3031 4944 3278 4998 omnibus
3302 4941 3513 4996 deditos
3534 4933 3682 4992 vitiis'

2091 5056 2148 5104 et
2166 5039 2541 5113 voluptatibus.
2568 5041 2786 5096 Plebem
2816 5053 3028 5108 quoque
3057 5036 3315 5091 acerrime
3346 5033 3671 5103 increpabat.

2091 5137 2232 5209 quod
2262 5135 2588 5191 circensibus
2627 5141 2681 5187 et
2723 5130 3072 5185 theatralibus
3111 5128 3249 5182 ludis
3286 5127 3462 5182 dedita
3484 5167 3498 5188 ,
3529 5126 3579 5178 iu
3611 5139 3672 5178 ea

2091 5244 2210 5298 qua:
2230 5243 2292 5282 ex
2317 5226 2399 5280 his
2420 5221 2736 5294 spectaculis
2765 5221 3072 5276 oriebantur
3091 5226 3412 5287 erumperet.
3440 5217 3508 5269 At
3530 5216 3672 5284 quod

2091 5322 2286 5377 mirum
2324 5320 2544 5374 fortasse
2576 5315 2838 5382 videatur,
2869 5316 2984 5370 haec
3014 5315 3195 5368 intima
3217 5322 3271 5367 et
3317 5324 3538 5365 numero
3572 5326 3672 5363 ma-

2087 5412 2177 5482 jor
2199 5428 2319 5481 pars
2340 5410 2661 5473 auditorum,
2683 5408 2829 5461 illum
2854 5423 2912 5462 se
2937 5407 3302 5476 objurgantem
3324 5402 3674 5457 libentissime

2093 5504 2340 5558 audiebat
2365 5543 2379 5567 ,
2412 5512 2468 5553 ut
2495 5499 2725 5553 vidimus
2750 5540 2764 5564 ,
2794 5509 2916 5569 post
2957 5498 3157 5553 Pascha
3183 5495 3308 5548 anni
3337 5495 3442 5550 389
3466 5538 3481 5559 ,
3517 5503 3571 5548 et
3598 5494 3670 5548 illi

2095 5611 2307 5664 semper
2341 5592 2547 5645 addicta
2599 5591 2724 5654 fuit;
2771 5601 2928 5661 atque
2977 5587 3420 5643 invalescentibus
3458 5587 3671 5642 demum

2096 5683 2459 5756 Chrysostomi
2508 5683 2773 5750 inimicis,
2804 5682 2934 5738 nihil
2975 5695 3080 5735 non
3122 5680 3262 5750 egit,
3303 5688 3359 5734 ut
3397 5694 3474 5734 ne»
3494 5687 3672 5747 pastor

2095 5794 2222 5834 suus
2251 5780 2301 5831 in
2331 5776 2574 5831 exsilium
2606 5777 2907 5847 pelleretur.

2167 5870 2477 5938 Theophilus
2504 5870 2652 5925 Alex.
2683 5879 2728 5922 et
2755 5868 2844 5922 alii
2865 5868 2979 5921 dira
3005 5867 3282 5921 moliuntur
3305 5866 3356 5916 in
3377 5864 3667 5933 Chrysogo-

2100 5982 2250 6018 mum.
2280 5993 2348 6004 --
2374 5962 2607 6018 Joannes
2631 5978 2693 6016 ex
2732 5960 2960 6016 Asiatico
2988 5959 3175 6016 itinere
3210 5971 3489 6024 reversus,
3527 5964 3672 6027 post-
