4526 6692
858 591 950 648 £87

853 717 1007 775 quam
1038 712 1219 771 pacem
1248 694 1444 749 fecerat
1471 703 1593 743 cum
1622 682 1936 745 Severiano,
1966 676 2248 749 tranquille
2266 674 2428 727 vitam

854 765 1053 852 ducere
1068 804 1223 863 posse
1242 785 1539 840 videbatur.
1565 780 1759 835 Verum
1784 790 1880 829 nec
1901 773 2068 827 multo
2088 778 2207 841 post
2223 765 2434 839 plurimi

860 887 1149 959 perniciem
1201 881 1317 950 ejus
1361 873 1648 934 machinati
1693 876 1835 924 sunt.
1884 865 2242 934 Primipilares
2287 866 2439 912 erant

857 946 1185 1047 'lhcophilus
1208 946 1616 1028 Alexandrinus,
1644 960 1869 1016 Aeacius
1895 956 2121 1021 Bermze,
2148 946 2441 1007 Antiochus

860 1038 1229 1129 l'tolo-maidis,
1262 1072 1315 1115 et
1353 1055 1670 1113 Severianus
1697 1048 2040 1111 Gabalorum,
2070 1043 2158 1114 qui
2186 1054 2352 1108 nuper
2379 1038 2443 1090 si-

863 1159 1064 1213 mulate
1100 1169 1220 1210 cum
1267 1152 1381 1219 ipso
1426 1160 1611 1217 pacem
1660 1142 1868 1197 inierat.
1911 1135 2237 1205 Theophilus
2267 1137 2443 1184 autem

866 1248 1275 1309 Alexandrinus,
1310 1241 1399 1312 qui
1425 1239 1525 1293 sibi
1558 1237 1698 1291 dicto
1725 1234 1999 1289 audientes
2028 1229 2220 1296 ubique
2245 1222 2448 1293 episco-

870 1356 964 1408 pos
994 1352 1113 1393 esse
1140 1332 1405 1402 cupiebat,
1434 1329 1543 1399 jam
1570 1328 1684 1396 ejus
1721 1319 2039 1379 ordiuationi
2063 1316 2364 1377 obstiterat,
2396 1319 2450 1365 et

874 1433 991 1484 loco
1018 1426 1239 1483 Soannis
1265 1423 1429 1478 nostri
1460 1418 1714 1473 Isidorum
1741 1410 2023 1482 quemdam
2066 1410 2118 1461 in
2144 1402 2450 1460 Constanti-

872 1520 1235 1590 nopolitanum
1262 1515 1566 1583 episcopum
1595 1507 1847 1562 inducere
1874 1508 2185 1563 tentaverat,
2209 1506 2268 1552 ut
2290 1510 2451 1564 supra

872 1585 1122 1672 vidimus,
1146 1620 1244 1661 nec
1266 1605 1423 1657 finem
1447 1600 1571 1655 fecit
1591 1605 1777 1669 postea
1805 1592 2114 1649 occasiones
2133 1585 2381 1657 captandi
2398 1593 2457 1637 ut

875 1702 1020 1752 illum
1042 1712 1070 1749 a
1092 1695 1217 1750 sede
1238 1692 1567 1748 dcturbaret.
1593 1685 1815 1742 Aeacius
1837 1692 2013 1737 autem
2034 1680 2121 1749 qui
2143 1677 2233 1732 diu
2254 1677 2459 1731 Beroea:

878 1793 1239 1861 episcopatum
1263 1801 1383 1841 cum
1414 1782 1570 1838 laude
1614 1784 1873 1850 gesserat,
1897 1774 2033 1828 hanc
2071 1772 2173 1827 sibi
2199 1769 2459 1824 maculam

886 1882 1109 1944 inussit,
1139 1887 1191 1933 et
1216 1886 1518 1930 sanctorum
1548 1870 1820 1925 hominum
1848 1866 2025 1920 odium
2052 1864 2106 1917 in
2152 1876 2210 1916 se
2231 1859 2465 1913 concita-

883 1976 976 2037 vit,
1007 1987 1127 2027 cum
1156 1969 1222 2024 ad
1252 1976 1359 2022 tam
1388 1972 1630 2021 sanctum
1658 1960 1969 2015 Pontificem
2002 1972 2032 2009 a
2058 1955 2184 2009 sede
2209 1950 2466 2019 dejicien-

883 2065 1009 2117 dum
1039 2060 1238 2116 nullam
1265 2073 1372 2113 non
1402 2054 1702 2110 machinam
1743 2048 1986 2104 intendit.
2019 2041 2313 2098 Antiochus
2337 2052 2465 2093 vero

884 2149 1248 2212 l‘tolemaidis,
1272 2149 1351 2202 vir
1376 2145 1622 2216 petulans
1641 2148 1696 2195 et
1714 2153 1847 2193 nova
1875 2134 2051 2190 moliri
2071 2132 2311 2201 cupiens,
2330 2129 2468 2200 jam-

887 2242 976 2295 diu
1003 2248 1187 2294 contra
1218 2237 1657 2308 Chrysostomum
1697 2231 2075 2284 insurrexerat.

957 2330 1015 2383 In
1041 2327 1200 2383 Clero
1226 2334 1404 2381 autem
1432 2323 1580 2378 multi
1620 2329 1773 2376 erant
1792 2360 1806 2384 ,
1836 2318 1926 2388 qui
1959 2311 2329 2386 Chrysostomi
2363 2325 2470 2364 non

891 2420 1065 2472 minus
1084 2417 1245 2470 vitam
1272 2422 1532 2477 sanetam,
1561 2419 1763 2465 arctam
1789 2418 1842 2463 et
1867 2406 2207 2473 incnlpatam,
2227 2401 2469 2464 oderant,

893 2523 1050 2577 quam
1080 2507 1197 2576 ejus
1220 2505 1431 2560 dicendi
1460 2504 1784 2566 libertatem,
1812 2507 1871 2554 et
1896 2498 2093 2552 monita
2123 2493 2265 2549 Cleri
2292 2493 2373 2547 sui
2400 2492 2487 2545 vi-

897 2599 988 2652 tiis
1014 2595 1361 2652 emendandis
1386 2603 1683 2663 opportuna
1712 2587 2033 2649 volentibus,
2058 2586 2359 2654 importuna
2390 2580 2481 2634 ob.

898 2688 1107 2742 stinatis
1127 2696 1299 2741 erant.
1326 2686 1391 2740 lli
1414 2698 1544 2740 vero
1575 2681 1825 2753 postremi
1854 2680 2007 2748 longe
2029 2676 2229 2744 majore
2256 2686 2480 2727 numero

901 2779 1046 2834 fuere
1073 2776 1305 2849 (Pallad.
1332 2794 1387 2844 ρ.
1411 2775 1481 2829 55
1496 2775 1534 2842 ).
1558 2773 1699 2826 luter
1719 2771 1816 2823 hos
1838 2778 2012 2821 autem
2035 2764 2140 2819 duo
2160 2760 2477 2832 presbyteri.

904 2881 957 2925 et
982 2871 1211 2941 quinque
1245 2866 1453 2921 diaconi
1484 2868 1832 2918 numerantur
1854 2900 1869 2926 ,
1908 2857 1997 2927 qui
2037 2852 2401 2909 vehementius
2428 2851 2481 2904 in

906 2966 1163 3018 Joannem
1194 2961 1530 3015 insurrexere
1561 2953 1730 3027 (Anno
1756 2950 1881 3022 402)
1902 2991 1916 3015 ,
1951 2948 2040 3001 alii
2068 2962 2130 3000 ea:
2156 2943 2444 3014 impuritate
2468 2982 2483 3004 ,

909 3055 998 3109 alii
1025 3070 1090 3109 ex
1119 3052 1333 3107 obnoxio
1358 3064 1564 3102 numero
1582 3043 1872 3099 consociati.
1900 3040 2025 3095 “me
2038 3051 2200 3106 porro
2220 3033 2380 3087 verba
2406 3046 2490 3085 sa-

911 3148 976 3198 tis
1006 3144 1229 3198 obscure
1270 3141 1406 3194 hanc
1448 3137 1641 3192 efferre
1683 3132 2000 3189 sententiam
2042 3127 2290 3180 videntur
2324 3141 2336 3175 :
2372 3121 2491 3174 illos

912 3250 1101 3305 netnpe
1128 3248 1195 3288 ex
1220 3231 1398 3296 Clero,
1426 3228 1517 3299 qui
1545 3234 1731 3281 contra
1759 3223 2017 3278 Joannem
2043 3218 2350 3288 episcopum
2376 3211 2491 3266 dira

913 3323 1199 3379 machinati
1225 3330 1369 3386 sunt,
1399 3320 1593 3389 partim
1627 3331 1691 3369 ex
1717 3327 1904 3368 eorum
1936 3322 2160 3364 numero
2188 3305 2370 3367 fuisse,
2403 3302 2491 3369 qui

915 3418 1175 3484 impuram
1201 3426 1350 3465 suam
1375 3410 1534 3463 vitam
1557 3406 1624 3460 ab
1647 3405 1738 3459 illo
1762 3402 2112 3457 concionante
2137 3395 2281 3464 carpi
2304 3404 2357 3448 et
2378 3408 2498 3459 pcr-

916 3505 1100 3575 stringi
1129 3502 1266 3557 ferre
1293 3516 1396 3555 non
1430 3504 1705 3567 poterant;
1737 3492 1930 3562 partim
1965 3505 2030 3543 ex
2061 3501 2243 3542 eorutn
2266 3526 2282 3549 ,
2313 3483 2403 3553 qui
2433 3481 2499 3536 de

919 3607 1065 3652 tanto
1094 3604 1307 3666 pastore
1337 3591 1622 3659 malignam
1649 3590 2006 3653 conceperant
2029 3578 2353 3647 opinionem.

988 3689 1070 3743 Ex
1100 3684 1436 3755 lmperatoria
1461 3681 1579 3735 aula
1608 3679 1714 3733 duo
1739 3676 1822 3730 vel
1846 3685 1953 3730 tres
1975 3680 2176 3727 tantum
2200 3666 2499 3735 Thcophilo

917 3789 1121 3852 praesto
1150 3779 1296 3832 fuere
1328 3772 1569 3845 (Pallad.
1602 3788 1653 3837 ρ.
1687 3767 1792 3836 ‘55)
1821 3809 1834 3830 ,
1864 3780 1927 3821 ac
1970 3761 2219 3819 militaris
2261 3757 2501 3829 prmsidis

922 3847 1077 3939 opem
1106 3866 1205 3937 ipsi
1232 3866 1419 3928 tulere,
1452 3877 1571 3917 cum
1597 3860 1664 3913 ad
1694 3858 2131 3928 Chrysostomum
2158 3866 2189 3905 e
2213 3848 2379 3919 gradu
2402 3847 2499 3901 de-

922 3958 1206 4030 jiciendqu
1244 3970 1455 4010 onmem
1505 3950 1732 4020 lapidem
1776 3952 2035 4001 moveret.
2077 3943 2156 3997 Ex
2194 3938 2504 3995 mulieribus

925 4029 1056 4104 vero
1079 4088 1094 4112 ,
1126 4047 1294 4116 inquit
1336 4041 1601 4100 Palladius
1621 4080 1635 4105 ,
1668 4047 1861 4107 praeter
1887 4036 2003 4088 illas
2031 4047 2149 4101 qua:
2179 4029 2339 4098 vulgo
2368 4036 2507 4080 nota:

931 4155 1079 4210 sunt,
1106 4152 1214 4197 tres
1240 4140 1413 4195 vidua:
1435 4180 1451 4205 ,
1482 4137 1631 4207 queis
1658 4134 1756 4188 viri
1785 4131 2017 4187 defuncti
2050 4127 2327 4197 pecuniam
2353 4139 2509 4194 gran-

931 4236 1054 4291 dem
1084 4248 1149 4289 ex
1176 4232 1379 4300 rapinis
1416 4236 1622 4297 partam
1662 4224 1983 4293 reliquerant
2008 4261 2021 4284 ,
2051 4235 2171 4274 cum
2210 4219 2335 4288 ipsm
2367 4217 2432 4270 iis
2458 4216 2509 4269 in

934 4323 1161 4395 preprize
1183 4320 1366 4375 salutis
1384 4317 1671 4388 perniciem
1693 4314 1881 4382 Opibus
1898 4310 1961 4366 ad
1987 4324 2046 4365 se
2067 4324 2170 4364 non
2198 4306 2510 4378 pertinenti—

935 4416 1031 4468 bus
1053 4418 1347 4476 uterentur,
1371 4423 1468 4463 nee
1492 4407 1691 4460 ferrent
1716 4412 1982 4473 pastorem
2006 4414 2161 4453 suum
2184 4406 2367 4453 contra
2391 4410 2514 4447 usu-

936 4504 1126 4571 rarios,
1155 4516 1345 4556 avaros
1374 4509 1428 4556 et
1455 4508 1695 4567 raptores
1716 4496 2104 4551 declamantem
2126 4532 2142 4556 ,
2171 4490 2427 4546 tumultus
2452 4500 2515 4540 ac

941 4594 1218 4650 seditionis
1235 4595 1362 4662 ipsa:
1378 4605 1585 4660 quoque
1605 4602 1780 4642 causa:
1798 4584 2201 4639 fuerunt.Erant
2217 4590 2395 4635 autem
2413 4579 2516 4632 illa:

946 4687 1114 4740 Marsa
1141 4681 1375 4737 Promoti
1406 4693 1569 4744 uxor,
1595 4675 1851 4730 Castricia
1880 4671 2150 4727 Saturnini
2205 4669 2397 4736 conqu
2424 4706 2438 4731 ,
2466 4675 2521 4720 et

943 4772 1240 4843 Eugraphia
1290 4769 1565 4840 qumdam,
1596 4782 1715 4837 qua:
1770 4763 1984 4818 furiosa:
2025 4761 2191 4814 instar
2218 4758 2425 4828 agebat.
2455 4754 2520 4809 lli

946 4879 1152 4930 omnes,
1180 4872 1291 4918 tum
1328 4862 1429 4916 viri
1459 4870 1569 4915 tum
1600 4857 1852 4912 mulieres
1875 4895 1890 4919 ,
1919 4868 2024 4909 una
2055 4851 2427 4920 conspiraruut
2465 4856 2523 4899 ut

948 4956 1094 5008 illum
1122 4951 1333 5021 egradu
1359 4951 1665 5019 dejicerent,
1695 4950 1810 5016 ejus
1848 4942 2181 5012 disciplinam
2212 4954 2317 4993 non
2347 4937 2521 4991 feren-

949 5054 1052 5098 tes.
1083 5042 1264 5110 Neque
1307 5040 1498 5094 mirum
1525 5048 1639 5104 est,
1681 5052 1800 5092 cum
1831 5045 1933 5089 tam
1965 5031 2207 5088 dissoluti
2238 5041 2416 5083 mores
2441 5039 2525 5081 es.

946 5142 1085 5198 sent,
1118 5141 1225 5187 tam
1252 5146 1427 5186 acrem
1457 5142 1731 5184 censorem
1758 5126 1995 5195 plurimis
2020 5121 2371 5190 diSplieuisse.

1013 5226 1144 5294 Quae
1169 5238 1297 5278 vero
1321 5231 1503 5276 contra
1539 5220 1684 5274 illum
1707 5216 2016 5286 jactitabant
2044 5213 2218 5267 mmuli
2246 5221 2301 5265 et
2328 5208 2525 5264 inimici

947 5319 1061 5387 ejus
1090 5315 1394 5386 hujusmodi
1420 5320 1591 5377 erant,
1619 5308 1761 5380 quod
1783 5307 2050 5362 neminem
2078 5303 2145 5357 ad
2168 5316 2405 5357 mensam
2430 5316 2528 5353 vo-

950 5417 1113 5475 caret,
1139 5409 1231 5465 sed
1259 5421 1472 5478 semper
1496 5405 1643 5459 solus
1681 5402 1883 5457 ederet.
1917 5398 2175 5453 Nimirum
2204 5394 2325 5463 quia
2354 5408 2420 5446 ex
2449 5392 2532 5445 in-

952 5501 1203 5556 firmitate
1227 5498 1506 5562 stomachi,
1538 5497 1589 5550 in
1621 5492 1837 5549 morbos
1866 5504 2009 5559 smpe
2037 5485 2274 5542 incidere
2302 5483 2525 5547 solebat,

953 5603 1010 5648 ut
1037 5592 1233 5662 passim
1256 5591 1362 5659 jam
1388 5590 1649 5651 vidimus;
1680 5584 1827 5641 tenui
1858 5595 2039 5637 mensa
2069 5579 2143 5632 uti
2174 5575 2397 5636 solebat,
2432 5589 2528 5625 ne-

954 5699 1054 5751 que
1076 5683 1218 5737 lauta
1245 5679 1346 5736 sibi
1373 5678 1565 5749 apponi
1591 5676 1783 5731 fercula
1812 5670 2128 5743 patiebatur,
2154 5666 2205 5721 id
2228 5664 2531 5735 postulante

958 5786 1066 5826 tum
1104 5769 1343 5841 corporis
1384 5767 1598 5832 habitu,
1640 5775 1749 5821 tum
1793 5763 1989 5833 pietate
2034 5771 2137 5829 qua
2174 5754 2442 5825 apostolos
2478 5758 2535 5805 et

958 5863 1153 5917 Christi
1175 5859 1466 5931 discipulos
1494 5860 1728 5921 imitans,
1750 5853 1959 5910 modico
1980 5850 2222 5905 utebatur
2239 5847 2374 5900 cibo.
2400 5843 2534 5909 Qua-

962 5964 1177 6025 propter
1202 5954 1379 6007 statim
1410 5960 1569 6019 atque
1592 5946 1657 5999 ad
1686 5939 2319 6008 tionstantinojiolitauam
2346 5941 2530 5987 sedem

1912 569 1966 623 S.
2008 564 2281 622 JOANNIS
2320 559 2789 617 CHRYSOSTOMI
2837 561 3009 618 \‘ITA.

4016 548 4114 601 £93

2536 683 2752 729 evectus
2778 682 2879 737 est,
2909 670 3111 739 amplos
3138 670 3265 722 tanti
3293 670 3625 737 episcOpatus
3652 660 3852 715 reditus
3882 657 3931 711 in
3958 671 4119 712 noso‘

2538 765 2710 819 comia
2732 774 2784 820 et
2814 764 2864 818 in
2892 775 3181 831 pauperum
3211 757 3625 813 sustentaculum
3656 749 3835 806 inferri
3858 747 4039 816 jussit,
4065 757 4120 800 et

2542 870 2679 909 nova
2706 868 2915 924 quoque
2942 853 3055 920 ipse
3102 852 3405 904 nosoeomia
3452 843 3774 905 construxit;
3807 840 3877 893 ita
3907 847 3965 891 ut
3998 852 4123 904 qua:

2544 945 2753 1000 laudem
2784 953 2965 998 sancto
2992 940 3105 995 viro
3132 954 3318 1009 parere
3345 940 3658 994 meruissent
3682 976 3697 1004 ,
3729 932 3779 988 in
3808 928 4125 997 vituperium

2546 1035 2646 1104 ipsi
2674 1036 2742 1090 ab
2761 1033 2987 1089 inimicis
3015 1038 3365 1083 verterentur.

2620 1128 2871 1181 Dicebant
2913 1126 3122 1192 insuper
3159 1121 3327 1187 ipsum
3369 1134 3488 1172 esse
3526 1117 3712 1170 durum
3752 1121 3807 1167 et
3851 1120 4125 1180 asperum,

2549 1232 2649 1271 nec
2688 1216 2833 1270 aditu
2880 1215 3108 1277 facilem,
3140 1210 3262 1278 quia
3307 1223 3497 1275 nempe
3537 1208 3680 1275 gregi
3712 1202 3993 1274 pascendo,
4034 1198 4133 1251 do-

2551 1307 2753 1373 cendo,
2806 1303 3127 1360 instituendo
3174 1314 3384 1367 semper
3440 1299 3709 1361 intentus,
3769 1311 3873 1349 non
3922 1292 4131 1348 facilem

2557 1400 2754 1453 aditum
2787 1399 3051 1468 praebebat
3077 1392 3348 1448 inutilibus
3374 1390 3687 1456 colloquiis;
3718 1400 3929 1455 semper
3959 1394 4135 1438 tamen

2557 1497 2773 1559 paratus
2802 1487 2867 1541 ad
2893 1502 2953 1541 ea
2986 1480 3243 1538 audienda
3282 1488 3439 1547 atque
3476 1475 3731 1538 curanda,
3770 1489 3886 1542 quas
3916 1474 3999 1528 vel
4033 1472 4136 1525 Eo-

2559 1580 2733 1634 elesia:
2761 1579 2993 1647 regimen
3025 1575 3107 1628 vel
3136 1583 3423 1641 pauperum
3451 1575 3506 1620 et
3532 1564 3808 1617 viduarum
3835 1577 4017 1617 curam
4048 1574 4138 1629 pr

2564 1669 2951 1737 troeiniumque
2987 1668 3301 1734 spectarent.
3344 1656 3524 1725 Neque
3570 1653 3793 1707 deerant
3833 1651 3920 1719 qui
3967 1649 4141 1718 ipsum

2564 1759 2908 1829 petulantem,
2937 1752 3401 1812 contumeliosum,
3434 1743 3744 1800 iracundum
3775 1750 3829 1797 et
3857 1739 4145 1808 superbum

2564 1850 2837 1913 dicerent;
2883 1857 3041 1917 atque
3085 1843 3282 1899 odiosis
3320 1837 3643 1899 nominibus,
3683 1832 3799 1902 ejus
3842 1831 3895 1886 in
3941 1828 4143 1899 praedi—

2566 1938 2731 1993 canda
2757 1940 2952 1993 virtute
2973 1933 3340 1992 constantiam,
3364 1937 3549 1982 contra
3577 1924 3871 1985 avaritiam,
3908 1920 4150 1988 rapinas.

2568 2030 2824 2084 adulteria
2876 2038 3171 2096 caeteraque
3219 2023 3340 2077 vitia
3386 2017 3800 2074 declamationes
3848 2012 4155 2065 detrectare

2570 2129 2910 2175 conarentur.

2643 2213 2892 2265 Socrates
2918 2222 3043 2262 vero
3063 2204 3208 2275 (Soc.
3230 2203 3267 2255 ι.
3286 2201 3337 2256 6.
3358 2216 3406 2253 ε.
3430 2199 3507 2266 5),
3536 2196 3623 2267 qui
3647 2195 3709 2248 iis
3728 2206 3849 2262 qua:
3868 2189 3934 2244 de
3951 2187 4161 2243 Joanne

2575 2311 2758 2356 nostro
2784 2299 3089 2355 ferebantur
3115 2309 3217 2349 non
3245 2289 3501 2345 absimilia
3528 2286 3788 2347 audierat,
3824 2283 3922 2334 hoc
3950 2278 4018 2332 de
4066 2276 4164 2329 illo

2578 2390 2782 2461 profert
2819 2388 3115 2457 judicium:
3152 2402 3172 2435 ι
3201 2382 3320 2436 Fuit
3362 2387 3562 2440 autem,
3608 2384 3665 2427 ut
3709 2371 3905 2432 ferunt,
3945 2366 4015 2420 ob
4072 2365 4160 2416 ni-

2582 2456 2744 2534 inium
2784 2456 3145 2548 temperantize
3173 2472 3403 2527 studium
3440 2466 3699 2527 acerbior,
3727 2470 3782 2517 et
3806 2461 3941 2514 sicut
3970 2456 4159 2510 aiebat

2581 2572 2815 2642 quidam,
2864 2569 2953 2639 qui
2993 2582 3113 2622 cum
3156 2565 3245 2619 illo
3284 2562 3350 2616 ab
3377 2562 3588 2614 ineunte
3630 2565 3784 2609 aetate
3820 2548 4160 2603 familiariter

2583 2666 2804 2726 vixerat,
2834 2662 2925 2713 ira:
2953 2659 3117 2726 magis
3142 2655 3370 2713 deditus,
3399 2667 3554 2720 quam
3581 2643 3936 2701 verecundizr.
3980 2640 4048 2693 Et
4092 2640 4167 2689 ob

2583 2755 2706 2806 vitae
2729 2750 2943 2820 quidem
2978 2743 3381 2800 sanctimoniam
3409 2742 3648 2793 incautus
3679 2735 3933 2787 adversus
3959 2729 4167 2789 futura,

2584 2846 2655 2900 ob
2687 2819 3077 2911 simplicitatem
3124 2851 3251 2889 vero
3296 2839 3511 2901 apertus
3553 2839 3606 2883 et
3647 2825 3835 2879 facilis.
3880 2819 4174 2875 lmmodica

2588 2937 2746 2991 etiam
2773 2930 3019 3002 loquendi
3050 2929 3293 2983 libertate
3318 2939 3440 2992 erga
3479 2934 3665 2973 omnes
3692 2916 3956 2971 utebatur.
4000 2913 4071 2967 Et
4119 2912 4172 2963 iu

2590 3024 2831 3080 docendo
2876 3020 3089 3091 quidem
3139 3018 3189 3071 id
3238 3017 3500 3085 praecipue
3550 3009 3840 3078 spectabat,
3886 3015 3941 3059 ut
3990 3010 4178 3058 mores

2596 3114 2923 3170 audientium
2952 3107 3260 3163 emendaret
3288 3122 3301 3157 :
3332 3105 3384 3157 in
3411 3099 3781 3170 congressibus
3818 3103 3992 3149 autem
4018 3106 4179 3145 arro-

2598 3205 2803 3274 gantior
2825 3202 3098 3255 videbatur
3139 3198 3224 3260 iis,
3250 3195 3341 3263 qui
3369 3207 3544 3246 mores
3571 3190 3735 3258 ipsius
3776 3185 4117 3255 ignorabant.
4154 3199 4175 3230 ι

2601 3297 2678 3353 Ex
2704 3295 2788 3349 his
2814 3308 2941 3347 vero
2974 3288 3124 3358 argui
3154 3300 3310 3355 posse
3341 3283 3569 3343 videtur,
3610 3295 3676 3333 ex
3718 3284 3870 3345 gestu
3914 3282 3967 3328 ct
3995 3288 4067 3326 ex
4097 3272 4182 3325 lo-

2598 3386 2793 3456 quendi
2825 3383 3002 3443 modo,
3030 3395 3095 3434 ex
3119 3377 3295 3430 vultus
3320 3374 3445 3436 situ,
3474 3381 3526 3424 et
3553 3370 3671 3422 aliis
3695 3381 3812 3435 qua:
3851 3373 4035 3418 natura
4067 3362 4183 3430 ipsa
4226 3361 4233 3368 ’

2599 3451 2839 3539 dederat,
2882 3473 3316 3543 Chrysostomum
3355 3463 3618 3532 aliquibus
3653 3462 3811 3513 etiam
3849 3471 3914 3511 ex
3962 3456 4049 3517 iis,
4094 3451 4185 3520 qui

2602 3570 2785 3614 contra
2813 3535 3313 3627 ipsum'inimicitias
3342 3562 3444 3601 nou
3469 3549 3827 3611 susceperant,
3855 3535 4187 3606 asperitatis,

2604 3654 2710 3709 imo
2757 3625 3072 3718 arrogantia:
3095 3641 3365 3713 quidpiam
3394 3652 3504 3707 pra:
3545 3650 3604 3688 se
3635 3632 3841 3686 tulisse.
3872 3630 3942 3682 At
3966 3625 4186 3680 etiamsi

2604 3747 2657 3802 id
2686 3744 2863 3815 Specie
2893 3749 3094 3795 tantum
3119 3745 3274 3790 tenus
3316 3732 3519 3792 fuisset,
3551 3725 3680 3779 nihil
3708 3723 3831 3777 hinc
3855 3728 4038 3774 contra
4072 3730 4190 3769 mo-

2604 3810 2930 3895 derationem
2956 3842 3009 3888 et
3036 3829 3382 3884 humilitatem
3404 3815 3769 3890 Chrysostomi
3790 3810 4031 3867 concludi
4067 3821 4193 3877 pos-

2607 3939 2709 3985 set.
2764 3927 2960 3981 Verum
3017 3922 3263 3976 Socrates
3317 3915 3629 3984 plerumque
3682 3907 3749 3961 de
3803 3904 4193 3972 Chrysostomo

2609 4020 2850 4091 quredam
2891 4014 3083 4070 similia
3127 4009 3310 4072 refert,
3344 4021 3459 4075 qua:
3490 4002 3748 4069 tantisper
3783 3996 4076 4049 alienatum
4125 3989 4195 4041 ab

2612 4113 2703 4166 illo
2732 4110 2964 4163 animum
2993 4101 3346 4163 subindicent,
3376 4111 3438 4150 ac
3464 4108 3582 4147 cum
3610 4089 3816 4144 caeteris
3840 4082 4195 4153 scriptoribus

2614 4217 2717 4257 non
2744 4198 3101 4255 consentiunt.

2686 4292 3013 4348 Sozomenns
3050 4296 3177 4337 vero
3207 4278 3438 4348 (Sozam.
3472 4273 3508 4325 ι.
3551 4271 3604 4323 8.
3633 4284 3679 4321 c.
3712 4267 3770 4332 9)
3799 4264 3940 4317 illum
3967 4273 4195 4330 prorSus

2617 4383 2684 4436 ab
2735 4381 2818 4434 his
2869 4369 3326 4431 criminationibzs
3388 4360 3648 4423 vindieat,
3702 4363 3983 4421 narratque
4038 4350 4193 4402 illum

2620 4467 2919 4543 Olympiadi
2962 4462 3161 4517 monita
3186 4456 3418 4517 dedisse,
3450 4465 3566 4520 qua:
3610 4447 3709 4502 etsi
3740 4444 3965 4498 salubria
4012 4448 4192 4502 erant,

2622 4531 2850 4618 inimicis
2877 4568 3053 4609 tamen
3078 4551 3192 4620 ejus
3218 4540 3570 4603 calumniandi
3610 4552 3792 4591 ansam
3819 4533 4032 4588 dedere.
4068 4531 4197 4584 Erat

2623 4652 2765 4707 enim
2818 4644 3090 4717 Olympias
3141 4646 3381 4693 matrona
3428 4629 3757 4686 nobilissimo
3799 4638 3994 4695 genere
4038 4631 4192 4681 orta,

2627 4715 3027 4813 piissima,‘qu:e
3056 4742 3332 4803 postquam
3362 4729 3413 4782 in
3436 4724 3655 4796 juvenili
3677 4727 3833 4774 aztate
3858 4715 4012 4770 vidua
4038 4728 4198 4766 Inan-

2626 4836 2802 4896 sisset,
2826 4846 2856 4884 a
2882 4827 3127 4884 Nectario
3151 4821 3450 4877 diaconissa
3479 4815 3717 4868 ordinata
3744 4810 3933 4868 fuerat,
3961 4819 4082 4873 qua:
4123 4802 4199 4855 fa-

2627 4924 2848 4980 cultates
2898 4934 3021 4975 suas
3051 4914 3351 4986 petentibus
3400 4906 3614 4976 copiose
3651 4899 3989 4969 largiebatur,
4025 4893 4199 4948 omni-

2626 5018 2831 5085 busque
2875 5006 3333 5066 indiscriminatim
3363 5018 3376 5054 :
3405 4997 3598 5053 divinis
3640 4993 3781 5047 enim
3829 4987 4040 5041 addicta
4082 4994 4198 5039 stn-

2628 5110 2751 5172 diis,
2780 5115 2990 5161 terrena
3019 5103 3156 5157 bona
3182 5099 3252 5152 ita
3278 5105 3463 5162 parum
3494 5083 3734 5146 curabat,
3761 5088 3818 5132 ut
3848 5093 3913 5131 ne
3942 5076 4201 5146 cogitaret

2630 5199 2842 5270 quidem
2870 5212 2935 5249 an
2964 5190 3214 5247 divitibus
3242 5199 3308 5238 an
3332 5176 3654 5250 pauperibus
3678 5185 3738 5224 ea
3757 5166 4057 5236 largiretur.
4089 5164 4199 5232 Qua

2632 5255 2697 5346 de
2728 5306 2783 5344 re
2805 5285 3007 5341 monuit
3027 5294 3142 5335 eam
3165 5274 3575 5342 Chrysostomus
3594 5261 3824 5328 dixitque
3850 5257 3943 5319 illi,
3967 5256 4043 5309 sic
4064 5255 4202 5310 bona

2633 5380 2899 5452 cpulentis
2936 5376 3085 5436 dare,
3114 5363 3333 5438 perinde
3362 5374 3481 5416 esse
3510 5366 3667 5424 atque
3696 5353 3737 5405 si
3774 5352 3824 5404 in
3866 5364 4011 5403 mare
4039 5348 4201 5403 effun-

2634 5439 2917 5531 derentur;
2945 5462 3039 5518 sed
3062 5456 3241 5529 egenis
3268 5452 3437 5507 solum
3459 5442 3745 5514 eroganda,
3784 5449 3838 5493 et
3862 5440 3939 5493 sic
3968 5439 4203 5508 pluribus

2636 5566 2780 5619 illam
2818 5528 3073 5611 beneficia
3101 5528 3452 5615 praestituram
3491 5548 3629 5590 esse.
3655 5529 3941 5585 Consilium
3972 5528 4089 5598 ejus
4120 5542 4203 5580 se-

2637 5617 2799 5721 quuta
2830 5653 2912 5699 est
2954 5636 3243 5710 Olympias.
3281 5630 3362 5684 llli
3403 5640 3550 5689 vero,
3580 5635 3801 5692 quorum
3832 5619 4026 5674 divitia:
4051 5617 4203 5670 donis

2638 5706 2961 5811 dlympiadis
2989 5706 3415 5784 cumulabantur,
3445 5716 3560 5784 ejus
3597 5720 3848 5767 mutatam
3892 5706 4202 5765 sententiam

2640 5796 2900 5888 videntes,
2945 5828 3129 5876 contra
3154 5813 3591 5882 Chrysostomum
3621 5805 3697 5860 rei
3724 5814 3991 5859 auctorem
4018 5796 4202 5850 debeo.

2645 5920 2782 5974 citati
2811 5924 2951 5971 sunt.
