4526 6724
490 537 591 592 ίεὶἶο

564 657 787 714 Maxime
826 658 1063 713 omnium
1091 661 1269 707 autem
1317 651 1369 703 lit
1410 649 1557 702 illum
1599 658 1912 718 exasperata
1951 661 2067 707 erat

493 747 727 804 Eudoxia
769 751 1023 819 Augusta.
1080 742 1430 796 referentibus
1468 740 1687 795 Socrate
1734 742 1902 811 (Socr.
1937 747 1975 797 l.
2012 745 2064 799 6.

490 857 537 893 ι’.
579 840 672 910 5),
726 842 1027 895 Sozomeuo
1076 842 1131 887 et
1171 831 1385 885 Zosimo
1427 831 1657 903 (Sozom.
1699 833 1737 887 l.
1778 833 1831 890 8.
1878 852 1924 888 c.
1976 835 2063 890 l6.

492 930 614 987 los.
658 949 712 1001 ρ.
743 928 891 999 799).
940 924 1231 980 Ambitiosa
1261 925 1402 978 enim
1440 939 1561 979 cum
1591 936 1731 982 esset
1756 938 1916 997 atque
1953 929 2068 983 auri

488 1024 701 1093 cupida,
730 1035 837 1074 non
863 1026 1069 1087 poterat
1092 1031 1245 1086 mque
1266 1018 1444 1071 animo
1472 1017 1609 1075 ferre
1623 1036 1745 1074 eum
1773 1024 1860 1090 qui
1883 1031 2067 1077 contra

494 1111 790 1183 liujusmodi
819 1110 942 1163 vitia
974 1118 1230 1179 perpetuo
1250 1109 1589 1167 declamaret.
1619 1113 1864 1168 Zosimus
1888 1124 2065 1167 autem

491 1206 622 1259 dicit
656 1202 799 1256 illam
847 1201 901 1254 in
926 1199 1185 1256 Joannem
1224 1205 1611 1270 succensuisse,
1644 1205 1785 1275 quod
1823 1219 1940 1260 eam
1973 1220 2069 1274 pu-

494 1293 647 1347 blicis
677 1291 731 1345 in
771 1292 1122 1347 conventibus
1149 1296 1525 1365 perstringere,
1573 1299 1803 1349 mordere
1842 1310 2069 1350 consue-

491 1384 677 1436 visset.
718 1382 777 1435 In
819 1382 934 1436 Vita
972 1393 1147 1439 autem
1194 1385 1250 1441 S.
1303 1385 1582 1455 Porphyrii
1629 1384 1786 1453 (Boll.
1814 1384 1885 1438 9.6
1914 1384 2066 1440 Febr.

491 1489 544 1541 ρ.
573 1471 697 1526 652.
720 1472 789 1543 Ῑ.)
830 1482 1075 1527 narratur
1115 1474 1375 1530 Joannem
1419 1475 1716 1529 Eudoxiatn
1776 1473 2071 1542 reprehen-

488 1564 653 1627 disse,
691 1562 833 1633 quod
872 1572 1067 1619 terram
1097 1566 1377 1635 quamdam
1421 1565 1469 1619 vi
1510 1564 1817 1618 abstulisset
1862 1564 2069 1631 sibique

489 1657 757 1725 propriam
779 1654 1007 1711 fecisset.
1035 1656 1298 1725 Additque
1327 1656 1612 1721 Palladius,
1643 1655 1887 1709 inimicos
1907 1654 2070 1709 Joan-

490 1748 574 1803 nis
612 1748 903 1803 Eudoxiam
930 1748 1181 1804 adversus
1212 1749 1359 1804 illum
1397 1748 1772 1815 concitavisse,
1816 1748 1949 1802 falsa
1981 1763 2069 1803 re-

490 1837 709 1892 ferendo
742 1839 808 1894 de
847 1841 1192 1895 concionihus
1233 1842 1417 1911 ipsius,
1466 1841 1538 1894 ita
1582 1848 1639 1893 ut
1665 1838 1904 1894 dicerent
1928 1840 2070 1909 quod

488 1929 605 1997 ipse
654 1928 948 1985 Eudoxiam
995 1931 1295 1987 Jezabelem
1347 1932 1693 2001 appellasset.
1753 1931 1810 1985 ln
1864 1933 2068 1987 crimen

489 2019 653 2074 etiam
680 2022 970 2078 vocabatur
997 2038 1026 2076 a
1052 2024 1320 2078 nonnullis
1347 2025 1519 2093 (Socr.
1554 2024 1591 2077 ι.
1630 2022 1685 2078 6.
1726 2039 1773 2076 c.
1814 2021 1893 2094 5),
1924 2023 2067 2092 quod

491 2109 802 2182 Eutropium
837 2113 1162 2181 eunuchum,
1190 2117 1279 2184 qui
1323 2114 1376 2168 in
1421 2114 1702 2169 ecclesiam
1746 2115 2068 2184 perquisitus

489 2202 783 2274 aufugerat,
825 2205 1167 2259 vehementer
1204 2205 1608 2273 objurgavisset,
1655 2206 1902 2275 quodque
1946 2206 2069 2262 Gai-

488 2307 613 2347 nam
652 2302 779 2348 tunc
807 2293 1114 2363 Magistrum
1158 2294 1383 2347 militum
1413 2294 1799 2349 contumeliose
1828 2296 2069 2366 alloquu-

492 2390 577 2436 tus
622 2381 811 2438 fuisset
851 2400 867 2435 :
910 2385 982 2437 ita
1033 2400 1225 2454 nempe
1277 2384 1519 2439 solemne
1573 2387 1917 2455 syc0phantis
1964 2397 2067 2455 est,

488 2472 688 2542 optima
712 2489 939 2545 quaeque
962 2483 1133 2545 gesta,
1164 2488 1263 2529 suo
1308 2489 1457 2530 more
1494 2486 1903 2546 repraesentata,
1939 2479 2070 2534 vitio

489 2571 697 2618 vertere
726 2564 812 2631 iis,
844 2580 1070 2635 quorum
1095 2567 1385 2636 perniciem
1410 2568 1721 2622 moliuntur.

557 2655 744 2711 Refert
777 2657 1043 2713 Palladius
1070 2657 1306 2730 (Pallad.
1333 2677 1385 2730 p.
1417 2659 1533 2727 66.)
1555 2660 1924 2727 Severianum,
1955 2663 2067 2716 An-

468 2744 746 2812 tiochum,
780 2753 835 2801 et
869 2746 1123 2802 Acacium
1166 2748 1400 2803 infensos
1441 2749 1607 2805 fuisse
1630 2749 1818 2806 Joanni
1849 2763 2067 2823 propter

488 2835 757 2892 modestas
801 2838 918 2909 ejus
970 2839 1398 2906 admonitiones;
1450 2857 1623 2912 neque
1661 2843 1776 2899 haec
1824 2861 1927 2900 una
1968 2845 2067 2901 fuit

486 2928 682 2983 Acacio
720 2929 921 2984 irarum
945 2944 1140 2997 causa;
1175 2931 1271 2986 sed
1299 2932 1459 2986 etiam
1484 2933 1628 3003 quod
1653 2949 1775 2989 cum
1803 2933 2067 2991 Constan-

487 3015 744 3086 tinopolin
772 3019 1028 3087 venisset,
1057 3034 1161 3074 non
1189 3019 1387 3074 bonum
1412 3021 1721 3092 hospitium,
1747 3025 1925 3080 aiebat
1950 3026 2062 3095 ille,

486 3107 628 3177 apud
657 3106 1099 3179 Cbrysostomum
1136 3119 1326 3165 nactus
1363 3122 1526 3167 esset.
1557 3112 1894 3184 Quapropter
1932 3132 2066 3172 mm-

485 3212 611 3254 rens
647 3198 1039 3256 lntumescebat
1080 3201 1233 3271 quasi
1267 3201 1543 3273 neglectus
1574 3217 1605 3256 a
1634 3203 1861 3271 Joanne,
1902 3217 2065 3277 atque

485 3304 607 3345 cum
627 3290 758 3346 iram
775 3290 988 3347 frenare
1010 3308 1116 3348 non
1141 3302 1343 3363 posset,
1371 3296 1724 3364 praesentibus
1745 3299 2062 3368 quibusdam

484 3381 704 3438 Joannis
728 3383 959 3449 clericis,
987 3384 1201 3455 dignam
1243 3400 1342 3441 suo
1378 3386 1559 3442 animo
1592 3389 1811 3457 protulit
1842 3400 2062 3446 senten-

484 3473 611 3527 tiam
638 3471 844 3541 dicens,
872 3474 984 3547 Ego
1013 3476 1093 3530 illi
1118 3478 1272 3531 ollam
1296 3493 1551 3547 prwparo.
1577 3478 1725 3535 Tunc
1743 3491 1920 3536 autem
1942 3496 2063 3539 sese

483 3563 727 3635 adjunxit
766 3567 1081 3637 Severiano,
1108 3570 1393 3636 Antiocho,
1418 3580 1473 3626 et
1496 3571 1678 3627 lsaaco
1706 3573 1842 3645 Syro
1870 3590 2061 3631 mona-

482 3654 709 3712 chorum
751 3659 1059 3728 praeposito,
1097 3660 1190 3730 qui
1233 3670 1494 3731 perpetuo
1536 3663 1747 3719 solebat
1782 3666 2060 3738 episcopos

482 3746 760 3803 calumniis
786 3749 1065 3820 impetere.

553 3837 619 3893 lli
647 3853 775 3909 ergo
802 3849 1033 3910 quatuor
1054 3851 1238 3897 contra
1276 3841 1537 3899 Joannem
1563 3845 1877 3914 conspirant
1904 3846 2058 3918 (Pal-

481 3928 588 3983 lad.
622 3946 676 3999 ρ.
704 3930 817 4001 49).
847 3931 1163 4001 Mittuntque
1205 3933 1434 4003 primum
1468 3935 1826 4004 Antiochiam,
1860 3940 1948 4008 qui
1992 3940 2060 3996 de

480 4020 841 4076 adolescentia
883 4024 1000 4092 ejus
1036 4025 1412 4093 perquirerent
1436 4044 1450 4080 :
1476 4042 1662 4083 verum
1707 4030 1910 4085 inutilis
1938 4048 2061 4101 per-

481 4112 698 4181 quisitio
742 4112 863 4181 fuit,
906 4129 1008 4171 nec
1044 4116 1335 4188 quidquam
1384 4119 1799 4188 reprehensione
1842 4123 2061 4194 dignum

481 4200 754 4259 inventum
774 4212 878 4260 est.
904 4205 1105 4262 Deinde
1122 4208 1340 4263 mittunt
1366 4208 1434 4263 ad
1457 4209 1809 4280 TheOphilum
1834 4214 2064 4269 Alexan-

479 4296 721 4364 drinum,
753 4300 844 4370 qui
873 4302 1147 4357 cothurnus
1179 4301 1487 4358 vocabatur.
1532 4303 1665 4370 Quis
1706 4315 1851 4361 esset
1887 4307 2063 4363 Theo-

479 4388 609 4457 phili
632 4390 841 4446 animus
858 4406 982 4462 erga
1002 4391 1259 4448 Joannem
1276 4393 1386 4463 jam
1402 4393 1650 4463 vidimus,
1671 4412 1792 4452 cum
1812 4398 1879 4453 de
1899 4400 2061 4468 ipsius

479 4479 699 4534 Joannis
726 4481 1060 4539 ordinatione
1084 4485 1135 4539 in
1176 4485 1482 4556 episcopum
1522 4486 2059 4558 Constantinopolita—

480 4585 607 4625 num
645 4584 923 4641 ageremus
954 4590 968 4627 :
1008 4574 1237 4630 vidimus
1284 4576 1433 4631 illum
1473 4577 1693 4632 invitum
1732 4577 2059 4633 ordinavisse

478 4661 762 4729 Joannem,
787 4661 938 4732 cujus
956 4672 1010 4718 et
1036 4665 1199 4720 animi
1222 4667 1523 4722 firmitatem
1545 4674 1600 4722 et
1627 4668 1872 4737 loquendi
1899 4668 2060 4722 liber-

480 4764 641 4810 tatem
678 4756 966 4821 metuebat,
996 4772 1168 4827 neque
1208 4774 1457 4829 umquam
1486 4762 1751 4816 destitisse
1778 4762 2058 4830 putabatur

478 4864 513 4902 τι
535 4850 807 4918 proposito
825 4849 973 4905 illum
1001 4865 1031 4904 a
1060 4850 1189 4906 sede
1216 4850 1554 4918 deturbandi,
1582 4853 1747 4907 sicubi
1766 4868 1884 4908 sese
1904 4869 2057 4908 oeca-

480 4941 560 4995 Iio
584 4940 820 4997 oﬂ‘erret.

549 5034 756 5089 Accidit
773 5042 952 5089 autem
971 5033 1074 5089 hoc
1093 5033 1306 5090 circiter
1326 5044 1561 5104 tempore
1586 5035 1828 5091 Fratrum
1852 5039 2060 5111 Longo-

479 5136 597 5177 rum
641 5127 933 5195 negotium,
972 5125 1113 5195 quod
1158 5124 1413 5180 tumultus
1448 5140 1668 5195 magnos
1708 5128 1760 5181 in
1804 5130 2057 5186 Orientali

483 5215 721 5273 Ecclesia
744 5219 1047 5285 concitavit,
1078 5228 1131 5274 et
1149 5218 1271 5274 inde
1291 5218 1615 5287 Theophilus
1635 5235 1817 5275 ansam
1840 5223 2062 5292 arripuit

483 5316 539 5361 ut
573 5310 627 5363 in
669 5309 1105 5381 Chrysostomnm
1146 5312 1379 5369 saeviret.
1416 5311 1609 5367 Verum
1650 5326 1735 5367 res
1777 5322 1860 5367 est
1902 5315 2061 5371 altius

483 5400 788 5465 repetenda.

551 5488 740 5545 Narrat
766 5494 1032 5550 Palladius
1076 5494 1311 5563 (Pallad.
1343 5514 1396 5566 p.
1428 5496 1497 5553 50
1521 5505 1567 5550 et
1602 5497 1757 5568 ειμι),
1801 5494 2058 5553 lsidorum

482 5582 763 5646 quemdam
803 5587 1169 5658 presbyterum
1215 5590 1645 5658 octogenarium,
1692 5605 1723 5643 a
1767 5588 2061 5657 Theophila

483 5668 839 5728 Alexandrino
867 5680 1092 5744 praesule
1130 5680 1307 5751 inique
1348 5691 1614 5746 vexatum,
1663 5680 1730 5735 ad
1772 5682 2061 5736 monachos

485 5764 680 5817 montis
719 5763 903 5822 Nitriae
947 5772 1268 5843 confugisse.
1310 5774 1663 5845 TheOphilum
1710 5788 1856 5837 vero,
1903 5790 2061 5844 quem

485 5854 599 5924 ipse
626 5864 682 5911 ut
699 5858 939 5914 omnium
965 5864 1306 5920 vaferrimum
1335 5876 1389 5921 et
1414 5866 1844 5922 scelestissimum
1871 5866 2060 5937 depin-

484 5950 581 6019 git,
616 5946 670 6005 in
692 5948 983 6006 monachos
1013 5954 1132 6011 illos
1157 5959 1413 6030 smviisse,
1451 5960 1776 6030 jussisseque
1801 5958 2057 6032 quosdam

1647 528 1827 584 NUNC
1856 528 2113 584 PRIMUM
2156 523 2552 581 ADORNATA.

3656 522 3759 579 τοο

2174 656 2205 697 e
2234 638 2500 713 primariis
2538 652 2602 691 ex
2645 636 2896 693 interiore
2921 648 3103 690 eremo
3132 633 3348 704 depelli.
3376 634 3452 689 Illi
3487 652 3616 691 vero
3642 654 3759 692 mo-

2176 728 2331 785 nachi
2366 742 2487 782 eum
2533 728 2813 783 Atnmonio
2838 727 3091 797 quodam,
3121 726 3236 780 viro
3263 725 3548 796 grandtnvo
3584 738 3637 782 et
3665 745 3755 785 ve-

2176 821 2424 885 nerabili,
2454 818 2801 889 TheOphilum
2831 819 3047 878 adeunt.
3080 828 3132 871 et
3160 833 3261 887 qua
3284 816 3350 872 de
3370 833 3531 874 causa
3559 820 3761 889 pellan-

2176 923 2261 967 tur
2299 919 2522 981 rogant;
2567 920 2673 965 tum
2723 911 2812 965 ille
2860 908 3201 963 Ammonium
3245 908 3409 978 plagis
3453 920 3660 977 onerat,
3704 923 3758 965 et

2175 1005 2467 1061 monachos
2495 1004 2644 1073 quasi
2682 1003 2924 1073 Origenis
2964 1001 3238 1058 erroribus
3277 1002 3498 1057 infectos
3527 1005 3756 1073 repellit.

2177 1098 2257 1152 llli
2287 1110 2414 1152 vero
2438 1095 2506 1149 ad
2534 1095 2739 1150 Montes
2777 1096 3020 1161 redeunt,
3048 1105 3105 1150 et
3132 1094 3480 1150 monasticam
3510 1098 3671 1150 vitam
3703 1111 3757 1151 ut

2176 1190 2321 1259 prius
2364 1197 2636 1243 exercent.
2683 1186 2834 1240 Tunc
2879 1185 3206 1255 TlieOphilus
3254 1187 3528 1243 advocatis
3573 1188 3760 1243 vicini.

2174 1277 2438 1348 episcopis
2474 1274 2747 1349 Synodum
2786 1274 3040 1341 celebrat,
3081 1276 3369 1332 monachos
3411 1293 3514 1335 nec
3550 1279 3760 1333 auditos

2172 1369 2424 1434 damnat;
2469 1378 2574 1423 tres
2608 1383 2736 1423 vero
2770 1382 2834 1422 ex
2866 1368 3165 1437 praecipuis,
3204 1384 3429 1438 quorum
3468 1386 3604 1425 unus
3632 1376 3759 1425 Ani-

2176 1462 2384 1515 monius
2412 1470 2545 1526 erat,
2579 1460 3022 1515 excommunicat.
3047 1459 3204 1513 Mittit
3223 1460 3311 1529 qui
3342 1462 3630 1516 monachos
3656 1467 3763 1532 pe:-

2175 1551 2284 1606 lant
2310 1568 2375 1607 ex
2406 1553 2553 1607 cellis
2580 1562 2632 1606 et
2663 1553 2999 1607 monasteriis
3029 1553 3158 1607 suis.
3183 1551 3263 1607 llli
3289 1566 3414 1609 vero
3444 1553 3497 1609 in
3528 1555 3763 1611 Pal.esti-

2176 1658 2297 1695 nam
2331 1642 2557 1711 primum
2583 1643 2801 1711 profecti
2827 1652 2970 1696 sunt.

2250 1733 2376 1787 lude
2389 1748 2517 1788 vero
2543 1733 3039 1803 Constantinopolin
3068 1746 3347 1802 venerunt,
3381 1740 3470 1795 ubi
3500 1741 3756 1811 quinqua-

2174 1824 2321 1895 ginta
2366 1839 2589 1878 numcro
2634 1824 2700 1877 ad
2730 1824 2949 1878 Joannis
2996 1826 3237 1895 episcopi
3285 1842 3454 1898 genua
3499 1834 3758 1899 provoluti

2174 1925 2384 1985 rogant,
2430 1932 2490 1972 se
2533 1932 2653 1971 cum
2699 1916 2997 1987 Theophilo
3037 1919 3289 1989 episcopo
3335 1923 3663 1992 reconciliet,
3711 1938 3761 1980 ut

2173 2018 2384 2065 montes
2411 2018 2464 2064 et
2488 2009 2601 2064 loca
2630 2023 2722 2062 sua
2750 2018 2998 2079 repetere
3028 2012 3228 2081 possint
3255 2030 3266 2065 :
3291 2013 3522 2084 alioquin
3549 2029 3678 2071 vero
3708 2035 3763 2072 se

2173 2101 2551 2172 Imperatorem
2594 2102 2865 2169 adituros,
2919 2111 2976 2157 ut
3024 2119 3188 2173 prava
3232 2104 3372 2161 illius
3418 2107 3473 2162 in
3513 2108 3765 2165 Ecclesia:

2172 2193 2551 2247 contumeliam
2593 2194 2824 2247 facinora
2853 2205 3142 2263 exponant.
3184 2194 3317 2249 Tum
3348 2195 3763 2269 Chrysostomus

2175 2282 2297 2337 illos
2340 2284 2567 2338 libenter
2611 2285 2840 2354 excepit,
2889 2299 3052 2354 seque
3098 2286 3139 2340 Τ
3146 2286 3393 2357 lteophilo
3440 2290 3762 2359 scripturum

2175 2375 2442 2444 pollicitus
2467 2385 2566 2429 est.
2603 2377 2678 2431 De
2706 2387 2901 2432 cmtero
2931 2379 3222 2435 monachos
3254 2380 3394 2448 illos,
3427 2384 3516 2452 qui
3548 2380 3764 2437 Fratres

2178 2467 2345 2539 Longi
2374 2484 2403 2521 a
2429 2479 2627 2524 statura
2666 2480 2941 2534 vocantur,
2990 2473 3196 2526 moziuit
3230 2481 3287 2527 ut
3308 2488 3421 2529 rem
3447 2475 3661 2531 silentio
3688 2485 3766 2531 te-

2174 2569 2383 2629 gerent,
2407 2560 2577 2615 donec
2603 2560 2729 2630 quid
2755 2561 2807 2614 in
2832 2569 3010 2616 mente
3031 2561 3249 2617 haberet
3272 2563 3600 2633 Theophilus
3620 2582 3769 2621 coni-

2176 2650 2477 2720 perissent:
2511 2650 2799 2722 hospitium
2836 2660 3012 2707 autem
3044 2652 3150 2708 illis
3191 2653 3481 2724 assignavit
3508 2656 3563 2710 in
3591 2658 3765 2713 eccle-

2171 2742 2288 2807 sia,
2344 2758 2462 2812 qua:
2512 2744 2793 2815 Anastasia
2850 2743 3155 2798 vocabatur.
3207 2743 3291 2798 Ad
3342 2746 3536 2800 victum
3586 2756 3764 2803 autem

2174 2832 2475 2887 necessaria
2500 2832 2628 2901 ipsis
2644 2832 3056 2903 suppeditabant
3082 2832 3334 2889 mulieres
3359 2835 3602 2904 quaedam
3632 2839 3762 2892 reli-

2172 2926 2372 2993 giosze;
2425 2926 2524 2997 ipsi
2564 2941 2773 2996 quoque
2813 2926 3056 2980 nonnihil
3102 2926 3452 2982 conferebant
3493 2943 3561 2982 ex
3605 2943 3766 2998 opere

2172 3031 2442 3069 mattuum.
2495 3016 2663 3071 Erant
2688 3025 2812 3071 tunc
2848 3016 3311 3088 Constantinopoli
3349 3018 3562 3089 quidam
3590 3021 3765 3077 Theo-

2173 3106 2307 3178 phili
2335 3106 2539 3171 clerici,
2578 3106 2693 3177 ejus
2724 3109 2934 3177 negotia
2971 3117 3237 3178 gerentes.
3270 3108 3365 3165 His
3391 3111 3575 3165 accitis
3600 3110 3761 3167 Joan-

2172 3214 2268 3255 nes
2296 3208 2634 3270 percontatus
2656 3208 2758 3264 est,
2780 3214 2846 3253 an
2875 3198 3161 3253 monachos
3187 3198 3316 3254 istos
3342 3211 3579 3257 nossent.
3604 3201 3683 3257 llli
3704 3219 3763 3259 se

2169 3290 2338 3362 probe
2366 3291 2485 3345 illos
2515 3292 2726 3345 novisse
2767 3289 3035 3353 dixerunt,
3078 3297 3133 3343 et
3165 3290 3471 3346 violentiam
3514 3307 3759 3363 magnam

2169 3396 2451 3453 perpessos
2487 3395 2606 3436 esse
2647 3380 2773 3435 faSsi
2817 3390 2959 3435 sunt.
2994 3381 3069 3434 De
3110 3389 3306 3436 caetero
3345 3380 3605 3439 Joannem
3640 3399 3758 3439 mo—

2166 3488 2351 3540 nuere,
2385 3481 2443 3527 ut
2481 3486 2548 3527 ne
2588 3471 2710 3526 illos
2748 3470 2815 3525 ad
2855 3471 3288 3526 communionem
3321 3473 3645 3541 admitteret,
3691 3492 3759 3531 ne

2166 3562 2519 3632 Theophilum
2556 3562 2940 3628 exacerbaret;
2990 3576 3111 3617 cum
3157 3563 3263 3618 illis
3306 3574 3479 3620 tamen
3530 3566 3758 3638 benigne

2163 3668 2365 3729 ageret,
2395 3668 2453 3712 ut
2472 3656 2695 3713 decebat
2714 3656 3047 3726 episcopum.

2236 3750 2326 3805 Sic
2360 3748 2595 3805 Joannes
2632 3748 2753 3803 illos
2786 3748 2852 3803 ad
2897 3748 3324 3803 communionem
3362 3764 3469 3803 non
3505 3750 3753 3817 admisit;

2164 3843 2260 3898 sed
2308 3842 2376 3897 ad
2417 3842 2774 3912 Theophilum
2828 3842 3057 3913 scripsit,
3112 3858 3172 3898 se
3219 3842 3384 3897 filium
3435 3854 3490 3899 et
3538 3847 3758 3900 fratrem

2164 3934 2332 4004 ipsius
2359 3934 2564 3999 dicens,
2595 3950 2787 4004 rogans
2817 3934 2934 3988 illos
2961 3934 3176 3988 demum
3205 3934 3511 3991 admitteret
3550 3944 3607 3991 et
3649 3950 3757 3990 am-

2166 4025 2505 4094 plecteretur.
2531 4023 2586 4078 ld
2613 4024 2823 4093 negavit
2850 4022 3216 4092 Theophilus;
3246 4023 3341 4078 sed
3369 4024 3630 4095 quosdam
3658 4026 3759 4081 mi-

2167 4118 2236 4171 sit
2258 4116 2323 4170 ad
2354 4116 2714 4172 eontentiosas
2742 4116 3029 4170 verborum
3065 4130 3266 4186 pugnas
3300 4117 3638 4185 exercitatos,
3669 4120 3757 4190 qui

2166 4209 2402 4265 libellum
2431 4224 2649 4279 precum
2673 4207 2862 4265 Joanni
2890 4206 3102 4273 darent,
3139 4208 3431 4264 mendaciis
3457 4218 3510 4264 et
3551 4210 3757 4265 ealum~

2165 4300 2270 4355 niis
2286 4300 2543 4356 adversus
2568 4300 2860 4356 monachos
2892 4299 3280 4367 plenissimum,
3310 4312 3367 4354 ut
3396 4301 3641 4355 monachi
3682 4300 3757 4355 illi

2164 4392 2219 4447 in
2264 4392 2466 4447 Palatio
2493 4393 2645 4463 quasi
2673 4391 3085 4461 praestigiatores
3114 4391 3280 4461 digito
3308 4400 3751 4448 monstrarentur.

2164 4483 2407 4538 Monaelii
2433 4498 2585 4549 vero,
2607 4491 2666 4536 ut
2694 4482 2941 4537 viderunt
2967 4481 3169 4537 nullam
3198 4482 3296 4538 sibi
3328 4482 3611 4552 Theophili
3639 4485 3754 4554 pla-

2162 4574 2318 4628 candi
2360 4573 2501 4628 viam
2549 4587 2853 4643 superesse,
2900 4588 2960 4628 se
3001 4582 3213 4642 paratos
3249 4588 3370 4628 esse
3406 4573 3644 4629 dicentes
3689 4576 3755 4629 ad

2162 4682 2378 4723 omnem
2407 4666 2596 4723 falsam
2626 4666 2923 4722 doctrinam
2950 4666 3474 4720 anathematizandam
3491 4681 3510 4730 ;
3551 4667 3754 4737 suppli-

2163 4774 2254 4813 ces
2299 4760 2511 4815 libellos
2548 4759 2742 4816 Joanni
2782 4758 3032 4824 offerunt,
3077 4759 3163 4815 ubi
3202 4758 3482 4829 TheOphili
3521 4760 3754 4831 tyranni-

2164 4850 2286 4906 dem
2327 4852 2509 4908 multis
2545 4851 2938 4921 exprimebant,
2976 4851 3185 4919 aliaque
3225 4851 3601 4922 adjungebant,
3634 4868 3752 4921 qua.

2168 4944 2370 5001 referre
2411 4946 2623 5015 pudeat.
2667 4944 2802 5000 Tum
2841 4943 3075 4997 Joannes
3100 4951 3154 4997 et
3183 4958 3277 5011 per
3315 4958 3374 4998 se
3418 4954 3472 4998 et
3498 4959 3591 5014 per
3618 4946 3749 4999 alios

2166 5044 2443 5110 episcopos
2466 5039 2707 5093 hortatur
2732 5038 2852 5092 illos
2880 5046 2936 5091 ut
2964 5036 3086 5090 talia
3106 5035 3177 5091 de
3203 5036 3501 5108 TheOpliilo
3521 5039 3749 5094 scribere

2166 5134 2432 5198 desinant,
2464 5139 2716 5202 quantum
2745 5130 2871 5185 hinc
2914 5129 3042 5185 mali
3078 5140 3529 5201 eonscquuturum
3563 5132 3632 5186 sit
3658 5131 3752 5186 de-

2168 5225 2378 5280 clarans
2401 5241 2414 5276 :
2442 5220 2841 5290 Tlteophiloque
2866 5221 3143 5291 rescripsit
3168 5237 3392 5276 narrans
3412 5222 3485 5275 illi
3510 5237 3750 5292 quamam

2168 5318 2413 5373 monachi
2462 5316 2527 5371 de
2570 5316 2686 5384 ipso
2729 5314 3051 5383 proferrent,
3098 5315 3495 5383 testificansque
3536 5328 3595 5369 se
3634 5314 3743 5368 ilict

2171 5410 2368 5464 frustra
2418 5408 2684 5462 hortatum
2736 5421 2857 5461 esse
2907 5416 2965 5461 ut
3007 5406 3462 5475 Constantinopoli
3507 5405 3743 5462 discede.

2171 5512 2321 5567 rent;
2368 5512 2619 5557 cmterttm
2660 5515 2779 5569 quae
2824 5500 2924 5555 sibi
2968 5498 3217 5567 expedire
3266 5497 3573 5554 viderentur
3619 5499 3754 5556 indi-

2168 5604 2329 5651 caret.

2240 5683 2562 5752 Theophilus
2584 5698 2733 5752 vero,
2763 5685 2851 5754 qui
2882 5682 3071 5738 Joanni
3101 5692 3204 5737 tam
3228 5684 3524 5749 moderato,
3549 5684 3673 5754 quin
3704 5694 3756 5738 et

2166 5777 2338 5831 amico
2361 5774 2540 5828 animo
2564 5788 2744 5829 secum
2771 5775 2966 5845 agenti,
2994 5777 3217 5843 gratiam
3247 5774 3444 5831 habere
3470 5774 3669 5840 debuit,
3700 5776 3753 5827 in

2170 5866 2401 5922 furorem
2446 5874 2618 5933 actus,
2660 5867 2842 5921 statim
2886 5866 2954 5921 ab
2982 5867 3219 5923 Ecclesia
3265 5866 3495 5922 excludit
3533 5866 3755 5921 Dioscoo

2173 5973 2290 6014 rum
2323 5957 2649 6028 episcOpum,
2683 5971 2843 6028 quem
2876 5970 3027 6016 vocat
3068 5958 3353 6029 Palladius,
3386 5956 3605 6015 fratrem
3644 5971 3756 6013 mo-
