4504 6706
818 553 907 606 991
1905 552 1959 603 S.
2000 551 2275 611 JOANNIS
2311 553 2781 614 CllRYSOSTOlll
2825 561 3002 631 VITA,

814 665 1128 729 nacbornm,
1157 664 1245 733 qui
1288 667 1338 719 in
1386 666 1621 722 Ecclesia
1659 675 1926 727 senuerat,
1964 676 2016 720 et
2041 667 2228 722 Joanni
2275 668 2384 734 epi-

814 772 978 828 scopo
1005 757 1119 811 hcce
1147 759 1329 812 scribit
1362 777 1376 812 :
1410 759 1636 812 Arbitror
1675 759 1902 828 equidem
1944 777 2043 812 non
2087 762 2319 831 ignorare
2343 767 2390 810 te

813 868 1062 905 canonum
1090 849 1416 904 Maestorum
1445 852 1715 916 decretum,
1745 867 1842 918 quo
1887 853 2128 916 sancitur,
2177 866 2238 902 ne
2281 850 2387 917 epi-

813 958 994 1009 scopus
1019 941 1154 994 litem
1183 952 1324 995 extra
1351 943 1474 1009 fines
1503 959 1617 994 suos
1638 942 1830 1010 judicet
1859 943 1939 995 :si
1969 954 2132 995 autent
2163 943 2383 1008 ignoras,

814 1029 968 1095 disce,
999 1040 1044 1084 et
1069 1047 1101 1084 a
1131 1032 1308 1085 libellis
1334 1032 1569 1083 adversus
1595 1047 1672 1082 me
1695 1030 1903 1084 abstine.
1938 1031 2072 1084 Nam
2102 1033 2146 1085 si
2165 1030 2390 1099 judican'

813 1141 894 1178 me
912 1133 1176 1194 oporteret,
1201 1125 1262 1176 ab
1279 1122 1541 1192 Afgyptiis
1561 1125 1806 1190 episc0pis
1817 1125 2125 1193 judicandus
2143 1139 2271 1183 sum,
2291 1137 2391 1174 non

813 1230 848 1267 ο
879 1224 942 1277 te,
972 1217 1056 1284 qui
1093 1216 1403 1285 septuaginta
1429 1215 1647 1284 quinque
1675 1217 1868 1270 dierum
1905 1218 2079 1270 itinere
2107 1217 2222 1268 hinc
2252 1213 2386 1269 abes.

885 1307 962 1359 Ex
995 1305 1076 1358 his
1101 1319 1226 1359 vero
1265 1305 1430 1359 literis
1460 1307 1632 1375 palam
1676 1319 1756 1362 est
1786 1324 1967 1362 verum
2010 1323 2127 1362 esse
2173 1306 2223 1359 id
2247 1305 2388 1374 quod

816 1396 1060 1450 Socrates
1104 1394 1264 1450 refert
1313 1395 1484 1466 (Socr.
1517 1397 1553 1451 ι.
1592 1398 1643 1452 6.
1672 1415 1717 1451 c.
1749 1399 1826 1467 9),
1860 1414 2046 1465 nempe
2086 1398 2272 1450 falsum
2303 1413 2392 1449 ru-

823 1501 1026 1542 morem
1075 1486 1140 1542 ad
1175 1502 1333 1542 aures
1384 1489 1663 1558 Theophili
1715 1490 1970 1556 perlatum
2016 1488 2197 1552 fuisse,
2247 1489 2391 1558 quod

822 1593 1012 1646 nempe
1036 1577 1268 1634 Joannes
1296 1580 1414 1634 illos
1445 1579 1508 1634 ad
1538 1595 1684 1633 sacra
1713 1579 2032 1644 admisisset,
2062 1589 2116 1633 et
2141 1579 2205 1634 ad
2234 1596 2388 1648 opem

818 1671 921 1722 illis
951 1669 1224 1723 ferendum
1257 1680 1470 1737 paratus
1496 1678 1656 1722 esset.
1679 1669 2057 1736 Quamobrem,
2086 1671 2254 1738 pergit
2278 1671 2387 1734 ille,

809 1759 1134 1828 TheOphilus
1178 1768 1320 1814 totus
1365 1760 1416 1812 in
1462 1759 1564 1814 hoc
1602 1761 1764 1828 cmpit
1813 1761 2136 1827 incumbere,
2185 1770 2240 1814 ut
2287 1777 2391 1816 non

808 1851 967 1906 modo
1015 1851 1324 1906 Dioscorum
1377 1861 1433 1906 et
1478 1851 1736 1906 lsidorum
1790 1853 2157 1918 ulcisceretur,
2203 1869 2392 1906 verum

811 1944 973 1998 etiam
999 1942 1256 1999 Joannem
1285 1959 1351 1998 ex
1381 1945 1669 2014 episcOpali
1699 1945 1824 1999 sede
1845 1944 2122 2013 dejiceret.
2149 1944 2392 2012 Misitque

808 2037 1059 2104 epistolas
1087 2035 1154 2090 ad
1198 2037 1523 2106 singularum
1556 2039 1825 2091 civitatum
1867 2039 2164 2105 episcopos,
2207 2039 2390 2092 consi-

812 2128 940 2180 lium
968 2127 1185 2196 quidem
1233 2141 1386 2180 suum
1432 2127 1722 2193 occultans,
1764 2129 1937 2197 palam
1966 2143 2092 2182 vero
2123 2128 2172 2180 in
2214 2129 2277 2184 iis
2308 2145 2392 2184 re-

809 2218 1146 2286 prehendens
1168 2219 1331 2273 libros
1355 2218 1616 2289 Origenis,
1639 2233 1862 2288 quorum
1888 2227 2060 2273 tamen
2087 2221 2392 2276 testimonio

808 2312 896 2364 diu
925 2321 1047 2367 ante
1092 2312 1236 2366 illttm
1268 2313 1588 2368 Athanasius
1625 2319 1810 2367 contra
1849 2313 2076 2368 Arianos
2118 2330 2247 2369 usus
2274 2314 2390 2370 fue-

809 2414 910 2458 rat.
951 2405 1076 2460 Hmc
1117 2405 1384 2469 Socrates,
1431 2404 1660 2474 idipsum
1705 2403 1816 2461 fere
1858 2405 2185 2462 Sozomenus
2233 2406 2392 2462 habet

809 2495 1042 2565 (Sozam.
1078 2497 1114 2550 ι.
1148 2496 1202 2553 8.
1231 2513 1278 2551 c.
1310 2497 1378 2552 12
1397 2507 1442 2550 et
1473 2497 1588 2567 15).

879 2587 1110 2644 Joannes
1137 2605 1263 2644 vero
1291 2599 1505 2658 accepta
1542 2589 1782 2658 lectaque
1812 2590 2091 2659 Theophili
2129 2590 2352 2660 epistola
2373 2631 2387 2655 ,

810 2696 928 2735 eam
956 2697 1118 2750 penes
1146 2696 1203 2735 se
1228 2683 1478 2735 servavit.
1511 2681 1580 2734 Et
1605 2683 1725 2751 quia
1752 2683 2074 2752 The0philus
2103 2683 2391 2737 monachos

810 2773 942 2826 alios
971 2773 1068 2826 sibi
1099 2771 1337 2826 addictos
1362 2771 1856 2842 Constantinopolin
1891 2774 2109 2828 miserat
2137 2774 2226 2843 qui
2267 2788 2390 2827 suas

811 2873 987 2933 partes
1016 2872 1289 2918 tuerentur
1308 2905 1322 2927 ,
1353 2862 1630 2917 monachis
1661 2863 1934 2933 utriusque
1970 2864 2138 2933 partis
2164 2863 2390 2919 suadere

810 2963 1033 3008 conatus
1057 2963 1137 3008 est
1160 2954 1572 3024 Chrysostomus
1609 2966 1663 3008 ut
1703 2970 1886 3025 pacem
1915 2956 2054 3010 inter
2077 2972 2134 3011 se
2173 2957 2388 3012 inirent.

812 3045 1017 3113 Quibus
1055 3045 1246 3099 auditis
1285 3046 1356 3098 illi
1396 3047 1661 3115 utrimque
1700 3047 1866 3116 magis
1900 3049 2196 3116 exasperati
2227 3059 2391 3114 sunt,

811 3137 1026 3192 Fratres
1053 3138 1264 3206 quidem
1292 3138 1458 3208 Longi
1482 3147 1538 3192 ut
1564 3139 1844 3210 Theophili
1871 3141 2149 3211 tyrannide
2175 3156 2397 3211 oppres-

808 3227 890 3289 si;
919 3226 1008 3280 alii
1034 3242 1158 3281 vero
1183 3227 1462 3294 dicebant,
1495 3243 1553 3282 se
1585 3229 1786 3298 absque
1812 3230 2091 3299 The0phili
2130 3247 2395 3286 consensu

807 3326 863 3370 et
884 3317 1039 3387 jussu
1076 3315 1372 3372 facultatem
1406 3334 1511 3373 non
1540 3317 1737 3374 habere
1773 3319 2016 3374 ineunda:
2049 3323 2214 3391 pacis.
2244 3322 2395 3378 Tunc

808 3408 1042 3464 Joannes
1070 3408 1290 3480 hujusce
1317 3410 1396 3464 rei
1425 3425 1604 3464 curam
1633 3411 1851 3465 omnino
1875 3411 2144 3482 deposuit.

880 3499 1016 3553 Tum
1057 3499 1337 3562 monachi,
1367 3500 1458 3570 qui
1486 3515 1515 3553 a
1543 3499 1840 3570 TheOphilo
1867 3502 2004 3572 pulsi
2044 3503 2289 3568 fuerant,
2326 3504 2395 3559 li-

811 3589 982 3644 bellos
1019 3590 1251 3658 prolixos
1279 3589 1593 3657 ediderunt,
1632 3592 1782 3661 queis
1827 3592 2118 3647 monachos
2157 3594 2396 3650 adversae

814 3681 979 3748 partis
1013 3690 1276 3750 tamquam
1306 3683 1719 3739 calumniatores
1759 3684 2180 3754 propulsabant;
2208 3695 2392 3741 contra

811 3773 1161 3843 TheOphilum
1183 3774 1346 3828 multa
1371 3774 1636 3841 dicebant,
1659 3793 1774 3846 quae
1796 3777 2042 3831 omnibus
2069 3789 2193 3832 nota
2215 3788 2386 3833 erant.

811 3865 1044 3920 Libellos
1084 3873 1259 3920 autem
1306 3867 1557 3936 Augustis
1603 3869 1944 3936 obtulerunt,
1992 3870 2392 3942 Eudoxiamque

811 3955 1203 4023 lmperatricem
1233 3956 1513 4022 adierunt,
1542 3967 1666 4013 tunc
1707 3960 1757 4012 in
1801 3961 2056 4030 martyrio
2083 3961 2140 4016 S.
2169 3941 2392 4018 Joannis

810 4056 1111 4103 versaan
1144 4066 1159 4102 :
1187 4049 1460 4119 ipsamque
1486 4050 1686 4120 precati
1718 4059 1842 4103 sunt
1862 4092 1874 4112 ,
1915 4061 1974 4106 ut
2011 4052 2393 4108 monachorum

813 4139 1053 4194 adversm
1080 4140 1244 4208 partis
1264 4140 1478 4193 libellus
1499 4139 1636 4208 apud
1663 4140 1945 4195 Prmfectos
1966 4143 2392 4208 examinaretur;

810 4227 1139 4298 Theophilus
1159 4244 1288 4283 vero
1314 4229 1394 4284 vel
1425 4230 1618 4284 invitus
1642 4230 1876 4294 adesset,
1905 4232 2076 4301 deque
2101 4233 2192 4286 illo
2215 4248 2394 4288 coram

808 4320 1016 4375 Joanne
1035 4319 1384 4390 judicaretur.
1415 4319 1658 4375 Admissa
1689 4322 2060 4390 postulatione,
2091 4323 2395 4377 mandatum

808 4413 938 4480 fuit,
971 4421 1029 4466 ut
1057 4412 1384 4482 TheOphilus
1409 4427 1591 4467 volens
1618 4412 1804 4467 nolens
1823 4453 1840 4480 ,
1869 4412 2134 4468 exhibitus
2165 4431 2260 4483 per
2284 4414 2395 4469 Ma-

808 4506 1032 4576 gistrum
1059 4519 1236 4560 coram
1267 4503 1472 4559 Joanne
1499 4504 1799 4570 sisteretur,
1829 4513 1886 4559 ut
1911 4519 2126 4559 causam
2157 4505 2392 4571 diceret;

809 4596 1058 4651 monachi
1099 4611 1226 4650 vero
1265 4596 1501 4650 adversa:
1542 4596 1708 4664 partis
1736 4597 1820 4651 vel
1861 4598 2152 4665 probarent
2184 4614 2247 4653 ea
2275 4615 2393 4667 quae

812 4689 1068 4744 adversus
1098 4695 1312 4742 sanctos
1340 4701 1500 4742 senes
1535 4687 1897 4757 protulerant,
1925 4688 2010 4743 vel
2039 4689 2394 4744 calumniato-

811 4795 931 4835 rum
958 4793 1142 4850 poenas
1168 4779 1426 4834 subirent.

881 4870 937 4924 In
964 4869 1256 4926 monachos
1284 4881 1462 4924 autem
1492 4885 1521 4924 a
1548 4867 1846 4939 Theophilo
1875 4869 2069 4924 missos
2107 4869 2250 4940 leges
2279 4871 2397 4940 qui-

808 4961 933 5015 dem
973 4960 1275 5028 instabant,
1317 4961 1637 5032 illorumque
1676 4976 1836 5017 causa
1876 4961 2227 5017 examinanda
2270 4977 2394 5016 mox

810 5063 928 5106 erat
958 5069 971 5104 :
1004 5051 1082 5105 illi
1122 5066 1251 5106 vero
1290 5063 1536 5108 eventum
1582 5055 1765 5122 veriti,
1807 5070 1920 5109 rem
1961 5054 2160 5110 differri
2205 5063 2394 5125 rogant

809 5157 979 5212 usque
1003 5141 1068 5197 ad
1095 5142 1379 5212 Theophili
1407 5146 1711 5211 adventum,
1741 5147 1829 5216 qui
1863 5145 1979 5200 illos
2008 5146 2392 5202 subornaverat

811 5245 866 5291 et
895 5234 1107 5290 libellos
1136 5234 1446 5290 dictaverat.
1478 5235 1720 5290 Praefecti
1747 5253 1870 5292 vero
1897 5239 2016 5292 illos
2043 5240 2092 5292 in
2121 5255 2388 5295 carcerem

807 5326 1148 5396 conjecerunt
1173 5341 1340 5396 usque
1361 5325 1426 5380 ad
1448 5325 1725 5406 Theophili
1747 5329 2052 5393 adventum,
2077 5329 2316 5385 nolentes
2338 5332 2390 5384 in

809 5418 898 5472 tali
927 5433 1085 5473 causa
1111 5417 1274 5474 vades
1301 5418 1562 5488 accipere.
1597 5417 1795 5472 Horum
1823 5419 2035 5488 quidam
2063 5421 2113 5473 in
2140 5436 2354 5476 carcere
2372 5463 2386 5488 ,

807 5511 878 5565 ob
901 5509 1182 5580 Theophili
1209 5510 1467 5566 venientis
1499 5510 1797 5566 tarditatem
1828 5510 1917 5563 diu
1948 5511 2164 5575 morati,
2198 5515 2389 5568 mortui

807 5608 966 5664 sunt;
995 5600 1085 5654 alii
1113 5615 1240 5655 vero
1270 5609 1387 5669 post
1411 5601 1694 5656 adventum
1718 5599 2015 5669 Theophili,
2043 5600 2095 5655 in
2125 5611 2388 5670 postrema

806 5689 1258 5760 interrogatione,
1293 5700 1560 5762 tamquam
1595 5690 2039 5759 calumniatores,
2081 5692 2390 5751 Proconne-

802 5800 918 5839 sum
945 5799 976 5839 a
1004 5781 1273 5854 iudicibus
1298 5782 1622 5856 relegantur.

873 5873 1189 5946 Theophilus
1215 5873 1366 5927 libros
1392 5874 1618 5946 Origenis
1643 5876 1868 5931 damnat.
1892 5908 1959 5917 —
1986 5878 2190 5934 Interea
2214 5879 2389 5934 Theo-

803 5967 998 6038 philus,
1029 5968 1116 6039 qui
1144 5967 1258 6025 dira
1290 5967 1605 6024 moliebatur
1631 5972 1681 6024 in
1709 5970 1985 6038 Joannem,
2017 5971 2080 6027 ad
2109 5974 2386 6044 episcopos

3975 579 4074 636 192

2499 667 2691 738 ubique
2747 687 2934 726 omnes
2991 673 3234 744 scripsit.
3289 679 3452 737 libros
3496 679 3737 752 Origenis
3785 685 4070 755 incusans,

2497 761 2794 830 multosque
2817 763 2880 816 ad
2905 766 3218 822 sententiam
3250 785 3398 825 suam
3422 771 3676 842 pertraxit
3698 771 3927 843 (Sozam.
3957 781 3992 830 ι.
4016 782 4071 835 8.

2495 865 2540 900 c.
2576 851 2661 904 N.
2695 853 2838 906 Socr.
2869 853 2906 906 ι.
2937 851 2991 906 6.
3024 869 3069 904 c.
3101 856 3213 925 10).
3247 859 3547 932 Putansqne
3575 878 3765 931 magno
3795 864 3892 918 sibi
3921 881 4071 920 emo-

2497 936 2733 995 lumento
2775 941 2920 1005 fore,
2962 942 3005 996 si
3050 944 3438 1018 Epiphanium,
3481 953 3762 1008 Salaminis
3806 955 3859 1009 in
3897 956 4074 1026 Cypro

2495 1031 2832 1101 episcopum,
2867 1034 3036 1087 virum
3076 1041 3464 1097 sanctissimum
3500 1056 3553 1099 et
3587 1048 3935 1101 clarissimum
3959 1090 3972 1112 ,
4004 1049 4072 1102 ad

2497 1133 2619 1174 suas
2647 1132 2820 1189 partes
2849 1123 3060 1178 allicere
3087 1140 3283 1194 posset,
3319 1147 3382 1186 eo
3412 1150 3602 1189 nervos
3633 1138 3903 1192 industriae
3935 1148 4074 1192 totos

2496 1212 2753 1268 adhibuit.
2784 1215 2930 1268 Illum
2961 1231 3088 1270 vero
3118 1219 3321 1286 pridem
3357 1223 3710 1294 incusaverat,
3739 1230 3877 1299 quod
3907 1230 4070 1283 Deum

2497 1300 2727 1359 humana
2764 1306 2926 1360 forma
2963 1307 3239 1376 prmditum
3281 1327 3400 1365 esse
3441 1319 3767 1383 opinaretur,
3804 1337 3919 1390 qure
3961 1331 4074 1375 erat

2498 1392 2718 1450 hmresis
2755 1397 3438 1468 Anthropmnorpbitarum.
3485 1405 3632 1460 Tunc
3670 1424 3830 1476 vero,
3863 1413 3903 1464 si
3943 1411 4075 1465 fides

2497 1487 2567 1540 sit
2591 1487 2793 1544 Socrati
2818 1501 2867 1545 et
2894 1491 3190 1545 Sozomeno
3209 1532 3224 1555 ,
3253 1507 3312 1546 se
3339 1493 3565 1562 idipsum
3605 1513 3663 1551 ea
3701 1501 3765 1554 de
3793 1518 3848 1555 re
3878 1505 4075 1557 sentire

2498 1578 2792 1646 simulavit,
2823 1590 2878 1634 ut
2906 1581 3251 1649 Epiphanium
3285 1584 3384 1636 sibi
3416 1587 3741 1642 conciliaret.
3776 1590 3902 1645 Erat
3930 1595 4071 1646 enim

2498 1669 2822 1739 Epiphanius
2851 1673 2931 1725 vir
2957 1674 3148 1740 pietate
3173 1675 3511 1743 COIISpicuus,
3544 1678 3639 1732 sed
3669 1680 3758 1746 qui
3795 1697 3897 1735 non
3928 1699 4073 1738 sem.

2498 1775 2595 1829 per
2652 1763 2898 1816 tutiorem
2955 1764 3334 1834 melioremque
3392 1776 3593 1836 partem
3646 1772 4070 1840 amplecteretur.

2497 1850 2616 1905 Jam
2644 1851 2871 1907 vidimus
2900 1855 2949 1906 in
2984 1853 3098 1907 Vita
3125 1855 3400 1913 Athanasii
3419 1902 3431 1921 ,
3464 1876 3619 1929 quam
3647 1879 3788 1919 anno
3819 1865 3953 1921 1698
3981 1884 4078 1936 pu-

2497 1941 2688 1996 blicam
2713 1943 2948 2006 fecimus,
2975 1943 3326 2013 Epiphaniuin
3349 1964 3469 2002 cum
3489 1952 3553 2005 de
3574 1953 3780 2008 Meletio
3801 1957 3905 2025 agit
3927 1958 4078 2027 (Epi-

2497 2034 2652 2103 phan.
2677 2034 2872 2088 Ha’resi
2897 2036 3007 2104 68),
3031 2038 3117 2105 qui
3145 2038 3406 2092 Meletiani
3436 2043 3735 2100 schismatis
3756 2059 3937 2102 auctor
3959 2050 4073 2115 fuit,

2495 2125 2690 2194 quique
2721 2141 2749 2178 a
2775 2125 2832 2180 S.
2864 2126 3019 2180 Petro
3041 2137 3292 2198 martyre,
3320 2130 3677 2186 Alexandrino
3703 2138 3945 2203 prmsule,
3969 2149 4019 2192 et
4047 2157 4076 2192 a

2497 2217 2712 2287 Synodo
2741 2219 3024 2273 multorum
3058 2221 3319 2275 scelerum
3357 2237 3516 2276 causa
3558 2225 3836 2283 damnatus
3865 2230 4077 2299 deposi-

2497 2317 2683 2377 tusque
2723 2307 2926 2376 fuerat,
2976 2309 3095 2364 facti
3145 2313 3394 2366 invidiam
3445 2315 3602 2370 Petro
3646 2321 3866 2390 martyri
3910 2323 4078 2391 magis

2495 2413 2651 2467 quam
2681 2399 2892 2454 Meletio
2919 2401 3166 2456 conferre
3199 2420 3212 2456 :
3247 2404 3316 2456 ita
3357 2413 3414 2458 ut
3456 2406 3628 2474 palam
3665 2409 3730 2462 sit
3761 2425 3881 2463 eum
3920 2411 4078 2465 Mele-

2498 2490 2622 2543 tiani
2650 2491 2921 2560 cujusdam
2950 2492 3134 2548 fraude
3173 2495 3275 2548 tale
3314 2508 3669 2551 connuentum
3710 2500 3960 2565 edidisse,
3991 2503 4076 2556 cui

2495 2583 2788 2637 reclamant
2823 2599 2942 2638 cum
2982 2585 3271 2640 Athanasio
3308 2601 3497 2641 omnes
3543 2589 3898 2645 Ecclesiastici
3939 2594 4075 2645 scri-

2495 2683 2696 2743 ptores.

2565 2764 2628 2818 S.
2663 2765 2985 2835 Epiphanius
3015 2767 3166 2822 libros
3194 2767 3424 2839 Origenis
3454 2771 3553 2841 legi
3582 2772 3826 2842 prohibet.
3847 2804 3917 2814 —
3943 2774 4074 2829 Cum

2494 2857 2654 2911 sciret
2681 2867 2855 2912 autem
2897 2858 3225 2928 Theophilus
3256 2861 3606 2930 Epiphanium
3646 2864 3807 2918 libros
3836 2864 4076 2934 Origenis

2494 2950 2746 3016 aversari,
2775 2950 2840 3004 ad
2870 2965 2990 3005 cum
3019 2967 3229 3021 quoque
3256 2952 3438 3006 literas
3466 2954 3625 3018 misit,
3654 2956 3806 3023 queis
3831 2955 4078 3011 hortaba-

2497 3048 2581 3091 tur
2607 3039 2774 3104 illum,
2799 3049 2856 3093 ut
2880 3050 2932 3094 et
2961 3042 3072 3110 ipse
3099 3051 3285 3096 contra
3310 3042 3553 3112 Origenis
3579 3045 3744 3098 libros
3764 3047 4075 3100 sententiam

2498 3128 2680 3184 ferret.
2709 3131 3037 3200 Epiphanius
3067 3149 3214 3196 vero,
3245 3144 3427 3189 coacta
3457 3135 3770 3206 Cypriorum
3797 3139 4077 3207 episcopo-

2498 3237 2615 3277 rum
2653 3223 2868 3294 Synodo
2889 3267 2902 3290 ,
2929 3224 3171 3295 Origenis
3208 3227 3370 3281 libros
3399 3228 3497 3297 legi
3539 3229 3805 3297 prohibuit
3833 3248 3846 3284 :
3877 3231 4075 3300 episto-

2500 3313 2682 3383 lasque
2711 3315 2854 3369 misit
2877 3325 2986 3369 tum
3018 3315 3084 3370 ad
3110 3317 3240 3370 alios
3268 3317 3567 3386 episcopos,
3595 3328 3703 3372 tum
3729 3319 3795 3373 ad
3821 3321 4054 3375 Constan

2499 3407 2906 3477 tinopolitanum
2933 3409 3234 3477 prtesulem,
3258 3410 3381 3479 quid
3408 3425 3438 3463 a
3463 3409 3652 3481 Cypria
3679 3411 3894 3480 Synodo
3915 3421 4054 3466 statu

2499 3509 2609 3554 tum
2631 3499 2819 3556 fuisset
2837 3500 3137 3565 declarans,
3159 3502 3546 3572 cohortansque
3569 3504 3706 3569 illos,
3732 3514 3787 3558 ut
3808 3504 4076 3576 Synodum

2499 3600 2853 3646 convocarent
2883 3591 3176 3661 eademque
3203 3591 3567 3648 decernerent.
3591 3594 3915 3664 Theophilus
3942 3612 4078 3666 quo-

2495 3698 2600 3752 que
2624 3697 2743 3737 cum
2772 3681 3037 3752 Egyptiis
3071 3683 3332 3753 episcopis
3369 3683 3553 3738 eadem
3591 3693 3772 3739 contra
3800 3687 4078 3756 Origenein

2495 3777 2799 3842 constituit,
2834 3777 3120 3846 literasque
3145 3776 3291 3830 misit
3322 3775 3389 3830 ad
3417 3777 3695 3846 θρίεοοροε
3724 3789 3776 3832 et
3810 3779 3875 3833 ad
3913 3780 4078 3853 Joan-_

2498 3885 2638 3935 nem,
2660 3879 2716 3923 ut
2736 3879 2789 3924 et
2811 3869 2883 3922 illi
2908 3869 3050 3937 paria
3075 3878 3405 3937 praestarent.
3429 3868 3662 3923 Joannes
3681 3885 3808 3924 vero
3829 3871 3942 3924 haec
3961 3886 4078 3940 quas

2496 3963 2596 4018 sibi
2635 3961 3071 4032 significabantur
3109 3961 3496 4030 parvipendens
3521 4003 3535 4027 ,
3568 3977 3726 4015 unam
3769 3961 4077 4015 instituendi

2498 4063 2551 4105 et
2583 4052 2666 4120 pia
2696 4052 2934 4106 doctrina
2963 4051 3231 4106 imbuendi
3267 4052 3442 4121 populi
3471 4052 3571 4105 sibi
3603 4052 3870 4106 commissi
3898 4065 4076 4105 curam

2499 4140 2736 4207 gerebat,
2769 4151 2818 4193 et
2847 4155 2907 4192 ea
2939 4141 2990 4193 in
3021 4155 3080 4193 re
3105 4140 3386 4193 admodum
3414 4140 3654 4194 florebat.
3685 4140 3923 4201 Insidias,
3947 4153 4079 4208 quas

2501 4229 2599 4284 sibi
2625 4229 2796 4296 parari
2825 4229 3068 4296 ignorare
3097 4244 3200 4283 non
3227 4239 3454 4297 poterat,
3478 4239 3819 4282 contemnere
3841 4243 3898 4282 se
3925 4243 4079 4297 posse

2502 4319 2753 4387 putabat,
2782 4319 3106 4371 conscientia
3137 4319 3267 4371 mnil
3293 4319 3572 4372 adversum
3602 4318 3934 4372 testiﬁcante.

2572 4408 2913 4462 Tillemontio
2947 4407 3330 4476 adstipulamur
3353 4407 3450 4476 (Τ.
3481 4409 3534 4463 5.
3568 4425 3614 4459 c.
3641 4410 3781 4475 499)
3811 4410 3897 4478 qui
3930 4417 4076 4479 putat

2502 4500 2759 4554 llomilias
2797 4499 2930 4553 duas
2978 4499 3028 4552 in
3073 4499 3200 4553 illud
3243 4499 3437 4553 Psalmi
3470 4500 3574 4565 48,
3608 4498 3690 4552 Ne
3715 4501 3936 4554 timueris
3967 4517 4079 4553 cum

2500 4597 2636 4650 dives
2677 4597 2840 4667 factus
2880 4594 3030 4665 fuerit
3060 4593 3208 4646 homo
3232 4635 3248 4660 ,
3280 4603 3382 4647 etc.
3409 4634 3423 4658 ,
3454 4593 3556 4647 hoc
3591 4593 3805 4648 circiter
3842 4603 4080 4663 tempore

2503 4689 2708 4742 habitas
2747 4685 2930 4740 fuisse.
2977 4686 3032 4739 In
3074 4685 3243 4754 prima
3283 4699 3409 4740 vero
3457 4694 3733 4755 postquam
3771 4684 4077 4738 divitiarum

2499 4779 2788 4831 vanitatem
2832 4775 3218 4844 descripserat,
3248 4775 3386 4830 dicta
3426 4789 3518 4829 sua
3554 4774 3809 4843 exemplis
3834 4787 4078 4840 compro-

2498 4871 2626 4926 bare
2667 4871 2873 4924 nititur.
2904 4867 3079 4923 Nostis
3104 4883 3188 4922 vas
3209 4911 3223 4934 ,
3254 4868 3452 4938 inquit,
3481 4869 3740 4920 innumera
3773 4865 3999 4932 exempla
4027 4865 4079 4917 in

2501 4963 2594 5016 hac
2621 4963 2740 5015 urbe
2768 4961 2900 5014 circa
2931 4961 3326 5031 intempestivam
3353 4956 3641 5028 hujusmodi
3671 4955 3956 5006 divitiarum
3987 4955 4079 5023 ja-

2497 5066 2693 5110 cturam
2726 5071 2744 5109 :
2772 5063 2816 5108 et
2855 5053 3135 5114 didicistis,
3176 5051 3366 5103 vivente
3405 5062 3682 5117 possessore
3723 5045 4077 5114 possessionem

2498 5148 2703 5221 periisse
2733 5163 2750 5200 :
2779 5146 3067 5200 divitiarum
3093 5143 3222 5196 enim
3253 5141 3368 5207 finis
3395 5148 3464 5190 est
3491 5138 3698 5189 mutatio
3724 5137 3775 5188 in
3803 5147 4079 5206 pauperta-

2497 5253 2614 5295 tem.
2643 5239 2907 5310 Perpende
2930 5238 3083 5307 igitur
3101 5249 3252 5304 quam
3273 5231 3428 5285 brevis
3457 5230 3521 5282 sit
3549 5229 3782 5297 temporis
3812 5233 4074 5296 possessio.

2497 5332 2634 5386 Nam
2673 5347 2929 5402 possessor
2965 5328 3084 5382 vivit
3119 5334 3228 5395 post
3256 5325 3516 5392 jacturam
3547 5321 3886 5389 possessionis.
3918 5323 4079 5390 Atque

2493 5425 2688 5476 utinam
2721 5423 2948 5492 periisset
2977 5415 3247 5487 possessio,
3280 5429 3434 5481 neque
3462 5412 3512 5464 in
3543 5409 3808 5478 perniciem
3847 5416 4076 5471 traxisset

2493 5516 2659 5585 ipsum
2685 5527 3016 5584 possessorem
3038 5509 3058 5560 .'
3087 5506 3206 5559 Non
3233 5505 3472 5557 erraveris
3499 5504 3668 5572 igitur,
3697 5503 3743 5556 si
3779 5505 3962 5561 dixeris
3989 5509 4072 5562 di-

2492 5608 2636 5660 vitias
2662 5622 2766 5659 esse
2792 5601 3114 5656 domesticum
3140 5597 3410 5666 ingratum,
3437 5594 3812 5664 sanguinarium
3841 5607 3885 5650 et
3914 5599 4076 5652 homi-

2491 5698 2678 5762 cidam,
2707 5693 3050 5753 domesticum,
3078 5689 3164 5758 qui
3193 5689 3244 5740 in
3282 5687 3729 5742 remunerationem
3758 5693 3875 5744 hero
3906 5709 4072 5744 necem

2491 5788 2663 5855 infert.
2697 5785 2796 5841 Ubi
2831 5780 3068 5849 Eutropii
3099 5779 3221 5833 olim
3252 5786 3512 5848 potestate
3539 5789 3591 5832 et
3618 5781 3805 5849 Opibus
3835 5782 4071 5836 ﬂorentis

2492 5880 2844 5934 calamitatem
2872 5884 2925 5930 et
2953 5887 3140 5928 necem
3179 5885 3594 5928 commemorare
3633 5876 3848 5930 omnino
3890 5875 4068 5928 viden.

2498 5980 2582 6025 tur
2609 5987 2622 6024 :
2651 5983 2855 6025 necnon
2885 5967 3109 6022 aliorum
3136 5964 3447 6034 multorum,
3467 5968 3553 6038 qui
3579 5983 3674 6041 per
3700 5968 3812 6024 haec
3834 5980 4065 6037 tempora
