4504 6722
481 556 583 614 133

478 671 936 744 Constantinopoli
974 670 1201 725 fortuna:
1234 656 1647 717 vicissitudinem
1681 659 1882 728 experti
1918 662 2059 710 sunt.

481 767 737 836 Quodque
778 753 1305 819 animadvertendum
1334 750 1432 821 (T.
1464 751 1516 805 5.
1554 765 1599 805 ε.
1631 751 1754 806 591.
1791 759 1837 804 et
1870 746 2054 836 seqq.),

482 861 569 913 tiic
597 835 731 928 pene
761 858 888 926 ipsis
916 849 1092 905 verbis
1117 846 1281 901 multa
1315 844 1541 914 repetit,
1568 859 1686 914 qua:
1714 844 1764 896 in
1796 839 1966 910 prima
1991 835 2058 892 de

485 950 739 1019 Eutropio
766 941 980 998 homilia
1007 937 1244 1008 pluribus
1272 935 1533 999 dicuntur,
1562 949 1766 990 necnon
1795 930 1946 985 initio
1975 943 2060 983 se-

480 1040 690 1109 quentis
718 1032 947 1088 homilia:
982 1029 1048 1082 de
1084 1026 1360 1095 Eutropio.
1400 1025 1530 1082 Hinc
1561 1027 1719 1081 etiam
1755 1032 1807 1078 ct
1840 1036 1904 1074 ex
1942 1019 2057 1073 aliis

479 1143 689 1200 quoque
726 1122 974 1194 probatur
1007 1118 1144 1173 hanc
1171 1117 1440 1173 homiliam
1466 1109 1920 1180 Constantinopoli
1956 1109 2058 1163 hoc

478 1219 692 1274 circiter
729 1223 968 1280 tempore
994 1209 1189 1264 dictam
1229 1208 1388 1265 fuisse
1407 1251 1420 1274 ,
1451 1217 1509 1263 ut
1539 1207 1719 1261 videas
1749 1205 1800 1257 in
1837 1200 2054 1255 Monito.

479 1312 536 1365 in
578 1309 678 1362 hac
717 1303 931 1359 homilia
973 1301 1306 1358 subindicare
1331 1301 1538 1356 videtur
1565 1299 1975 1366 Chrysostomus
1999 1304 2058 1344 se

476 1403 558 1457 bis
589 1400 642 1453 in
671 1395 1000 1452 hebdomada
1030 1394 1332 1450 eoncionari
1357 1393 1550 1447 solere.

547 1494 720 1547 Aliam
749 1506 960 1562 quoque
986 1491 1038 1545 in
1068 1490 1251 1546 eadem
1279 1486 1438 1543 verba
1470 1487 1520 1539 in
1550 1482 1816 1536 Psalmum
1840 1476 1907 1531 48
1931 1489 2060 1530 con-

474 1586 684 1640 cionem
714 1582 895 1639 habuit
922 1579 1379 1649 Constantinopoli
1410 1578 1460 1631 in
1492 1574 1677 1642 Magna
1716 1567 1940 1624 ecclesia
1961 1607 1975 1631 ,
2001 1576 2060 1620 ut

475 1679 530 1733 in
565 1677 716 1732 titulo
745 1676 930 1731 fertur.
972 1674 1101 1728 Erat
1141 1681 1316 1728 autem
1356 1671 1540 1738 Magna
1577 1662 1801 1719 ecclesia
1842 1660 1963 1722 illa,
2005 1658 2056 1711 in

474 1785 579 1842 qua
608 1768 931 1838 frequentius
963 1767 1240 1836 episcopus
1279 1757 1722 1819 concionabatur,
1751 1751 1932 1821 Magna
1960 1765 2056 1819 ap-

474 1862 669 1932 pellata
688 1902 703 1926 ,
731 1858 872 1929 quod
906 1858 1113 1912 caeteris
1141 1855 1366 1924 amplior
1400 1856 1557 1906 esset.
1591 1843 1946 1898 Concionatus
1974 1849 2059 1896 est

474 1962 684 2016 autem,
718 1960 994 2021 postquam
1033 1949 1166 2002 alius
1201 1961 1267 2000 ex
1314 1948 1528 2008 recepto
1571 1951 1721 1990 more
1762 1935 2055 1989 orationem

476 2045 768 2112 habuerat,
804 2043 1168 2099 brevissimam
1202 2037 1412 2109 quidem
1433 2075 1448 2100 ,
1479 2031 1571 2087 sed
1601 2045 1718 2101 qua:
1755 2030 2053 2084 auditorum

475 2137 662 2192 laudes
698 2141 996 2195 meruerat,
1026 2141 1080 2187 et
1111 2147 1140 2184 a
1167 2129 1549 2198 Chrysostomo
1586 2131 1644 2175 ut
1684 2121 1858 2190 magni
1899 2120 2056 2188 pretii

471 2226 790 2281 celebratur.
819 2225 945 2279 Post
969 2221 1224 2276 tumultus
1249 2229 1378 2271 vero
1406 2212 1658 2283 quosdam
1685 2210 2057 2264 Constantino-

476 2317 738 2386 politanos
764 2313 1156 2383 pronuntiatam
1183 2308 1348 2362 fuisse
1371 2304 1509 2358 hanc
1534 2301 1800 2356 homiliam
1823 2299 2057 2369 Chryso-

475 2416 682 2462 stomus
703 2403 801 2457 sub
826 2402 1031 2456 initium
1052 2399 1226 2454 docet.
1256 2397 1360 2466 Age
1381 2410 1521 2464 ergo,
1545 2392 1731 2461 inquit,
1755 2405 1845 2443 nos
1865 2405 2058 2457 quoque

474 2495 778 2549 tumultuum
801 2493 888 2561 qui
909 2493 1022 2563 jam
1050 2490 1391 2558 contigerunt,
1421 2485 1640 2554 procella
1670 2481 1895 2545 liberati,
1924 2490 2056 2532 tam-

473 2602 626 2654 quam
649 2583 934 2655 ﬂuvialibus
947 2580 1246 2653 quibusdam
1261 2579 1404 2649 aquis
1423 2593 1570 2630 aures
1600 2585 1796 2628 nostras
1823 2575 2056 2628 lectiones

477 2676 856 2745 Scripturarum
881 2673 1164 2726 abluamus.
1191 2671 1265 2724 De
1290 2683 1397 2740 quo
1425 2667 1652 2722 tumultu
1681 2673 1736 2718 et
1773 2663 2055 2734 perturba-

454 2767 707 2823 tionibus
744 2763 986 2835 quaadani
1027 2763 1156 2817 dicit
1187 2762 1345 2816 etiam
1375 2759 1617 2814 inferius.
1651 2755 1918 2811 Putaverit
1947 2754 2054 2808 for-

475 2867 618 2911 tasse
646 2855 902 2925 quispiam
947 2853 1034 2906 hic
1071 2851 1153 2921 agi
1192 2851 1259 2906 de
1292 2850 1470 2920 priore
1498 2847 1685 2904 exsilio
1705 2888 1720 2912 ,
1748 2846 1887 2916 quod
1913 2861 2053 2900 anno

475 2949 581 3004 405
603 2947 858 3016 contigit:
885 2954 940 3000 at
965 2944 1213 3000 libentius
1239 2941 1512 2998 crederem
1542 2941 1627 2994 hic
1652 2939 1795 3008 loqui
1825 2937 2054 3008 Chryso-

474 3051 703 3095 stomum
733 3039 801 3093 de
836 3038 996 3092 rebus
1025 3036 1283 3105 Eutropii,
1314 3034 1546 3102 itemque
1574 3031 1844 3086 Aureliani
1877 3041 1929 3085 et
1954 3029 2054 3085 Sa-

475 3129 672 3184 turnini
699 3127 1012 3196 optimatum
1033 3168 1048 3192 ,
1075 3125 1164 3194 qui
1189 3124 1371 3180 Gaina:
1395 3138 1555 3192 opera
1581 3130 1636 3176 et
1661 3121 1887 3175 tumultu
1919 3120 2056 3189 pulsi

473 3228 596 3274 sunt
625 3219 676 3273 in
699 3218 967 3281 exsilium,
993 3215 1166 3285 deque
1189 3214 1372 3270 Gaina:
1398 3212 1732 3277 defectione;
1762 3212 1942 3281 sicque
1963 3226 2059 3264 an-

474 3326 544 3366 no
568 3311 692 3374 401,
720 3309 805 3363 vel
833 3307 958 3373 402,
989 3306 1168 3362 habita
1193 3305 1353 3361 fuerit
1379 3303 1493 3359 haec
1513 3303 1723 3369 concio,
1746 3302 1847 3358 etsi
1873 3302 1924 3356 id
1950 3317 2057 3357 non

473 3397 696 3452 omnino
718 3403 927 3450 certum
953 3400 1058 3447 est.
1091 3391 1189 3445 Hic
1205 3405 1292 3444 res
1317 3402 1506 3443 omnes
1533 3388 1794 3442 humanas
1817 3386 2058 3442 umbram

475 3505 599 3545 esse
618 3488 768 3543 dicit.
796 3487 1002 3541 Luxum
1029 3497 1161 3540 vero
1188 3481 1908 3550 Constantinopolitanorum
1937 3493 2058 3534 nus-

473 3597 633 3653 quam
657 3582 728 3636 ita
745 3579 1024 3651 speciatim
1046 3577 1348 3646 descripsit,
1372 3585 1426 3631 et
1446 3583 1728 3644 postquam
1745 3572 2056 3628 ostenderat

472 3690 633 3744 quam
662 3672 896 3743 fugitiva:
922 3672 1032 3726 sint
1059 3684 1190 3738 opes
1217 3677 1272 3724 et
1296 3667 1516 3733 divitias,
1549 3664 1864 3720 concionem
1908 3662 2056 3719 clau-

474 3767 552 3821 dit
582 3764 669 3837 (T.
701 3766 755 3819 5.
778 3763 878 3818 col.
907 3764 1011 3818 515
1039 3772 1086 3816 et
1113 3760 1268 3832 sqq.).

546 3858 611 3914 S.
643 3854 964 3928 Epiphanius
988 3854 1456 3924 Constantinopolin
1483 3855 1637 3909 venit.
1663 3883 1734 3896 -—
1755 3853 1850 3909 llis
1874 3851 1959 3908 vel
1983 3852 2058 3907 si-

474 3949 687 4004 milibus
712 3947 1055 4004 concionibus
1080 3946 1258 4014 (Anno
1283 3945 1424 4015 403)
1447 3945 1691 4016 egregius
1715 3945 1802 4000 ille
1823 3944 2057 4000 Joannes

472 4042 618 4111 gregi
644 4056 740 4096 suo
770 4039 1032 4108 pascendo
1059 4037 1392 4106 advigilabat.
1421 4037 1750 4108 Theophilus
1776 4051 1905 4091 vero
1930 4037 2058 4090 Ale-

473 4125 763 4190 xandrinus
792 4131 996 4187 interea
1022 4145 1232 4186 omnem
1257 4129 1484 4199 lapidem
1513 4129 1797 4194 movebat,
1828 4137 1886 4182 ut
1912 4128 2058 4182 illum

473 4242 504 4279 e
532 4223 660 4280 sedc
689 4237 781 4278 sua
812 4219 1096 4277 detrudere
1129 4228 1327 4288 posset.
1373 4219 1672 4288 Epiphanio
1710 4226 1895 4272 auctor
1933 4218 2056 4284 fuit,

473 4324 534 4370 ut
555 4330 677 4370 cum
702 4314 820 4368 aliis
857 4311 1118 4382 episcopis
1149 4310 1644 4379 Constantinopolin
1672 4324 1731 4364 se
1755 4307 2056 4374 conferret,

471 4406 599 4460 dum
629 4405 742 4475 ipse
769 4403 834 4458 ad
872 4402 1012 4457 idem
1051 4402 1153 4456 iter
1187 4400 1580 4471 suscipiendum
1610 4415 1668 4456 se
1695 4399 2055 4469 comparabat.

475 4494 623 4552 llaud
663 4494 829 4548 multo
866 4502 990 4564 post
1032 4492 1359 4562 Epiphanius
1392 4507 1457 4547 ex
1499 4491 1669 4546 insula
1706 4491 1881 4561 Cypro
1914 4488 2056 4544 Con-

474 4584 850 4653 stantinopolin
873 4583 1039 4648 venit,
1063 4582 1368 4652 exemplum
1394 4581 1619 4637 atl’erens
1637 4581 1917 4652 Synodalis
1935 4594 2058 4634 sen-

474 4677 688 4740 tentias,
721 4689 825 4744 qua
862 4672 1029 4727 libros
1064 4671 1309 4741 Origenis
1341 4672 1720 4735 damnaverat;
1751 4680 1808 4726 et
1842 4685 1961 4725 cum
1989 4670 2056 4725 ad

474 4765 786 4838 martyrium
812 4779 905 4819 seu
934 4761 1215 4818 ecclesiam
1240 4760 1296 4816 S.
1323 4759 1542 4815 Joannis
1566 4760 1855 4830 appulisset
1879 4759 2052 4828 (Socr.

474 4863 512 4916 Ι.
537 4860 596 4915 6.
639 4875 688 4914 c.
719 4856 815 4928 12)
837 4900 854 4924 ,
884 4871 1004 4926 qua:
1045 4861 1248 4923 septem
1288 4867 1538 4922 passuum
1572 4851 1806 4907 millibus
1833 4852 1900 4906 ab
1926 4852 2057 4907 urbe

471 4952 735 5017 distabat,
763 4966 793 5007 e
827 4947 949 5004 navi
987 4959 1234 5017 egressus
1253 4985 1269 5008 ,
1295 4943 1377 4998 ibi
1404 4942 1626 5013 synaxin
1653 4942 1974 5009 celebravit,
2002 4951 2058 4998 et

473 5045 722 5100 ordinato
737 5040 931 5097 ibidem
953 5039 1197 5101 diacono,
1216 5036 1269 5090 in
1290 5035 1472 5090 urbem
1495 5033 1764 5104 ingressus
1783 5041 1883 5088 est.
1905 5033 2059 5088 Joan-

476 5155 570 5195 nes
592 5137 691 5194 etsi
717 5144 903 5192 contra
930 5132 1075 5204 leges
1099 5128 1487 5187 ecclesiasticas
1516 5127 1586 5182 ita
1616 5127 1808 5181 factum
1837 5141 1955 5183 esse
1978 5127 2058 5181 vi-

473 5229 636 5284 debat
657 5244 674 5294 ;
699 5227 750 5282 id
773 5237 948 5281 tamen
968 5231 1183 5294 propter
1200 5221 1300 5276 viri
1324 5217 1674 5275 reverentiam
1693 5217 2058 5285 dissimulans,

478 5318 832 5388 Epiphanium
861 5324 918 5369 ut
945 5316 996 5368 in
1022 5313 1223 5367 sedibus
1249 5313 1359 5367 suis
1394 5311 1751 5366 diversaretur
1783 5309 2055 5364 invitabat.

477 5410 570 5464 Ille
593 5426 738 5476 vero,
770 5420 828 5464 ut
851 5424 966 5464 rem
995 5405 1290 5474 Theophilo
1317 5411 1519 5474 gratam
1549 5403 1764 5470 faceret,
1792 5402 1932 5457 aliud
1958 5403 2058 5457 sibi

476 5500 803 5556 domicilium
849 5499 1075 5570 delegit,
1123 5497 1465 5564 collectisque
1511 5497 1759 5551 omnibus
1801 5497 1891 5566 qui
1937 5505 2060 5551 tunc

476 5592 933 5662 Constantinopoli
979 5597 1131 5648 erant
1165 5587 1448 5659 episcopis,
1480 5587 1874 5644 damnationem
1901 5588 2063 5644 libro-

479 5700 598 5739 rum
622 5683 869 5753 Origenis
891 5685 959 5740 ab
975 5700 1032 5740 se
1052 5684 1309 5755 prolatam
1338 5679 1464 5749 ipsis
1484 5680 1715 5734 ostendit
1732 5696 1793 5735 ac
1815 5681 1960 5750 legit.
1985 5683 2062 5737 Ac

483 5773 725 5831 nonnulli
765 5773 982 5843 quidem
1031 5776 1242 5830 illorum
1286 5771 1356 5828 ob
1394 5770 1673 5841 Epiphanii
1711 5773 2062 5828 reverentiam

483 5867 606 5924 huic
629 5867 845 5923 decreto
877 5866 1338 5936 subscripserunt;
1367 5864 1514 5920 multi
1544 5878 1670 5917 vero
1700 5862 1749 5916 id
1778 5861 1955 5920 facere
1980 5881 2064 5920 re-

486 5968 736 6017 cusarunt
763 5977 777 6015 :
807 5974 871 6014 ex
896 5972 1121 6028 quorum
1147 5974 1370 6015 numero
1397 5959 1490 6014 fuit
1521 5956 1828 6013 Theotimus
1858 5959 2061 6027 episco-

1672 540 1851 598 ΝυΝο
1889 536 2150 596 PRIMUM
2189 537 2575 597 ADORNATA.

3647 560 3742 612 lr’li

2169 674 2268 729 pus
2297 659 2550 730 Scythis,
2573 661 2662 729 qui
2688 661 2984 734 Epiphanio
3009 665 3302 733 respondit,
3328 667 3468 723 nolle
3495 684 3552 726 se
3581 673 3749 728 virum

2158 750 2267 820 jam
2295 751 2386 804 diu
2417 749 2502 818 pie
2525 749 2831 809 defunctum
2855 754 3174 810 contumelia
3200 756 3430 826 afficere,
3453 773 3614 828 seque
3634 779 3745 817 rem

2163 840 2378 909 impiam
2407 838 2664 895 facturum
2686 853 2893 911 putare,
2916 859 2962 899 sn
2983 859 3045 900 ea
3071 845 3468 914 condemnaret,
3497 865 3615 920 quae
3640 867 3750 904 mae

2157 931 2304 1000 jores
2324 931 2404 985 sui
2427 944 2534 984 non
2560 933 2992 1001 reprobaverant.
3015 935 3276 990 Nimirum
3302 939 3513 1005 putabat
3535 951 3750 995 sanctus

2160 1024 2242 1078 vir
2267 1039 2374 1078 non
2400 1022 2558 1078 unius
2585 1032 2784 1079 tantum
2810 1027 3046 1097 episc0pi
3073 1043 3192 1083 esse
3221 1027 3298 1083 sic
3326 1037 3564 1084 veterum
3587 1031 3750 1087 libros

2163 1115 2518 1184 proscribere,
2546 1115 2640 1170 sed
2671 1115 2721 1170 id
2748 1116 2814 1171 ad
2837 1126 2996 1172 totam
3027 1120 3317 1175 Ecclesiam
3346 1121 3399 1176 in
3429 1137 3589 1176 unum
3621 1139 3749 1178 coa.

2162 1217 2299 1263 ctam
2332 1208 2618 1277 pertinere.

2229 1301 2465 1358 Joannes
2506 1317 2670 1368 vero,
2710 1302 2809 1358 etsi
2849 1312 3032 1358 contra
3063 1303 3472 1361 ecclesiasticam
3507 1307 3747 1379 regulam

2162 1392 2275 1449 haec
2301 1394 2368 1450 ab
2393 1394 2690 1466 Epiphanio
2717 1397 2827 1451 fieri
2857 1396 3103 1464 videbat,
3137 1395 3447 1452 hortabatur
3476 1408 3650 1454 tamen
3678 1402 3745 1456 il-

2161 1483 2268 1539 lum
2304 1496 2361 1540 ut
2404 1489 2456 1542 in
2501 1489 2785 1557 episcopali
2815 1488 2974 1544 domo
3012 1499 3270 1545 maneret.
3307 1489 3500 1546 Verum
3531 1491 3617 1547 ille
3642 1509 3746 1547 non

2162 1593 2469 1633 mansurum
2498 1596 2556 1634 se
2584 1597 2704 1635 cum
2736 1581 2847 1644 illo,
2881 1597 3054 1650 neque
3087 1593 3425 1651 precaturum
3460 1583 3611 1650 dixit,
3645 1585 3746 1639 nisi

2164 1668 2475 1723 Dioscorum
2503 1669 2798 1740 fratresque
2823 1671 2938 1741 ejus
2963 1686 2995 1725 e
3021 1672 3231 1726 civitate
3268 1674 3518 1742 pelleret,
3547 1684 3602 1730 et
3633 1674 3746 1743 ipse

2162 1759 2590 1814 condemnationi
2629 1761 2886 1816 librorum
2914 1761 3159 1831 Origenis
3185 1778 3343 1817 manu
3375 1766 3584 1833 propria
3615 1767 3746 1820 sub-

2161 1853 2436 1908 scriberet.
2469 1853 2602 1908 Cum
2644 1862 2820 1908 autem
2864 1853 3097 1909 Joannes
3137 1854 3186 1907 id
3229 1853 3405 1919 facere
3434 1855 3629 1918 nollet,
3662 1859 3746 1910 ni-

2161 1945 2341 2015 hilque
2382 1952 2585 1999 temere
2623 1945 2885 2014 agendum
2927 1962 3046 2002 esse
3083 1947 3285 2002 diceret
3321 1959 3446 2004 ante
3483 1949 3747 2018 generalis

2159 2035 2378 2090 Concilii
2398 2035 2797 2100 definitionem;
2824 2036 3045 2091 Joannis
3068 2035 3264 2092 inimici
3290 2039 3429 2093 aliud
3453 2039 3747 2110 Epiphanio

2159 2137 2553 2196 suggesserunt.
2581 2127 2713 2183 Cum
2738 2128 3054 2184 celebranda
3080 2130 3297 2200 synaxis
3325 2141 3468 2186 esset
3497 2130 3548 2185 in
3577 2132 3748 2187 eccle-

2159 2218 2235 2270 sia
2265 2219 2639 2286 Apostolorum
2665 2260 2679 2283 ,
2726 2220 3021 2290 Epiphanio
3051 2229 3106 2274 ut
3146 2221 3199 2275 in
3235 2221 3468 2276 medium
3510 2221 3748 2291 prodiret

2159 2317 2473 2373 suaserunt,
2503 2318 2557 2364 et
2585 2324 2763 2364 coram
2791 2312 3038 2366 universo
3075 2313 3268 2380 populo
3297 2313 3540 2383 Origenis
3579 2313 3745 2368 libros

2160 2401 2574 2467 condemnaret,
2604 2402 2912 2457 Dioscorum
2938 2418 3060 2457 cum
3088 2405 3197 2458 suis
3225 2404 3742 2470 excommunicaret,

2160 2501 2214 2547 et
2238 2491 2494 2548 Joannem
2525 2502 2707 2563 utpote
2742 2495 2843 2549 illis
2883 2495 3146 2550 faventem
3188 2498 3588 2567 perstringerct.
3621 2498 3747 2554 llznc

2159 2582 2347 2638 Joanni
2388 2585 2622 2638 nuntiata
2651 2593 2808 2651 sunt,
2837 2587 2924 2655 qui
2957 2586 3211 2656 postridie
3239 2588 3536 2657 Epiphanio
3568 2589 3745 2644 eccle-

2158 2676 2288 2730 siam
2305 2676 2413 2745 jam
2438 2677 2681 2747 ingresso
2706 2694 2798 2745 per
2820 2678 3163 2748 Serapionem
3191 2680 3304 2735 haec
3327 2681 3611 2750 significari
3629 2681 3746 2749 jus-

2156 2768 2227 2821 sit
2255 2785 2268 2820 :
2297 2767 2439 2836 quod
2466 2783 2655 2837 nempe
2681 2769 2768 2824 ille
2798 2770 2960 2823 multa
2984 2780 3169 2825 contra
3197 2773 3405 2842 regulas
3429 2781 3632 2842 ageret,
3655 2772 3744 2842 qui

2157 2857 2208 2911 in
2239 2857 2478 2913 ecclesiis
2507 2858 2648 2922 suis,
2676 2875 2734 2913 se
2761 2860 2959 2923 inscio,
2991 2860 3377 2916 ordinationem
3405 2861 3627 2927 fecerit;
3655 2864 3743 2932 qui

2158 2947 2365 3014 iniussu
2406 2961 2503 3002 suo
2545 2949 2597 3003 in
2642 2949 2829 3004 iisdem
2875 2951 3115 3005 ecclesiis
3159 2953 3443 3007 missarum
3489 2954 3747 3008 solemnia

2157 3036 2478 3101 celebrarit;
2516 3038 2603 3105 qui
2645 3038 2774 3092 olim
2819 3039 3073 3093 invitatus
3116 3040 3207 3095 illo
3251 3043 3436 3097 venire
3482 3043 3744 3110 uoluerit,

2161 3146 2301 3186 nunc
2333 3145 2463 3184 vero
2493 3130 2546 3185 id
2574 3131 2674 3185 sibi
2715 3131 2830 3201 ipse
2870 3132 3188 3200 permiserit.
3216 3134 3416 3190 Cavere
3451 3143 3628 3191 autem
3656 3151 3745 3191 ro-

2160 3223 2315 3294 gabat
2340 3237 2410 3277 ne
2439 3222 2692 3276 tumultus
2725 3223 2998 3277 excitaret.

2233 3314 2296 3368 S.
2328 3312 2648 3384 Epiphanius
2672 3315 2904 3367 moritur.
2933 3345 3006 3354 —
3036 3313 3128 3369 His
3150 3314 3342 3369 auditis
3373 3316 3589 3371 territus
3616 3316 3742 3386 Epi-

2160 3404 2384 3474 phanius
2407 3445 2422 3468 ,
2455 3402 2523 3458 ab
2551 3403 2776 3457 ecclesia
2805 3403 3080 3467 discessit,
3107 3413 3163 3459 et
3190 3406 3257 3459 de
3281 3406 3486 3461 Joanne
3512 3409 3745 3476 graviter

2158 3502 2478 3563 conquestus
2501 3535 2516 3560 ,
2546 3491 2778 3565 Cyprum
2807 3494 3164 3565 adnavigavit.
3197 3497 3362 3550 Erant
3389 3502 3478 3566 qui
3508 3498 3747 3554 dicerent

2158 3584 2508 3654 Epiphaniam
2533 3624 2549 3651 ,
2595 3599 2718 3638 cum
2765 3585 2940 3638 navim
2984 3600 3375 3642 conscensurus
3413 3596 3593 3656 esset,
3633 3587 3746 3644 haec

2157 3673 2345 3730 Joanni
2383 3673 2726 3730 denuntiasse
2759 3693 2772 3728 :
2809 3675 2980 3747 Spero
3019 3685 3072 3731 te
3119 3691 3226 3732 non
3268 3678 3579 3734 moriturum
3626 3695 3746 3736 esse

2160 3765 2506 3834 episcopum;
2548 3765 2916 3837 Joannemque
2958 3767 3188 3823 vicissim
3232 3768 3306 3824 illi
3352 3771 3690 3839 respondisse
3727 3791 3743 3826 :

2162 3855 2332 3925 Spero
2361 3865 2415 3911 tc
2452 3871 2558 3912 non
2589 3865 2964 3926 perventurum
2994 3872 3113 3914 esse
3147 3859 3200 3913 in
3239 3861 3485 3928 patriam.
3512 3861 3594 3916 An
3619 3876 3744 3917 vera

2163 3946 2396 4002 narratio
2423 3946 2492 4000 sit
2520 3946 2761 4002 dubitant
2788 3946 3033 4002 Socrates
3058 3956 3114 4003 et
3141 3948 3492 4008 Sozomenus.
3524 3949 3746 4021 Utrique

2163 4045 2308 4092 certe
2337 4037 2638 4105 huiusmodi
2667 4038 2842 4093 exitus
2870 4038 3090 4107 contigit
3117 4055 3130 4090 :
3159 4053 3282 4094 nam
3309 4055 3482 4111 neque
3512 4041 3746 4112 Epipha-

2164 4128 2285 4183 nius
2307 4128 2359 4182 in
2381 4128 2613 4200 Cyprum
2637 4128 2869 4198 appulit;
2893 4137 3014 4199 post
3032 4128 3322 4184 discessum
3345 4132 3484 4186 enim
3507 4141 3747 4187 mortuus

2165 4229 2248 4277 est
2275 4223 2327 4275 in
2363 4221 2484 4275 navi
2514 4239 2527 4276 :
2559 4220 2792 4275 Joannes
2819 4235 2946 4276 vero
2976 4230 3159 4288 postea
3200 4237 3264 4276 ex
3304 4223 3591 4292 episcopali
3620 4224 3748 4279 sede

2163 4312 2347 4382 pulsus
2379 4321 2496 4378 est,
2534 4320 2693 4381 atque
2724 4312 2778 4365 in
2813 4311 2986 4365 exsilii
3017 4312 3134 4366 loco
3169 4311 3310 4366 diem
3343 4313 3533 4368 clausit
3564 4322 3745 4369 extre-

2161 4417 2327 4456 mum.

2231 4490 2737 4546 AdditSozomenus
2765 4489 3011 4560 (Sozam.
3038 4491 3077 4544 ι.
3109 4491 3163 4545 8.
3194 4507 3241 4547 c.
3278 4490 3374 4564 15)
3400 4491 3740 4547 Ammonium

2161 4589 2489 4650 caeterosque
2531 4580 2746 4634 Fratres
2785 4580 2998 4650 Longos
3033 4580 3388 4651 Epiphanium
3431 4583 3657 4648 adiisse,
3683 4599 3746 4638 ac

2161 4671 2470 4742 quaesivisse
2499 4669 2566 4725 ab
2595 4671 2686 4726 illo
2704 4669 2832 4742 quid
2854 4685 3027 4726 causa:
3048 4682 3189 4727 esset
3217 4688 3312 4727 cur
3337 4673 3480 4742 ipsos
3501 4683 3557 4728 ut
3576 4675 3742 4729 luere-

2165 4764 2300 4819 ticos
2352 4762 2606 4830 haberet;
2656 4777 2776 4817 cum
2823 4761 3189 4831 respondisset
3228 4763 3554 4831 Epiphanius
3596 4779 3655 4818 se
3693 4764 3744 4820 id

2164 4855 2345 4910 auditu
2367 4854 2658 4925 accepisse,
2681 4853 3018 4907 Ammonium
3039 4868 3100 4907 ea
3128 4853 3179 4906 in
3205 4852 3566 4909 defensionem
3595 4869 3743 4909 suam

2163 4946 2468 5016 protulisse,
2498 4960 2616 5014 qua:
2641 4944 2813 5013 ipsum
2844 4942 3102 4997 leniorem
3133 4942 3481 5011 reddiderint,
3509 4959 3572 5000 ac
3596 4945 3743 5000 brevi

2166 5046 2351 5109 postea
2377 5035 2607 5108 Cyprum
2637 5034 2934 5103 navigasse,
2965 5033 3076 5088 sive
3104 5034 3247 5105 quod
3271 5033 3727 5106 ConstantinOpoli

2165 5137 2304 5184 tante
2341 5125 2679 5198 profectionis
2719 5124 2888 5194 ipsum
2928 5125 3232 5194 paeniteret,
3276 5127 3388 5181 sive
3425 5128 3565 5196 quod
3607 5128 3746 5182 Deus

2165 5232 2392 5278 mortem
2419 5234 2568 5275 suam
2598 5219 2742 5272 brevi
2770 5216 3000 5272 futuram
3031 5219 3128 5288 ipsi
3157 5220 3580 5288 prmnuntiasset.
3612 5216 3742 5273 Cum

2166 5326 2342 5371 autem
2365 5314 2536 5368 navim
2559 5325 2948 5364 conscensurus
2973 5319 3134 5374 esset,
3157 5310 3438 5379 episcopis,
3462 5311 3551 5378 qui
3575 5311 3744 5379 ipsum

2167 5409 2232 5462 ad
2278 5408 2425 5461 littus
2466 5418 2632 5473 usque
2673 5403 2984 5474 prosequuti
3027 5402 3253 5465 fuerant,
3293 5401 3492 5456 dixisse
3537 5401 3746 5459 fertur:

2167 5497 2369 5554 Urbem
2392 5469 2617 5548 vobis—et
2644 5469 2901 5546 Palatium
2933 5501 2986 5546 et
3012 5506 3222 5545 scenam
3249 5491 3531 5560 relinquo:
3566 5502 3744 5562 atque,
3811 5469 3830 5488 ⁴

2169 5601 2227 5646 ut
2265 5590 2512 5647 diximus,
2550 5594 2833 5656 antequam
2869 5585 3095 5655 Cyprum
3134 5581 3469 5652 advenisset,
3508 5597 3747 5641 mortuus

2169 5692 2268 5740 est.

2237 5771 2476 5827 Eudoxio
2499 5769 2728 5840 Augusta
2749 5771 2800 5824 in
2827 5768 3239 5840 C/zrysostontum
3275 5769 3496 5823 incensa.
3523 5798 3595 5810 —
3623 5769 3749 5826 Post

2172 5863 2448 5936 Epiphanii
2496 5863 2787 5919 discessum
2809 5905 2824 5927 ,
2868 5861 3090 5931 contigit
3117 5873 3174 5917 ut
3202 5863 3432 5920 Joannes
3466 5878 3563 5931 pro
3601 5879 3749 5919 more

2173 5975 2269 6015 suo
2305 5955 2652 6020 concionans,
2691 5967 2870 6014 contra
2918 5958 3168 6013 mulieres
3211 5957 3366 6010 multa
3409 5956 3742 6023 profunderet
