4504 6706
786 554 887 611 195

781 667 798 724 ί
827 663 975 713 Socr.
1005 693 1042 712 ..
1075 660 1126 712 6.
1169 675 1215 712 c.
1243 659 1345 726 I5)
1379 675 1392 709 :
1424 665 1477 710 et
1514 668 1638 708 vero
1682 667 1823 721 saepe
1861 653 2008 706 iilum
2044 653 2266 706 vidimus
2304 651 2357 704 in

778 752 1130 806 concionibus
1151 750 1428 804 mulierum
1459 749 1659 812 luxum,
1690 744 1882 799 fastum
1910 755 2203 812 czeteraque
2234 741 2358 794 vitia

782 846 1158 900 insectantem.
1191 842 1495 897 Orationem
1528 843 1595 895 ita
1629 840 1814 908 vulgus
1839 842 2070 909 excepit,
2098 853 2158 890 ac
2179 837 2222 889 si
2250 837 2360 887 Au-

779 945 988 1003 gustam
1018 933 1107 989 ille
1134 933 1530 1002 perstringeret.
1574 930 1719 984 Tunc
1758 930 1826 994 ii,
1865 931 1954 998 qui
1984 930 2360 997 Chrysostomo

782 1024 975 1079 infensi
1002 1034 1188 1091 erant,
1225 1039 1338 1078 rem
1380 1023 1444 1076 ad
1484 1024 1771 1090 Augustam
1819 1023 2074 1076 referunt.
2105 1021 2194 1074 Illa
2221 1015 2360 1086 apud

783 1115 1160 1184 Imperatorem
1183 1125 1492 1184 conquesta,
1525 1114 1876 1184 Theophilum
1907 1130 2093 1185 urgere
2117 1113 2276 1181 coepit
2303 1120 2363 1166 ut

783 1209 1172 1275 quamprimum
1200 1205 1402 1258 veniret
1428 1214 1480 1258 et
1505 1203 1775 1276 Synodum
1801 1213 2164 1275 congregaret.
2198 1203 2250 1256 Id
2279 1218 2364 1256 ne-

783 1297 910 1364 gotii
950 1300 1108 1349 etiam
1140 1296 1486 1365 promovebat
1531 1297 1848 1350 Severianus
1888 1295 2232 1358 Gabalensis,
2273 1294 2362 1363 qui

783 1402 903 1440 cum
934 1385 1321 1457 Chrysostomo
1347 1388 1589 1441 simulate
1629 1388 1996 1440 reconciliatus
2032 1386 2230 1438 nullam
2271 1401 2363 1441 ne-

782 1479 1016 1550 gligebat
1045 1480 1144 1550 ipsi
1176 1480 1399 1535 nocendi
1425 1479 1780 1533 occasionem.
1813 1478 1975 1531 Erant
2000 1478 2087 1530 alii
2119 1478 2267 1531 multi
2297 1494 2360 1531 ex

785 1571 945 1626 Clero
967 1586 1089 1640 erga
1115 1571 1370 1625 Joannem
1393 1569 1531 1623 male
1551 1568 1744 1631 affecti,
1772 1578 1826 1621 ut
1848 1568 2092 1630 vidimus,
2113 1569 2200 1637 qui
2225 1569 2364 1636 apud

787 1659 1139 1729 Theophilum
1188 1659 1486 1724 instabant,
1535 1668 1591 1712 ut
1628 1659 1942 1726 quantocius
1978 1659 2202 1712 veniret.
2251 1659 2366 1727 Ipse

788 1763 911 1803 vero
937 1748 1148 1804 tandem
1178 1749 1443 1816 profectus
1466 1757 1548 1802 est
1578 1747 1872 1818 (Chrysost.
1909 1750 1976 1802 ad
2012 1747 2190 1801 Innoc.
2232 1759 2270 1801 ι.
2311 1750 2364 1802 3.

789 1858 838 1896 c.
865 1842 970 1898 530
1002 1840 1054 1911 ),
1081 1848 1280 1896 etcum
1311 1840 1531 1910 jubente
1557 1839 1879 1909 lmperatore
1905 1839 2049 1893 solus
2074 1840 2254 1893 venire
2276 1841 2369 1893 de-

788 1931 1028 1997 buisset,
1067 1946 1188 1986 cum
1230 1932 1410 1985 multis
1451 1940 1628 1985 tamen
1673 1931 1790 1984 aliis
1835 1931 2097 1999 episcOpis
2123 1930 2284 1992 venit,
2315 1937 2369 1981 et

788 2021 987 2078 dixisse
1012 2022 1180 2078 fertur
1204 2040 1218 2076 :
1242 2022 1298 2076 In
1324 2021 1642 2077 Comitatum
1677 2023 2000 2092 proficiscor,
2034 2031 2089 2074 ut
2109 2020 2363 2074 Joannem

787 2120 1079 2187 deponam.
1115 2113 1284 2188 Quam
1310 2133 1422 2174 rem
1452 2114 1504 2174 in
1533 2112 1693 2190 Lycia
1709 2132 1921 2185 quoque
1953 2114 2204 2184 repetiit;
2236 2127 2362 2165 nam

787 2214 1021 2280 pedestri
1046 2211 1236 2264 itinere
1267 2209 1658 2264 Chalcedonem
1685 2207 1846 2270 venit,
1876 2206 2156 2278 {Egyptios
2189 2215 2366 2260 autem

786 2306 1063 2370 episcopos
1085 2301 1577 2370 Constantinopolin
1603 2301 1850 2370 navigare
1866 2301 2046 2369 jussit.
2069 2299 2362 2354 Chalcedo-

788 2408 907 2448 nem
950 2402 1126 2448 autem
1169 2407 1290 2447 cum
1317 2393 1570 2457 venisset,
1612 2407 1676 2446 eo
1719 2407 1776 2446 se
1823 2391 2162 2445 contulerunt
2207 2392 2370 2444 etiam

788 2482 877 2537 alii
896 2483 1154 2553 episcopi,
1185 2492 1298 2537 tum
1323 2498 1353 2537 a
1378 2483 1674 2553 TheOphilo
1703 2493 1812 2536 tum
1841 2484 1908 2536 ab
1935 2483 2257 2551 Imperatore
2279 2497 2368 2535 ac-

787 2575 880 2630 citi
916 2592 930 2629 :
960 2591 1158 2632 venere
1207 2591 1416 2646 quoque
1462 2576 1693 2647 A‘Zgyptii
1739 2577 1984 2646 (Sozam.
2028 2577 2062 2628 ι.
2104 2576 2156 2630 8.
2199 2591 2244 2628 c.
2281 2576 2367 2629 I6.

792 2668 940 2721 Socr.
972 2669 1008 2721 ι.
1040 2670 1090 2723 6.
1119 2685 1164 2722 c.
1193 2666 1321 2739 I5).
1363 2667 1603 2737 Cumque
1630 2669 1858 2722 universi
1900 2668 2054 2720 simul
2094 2668 2373 2719 convenis-

788 2769 929 2825 sent,
957 2760 1092 2814 inter
1129 2775 1190 2814 se
1229 2759 1602 2813 consultabant
1628 2775 1730 2826 qua
1761 2759 1966 2813 ratione
1995 2758 2124 2826 ipsis
2149 2767 2371 2813 conatus

787 2847 1045 2904 adversus
1067 2848 1324 2904 Joannem
1352 2865 1417 2905 ex
1441 2861 1565 2904 voto
1588 2850 1918 2905 succederet.
1947 2850 2074 2904 Erat
2101 2858 2228 2904 tunc
2256 2852 2370 2919 epi-

791 2955 985 3010 scopus
1011 2941 1358 2997 Chalcedonis
1396 2943 1620 3013 Cyrinus
1645 2984 1659 3008 ,
1701 2959 1896 3012 genere
1925 2943 2237 3013 Egyptius,
2278 2943 2369 3011 qui

794 3031 960 3086 multa
1006 3041 1191 3088 contra
1233 3032 1491 3088 Joannem
1539 3034 1932 3097 deblaterabat,
1977 3035 2194 3102 impium
2225 3033 2370 3087 illum

791 3135 1023 3187 vocans,
1051 3132 1386 3194 arrogantem
1409 3132 1462 3178 et
1491 3124 1898 3186 inexorabilem,
1925 3139 2036 3177 rem
2067 3131 2268 3192 gratam
2296 3123 2373 3176 fa-

787 3213 938 3267 ciens
973 3213 1094 3268 aliis
1131 3214 1395 3285 episc0pis
1431 3213 1650 3267 Joannis
1681 3213 1926 3266 inimicis.
1969 3213 2074 3268 Sed
2105 3212 2374 3268 lllaruthas

787 3301 1180 3373 Mesopotamia:
1198 3303 1502 3375 episcopus,
1535 3303 1671 3358 forte
1698 3302 2026 3372 imprudens,
2057 3302 2246 3372 pedem
2276 3303 2377 3376 Cy-

788 3392 895 3448 rini
920 3394 1160 3448 calcavit.
1203 3394 1294 3450 Ille
1334 3410 1400 3450 eo
1426 3395 1642 3449 vulnere
1678 3395 1910 3465 graviter
1947 3394 2204 3462 affectus,
2235 3394 2374 3450 Con-

788 3483 1170 3554 stantinopolin
1204 3499 1325 3539 cum
1353 3485 1573 3554 reliquis
1601 3485 1865 3554 episcopis
1897 3484 2242 3540 transfretare
2268 3501 2374 3541 non

791 3576 988 3645 potuit;
1017 3576 1110 3630 sed
1133 3577 1245 3646 ipse
1270 3579 1466 3631 mansit
1492 3577 1852 3643 Chalcedone,
1884 3579 2063 3633 caeteri
2085 3594 2214 3632 vero
2233 3577 2375 3633 Con-

788 3667 1168 3737 stantinopolin
1195 3668 1533 3736 trajecerant.
1565 3667 1679 3722 Etsi
1708 3683 1868 3737 porro
1896 3684 1960 3722 ex
1990 3669 2198 3723 clericis
2228 3671 2370 3723 Con-

788 3756 1271 3827 stantinopolitanis
1295 3757 1444 3812 multi
1466 3766 1620 3812 erant
1637 3757 1826 3812 Joanni
1851 3759 2061 3825 infensi,
2084 3759 2225 3830 quod
2246 3761 2370 3813 vitia

788 3861 976 3902 eorum
1005 3848 1344 3918 redargueret
1367 3860 1421 3904 et
1451 3850 1737 3904 emendare
1757 3861 2053 3920 satageret;
2087 3852 2260 3906 nullus
2291 3861 2369 3906 ta-

785 3957 913 3998 men
936 3959 966 3999 e
987 3943 1142 3999 CIero
1165 3945 1377 3999 obviam
1405 3945 1700 4015 Theophila
1721 3947 1885 4010 venit,
1914 3962 2085 4015 neque
2115 3947 2371 4001 honorem

788 4046 1102 4091 consuetum
1123 4037 1222 4106 ipsi
1242 4038 1510 4097 exhibuit;
1534 4039 1708 4107 palam
1728 4038 1867 4092 enim
1889 4038 2108 4092 Joannis
2128 4039 2374 4092 inimicus

789 4127 1214 4196 agnoscebatur:
1246 4126 1385 4182 unde
1411 4127 1651 4181 fortassis
1675 4127 1870 4190 evenit,
1892 4135 1948 4180 ut
1967 4127 2058 4196 qui
2085 4128 2228 4196 paria
2252 4142 2376 4180 cum

791 4216 885 4271 illo
905 4215 1224 4282 sentiebant,
1256 4233 1360 4271 non
1386 4216 1643 4272 auderent
1669 4232 1848 4272 coram
1875 4218 2087 4287 populo,
2110 4233 2233 4286 erga
2260 4231 2374 4272 san-

788 4316 934 4362 ctum
978 4308 1260 4378 praesulem
1301 4309 1501 4378 Optime
1545 4308 1774 4375 affecto,
1822 4309 2065 4377 concepti
2119 4309 2375 4363 adversus

789 4399 936 4454 illum
988 4399 1095 4454 odii
1140 4400 1287 4471 signa
1328 4400 1476 4454 dare.
1528 4400 1725 4454 Verum
1771 4409 1944 4453 nauta:
1994 4400 2370 4465 Alexandrini,

788 4505 1012 4561 quorum
1039 4490 1394 4546 frumentaria:
1415 4506 1577 4546 naves
1598 4492 1732 4546 forte
1752 4491 1994 4557 aderant,
2019 4492 2204 4545 faustis
2226 4492 2373 4546 illum

789 4582 1259 4636 acclamationibus
1285 4597 1562 4650 excepere.

860 4671 1172 4741 Theophilus
1237 4672 1702 4741 Constantiiwpolin
1751 4675 1902 4726 venit.
1939 4703 2009 4713 ——
2049 4674 2376 4743 Theophilus

788 4776 938 4830 ergo,
976 4762 1063 4831 qui
1094 4776 1225 4816 auro
1254 4770 1306 4814 et
1331 4763 1572 4830 pretiosis
1603 4763 1761 4815 rebus
1797 4762 2124 4832 {Egyptiacis
2153 4775 2204 4817 et
2233 4765 2377 4818 Indi-

791 4853 871 4905 cis
890 4862 1111 4907 onustus
1128 4851 1397 4917 veniebat,
1425 4861 1480 4906 ut
1502 4852 1702 4906 amicos
1728 4853 1825 4907 sibi
1859 4863 2090 4923 pararet,
2123 4854 2379 4908 Constan-

801 4938 1058 5006 tin0polin
1082 4939 1353 5006 ingressus
1374 4948 1456 4992 est
1477 4955 1662 4992 mense
1687 4939 1900 4992 circiter
1919 4940 2103 4993 Junio.
2126 4940 2380 4997 IIortatus

801 5042 886 5084 est
913 5031 1062 5084 illum
1085 5030 1338 5096 Joannes,
1364 5043 1421 5086 ut
1445 5033 1580 5102 apud
1603 5048 1662 5087 se
1685 5034 2052 5090 diversaretnr
2081 5051 2202 5091 cum
2241 5040 2374 5103 suis,

801 5123 854 5174 in
887 5121 1218 5176 domicilium
1251 5139 1441 5193 nempe
1468 5137 1781 5194 apparatum
1811 5138 1867 5183 et
1907 5131 2224 5185 necessariis
2255 5147 2375 5186 om-

799 5214 956 5268 nibus
988 5216 1303 5270 instrttctum
1324 5217 1555 5288 (Pallad.
1574 5239 1625 5286 p.
1646 5221 1731 5275 64.
1755 5224 1867 5291 05).
1885 5223 2082 5278 Reuuit
2107 5225 2215 5290 ille,
2239 5235 2376 5280 etne

800 5311 850 5360 in
881 5309 1163 5364 ecclesiam
1196 5309 1410 5379 quidem
1444 5313 1644 5380 ingredi
1678 5314 1870 5377 voluit;
1900 5317 1993 5369 sed
2023 5317 2373 5384 iuquamdam

799 5399 1130 5467 Iniperialcm
1161 5403 1379 5456 domum
1398 5403 1617 5459 divertit
1641 5405 1924 5477 (Clirysosl.
1952 5409 2019 5459 ad
2043 5409 2228 5462 lnnoc.
2261 5421 2297 5462 ι.
2317 5411 2372 5467 3.

797 5509 840 5546 ς.
859 5492 1038 5546 530.1.
1062 5495 1094 5548 5
1112 5505 1159 5548 et
1179 5497 1333 5567 ειμι),
1359 5514 1477 5568 qum
1497 5498 1799 5554 Placidiana
1824 5500 2190 5569 appellabatur
2218 5518 2231 5553 :
2267 5503 2375 5560 imo

799 5590 1057 5645 Joannem
1105 5605 1387 5658 numquam
1438 5588 1618 5644 videre
1653 5587 1734 5641 vel
1780 5587 1972 5657 alloqui
2011 5587 2191 5640 voluit.
2220 5585 2375 5655 Saspe

801 5683 942 5736 illum
986 5679 1215 5735 Joannes
1260 5683 1430 5749 rogari
1475 5681 1678 5735 curavit
1720 5694 1788 5732 an
1833 5679 1956 5748 quid
1997 5677 2210 5732 fecisset
2240 5678 2373 5748 ipse,

797 5774 933 5842 quod
963 5775 1033 5828 illi
1064 5771 1368 5842 displiceret
1394 5815 1407 5839 ,
1439 5788 1498 5828 se
1539 5771 1605 5826 ad
1649 5772 1825 5826 omnia
1855 5770 2182 5826 emendanda
2215 5785 2371 5839 para-

796 5874 908 5919 tum
939 5881 1056 5921 esse
1082 5881 1424 5926 asseverans;
1475 5865 1565 5920 sed
1600 5865 1792 5918 obnixe
1821 5865 2132 5934 supplicanti
2174 5881 2239 5918 ne
2285 5879 2372 5917 re-

799 5956 1063 6028 spondere
1130 5952 1352 6024 quidem
1424 5950 1510 6005 ille
1561 5949 1809 6020 dignatus
1876 5958 2000 6017 cst;
2067 5965 2185 6022 qua:
2236 5961 2368 6001 sane

1880 540 1935 594 S.
1976 539 2253 596 JOANNIS
2278 538 2415 595 CIIR
2437 539 2764 595 γεοςγοιιι
2805 538 2986 602 VITA.

3944 521 4037 570 ille

2466 652 2701 702 ferocem
2735 653 3003 705 hominem
3030 661 3084 707 et
3111 649 3493 708 intractabilem
3522 646 3685 704 fuisse
3713 659 3954 715 arguant.

2545 741 2747 798 Interea
2771 756 3025 813 urgebant
3054 748 3334 818 Theophili
3377 757 3730 813 accusatores,
3771 755 3857 816 qui
3901 751 4037 802 irru-

2470 838 2746 906 ptioncm,
2804 839 2974 891 caedes
3023 851 3077 893 et
3121 844 3222 896 alia
3270 845 3541 897 innumera
3589 841 3686 909 ipsi
3724 840 4038 907 objicieban:

2473 927 2705 997 (Pallad.
2740 949 2790 1000 p.
2831 930 2916 983 I2.
2955 932 3075 998 15).
3105 935 3216 998 Qua
3244 952 3300 989 re
3327 945 3594 1004 comperta
3624 935 3912 1001 Imperator
3940 936 4041 984 Ar-

2471 1021 2653 1074 cadius
2693 1021 2946 1075 Joannetn
2992 1023 3267 1079 advocavit
3296 1028 3583 1097 (Chrysost.
3617 1027 3682 1077 ad
3710 1024 3888 1077 Iunoc.
3920 1035 3955 1074 ι.

2479 1128 2524 1162 c.
2555 1111 2650 1165 551
2677 1113 2716 1180 ),
2737 1112 2996 1180 jussitque
3024 1113 3167 1166 illum
3195 1115 3261 1168 de
3290 1132 3446 1170 causa
3481 1116 3752 1184 Theophili
3781 1116 4037 1184 judicare,

2469 1219 2625 1271 quem
2668 1215 2723 1258 ut
2765 1205 3043 1258 scelestum
3089 1208 3239 1259 multi
3289 1208 3617 1263 incusabant.
3659 1209 3889 1263 Joannes
3916 1223 4042 1260 vero

2472 1309 2576 1348 non
2608 1296 2672 1348 ad
2699 1311 2756 1349 se
2787 1297 3049 1364 pertinere
3075 1295 3205 1347 dixit
3225 1297 3291 1349 de
3313 1298 3589 1365 Theophili
3613 1299 4042 1368 gestisjudiciun‘.

2472 1386 2630 1446 ferre,
2668 1385 2760 1438 sed
2788 1385 2850 1438 ad
2882 1385 3245 1453 Egypliorum
3285 1391 3568 1453 priesulum
3595 1390 3866 1460 Synodum
3896 1410 3908 1442 :
3937 1406 4041 1444 nun

2473 1477 2610 1544 quod
2641 1479 2906 1546 ignoraret
2935 1478 3022 1530 ille
3054 1492 3208 1543 posse
3243 1476 3612 1544 Theophilum,
3645 1483 3742 1534 etsi
3766 1482 4042 1550 praesulem

2473 1568 2925 1632 Alexandrinum,
2971 1584 2999 1620 a
3043 1565 3276 1620 Concilio
3327 1568 3669 1622 Orientalium
3719 1575 3949 1639 generali
3991 1575 4042 1627 in

2473 1673 2684 1711 causam
2711 1661 2880 1712 vocari
2904 1669 2955 1711 et
2977 1658 3244 1723 damnari;
3273 1659 3366 1713 sed
3393 1675 3459 1714 ex
3485 1661 3760 1730 Theophili
3783 1667 3958 1732 gestis,
3981 1683 4040 1722 ex

2474 1748 2539 1801 iis
2568 1764 2757 1817 nempe
2782 1765 2899 1818 qua:
2926 1760 3324 1817 prwcesserant,
3356 1767 3423 1805 ex
3447 1754 3674 1806 motibus
3702 1769 3834 1823 quos
3863 1755 4036 1810 hacte-

2473 1853 2572 1891 nus
2597 1841 2971 1902 concitaverat,
2993 1855 3058 1893 ex
3078 1839 3282 1894 vafritie
3306 1851 3359 1895 et
3386 1843 3672 1898 calliditate
3695 1861 3795 1913 qua
3816 1847 3896 1899 vel
3917 1862 4044 1900 auio

2472 1937 2526 1980 et
2556 1931 2862 1984 muneribus
2882 1971 2896 1994 ,
2925 1931 3008 1985 vel
3047 1931 3161 1985 aliis
3199 1933 3401 1986 artibus
3439 1936 3631 1986 multos
3664 1937 3762 1989 sibi
3792 1939 4048 1990 concilia-

2472 2032 2640 2083 verat,
2667 2023 3023 2091 prOSpiciebat
3050 2023 3280 2078 Joannes
3309 2025 3423 2078 fore
3451 2034 3506 2078 ut
3525 2067 3542 2090 ,
3571 2026 3615 2078 si
3644 2027 3968 2096 TheOphilus
3994 2031 4046 2083 in

2471 2110 2691 2185 Synodo
2717 2113 3078 2179 damnaretur,
3102 2131 3386 2185 numquam
3416 2116 3504 2170 ille
3527 2119 3922 2186 acquiesceret,
3953 2121 4048 2174 sed

2473 2209 2714 2278 ingentes
2744 2210 2925 2267 turbas
2951 2211 3314 2267 concitaturus
3339 2217 3501 2262 esset.

2544 2301 2870 2372 Theophilus
2910 2313 3094 2357 contra
3133 2305 3264 2357 nihil
3308 2321 3412 2358 non
3458 2306 3647 2375 agebat
3691 2307 3750 2360 ut
3793 2298 4048 2361 Joannem

2477 2410 2581 2448 non
2623 2395 2780 2448 modo
2817 2396 3073 2464 pelleret,
3120 2397 3210 2450 sed
3259 2407 3310 2451 et
3349 2400 3460 2467 ipsa
3501 2401 3607 2452 vita
3655 2403 3916 2469 privaret,
3962 2402 4047 2454 in-

2475 2485 2588 2553 quit
2632 2485 2896 2539 I’alladius
2936 2487 3036 2555 (p.
3065 2488 3136 2541 65
3168 2485 3224 2555 ),
3271 2490 3458 2556 partim
3505 2490 3780 2557 largitione
3830 2492 3940 2543 auri
3997 2500 4050 2544 et

2477 2593 2755 2631 munerum
2783 2580 3105 2646 potentiores
3133 2581 3230 2632 sibi
3256 2582 3563 2642 concilians,
3598 2583 3783 2648 partim
3817 2583 4051 2635 lautiori-

2477 2669 2576 2721 bus
2604 2669 2772 2735 epulis
2798 2670 2931 2736 gnlie
2957 2669 3164 2723 deditos
3187 2670 3457 2734 alliciens,
3487 2673 3678 2739 partim
3709 2671 3973 2724 blanditiis
3997 2683 4048 2725 et

2472 2772 2568 2826 spe
2607 2759 2824 2826 majoris
2862 2759 3131 2826 dignitatis
3157 2760 3376 2812 clericos
3418 2760 3483 2811 ad
3521 2775 3642 2812 suas
3673 2771 3848 2826 partes
3874 2760 4042 2814 abdu-

2472 2864 2620 2905 cens.
2653 2849 2783 2904 Cum
2806 2851 2965 2904 sciret
2991 2860 3166 2904 autem
3195 2853 3448 2905 diaconos
3474 2851 3625 2913 duos,
3651 2853 3872 2904 alterum
3898 2853 4046 2906 adul-

2477 2941 2616 3005 terii,
2647 2942 2874 2995 alterum
2918 2941 3185 2995 homicidii
3228 2957 3384 2994 causa
3411 2957 3440 2994 a
3467 2943 3671 2997 Joanne
3707 2942 3774 2994 ab
3815 2943 4050 2997 Ecclesia

2476 3033 2677 3100 ejectos
2721 3033 2912 3095 fuisse;
2961 3033 3128 3086 suasit
3166 3033 3266 3084 illis
3300 3043 3355 3086 ut
3383 3033 3588 3086 libellos
3611 3033 3862 3086 adversus
3890 3033 4053 3088 Joan-

2480 3140 2599 3178 nem
2629 3123 2900 3188 oﬂ'errent,
2925 3125 3190 3192 pollicitus
3217 3141 3274 3179 se
3303 3127 3420 3180 illos
3448 3127 3496 3178 in
3527 3127 3803 3195 pristinum
3831 3127 4050 3195 gradum

2479 3224 2530 3268 et
2550 3216 2898 3270 ministerium
2926 3217 3289 3269 restituturum
3312 3231 3448 3270 esse.
3471 3217 3546 3268 Illi
3575 3232 3684 3270 rem
3704 3218 4053 3271 libentissime

2479 3306 2711 3374 amplexi
2757 3316 2914 3372 sunt,
2955 3307 3265 3376 libellosque
3294 3309 3390 3376 ipsi
3416 3309 3742 3374 obtulerunt,
3769 3325 3903 3378 quos
3942 3311 4055 3379 ipse

2479 3399 2809 3468 Tthphilus
2846 3399 3154 3462 dictaverat,
3189 3401 3239 3453 in
3272 3401 3464 3468 quibus
3497 3413 3687 3455 czetera
3716 3403 3894 3454 omnia
3923 3401 4051 3455 falsa

2478 3499 2534 3544 et
2556 3491 2908 3559 supposititia,
2937 3507 3096 3544 unum
3123 3500 3296 3545 autem
3324 3500 3523 3544 tantum
3546 3505 3728 3545 verum
3755 3501 3889 3553 erat,
3912 3490 4050 3560 quod

2479 3597 2672 3651 nempe
2713 3581 2946 3637 Joannes
2985 3597 3172 3636 omnes
3214 3593 3470 3646 moneret,
3500 3591 3555 3635 ut
3586 3591 3702 3651 post
3723 3585 4052 3637 communio-

2477 3691 2619 3739 nem,
2644 3691 2834 3744 aquam
2855 3685 2948 3729 aut
2977 3676 3242 3744 pastillum
3270 3674 3629 3744 degustarent,
3654 3691 3720 3728 ne
3745 3691 3865 3729 cum
3890 3677 4052 3729 saliva

2477 3777 2568 3821 aut
2592 3767 2781 3836 pituita
2818 3782 2849 3820 e
2887 3767 3128 3836 symbolo
3155 3767 3478 3820 Sacramenti
3506 3766 3703 3835 aliquid
3729 3777 3922 3834 praeter
3948 3782 4050 3834 vo-_

2477 3860 2730 3912 luntatem
2755 3867 3102 3927 exspueretnr
3132 3875 3144 3910 :
3173 3857 3312 3926 quod
3339 3867 3391 3911 et
3413 3858 3524 3926 ipse
3549 3857 3788 3911 faciebat.
3816 3856 3942 3924 Qua:
3968 3872 4050 3910 res

2478 3959 2623 4004 certe
2649 3949 2779 4002 nulli
2808 3948 2977 4015 culpae
2997 3948 3222 4001 obnoxia
3251 3948 3542 4000 videbatur.

2551 4039 2798 4107 Acceptis
2839 4037 3032 4091 libellis
3070 4036 3392 4103 TheOphilus
3430 4037 3481 4088 in
3520 4035 3830 4103 Eugraphiie
3854 4034 4047 4089 adibus

2481 4128 2799 4196 colloquium
2817 4126 2998 4179 habuit
3019 4140 3138 4178 cum
3156 4125 3461 4187 Severiano,
3489 4123 3750 4176 Antiocho
3766 4132 3820 4176 et
3838 4124 4038 4179 Acacio.

2483 4217 2798 4284 caiterisque
2845 4215 3063 4270 Joannis
3118 4215 3381 4275 inimicis,
3430 4214 3518 4281 qui
3568 4227 3704 4281 pene
3752 4227 3936 4266 omnes
3987 4227 4047 4267 ea

2480 4306 2701 4360 Joannis
2729 4305 2945 4359 monitis
2970 4306 3111 4372 juste
3140 4305 3480 4371 modesteque
3503 4302 3639 4355 datis
3666 4343 3680 4366 ,
3710 4301 3962 4356 adversus
3992 4304 4048 4356 il-

2481 4400 2589 4453 lum
2617 4397 2904 4452 exulcerati
2934 4407 3106 4451 erant.
3151 4396 3299 4450 Unus
3325 4410 3452 4449 vero
3491 4410 3556 4449 ex
3591 4396 3653 4448 iis
3684 4396 3771 4464 qui
3801 4396 4046 4457 aderant,

2480 4491 2599 4545 aliis
2629 4489 2888 4559 suggessit
2917 4497 2972 4541 ut
3004 4488 3164 4541 libelli
3208 4487 3460 4540 darentur
3495 4484 3820 4554 Imperatori,
3850 4498 3904 4541 ut
3934 4487 4046 4554 ipse

2481 4584 2740 4638 Joannem
2769 4581 2852 4634 vel
2881 4580 3098 4632 invitum
3129 4567 3192 4633 ad
3220 4578 3488 4648 Synodum
3526 4594 3584 4632 se
3614 4578 3800 4632 sistere
3821 4585 4051 4646 cogeret.

2485 4673 2616 4738 Quia
2644 4685 2791 4734 vero,
2820 4677 2878 4722 ut
2897 4670 3088 4737 smpins
3114 4670 3432 4736 experientia
3461 4679 3788 4736 compertum
3816 4667 3930 4732 fuit,
3962 4682 4055 4720 au-

2483 4778 2598 4816 rum
2622 4763 2794 4814 omnia
2828 4775 2990 4829 prona
3017 4760 3290 4830 faciliaque
3317 4760 3517 4822 reddit;
3552 4760 3650 4813 hac
3683 4761 3763 4812 via
3794 4758 4056 4826 Theophi-

2481 4856 2562 4910 Ius
2590 4855 2834 4909 effecerat
2869 4865 2924 4908 ut
2949 4854 3102 4908 aulici
3131 4853 3280 4906 multi
3312 4868 3404 4921 pro
3441 4868 3498 4906 se
3535 4861 3751 4914 starent,
3795 4858 3950 4917 atque
3980 4849 4054 4902 sic

2480 4966 2596 5020 qua:
2618 4949 2668 5002 in
2693 4948 2886 5018 Optatis
2911 4949 3006 5002 sibi
3036 4956 3187 5002 erant
3213 4947 3526 5015 impetravit.
3921 5019 3924 5022 ἢ

2551 5041 2790 5110 Synodus
2811 5041 2877 5092 ad
2902 5040 3170 5105 Qucrcum.
3197 5069 3264 5077 —
3295 5037 3405 5090 Etsi
3429 5050 3553 5088 vero
3579 5032 3910 5100 imperatoris
3928 5046 4054 5086 con-

2478 5147 2640 5186 sensu
2666 5141 2718 5185 et
2743 5131 2892 5200 jussu
2923 5131 3035 5183 fulti
3062 5128 3388 5197 TheOphilus
3407 5137 3459 5180 et
3480 5125 3606 5178 socii
3632 5122 3914 5192 (Clirysost.
3937 5133 3975 5176 t.
3999 5125 4051 5179 3.

2485 5237 2531 5274 c.
2560 5225 2663 5279 445
2689 5221 2704 5289 )
2728 5263 2741 5283 .
2774 5239 2877 5275 non
2905 5221 3017 5274 ausi
3048 5230 3169 5273 sunt
3197 5230 3370 5272 tamen
3405 5218 3540 5268 intra
3573 5213 3752 5266 urbem
3791 5214 4051 5268 Constan-

2481 5313 2737 5380 tinopolin
2765 5312 3033 5382 Synoduni
3063 5325 3279 5379 cogere,
3315 5316 3368 5358 ιιι
3405 5321 3471 5358 ne
3514 5303 3716 5372 plebem
3742 5306 3933 5371 pastori
3957 5321 4054 5360 suo

2479 5406 2890 5462 addictissiniam
2919 5412 3342 5458 commoverent,
3385 5407 3437 5451 et
3473 5397 3750 5448 adversum
3777 5411 3833 5449 se
3863 5399 4028 5453 tumul

2481 5507 2591 5550 tum
2626 5498 2949 5560 excitarent;
3000 5511 3169 5565 neque
3210 5504 3376 5546 tntum
3419 5490 3518 5540 sibi
3561 5489 3668 5541 fore
3715 5490 3979 5556 putabant,
4010 5493 4050 5546 si

2483 5587 2792 5647 calumnias,
2819 5603 2950 5659 quas
2979 5586 3092 5639 falsi
3122 5581 3434 5637 convincere
3459 5577 3609 5630 facile
3640 5587 3773 5641 erat,
3803 5578 3852 5633 in
3881 5583 4053 5636 medio

2483 5677 2840 5746 Imperatoriae
2883 5678 3028 5731 urbis
3057 5673 3375 5744 proferrent.
3421 5667 3740 5736 Theophilus
3780 5672 3934 5741 igitur
3962 5687 4050 5740 per

2481 5778 2593 5824 tres
2641 5769 2998 5825 hebdomadas
3041 5762 3495 5830 Constantinopoli
3539 5777 3894 5818 commoratus
3931 5762 4052 5829 (So-

2482 5877 2612 5912 zam.
2646 5864 2682 5914 ι.
2713 5862 2765 5915 8.
2798 5879 2823 5914 c
2877 5863 3005 5926 I7),
3051 5873 3170 5910 cum
3221 5855 3338 5907 aliis
3385 5869 3560 5909 secum
3601 5853 4055 5910 consentientibus

2483 5954 2745 6023 episcopis
2786 5951 3170 6008 Chalcedonem
3217 5949 3452 6007 perrexit
3519 5951 3749 6019 indeque
3777 5944 3840 5999 ad
3877 5941 4051 6008 Qtlel“
