4504 6706
408 529 509 586 197

401 662 544 709 cum,
568 643 915 702 Chalcedonis
940 640 1319 700 suburbanum,
1350 638 1400 691 in
1441 639 1663 693 ceclesia
1703 635 1796 691 SS.
1829 639 1971 706 Apo-

400 738 658 794 stolorum
684 738 825 793 Petri
852 745 906 791 et
934 732 1105 796 Pauli,
1136 745 1291 800 quam
1322 730 1538 783 Rulinus
1566 736 1935 782 construxerat
1958 771 1972 791 ,

401 830 671 902 Synodum
692 829 920 897 collegit,
942 832 998 879 et
1020 838 1140 877 cum
1170 823 1382 889 Acacio,
1404 822 1692 878 Severiano
1722 829 1777 874 et
1804 821 1977 875 Antio-

399 922 500 976 cho
523 923 759 987 iniquum
786 916 1111 988 propositum
1139 914 1385 981 explevit.

466 1013 609 1069 Nihil
654 1012 727 1065 ibi
770 1011 838 1063 de
879 1006 1121 1074 Origenis
1151 1006 1358 1074 scriptis
1402 1005 1451 1058 in
1494 1002 1671 1058 medio
1714 1000 1973 1069 prolatum

397 1106 515 1170 fuit,
543 1104 671 1159 nihil
697 1102 763 1155 de
788 1099 1060 1153 Fratribus
1084 1098 1276 1167 Longis
1304 1098 1583 1151 Ammonio
1612 1105 1667 1149 et
1692 1094 1830 1157 aliis,
1858 1109 1973 1162 qua:

399 1206 572 1249 tamen
614 1206 714 1245 una
758 1190 1014 1243 hactenus
1055 1189 1348 1257 TbeOphElo
1391 1190 1601 1242 fuerant
1639 1185 1972 1253 querelarum

397 1297 557 1339 causa
586 1299 598 1334 :
630 1296 731 1350 pax
764 1279 901 1334 facta
945 1296 1063 1335 cum
1109 1281 1212 1335 illis
1251 1289 1384 1334 erat.
1432 1275 1821 1332 Conseeleratis
1856 1291 1974 1329 sese

396 1374 638 1443 adjunxit
665 1372 908 1443 Cyrinus,
940 1371 1289 1427 Chalcedoiiis
1325 1374 1629 1439 episeopus,
1660 1383 1815 1434 quem
1842 1367 1972 1418 vidi-

396 1480 518 1521 mus
557 1480 624 1520 ex
662 1466 945 1534 improviso
990 1465 1244 1519 Maruthm
1280 1478 1466 1533 gressu
1509 1460 1656 1528 pedis
1702 1457 1975 1511 doloribus

396 1556 747 1623 laborantem,
772 1559 860 1626 qui
884 1567 1006 1611 tunc
1032 1572 1129 1610 nec
1158 1556 1326 1609 morbi
1353 1554 1538 1608 dolore
1561 1550 1899 1620 prmpedittts,
1922 1550 1972 1602 in

394 1645 649 1701 Joannem
678 1662 773 1702 ceu
803 1647 969 1700 hostis
1009 1646 1293 1700 insnrrexit
1337 1644 1584 1715 (Sozam.
1613 1642 1648 1694 ι.
1682 1641 1733 1694 8.
1766 1656 1812 1692 c.
1845 1639 1971 1707 16).

396 1737 527 1793 Illud
553 1755 700 1802 vero,
726 1747 781 1791 ut
804 1737 1028 1805 carptim
1055 1737 1247 1799 dicam,
1272 1751 1378 1789 non
1403 1736 1618 1801 impune
1644 1731 1767 1785 fecit
1794 1748 1806 1782 :
1838 1740 1975 1799 post-

394 1842 458 1881 ea
496 1829 637 1882 enim
679 1842 801 1881 eum
842 1827 978 1881 male
1022 1826 1273 1888 haberet,
1300 1840 1425 1879 crus
1452 1825 1500 1877 ei
1533 1838 1676 1890 smpe
1700 1838 1728 1875 a
1756 1820 1974 1876 medicis

395 1918 681 1974 dissectum
709 1926 809 1974 est.
836 1918 1223 1988 Superveniens
1249 1917 1391 1973 enim
1418 1916 1637 1983 putredo
1665 1925 1831 1969 totum
1855 1929 1972 1969 cor-

396 2023 495 2077 pus
518 2008 929 2078 depascebatur;
957 2010 1090 2064 adeo
1125 2019 1182 2063 ut
1210 2009 1346 2062 alter
1364 2024 1574 2076 quoque
1599 2023 1692 2077 pes
1716 2008 1851 2061 idem
1879 2023 1971 2076 pa-

397 2108 597 2153 teretur
620 2116 679 2154 ex
712 2108 888 2154 mutua
918 2100 1117 2153 doloris
1143 2100 1642 2162 communicatione,
1671 2107 1833 2167 atque
1860 2115 1967 2152 non

391 2191 559 2245 multo
596 2200 715 2259 post
748 2192 797 2244 in
824 2191 1093 2246 doloribus
1117 2192 1408 2245 exstinctus
1435 2201 1534 2245 est.
1576 2190 1656 2243 Ad
1703 2190 1968 2258 Tchpbi-

393 2280 502 2333 lum
532 2280 659 2334 item
686 2280 879 2334 defecit
907 2282 1099 2335 Paulus
1132 2281 1504 2345 Heracleotes,
1546 2279 1635 2348 qui
1666 2296 1769 2332 non
1806 2280 1971 2333 semel

394 2387 424 2425 a
458 2370 663 2425 Joanne
702 2372 754 2423 in
794 2372 1017 2439 negotiis
1056 2372 1322 2425 adhibitus
1362 2370 1552 2424 fuerat.
1597 2369 1732 2436 Quid
1759 2370 1801 2421 si
1832 2369 1974 2420 dica-

394 2475 533 2524 tnus,
576 2475 696 2512 cutn
742 2458 1036 2527 'l'heopbilo
1077 2468 1262 2525 patruo
1308 2474 1405 2511 suo
1446 2457 1676 2511 adfuisse
1720 2456 1973 2526 Cyrillum

391 2550 659 2621 juvenem.
687 2549 776 2619 qui
806 2560 984 2618 postea
1012 2547 1308 2615 TlieOphilo
1334 2548 1608 2615 successit,
1636 2562 1697 2603 ac
1735 2546 1971 2601 doctrina

392 2643 847 2711 sanctimoniaque
870 2640 1097 2695 celebris
1126 2641 1255 2693 fuit?

461 2729 849 2789 Criminationes
894 2739 1069 2783 contra
1112 2728 1522 2798 Chrysostomum
1562 2727 1761 2781 oblatis.
1792 2756 1863 2766 -—
1905 2726 1967 2779 lli

390 2824 549 2880 simul
570 2823 796 2893 judiees,
827 2830 1160 2877 accusatores
1188 2829 1241 2874 et
1281 2830 1440 2873 testes
1478 2828 1627 2872 erant
1647 2860 1661 2882 ,
1692 2817 1773 2871 vel
1807 2827 1967 2870 testes

393 2919 553 2973 falsos
584 2917 901 2971 advocarent
944 2912 1199 2984 (Pholius
1238 2909 1479 2965 Bibliolh.
1508 2911 1621 2964 cod.
1654 2926 1736 2962 ux
1757 2909 1797 2978 ).
1837 2908 1968 2961 Tre-

391 3008 561 3062 decim
592 3006 706 3060 hare
729 3004 1022 3060 actionibus
1050 3011 1257 3070 peracta
1288 3012 1411 3055 sunt
1435 3020 1448 3055 :
1474 3000 1749 3055 duodecim
1776 3014 1966 3070 nempe

391 3106 576 3151 contra
604 3096 863 3150 Joannem
904 3092 1120 3162 prolata:
1161 3101 1320 3157 sunt,
1366 3091 1519 3145 tertia
1548 3090 1756 3146 decima
1783 3098 1967 3145 contra

397 3186 710 3241 Heracliden
738 3194 872 3249 erat,
900 3199 1057 3253 quem
1090 3180 1335 3250 Ephesiis
1357 3180 1446 3234 ille
1466 3180 1737 3235 ordinarat
1760 3181 1971 3250 episco-

395 3292 516 3347 pum
548 3295 561 3330 :
592 3275 741 3344 cujus
770 3283 943 3327 tamen
970 3272 1356 3341 depositionem
1387 3270 1668 3324 invalidam
1706 3270 1928 3325 reddere
1952 3309 1967 3332 ,

392 3366 513 3420 aliis
537 3365 804 3420 nonnullis
834 3361 1253 3433 prohibentibus,
1285 3361 1500 3415 minime
1526 3368 1829 3429 potuerunt.
1860 3360 1967 3413 lle-

394 3456 607 3512 raclida:
625 3464 798 3509 autem
820 3463 1095 3507 accusator
1117 3451 1215 3506 fuit
1238 3450 1513 3515 Macarius,
1536 3449 1832 3520 Magnetum
1853 3449 1969 3517 epi-

392 3560 604 3615 scopus.
666 3543 885 3598 Joannis
929 3557 1057 3596 vero
1119 3540 1479 3610 Cbrysostomi
1541 3548 1819 3595 accusator
1874 3538 1972 3594 fuit

390 3635 621 3690 Joannes
652 3635 930 3697 Diaconus,
961 3631 1193 3700 episcopi
1232 3631 1313 3684 sui
1353 3631 1522 3699 palam
1548 3630 1737 3696 hostis,
1760 3630 1851 3699 qui
1880 3645 1968 3684 se-

391 3736 613 3796 quentes
639 3725 1035 3781 criminationes
1068 3721 1119 3776 in
1161 3722 1417 3777 Joannem
1443 3720 1748 3790 episcopum
1769 3721 1963 3775 attulit.

466 3817 542 3871 1°.
582 3816 732 3883 Quod
759 3830 817 3870 se
842 3830 872 3870 e
899 3814 1177 3868 diaconatu
1206 3812 1512 3877 amovisset,
1541 3812 1664 3882 quia
1693 3812 1808 3881 ipse
1836 3827 1963 3881 pue-

390 3922 508 3962 rum
532 3920 683 3960 suum
712 3905 1059 3959 domesticum
1080 3903 1469 3957 verberaverat.

463 3995 543 4051 2°.
570 3994 719 4063 Quod
746 3993 976 4048 Joannes
998 3992 1209 4062 quidam
1238 3990 1524 4045 Monachus
1548 3990 1698 4059 jussu
1729 3990 1844 4060 ejus
1869 4006 1957 4043 va-

397 4086 656 4154 pulasset,
707 4091 1073 4153 raptatusque,
1122 4096 1185 4136 ac
1229 4096 1349 4136 cum
1397 4080 1739 4135 dwnwuiacis
1779 4092 1965 4136 eatena

398 4176 566 4230 ferrea
587 4173 905 4229 constrictus
933 4171 1135 4226 fuisset.

468 4266 547 4322 3°.
575 4264 725 4333 Quod
744 4262 1070 4319 cimeliorum
1102 4258 1394 4335 (Ecclesizc)
1428 4274 1671 4329 magnam
1700 4259 1808 4312 vim
1834 4274 1966 4313 ven-

395 4359 633 4414 didisset.

466 4450 545 4505 ι’.
574 4447 723 4514 Quod
771 4459 1059 4510 marmora,
1099 4458 1214 4513 qua:
1256 4441 1527 4496 Nectarius
1566 4439 1851 4507 reliquerat
1895 4438 1959 4492 ad

396 4544 687 4598 ornandam
724 4548 922 4593 sancta:
960 4534 1253 4591 Anastasia:
1296 4533 1574 4589 ecclesiam
1597 4574 1611 4598 ,
1640 4532 1750 4601 ipse
1776 4530 1961 4586 vendi-

397 4635 554 4689 derit.

468 4726 548 4782 5°.
595 4722 745 4790 Quod
788 4720 1013 4775 clericos
1054 4718 1347 4788 appellaret
1374 4718 1526 4784 viles,
1557 4725 1853 4786 corruptos,
1883 4714 1965 4769 in-

401 4820 575 4884 utiles,
607 4815 935 4870 triobolares.

473 4911 551 4966 6°.
596 4906 745 4978 Quod
786 4905 841 4961 S.
877 4901 1225 4974 Epiphanium
1253 4899 1477 4955 delirum
1518 4900 1881 4971 appellaverit,
1916 4909 1970 4954 et

403 5017 619 5072 parvum
646 4998 981 5055 daamoninm.

475 5094 551 5147 7°.
575 5090 725 5159 Quod
753 5087 1036 5145 Severiano
1062 5081 1274 5137 insidias
1299 5080 1550 5135 struxerit
1568 5120 1580 5141 ,
1612 5078 1839 5132 incitatis
1876 5079 1968 5132 ad-

406 5200 591 5241 versus
621 5183 765 5237 illum
791 5177 1022 5235 decanis.

474 5276 552 5330 8⁰.
596 5273 745 5342 Quod
774 5279 956 5327 contra
989 5267 1187 5323 clerum
1229 5262 1416 5317 librqu
1453 5260 1811 5334 schpbantiis
1853 5259 1966 5328 ple-

404 5383 529 5420 num
555 5365 847 5436 scripserit.

476 5458 555 5511 9°.
584 5457 734 5523 Quod
762 5457 924 5511 totius
950 5453 1077 5510 cleri
1103 5458 1361 5507 conventu
1390 5446 1526 5501 facto
1544 5490 1559 5513 ,
1588 5455 1696 5502 tres
1721 5446 1970 5501 diaconos

403 5546 612 5611 citarit,
658 5548 930 5612 Acacium,
976 5542 1265 5613 Edaphium
1304 5550 1357 5592 et
1393 5537 1686 5602 Joannem,
1728 5548 1783 5593 et
1825 5538 1973 5606 quasi

407 5637 679 5690 bumerale
732 5655 886 5693 suum
936 5637 1095 5693 furati
1147 5642 1356 5698 essent,
1397 5633 1695 5697 accusarit,
1732 5648 1974 5702 quzrrens

408 5740 581 5785 utrum
611 5729 675 5783 ad
703 5730 863 5783 alium
890 5733 1117 5800 atiquem
1138 5744 1289 5783 usum
1321 5725 1445 5781 illud
1473 5724 1761 5794 cepissent.

479 5820 589 5877 10°.
621 5817 770 5886 Quod
797 5821 1106 5886 Antonium,
1136 5819 1495 5890 sepulcrorum
1517 5814 1823 5870 violatorem
1852 5830 1979 5871 con-

413 5917 630 5981 rictum,
658 5910 962 5981 episcopum
995 5911 1337 5967 ordinaverit.

1565 524 1746 579 NUNC
1784 524 2047 581 PRIMUM
2087 525 2412 580 ADORNAT
2430 529 2477 580 \.

3568 540 3663 595 l93

2160 637 2268 693 11°.
2302 640 2450 706 Quod
2477 642 2731 699 Joannem
2758 645 3007 701 comitem
3057 647 3107 699 in
3148 646 3370 703 militum
3402 652 3662 708 seditione

2086 728 2397 798 prodiderit.

2157 821 2266 874 η’.
2319 821 2469 886 Quod
2518 839 2686 892 neque
2726 826 2776 879 in
2818 826 3098 881 ecclesiam
3136 827 3457 898 ingrediens,
3496 848 3661 903 neque

2082 912 2287 976 exiens,
2314 923 2635 980 precaretur.

2152 1004 2265 1056 15°.
2290 1002 2443 1067 Quod
2471 1006 2582 1056 sine
2606 1008 2756 1061 altari
2781 1008 3125 1064 diaconorum
3154 1021 3207 1067 et
3229 1014 3659 1085 presbyterormn

2079 1094 2446 1147 ordinationes
2475 1096 2675 1149 fecerit.

2150 1184 2261 1237 14°.
2290 1184 2444 1249 Quod
2474 1202 2572 1238 una
2600 1186 2931 1243 ordinatione
2956 1203 3180 1260 quatuor
3197 1196 3356 1251 simul
3379 1197 3662 1266 episcopus

2076 1277 2295 1330 crearit.

2149 1367 2259 1419 15°.
2288 1366 2438 1434 Quod
2459 1369 2710 1425 mulieres
2730 1370 3043 1440 susciperet,
3067 1374 3211 1427 solus
3230 1390 3347 1428 cum
3376 1378 3522 1443 solis,
3545 1380 3663 1433 aliis

2077 1458 2322 1510 omnibus
2350 1458 2492 1513 foras
2521 1460 2748 1515 emissis.

2151 1548 2262 1601 Ilue
2308 1552 2572 1618 re5piecre
2616 1551 2822 1607 videtur
2865 1554 3005 1623 quod
3048 1556 3122 1608 ait
3164 1553 3578 1627 Cbrysostomus
3612 1560 3665 1613 in

2080 1637 2316 1705 Epistola
2367 1642 2432 1693 ad
2477 1643 2776 1710 Cyriacum,
2810 1656 2953 1700 tomo
2989 1649 3193 1703 tertio:
3244 1651 3372 1714 Quin
3416 1668 3495 1705 me
3536 1669 3666 1721 φιλ-

2081 1745 2175 1798 que
2228 1746 2345 1782 cum
2411 1731 2614 1785 ntuliere
2680 1737 3002 1791 concubuisse
3069 1739 3417 1794 criminantur.
3477 1742 3664 1796 Exuit:

2081 1834 2269 1888 corpus
2321 1837 2527 1884 meum,
2567 1832 2615 1876 et
2675 1826 3005 1878 membrorum
3058 1832 3489 1897 mortiﬁcationem
3548 1849 3665 1902 τερα

2077 1923 2231 1964 netis.

2149 2003 2257 2056 16°.
2287 2003 2437 2071 Quod
2466 2004 2828 2060 lnereditatem
2851 2023 2878 2059 a
2901 2006 3094 2061 Thecla
3118 2009 3353 2064 relictam
3378 2027 3471 2081 per
3492 2012 3666 2067 Theo-

2081 2094 2259 2147 dulmu
2293 2095 2607 2149 vendiderit.

2148 2182 2257 2235 17°.
2294 2183 2443 2250 Quod
2504 2184 2757 2240 Ecclesia:
2816 2186 3018 2242 reditus
3076 2205 3235 2246 nemo
3299 2194 3503 2246 noverit
3562 2209 3669 2264 quo

2079 2280 2289 2333 abeant.

2152 2369 2262 2423 18°.
2294 2369 2445 2434 Quod
2467 2372 2829 2440 Serapionem.
2850 2374 2902 2427 in
2928 2376 3128 2429 crimen
3156 2389 3416 2443 vocatum,
3447 2382 3668 2451 presby-

2083 2466 2252 2511 terum
2279 2458 2623 2513 ordinaverit.

2156 2549 2265 2605 19°.
2298 2550 2448 2617 Quod
2478 2566 2591 2616 eos,
2619 2553 2706 2621 qui
2735 2568 2854 2607 cum
2883 2563 2994 2609 toto
3023 2557 3152 2612 orbe
3171 2562 3667 2629 communicabant,

2077 2640 2242 2708 ipsius
2270 2643 2529 2695 sententia
2566 2643 2802 2699 inclusos
2826 2653 2880 2699 et
2904 2647 2955 2699 in
2984 2662 3198 2702 carcere
3225 2650 3502 2705 defunctos
3531 2668 3663 2707 con-

2078 2734 2393 2801 tempst-rit;
2424 2734 2494 2787 ita
2540 2745 2595 2788 ut
2626 2750 2695 2789 ne
2722 2750 2944 2805 corpora
2985 2738 3194 2808 quidem
3226 2741 3457 2811 ipsorum
3488 2744 3666 2813 sepul-

2078 2832 2209 2876 turae
2238 2824 2492 2880 mandare
2518 2826 2761 2895 dignatus
2789 2830 2879 2882 sit.

2144 2912 2259 2966 20°.
2291 2914 2440 2979 Quod
2470 2918 2861 2972 sanctissimum
2893 2920 3144 2976 Acacium
3176 2923 3366 2991 injuria
3390 2924 3658 2992 olfecerit,

2073 3011 2128 3056 ct
2156 3017 2223 3055 ne
2250 3002 2315 3056 ad
2344 3004 2665 3072 colloquium
2695 3008 2911 3076 quidem
2943 3010 3114 3078 ipsum
3159 3013 3454 3068 admiserit.

2142 3093 2258 3148 21°.
2303 3094 2453 3161 Quod
2503 3097 2854 3169 Porphyrium
2900 3102 3271 3172 presbyterum
3300 3106 3576 3179 Eutropio,
3610 3118 3664 3166 ut

2075 3184 2129 3238 in
2159 3184 2399 3239 exsilium
2432 3186 2740 3256 pelleretur,
2783 3190 3075 3245 tradiderit.

2147 3276 2258 3330 22°.
2291 3276 2442 3344 Quod
2471 3277 2755 3333 Venerium
2802 3282 2925 3334 item
2966 3283 3331 3356 presbyterum
3370 3302 3488 3341 cum
3527 3304 3659 3344 cou-

2081 3366 2295 3418 tumelia
2330 3369 2491 3421 umlta
2524 3369 2817 3423 tradiderit.

2146 3454 2262 3510 25°.
2313 3456 2462 3523 Quod
2510 3460 2584 3512 illi
2631 3461 2726 3513 soli
2773 3460 3017 3516 balneum
3066 3465 3432 3529 succendatur,
3473 3480 3527 3524 et
3570 3473 3657 3524 ubi

2074 3543 2300 3613 laverit,
2349 3547 2604 3618 Serapion
2664 3552 2861 3605 aditum
2924 3554 3150 3622 claudat,
3209 3567 3266 3611 ut
3315 3560 3453 3614 alius
3501 3578 3660 3619 nemo

2072 3634 2230 3690 lavet.

2139 3726 2255 3784 24°.
2283 3727 2434 3794 Quod
2461 3730 2577 3785 sine
2607 3731 2827 3786 testibus
2853 3734 3050 3788 multos
3074 3736 3353 3792 ordinarit.

2142 3819 2260 3874 25°.
2292 3821 2444 3888 Quod
2472 3822 2618 3877 solus
2653 3824 2776 3878 edat
2804 3825 3239 3896 intemperanter,
3264 3832 3547 3903 Cyclopum
3580 3837 3665 3889 vi-

2072 3918 2178 3963 tam
2207 3926 2391 3981 agens.

2140 4000 2253 4055 26°.
2286 4001 2437 4067 Quod
2481 4003 2594 4072 ipse
2618 4014 2849 4070 accuset,
2877 4006 3047 4073 sitque
3076 4010 3223 4062 testis
3256 4020 3307 4062 et
3328 4012 3493 4078 jndex
3544 4015 3663 4070 Pla-

2078 4105 2311 4159 numque
2337 4091 2388 4145 id
2419 4107 2538 4147 esse
2564 4109 2629 4148 ex
2670 4094 2755 4159 iis,
2785 4111 2902 4163 qua:
2948 4112 3067 4151 cum
3112 4098 3359 4170 Martyrio
3390 4108 3656 4171 protodia-

2072 4194 2230 4244 cono,
2271 4191 2324 4235 et
2363 4181 2716 4250 Prohaeresio,
2748 4185 2920 4255 Lycia:
2948 4188 3215 4257 episeopo,
3244 4204 3389 4260 gesta
3422 4194 3658 4249 referun-

2072 4278 2172 4322 tur.

2139 4358 2255 4411 27°.
2315 4359 2467 4425 Quod
2520 4360 2848 4415 Memnonem
2895 4365 2945 4416 in
2990 4366 3215 4421 ecclesia
3277 4371 3652 4437 Apostolorum

2068 4462 2242 4516 pugno
2272 4451 2604 4517 percusserit,
2637 4459 2690 4503 et
2730 4453 2982 4520 sanguine
3007 4468 3073 4507 ex
3102 4470 3195 4509 ore
3234 4469 3498 4525 manante,
3530 4480 3645 4535 my~

2068 4537 2227 4589 steria
2261 4546 2437 4589 tamen
2465 4537 2732 4593 obtulerit.

2140 4628 2259 4682 28°.
2293 4629 2443 4695 Quod
2494 4630 2545 4683 in
2596 4631 2787 4686 throno
2830 4645 3114 4688 emeretur
3154 4646 3208 4690 ct
3247 4638 3567 4709 indueretnr,
3598 4656 3653 4698 et

2073 4717 2340 4787 pastillum
2369 4719 2569 4773 ederet.

2142 4809 2257 4864 29°.
2285 4810 2434 4877 Quod
2461 4811 2721 4880 episcopis
2759 4813 2826 4866 ab
2851 4829 2908 4866 se
2934 4815 3188 4870 ordinatis
3214 4818 3462 4885 pecunias
3492 4820 3623 4891 largi

2074 4911 2239 4965 retur,
2267 4909 2321 4954 ut
2345 4916 2440 4969 per
2469 4901 2584 4954 illos
2609 4899 2815 4954 Clarum
2844 4903 3186 4971 opprimeret.

2146 4990 2525 5059 (.‘ltrysoslomus
2543 4990 2613 5041 ad
2637 4988 2902 5058 Synodum
2955 4999 3165 5046 coctum
3187 4993 3393 5050 abnuit.
3417 5027 3488 5042 ——
3555 5000 3651 5056 llis

2073 5080 2261 5132 oblatis
2299 5081 2689 5133 accusationum
2721 5082 3002 5150 capitibus,
3030 5082 3357 5156 Theopbilus
3383 5100 3436 5145 et
3470 5097 3646 5148 caeteri

2073 5171 2304 5241 episcopi
2336 5171 2609 5243 Synodum
2632 5177 3038 5241 constituentes,
3066 5178 3322 5235 Joannem
3344 5183 3571 5237 citarunt
3591 5196 3648 5239 ut

2072 5263 2140 5315 ad
2164 5261 2434 5332 Synodum
2464 5275 2795 5333 compareret
2840 5266 3076 5333 (Photius
3100 5287 3153 5340 p.
3180 5272 3248 5326 55
3273 5281 3318 5323 ει
3342 5289 3477 5342 seqq.
3510 5273 3639 5329 Pal-

2076 5355 2180 5408 lad.
2238 5353 2488 5426 Dialog.).
2536 5355 2702 5413 Erant
2740 5367 2864 5413 tunc
2902 5376 3019 5415 eum
3060 5361 3260 5418 Joanne
3302 5364 3649 5437 quadraginta

2076 5447 2329 5517 episcopi,
2378 5449 2624 5505 sedentes
2667 5451 2719 5505 in
2771 5453 2996 5507 triclinio
3044 5453 3327 5525 episcepii,
3377 5466 3651 5529 stupentes

2078 5538 2346 5606 quomodo
2385 5556 2525 5603 reus,
2556 5548 2610 5595 et
2642 5553 2854 5611 prepter
2895 5543 3111 5596 crimina
3151 5545 3297 5599 solus
3324 5547 3392 5603 ad
3420 5548 3649 5604 Comita-

2082 5641 2190 5686 tum
2220 5639 2273 5685 et
2312 5629 2638 5700 lmperialem
2677 5633 2936 5687 civitatem
2979 5634 3162 5690 venire
3199 5636 3402 5707 jussus,
3429 5657 3544 5695 eum
3576 5651 3652 5699 tot

2081 5724 2341 5793 episcopis
2367 5722 2666 5778 advenisset
2694 5741 2707 5777 :
2739 5739 2843 5793 quo
2884 5735 3038 5796 pacto
3067 5730 3362 5802 principum
3387 5743 3439 5787 et
3480 5738 3651 5805 magi-

2082 5823 2337 5870 stratuum
2385 5813 2671 5867 sententias
2711 5814 2887 5870 subito
2929 5830 3345 5888 commutasset,
3389 5822 3653 5896 plerisque

2086 5907 2149 5961 de
2177 5904 2330 5960 (Ilero
2361 5904 2456 5976 ipsi
2485 5904 2854 5961 annuentibus.
2889 5908 3081 5966 Verum
3129 5927 3256 5967 auro
3285 5913 3459 5969 omnia
3485 5930 3653 5987 prona
