4526 6702
841 567 945 625 109

834 700 887 744 et
914 682 1088 741 facilia
1128 677 1441 737 redduntur.
1475 676 1677 731 Interea
1720 684 1850 726 vero
1892 670 2129 724 Joannes
2154 684 2180 719 a
2208 661 2422 734 Synodo

834 781 900 834 ad
932 779 1200 847 Quereum
1231 776 1421 829 citatur
1445 780 1501 827 et
1520 780 1828 835 comparere
1847 763 2083 833 iubetur.
2125 757 2430 827 Respondet

838 872 927 926 ille
956 889 971 922 :
1005 869 1067 925 Si
1092 878 1291 936 apertos
1321 865 1483 918 hostes
1508 876 1569 915 ea:
1599 857 1836 929 judicum
1864 855 2044 909 ordine
2062 849 2425 913 subntoreritis,

839 972 1026 1032 praesto
1075 978 1208 1025 sum,
1262 973 1436 1027 meque
1482 955 1691 1013 sistam;
1719 957 1794 1012 ut,
1828 949 1873 1001 si
1917 949 2029 1017 quis
2080 963 2158 999 me
2186 950 2426 1005 accuset,

840 1069 1049 1106 causam
1069 1052 1235 1105 dicant
1260 1066 1279 1102 :
1304 1050 1381 1102 sin
1419 1045 1474 1097 id
1500 1044 1665 1109 facere
1690 1039 2099 1101 detrectaveritis,
2130 1038 2316 1106 quoties
2354 1033 2429 1085 ci-

842 1144 1031 1208 tabitis,
1059 1142 1185 1197 nihil
1212 1136 1500 1207 proﬁcielis.
1536 1135 1613 1188 llli
1652 1148 1781 1188 vero
1808 1146 1943 1203 quos
1979 1129 2187 1185 excludi
2220 1124 2429 1178 volebat

842 1246 997 1290 erant
1056 1230 1414 1301 Theophilus,
1459 1226 1818 1292 Severianus,
1865 1222 2090 1277 Aeacius
2148 1227 2203 1272 et
2246 1214 2430 1270 Antio-

842 1328 994 1382 chus.

915 1419 1097 1474 Primo
1134 1415 1505 1471 examinarunt
1546 1417 1703 1477 caput
1748 1406 1973 1474 primum
2013 1410 2065 1454 et
2096 1396 2431 1458 secundum,

847 1529 968 1584 qua:
1007 1511 1266 1567 Joannem
1294 1508 1569 1560 diaconum
1598 1509 1651 1555 et
1673 1499 1933 1553 Joannem
1964 1491 2278 1547 Monachum
2310 1503 2435 1558 spc-

846 1580 1082 1662 ctabant.
1112 1602 1243 1656 Hinc
1272 1602 1549 1664 coeperunt
1569 1599 1753 1645 contra
1780 1584 2100 1642 Heracliden
2127 1580 2345 1652 Ephesi,
2386 1588 2441 1633 et

850 1697 1140 1755 Palladium
1169 1689 1561 1759 HelenOpoleos
1586 1688 1867 1753 episcopos
1892 1679 2181 1750 inquirere.
2207 1675 2440 1730 Joannes

845 1803 975 1844 vero
1017 1782 1331 1847 Monachus,
1370 1781 1461 1852 qui
1508 1780 1560 1832 in
1591 1773 1827 1831 secundo
1852 1774 2023 1840 capite
2050 1783 2209 1837 supra
2236 1780 2442 1820 memo-

849 1893 1029 1943 ratur,
1070 1876 1311 1932 libellum
1361 1871 1571 1936 obtulit,
1619 1881 1876 1922 accusans
1920 1860 2255 1921 Heracliden,
2303 1855 2443 1926 quod

847 1968 1153 2041 Origenista
1180 1973 1342 2044 esset,
1369 1973 1421 2018 et
1462 1960 1601 2032 quod
1628 1958 1883 2013 Caesarea:
1908 1952 2199 2007 Palaestinae
2226 1947 2278 1999 in
2302 1946 2442 1999 furto

850 2033 1220 2131 deprehensus
1248 2055 1457 2118 fuisset,
1488 2048 1717 2120 Aquilini
1747 2042 1953 2099 diaconi
1993 2041 2306 2093 vestimenta
2356 2033 2440 2085 fu-

851 2123 1000 2207 rat-us
1032 2167 1045 2203 :
1076 2158 1123 2203 et
1165 2145 1391 2218 quamvis
1438 2142 1554 2195 talis
1601 2146 1757 2199 esset,
1807 2132 1997 2201 inquit,
2027 2128 2252 2181 Joannes
2295 2123 2441 2176 illum

852 2239 1046 2308 Ephesi
1073 2214 1362 2308 episwpum
1380 2228 1648 2284 ordinavit.
1676 2223 1972 2279 Accusabat
1999 2226 2255 2289 praeterea
2280 2214 2443 2269 Joan-

851 2305 994 2397 nem,
1025 2305 1169 2398 quod
1198 2323 1362 2380 multa
1393 2320 1531 2375 mala
1585 2315 1735 2387 (Haec
1773 2313 1946 2367 vitiata
1972 2308 2227 2378 videntur)
2256 2305 2446 2374 Orige-

853 2396 1109 2480 uistarum
1136 2432 1296 2475 causa
1322 2427 1512 2485 passus
1540 2417 1705 2473 esset,
1734 2421 1831 2477 per
1879 2403 2250 2472 Serapionem,
2280 2396 2449 2466 quod-

850 2532 956 2587 que
1014 2515 1166 2569 illum
1231 2509 1486 2565 misisset.
1556 2503 1761 2558 Horum
1824 2497 2099 2568 praemisso
2158 2493 2447 2557 examine,

853 2585 1161 2677 inquisitum
1188 2610 1271 2656 est
1292 2597 1485 2654 deinde
1516 2595 1567 2649 in
1599 2600 1759 2661 caput
1782 2603 1981 2645 nonum
2009 2585 2404 2640 accusotionum
2429 2622 2446 2648 ,

852 2672 995 2767 quod
1012 2702 1134 2748 tres
1160 2691 1416 2745 diaconos
1442 2685 1511 2740 de
1540 2683 1681 2737 furto
1710 2677 2000 2734 humcralis
2025 2675 2106 2729 sui
2145 2672 2449 2727 accusavis-

851 2795 967 2849 set;
998 2792 1053 2839 et
1075 2781 1390 2853 vigesimum
1416 2775 1722 2845 septimum,
1747 2769 1888 2841 quod
1913 2768 2247 2821 Memnonem
2270 2776 2447 2834 pugno

852 2875 1223 2948 percussisset,
1255 2880 1361 2926 etc.

928 2968 1059 3022 Alia:
1076 2967 1131 3020 in
1162 2964 1571 3035 Chrysostomum
1597 2954 1990 3010 criminationes.
2018 2980 2091 2990 —
2118 2948 2310 3004 Postea
2331 2961 2449 3000 rur-

852 3076 974 3115 sum
1001 3056 1235 3114 lsaacius
1258 3054 1563 3123 episcopum
1589 3043 1905 3101 Heracliden
1933 3038 2203 3095 accusavit
2227 3045 2289 3092 ut
2329 3035 2451 3090 Ori-

853 3153 1153 3223 genistam,
1202 3145 1293 3217 qui
1346 3158 1377 3197 a
1430 3139 1766 3196 sanctissimo
1820 3130 2121 3204 Epiphanio
2178 3140 2353 3196 neque
2401 3124 2454 3177 in

859 3217 1199 3315 precationis,
1244 3249 1420 3306 neque
1460 3231 1527 3287 ad
1578 3242 1778 3284 mensa:
1823 3222 2151 3280 consortium
2191 3217 2457 3273 admissus

858 3306 1068 3390 fuisset.
1100 3327 1326 3386 Protulit
1350 3324 1490 3380 idem
1520 3319 1750 3376 lsaacius
1770 3314 2009 3371 libellum
2053 3318 2239 3365 contra
2277 3306 2457 3379 Chry-

858 3431 1177 3485 sostomum,
1202 3417 1320 3472 hac
1358 3413 1743 3470 continentem.

932 3514 1011 3569 1⁸.
1043 3512 1121 3566 De
1146 3508 1352 3565 Joanne
1378 3501 1635 3559 Monacbo
1661 3500 1768 3569 jam
1798 3502 2115 3559 memorato,
2145 3490 2286 3562 quod
2326 3503 2456 3562 pro-

862 3614 983 3678 pter
1006 3599 1335 3672 Origenistas
1360 3593 1662 3664 vapulasset
1684 3598 1738 3644 et
1763 3588 1902 3644 ferro
1932 3587 2139 3640 vinctus
2175 3583 2381 3638 fuisset.

930 3697 1010 3752 2°.
1037 3693 1188 3763 Quod
1214 3693 1275 3746 Β.
1323 3686 1654 3759 Epiphanius
1700 3691 1918 3753 propter
1960 3680 2058 3734 hos
2083 3676 2411 3747 Origenistas
2434 3715 2449 3739 ,

862 3786 1228 3849 Ammonium,
1271 3778 1638 3850 Euthymium,
1682 3772 1994 3837 Eusebium,
2042 3766 2359 3825 Heracliden
2402 3774 2457 3820 et

863 3876 1175 3939 Palladium,
1204 3887 1327 3929 cum
1351 3870 1444 3925 illo
1474 3867 1732 3923 noluisset
1754 3862 2168 3919 communicare.

932 3967 1011 4023 3'.
1040 3963 1195 4034 Quod
1236 3958 1679 4032 hospitalitatem,
1709 3954 1857 4011 solus
1881 3951 2119 4024 quotidie
2143 3947 2454 4013 comedens,

863 4058 1188 4115 desniceret.

934 4074 962 4113 s
1001 4073 1188 4113 iceret.

934 4073 1019 4205 ιθ.
1048 4145 1203 4216 Quod
1231 4144 1285 4200 in
1310 4140 1534 4199 ecclesia
1556 4137 1778 4194 dixisset
1798 4134 2031 4190 Mensam
2058 4145 2179 4188 esse
2206 4129 2461 4185 furiarum

903 4244 1103 4298 lenam.

866 4259 1199 4398 plc5l1iméll0d
1244 4326 1297 4382 in
1338 4323 1561 4381 ecclesia
1602 4317 1879 4393 gloriando
1915 4315 2138 4372 dixisset
2169 4328 2285 4368 amo
2311 4321 2359 4367 et
2386 4311 2465 4365 in-

938 4517 1035 4573 llic
1062 4522 1246 4569 notare
1270 4511 1480 4567 videtur
1516 4508 1722 4564 initium
1753 4503 1985 4560 bomiliae
2011 4501 2149 4557 illius
2177 4498 2463 4570 singularis

870 4621 1029 4666 antea
1055 4607 1290 4668 ineditze,
1340 4619 1499 4673 quam
1530 4601 1733 4665 habuit,
1765 4608 2043 4668 postquam
2092 4592 2329 4649 Eudoxia
2361 4593 2463 4645 lm-

875 4696 1143 4771 peratriee
1163 4694 1456 4751 comitante
1485 4700 1537 4746 et
1578 4688 1798 4759 pedibus
1840 4688 1942 4739 iter
1982 4694 2169 4754 agente
2196 4682 2465 4751 Reliquias

878 4798 1171 4861 martyrum
1203 4783 1546 4841 transtulerat
1587 4781 1640 4835 in
1679 4777 1962 4834 ecclesiam
2007 4790 2195 4830 novem
2225 4772 2466 4827 milliari-

874 4885 973 4939 bus
1011 4876 1470 4947 Constantinopoli
1498 4874 1807 4930 distantem.
1848 4870 1937 4924 Sic
1979 4868 2121 4924 enim
2151 4867 2203 4919 in
2245 4863 2466 4920 ecclesia

876 4974 964 5028 illa
1008 4971 1281 5027 homiliam
1325 4967 1526 5036 incipit,
1579 4964 1713 5031 Quid
1764 4963 1951 5028 dicam,
1995 4969 2043 5013 et
2085 4957 2207 5028 quid
2248 4954 2470 5027 loquar?

879 5062 1103 5118 Exsulta
1170 5064 1219 5110 et
1273 5056 1498 5110 insanio.
1532 5053 1609 5125 (ld
1637 5058 1958 5123 sequentem
1984 5046 2147 5103 etiam
2185 5048 2466 5103 articulum

877 5148 1140 5225 respicit.)

946 5245 1025 5301 6°.
1052 5241 1205 5311 Quod
1231 5240 1500 5311 explicare
1539 5238 1749 5302 debeat,
1790 5253 1906 5310 quae
1949 5238 2055 5292 sint
2084 5236 2190 5289 illa:
2221 5232 2391 5297 furiae,
2416 5241 2471 5287 et

879 5335 1004 5406 quid
1056 5335 1158 5390 sibi
1200 5333 1329 5389 velit
1375 5331 1526 5397 illud,
1575 5329 1788 5385 Exsulto
1828 5340 1875 5384 et
1921 5329 2121 5384 insanio
2154 5342 2173 5381 :
2199 5325 2297 5381 has
2326 5324 2468 5379 enim

882 5427 1118 5482 Ecclesia
1144 5440 1301 5481 voces
1332 5424 1560 5495 ignorat.

952 5518 1029 5573 7⁸.
1069 5517 1218 5585 Quod
1249 5517 1515 5573 licentiam
1548 5512 1911 5586 peccatoribus
1940 5511 2207 5583 praeberet
2246 5507 2467 5564 dicens:

890 5609 945 5664 Si
971 5610 1151 5664 iterum
1181 5609 1415 5678 peccasti,
1446 5610 1627 5662 iterum
1665 5606 2004 5679 paenitentiam
2027 5623 2141 5676 age,
2191 5614 2238 5659 et
2279 5601 2472 5673 quoties

880 5703 1180 5775 peccaveris,
1213 5702 1323 5756 veni
1350 5702 1417 5755 ad
1441 5720 1519 5757 me
1545 5720 1565 5758 :
1590 5711 1637 5758 et
1668 5718 1760 5774 ego
1799 5710 1847 5754 te
1873 5701 2078 5754 sonabo.

954 5798 1031 5854 8°.
1063 5796 1217 5867 Quod
1260 5797 1315 5852 in
1355 5798 1582 5853 ecclesia
1624 5794 2051 5866 blasphemasset
2090 5792 2293 5859 dicens,
2318 5788 2473 5847 Chri-

880 5899 1020 5943 stum
1053 5898 1358 5958 precantem
1384 5886 1503 5943 ideo
1523 5904 1625 5942 non
1657 5886 1965 5944 exauditum
1991 5883 2171 5951 fuisse,
2200 5882 2341 5956 quod
2362 5896 2472 5940 non

882 5988 940 6036 ut
963 5982 1236 6053 oportebat
1264 5990 1511 6054 precatus
1531 5990 1671 6036 esset

1906 554 1963 609 S.
2005 548 2284 609 JOANNiS
2322 545 2801 604 Clll’tYSOSTOMl
2850 548 3023 615 VITA,

4032 546 4135 604 ςθθ

2607 660 2686 718 9°.
2732 664 2885 733 Quod
2914 663 2979 718 ad
3009 663 3326 721 seditionem
3368 661 3619 736 p0pulum
3663 660 3941 727 excitaret,
3977 664 4131 719 etiam

2533 757 2790 813 adverStts
2823 757 3123 828 Synodum.

2609 851 2720 905 10°.
2752 849 2903 917 Quod
2956 848 3216 918 gentiles,
3266 850 3355 920 qui
3406 848 3572 904 multa
3621 844 3758 901 mala
3813 842 4135 897 Christianis

2537 938 2846 1006 intulerant,
2878 939 3222 1009 suscepisset,
3257 941 3384 994 etin
3410 939 3634 995 ecclesia
3678 936 3933 992 retineret
3977 946 4135 1001 atq-ua

2536 1028 2865 1085 defenderet.

2612 1121 2727 1174 ll“.
2773 1118 2923 1186 Quod
2954 1118 3155 1171 alienas
3201 1116 3478 1172 invaderet
3504 1118 3826 1188 provincias,
3856 1125 3910 1169 et
3940 1114 4133 1168 ibidem

2539 1211 2825 1280 episeOpos
2862 1209 3152 1264 ordinaret.

2614 1303 2727 1356 19.”.
2760 1303 2912 1368 Quod
2942 1302 3220 1372 episcopos
3244 1299 3565 1352 contumelia
3602 1300 3859 1363 afficeret,
3886 1310 3942 1354 et
3978 1306 4141 1361 imq-

2539 1399 2710 1458 γάτους
2754 1392 2911 1460 (lla'c
2961 1408 3057 1446 vos:
3106 1391 3279 1445 vitiata
3334 1389 3573 1459 videtur)
3624 1390 3837 1458 juberct
3885 1390 4079 1459 expelli
4107 1404 4140 1441 e

2544 1484 2705 1537 domo
2733 1499 2851 1538 sua.

2624 1578 2738 1632 15°.
2797 1577 2949 1644 Quod
3002 1578 3225 1633 clericos
3272 1574 3536 1630 inusitatis
3578 1574 3917 1629 contumeliis
3966 1575 4143 1628 allice-

2547 1680 2650 1726 ret.
3514 1666 3519 1671 ’

2622 1764 2734 1817 14⁸.
2766 1763 2916 1830 Quod
2945 1762 3170 1815 aliorum
3199 1758 3439 1828 deposita
3476 1758 3524 1811 vi
3554 1766 3783 1825 raperet.

2624 1856 2735 1909 l5“.
2768 1854 2918 1921 Quod
2948 1855 3063 1908 sine
3105 1862 3369 1907 conventu
3413 1860 3468 1907 et
3508 1860 3699 1921 praucr
3727 1849 3865 1904 Cleri
3895 1850 4144 1903 volunta-

2549 1953 2653 1999 tem
2686 1944 3047 1998 ordinationes
3072 1942 3290 1997 faceret.

2620 2034 2729 2089 16".
2768 2035 2918 2102 Quod
2964 2034 3293 2102 Origcnistas
3338 2031 3642 2100 reciperet,
3685 2029 4147 2084 communicantes

2547 2142 2678 2182 vero
2720 2141 2839 2179 eum
2888 2125 3151 2188 Ecclesia,
3198 2122 3406 2178 etiamsi
3453 2119 3915 2175 eomnn-ndatitLas
3964 2120 4149 2172 literas

2550 2218 2825 2283 afferrent,
2859 2217 2910 2271 in
2953 2230 3226 2271 carcerem
3271 2214 3544 2283 conjectos
3586 2229 3691 2267 non
3742 2214 3994 2282 eriperet,
4040 2212 4151 2265 imo

2550 2310 2673 2364 illos
2718 2309 2773 2363 in
2800 2323 3015 2363 carcere
3056 2306 3349 2363 morientes
3378 2321 3484 2361 non
3516 2304 3786 2359 inviseret.

2626 2402 2738 2457 l7".
2792 2401 2944 2468 Quod
2985 2401 3190 2456 alienos
3236 2413 3423 2454 servos
3473 2396 3709 2452 nondum
3751 2395 4150 2459 manumissos,

2554 2494 2664 2549 imo
2686 2495 2846 2548 etiam
2872 2503 3170 2557 accusatos,
3205 2492 3487 2561 episcopos
3515 2488 3834 2544 ordinasset.

2628 2586 2739 2641 18⁸.
2768 2584 2921 2650 Quod
2952 2584 3125 2653 ipsum
3144 2581 3399 2636 lsaacium
3419 2580 3559 2635 male
3584 2594 3726 2648 saepe
3752 2578 4080 2632 muletasset.

2626 2676 2861 2730 Primum
2889 2689 3017 2728 vero
3044 2682 3203 2742 caput
3227 2673 3295 2726 de
3323 2672 3528 2727 Joanne
3553 2668 3830 2733 Monaeho,
3874 2668 4014 2736 quod
4040 2667 4157 2736 jam

2552 2777 2709 2821 antea
2740 2766 3099 2820 examinatum
3128 2763 3321 2828 fuerat,
3349 2762 3526 2816 denuo
3562 2769 3818 2815 excutere
3842 2760 4155 2813 noluerunt.

2551 2858 2654 2913 Sed
2696 2857 2764 2911 de
2791 2855 3028 2911 secundo
3055 2852 3198 2925 quod
3231 2868 3423 2922 nempe
3462 2852 3520 2906 S.
3548 2850 3878 2921 Epiphanius
3916 2866 3982 2904 eo
4006 2849 4160 2919 quod

2553 2950 2870 3021 Origenistis
2896 2949 3121 3015 faveret,
3167 2962 3288 3002 eum
3316 2947 3409 3001 illo
3449 2944 3845 3000 communicare
3870 2942 4160 3005 noluisset,

2557 3044 2906 3116 perquisitum
2956 3042 3084 3106 fuit;
3139 3041 3491 3108 similiterque
3536 3038 3603 3093 de
3646 3038 3893 3106 septimo,
3942 3036 3995 3090 in
4048 3049 4164 3103 quo

2560 3146 2705 3194 certe
2735 3136 2868 3191 nihil
2889 3150 2919 3188 a
2949 3134 3248 3189 Christiana
3278 3131 3555 3201 disciplina
3600 3130 3831 3184 alienum
3857 3127 4164 3198 deprehen-

2561 3229 2726 3283 ditur.
2770 3227 2848 3283 De
2902 3226 3062 3282 tertio
3105 3234 3291 3296 postea
3330 3232 3507 3278 actum
3551 3221 3671 3289 fuit,
3717 3222 3771 3275 in
3816 3236 3923 3291 quo
3964 3220 4166 3275 dicitur

2561 3320 3026 3392 (Ihrysostomum,
3052 3317 3140 3388 qui
3167 3316 3316 3372 solus
3341 3314 3582 3385 quotidie
3619 3312 3944 3375 comederet,
3972 3311 4165 3381 hOSpi-

2566 3411 2822 3466 talitatem
2852 3408 3128 3479 despicere
3156 3407 3470 3462 videretur:
3497 3414 3765 3474 testesque
3788 3402 4008 3461 adhibiti
4036 3412 4169 3457 sunt

2564 3499 2817 3556 Arsacias
2858 3497 3157 3570 presbyter,
3190 3497 3279 3566 qui
3310 3504 3493 3565 postea
3532 3494 3913 3565 Chrysostomo
3940 3506 4165 3547 succes-

2562 3590 2634 3645 sit
2684 3609 2698 3645 :
2746 3590 2983 3659 itemque
3039 3587 3247 3642 Atticus
3302 3593 3357 3640 et
3406 3584 3649 3655 Elpidius
3698 3583 4016 3654 presbyteri,
4070 3581 4165 3651 qui

2561 3682 2743 3737 nescio
2763 3680 2889 3751 quid
2917 3678 3041 3733 inde
3066 3674 3453 3732 criminationis
3476 3689 3667 3730 eruere
3688 3681 3992 3744 potuerunt,
4016 3671 4166 3741 quod

2562 3788 2754 3843 nempe
2779 3770 2977 3842 praesul
3008 3778 3116 3824 tam
3156 3766 3526 3837 frequentibus
3560 3764 3801 3834 corporis
3825 3762 4165 3832 :egritudini-

2561 3864 2662 3919 bus
2693 3863 2946 3918 laborans
2976 3859 3125 3915 solus
3149 3856 3475 3913 comederet.
3508 3856 3611 3925 Ipsi
3637 3869 3845 3925 quoque
3872 3868 3993 3907 cum
4021 3853 4167 3909 Aca-

2564 3953 2649 4008 cio
2677 3951 2995 4022 presbytero
3019 3948 3089 4003 de
3117 3956 3308 4017 quarto
3334 3946 3765 4000 criminationum
3790 3944 3984 4013 capite,
4012 3944 4166 4014 quod

2568 4057 2761 4111 nempe
2805 4040 3041 4095 Joannes
3082 4038 3136 4091 in
3190 4036 3416 4090 ecclesia
3463 4036 3709 4101 dixisset,
3755 4035 3989 4089 Mensam
4040 4049 4166 4091 esse

2570 4133 2832 4187 furiarum
2881 4130 3127 4198 plenam,
3173 4135 3338 4182 testes
3381 4124 3612 4180 fuerunt.
3655 4125 3940 4195 Postquam
3978 4136 4165 4180 autem

2571 4226 2688 4280 hmo
2713 4235 2933 4279 excussa
2966 4219 3135 4284 fuere,
3163 4216 3405 4288 prmdieti
3434 4216 3750 4287 presbyteri,
3787 4226 3839 4269 et
3866 4232 3985 4270 cum
4028 4217 4165 4286 ipsis

2569 4315 2729 4371 etiam
2757 4311 3049 4367 Eudtemon
3080 4318 3134 4365 et
3170 4308 3476 4375 Onesimus,
3507 4306 3824 4362 sententiam
3866 4306 4164 4362 accelerari

2568 4406 2922 4478 postularunt.

2640 4499 2766 4553 Hzec
2802 4506 2921 4551 acta
2950 4510 2980 4549 a
3008 4492 3201 4549 Photio
3227 4490 3383 4545 allata
3428 4498 3489 4544 ut
3515 4498 3759 4559 suspecta
3793 4486 3966 4557 rejicit
3991 4488 4163 4544 Baro-

2570 4592 2722 4657 nius;
2755 4604 2942 4645 verum
2967 4602 2999 4642 a
3028 4584 3369 4641 Tillemontio
3403 4584 3625 4654 aliisque
3666 4582 3795 4637 viris
3835 4580 4164 4637 doctissimis

2566 4684 2688 4753 jure
2733 4678 3056 4752 exploditur.
3107 4679 3238 4731 Acta
3284 4675 3425 4731 enim
3470 4674 3559 4729 illa
3601 4690 3689 4730 res
3739 4682 3796 4728 ut
3838 4688 3963 4727 vere
3993 4682 4165 4741 gestas

2572 4780 2698 4828 sunt
2722 4773 3019 4836 enuntiant,
3048 4778 3246 4824 etcum
3275 4766 3509 4822 Palladio
3534 4768 3585 4822 in
3615 4766 3862 4821 omnibus
3886 4763 3997 4819 fere
4023 4779 4163 4819 con-

2573 4864 2810 4921 sentiunt
2856 4880 2871 4918 :
2914 4862 2968 4917 in
3014 4860 3329 4934 quibusdam
3373 4860 3515 4916 enim
3566 4859 3726 4915 etiam
3775 4855 3994 4912 Palladii
4044 4868 4164 4909 (evo

2574 4959 2713 5013 circa
2740 4971 2829 5012 res
2856 4963 2911 5010 et
2949 4964 3064 5010 acta
3110 4953 3352 5024 qumdam
3379 4952 3540 5006 varia:
3579 4957 3732 5005 erant
3772 4948 4073 5019 opiniones,
4106 4954 4166 4998 ut

2576 5052 2627 5105 in
2670 5048 3015 5122 sequentibus
3057 5047 3342 5101 videbitur.
3392 5047 3649 5100 Actorum
3696 5043 3858 5098 etiam
3899 5056 3929 5094 a
3968 5038 4164 5095 Photio

2576 5143 2965 5212 descriptorum
2995 5140 3275 5195 veritatem
3319 5136 3514 5207 probat
3540 5136 3809 5190 accusatio
3837 5134 3925 5188 illa
3952 5134 4161 5203 quinta,

2575 5249 2677 5305 qua
2699 5233 2895 5289 dicitur
2926 5234 2977 5287 in
3007 5231 3266 5287 concione
3299 5228 3525 5299 quadam
3554 5226 3655 5279 hoc
3689 5225 3991 5295 protulisse,
4022 5225 4166 5276 insa-

2575 5328 2678 5381 nio.
2725 5328 2854 5393 Qua:
2882 5340 2984 5379 vox
3031 5323 3255 5378 habetur
3280 5320 3429 5375 initio
3458 5317 3749 5381 concionis,
3781 5330 3936 5385 quam
3982 5313 4164 5370 habuit

2581 5417 2817 5471 Eudoxia
2860 5419 3099 5486 Augusta
3146 5419 3429 5483 pnesente,
3472 5423 3629 5479 quam
3669 5406 3982 5461 concionem
4024 5422 4163 5464 nunc

2580 5508 2806 5579 primum
2833 5507 3093 5561 edidimus
3119 5505 3181 5559 T.
3209 5502 3323 5558 Xll.

2650 5601 2729 5656 Ex
2755 5601 2887 5655 actis
2916 5600 3044 5669 ipsis
3090 5604 3359 5653 mutuatus
3400 5592 3620 5647 Photius
3664 5588 3943 5658 episcopos
3988 5588 4164 5661 Syno.

2578 5695 2703 5750 dum
2734 5694 2872 5749 illam
2904 5692 3291 5748 constituentes
3317 5683 3661 5756 quadraginta
3690 5682 3921 5753 quinque
3943 5698 4171 5739 numero

2580 5787 2743 5842 fuisse
2790 5786 2935 5841 dicit.
2987 5783 3185 5839 Verum
3234 5778 3371 5835 lides
3418 5776 3594 5846 potius
3648 5774 3885 5831 habenda
3931 5775 4173 5831 Palladio

2582 5878 2814 5951 (Pallad.
2843 5875 3037 5945 DiaL),
3071 5873 3160 5943 qui
3191 5870 3401 5941 triginta
3424 5882 3513 5922 sex
3543 5876 3744 5923 tantum
3764 5865 3928 5922 fuisse
3955 5879 4175 5919 asseve-

2584 5976 2703 6035 rat;
2733 5970 2803 6025 ita
2832 5976 2900 6039 ut
2942 5965 3112 6037 major
3154 5971 3280 6018 tunc
3322 5960 3692 6033 episc0p0rum
3738 5970 3992 6016 numerus
4050 5969 4162 6010 corr
