4526 6710
430 545 527 602 901

427 660 634 714 Joanne
669 667 852 715 esset:
882 674 1001 715 nam
1047 655 1390 726 quadraginta
1434 667 1657 709 numero
1687 659 1840 705 erant
1877 667 2007 704 cou-

428 753 660 822 gregati;
683 753 771 824 qui
800 753 1058 806 adversus
1074 746 1422 814 Theophilum
1449 743 1782 814 septuaginta
1806 743 2011 796 libellos

429 842 731 909 habebant,
785 841 1053 908 manifesta
1104 838 1306 907 piacula
1372 838 1704 892 continentes
1750 832 2006 902 (Pallad.

341 1002 347 1008 ν
427 931 677 1007 Dialog.).
711 937 844 988 Dum
887 931 961 984 illi
1005 929 1072 982 de
1101 929 1258 981 rebus
1292 926 1661 982 ecclesiasticis
1709 937 2006 999 sermonem

337 1011 349 1028 ’
430 1027 710 1087 haberent,
738 1024 1034 1077 nuntiatum
1061 1028 1144 1073 est
1169 1019 1353 1074 adesse
1377 1020 1514 1089 quia
1540 1015 1838 1084 Theophilo
1863 1015 2007 1068 missi

424 1126 633 1187 essent,
684 1128 874 1180 nempe
918 1112 1222 1164 Dioscorum
1274 1122 1326 1165 et
1365 1112 1608 1171 Paulum,
1654 1107 1741 1177 qui
1787 1120 2008 1174 nupere

425 1209 589 1279 Libya
618 1206 846 1259 ordinati
883 1204 1104 1257 fuerant.
1130 1204 1360 1259 Juvenes
1384 1205 1531 1273 jubet
1556 1203 1643 1256 ille
1672 1203 1888 1255 intrare.
1920 1199 2006 1252 In-

422 1300 588 1368 gressi
610 1299 679 1351 illi
702 1296 982 1350 sebedulas
1007 1296 1294 1363 proferunt,
1312 1312 1441 1367 quas
1459 1295 1862 1349 voluitJoannes
1880 1293 2003 1360 legi.

422 1392 570 1444 Tunc
598 1390 783 1459 jubent
822 1388 896 1440 illi
940 1386 1215 1453 Theophili
1257 1404 1478 1455 puerum
1525 1388 1731 1455 legere;
1762 1384 1876 1436 lure
1907 1398 1996 1435 au-

425 1491 529 1534 tem
558 1482 610 1534 iu
637 1478 850 1534 schedis
880 1476 1184 1530 ferebantur
1212 1495 1225 1530 :
1257 1478 1445 1530 Sancta
1477 1476 1717 1540 Sgnodus
1745 1474 1811 1527 ad
1844 1474 2007 1539 Quer-

423 1586 536 1622 cum
564 1579 883 1641 congregata.
915 1567 1136 1620 Libellos
1165 1569 1441 1636 accepimus
1484 1569 1747 1621 aduersum
1788 1577 1854 1627 te,
1887 1565 2007 1632 inﬁ-

423 1662 529 1712 nita
563 1664 772 1714 crimina
806 1661 1129 1714 continentes.
1160 1658 1338 1710 Adesto
1360 1660 1530 1728 igitur,
1563 1669 1722 1711 tecum
1749 1657 2005 1710 adducens

425 1750 752 1821 Serapionem
792 1763 839 1806 et
881 1750 1106 1823 Tigrium
1153 1750 1460 1819 presbyteros
1502 1768 1520 1805 :
1565 1754 1628 1805 iis
1689 1752 1820 1805 enim
1874 1765 2002 1818 opus

422 1851 494 1894 est
500 1880 513 1894 .

491 1931 742 1997 Joannes,
772 1934 846 1987 uti
876 1949 1032 2003 supra
1063 1932 1295 1986 diximus
1319 1971 1334 1996 ,
1370 1947 1428 1986 se
1456 1943 1690 2000 paratum
1721 1946 1839 1987 esse
1869 1946 1998 2000 pro-

425 2021 593 2078 fessus
643 2023 816 2078 fuerat
859 2026 909 2078 in
960 2024 1176 2095 Synodo
1227 2022 1294 2076 ad
1343 2022 1604 2089 Quercum
1653 2037 1992 2091 comparere,

421 2114 706 2169 dummodo
723 2132 787 2170 ex
799 2115 1034 2184 judicum
1057 2129 1280 2168 numero
1301 2114 1611 2167 tollerentur
1632 2114 1684 2177 ii,
1711 2115 1797 2182 qui
1817 2121 1996 2182 aperte

420 2203 615 2259 inimici
656 2205 737 2259 sui
768 2214 920 2260 erant
967 2223 981 2258 :
1021 2219 1213 2273 nempe
1253 2203 1599 2270 Theophilus,
1643 2203 1992 2267 Severianus,

416 2298 710 2353 Antiochus
758 2307 812 2353 et
857 2298 1103 2352 Aeacius.
1161 2297 1359 2351 Verum
1409 2296 1642 2364 episcopi
1697 2305 1822 2348 tunc
1874 2308 1995 2348 cum

418 2389 622 2445 Joanne
666 2392 1104 2460 congregati,tres
1145 2390 1426 2460 episcopos
1452 2388 1710 2441 miserunt
1732 2387 1797 2440 ad
1824 2386 1999 2440 Theo-

418 2480 642 2548 philum,
673 2495 860 2549 nempe
889 2481 1225 2550 Lupicinum,
1261 2480 1586 2532 Demetrium
1615 2487 1668 2532 et
1697 2477 1992 2547 Eulysium,

418 2571 861 2641 presbyterosque
899 2572 1066 2634 duos,
1113 2571 1437 2625 Germanum
1484 2580 1644 2638 atque
1698 2566 1950 2623 Severum
1977 2608 1992 2632 ,

424 2661 566 2715 viros
589 2670 800 2714 sanctos
820 2670 872 2714 et
910 2662 1010 2716 tide
1035 2662 1243 2730 dignos,
1273 2661 1361 2730 qui
1393 2660 1688 2728 Theopbtlo
1715 2659 1991 2712 dicerent:

417 2750 545 2804 Noli
572 2767 651 2804 res
679 2749 916 2803 Ecclesia:
940 2750 1236 2813 subvertere,
1282 2767 1373 2803 nec
1420 2749 1698 2803 Ecclesiam
1726 2748 1952 2801 scindere
1972 2787 1988 2815 ,

415 2852 621 2911 prapter
669 2857 821 2909 quant
870 2839 1005 2893 Deus
1050 2840 1100 2893 in
1145 2857 1348 2894 carnem
1399 2838 1675 2893 descendit.
1722 2836 1782 2892 Si
1824 2847 1992 2890 autem

414 2933 699 2987 inordinate
724 2930 964 2984 Nica'nos
1007 2948 1219 2984 canones
1262 2931 1500 2984 subvertis
1547 2937 1875 2982 trecentorum
1902 2927 1992 2980 de-

411 3039 518 3075 cem
543 3031 590 3074 et
614 3031 724 3074 octo
754 3021 1120 3090 episcoporum,
1149 3030 1194 3072 et
1223 3027 1366 3072 extra
1391 3019 1569 3070 limites
1597 3019 1732 3070 litem
1751 3017 1955 3085 judicas
1973 3030 1993 3068 :

411 3113 516 3180 iam
544 3110 720 3163 melius
757 3110 932 3180 facito,
965 3108 1121 3161 transi
1161 3108 1228 3160 ad
1256 3123 1348 3160 nos
1385 3107 1440 3159 in
1480 3105 1654 3159 urbem
1683 3106 1884 3173 optimis
1922 3105 1995 3157 le-

413 3204 559 3271 gibus
605 3206 891 3271 fundatam,
937 3216 1029 3254 nec
1065 3217 1203 3253 more
1248 3181 1392 3253 Caini
1434 3199 1634 3252 Abelem
1673 3212 1906 3265 provoces
1941 3197 1996 3250 in

411 3307 679 3364 campum;
726 3301 782 3344 ut
829 3308 920 3345 nos
970 3301 1018 3344 te
1064 3292 1207 3361 prius
1252 3290 1538 3344 audiamus.
1579 3288 1834 3341 Habemus
1863 3287 1996 3341 enim

411 3383 648 3437 adversus
696 3391 743 3435 te
793 3380 986 3435 libellos
1051 3382 1370 3451 septuaginta
1423 3383 1647 3450 capitum
1716 3379 1994 3432 manifesta

413 3473 616 3542 piacula
644 3472 946 3525 continentes
989 3487 1008 3524 :
1048 3481 1095 3524 et
1124 3472 1290 3540 plures
1318 3487 1508 3532 sumus,
1537 3487 1688 3534 quam
1729 3477 1815 3522 tua
1837 3486 1993 3539 syno-

413 3565 528 3626 dus,
552 3560 644 3614 Dei
667 3561 827 3631 gratia
844 3560 1145 3629 congregati,
1168 3575 1283 3612 non
1311 3560 1380 3611 ad
1404 3560 1704 3612 eversionem
1730 3558 1990 3627 Ecclesiae,

412 3655 502 3707 sed
526 3654 593 3705 ad
634 3667 806 3722 pacem
830 3650 1126 3704 curandam.
1161 3649 1239 3702 Tu
1264 3651 1398 3703 enim
1427 3651 1706 3703 tricesimus
1729 3660 1901 3703 sextus
1937 3667 1990 3703 es

411 3763 477 3798 ea:
505 3745 655 3798 unica
697 3742 949 3811 provincia
968 3758 990 3823 ξ
1011 3757 1102 3795 nos
1135 3756 1249 3794 vero
1292 3756 1464 3794 sumus
1493 3741 1830 3810 quadraginta
1853 3756 1881 3793 e
1908 3741 1987 3792 di-

413 3836 568 3888 uersis
589 3833 873 3904 prouinciis,
895 3833 1021 3886 inter
1043 3848 1166 3900 quos
1209 3847 1383 3885 sumus
1405 3832 1556 3885 etiam
1579 3841 1765 3901 septem
1803 3840 1987 3885 metro-

415 3925 606 3992 polittr.
635 3924 704 3978 Et
725 3934 1104 3977 consentaneum
1129 3922 1219 3988 est,
1241 3930 1298 3974 ut
1314 3921 1477 3974 minor
1499 3937 1734 3975 numerus
1753 3938 1784 3973 a
1805 3921 1989 3990 majori

413 4025 565 4083 atque
607 4014 789 4083 potiori
826 4012 1095 4067 secundum
1147 4027 1362 4065 canones
1411 4011 1690 4082 judicetur.
1733 4010 1989 4065 Habemus

412 4104 547 4160 enim
573 4113 620 4157 et
643 4105 905 4173 epistolam
931 4113 1086 4169 tuam,
1125 4119 1214 4172 per
1245 4118 1400 4170 quam
1442 4118 1613 4156 mones
1643 4103 1992 4172 coepiscOpum

415 4202 638 4248 nostrum
674 4193 928 4248 Joannem
952 4237 968 4262 ,
994 4195 1357 4247 accusationem
1395 4203 1536 4248 extra
1575 4194 1755 4247 limites
1779 4210 1880 4248 non
1907 4195 1994 4247 de-

418 4291 529 4340 bere
554 4285 770 4338 admiui.
806 4286 972 4352 Unde,
1000 4286 1340 4340 ecclesiasticis
1361 4286 1550 4356 legibus
1584 4285 1871 4355 obsequens,
1903 4302 1988 4339 ac-

416 4385 665 4433 cusatores
685 4387 795 4430 tuos
817 4395 1040 4446 precare,
1067 4388 1120 4431 ut
1158 4380 1233 4433 vel
1254 4381 1316 4432 ab
1337 4380 1620 4433 accusando
1642 4388 1686 4432 te
1714 4379 1986 4444 desistant,

419 4471 494 4524 uel
513 4485 573 4522 ne
599 4477 864 4536 provocent
889 4479 935 4521 te
955 4480 1008 4522 ut
1026 4471 1095 4523 ad
1115 4470 1367 4525 Joannem
1388 4472 1615 4525 accedas.
1642 4470 1757 4523 Alia
1782 4483 1990 4538 quoque

422 4562 503 4616 his
528 4559 853 4630 adjecerunt,
883 4574 1003 4628 qua:
1031 4561 1099 4614 ab
1127 4562 1316 4617 eodem
1345 4563 1578 4617 Palladio
1601 4562 1916 4616 referuntur.

488 4652 574 4707 Ait
619 4665 746 4704 vero
785 4649 1197 4720 Cbrysostomus
1235 4653 1288 4707 in
1337 4655 1573 4724 Epistula
1613 4670 1706 4708 sua
1735 4654 1800 4708 ad
1830 4654 1989 4708 Inno-

419 4743 646 4801 centium
685 4742 879 4809 Papam
897 4782 911 4805 ,
929 4743 991 4796 T.
1009 4743 1423 4810 5.c.551.l.23,
1449 4741 1806 4812 Theophilum
1824 4745 1988 4799 advo-

421 4841 622 4898 cavisse
672 4834 1094 4892 archidiaconum
1155 4833 1836 4904 Constanttnopolitanum,
1900 4837 1989 4906 qui

423 4933 563 4988 hand
611 4929 769 4986 dubie
796 4926 1027 4998 partibus
1070 4925 1180 4979 suis
1200 4923 1468 4990 hazrebat;
1512 4936 1672 4996 atque
1710 4929 1824 4997 ejus
1862 4943 1993 4997 ope-

421 5039 480 5078 ra
523 5023 734 5079 Clerum
778 5034 985 5075 onmem
1025 5017 1124 5072 sibi
1163 5015 1484 5084 adiunxisse.
1526 5017 1641 5071 Jam
1677 5020 1819 5072 enim
1855 5020 1993 5073 vidi-

422 5131 542 5172 mus
579 5116 790 5171 Clernm
818 5109 1460 5178 ConstantinOpolitanum
1484 5149 1499 5174 ,
1532 5109 1681 5177 cujus
1706 5109 1992 5166 dissolutos

420 5225 601 5265 .nores
629 5208 923 5264 incessebat
943 5203 1346 5274 Cbrysostomus
1365 5241 1380 5266 ,
1409 5199 1656 5255 infestum
1682 5201 1778 5269 ipsi
1804 5201 1986 5258 fuisse.

491 5301 724 5356 Joannes
743 5315 891 5362 vero,
913 5306 1187 5369 postquam
1212 5291 1455 5364 Syuodus
1481 5293 1598 5346 haec
1617 5295 1988 5362 responderat,

423 5390 475 5442 in
507 5391 673 5458 prima
692 5392 798 5458 jam
825 5406 917 5444 sua
943 5387 1302 5459 responsione,
1331 5383 1398 5439 de
1421 5398 1523 5453 qua
1552 5385 1798 5454 superius
1819 5429 1833 5452 ,
1858 5388 1988 5442 insi-

420 5488 589 5539 stens,
618 5480 732 5535 haec
757 5483 895 5544 datis
923 5481 1091 5535 literis
1119 5475 1422 5548 respondit,
1449 5490 1506 5530 se
1536 5476 1588 5528 in
1631 5479 1819 5544 quovis
1850 5480 1990 5545 loco,

421 5567 519 5622 etsi
547 5567 598 5620 id
625 5567 676 5620 In
703 5570 914 5626 civitate
943 5571 1057 5625 ﬁeri
1082 5569 1330 5640 oportuit,
1354 5575 1591 5636 paratum
1619 5581 1738 5621 esse
1758 5569 1822 5622 ad
1846 5569 1990 5638 judi-

423 5659 562 5712 cium
589 5655 943 5725 subeundum,
969 5661 1255 5716 dummodo
1276 5657 1578 5713 manilestos
1601 5658 1843 5713 inimicos
1866 5676 1994 5717 suos

423 5765 486 5803 ex
517 5754 778 5802 conventu
809 5763 905 5803 suo
933 5753 1208 5819 ejicerent,
1239 5767 1428 5823 nempe
1454 5750 1829 5820 Theophilum,
1859 5754 1993 5806 Aca-

424 5843 562 5898 cium
583 5879 596 5901 ,
624 5837 965 5893 Severianum
992 5851 1046 5895 et
1073 5845 1392 5899 Antiochum
1415 5885 1429 5907 ,
1458 5858 1589 5912 quos
1611 5843 1774 5912 aperti
1802 5842 1909 5896 odii
1941 5856 1994 5899 et

425 5932 707 5993 inimicitia:
727 5931 873 6003 signa
898 5931 1107 5988 dedisse
1134 5938 1418 6004 probabat;
1438 5937 1710 5993 declarans
1731 5951 1788 5992 se
1803 5937 1991 5991 etiam-

1627 536 1808 593 ΝυΝο
1846 536 2106 594 PRIMUM
2148 539 2542 595 ADORNATA.

3593 543 3702 596 202

2118 653 2161 707 si
2207 653 2387 708 decies
2415 654 2610 709 millies
2653 656 2915 726 miserint,
2948 657 3134 712 eadem
3164 671 3377 729 semper
3405 673 3694 730 responsu-

2117 760 2233 797 rum
2259 759 2401 799 esse.

2188 838 2301 891 Illis
2328 847 2506 892 autem
2529 841 2615 907 qui
2643 843 2988 898 mittebantur
3010 844 3262 913 egressis,
3287 846 3430 900 venit
3450 845 3698 901 Notarius

2113 926 2317 981 habens
2341 929 2656 997 rescriptum
2686 933 3055 1002 Imperatoris,
3087 934 3168 987 cui
3203 935 3399 989 inserta
3430 947 3544 990 erat
3572 951 3699 1005 sup-

2113 1019 2324 1087 plicatio
2362 1021 2729 1088 episcoporum
2771 1026 3066 1092 petentium
3106 1035 3162 1079 ut
3198 1025 3432 1080 Joannes
3463 1028 3528 1080 ad
3556 1028 3699 1096 judi-

2109 1109 2248 1162 cium
2293 1109 2490 1162 invitus
2533 1111 2829 1179 siSIeretur,
2876 1115 3129 1185 illumque
3160 1116 3414 1172 Notarius
3450 1118 3517 1172 ad
3552 1118 3697 1187 judi-

2108 1202 2248 1255 cium
2282 1203 2504 1272 urgebat
2533 1220 2546 1253 :
2581 1204 2694 1270 ipse
2722 1219 2848 1258 vero
2874 1206 3057 1259 eadem
3093 1209 3204 1275 ipsa
3243 1226 3360 1278 qua:
3393 1224 3553 1279 supra
3584 1208 3695 1263 No-

2111 1296 2244 1348 tario
2274 1296 2566 1363 respondit.
2593 1297 2828 1352 Subinde
2848 1307 3026 1353 autem
3049 1339 3062 1361 ,
3090 1315 3190 1353 nec
3215 1316 3359 1355 mora
3381 1341 3398 1366 ,
3427 1309 3694 1357 venerunt

2107 1386 2212 1440 duo
2244 1388 2532 1458 presbyteri
2571 1388 2826 1454 Joannis,
2867 1390 3141 1459 Eugenius
3162 1430 3178 1453 ,
3214 1392 3303 1459 qui
3331 1392 3690 1460 episcopatum

2109 1475 2374 1531 lleraclem
2411 1479 2461 1531 in
2493 1481 2902 1546 conspirationis
2940 1481 3245 1534 mercedem
3281 1491 3598 1549 acceperat,
3633 1489 3686 1535 et

2107 1566 2335 1623 Isaaeius
2362 1572 2678 1633 Monachus.
2707 1589 2810 1626 non
2839 1573 3074 1627 melioris
3102 1583 3242 1627 notae
3273 1574 3433 1626 homo
3454 1615 3468 1639 ,
3497 1572 3561 1626 ad
3595 1571 3693 1643 Sy-

2108 1660 2302 1712 nodum
2330 1662 2472 1713 illum
2498 1663 2880 1730 compellantes
2903 1706 2918 1730 ,
2951 1676 3006 1719 ut
3032 1665 3238 1735 objecta
3267 1666 3490 1720 erimina
3516 1665 3688 1720 dilue-

2107 1756 2210 1802 ret.
2244 1749 2334 1802 His
2360 1753 2632 1819 respondit
2661 1753 2893 1809 Joannes
2920 1772 3011 1824 per
3037 1759 3315 1826 episcopos
3342 1760 3392 1812 in
3413 1757 3687 1828 Synodum

2103 1840 2170 1893 ad
2201 1840 2464 1907 Quercum
2499 1843 2712 1896 missos.
2748 1844 3156 1915 Proximumque
3199 1849 3310 1902 fore
3349 1849 3596 1914 videbat,
3629 1861 3683 1903 ut

2102 1933 2154 1985 in
2185 1942 2290 1986 tam
2317 1933 2606 1989 damnabili
2635 1944 2777 1990 cmtu
2805 1937 2918 2006 ipse
2944 1937 3191 1993 innoxius
3222 1938 3379 2006 licet,
3408 1955 3566 1995 causa
3593 1955 3688 1996 ca-

2100 2021 2270 2076 deret.

2171 2113 2249 2167 Illi
2276 2130 2401 2170 vero
2431 2118 2667 2188 episcOpi
2693 2118 2761 2174 ad
2796 2119 3071 2191 Synodum
3103 2122 3290 2188 missi,
3325 2124 3557 2192 pessime
3590 2139 3687 2179 ex-

2098 2205 2236 2272 cepti
2267 2205 2447 2272 fuere;
2479 2209 2638 2263 alium
2666 2211 2810 2266 enim
2840 2213 3152 2268 verberibus
3182 2198 3513 2282 affecerunt,
3550 2216 3687 2272 alte-

2100 2294 2212 2348 rius
2239 2305 2413 2349 vestes
2439 2297 2859 2366 discerpserunt,
2883 2303 3033 2356 alteri
3057 2315 3273 2357 catenas
3303 2306 3505 2360 ferreas
3541 2307 3685 2361 collo

2100 2382 2532 2452 circumposuere
2555 2427 2570 2450 ,
2597 2402 2728 2456 quas
2763 2399 2946 2443 sancto
2990 2391 3181 2445 Joanni
3227 2403 3582 2461 paraverant,
3625 2404 3686 2449 ut

2102 2474 2181 2534 sic
2210 2476 2486 2544 conjectus
2517 2477 2569 2530 in
2599 2479 2896 2532 naviculam
2934 2481 2985 2532 in
3032 2480 3264 2548 ignotum
3299 2483 3472 2536 locum
3503 2499 3688 2537 amau-

2099 2567 2338 2632 daretur,
2367 2567 2610 2622 dwmone
2639 2569 2780 2633 illos,
2804 2571 2972 2640 inquit
3000 2571 3287 2637 Palladius,
3317 2574 3475 2627 veluti
3506 2574 3687 2629 leones

2095 2654 2370 2712 eﬂ'erente.
2400 2657 2624 2722 Quidam
2651 2674 2781 2713 vero
2818 2675 2886 2714 ex
2927 2660 2994 2713 iis
3016 2662 3103 2730 qui
3140 2661 3287 2716 missi
3318 2661 3532 2716 fuerant
3562 2677 3684 2732 per-

2096 2746 2266 2800 territi
2306 2746 2375 2800 ad
2427 2746 2690 2802 Joannem
2735 2763 2841 2802 non
2877 2760 3216 2804 reverterunt
3257 2752 3275 2820 (
3307 2749 3514 2805 Sozam.
3555 2753 3595 2806 ι.
3625 2751 3680 2806 8.

2093 2851 2139 2888 c.
2169 2833 2258 2906 I7)
2285 2853 2300 2890 :
2329 2836 2628 2890 Demetrius
2648 2846 2848 2901 autem,
2879 2849 2934 2892 et
2960 2839 3282 2908 quicumque
3304 2840 3528 2895 Joannis
3551 2855 3682 2896 con-

2093 2927 2317 2980 sortium
2337 2926 2542 2980 cunctis
2567 2927 2724 2982 rebus
2739 2929 3154 2998 anteponebant,
3180 2929 3247 2982 ad
3268 2930 3420 2984 illum
3448 2930 3680 2986 rediere.

2096 3015 2303 3070 Eodem
2349 3016 2438 3071 die
2471 3033 2646 3071 cursor
2685 3026 2730 3072 et
2766 3019 2992 3072 notarius
3015 3059 3031 3085 ,
3067 3036 3132 3073 ex
3173 3019 3377 3074 Palatio
3403 3021 3682 3076 venientes

2097 3106 2356 3161 Joannem
2399 3107 2655 3177 urgebant
2689 3115 2749 3162 ut
2789 3108 2857 3162 ad
2893 3109 3172 3178 episcopos
3208 3109 3490 3166 accederet
3519 3129 3535 3166 :
3563 3112 3681 3166 illos

2096 3211 2226 3251 vero
2244 3197 2434 3251 hortati
2456 3207 2598 3262 sunt,
2617 3204 2675 3252 ut
2691 3197 2948 3266 judicium
2975 3200 3353 3254 accelerarent.
3377 3201 3502 3255 Haec
3518 3216 3681 3270 porro

2096 3288 2273 3340 omnia
2297 3325 2314 3351 ,
2353 3295 2412 3340 ut
2448 3287 2668 3342 credere
2695 3296 2812 3355 est,
2845 3288 3166 3343 moliebatur
3203 3289 3442 3343 Eudoxia
3479 3289 3678 3347 Joanni

2096 3385 2282 3432 nostro
2309 3376 2533 3431 infensa.

2167 3465 2549 3537 Chrysostomus
2564 3466 2615 3520 in
2641 3466 2850 3537 Synodo
2876 3467 2943 3520 ad
2967 3467 3216 3532 Quercum
3241 3469 3512 3522 damnatur
3530 3479 3575 3524 et
3594 3471 3683 3525 de—

2095 3560 2320 3630 ponitur.
2349 3589 2422 3601 -—
2442 3560 2578 3614 Aliis
2604 3574 2734 3614 vero
2755 3560 3106 3625 instantibus,
3131 3560 3325 3614 Paulus
3365 3561 3679 3616 Heracleota

2093 3651 2296 3719 primus
2334 3665 2521 3704 onmes
2555 3651 2873 3704 sententiam
2912 3651 3090 3705 dicere
3122 3652 3345 3720 rogavit.
3390 3653 3680 3709 Statutum-

2089 3755 2193 3810 que
2224 3740 2320 3794 fuit
2343 3739 2600 3794 Joannem
2626 3754 2655 3792 a
2681 3740 2809 3794 sede
2837 3741 3146 3809 pellendum
3175 3755 3293 3795 esse
3322 3759 3335 3794 :
3365 3758 3525 3811 quam
3551 3759 3678 3798 sen-

2089 3831 2309 3886 tentiam
2347 3830 2562 3899 protulit
2599 3830 2916 3901 Gymnasius
2951 3833 3268 3902 episcopus,
3294 3842 3348 3888 et
3374 3844 3678 3903 postremus

2091 3923 2440 3993 Theophilus.
2467 3921 2664 3977 Omnes
2700 3932 2873 3977 autem
2907 3924 3138 3992 episcopi
3186 3939 3411 3978 numero
3445 3925 3676 3995 quadra-

2090 4014 2235 4082 ginta
2259 4014 2490 4083 quinque
2515 4020 2668 4068 erant
2685 4052 2700 4077 ,
2733 4013 2777 4066 si
2799 4011 2928 4066 fides
2955 4013 3026 4068 sit
3051 4013 3184 4067 actis
3211 4029 3240 4066 a
3265 4014 3456 4068 Pbotio
3478 4016 3674 4072 allatis.

2094 4105 2221 4159 Hazc
2248 4118 2409 4172 porro
2449 4112 2567 4156 acta
2606 4101 2794 4171 rejecit
2822 4102 3080 4157 Baronius
3103 4145 3118 4167 ,
3148 4105 3237 4173 qui
3279 4119 3309 4157 a
3339 4104 3510 4160 doctis
3549 4106 3676 4162 viris

2090 4194 2213 4263 jure
2254 4194 2574 4262 exploditur.
2619 4193 2752 4247 Nam
2789 4202 2906 4247 acta
2936 4194 3026 4248 illa
3054 4209 3180 4248 vera
3204 4209 3325 4249 esse
3353 4205 3538 4264 putant
3564 4205 3673 4253 tum

2094 4287 2181 4338 alii
2212 4285 2352 4338 docti
2376 4285 2494 4347 viri,
2522 4296 2630 4339 tum
2666 4285 3042 4355 sagacissimus
3070 4285 3458 4342 Tillemontius.
3487 4287 3676 4344 Crimi-

2093 4377 2334 4429 nationes
2378 4390 2541 4443 porro
2579 4376 2695 4429 illas
2718 4415 2733 4440 ,
2773 4375 2856 4429 vel
2897 4376 3070 4428 nullas
3095 4415 3110 4440 ,
3145 4378 3225 4430 vel
3254 4387 3561 4445 contortas,
3587 4379 3669 4433 vel

2091 4467 2306 4520 omnino
2332 4465 2487 4519 falsas
2510 4481 2630 4520 esse
2655 4475 2840 4534 putant
2868 4473 2974 4518 tum
3005 4467 3244 4532 Photius,
3272 4477 3379 4522 tum
3407 4480 3669 4539 quotquot

2091 4557 2202 4613 veri
2246 4571 2427 4610 amore
2467 4564 2737 4610 tenentur.
2765 4554 2822 4609 1n
2851 4554 3206 4610 damnationis
3237 4573 3364 4611 vero
3401 4549 3666 4614 sententia

2093 4652 2224 4706 nihil
2250 4649 2388 4704 aliud
2420 4648 2702 4714 ferebatur,
2732 4662 2891 4718 quam
2922 4648 3062 4717 quod
3098 4649 3149 4702 in
3181 4648 3398 4720 Synodo
3437 4666 3658 4723 compa-

2094 4759 2215 4801 rere
2244 4742 2518 4801 noluisset.

2164 4837 2354 4892 Postea
2400 4833 2619 4889 mittitur
2643 4830 2709 4885 ad
2752 4828 2967 4885 Clerum
3011 4831 3665 4903 Constantinopolitanum

2095 4926 2319 4997 epistola
2348 4923 2538 4995 (Phot.
2566 4920 2690 4975 Cod.
2721 4936 2812 4975 ιιι
2834 4919 2876 4986 ),
2905 4936 3007 4991 qua
3035 4922 3383 4977 nuntiabatur
3406 4923 3665 4979 Joannem

2097 5033 2126 5071 a
2152 5015 2573 5084 sede'dejeclum
2603 5011 2769 5068 fuisse
2789 5054 2804 5080 ,
2831 5012 3166 5083 idipsumque
3193 5013 3498 5084 Imperatori
3529 5031 3667 5069 nun-

2099 5109 2296 5162 tiatur:
2326 5105 2615 5160 addebatur
2651 5104 2813 5160 etiam
2837 5105 2984 5161 illum
3028 5106 3166 5162 laesa:
3197 5106 3486 5176 majestatis
3514 5121 3664 5160 reum

2098 5199 2376 5256 declarari.
2408 5197 2730 5251 Hortabatur
2755 5206 2934 5252 autem
2969 5197 3347 5266 Imperatorem
3382 5194 3662 5266 Synodus,

2098 5303 2157 5349 ut
2177 5294 2386 5364 iuberet
2410 5291 2554 5345 illum
2578 5290 2722 5360 ejici,
2754 5299 2809 5345 et
2835 5305 3020 5360 pinnas
3039 5291 3179 5361 laesae
3203 5287 3489 5357 maiestatis
3513 5288 3664 5344 dare.

2098 5387 2303 5442 Lzesam
2330 5394 2506 5440 autem
2537 5384 2867 5453 maiestatem
2895 5383 3140 5438 dicebant
3177 5379 3314 5450 quod
3356 5380 3668 5450 Imperatri-

2098 5496 2212 5536 cem
2252 5479 2550 5534 Jezabelem
2596 5477 2915 5546 appellasset
2969 5492 2982 5528 :
3019 5473 3085 5528 ad
3144 5472 3256 5526 haec
3294 5471 3459 5527 oblati
3502 5472 3669 5528 libelli

2098 5585 2221 5627 sunt
2244 5586 2272 5624 a
2299 5570 2574 5634 Geruntio,
2603 5570 2821 5623 Paulino
2846 5577 2898 5622 et
2919 5565 3306 5634 Eugnomonio,
3329 5566 3419 5635 qui
3443 5582 3504 5622 se
3533 5566 3668 5633 iniu-

2097 5673 2177 5719 ste
2202 5661 2462 5716 a-Joanne
2500 5661 2800 5729 episcopatu
2844 5657 3024 5726 pulsos
3062 5655 3442 5724 querebantur.
3471 5657 3665 5710 Verum

2097 5755 2187 5826 qui
2214 5754 2517 5822 episcopatu
2546 5751 2614 5805 ab
2643 5765 2707 5804 eo
2735 5748 2887 5816 ejecti
2920 5747 3150 5813 fuerant,
3183 5750 3393 5804 nonnisi
3433 5756 3552 5816 post
3577 5761 3668 5801 sec

2097 5849 2326 5907 cundum
2365 5847 2609 5903 exsilium
2650 5844 2764 5913 ejus
2790 5843 3018 5898 restituti
3055 5855 3218 5909 sunt,
3247 5853 3379 5898 teste
3411 5840 3665 5896 Palladio.

2100 5942 2227 5998 Post
2253 5939 2367 5995 hac
2395 5946 2568 5993 autem
2585 5933 2914 6005 Theophilus
2934 5950 3054 5991 cum
3082 5934 3350 5990 Fratribus
3376 5932 3570 6004 Longis
3597 5932 3660 5987 la-
