4516 6708
871 557 972 611 203

869 669 1065 723 citlime
1089 664 1461 721 reconciliatus
1485 673 1601 725 est;
1629 669 1769 714 tanta
1794 659 1936 713 enim
1960 658 2265 714 eliminandi
2289 655 2449 709 Joan-

871 760 955 813 nis
979 756 1229 829 cupidine
1267 756 1576 817 tenebatur,
1615 760 1673 806 ut
1702 759 1893 805 ett-tera
1934 753 2113 805 omnia
2145 762 2325 821 parum
2354 762 2447 801 cu-

870 860 1033 906 roret.

944 938 1207 995 Arcadius
1244 937 1461 1011 Synodo
1496 932 1771 1001 rescripsit
1807 942 1863 987 et
1902 933 2122 988 Joannis
2160 930 2447 1000 depositio-

873 1046 998 1086 nem
1025 1030 1360 1085 conﬁrmavit
1387 1028 1408 1099 (
1430 1025 1583 1080 Phot.
1616 1040 1704 1079 ιιι
1724 1065 1736 1088 .
1764 1040 1829 1079 Lx
1854 1026 1893 1095 ).
1920 1026 2113 1080 Verum
2142 1022 2278 1093 quod
2306 1021 2446 1075 l;i:s:e

871 1121 1161 1191 inajestatis
1185 1120 1385 1173 crimen
1415 1125 1640 1185 spectat,
1672 1132 1778 1170 non
1803 1117 2092 1170 attendisse
2121 1114 2322 1167 videtur
2344 1111 2445 1163 Im-

870 1221 1116 1281 perator;
1168 1209 1296 1275 sed,
1327 1208 1501 1280 inquit
1546 1209 1810 1263 Palladius
1861 1210 1878 1278 (
1912 1208 2117 1262 Pallad.
2156 1206 2355 1274 Dialog.
2389 1204 2441 1272 ),

872 1303 1011 1356 Deus
1043 1316 1139 1356 cor
1172 1300 1291 1371 ejus
1318 1302 1579 1356 emollivit
1607 1342 1622 1367 ,
1667 1311 1723 1353 ut
1758 1317 1851 1355 eor
1877 1301 2085 1353 leonum
2118 1299 2447 1353 emolliverat

866 1407 991 1463 erga
1020 1392 1316 1447 Danielcm.
1358 1394 1482 1448 Ilaec
1507 1392 1725 1446 Joannis
1750 1392 2013 1459 depositio
2042 1392 2139 1443 sub
2168 1404 2444 1457 vesperam

867 1486 1104 1541 nuntiata
1146 1486 1349 1540 fuerat:
1377 1499 1481 1553 quo
1519 1493 1789 1551 comperto
1825 1484 2049 1552 populus
2082 1482 2147 1535 ad
2188 1482 2443 1551 gravissi-

866 1593 1009 1632 mam
1049 1578 1360 1632 seditionem
1399 1576 1657 1630 excitatus
1685 1586 1764 1628 cst
1797 1593 1809 1627 :
1845 1585 2055 1647 totaque
2094 1583 2250 1629 nocte
2278 1589 2444 1629 excu-

863 1670 1049 1722 bantes
1073 1708 1089 1732 ,
1132 1682 1253 1721 eum
1281 1666 1348 1720 ab
1368 1666 1593 1721 ecclesia
1624 1666 1812 1720 adduci
1846 1682 1949 1719 non
1982 1667 2121 1734 passi
2152 1675 2278 1720 sunt
2303 1708 2317 1731 ,
2349 1665 2446 1720 sed

859 1772 1073 1811 causam
1096 1758 1213 1827 ejus
1238 1758 1291 1812 in
1318 1758 1519 1827 majore
1539 1759 1766 1813 concilio
1787 1758 2177 1825 dijudieandam
2199 1774 2317 1813 esse
2339 1760 2447 1813 cla-

861 1850 1095 1903 mabant.
1126 1849 1193 1903 Et
1217 1864 1339 1904 cum
1367 1860 1614 1919 urgerent
1639 1852 1670 1903 ii
1693 1891 1708 1915 ,
1740 1851 1931 1920 quibus
1954 1850 2005 1903 id
2032 1852 2097 1904 ab
2126 1852 2447 1918 linpcratore

862 1939 1168 1993 mandatum
1206 1939 1399 2004 fuerat,
1423 1952 1480 1994 ut
1501 1956 1623 1995 eum
1650 1942 1701 1994 in
1722 1941 1969 1995 exsilium
2000 1941 2339 2003 abducerent,
2369 1941 2443 1993 illi

862 2029 1278 2084 reluctabantur.

932 2120 1321 2191 Chrysostomus
1357 2124 1409 2175 in
1452 2123 1681 2175 exsilium
1720 2122 1937 2173 ducitur.
1966 2150 2035 2161 —
2060 2119 2243 2189 Neque
2268 2120 2439 2188 jussui

865 2210 1204 2280 Imperatoris
1232 2211 1332 2264 sibi
1359 2212 1536 2263 statim
1562 2210 2003 2278 acquiescendum
2046 2211 2248 2279 putavit
2271 2209 2441 2281 Chry-

854 2309 1124 2354 sostomus
1150 2299 1169 2370 (
1191 2298 1451 2369 Chrysost.
1470 2304 1508 2349 t.
1537 2297 1590 2352 ὅ.
1621 2320 1668 2355 c.
1698 2299 1861 2367 I31);
1899 2299 2116 2353 nonnisi
2157 2300 2302 2355 enim
2326 2308 2443 2367 post

855 2390 1073 2445 biduum
1102 2404 1161 2445 se
1188 2392 1251 2444 iis
1282 2391 1495 2445 tradidit
1520 2431 1535 2454 ,
1572 2391 1666 2461 qui
1708 2406 1769 2445 se
1809 2392 1863 2445 in
1890 2392 2135 2446 exsilium
2162 2393 2443 2461 deportare

853 2481 1129 2537 curabant.
1158 2480 1458 2536 Excubanti
1486 2492 1664 2536 autem
1693 2491 1747 2537 et
1767 2497 1825 2537 se
1850 2484 1979 2539 tueri
2007 2486 2219 2538 conanti
2251 2486 2444 2554 populo

852 2571 1149 2625 orationem
1175 2571 1377 2637 habuit,
1402 2574 1453 2625 in
1475 2587 1576 2640 qua
1600 2573 1789 2626 mirum
1814 2582 2063 2641 quantam
2084 2576 2244 2628 animi
2274 2576 2439 2628 ﬁrmi-

852 2668 1019 2715 tatem
1042 2661 1311 2726 exhibeat,
1341 2676 1439 2716 nec
1466 2672 1691 2716 mortem
1726 2679 1785 2717 se
1812 2674 2046 2717 metuere
2070 2664 2197 2717 dicit
2230 2682 2243 2715 :
2275 2680 2441 2733 popu-

848 2752 1069 2820 lumque
1093 2750 1336 2805 hortatur
1355 2751 1421 2805 ad
1447 2752 1750 2820 patientiam
1778 2754 1828 2804 in
1852 2752 2091 2806 adversis
2115 2771 2127 2805 :
2148 2753 2436 2821 hostesque

852 2854 980 2894 suos
1006 2841 1217 2895 mordet
1240 2842 1451 2895 acriter.
1476 2840 1595 2892 Non
1614 2842 1767 2905 enim,
1792 2840 1979 2910 inquit,
2004 2850 2208 2910 propter
2233 2842 2434 2897 divitias

850 2930 1033 2983 mundi
1064 2931 1273 2984 insidias
1298 2931 1463 3000 patior
1486 2946 1505 2983 :
1528 2930 1664 2998 quod
1682 2931 1727 2984 si
1751 2940 1874 2984 esset
1896 2972 1910 2998 ,
1942 2934 2111 3001 utique
2147 2932 2433 2987 contristari

851 3021 1078 3075 deberem
1103 3037 1121 3075 :
1150 3038 1236 3075 nec
1258 3032 1457 3091 propter
1475 3022 1681 3090 aliquod
1706 3033 1983 3089 peccatum,
2009 3024 2095 3076 sed
2118 3033 2319 3092 prapter
2343 3040 2433 3077 ca-

849 3112 1049 3166 ritatem
1073 3153 1087 3176 ,
1114 3128 1263 3182 quam
1300 3128 1421 3181 erga
1458 3127 1545 3164 vos
1571 3112 1727 3164 habeo
1758 3127 1775 3164 :
1804 3113 1920 3180 quia
1950 3113 2122 3165 omnia
2147 3130 2243 3183 ago
2269 3124 2322 3166 ut
2350 3130 2436 3168 vos

845 3202 1124 3271 proﬁciatis
1142 3246 1155 3265 ,
1182 3214 1225 3256 et
1253 3219 1317 3257 ne
1338 3203 1451 3272 quis
1475 3203 1783 3255 subintrocat
1811 3203 1878 3255 ad
1898 3205 2296 3257 conturbandum
2318 3222 2435 3275 gre-

844 3306 957 3363 gem
978 3293 1098 3347 bene
1116 3293 1421 3357 institutum,
1446 3294 1533 3346 sed
1563 3302 1617 3345 ut
1650 3295 1988 3363 permaneatis
2026 3295 2078 3347 in
2118 3296 2436 3365 simplicitate

850 3382 989 3447 ﬁdei.
1018 3380 1143 3435 Iliae
1169 3393 1243 3435 est
1263 3398 1420 3435 causa
1448 3382 1784 3451 periculorum
1812 3399 2037 3436 meorum
2061 3425 2075 3448 ,
2100 3394 2145 3435 et
2173 3387 2281 3439 htec
2298 3387 2434 3455 sufﬁo

845 3470 987 3523 ciunt
1011 3472 1136 3524 mihi
1157 3472 1225 3523 ad
1242 3486 1499 3523 coronam.
1527 3471 1764 3525 Tandem
1793 3471 2025 3527 Joannes
2050 3473 2237 3528 videns
2264 3473 2435 3546 Impe-

843 3570 1101 3627 ratorem,
1122 3575 1183 3616 se
1208 3562 1261 3614 in
1281 3561 1527 3615 exsilium
1550 3561 1737 3615 abduci
1754 3562 2053 3631 jubentem,
2079 3563 2131 3616 in
2158 3567 2432 3634 proposito

842 3650 1164 3720 persistere,
1196 3652 1352 3707 tertio
1386 3660 1505 3722 post
1541 3652 1934 3708 damnationem
1963 3653 2051 3709 die
2079 3656 2219 3709 circa
2262 3656 2427 3711 meri-

844 3742 989 3796 diem
1013 3741 1155 3795 ultro
1178 3756 1237 3796 se
1266 3743 1379 3812 ipse
1410 3742 1643 3808 tradidit,
1664 3744 1827 3798 inscia
1847 3745 2029 3814 populi
2053 3747 2423 3802 multitudine:

840 3832 1065 3889 cavebat
1101 3834 1243 3889 enim
1282 3849 1350 3889 ne
1388 3834 1554 3905 ipsius
1578 3850 1740 3891 causa
1786 3838 2039 3892 tumultus
2081 3840 2422 3894 excitaretur.

845 3925 935 3980 Sic
962 3924 1029 3981 ab
1060 3924 1297 3981 Ecclesia
1320 3926 1578 3995 expulsus
1611 3926 1844 3982 Joannes
1866 3968 1882 3993 ,
1924 3928 2115 3984 ductus
2152 3940 2235 3984 est
2262 3946 2295 3985 a
2322 3930 2428 3985 Co-

845 4016 977 4071 mite
1016 4030 1137 4071 cum
1180 4016 1395 4071 militari
1424 4032 1584 4071 manu
1611 4018 1676 4071 ad
1717 4018 1903 4073 navale
1928 4020 1981 4073 in
2007 4022 2145 4075 ostio
2167 4021 2324 4077 Ponti
2350 4022 2425 4075 si-

848 4116 961 4159 tum
985 4145 1002 4171 ,
1043 4106 1183 4173 quod
1213 4106 1407 4159 Hieron
1435 4106 1698 4160 vocabant
1726 4122 1741 4170 ;
1789 4106 1916 4161 hinc
1955 4124 2082 4163 vero
2118 4110 2184 4163 ad
2208 4125 2427 4180 campos

850 4194 1076 4250 I‘rreneti
1106 4193 1366 4266 Bithyniae
1388 4194 1648 4250 adductus
1676 4204 1780 4262 est,
1804 4197 1946 4265 quod
1982 4207 2099 4253 erat
2138 4214 2169 4255 e
2211 4201 2427 4271 regione

844 4283 1189 4339 Nicomediae.

916 4377 991 4432 Ita
1031 4377 1213 4448 pulsus
1238 4376 1473 4434 Joannes
1504 4379 1702 4449 gratias
1742 4379 1931 4449 agebat
1975 4381 2120 4445 Deo,
2172 4382 2257 4437 illa
2302 4382 2422 4439 Jobi

843 4472 1002 4527 verba
1019 4481 1263 4541 repetens
1284 4472 1302 4544 (
1332 4472 1515 4543 Chrys.
1538 4483 1577 4527 t.
1596 4474 1649 4528 5.
1672 4490 1719 4527 c.
1738 4472 1862 4528 439.
1881 4470 2010 4540 441)
2027 4491 2039 4527 :
2056 4473 2306 4530 Dominus
2331 4476 2421 4529 de-

846 4566 919 4617 dit
951 4606 966 4629 ,
1023 4564 1271 4618 Dominus
1294 4566 1537 4619 abstulit:
1566 4568 1692 4619 sicut
1720 4566 1937 4621 Domino
1966 4568 2189 4635 placuit,
2221 4570 2294 4622 ita
2339 4571 2421 4639 fa-

847 4665 985 4706 ctum
1020 4662 1095 4707 est
1125 4669 1144 4707 :
1190 4654 1256 4707 sit
1302 4669 1484 4706 nomen
1524 4653 1727 4707 Domini
1769 4655 2075 4709 benedictum
2116 4658 2169 4711 in
2211 4662 2417 4714 sa'cala.

844 4744 1015 4812 Quem
1048 4744 1100 4798 in
1130 4744 1304 4799 locum
1334 4744 1594 4799 adductus
1622 4752 1766 4798 esset
1794 4746 2105 4813 ignorabant
2126 4747 2210 4801 vel
2238 4763 2418 4805 sacer-

841 4832 997 4889 dotes
1023 4832 1100 4888 illi
1128 4832 1323 4888 invidia
1363 4833 1649 4899 excmcati,
1679 4832 1769 4903 qui
1814 4833 1913 4902 ipsi
1957 4834 2175 4890 insidias
2210 4847 2420 4893 struxe-

843 4934 996 4980 rant:
1018 4924 1159 4995 quod
1185 4932 1407 4980 curante
1431 4923 1729 4994 Theophilo
1753 4923 1951 4980 factum
1990 4941 2109 4981 esse
2140 4929 2422 4985 verisimile

840 5023 945 5073 est.
975 5015 1301 5084 Theophilus
1326 5030 1474 5081 vero,
1505 5016 1595 5086 qui
1636 5015 1909 5088 Synodum
1939 5033 2090 5072 suam
2120 5018 2421 5075 Constanti-

846 5106 1027 5177 nopoli
1062 5106 1334 5162 celebrare
1372 5122 1533 5162 ausus
1576 5124 1680 5163 non
1723 5118 1835 5173 est,
1880 5120 2163 5180 postquam
2188 5110 2422 5167 Joannes

841 5199 1027 5268 pulsus
1052 5196 1224 5253 fuerat
1252 5198 1271 5269 (
1299 5197 1493 5252 Ibidem
1521 5201 1557 5268 ),
1588 5201 1640 5253 in
1679 5202 1861 5257 urbem
1917 5204 2132 5258 intravit
2160 5213 2319 5273 atque
2365 5206 2421 5259 in

839 5290 1117 5346 ecclesiam
1148 5290 1296 5345 venit
1315 5304 1436 5344 cum
1464 5292 1680 5346 asseclis
1704 5294 1832 5347 suis.
1854 5296 1913 5349 Si
1939 5295 2073 5349 ﬁdes
2098 5296 2167 5349 sit
2194 5295 2420 5366 Georgio

840 5378 1198 5435 Alexandrino
1222 5421 1237 5445 ,
1282 5379 1631 5435 barbarorum
1660 5382 1749 5437 ille
1773 5400 1922 5440 more
1951 5400 2072 5439 cum
2103 5385 2419 5441 satellitibus

839 5473 951 5525 suis
974 5472 1204 5527 intravit.
1226 5471 1360 5539 Quia
1388 5487 1515 5528 vero
1543 5473 1699 5528 mina
1720 5478 1909 5544 saepius
1950 5477 2168 5531 intenta:
2196 5492 2297 5530 non
2327 5492 2418 5547 po-

838 5571 1015 5617 terant
1053 5564 1302 5633 populum
1333 5564 1523 5621 sedare
1547 5605 1562 5630 ,
1592 5564 1727 5634 pulsi
1755 5565 1971 5622 Joannis
1996 5582 2279 5623 maerorem
2310 5583 2418 5623 non

836 5655 1116 5721 ferentem,
1140 5656 1331 5710 violata
1357 5656 1455 5712 fuit
1479 5659 1775 5713 reverentia
1798 5661 2034 5716 ecclesiis
2054 5661 2254 5717 debita.
2281 5660 2416 5717 Cum

832 5750 977 5805 enim
1017 5748 1371 5820 Imperatores
1408 5753 1459 5806 in
1503 5753 1615 5807 hare
1649 5762 1827 5808 sancta
1856 5756 1997 5824 pacis
2023 5758 2134 5812 loca
2155 5799 2169 5825 ,
2201 5757 2413 5812 nonnisi

840 5842 1025 5908 positis
1052 5843 1216 5897 armis
1243 5857 1307 5896 ac
1332 5842 1627 5901 diademate
1667 5846 1868 5916 ingredi
1907 5847 2173 5915 solerent;
2208 5860 2332 5904 tunc
2361 5850 2412 5904 in

835 5934 1083 5993 ecclesias
1106 5937 1330 6009 ingressi
1359 5948 1477 5993 sunt
1505 5939 1833 5996 inimicorum
1866 5942 2047 6010 instar,
2078 5944 2264 5999 armati
2297 5942 2412 5999 telis

1924 547 1978 600 S.
2012 544 2287 601 JOANNIS
2325 539 2792 597 (ιιηγδυδτολιι
2837 543 3017 610 \‘ITA,

4040 552 4148 606 ‘39}

2554 662 2609 705 et
2640 654 2817 708 clavas
2850 666 3140 724 gestantes,
3174 656 3531 726 populumque
3554 671 3618 709 ex
3650 658 3893 713 ecclesiis
3916 661 4142 729 depule-

2554 754 2714 809 runt,
2746 745 2836 814 qui
2864 746 3113 814 patientia
3138 758 3195 801 et
3236 751 3480 817 precibus
3507 757 3702 802 tantum
3740 748 3954 804 illorum
3991 755 4134 806 furo-

2553 849 2667 888 rem
2686 850 3025 905 compescere
3044 837 3346 908 studebant,
3365 851 3419 898 et
3439 848 3611 895 tamen
3628 840 3993 911 baptisterium
4019 861 4113 898 san

2552 924 2711 992 guine
2741 926 2816 979 illi
2841 925 3263 993 compleverunt.

2624 1016 2753 1069 Cum
2798 1018 2874 1071 sic
2911 1017 3262 1073 abduceretur
3299 1021 3569 1091 Joannes,
3611 1024 3698 1079 nbi
3732 1039 3844 1079 rem
3882 1027 4115 1094 cognovi

2553 1108 2812 1173 pomilus,
2843 1108 3143 1162 tumultuari
3171 1112 3355 1179 erepit,
3381 1126 3433 1167 et
3464 1115 3839 1184 Imperatorem
3868 1126 4131 1185 totamque

2551 1196 2825 1267 Synotlum
2845 1243 2860 1267 ,
2900 1202 3263 1270 priet-ipueque
3295 1202 3334 1255 Τ
3339 1203 3650 1271 licOphiEum
3682 1219 3735 1263 et
3764 1210 4134 1272 Severianum,

2550 1290 2848 1346 maledictis
2891 1293 3108 1363 appetiit
3154 1290 3173 1366 (
3212 1292 3362 1347 Socr.
3407 1297 3444 1347 l.
3478 1296 3532 1349 6.
3580 1316 3625 1351 c.
3659 1302 3741 1355 I7.
3776 1302 3982 1356 Sozam.
4014 1303 4052 1355 ι.
4080 1302 4135 1356 8.

2550 1397 2596 1434 c.
2626 1382 2693 1436 I8
2718 1382 2759 1454 ).
2788 1387 2961 1439 Ambo
2989 1388 3129 1441 enim
3159 1386 3464 1439 insidiarum
3499 1388 3551 1441 in
3582 1404 3822 1447 sanctum
3853 1396 4134 1462 priesulcm

2550 1483 2795 1529 auctores
2839 1495 2959 1532 esse
3012 1478 3336 1532 ferebantur.
3390 1477 3713 1534 Severianus
3760 1500 3886 1541 vero
3920 1502 4043 1541 cum
4084 1488 4134 1541 in

2551 1567 2775 1622 ecclesia
2810 1584 2908 1640 per
2947 1570 2999 1624 id
3040 1579 3243 1640 tempus
3273 1585 3574 1625 sermonem
3612 1570 3830 1627 haberet
3854 1616 3872 1641 ,
3916 1588 4133 1633 sentcn-

2554 1662 2702 1728 tiam,
2736 1677 2840 1733 qua
2867 1663 3099 1719 Joannes
3126 1664 3397 1733 depositus
3427 1664 3613 1726 fuerat,
3646 1663 3897 1730 laudavit,
3928 1680 3986 1721 ut
4008 1686 4137 1724 con-

2553 1760 2632 1806 tra
2661 1752 2927 1807 hominem
2976 1767 3311 1823 arrogantem
3354 1755 3513 1808 latam
3539 1793 3553 1818 ,
3591 1755 3798 1807 etiamsi
3842 1772 3949 1809 non
3986 1760 4132 1813 aliud

2549 1844 2752 1896 crimen
2780 1844 2937 1910 objici
2967 1853 3165 1911 posset.
3194 1844 3397 1899 Cmtera
3424 1846 3564 1898 enim
3592 1844 3804 1910 delicta,
3837 1846 4130 1915 inquiebat,

2549 1933 2690 1985 Deus
2722 1933 3027 1988 hominibus
3058 1936 3299 1998 remittit,
3324 1938 3568 2004 superbis
3598 1946 3774 1991 autem
3806 1940 4027 1993 resistit.
4059 1943 4129 1994 Ea

2546 2037 2671 2075 vero
2692 2023 2757 2077 de
2777 2039 2933 2077 causa
2960 2025 3184 2093 populus
3208 2026 3507 2095 indignatus
3533 2029 3583 2082 in
3608 2031 3971 2099 niajoremque
3996 2032 4131 2086 iram

2543 2113 2839 2167 concitatus
2875 2122 2977 2168 est.
3021 2115 3203 2185 Neque
3246 2118 3466 2171 ulterius
3506 2134 3536 2171 a
3582 2120 3845 2174 seditione
3890 2126 4131 2176 revocari

2545 2215 2772 2275 poterat,
2792 2207 2885 2261 sed
2905 2218 2959 2261 et
2984 2208 3037 2263 in
3066 2210 3305 2264 ecclesiis
3330 2212 3455 2279 ipsis
3472 2220 3525 2264 et
3558 2212 3609 2265 in
3628 2210 3747 2266 foro
3777 2214 4133 2267 tumultuaba-

2545 2304 2650 2349 tur.
2680 2296 2868 2365 Ingens
2893 2314 3021 2353 vero
3053 2302 3229 2370 populi
3256 2303 3406 2356 turba
3434 2302 3500 2357 ad
3528 2303 3782 2358 Palatium
3809 2308 4049 2373 perrexit
4075 2318 4132 2362 et

2548 2386 2927 2455 Imperatorem
2966 2390 3247 2461 deprecata
3296 2402 3459 2449 estut
3499 2394 3600 2449 sibi
3645 2407 3914 2464 pastorem
3970 2413 4129 2453 suum

2547 2487 2869 2533 reshtucrct.

2616 2568 2699 2621 Ex
2723 2580 2869 2623 terra:
2891 2582 3028 2624 motu
3054 2571 3438 2643 Chrysostomns
3463 2588 3828 2632 revocatur.—
3846 2579 3988 2635 Inter
4013 2580 4132 2637 bare

2540 2666 2718 2710 autem
2743 2658 2927 2713 Palatii
2953 2662 3254 2715 cubiculum
3286 2679 3603 2719 concussum
3630 2678 3729 2729 est,
3756 2678 3809 2722 et
3832 2678 3986 2723 terrae
4011 2686 4134 2725 mo-

2542 2752 2625 2797 tus
2661 2761 2883 2814 magnus
2916 2750 3098 2803 urbem
3129 2755 3402 2818 quassavit
3441 2754 3682 2825 (Pallad.
3715 2756 3855 2810 Dial.
3886 2756 4126 2812 Theodo-

2536 2844 2631 2887 ret.
2653 2834 2691 2888 ι.
2718 2836 2770 2891 5.
2798 2854 2843 2889 c.
2861 2836 2973 2908 5t).
2996 2839 3113 2907 Quo
3139 2839 3333 2895 factum
3357 2851 3413 2895 ut
3439 2846 3717 2911 perterrita
3736 2847 3992 2913 Eudoxia,
4017 2848 4127 2902 Im-

2537 2935 2781 2992 peratore
2809 2928 2969 2983 etiam
2994 2940 3282 2997 annuente,
3310 2934 3508 3001 populo
3532 2936 3916 3002 conclamante,
3939 2939 4007 2993 de
4033 2956 4125 2994 rc-

2538 3019 2776 3073 vocando
2809 3018 3015 3074 Joanne
3052 3030 3309 3076 statutum
3346 3023 3524 3078 fuerit.
3566 3025 3767 3081 Eadem
3811 3027 3923 3094 ipsa
3967 3041 4125 3085 nocte

2538 3109 2779 3164 Eudoxia
2800 3111 3007 3165 litteras
3030 3112 3098 3166 ad
3122 3112 3378 3167 Joannem
3407 3116 3571 3179 misit,
3592 3131 3815 3184 quarum
3842 3120 4119 3173 exordium

2539 3201 2629 3255 ille
2657 3200 2820 3255 refert
2844 3202 2863 3271 (
2888 3202 3075 3272 Chrys.
3098 3214 3137 3256 t.
3165 3203 3220 3257 5.
3241 3218 3289 3257 c.
3316 3202 3981 3276 H5.l.40):Nearbitretur
4009 3226 4123 3263 san.

2537 3291 2683 3344 ctitas
2711 3300 2817 3356 tua,
2841 3291 3029 3361 inquit,
3060 3309 3139 3345 me
3164 3292 3255 3347 illa
3275 3294 3469 3347 novisse
3485 3310 3599 3363 qua:
3623 3304 3761 3366 gesta
3784 3307 3900 3350 sunt
3924 3313 3944 3350 :
3973 3302 4121 3352 inno-

2538 3398 2654 3434 cens
2669 3398 2759 3452 ego
2775 3398 2885 3436 sum
2907 3399 2938 3434 a
2954 3384 3200 3453 sanguine
3224 3394 3331 3436 tuo.
3359 3383 3387 3436 I
3395 3385 3592 3452 mprobi
3618 3395 3664 3439 et
3690 3386 3875 3455 perditi
3894 3389 4121 3442 homines

2536 3472 2666 3525 hanc
2689 3483 2919 3526 struxere
2938 3474 3244 3526 machinam.
3275 3474 3328 3526 Μ
3334 3491 3507 3527 earum
3531 3475 3873 3545 lacrymarum
3892 3478 4027 3531 testis
4046 3491 4120 3531 est

2534 3560 2689 3625 Deus,
2706 3563 2789 3615 cui
2803 3579 2949 3616 sacra
2964 3563 3117 3633 facio.
3134 3564 3314 3633 Pergit
3333 3578 3461 3618 vero
3481 3564 3891 3636 Clirysostomus
3914 3584 3927 3620 :
3950 3567 4119 3634 Quane

2531 3651 2819 3706 libationem
2842 3652 3069 3719 effudit?
3097 3653 3339 3723 lacrymte
3365 3656 3475 3723 ejus
3505 3655 3678 3709 libatio
3707 3666 3867 3710 eram.
3895 3655 3992 3712 Cui
4026 3674 4118 3711 sa-

2529 3756 2619 3795 cra
2645 3740 2801 3796 facio.
2832 3741 3084 3797 Sacerdos
3113 3744 3204 3796 illa
3236 3759 3417 3813 nempe
3434 3784 3449 3807 ,
3486 3762 3577 3814 per
3600 3745 3817 3815 seipsam
3839 3748 4074 3801 ordinata
4094 3790 4112 3813 ,

2527 3847 2641 3901 quia
2670 3831 2777 3885 Deo
2812 3831 3049 3898 oﬂ'erebat
3083 3833 3333 3903 lacrymas
3355 3873 3372 3899 ,
3402 3835 3767 3905 confessionem
3794 3846 3841 3890 et
3867 3838 4113 3906 paeniten-

2529 3922 2671 3988 tiam,
2701 3938 2801 3976 non
2830 3939 2922 3993 pro
2955 3924 3242 3989 sacerdote,
3268 3925 3355 3978 sed
3381 3941 3474 3994 pro
3504 3924 3769 3991 Ecclesia,
3804 3942 3897 3997 pro
3922 3930 4110 3997 papulo

2530 4014 2775 4082 disperso.
2813 4012 3011 4066 Memor
3048 4024 3179 4067 certe
3216 4001 3328 4068 erai
3357 4026 3405 4069 et
3448 4018 3668 4085 ﬁliorum
3696 4028 3743 4072 et
3771 4020 4109 4090 baptismatis.

2530 4102 2804 4156 Recordor
2832 4118 2929 4171 per
2952 4117 3141 4158 manus
3172 4112 3287 4159 tuas
3315 4104 3453 4158 ﬁlios
3479 4120 3627 4161 meos
3665 4106 3830 4163 fuisse
3866 4108 4107 4178 baptiza-

2532 4201 2634 4247 tos.
2670 4191 2797 4246 Hazc
2836 4192 3171 4263 Imperatrix.
3210 4193 3345 4248 IIinc
3381 4194 3471 4248 illa
3513 4195 3891 4265 Imperatorem
3933 4199 4102 4267 adiit,

2528 4282 2749 4354 ejusque
2776 4298 2949 4354 genua
2986 4284 3238 4355 tangebat
3264 4301 3389 4340 cum
3420 4286 3667 4355 lacrymis
3698 4288 4018 4358 obsecrans,
4050 4305 4102 4345 ut

2526 4374 2856 4430 sacerdotem
2883 4384 3160 4431 revocaret
3190 4393 3205 4429 :
3238 4374 3401 4429 Nulla
3430 4377 3572 4430 nobis
3591 4416 3610 4444 ,
3647 4378 3950 4447 inquiebat,
3990 4398 4107 4452 spes

2524 4464 2735 4537 Imperii
2761 4478 3008 4538 superest,
3038 4468 3137 4523 nisi
3161 4468 3329 4535 ipsum
3355 4466 3671 4522 reducamus.
3695 4468 3843 4525 Illam
3866 4485 3993 4527 vero
4012 4488 4084 4527 vo

2523 4568 2609 4613 cat
2633 4556 3045 4629 Cbrysostomus
3070 4566 3292 4611 matrem
3319 4555 3694 4627 Ecclesiarum,
3721 4560 3962 4617 altricem
3988 4576 4089 4617 mo

2522 4650 2836 4717 nachorum,
2865 4657 3172 4705 sanctorum
3198 4656 3493 4717 patronam,
3525 4664 3812 4720 pauperum
3836 4652 4102 4711 baculum

2524 4742 2632 4799 llas
2654 4740 3017 4814 pomlaades
3035 4739 3430 4805 'I‘illemontius,
3447 4755 3478 4794 a
3500 4739 3726 4813 Georgio
3740 4744 4103 4800 Alexandrino

2523 4834 2777 4905 deceptus
2799 4874 2815 4900 ,
2845 4831 2996 4903 quasi
3024 4831 3094 4886 ab
3117 4830 3358 4886 Eudoxia
3385 4830 3551 4887 dictas
3591 4834 3643 4888 in
3679 4834 3899 4890 Joannis
3929 4837 4099 4891 bono—

2521 4941 2655 4992 rem,
2687 4924 2787 4995 ipsi
2814 4923 3011 4980 Joanni
3038 4922 3240 4990 tribuit,
3263 4937 3371 4977 non
3394 4922 3818 4983 animadverteris
3842 4926 3909 4982 ad
3936 4926 4099 4984 Joan-

2524 5032 2643 5071 nem
2670 5032 2775 5071 non
2798 5015 3063 5086 quadrare
3089 5012 3243 5082 illud,
3276 5011 3495 5067 Matrem
3523 5011 3862 5072 Ecclesiarum
3883 5017 4098 5090 (Chrys.

2524 5118 2561 5161 ι.
2593 5111 2646 5165 3.
2672 5124 2719 5162 ο.
2748 5108 2871 5165 uti.
2896 5107 2932 5161 l.
2961 5104 3072 5176 is).

2595 5201 2924 5270 Theophilus
2938 5217 3087 5269 vero,
3104 5203 3218 5272 qui,
3240 5209 3376 5256 teste
3397 5198 3635 5254 Palladio
3654 5196 3895 5270 (Pallad.
3910 5202 4096 5273 οῖσι),

2522 5290 2773 5348 diaconos
2795 5293 2950 5359 duos,
2980 5308 3206 5363 quorum
3234 5292 3372 5345 alter
3401 5289 3705 5355 homicidii,
3733 5290 3872 5345 alter
3889 5292 4099 5349 adulte-

2524 5385 2587 5439 rii
2614 5400 2770 5440 causa
2794 5384 3019 5454 depositi
3048 5384 3276 5449 fuerant,
3310 5384 3362 5437 in
3388 5381 3671 5451 pristinum
3695 5381 3912 5450 gradum
3940 5388 4099 5439 restis

2524 5486 2714 5545 tuerat,
2733 5479 2841 5548 jam
2865 5487 2997 5533 teste
3013 5477 3241 5548 Georgio
3265 5475 3627 5532 Alexandrino
3655 5475 3707 5527 in
3737 5474 3907 5531 locum
3934 5475 4068 5533 Joan
4092 5518 4095 5519 ν

2523 5569 2604 5621 nis
2633 5568 2699 5622 ab
2737 5582 2796 5623 sc
2838 5567 3076 5637 improbe
3104 5566 3372 5637 depositi,
3405 5565 3565 5618 alium
3593 5564 3897 5637 episcopum
3928 5569 4095 5624 dcsti.

2522 5669 2740 5716 naverat
2786 5668 2839 5715 et
2868 5661 3270 5724 nominaverat,
3301 5664 3358 5712 et
3392 5657 3703 5725 rescriptum
3731 5673 3792 5714 ea
3817 5659 3885 5715 de
3909 5677 3969 5716 re
3996 5661 4095 5715 ha-

2521 5754 2677 5811 bebat
2704 5769 2868 5826 penes
2890 5768 2969 5819 se,
2994 5754 3079 5808 cui
3107 5750 3539 5820 subscripserunt
3559 5750 3766 5819 plurimi
3791 5752 4094 5810 Constanti-

2520 5848 2807 5917 nopolitani
2835 5844 3089 5917 episcopi.
3118 5844 3187 5897 At
3206 5857 3309 5898 non
3336 5842 3571 5911 permisit
3598 5844 3737 5903 Deus
3759 5890 3772 5912 ,
3793 5847 4090 5919 improbum

2520 5940 2818 6014 hujusmodi
2848 5938 3163 6010 rescriptum
3194 5935 3246 5993 in
3272 5936 3444 5994 lucem
3473 5939 3703 6010 prodire.
