4516 6772
450 594 558 647 Sd‘i

525 710 763 779 llogante
781 712 953 781 itaque
974 706 1230 771 Eudoxia,
1247 705 1535 774 imperator
1553 707 1751 775 legatos
1772 704 1914 757 misit
1938 705 2026 772 qui

456 798 711 855 Joannem
744 802 1094 861 reducerent,
1125 796 1457 850 etcivitatem
1484 796 1717 865 periculo
1745 794 2030 847 liberarent

455 889 622 959 (Socr.
647 892 683 945 ι.
712 892 764 947 6.
789 909 834 945 c.
862 893 946 944 16.
982 888 1190 944 Sozam.
1207 887 1243 940 ι.
1261 887 1313 941 8.
1333 889 1508 956 ε.18).
1539 888 1664 941 Post
1693 886 1789 939 bos
1810 885 2027 939 secundi

450 981 592 1035 missi
608 992 749 1047 sunt,
774 990 829 1035 et
870 987 989 1048 post
1015 976 1275 1031 secundos
1312 978 1472 1041 tertii,
1492 979 1561 1030 ita
1588 987 1645 1031 ut
1665 976 1932 1043 Bosporus
1954 974 2028 1028 le-

446 1083 685 1135 gatorum
744 1067 1083 1123 multitudine
1149 1066 1464 1137 operiretur.
1517 1067 1605 1122 Sic
1659 1063 2027 1119 Theodoretus

446 1162 464 1229 (
483 1162 517 1213 ι.
552 1163 605 1215 5.
625 1177 671 1214 c.
706 1160 821 1228 54).
844 1158 1033 1211 Verum
1066 1155 1311 1211 Socrates
1344 1167 1399 1213 et
1430 1159 1756 1212 Sozomenus
1785 1154 2027 1211 lucetan-

448 1263 557 1303 tum
577 1251 755 1304 dicunt
781 1266 793 1299 :
817 1246 1107 1314 imperator
1125 1262 1245 1302 eum
1264 1248 1541 1303 celerrime
1562 1246 1801 1302 revocari
1841 1246 2019 1314 jussit.

447 1341 635 1393 Missus
664 1339 822 1405 igitttr
851 1337 1000 1390 Briso
1029 1340 1274 1409 Augusta:
1309 1340 1601 1403 eunuchus,
1651 1336 1874 1391 offendit
1901 1351 2022 1391 eum

445 1428 690 1487 l’rameti,
709 1427 849 1495 quod
871 1428 1159 1496 emporium
1182 1438 1263 1483 est
1284 1446 1347 1483 ex
1368 1428 1593 1482 adverso
1613 1425 1933 1480 Nicomediae
1954 1426 2025 1479 si-

444 1524 644 1583 tum,et
663 1514 1147 1586 Constantinopolin
1175 1519 1347 1572 redire
1368 1517 1536 1586 jubet.
1566 1516 1622 1571 id
1644 1530 1764 1569 cum
1790 1514 2024 1569 novisset

443 1608 691 1676 populus,
716 1616 773 1660 ut
792 1607 996 1661 obviam
1020 1609 1090 1661 illi
1114 1609 1442 1677 procederet,
1462 1607 1655 1662 ostium
1678 1604 2018 1675 Propontidis

462 1701 681 1770 navigiis
710 1699 929 1752 obtexit.
959 1700 1045 1753 Sic
1074 1700 1333 1753 innumeri
1350 1701 1401 1753 in
1422 1712 1701 1754 occursum
1720 1698 1836 1766 ejus
1862 1711 2021 1751 vene-

443 1799 585 1855 runt,
612 1803 798 1843 cereas
850 1788 992 1843 faces
1035 1789 1393 1856 prteferentes.
1422 1788 1496 1841 Ita
1539 1787 1704 1842 redux
1749 1785 2016 1847 Joannes,

437 1879 614 1932 statim
630 1879 856 1947 negabat
878 1892 936 1931 se
955 1877 1005 1929 in
1024 1877 1207 1930 urbem
1227 1877 1581 1946 ingressurum
1598 1892 1737 1939 esse,
1754 1876 1852 1929 nisi
1874 1876 2018 1945 prius

441 1969 491 2020 in
519 1970 720 2036 majore
768 1967 1005 2037 judicum
1027 1981 1288 2020 consessu
1320 1968 1570 2020 innocens
1609 1968 1970 2022 declararetur
1997 1986 2011 2021 :

438 2058 492 2110 in
516 2057 842 2123 suburbano,
867 2056 1004 2126 quod
1026 2055 1275 2110 Mariana:
1292 2055 1484 2110 dicitur
1504 2056 1858 2125 (Sozomenus
1874 2057 2016 2110 Ana-

439 2149 581 2215 plum
596 2150 793 2218 vocat),
810 2149 1063 2210 substitit,
1079 2147 1258 2216 ibique
1278 2146 1623 2201 mansit.Cum
1639 2157 1815 2201 autem
1837 2161 2014 2200 moras

437 2247 693 2303 necteret,
723 2253 895 2307 neque
922 2238 1122 2307 ingredi
1149 2237 1328 2299 vellet,
1352 2235 1504 2304 plebs
1526 2236 1578 2289 in
1600 2236 2013 2305 indignationem

438 2329 692 2396 prorupit,
733 2330 1016 2397 statimque
1042 2330 1094 2383 in
1139 2329 1282 2398 ipsos
1332 2328 1687 2396 Imperatores
1733 2328 2013 2382 maledicta

436 2417 729 2485 congessit.
759 2416 986 2486 Ideoque
1026 2419 1438 2488 Chrysostomus
1482 2418 1535 2471 in
1584 2418 1766 2472 urbem
1811 2417 2014 2487 ingredi

435 2514 653 2559 coactus
674 2513 775 2569 est,
800 2506 1007 2559 obviam
1050 2506 1122 2559 illi
1154 2508 1295 2561 venit
1318 2507 1601 2561 multitudo
1629 2506 1788 2576 vulgi,
1816 2516 1870 2561 et
1893 2521 2013 2559 cum

433 2610 642 2649 summa
680 2597 972 2650 reverentia
1004 2597 1055 2648 in
1083 2597 1359 2651 ecclesiam
1385 2597 1622 2658 deducit.
1652 2612 1813 2651 orans
1840 2605 1896 2651 ut
1918 2611 2015 2665 pro

435 2701 585 2740 more
628 2700 725 2740 suo
771 2687 823 2739 in
871 2686 1153 2753 episcOpali
1202 2687 1449 2740 cathedra
1490 2688 1692 2751 sedeat,
1736 2697 1790 2739 et
1827 2700 2011 2754 pacem

435 2775 630 2845 populo
654 2785 991 2844 apprecetur.
1022 2772 1149 2828 Cum
1190 2786 1457 2831 recosaret
1504 2778 1589 2832 ille
1613 2792 1676 2831 ac
1703 2776 1927 2841 diceret,
1956 2776 2009 2829 id

433 2867 671 2933 judicum
714 2867 930 2920 decreto
974 2866 1088 2919 ﬁeri
1122 2881 1253 2934 opus
1285 2881 1431 2931 esse,
1459 2876 1512 2921 et
1546 2876 1794 2935 oportere
1823 2875 1881 2920 ut
1926 2866 2009 2920 iia

433 2957 624 3026 quibus
657 2958 1040 3011 condemnatus
1063 2955 1253 3020 fuerat,
1280 2958 1446 3023 ipsum
1475 2957 1809 3010 absolverent
1839 2973 1851 3007 :
1882 2966 2009 3009 tunc

436 3051 658 3117 populus
688 3050 852 3118 magis
880 3049 1150 3117 magisque
1171 3048 1464 3100 concitatus
1490 3048 1659 3114 ipsum
1692 3046 2009 3099 concionan-

438 3152 541 3191 tem
585 3139 761 3192 videre
812 3140 1026 3191 omnino
1069 3137 1269 3202 voluit,
1316 3137 1623 3190 etJoannes
1664 3136 1764 3203 ipsi
1805 3150 2008 3187 morem

437 3246 625 3298 gerere
646 3240 855 3284 coactus
879 3240 979 3284 est.

507 3321 686 3375 Redua:
710 3322 1083 3390 Chrysostomus
1103 3322 1354 3373 orationes
1371 3320 1500 3372 duas
1525 3320 1826 3374 ἠθικὴ-111
1843 3320 2012 3375 eccle-

436 3414 514 3465 sia
538 3424 712 3466 autem
742 3413 1131 3480 Apostolorum,
1164 3412 1215 3465 in
1240 3427 1398 3480 quam
1440 3420 1564 3464 tunc
1597 3413 1865 3481 ingressus
1904 3420 2005 3478 est,

436 3504 746 3557 concionem
785 3502 1191 3569 extemporalem
1218 3510 1272 3554 et
1301 3501 1667 3554 brevissimam
1712 3502 1898 3555 habuit
1941 3501 2007 3556 ad

438 3595 703 3662 populum,
730 3594 817 3647 ubi
848 3594 956 3645 Deo
980 3593 1244 3645 multoties
1269 3591 1555 3652 benedixit,
1572 3601 1625 3644 et
1643 3591 1777 3644 hanc
1796 3608 2004 3657 vocem,

437 3682 732 3735 Benedictus
782 3681 946 3748 Deus,
996 3681 1295 3749 frequenter
1334 3681 1689 3749 pronuntiavit
1717 3681 2000 3751 (Chrysosl.

436 3780 476 3820 ι.
516 3782 562 3825 c.
603 3770 749 3837 459)
807 3790 820 3824 :
871 3773 1102 3841 dicitque
1146 3773 1386 3825 inimicos
1428 3788 1551 3825 suos
1592 3784 1854 3825 amatores
1902 3773 2000 3825 sibi

436 3863 630 3915 multos
675 3864 1041 3917 conciliavisse
1079 3867 1345 3933 etiamque
1372 3863 1602 3926 Judmos,
1633 3864 1771 3932 quod
1801 3872 1853 3916 et
1873 3863 2005 3916 infra

438 3952 644 4017 repetit.
674 3953 750 4005 Ac
781 3952 847 4005 de
878 3962 1021 4005 tanta
1054 3954 1391 4006 multitudine
1417 3953 1671 4022 gaudens,
1690 3954 1867 4006 laetitia
1887 3968 2008 4022 per-

440 4046 583 4098 fusus
624 4045 789 4099 dicit:
827 4045 992 4098 Hodie
1034 4048 1281 4099 circenses
1321 4057 1457 4110 sunt,
1483 4058 1527 4099 et
1554 4063 1698 4100 nemo
1742 4047 1900 4108 adest,
1926 4045 2012 4097 sed

438 4153 608 4190 onmes
646 4138 697 4189 in
738 4138 994 4189 ecclesiam
1040 4154 1127 4190 ceu
1180 4148 1420 4191 torrentes
1462 4140 1834 4206 conﬂuxerunt.
1863 4136 1932 4191 Se
1960 4136 2011 4191 in

441 4230 666 4283 ecclesia
692 4230 785 4284 SS.
819 4229 1184 4297 Apostolorum
1232 4229 1529 4281 eoneionari
1562 4228 1887 4291 testificatur,
1923 4228 2010 4281 ubi

439 4332 591 4376 erant
616 4322 673 4375 S.
701 4321 961 4375 Timothei
1003 4320 1257 4389 reliquiae.
1291 4319 1343 4371 In
1373 4319 1474 4373 fine
1512 4333 1637 4372 vero
1667 4319 1819 4385 lupos
1858 4318 2009 4371 aufu-

438 4415 581 4481 gisse
604 4411 750 4475 dicit,
769 4427 874 4479 quo
890 4411 1221 4464 subimlieare
1235 4410 1441 4462 videtur
1464 4408 1631 4476 ipsmn
1653 4406 2006 4473 Theophilum

438 4506 544 4571 jam
575 4519 637 4557 ex
664 4503 878 4557 civitate
906 4518 1177 4571 egressum
1203 4517 1321 4555 esse
1352 4519 1365 4552 :
1397 4516 1511 4568 qua:
1538 4508 1709 4552 tamen
1752 4511 1838 4551 res
1863 4495 2005 4549 diffi-

440 4596 633 4650 cultate
659 4609 762 4647 non
792 4604 962 4647 vacat.
992 4595 1307 4663 lnsequcnte
1332 4594 1418 4647 die
1453 4593 1609 4647 aliam
1656 4590 1837 4644 habuit
1876 4604 2005 4643 con-

440 4688 643 4739 cionem
681 4686 969 4753 longiorem
1003 4702 1016 4737 :
1051 4685 1101 4737 in
1128 4701 1230 4752 qua
1261 4686 1433 4751 primo
1475 4685 1802 4738 Pharaonem
1841 4679 2007 4750 Egy-

446 4779 607 4846 ptimn
628 4783 896 4843 comparat
918 4790 1038 4827 cum
1080 4774 1185 4827 alio
1222 4773 1497 4842 Egyptio,
1536 4774 1627 4844 qui
1677 4773 1813 4827 haud
1854 4772 2011 4827 dubie

444 4878 523 4922 est
551 4865 895 4934 TheOphilus,
937 4864 1213 4931 episcopus
1262 4863 1672 4927 Alexandrinus,
1708 4864 1938 4930 dicitque
1960 4863 2011 4914 in

445 4960 545 5012 bac
574 4956 822 5010 Ecclesiae
863 4953 1160 5009 calamitate
1192 4950 1470 5002 ltmreticos
1498 4951 1561 5003 ad
1590 4951 1745 5003 fidem
1791 4966 2013 5003 conver-

444 5064 533 5101 sos
577 5046 757 5101 fuisse.
784 5044 991 5100 Judaaos
1034 5041 1277 5095 meliores
1300 5041 1553 5103 evasisse,
1576 5050 1733 5106 atque
1762 5039 1826 5089 ad
1854 5037 2011 5091 Chri-

445 5138 646 5191 stianos
688 5137 1014 5197 accurrisse;
1059 5134 1110 5185 in
1155 5128 1452 5195 hnjusntodi
1508 5138 1681 5181 autem
1713 5128 2010 5181 calamitate

442 5230 809 5299 baptisterium
837 5227 1086 5296 sanguine
1117 5222 1370 5291 repletum
1409 5219 1589 5273 fuisse.
1615 5218 1818 5272 Laudat
1844 5233 2008 5287 popu-

444 5321 553 5372 lum
583 5336 612 5371 a
654 5320 756 5373 fide
791 5327 845 5372 et
884 5317 1201 5372 constantia.
1252 5311 1549 5379 Deindeque
1588 5309 1914 5364 convertitur
1958 5311 2011 5363 in

448 5408 631 5461 laudes
657 5409 908 5462 Eudoxize
932 5410 1198 5476 Augustae,
1222 5403 1368 5472 cujus
1392 5400 1628 5468 cpistola:
1655 5399 1719 5452 ad
1747 5414 1805 5454 se
1836 5400 2013 5452 missa}

447 5508 652 5567 partem
715 5499 919 5563 adfert,
970 5498 1219 5566 illamque
1281 5492 1534 5548 encomiis
1574 5490 1826 5544 celebrat.
1874 5490 2011 5544 Dicit

444 5600 622 5644 autem
649 5588 753 5655 hic,
792 5600 848 5644 ut
872 5606 1051 5658 supra,
1084 5590 1323 5643 inimicos
1352 5587 1402 5640 in
1433 5583 1605 5654 fugam
1646 5597 1828 5637 versos
1872 5599 2011 5638 esse.

448 5680 681 5735 Alteram
706 5687 826 5745 post
864 5680 1089 5733 reditum
1129 5696 1280 5734 suum
1307 5676 1571 5732 homiliam
1602 5673 1784 5727 habuit
1812 5674 2019 5744 longio-

450 5786 583 5831 rem,
610 5782 726 5837 qua:
750 5766 817 5819 de
843 5766 1139 5824 Chananzea
1171 5769 1493 5835 inscribitur,
1516 5766 1581 5821 de
1606 5780 1707 5835 qua
1729 5765 2015 5819 videndum

453 5863 699 5919 Monitum
726 5867 960 5917 nostrum
990 5858 1053 5909 Τ.
1079 5860 1136 5927 5,
1175 5864 1224 5907 c.
1252 5858 1376 5910 M7.

506 5948 916 6008 AiuntSocrates
932 5942 1101 6016 (Socr.
1119 5947 1267 5999 l.6.c.
1285 5947 1374 6019 l7)
1386 5948 1768 6005 etSozomenns
1785 5944 2012 6018 (Sozam.

1630 589 1807 644 NUNC
1848 589 2103 645 [ιῐωιωι
2147 593 2184 644 A
2197 591 2536 647 DOHNATA.

3606 606 3712 662 200

2135 708 2171 759 ι.
2192 708 2244 760 8.
2261 722 2306 759 c.
2328 707 2437 775 l9),
2455 716 2723 775 postquam
2742 708 2972 765 Joannes
2990 709 3040 764 in
3060 711 3238 767 sedem
3262 726 3413 768 suam
3438 718 3707 774 restitutus

2134 797 2305 852 fuerat
2319 798 2670 867 Theophilum
2691 800 2985 856 Heraclidis
3001 816 3212 857 causam
3236 815 3291 859 et
3318 805 3710 864 ordinationem

2132 889 2401 959 inquirere
2436 889 2687 956 voluisse,
2731 900 2789 947 ut
2833 890 2957 947 inde
2982 892 3313 948 occasionem
3356 898 3615 966 arriperet
3641 899 3709 953 ad

2130 977 2387 1034 Joannem
2434 978 2808 1036 damnandum.
2856 982 3165 1037 Heraclides
3205 997 3332 1037 vero
3365 1000 3468 1039 non
3499 987 3703 1053 aderat,

2134 1081 2414 1139 tamenque
2443 1070 2511 1124 de
2542 1070 2630 1126 illo
2655 1072 2871 1128 absente
2892 1074 3247 1143 judicabatur,
3279 1075 3428 1144 quasi
3448 1077 3704 1145 quosdam

2131 1162 2327 1229 injuste
2373 1160 2716 1226 damnasset,
2753 1172 2808 1217 et
2857 1164 3057 1218 catenis
3099 1165 3306 1218 vinctos
3349 1180 3445 1234 per
3479 1165 3707 1220 mediam

2126 1250 2478 1321 Ephesiorum
2530 1252 2713 1305 urbem
2763 1251 3365 1323 traduxisset.Cumque
3383 1254 3618 1310 Joannes
3652 1266 3712 1310 et

2127 1343 2215 1411 qui
2260 1357 2380 1397 cum
2431 1342 2521 1395 illo
2565 1340 2789 1395 aderant
2830 1341 3067 1396 dicerent
3102 1343 3171 1397 de
3212 1344 3522 1399 absentibus
3560 1345 3706 1414 judi-

2125 1432 2264 1485 cium
2307 1431 2431 1487 ferrt
2475 1448 2580 1485 non
2620 1431 2838 1496 debere,
2869 1432 3209 1485 Alexandrini
3254 1442 3438 1487 contra
3478 1444 3699 1489 conten-

2125 1522 2350 1587 debant,
2396 1522 2753 1578 admittendos
2790 1537 2913 1577 esse
2970 1531 3309 1577 accusatores
3368 1523 3705 1590 Heraclidis,

2126 1616 2249 1668 licet
2271 1630 2391 1669 eum
2420 1616 2691 1670 absentem
2736 1623 3072 1669 accusarent.
3126 1613 3313 1668 Gravis
3352 1615 3475 1669 inde
3514 1616 3711 1670 seditio

2128 1704 2270 1757 inter
2298 1704 2909 1773 Constantinopolitanos
2936 1713 2991 1759 et
3019 1703 3416 1758 Alexandrinos
3440 1714 3556 1758 orta
3581 1716 3665 1759 est
3684 1722 3702 1757 ;

2123 1795 2513 1863 commissaque
2556 1810 2754 1864 pugna,
2785 1797 2933 1850 multi
2959 1796 3244 1861 vulnerati,
3277 1796 3491 1865 quidam
3537 1797 3700 1850 etiam

2122 1885 2423 1954 interempti
2451 1894 2596 1938 sunt.
2628 1884 2752 1939 Haec
2791 1900 2911 1938 cum
2934 1886 3139 1940 videret
3167 1886 3525 1955 Theophilus,
3555 1886 3698 1940 illico

2120 1977 2498 2032 Alexandriam
2540 1975 2762 2045 aufugit.
2795 1975 2937 2028 ldem
2966 1976 3056 2029 alii
3086 1991 3292 2045 quoque
3330 1977 3570 2031 fecerunt
3583 1978 3700 2046 epi-

2117 2068 2283 2135 scopi,
2313 2075 2506 2135 praeter
2547 2080 2744 2135 paucos
2774 2067 2861 2135 qui
2892 2064 3113 2118 Joannis
3156 2074 3331 2132 partes
3376 2065 3696 2120 tuebantur:

2118 2160 2396 2225 cunctique
2422 2164 2629 2225 arrepta
2652 2155 2772 2225 fuga
2795 2155 2860 2209 ad
2891 2170 3014 2209 suas
3034 2153 3191 2208 sedes
3219 2162 3575 2208 reverterunt.

2186 2247 2329 2313 Hzec,
2345 2255 2622 2316 postquam
2632 2246 2865 2300 Joannes
2879 2246 2931 2299 in
2944 2245 3126 2300 sedem
3139 2260 3288 2299 suam
3306 2245 3581 2299 restitutus
3593 2244 3699 2299 fue-

2117 2345 2219 2396 rat,
2242 2345 2387 2403 gesta
2418 2334 2583 2389 fuisse
2612 2334 2849 2388 referunt
2875 2334 3121 2388 Socrates
3143 2342 3197 2388 et
3219 2332 3581 2397 Sozomenus,
3601 2335 3691 2405 qui

2121 2434 2419 2492 postremus
2448 2425 2597 2478 illum
2624 2424 2730 2493 jam
2756 2425 3061 2478 restitutum
3087 2424 3247 2479 fuisse
3271 2432 3553 2492 antequam
3580 2424 3695 2480 haec

2118 2526 2401 2584 agerentur
2427 2524 2608 2584 aperte
2637 2514 2784 2569 dicit.
2822 2514 3071 2569 Socrates
3099 2530 3228 2568 vero
3267 2514 3495 2583 idipsum
3538 2530 3694 2584 proro

2117 2620 2209 2659 sus
2251 2605 2504 2658 insinuat.
2534 2604 2665 2659 Nam
2714 2616 2993 2674 postquam
3016 2604 3273 2660 Joannem
3296 2608 3405 2674 jam
3430 2607 3483 2659 in
3511 2606 3694 2660 sedem

2115 2710 2264 2749 suam
2304 2694 2582 2748 reductum
2631 2694 2795 2749 fuisse
2837 2704 3182 2761 narraverat,
3227 2703 3387 2764 caput
3428 2694 3689 2750 decimum

2114 2787 2397 2853 septimum
2442 2786 2668 2850 orditur,
2720 2785 2807 2839 ubi
2853 2786 2966 2840 haec
3005 2794 3365 2850 recensentur,
3393 2794 3451 2840 ut
3474 2800 3689 2839 causam

2111 2875 2415 2928 certaminis
2441 2875 2576 2928 inter
2596 2874 3210 2942 Constantinopolitanos
3229 2884 3282 2929 et
3302 2874 3690 2929 Alexandrinos

2112 2973 2164 3017 et
2192 2964 2366 3033 fugam
2397 2963 2675 3033 Theophili
2697 2963 2915 3018 referat.
2944 2964 3000 3019 Si
3044 2977 3221 3018 autem
3264 2965 3381 3018 btec
3423 2966 3496 3018 ita
3542 2974 3690 3034 gesta

2114 3054 2240 3115 sint,
2273 3053 2554 3107 dicendum
2585 3069 2702 3107 esse
2730 3054 2943 3107 videtur
2965 3054 3321 3122 Theophilum
3361 3055 3542 3123 paucis
3578 3055 3693 3110 die-

2116 3142 2214 3194 bus
2259 3149 2377 3210 post
2420 3144 2721 3195 restitutum
2746 3142 3004 3197 Joannem
3035 3142 3319 3211 aufugisse,
3351 3152 3404 3198 et
3425 3143 3546 3198 ideo
3575 3154 3693 3198 tan-

2117 3232 2286 3284 tillum
2317 3233 2577 3285 mansisse
2598 3230 3075 3302 Constantinopoli,
3124 3233 3244 3300 quia
3286 3247 3407 3286 cum
3452 3232 3691 3289 Joannes

2115 3332 2390 3375 revocatus
2416 3321 2619 3386 fuisset,
2650 3337 2753 3375 non
2780 3321 3173 3374 contradixerat
3196 3322 3409 3389 quidem
3440 3323 3559 3387 ille;
3592 3323 3687 3378 sed

2115 3425 2234 3464 cum
2276 3411 2568 3480 Heraclidis
2607 3425 2824 3465 causam
2851 3410 2903 3462 in
2935 3410 3165 3464 medium
3196 3412 3522 3479 protulisset,
3548 3427 3689 3480 quo-

2115 3503 2254 3555 niam
2283 3501 2368 3555 hic
2392 3518 2421 3553 a
2449 3500 2651 3555 Joanne
2697 3500 2974 3554 ordinatus
3014 3500 3206 3564 fuerat,
3239 3499 3291 3552 in
3331 3500 3686 3566 suspicionem

2112 3593 2360 3655 venisse,
2406 3590 2546 3660 quod
2594 3606 2803 3643 rursum
2852 3589 3069 3643 Joannis
3111 3603 3323 3642 causam
3385 3587 3686 3656 disquirere

2111 3683 2287 3746 vellet,
2336 3692 2390 3735 ut
2435 3684 2582 3735 illum
2634 3682 2844 3734 tandem
2875 3696 2904 3733 a
2933 3680 3059 3732 sede
3100 3678 3685 3748 Constantinopolitana

2109 3772 2431 3825 detnrbaret.
2465 3771 2657 3824 Verum
2705 3780 2879 3823 tamen
2909 3779 2991 3823 est
3015 3768 3453 3838 Chrysostomum
3482 3772 3536 3822 in
3574 3770 3687 3839 epi-

2110 3864 2243 3915 stola
2270 3862 2333 3913 ad
2358 3861 2718 3914 Innocentium
2746 3860 2926 3912 dicere
2979 3873 3038 3914 se
3069 3859 3085 3927 (
3110 3857 3481 3917 T.3.col.532.
3500 3857 3535 3912 ι.
3566 3856 3679 3929 58)

2112 3962 2383 4021 postquam
2429 3952 2480 4003 in
2520 3950 2702 4004 sedem
2748 3963 2897 4002 suam
2925 3950 3198 4002 restitutus
3224 3955 3326 4012 est,
3358 3948 3426 4000 ab
3455 3946 3688 4013 Impera-

2116 4053 2229 4095 t0re
2249 4042 2561 4109 postulasse,
2592 4048 2646 4092 ut
2667 4036 2935 4107 Synodum
2959 4043 3191 4105 cogeret,
3216 4035 3303 4089 ubi
3324 4034 3390 4088 de
3406 4049 3499 4087 sua
3520 4047 3683 4088 causa

2108 4131 2432 4199 judicaretur
2461 4146 2473 4182 :
2506 4139 2557 4182 et
2584 4143 2704 4181 cum
2749 4126 2815 4181 ad
2860 4126 3000 4179 illam
3027 4124 3315 4194 cogendam
3342 4122 3687 4193 Imperatoris

2116 4222 2282 4274 literae
2309 4220 2361 4273 in
2394 4220 2570 4273 omnia
2611 4218 2725 4271 loca
2770 4217 3126 4278 mitterentur,
3158 4214 3511 4282 TheOphilum
3548 4213 3687 4268 male

2113 4313 2212 4365 sihi
2242 4312 2533 4375 conscium,
2568 4310 2738 4363 media
2766 4317 2941 4371 nocte,
2963 4322 3251 4360 eonsccnsa
3283 4306 3401 4358 navi
3427 4321 3545 4360 cum
3576 4306 3686 4361 suis

2110 4399 2393 4468 aufugisse.
2427 4398 2573 4453 Unde
2602 4396 2855 4464 consequi
2891 4395 3118 4456 videtur,
3172 4393 3521 4460 TheOpltilum
3565 4402 3684 4461 post

2111 4490 2333 4544 reditum
2360 4488 2578 4542 Joannis
2614 4488 2814 4555 aliquot
2834 4485 3019 4538 diebus
3048 4483 3503 4552 ConstantinOpoli
3529 4497 3683 4535 man-

2110 4580 2262 4642 sisse,
2290 4579 2456 4631 donec
2483 4577 2726 4630 videlicet
2770 4584 2990 4643 rogante
3024 4573 3229 4628 Joanne
3276 4572 3573 4641 Imperator
3613 4571 3681 4624 li-

2113 4682 2252 4725 teras
2282 4670 2473 4737 uhique
2502 4668 2643 4721 misit
2668 4666 2733 4721 ad
2756 4665 3029 4736 Synodum
3059 4662 3371 4732 cogendam.
3390 4662 3523 4716 Cum
3551 4677 3682 4732 ergo

2115 4762 2165 4813 in
2190 4759 2547 4822 concionibus,
2572 4773 2702 4827 quas
2735 4758 2787 4811 in
2810 4756 2895 4809 die
2918 4754 3115 4808 reditus
3133 4764 3181 4807 et
3198 4752 3449 4821 postridie
3470 4753 3674 4817 habuit,

2115 4852 2251 4905 dicat
2270 4850 2509 4905 inimicos
2525 4864 2648 4902 suos
2668 4846 2949 4914 aufugisse,
2966 4845 3041 4897 sic
3060 4842 3426 4910 intelligendus
3444 4841 3677 4897 videtur.

2187 4944 2466 5010 Postquam
2495 4938 2721 5007 episcopi
2744 4937 2834 4999 illi,
2854 4935 2939 5003 qui
2956 4932 3228 5002 Synodum
3256 4932 3306 4985 in
3327 4931 3680 4999 Quercucon-

2115 5034 2408 5091 stituerunt,
2453 5043 2569 5081 cum
2598 5025 2763 5094 gloria
2802 5023 3050 5077 reducem
3086 5021 3325 5076 videntes
3356 5020 3678 5093 Chrysosto-

2116 5137 2277 5183 mum,
2310 5121 2690 5181 discesserant;
2720 5114 3044 5184 Theophilus
3064 5156 3077 5178 ,
3103 5114 3189 5184 qui
3223 5112 3679 5182 Constantinopoli

2116 5222 2236 5266 tunc
2254 5222 2392 5275 erat,
2407 5209 2733 5281 quiescebat,
2764 5222 2864 5262 nec
2884 5216 3065 5260 contra
3089 5206 3233 5259 illum
3255 5205 3518 5275 quidpiam
3550 5218 3671 5272 pro-

2115 5303 2255 5358 ferre
2277 5304 2412 5357 ultra
2431 5301 2658 5356 audebat
2680 5317 2693 5353 :
2725 5300 2840 5353 hmo
2858 5308 3001 5353 certe
3020 5298 3185 5367 potuit
3203 5295 3486 5366 generatim
3500 5294 3679 5347 dicere

2115 5393 2542 5465 Chrysostomus.
2580 5392 2823 5460 Alioquin
2859 5402 2988 5444 vero
3030 5388 3143 5441 ltrec
3200 5384 3676 5439 Alexandrinorum

2117 5503 2234 5542 eum
2251 5482 2847 5553 Constantinopolitanis
2867 5479 3131 5534 contentio
3147 5484 3201 5530 et
3216 5491 3383 5543 pugna
3406 5489 3513 5527 non
3530 5475 3680 5528 vide-

2120 5588 2202 5631 tur
2218 5592 2368 5647 posse
2380 5584 2501 5630 ante
2513 5573 2874 5644 Chrysostomi
2890 5571 3110 5625 reditum
3134 5564 3412 5622 accidisse.
3443 5564 3678 5621 Severiao

2121 5684 2221 5721 nus
2245 5680 2451 5736 quoque
2477 5663 2795 5718 Gabalorum
2823 5661 3013 5729 aliique
3033 5672 3223 5712 onmes
3245 5657 3462 5711 Joannis
3482 5656 3674 5711 inimici

2121 5760 2288 5830 fugam
2324 5757 2576 5811 fecerunt.
2603 5754 2760 5808 Addit
2802 5768 2928 5807 vero
2965 5750 3231 5805 Palladius
3260 5750 3501 5821 (Pallad.
3540 5746 3679 5802 Dial.

2120 5848 2723 5917 ConstantinOpolitanos
2740 5844 3090 5915 Theophilum
3111 5844 3433 5915 quaesivisse,
3459 5851 3513 5893 ut
3531 5837 3684 5896 illum

2122 5944 2175 5999 in
2206 5957 2348 5999 mare
2377 5941 2764 6011 demergercnt.
