4506 6714
809 547 913 602 201

884 666 1010 717 t’ost
1033 661 1317 732 TheOphiIi
1348 661 1522 733 fugam
1548 676 1654 716 non
1702 663 1932 716 cessavit
1977 664 2390 736 Chrysostomus

809 771 827 823 ί
867 758 932 812 1'.
957 759 1012 813 5.
1038 773 1087 810 c.
1114 756 1235 811 532.
1258 772 1312 809 η.
1339 755 1374 808 5
1402 753 1421 823 )
1449 753 1825 822 Imperatorem
1861 756 2092 822 precari,
2127 763 2182 807 ut
2222 754 2395 825 Syno-

811 849 914 901 dus
944 847 1130 900 iterum
1159 853 1441 914 cogeretur
1468 844 1535 898 ad
1563 857 1776 898 causam
1801 857 1952 899 suam
1981 845 2392 912 retractandain,

813 949 976 1008 utque
1017 937 1345 1007 The0philus
1383 939 1592 993 adesset
1629 937 1868 1008 rogabat.
1898 940 2037 995 Misit
2081 940 2392 1009 Imperator,

809 1029 902 1097 qui
947 1027 1301 1098 Theophilum
1345 1028 1521 1082 redire
1564 1027 1814 1096 juberent
1876 1044 2000 1084 cum
2061 1029 2396 1085 consortibus

813 1119 926 1174 suis
951 1121 1216 1184 omnibus,
1244 1130 1300 1172 ut
1327 1129 1603 1188 gestorum
1628 1135 1847 1175 suorum
1900 1124 2161 1178 rationem
2205 1121 2396 1176 redde-

814 1221 954 1265 rent.
983 1211 1077 1264 Ille
1102 1225 1229 1265 vero
1257 1211 1598 1281 Imperatoris
1641 1213 1814 1283 jussui
1858 1231 1963 1270 non
1992 1215 2394 1285 obtemperavit,

820 1311 1112 1370 prmtexens
1157 1305 1340 1374 populi
1382 1305 1717 1367 seditionem.
1747 1309 1836 1375 qui
1873 1308 2252 1377 Chrysostomo
2280 1315 2396 1360 stu-

815 1391 993 1446 debat.
1020 1392 1205 1464 Neque
1235 1404 1409 1450 tamen
1438 1396 1663 1448 cessavit
1690 1395 2102 1466 Chrysostomus
2127 1399 2194 1450 ab
2222 1397 2396 1465 Impe—

816 1489 994 1536 ratore
1037 1485 1304 1552 postulare
1342 1494 1397 1538 ut
1439 1483 1686 1555 Synodus
1732 1495 2030 1555 cogeretur,
2056 1488 2106 1540 in
2133 1503 2234 1556 qua
2283 1487 2398 1556 ipse

815 1586 1031 1626 causam
1061 1589 1211 1629 suam
1244 1565 1621 1647 propugnaret.
1670 1578 1996 1648 Supererant
2039 1578 2212 1634 adhuc
2257 1580 2400 1635 Con—

816 1664 1158 1733 stantinopoli
1187 1667 1392 1736 aliquot
1419 1671 1653 1740 episcopi
1679 1671 1819 1742 Syri,
1841 1672 1930 1742 qui
1965 1687 2084 1725 cum
2102 1671 2401 1741 Theophilo

817 1752 872 1807 in
898 1751 1115 1833 Synodo
1142 1755 1208 1810 ad
1231 1757 1494 1823 Quercum
1540 1770 1723 1814 contra
1765 1760 2025 1816 Joannem
2073 1763 2393 1817 sententiam

817 1843 1096 1901 dixerant:
1126 1846 1224 1902 hos
1254 1850 1410 1902 etiam
1440 1851 1655 1921 Synodo
1682 1860 1808 1905 tunc
1847 1852 2100 1921 cogenda:
2145 1855 2402 1908 interesse

817 1938 1036 2008 rogabat
1059 1937 1314 1993 Joannes.
1344 1939 1537 1995 Narrat
1573 1957 1702 1996 vero
1729 1942 2056 1997 Sozomcnus
2099 1943 2330 2012 (Sozam.
2359 1943 2397 1997 ι.

816 2027 870 2084 8.
913 2044 961 2082 c.
1007 2027 1127 2100 I9),
1176 2038 1298 2099 post
1355 2047 1656 2102 regressum
1716 2033 2077 2104 Chrysostomi
2125 2033 2396 2100 sexaginta

814 2115 1032 2174 circiter
1054 2121 1336 2190 episcOpos
1355 2162 1369 2186 ,
1393 2122 1482 2190 qui
1521 2123 1979 2192 ConstantinOpoli
1997 2131 2358 2176 convenerant
2378 2163 2393 2188 ,

815 2219 930 2264 acta
976 2210 1173 2280 Synodi
1212 2213 1264 2265 in
1309 2213 1516 2278 Quercu
1554 2214 1698 2267 nulla
1744 2229 1864 2268 esse
1904 2215 2294 2280 declaravisse,
2343 2223 2398 2269 et

815 2308 942 2353 tunc
979 2298 1416 2371 Chrysostomum
1463 2303 1787 2374 episcopalia
1811 2306 1988 2360 munia
2018 2308 2397 2375 resumpsisse.

819 2387 1127 2444 Reclamant
1148 2405 1278 2446 vero
1307 2393 1494 2463 nuperi
1535 2394 1825 2463 scriptores
1871 2395 1971 2449 hac
2001 2394 2147 2449 ducti
2173 2397 2398 2448 ratione.

813 2477 871 2533 Si
897 2477 1004 2534 hoc
1032 2479 1108 2534 ita
1128 2489 1340 2551 gestum
1381 2481 1588 2547 fuisset,
1620 2483 1722 2538 hoc
1746 2493 1891 2539 certe
1921 2485 2140 2538 dixisset
2168 2485 2402 2554 Chryso-

816 2578 1025 2625 stomus
1051 2570 1358 2626 Innocentio
1383 2572 1561 2642 Papae,
1590 2588 1709 2641 qua:
1743 2581 1890 2642 gesta
1911 2573 2121 2628 fuerant
2144 2573 2398 2627 referens.

813 2659 1010 2715 Verum
1032 2659 1362 2716 Sozomenus
1390 2678 1496 2716 non
1525 2662 1655 2717 dicit
1683 2663 1781 2717 hos
1817 2664 2097 2732 episcopos
2123 2663 2396 2733 Synodum

809 2750 1200 2817 celebravisse;
1244 2751 1337 2806 sed
1388 2752 1561 2806 solum
1609 2753 1910 2807 declarasse
1954 2753 2395 2823 Chrysostomum

811 2839 1006 2909 injuste
1025 2841 1325 2911 depositum
1355 2841 1556 2906 fuisse;
1580 2852 1634 2900 et
1655 2852 1760 2896 tam
1790 2843 1950 2897 multa
1970 2843 2203 2899 Joannes
2232 2853 2390 2909 tacet,

812 2937 872 2982 ut
900 2930 1134 2984 nesciam
1160 2945 1226 2984 an
1256 2930 1372 3000 ejus
1397 2931 1609 2985 silentio
1647 2931 1843 3002 aliquid
1885 2942 2072 2988 contra
2113 2933 2397 2988 Sozomeni

814 3021 1174 3075 narrationem
1197 3021 1378 3076 inferri
1404 3022 1596 3092 possit.
1659 3022 1662 3024 ’

887 3111 1004 3166 Non
1054 3111 1305 3166 diuturna
1348 3112 1582 3168 Joannes
1630 3114 2010 3183 tranquillitate
2056 3114 2157 3168 frui
2208 3116 2397 3183 potuit.

814 3201 942 3255 Post
959 3200 1092 3254 duos
1135 3216 1364 3270 namque
1403 3212 1619 3256 exactos
1661 3217 1690 3255 a
1735 3203 1907 3256 reditu
1950 3218 2181 3266 menses,
2228 3203 2400 3271 inquit

813 3289 1077 3346 Palladius
1099 3305 1154 3359 p.
1186 3291 1476 3355 75,rerutn
1526 3293 1749 3346 mutatio
1789 3302 1960 3362 empta
2001 3301 2084 3348 est
2124 3309 2138 3345 :
2178 3292 2399 3348 Joannis

757 3383 761 3386 ’
813 3382 956 3436 enim
979 3380 1181 3452 inimici
1214 3380 1348 3436 nihil
1386 3396 1492 3436 non
1517 3383 1805 3438 movebant
1829 3390 1889 3437 ut
1913 3378 2132 3454 pristina
2160 3392 2277 3437 acta
2304 3397 2396 3438 re-

817 3481 1080 3544 peterent.
1128 3472 1386 3527 Arcadius
1427 3488 1556 3528 vero
1596 3475 1891 3544 Imperator
1935 3475 2076 3530 mitis
2123 3474 2396 3545 facilisque

816 3572 950 3629 erat,
975 3563 1068 3618 sed
1096 3577 1160 3617 ex
1193 3563 1388 3633 ingenii
1414 3563 1628 3618 levitate
1655 3564 1723 3618 ad
1747 3565 2064 3620 sententiam
2090 3565 2396 3620 mutandam

815 3669 1036 3725 pronus.
1061 3654 1301 3709 Eudoxia
1346 3669 1476 3710 vero
1512 3657 1750 3726 Augusta
1790 3656 1960 3722 illum,
1989 3667 2046 3711 ut
2081 3667 2314 3728 putatur,
2339 3669 2396 3714 ut

814 3756 998 3801 contra
1023 3747 1282 3802 Joannem
1309 3747 1486 3803 denuo
1514 3749 1726 3802 sazviret
1764 3749 2066 3803 concitavit.
2098 3749 2278 3819 Neque
2305 3765 2395 3805 re-

817 3837 920 3892 fert
943 3837 1231 3906 Palladius,
1263 3853 1364 3910 qua
1391 3839 1458 3894 de
1486 3853 1644 3894 causa
1689 3840 1775 3894 illa
1802 3839 2060 3895 Joannem
2085 3839 2262 3896 denuo
2292 3843 2394 3896 im-

817 3931 1049 4001 petierit,
1082 3940 1243 4002 atque
1272 3941 1330 3987 ut
1380 3948 1500 3986 eum
1545 3931 1852 3987 deturbaret
1889 3947 2074 3988 omnes
2121 3934 2394 3987 machinas

816 4025 1081 4078 moverit:
1113 4039 1298 4078 verum
1331 4024 1582 4079 Socrates
1608 4034 1664 4079 et
1702 4023 2030 4078 Sozomenus
2054 4025 2194 4079 hanc
2220 4023 2395 4079 denuo

820 4113 960 4184 pulsi
981 4112 1198 4168 Joannis
1227 4116 1560 4185 occasionem
1586 4114 1879 4183 proferunt.

893 4202 1235 4274 Chrysostomt'
1275 4206 1471 4258 dicendi
1514 4204 1715 4258 libertas
1772 4204 2060 4258 Eudoxiam
2099 4206 2261 4259 denuo
2306 4222 2395 4259 ea:-

818 4294 1374 4364 asperat.-—Argentea
1393 4303 1564 4349 statua
1585 4295 1842 4349 Eudoxia:
1863 4299 2131 4364 Augusta),
2153 4296 2396 4351 muliebri

820 4385 956 4438 stola
978 4386 1206 4450 amicue,
1229 4400 1382 4454 supra
1406 4387 1572 4441 basim
1591 4397 1643 4442 et
1667 4389 1965 4442 columnam
1995 4398 2172 4442 erecta
2202 4387 2392 4456 fuerat,

820 4475 1063 4545 proxime
1091 4476 1370 4530 ecclesiam
1392 4476 1448 4532 S.
1475 4477 1718 4546 Sophim;
1748 4478 1815 4530 ita
1844 4486 1900 4531 ut
1944 4478 2080 4531 inter
2116 4487 2394 4547 utramque

821 4567 992 4621 media
1020 4565 1292 4620 dumtaxat
1319 4566 1504 4635 platea!
1524 4569 1605 4620 via
1627 4567 1901 4636 interjecta
1921 4578 2061 4622 esset
2082 4567 2251 4639 (Socr.
2279 4569 2310 4622 I.
2337 4569 2390 4622 6.

824 4675 871 4710 ι.
900 4656 985 4712 18.
1014 4656 1221 4711 Sozam.
1250 4658 1287 4710 ι.
1319 4657 1374 4709 8.
1401 4674 1446 4708 c.
1491 4657 1607 4724 ‘20).
1655 4658 1788 4710 Ante
1836 4658 1976 4711 illam
2023 4668 2246 4712 statuam
2297 4675 2394 4729 pro

823 4758 1036 4818 recepto
1060 4763 1209 4802 more
1238 4747 1516 4818 p0pnlares
1541 4745 1649 4800 ludi
1674 4748 1924 4801 celebrati
1952 4757 2093 4800 sunt.
2132 4749 2284 4817 Saepe
2313 4751 2394 4802 vi-

822 4842 994 4896 dimus
1031 4839 1472 4911 Chrysostomum
1517 4847 1699 4893 contra
1753 4839 2054 4907 hujusmodi
2101 4843 2394 4908 spectacula

821 4931 1367 5001 declamantem,quia
1404 4945 1596 5000 nempe
1626 4929 1677 4983 in
1707 4928 2012 4998 hujusmodi
2056 4929 2270 4983 ludicris
2309 4948 2396 4986 re-

825 5022 924 5075 bus
949 5037 1161 5090 semper
1181 5023 1416 5092 quaedam
1443 5022 1874 5085 admittebantur,
1905 5035 2024 5090 qure
2072 5019 2397 5076 Christiano-

825 5128 942 5166 rum
975 5111 1211 5165 moribus
1254 5121 1307 5165 et
1332 5127 1469 5165 vera:
1496 5113 1673 5180 pietati
1697 5112 2124 5166 adversarentur.
2167 5113 2397 5181 Quapro-

823 5213 939 5272 pter
962 5203 1400 5273 Chrysostomus,
1440 5217 1559 5255 cum
1605 5203 1718 5255 hcce
1760 5211 1884 5256 ante
1929 5202 2110 5256 valvas
2157 5203 2398 5258 ecclesia:

822 5294 956 5350 facta
970 5294 1512 5363 cerneret,pristinam
1530 5294 1774 5362 loquendi
1788 5294 2084 5348 libertatem
2101 5309 2394 5360 resumens,

823 5395 1008 5440 contra
1033 5401 1123 5440 eos
1140 5386 1228 5455 qui
1257 5383 1515 5453 ejusmodi
1539 5383 1690 5436 ludos
1716 5385 1987 5448 curabant,
2008 5385 2092 5439 vel
2115 5385 2217 5438 illis
2245 5387 2398 5441 inter-

827 5485 1015 5542 erant,
1046 5491 1164 5529 cum
1196 5476 1525 5530 vehementia
1549 5474 1702 5528 solita
1746 5477 2087 5531 concionalus
2115 5488 2217 5532 est.
2251 5478 2397 5534 Hauc

825 5577 882 5621 ut
922 5568 1296 5621 contumeliam
1336 5583 1367 5620 a
1406 5566 1613 5621 Joanne
1663 5566 1761 5620 sibi
1790 5568 1982 5623 illatam
2011 5569 2175 5626 fuisse
2209 5579 2398 5640 putans

824 5657 1085 5721 Eudoxia,
1113 5658 1161 5709 in
1193 5658 1321 5711 iram
1349 5659 1631 5720 concitata,
1669 5672 1853 5712 rursus
1887 5661 2258 5733 episcoporum
2301 5661 2397 5733 Sy-

825 5749 1018 5803 nodum
1045 5747 1301 5802 advcrsus
1329 5749 1476 5803 illum
1499 5750 1810 5822 congregari
1836 5753 2057 5806 curavit.

893 5839 988 5892 Ilic
1014 5853 1176 5910 porro
1199 5839 1444 5895 Socrates
1473 5856 1532 5897 se
1558 5841 1778 5897 Joannis
1802 5849 1947 5912 gesta
1971 5844 2269 5914 improbare
2293 5859 2394 5898 non

828 5929 1139 5986 dissimulat.
1168 5931 1444 5987 Dt-buisset
1465 5935 1628 6003 enim,
1664 5936 1852 6007 inquit,
1883 5937 2027 6008 prius
2051 5938 2236 5994 blanda
2267 5940 2391 5993 hor-

1872 547 1929 602 S.
1972 547 2250 603 JOANNIS
2289 547 2758 606 CIIIIYSOSTOSII
2806 551 2986 619 \‘lTA,

3980 563 4080 616 (Ξῡὸ

2500 666 2702 721 talione
2730 667 3062 735 Principibus
3089 666 3334 735 suadere,
3363 675 3420 722 ut
3447 667 3514 722 ab
3541 666 3839 737 hujusmodi
3869 678 4084 734 ludicris

2500 754 2854 821 abstinerent,
2883 771 3055 824 neque
3078 759 3285 825 probris
3314 761 3564 830 impetere
3590 774 3704 822 eos.
3733 765 3820 829 qui
3853 765 3950 819 ista
3975 769 4083 823 fieri

2501 855 2882 915 praeceperant.
2908 845 3103 901 Verum
3127 851 3245 917 quis
3274 852 3374 905 scit
3400 867 3466 905 an
3494 853 3781 920 Augustam
3812 868 3915 907 non
3941 860 4085 923 prius

2501 937 2771 990 monuerit
2797 944 3011 989 sanctus
3033 937 3295 993 antistes?
3316 941 3496 1002 Certe.
3521 941 3780 995 referente
3802 941 4081 1012 ἸΊιοορΙιει-

2502 1041 2592 1090 ne,
2622 1027 3032 1097 Chqsostomus
3065 1026 3376 1082 Praefectum
3404 1032 3580 1097 urbis,
3614 1031 3749 1085 ludis
3785 1029 4082 1099 hujusmodi

2503 1119 2864 1188 prtepositum,
2895 1116 2992 1170 hac
3020 1115 3087 1171 de
3118 1134 3175 1171 re
3206 1121 3430 1174 monuit.
3455 1121 3549 1175 Ille
3579 1137 3740 1186 vero,
3788 1120 3877 1190 qui
3916 1120 4084 1174 Manis

2502 1208 2684 1263 chaeus
2709 1219 2842 1276 erat,
2876 1209 3172 1263 Eudoxiam
3205 1209 3331 1262 adiit
3367 1215 3664 1266 nuntiatum
3697 1214 3768 1270 illi
3799 1229 3901 1266 non
3933 1229 4084 1282 posse

2501 1299 2760 1354 Joannem
2791 1302 2947 1366 ferre,
2977 1309 3033 1353 ut
3053 1307 3242 1353 statua:
3264 1313 3374 1353 sua:
3397 1300 3570 1356 honor
3593 1305 3955 1372 exhiberetur,
3979 1321 4086 1375 quo

2503 1393 2672 1462 magis
2699 1395 2932 1448 animum
2959 1393 3074 1462 ejus
3102 1402 3466 1460 exasperaret.

2575 1483 2811 1539 Eudoxia
2855 1486 3012 1556 igitur
3060 1483 3112 1537 id
3158 1483 3210 1536 in
3253 1481 3628 1536 contumeliam
3679 1499 3831 1540 suam
3881 1487 4083 1542 dictum

2505 1585 2778 1642 reputans,
2812 1591 2996 1629 rursus
3027 1575 3245 1630 Joannis
3270 1573 3556 1643 perniciem
3585 1575 3882 1630 machinata
3908 1589 4010 1641 est,
4033 1591 4087 1633 ct

2507 1665 2777 1736 Synodum
2803 1666 3174 1735 episcoporum
3206 1665 3459 1718 adversus
3483 1664 3628 1717 illum
3658 1670 3965 1734 congregari
3993 1685 4087 1723 cu-

2507 1759 2662 1810 ravit.
2702 1758 2755 1810 Id
2801 1758 2885 1811 ubi
2934 1759 3148 1812 rescivit
3175 1757 3440 1822 Joannes,
3471 1757 3515 1810 si
3557 1754 3686 1809 fides
3712 1756 3778 1808 sit
3803 1757 4006 1810 Socrati
4034 1769 4089 1812 et

2505 1832 2801 1902 Sozomeno
2823 1887 2836 1909 ,
2868 1848 3009 1900 illam
3059 1847 3330 1901 homiliam
3371 1846 3584 1910 habuit,
3613 1861 3729 1916 qua:
3755 1847 3831 1899 sic
3859 1847 4042 1914 incipit
4068 1866 4086 1902 :

2509 1939 2729 1991 Rursum
2758 1937 3008 1990 Ilerodia:
3031 1937 3176 2005 furit.
3207 1937 3496 1990 Homiliam
3525 1952 3653 1991 vero
3684 1937 3766 1988 his
3795 1937 3972 1991 verbis
4001 1938 4085 1990 in-

2502 2028 2782 2096 cipientem
2809 2030 2860 2081 in
2884 2039 3072 2082 octavo
3091 2028 3261 2081 Tomo
3287 2029 3424 2082 inter
3445 2025 3959 2097 spuriasedidimusc.

2501 2120 2651 2174 Putat
2665 2131 2838 2174 autem
2851 2120 3382 2176 SaviliusGrteculutn
3396 2120 3693 2188 quempiam
3709 2120 3940 2186 ineptum
3953 2119 4087 2172 etin-

2500 2210 2713 2264 doctum
2725 2250 2740 2276 ,
2759 2225 2878 2264 cum
2891 2210 3029 2280 apud
3041 2211 3311 2266 Socratem
3324 2220 3376 2265 et
3389 2211 3740 2265 Sozomenum
3768 2209 3867 2264 hoc
3877 2210 4088 2263 concio-

2502 2302 2586 2356 nis
2602 2302 2916 2372 principium
2933 2286 3148 2357 vidisSet
3170 2344 3185 2367 ,
3209 2302 3346 2356 hanc
3363 2303 3673 2357 concionem
3698 2302 4083 2369 ineptissimam

2504 2393 2780 2462 prtemisso
2795 2392 3095 2461 hujusmodi
3120 2393 3378 2463 principio
3399 2392 3648 2446 edidisse.
3672 2394 3740 2445 At
3756 2407 3874 2446 cum
3900 2392 4086 2460 hujus-

2504 2482 2648 2536 inodi
2670 2483 2910 2552 opusculi
2939 2493 3125 2537 auctor
3151 2484 3550 2552 antiquissimus
3580 2483 3649 2535 sit
3676 2483 3820 2551 (nam
3846 2482 3914 2534 ab
3939 2483 4084 2535 Ana-

2503 2575 2666 2628 stasio
2691 2573 2891 2629 Sinaita
2921 2575 3112 2628 citatur
3131 2573 3174 2644 ),
3208 2554 3457 2630 libentius
3495 2574 3768 2628 crederem
3813 2573 3914 2627 hoc
3955 2589 4088 2643 opu-

2501 2665 2706 2718 sculum
2749 2680 2778 2717 a
2827 2665 3072 2719 Graeculo
3107 2666 3336 2735 quodam
3363 2708 3378 2732 ,
3427 2674 3712 2736 antequam
3757 2665 4002 2720 Socrates
4031 2677 4086 2719 et

2498 2751 2827 2807 Sozomenus
2857 2754 3186 2818 scriberent,
3219 2756 3538 2809 adornatum
3568 2757 3746 2809 fuisse.
3774 2755 3888 2808 Non
3917 2770 4081 2822 pauca

2498 2843 2642 2896 enim
2690 2841 2947 2898 habemus
2994 2845 3271 2912 epuscula,
3313 2846 3475 2899 etiam
3517 2845 3879 2914 Chrysostomi
3928 2853 4084 2897 actate

2498 2932 2660 2997 edita,
2691 2932 2808 3001 ejus
2838 2933 3056 2988 nomine
3081 2934 3366 3002 publicata.

2571 3007 2642 3077 Ut
2667 3031 2724 3076 ut
2752 3039 2837 3077 res
2861 3033 2978 3090 est,
3005 3023 3224 3078 Joannis
3268 3025 3499 3091 inimici,
3552 3041 3667 3080 rem
3713 3025 3813 3079 sibi
3854 3041 3920 3078 ex
3959 3035 4082 3077 voto

2503 3111 2694 3165 cedere
2723 3112 2998 3177 videntes,
3052 3112 3118 3166 ad
3147 3113 3500 3182 TheOphilum
3551 3115 3921 3170 Alexandriam
3961 3115 4082 3167 mit-

2503 3209 2651 3268 tunt,
2684 3201 2960 3256 hortantes
2992 3211 3051 3256 ut
3077 3203 3575 3272 Constantinopolin
3619 3205 3859 3269 veniret,
3887 3214 4002 3267 aut,
4034 3205 4080 3257 si

2501 3293 2713 3362 plebem
2741 3293 3114 3348 refurmidaret
3132 3335 3145 3357 ,
3191 3294 3270 3348 rei
3299 3295 3546 3364 gerendae
3575 3294 3788 3348 modum
3817 3295 3913 3348 sibi
3943 3309 4078 3362 prae-

2499 3383 2778 3437 scriberet.
2823 3382 3156 3452 Theophilus
3186 3398 3316 3438 vero
3346 3399 3552 3438 memor
3579 3383 3719 3437 haud
3760 3385 3832 3436 ita
3877 3382 4078 3451 pridem

2500 3473 2754 3530 transacti
2799 3474 3058 3543 periculi.
3111 3473 3287 3527 denuo
3332 3475 3467 3529 istuc
3515 3475 3616 3528 iter
3661 3473 3932 3540 suscipere
3973 3487 4078 3524 non

2498 3579 2659 3620 ausus
2682 3574 2799 3630 est;
2822 3565 2916 3619 sed
2940 3565 3085 3618 misit
3115 3572 3224 3618 tres
3245 3564 3522 3633 episcopos
3541 3605 3554 3625 ,
3583 3563 3804 3617 Paulum
3825 3603 3840 3623 .
3866 3562 4076 3615 Pmme-

2497 3672 2619 3712 nem
2646 3665 2700 3711 et
2726 3657 2886 3710 alium
2909 3670 3096 3710 recens
3120 3655 3440 3716 ordinatum;
3465 3653 3609 3707 misit
3642 3654 3801 3708 etiam
3825 3653 4079 3721 quosdam

2497 3762 2752 3810 canones,
2772 3761 2906 3816 quos
2929 3745 3183 3800 adversus
3205 3745 3420 3799 beatum
3438 3743 3783 3798 Athanasium
3811 3743 3984 3795 Ariani
4003 3741 4080 3795 fe-

2501 3845 2716 3902 cerant,
2751 3845 2811 3890 ut
2853 3835 2917 3890 iis
2953 3843 3235 3889 uterentur
3279 3835 3535 3888 adversus
3564 3833 3844 3887 Joannem.
3883 3833 3945 3886 Ili
3983 3846 4080 3884 au-

2499 3935 2606 3980 tem
2635 3941 2868 3980 canones
2909 3926 2960 3979 in
2991 3925 3323 3979 Antiocheno
3349 3924 3576 3980 concilio
3603 3924 3730 3977 anni
3773 3923 3868 3976 541
3900 3923 4077 3990 publi-

2500 4015 2603 4070 cati
2627 4015 2858 4069 fuerant.
2886 4014 2942 4068 In
2966 4015 3030 4069 iis
3049 4030 3180 4069 vero
3200 4015 3553 4078 statuebatur,
3577 4022 3635 4067 ut
3656 4014 3702 4067 si
3730 4013 3850 4082 quis
3870 4013 4079 4080 episco-

2501 4121 2601 4176 pus
2631 4121 2661 4159 a
2705 4106 2938 4160 concilio
2979 4105 3208 4174 quodam
3240 4105 3514 4173 depositus
3543 4104 3630 4159 vel
3669 4118 3736 4158 ex
3784 4118 3871 4166 se,
3897 4103 3982 4156 vel
4008 4117 4073 4156 ex

2502 4198 2762 4268 imperiali
2791 4198 3106 4253 auctoritate
3131 4197 3312 4251 sedem
3341 4211 3494 4250 suam
3533 4203 3830 4265 repeteret,
3870 4199 3920 4248 in
3952 4210 4075 4262 pcr-

2501 4302 2725 4360 petuum
2748 4289 2856 4358 jam
2889 4289 3164 4358 depositus
3196 4299 3474 4351 maneret,
3500 4301 3599 4340 nee
3625 4296 3802 4354 posset
3829 4299 4072 4352 umquam

2500 4379 2564 4434 ad
2590 4396 2808 4434 causam
2836 4380 3117 4434 dicendam
3162 4379 3392 4432 admitti.
3439 4376 3548 4431 Nec
3591 4375 3938 4444 TheOphilum
3978 4391 4076 4443 pu-

2498 4471 2613 4526 duit
2663 4471 2980 4529 Arianorum
3035 4484 3309 4532 canones,
3363 4467 3429 4521 ad
3484 4467 3786 4537 pellendum
3836 4476 4072 4520 sanctum

2498 4563 2846 4616 Athanasium
2895 4560 3185 4623 conﬂatos,
3239 4559 3305 4614 ad
3336 4559 3547 4614 beatum
3592 4558 3850 4613 Joannem
3890 4573 3920 4613 e
3946 4557 4073 4612 sedc

2497 4651 2846 4722 rejieiendum
2877 4649 3148 4703 adhibere.

2568 4746 2804 4800 Joannes
2828 4757 2956 4797 vero
2991 4741 3055 4795 ad
3077 4741 3334 4810 synodum
3375 4756 3431 4796 se
3459 4750 3738 4796 venturum
3769 4748 3822 4794 et
3856 4752 4071 4792 causam
4153 4791 4174 4815 ⁸

2499 4839 2765 4892 dicturum
2811 4849 2928 4888 esse
2958 4834 3218 4902 pollicitus
3264 4832 3432 4887 fuerat
3473 4850 3485 4884 :
3529 4830 3817 4884 dummodo
3866 4830 3931 4889 ii,
3984 4827 4072 4893 qui

2499 4936 2682 4998 aperte
2709 4926 2906 4980 inimici
2931 4925 3028 4978 sibi
3054 4934 3225 4986 erant,
3254 4939 3318 4977 ex
3341 4924 3575 4990 judicum
3598 4919 3814 4973 sedibus
3842 4932 4076 4969 remove-

2499 5030 2681 5074 rentur
2715 5035 2727 5071 :
2764 5034 2865 5071 non
2915 5017 3123 5070 auditus
3177 5027 3352 5068 tamen
3389 5013 3670 5065 damnatus
3715 5007 3904 5060 fuerat.
3949 5005 4075 5057 Tale

2499 5125 2626 5164 vero
2658 5109 2848 5180 synodi
2875 5123 3038 5177 genus
3073 5107 3170 5159 hoc
3200 5105 3417 5158 nomine
3445 5096 3816 5169 appellandum
3838 5109 4074 5147 nonesse

2499 5201 2844 5269 conspicuum
2871 5207 2972 5251 est.
3014 5196 3123 5251 Nec
3164 5197 3268 5249 nisi
3318 5189 3653 5260 imperatoris
3691 5186 3840 5253 jussu
3868 5198 3896 5235 a
3947 5181 4074 5235 sede

2501 5293 2684 5362 pulsus
2705 5334 2718 5356 ,
2743 5292 3091 5360 ejusdemque
3127 5290 3278 5358 jussu
3324 5288 3376 5339 in
3405 5283 3584 5336 sedem
3609 5292 3855 5333 reversus
3883 5276 4070 5328 fuerat.

2501 5387 2581 5440 Ab
2613 5385 2878 5454 episcopis
2905 5383 3238 5452 congregatis
3258 5420 3272 5443 ,
3318 5376 3520 5443 majore
3563 5384 3786 5424 numero
3814 5383 3971 5436 quam
4002 5370 4032 5419 ii
4055 5411 4069 5430 ,

2501 5480 2588 5548 qui
2631 5477 2905 5549 Synodum
2963 5475 3030 5530 ad
3077 5476 3342 5541 Quereum
3390 5463 3810 5526 constituebant,
3859 5475 4069 5514 causam

2500 5586 2649 5626 suam
2674 5578 3052 5640 propugnatam
3077 5567 3238 5619 fuisse
3258 5559 3486 5616 dicebat.
3510 5555 3811 5623 Eodemque
3836 5562 4073 5622 tempore

2500 5660 2848 5730 TheOphiIus,
2883 5660 2971 5729 qui
3005 5660 3057 5711 in
3087 5658 3185 5710 hac
3217 5645 3634 5718 Pseudosyuodo
3660 5646 3956 5715 praecipuus
3988 5645 4072 5712 ju-

2501 5754 2602 5809 dex
2643 5755 2894 5816 sedebat,
2946 5753 2995 5806 in
3027 5762 3242 5803 causam
3288 5751 3504 5795 vocatus
3535 5739 3733 5807 fuerat,
3776 5750 3834 5793 ut
3861 5750 4074 5806 septua-

2501 5849 2643 5916 ginta
2684 5846 3112 5904 criminationum
3142 5839 3312 5907 capita
3341 5833 3628 5904 depelleret
3654 5873 3669 5897 ,
3697 5844 3750 5887 et
3779 5831 3906 5886 falsa
3951 5841 4070 5916 esse

2507 5915 2908 6010 comprobaret,
2939 5939 3007 5988 ita
3037 5944 3093 5986 ut
3116 5931 3289 5986 omnia
3317 5938 3496 5983 contra
3524 5929 3606 5997 jus
3638 5927 3819 5995 fasque
3841 5924 3892 5975 in
3915 5935 3976 5972 ea
4004 5915 4068 5969 ad
