4506 6706
347 546 452 602 209

347 663 616 727 Quercum
641 660 860 735 Synodo
886 671 1004 718 acta
1033 669 1252 726 essent,
1302 660 1346 714 si
1397 671 1570 718 tamen
1612 662 1813 734 Synodi
1845 676 1940 716 ro-

351 770 471 808 inen
501 769 817 811 mereretur.
845 756 979 810 Cum
1007 767 1137 806 vero
1165 752 1361 807 Natalis
1381 754 1496 810 dies
1528 756 1738 810 Domini
1766 751 1938 808 adve-

350 846 516 900 nisset
553 846 744 918 (Socr.
778 848 815 899 ι.
844 845 898 898 6.
931 859 978 895 c.
1015 841 1115 909 18)
1139 883 1154 908 ,
1183 841 1474 912 Imperator
1499 846 1566 900 ad
1609 843 1895 900 ecclesiam
1921 883 1935 908 ,

348 937 424 991 uti
449 945 836 1000 consueverat,
873 948 979 987 non
1021 934 1246 988 accessit
1275 975 1288 998 ,
1317 938 1408 991 sed
1437 937 1629 992 Joanni
1668 935 1939 991 mandavit

349 1043 406 1084 se
435 1044 542 1083 non
590 1030 739 1097 prius
771 1040 892 1078 cum
925 1024 1016 1076 illo
1045 1027 1560 1083 communicaturum
1589 1041 1743 1094 esse,
1777 1042 1936 1096 quam

349 1121 493 1174 illata
519 1120 620 1174 sibi
652 1116 878 1171 crimina
905 1115 1164 1170 diluisset.

441 1208 687 1278 Synodus
717 1206 956 1259 adversus
999 1206 1407 1278 Chrysoatomum
1429 1211 1596 1263 denuo
1623 1207 1842 1276 cogitur.
1865 1237 1938 1250 —

350 1299 494 1352 Multi
527 1311 687 1365 porro
709 1295 945 1364 episcopi
969 1313 1179 1354 venere.
1204 1299 1283 1354 Ex
1309 1300 1463 1369 Syria
1492 1312 1644 1362 vero,
1667 1295 1938 1367 Cappado-

349 1391 428 1442 cia
455 1428 470 1449 ,
516 1387 685 1440 Ponto
712 1395 766 1440 et
797 1387 1020 1459 Phrygia
1054 1391 1282 1446 universi
1325 1387 1719 1457 metropolitani
1746 1397 1799 1442 et
1825 1389 1940 1458 epi-

349 1479 498 1546 scopi
527 1480 829 1549 congregati
859 1491 1018 1550 sunt,
1050 1499 1220 1552 exque
1263 1483 1383 1536 aliis
1411 1480 1599 1535 vicinis
1625 1480 1932 1549 regionibus

351 1566 590 1636 (Pallad.
637 1568 889 1641 Dialog.).
919 1572 1057 1627 Inter
1081 1574 1200 1628 illos
1219 1583 1395 1626 autem
1437 1571 1526 1625 isti
1550 1580 1930 1636 memorantur,

352 1661 579 1714 Aeacius
611 1661 809 1716 Bcrma:
829 1705 845 1729 ,
872 1664 1123 1718 Leontius
1162 1666 1388 1735 Ancyra:
1406 1704 1419 1725 ,
1451 1661 1766 1716 Ammonius
1790 1660 1930 1715 Lao-

351 1753 519 1806 diceze
570 1755 622 1808 in
676 1755 867 1825 Syria,
915 1774 1032 1827 qua:
1080 1758 1278 1812 Adusta
1329 1755 1738 1819 nominabatur,
1786 1754 1938 1808 Briso

354 1844 734 1915 Philippopolis
765 1851 814 1902 in
866 1851 1091 1903 Thracia
1115 1889 1131 1915 ,
1160 1848 1478 1903 Theodorus
1505 1846 1732 1917 Tyanae,
1782 1847 1935 1914 Cyri-

358 1954 458 1992 nus
487 1939 835 1996 Chalcedonis
854 1985 868 2008 ,
903 1943 1142 2012 Elpidius
1166 1941 1446 1996 Laodiceae
1473 1940 1523 1992 in
1551 1938 1700 2010 Syria
1721 1980 1737 2004 ,
1767 1938 1936 1992 Tran-

353 2031 546 2099 quillus
595 2041 648 2086 ct
689 2035 777 2086 alii
821 2033 1215 2104 quamplurimi.
1262 2031 1396 2084 Dum
1453 2031 1566 2084 Itrec
1623 2039 1932 2100 agerentur,

351 2124 584 2180 Joannes
608 2126 866 2195 adjunctis
907 2127 1256 2197 quadraginta
1293 2122 1498 2178 duobus
1525 2123 1788 2192 episcopis
1808 2136 1937 2176 con-

353 2228 544 2271 ventus
579 2220 804 2288 agebat,
835 2229 891 2273 et
933 2217 1162 2286 populus
1188 2229 1377 2282 magna
1405 2230 1524 2268 cum
1559 2214 1721 2268 animi
1749 2213 1938 2267 alacri-

353 2316 461 2362 tate
487 2308 601 2377 ejus
643 2308 882 2362 doctrina
917 2308 1208 2362 fruebatur.
1237 2305 1386 2360 Solet
1413 2305 1552 2358 enim
1579 2319 1728 2357 vana:
1755 2303 1940 2372 gloriae

356 2414 550 2468 expers
595 2401 808 2452 animus
848 2401 898 2452 in
926 2397 1316 2452 calamitatibus
1337 2395 1708 2464 jucundiorem
1747 2403 1800 2448 et
1839 2408 1940 2462 po-

354 2489 635 2542 tentiorem
666 2503 968 2542 sermonem
993 2487 1291 2542 ell'undere.
1321 2485 1465 2540 Inter
1507 2499 1602 2539 eos
1627 2485 1717 2555 qui
1747 2483 1942 2538 Joanni

354 2579 633 2644 favebant,
680 2587 835 2632 erant
877 2577 1154 2646 Elpidius,
1213 2575 1590 2645 Tranquillus,
1633 2573 1940 2629 Alexander

354 2670 776 2739 Basilinopoleos
821 2670 873 2722 in
918 2669 1164 2738 Bithynia
1190 2709 1206 2732 ,
1238 2666 1551 2722 Theodorus
1577 2666 1808 2737 Tyanae,
1859 2666 1941 2719 vir

351 2760 550 2828 probus
583 2777 595 2813 :
629 2760 718 2829 qui
747 2775 867 2815 cum
897 2774 960 2814 ex
993 2760 1056 2814 iis
1076 2800 1091 2824 ,
1122 2774 1242 2828 quae
1270 2766 1394 2812 tunc
1420 2757 1471 2811 in
1493 2757 1770 2826 colloquiis
1797 2754 1938 2811 fere-

352 2855 542 2906 hantur
563 2893 579 2918 ,
608 2851 893 2922 Theophili
924 2851 1369 2920 conSpirationem
1412 2847 1800 2912 intellexisset,
1850 2861 1938 2901 re-

351 2946 486 2998 lictis
514 2944 760 2998 omnibus
802 2942 1117 3007 insalutatis,
1163 2940 1452 2994 Ecclesiam
1496 2953 1646 2992 suam
1686 2939 1934 3007 repetiit,

351 3044 570 3112 longum
599 3043 902 3098 valedicens
927 3041 1213 3096 Comitatui
1239 3040 1351 3095 sive
1379 3039 1514 3092 aulae
1555 3034 1936 3107 Imperatoriae,

347 3148 604 3201 suamque
621 3133 971 3202 provinciam,
987 3132 1154 3201 inquit
1169 3130 1434 3185 Palladius
1451 3128 1680 3198 Dialog.,
1694 3125 1762 3180 ad
1777 3126 1939 3180 tinem

350 3239 517 3296 usque
538 3226 589 3277 in
617 3224 719 3278 fide
745 3223 1106 3277 Romanorum
1133 3229 1562 3291 perseverantem
1586 3217 1940 3274 conservavit.

423 3315 670 3384 Episcopi
701 3323 880 3368 autem
910 3327 1096 3368 omnes
1127 3327 1248 3367 cum
1291 3311 1563 3366 venissent
1594 3309 1762 3381 (Anno
1791 3306 1938 3377 404),

351 3406 734 3475 cujuscumque
764 3405 929 3475 partis
958 3413 1136 3460 essent
1155 3445 1170 3471 ,
1202 3419 1322 3458 cum
1350 3402 1551 3457 Joanne
1579 3399 1943 3456 communica-

351 3516 479 3555 vere
503 3542 516 3564 ,
557 3516 625 3555 ne
654 3500 836 3555 eadem
865 3500 975 3568 ipsa
994 3539 1008 3563 ,
1040 3514 1159 3569 quae
1201 3499 1350 3568 prius
1369 3539 1383 3560 ,
1426 3499 1750 3553 acciderent.
1781 3494 1936 3562 Quod

349 3606 470 3645 cum
491 3591 558 3645 ad
583 3606 742 3645 aures
773 3591 1111 3659 Imperatoris
1138 3599 1191 3644 et
1220 3591 1472 3658 Augustae
1498 3589 1767 3651 venisset,
1798 3601 1942 3655 (egre

354 3685 585 3738 tulerunt
622 3683 694 3738 illi
739 3700 856 3738 eam
895 3698 1016 3737 cum
1065 3683 1269 3736 Joanne
1315 3681 1765 3735 communionem.
1803 3679 1936 3732 Cum

353 3789 515 3844 porro
544 3772 777 3827 Joannes
805 3773 855 3826 in
887 3772 1158 3843 Synodnm
1189 3771 1452 3833 venisset,
1479 3770 1696 3824 adfuere
1722 3783 1938 3822 accusa-

353 3877 495 3919 tores
511 3865 628 3934 cjus
648 3883 658 3916 :
679 3866 765 3932 qui
787 3880 905 3918 cum
931 3864 1192 3933 egregiam
1214 3863 1327 3930 ejus
1354 3862 1514 3915 animi
1537 3860 1939 3916 ﬁduciamvide—

358 3965 496 4020 rent,
516 3955 695 4008 animo
721 3954 1001 4017 cadebant,
1024 3955 1092 4007 ita
1115 3964 1171 4007 ut
1191 3955 1276 4007 vix
1300 3954 1439 4022 loqui
1457 3952 1730 4007 auderent.
1751 3951 1804 4005 Id
1826 3951 1937 4006 ani-

357 4048 750 4102 madvertentes
774 4046 1005 4114 episc0pi
1036 4045 1222 4114 reliqui
1248 4044 1417 4113 (Socr.
1449 4046 1487 4096 ι.
1515 4044 1568 4098 6.
1609 4061 1654 4097 c.
1680 4042 1767 4113 18)
1791 4084 1805 4105 .
1834 4057 1942 4097 cae-

357 4149 498 4192 teras
523 4137 734 4206 quidem
756 4136 1149 4190 criminationes
1191 4134 1475 4188 mittendas
1504 4148 1623 4189 esse
1651 4134 1936 4199 duxerunt,

356 4229 424 4282 de
455 4229 555 4282 hoc
603 4213 776 4282 autem
825 4242 928 4280 uno
957 4226 1304 4294 quastionem
1351 4225 1648 4278 habendam
1696 4239 1815 4278 esse
1840 4225 1938 4279 de-

356 4318 729 4383 claravcrunt,
769 4317 907 4386 quod
938 4325 1053 4384 post
1091 4315 1469 4385 depositiOnem
1502 4313 1701 4383 absque
1736 4312 1938 4383 Synodi

358 4408 714 4471 auctoritate,
760 4422 857 4460 suo
891 4407 1053 4474 ipsius
1092 4407 1311 4460 arbitrio
1351 4405 1703 4474 episcopalem
1755 4404 1936 4458 sedem

361 4493 663 4549 invasisset.
709 4494 963 4550 Leontius
1010 4513 1138 4552 vero
1177 4499 1487 4566 Ancyranus
1535 4505 1588 4550 et
1627 4496 1939 4549 Ammonius

361 4585 692 4640 Laodicenus
720 4586 997 4656 TheOphili
1023 4589 1324 4658 opinionem
1353 4598 1664 4659 sequentes,
1687 4587 1822 4642 hanc
1849 4604 1940 4643 so-

366 4677 468 4731 lam
513 4677 863 4745 quzestionem
902 4680 1215 4733 movendam
1255 4696 1374 4735 esse
1403 4683 1648 4736 dixerunt
1692 4680 1938 4752 (Pallad.

364 4768 504 4823 Dial.
534 4767 684 4821 Socr.
717 4769 754 4821 ι.
777 4767 828 4821 6.
851 4783 897 4821 ο.
923 4769 1032 4836 18).
1052 4769 1348 4838 Βεειιοηιὶίι
1366 4787 1492 4825 vero
1519 4771 1772 4838 Joannes,
1794 4773 1948 4842 quin-

361 4874 466 4929 que
496 4866 548 4913 et
599 4859 866 4928 sexaginta
893 4857 1168 4928 episcopos
1211 4861 1447 4928 quicum
1492 4863 1606 4933 ipso
1651 4863 1948 4918 communi-

364 4961 615 5006 caveraut
641 4992 657 5018 ,
698 4953 798 5006 hoc
830 4950 1126 5007 decrevisse
1153 4995 1168 5022 ,
1218 4963 1276 5007 ut
1325 4956 1524 5010 scilicet
1578 4959 1759 5013 sedem
1795 4975 1946 5014 suam

365 5055 652 5111 repeteret.
682 5043 933 5099 Leontius
956 5055 1160 5110 contra,
1183 5045 1284 5099 hoc
1311 5047 1642 5101 mendacium
1667 5051 1947 5119 impuden-

370 5146 452 5190 ter
479 5137 696 5205 protulit
723 5155 736 5191 :
775 5136 980 5203 Plures,
1011 5139 1204 5208 inquit,
1232 5140 1369 5208 fuere
1389 5180 1403 5203 ,
1432 5155 1460 5190 ο
1495 5137 1720 5194 Joannes
1739 5184 1753 5208 ,
1791 5144 1876 5213 qui
1904 5152 1950 5195 te

370 5230 423 5282 in
451 5231 662 5301 Synodo
688 5233 1162 5287 condemnaverunt.
1191 5232 1246 5288 Id
1289 5233 1428 5303 qttod
1473 5248 1538 5287 ne
1578 5236 1667 5289 alii
1698 5238 1910 5307 quidem
1930 5277 1945 5304 ,

377 5325 460 5391 qui
494 5327 545 5378 in
572 5326 788 5396 Synodo
809 5329 876 5382 ad
900 5329 1164 5397 Quereum
1193 5329 1420 5395 fuerant,
1465 5328 1642 5383 dicere
1669 5330 1782 5384 ausi
1823 5329 1951 5382 fuis-

373 5425 510 5468 sent.
544 5418 624 5470 Ad
665 5418 779 5473 haec
808 5434 934 5475 vero
963 5421 1170 5476 dicebat
1209 5419 1438 5476 Joannes
1478 5435 1733 5474 canonem
1766 5421 1912 5474 illum
1933 5460 1949 5485 ,

374 5521 480 5576 quo
527 5506 625 5576 ipsi
679 5511 1020 5579 nitebantur,
1068 5529 1173 5569 non
1217 5513 1467 5568 Ecclesia:
1497 5511 1813 5577 Catholicae,
1858 5511 1951 5567 sed

376 5600 694 5654 Arlanorum
723 5618 846 5659 esse
878 5625 891 5659 :
920 5608 1199 5678 episcopos
1227 5609 1367 5663 enim
1400 5607 1692 5660 Antiochiae
1733 5620 1957 5677 congre-

377 5705 528 5765 gatos
576 5692 642 5746 ad
691 5699 1034 5756 evertendam
1072 5701 1547 5759 Consubstantialis
1593 5699 1786 5764 fidem,
1836 5715 1960 5755 cum

381 5785 507 5842 odio
533 5784 819 5856 flagrarent
842 5789 1099 5848 adversus
1125 5794 1473 5850 Athanasium
1491 5836 1506 5859 ,
1539 5792 1675 5847 hunc
1697 5806 1956 5848 canonem

380 5891 644 5935 οηιιςιεεθ.

455 5970 692 6038 Sgnodus
713 5966 1126 6037 Chryrostommn
1148 5993 1179 6028 α
1204 5977 1320 6031 sedc
1367 5977 1654 6051 pellendum
1693 5995 1796 6032 esse
1835 5995 1959 6050 pro-

1513 549 1696 608 IIUNC
1733 548 1995 607 Ρηωωι
2035 549 2434 607 ADORNATA.

3532 551 3640 606 2M

2050 666 2268 718 nuntiat.
2295 693 2368 704 —
2389 663 2636 731 Aeacius,
2665 664 2982 729 Antiochus,
3029 663 3279 736 Cyrinus,
3320 664 3637 720 Severianus

2045 770 2166 809 cum
2211 755 2498 810 Ammonio
2544 765 2599 812 et
2655 757 2884 813 Leontio
2933 756 3312 827 Imperatorem
3350 757 3632 823 adierunt,

2043 849 2400 918 dixeruntque
2442 851 2739 906 evocandos
2767 866 2888 907 esse
2923 865 2989 905 ex
3019 860 3166 919 parte
3206 850 3425 906 Joannis
3448 850 3636 906 decem

2054 945 2338 1013 ερίεοονοε
2362 983 2376 1006 ,
2424 942 2488 996 ad
2519 945 2898 1000 conciliandam
2931 944 3226 998 canonibus
3262 945 3631 1000 auctoritatem

2045 1032 2303 1102 (Pallad.
2343 1032 2399 1086 in
2451 1031 2725 1104 Dialogo).
2782 1034 3008 1106 Ingressi
3063 1043 3240 1088 autem
3293 1033 3530 1102 Elpidius
3580 1043 3637 1088 et

2043 1125 2390 1196 Tranquillus
2426 1125 2720 1181 suadebant
2743 1127 3053 1196 Imperatori
3076 1168 3093 1193 ,
3134 1141 3241 1181 non
3273 1135 3521 1195 oportere
3547 1127 3630 1179 iu-

2042 1217 2184 1272 dicta
2209 1231 2369 1272 causa
2396 1216 2519 1286 ejici
2540 1218 2820 1272 Joannem.
2843 1218 2971 1271 Cum
3003 1226 3180 1272 autem
3207 1215 3431 1272 Joannis
3450 1215 3638 1269 adver-

2042 1310 2168 1364 sarii
2219 1310 2641 1376 altercarentur,
2682 1309 2923 1379 Elpidius
2973 1308 3280 1379 Imperatori
3325 1308 3637 1380 praposuit,

2046 1410 2104 1455 ut
2145 1403 2372 1457 Aeacius
2409 1412 2464 1457 et
2509 1403 2806 1457 Antiochus
2849 1402 3248 1457 subscriberent
3295 1417 3354 1457 se
3397 1401 3640 1471 ejusdem

2045 1507 2162 1547 esse
2193 1493 2313 1548 Iidei
2339 1504 2496 1564 atque
2539 1510 2632 1549 eos
2654 1495 2744 1565 qui
2774 1508 3011 1549 canones
3049 1492 3364 1556 ediderunt,
3395 1507 3528 1560 quos
3555 1492 3630 1546 illi

2047 1585 2354 1639 orthodoxis
2394 1587 2780 1654 proponebant.
2847 1585 3142 1655 Imperator
3187 1599 3315 1638 vero
3357 1582 3641 1636 subridens

2048 1672 2180 1726 dixit
2200 1676 2464 1729 Antiocho
2486 1695 2498 1729 :
2522 1677 2660 1730 Nihil
2681 1677 2808 1730 mihi
2829 1677 3010 1731 utilius
3027 1674 3257 1730 videtur.
3283 1675 3360 1728 Illi
3389 1689 3515 1728 vero
3540 1687 3639 1728 ceu

2047 1762 2306 1831 vertigine
2330 1765 2491 1832 capti,
2521 1780 2581 1818 se
2605 1766 2996 1836 subscripturos
3015 1767 3228 1831 dixere,
3253 1779 3426 1834 neque
3460 1773 3638 1818 tamen

2047 1865 2230 1922 postea
2252 1854 2640 1924 subscripsere.
2659 1856 2981 1926 Interimqne
3004 1857 3238 1911 Joannes
3265 1871 3383 1911 eum
3409 1855 3640 1926 quadra-

2047 1945 2195 2015 ginta
2216 1946 2427 2001 duobus
2443 1947 2708 2017 episcopis
2721 1947 3026 2019 frequenter
3040 1948 3387 2004 conveniebat
3405 1955 3464 2002 et
3474 1947 3642 2001 collo-

2043 2039 2163 2108 quia
2189 2039 2467 2106 miscebat,
2496 2041 2799 2110 populoque
2841 2055 2940 2094 suo
2962 2055 3146 2094 sanam
3177 2039 3474 2094 doctrinam
3503 2053 3645 2108 prae-

2042 2128 2220 2183 dicare
2244 2145 2350 2183 non
2377 2129 2688 2185 desistebat.
2711 2129 2849 2198 Quid
2871 2141 3048 2186 autem
3081 2131 3167 2185 illa
3198 2128 3644 2199 Pseudosyuodus

2044 2228 2226 2274 contra
2246 2219 2688 2290 Chrysostomutn
2713 2221 3087 2291 pronuntiarit,
3111 2235 3219 2276 non
3236 2221 3486 2275 convenit
3503 2219 3644 2274 inter

2047 2311 2332 2378 scriptores
2357 2329 2370 2365 :
2393 2321 2706 2382 certumque
2729 2324 2904 2367 tamen
2946 2313 3158 2367 videtur
3178 2315 3321 2382 ipsos
3352 2313 3488 2366 hanc
3509 2327 3640 2381 pro-

2049 2401 2235 2454 tulisse
2255 2404 2568 2456 sententiam
2589 2445 2604 2467 ,
2626 2418 2656 2457 a
2682 2405 2809 2460 sede
2833 2403 3140 2473 pellendum
3170 2418 3291 2459 esse
3315 2418 3438 2457 eum
3455 2444 3468 2466 ,
3490 2402 3581 2472 qni
3607 2394 3638 2454 a

2047 2490 2264 2562 Synodo
2297 2491 2578 2547 damnatus
2615 2503 2670 2548 et
2712 2493 2986 2564 depositus
3011 2535 3026 2559 ,
3067 2492 3251 2549 sedem
3297 2505 3449 2548 sum
3479 2506 3640 2562 repe-

2049 2584 2227 2638 tierat.

2119 2675 2322 2732 Deinde
2349 2691 2478 2732 vero
2518 2675 2817 2733 Antiochus
2844 2675 3153 2748 Imperatori
3197 2675 3366 2731 suasit
3392 2681 3487 2740 ut,
3513 2687 3636 2730 cum

2040 2765 2150 2837 jam
2191 2767 2397 2822 Pascha
2440 2768 2776 2834 immineret,
2807 2768 3020 2839 juberet
3047 2768 3344 2837 Imperator
3367 2766 3633 2823 Joannem

2044 2875 2110 2914 ex
2141 2859 2378 2915 Ecclesia
2403 2861 2585 2930 egredi
2619 2860 2796 2930 (Pall.
2829 2879 2882 2930 ρ.
2914 2862 2975 2916 8I
2997 2861 3038 2931 ).
3084 2860 3166 2915 Illi
3191 2875 3395 2916 morem
3435 2873 3631 2930 gerens

2045 2950 2336 3016 Arcadius,
2381 2950 2573 3005 Joanni
2619 2951 2890 3007 mandavit
2943 2959 3001 3005 ut
3041 2950 3282 3005 Ecclesia
3326 2948 3632 3004 excederet.

2047 3039 2348 3109 Respondit
2375 3039 2631 3107 Joannes,
2677 3055 2736 3096 se
2764 3055 2794 3093 a
2823 3041 2934 3095 Deo
2963 3040 3258 3095 Ecclesiam
3289 3032 3559 3108 accepisse
3581 3047 3638 3094 et

2047 3131 2116 3185 ab
2166 3131 2259 3186 illo
2310 3133 2428 3186 solo
2473 3133 2594 3202 ejici
2632 3147 2813 3202 posse.
2853 3132 2944 3187 Ait
2978 3147 3140 3203 porro
3157 3131 3416 3187 Socrates
3455 3131 3534 3200 (ι.
3577 3129 3632 3185 6.

2047 3239 2092 3276 ο.
2124 3220 2229 3294 I8)
2274 3223 2536 3278 Joannem
2584 3225 2939 3293 obsequutum
2965 3237 3086 3278 esse
3112 3221 3361 3277 mandato
3392 3222 3630 3291 Impera-

2049 3314 2198 3368 toris.
2245 3312 2443 3368 Contra
2488 3328 2617 3368 vero
2656 3313 2925 3369 Palladius
2955 3322 3137 3369 narrat
3185 3313 3408 3368 sabbato
3447 3321 3637 3368 sancto

2048 3419 2170 3458 cum
2197 3403 2297 3473 ipsi
2341 3403 2652 3458 mandatum
2676 3403 2746 3457 ab
2790 3404 3116 3472 imperatore
3156 3402 3379 3460 missum
3406 3401 3634 3467 fuisset,

2047 3495 2310 3550 Joannem
2377 3494 2565 3549 eadem
2612 3508 2733 3564 qua:
2777 3501 2934 3548 antea
2989 3493 3331 3564 respondisse
3372 3491 3633 3562 (Pallad.

2045 3583 2306 3655 Dialog.).

2116 3675 2389 3729 Instabant
2409 3690 2623 3745 semper
2645 3675 2871 3730 Aeacius
2899 3681 2953 3730 et
2993 3673 3286 3729 Antiochus
3309 3715 3325 3740 ,
3352 3681 3408 3727 et
3435 3672 3632 3743 deponi

2042 3767 2300 3822 Joannem
2359 3768 2588 3838 ejicique
2636 3767 3001 3838 postulabant.
3052 3767 3293 3837 Cumque
3344 3766 3637 3835 Imperator

2043 3859 2270 3913 haereret
2296 3875 2358 3913 ac
2387 3869 2663 3914 vereretur
2683 3899 2698 3924 ,
2732 3868 2847 3912 tum
2877 3858 2982 3912 diei
3025 3857 3361 3912 sanctitatem
3383 3899 3397 3922 ,
3432 3866 3540 3912 tum
3568 3872 3637 3912 ne

2043 3960 2220 4006 motus
2262 3951 2443 4021 populi
2473 3951 2833 4016 excitaretur,
2868 3951 3055 4006 dixere
3103 3952 3326 4005 Aeacius
3353 3959 3407 4004 et
3445 3949 3635 4003 Antio-

2045 4045 2177 4099 chus
2210 4061 2223 4096 :
2259 4044 2314 4096 In
2342 4052 2503 4113 caput
2544 4053 2785 4098 nostrum
2825 4044 2894 4097 sit
2933 4042 3152 4096 Joannis
3180 4041 3464 4110 depositio.
3492 4039 3632 4095 Tum

2045 4133 2394 4203 quadraginta
2425 4134 2501 4188 illi
2528 4134 2762 4204 episcopi
2785 4175 2800 4200 ,
2827 4133 2916 4202 qui
2944 4147 3066 4205 cum
3107 4131 3311 4187 Joanne
3334 4132 3635 4186 consentie-

2047 4225 2209 4290 bant,
2240 4227 2617 4294 imperatorem
2652 4234 2706 4280 et
2747 4225 3038 4294 Augustam
3081 4224 3366 4289 adierunt,
3395 4223 3484 4292 qui
3523 4233 3632 4277 tum

2044 4320 2299 4389 martyria
2329 4334 2424 4373 seu
2451 4319 2708 4372 ecclesias
2739 4328 3002 4387 matyrum
3034 4317 3337 4371 invisebant
3360 4357 3374 4381 ,
3404 4315 3634 4368 obnixe-

2043 4424 2147 4478 que
2175 4409 2370 4476 precati
2393 4417 2515 4460 sunt
2540 4447 2554 4471 ,
2604 4416 2659 4459 ut
2689 4407 2979 4459 Ecclesiam
3007 4405 3096 4458 Dei
3129 4406 3180 4458 in
3203 4420 3336 4474 pace
3362 4404 3631 4473 relinque-

2045 4506 2204 4563 rent,
2234 4497 2571 4565 maximeque
2601 4505 2818 4566 propter
2848 4495 3048 4549 Pascha
3080 4503 3135 4549 et
3179 4504 3397 4563 propter
3416 4509 3509 4549 eos
3538 4494 3628 4561 qui

2049 4587 2402 4660 regenerandi
2441 4596 2615 4643 erant.
2647 4589 2723 4642 Ae
2751 4603 2873 4641 cum
2896 4587 3026 4640 nihil
3055 4588 3341 4656 impetrare
3369 4595 3628 4655 possent,

2049 4681 2265 4748 Paulus,
2287 4681 2568 4750 episc0pus
2607 4679 2822 4744 Cratiaa,
2851 4679 3099 4734 clamavit
3127 4697 3140 4733 :
3169 4677 3428 4742 Eudoxia,
3464 4677 3629 4730 Deum

2052 4778 2179 4832 time
2198 4818 2213 4842 ,
2243 4786 2453 4831 tuorum
2481 4775 2769 4829 liberorum
2798 4772 3052 4827 miserere
3076 4789 3089 4823 :
3122 4784 3293 4839 neque
3318 4770 3484 4822 violes
3504 4783 3632 4821 san-

2053 4881 2191 4924 ctam
2219 4868 2416 4923 Christi
2456 4867 2845 4922 solemnitatem
2877 4864 3146 4933 sanguinis
3177 4861 3457 4917 effusione.
3493 4860 3627 4914 Tum

2054 4963 2130 5019 illi
2156 4961 2499 5035 quadraginta
2529 4958 2762 5029 episcopi
2791 4956 2967 5012 moesti
2994 4955 3059 5010 ad
3081 4955 3376 5010 diversoria
3399 4968 3458 5009 se
3479 4965 3630 5009 rece-
3684 5008 3690 5016 ,

2057 5069 2182 5126 pere
2210 5067 2323 5108 sua.

2125 5144 2314 5198 Milites
2329 5142 2589 5196 ecclesiam
2606 5139 3107 5195 invadunt.—Primi
3116 5138 3308 5209 pilares
3325 5151 3452 5192 vero
3466 5134 3632 5205 Chry-

2057 5238 2278 5294 sostomi
2317 5237 2500 5293 hostes
2567 5236 2717 5291 illum
2766 5234 3050 5291 detrudere
3096 5233 3387 5302 cogitantes
3426 5229 3634 5298 (Chrys.

2060 5330 2170 5383 1.3.
2195 5345 2241 5384 c.
2267 5329 2514 5387 532.n.3
2547 5328 2565 5400 )
2593 5372 2609 5398 ,
2650 5344 2771 5385 eum
2817 5327 3155 5398 Imperatoris
3189 5325 3368 5394 copias
3409 5321 3476 5376 ad
3522 5337 3637 5377 ma-

2061 5439 2190 5478 num
2219 5422 2486 5478 haberent
2508 5465 2522 5489 ,
2545 5421 2824 5477 collectam
2855 5419 3080 5475 militum
3111 5429 3332 5471 turmam
3357 5414 3640 5470 miserunt.

2062 5513 2118 5568 In
2145 5515 2263 5586 ipso
2292 5514 2512 5570 sabbato
2543 5521 2728 5567 sancto
2773 5510 2838 5565 ad
2869 5524 3146 5579 vesperam
3192 5509 3242 5562 in
3280 5505 3538 5562 ecclesias
3566 5506 3645 5558 iu-

2063 5609 2232 5679 gressi
2271 5607 2490 5672 milites,
2523 5605 2734 5660 Clernm
2765 5618 2979 5657 omnem
3013 5601 3102 5672 qui
3132 5616 3254 5656 cum
3296 5599 3504 5655 Joanne
3532 5611 3645 5653 erat

2065 5701 2336 5770 ejecerunt
2359 5739 2374 5762 ,
2404 5707 2458 5752 et
2483 5697 2645 5750 armis
2661 5695 3019 5749 sanctuarium
3040 5692 3273 5763 undique
3294 5691 3638 5746 obsederunt.

2068 5792 2313 5848 Mulieres
2340 5803 2550 5858 quoque
2579 5801 2849 5840 sacrarum
2881 5787 3073 5841 aedium
3096 5827 3110 5853 ,
3142 5801 3259 5856 qua:
3303 5799 3359 5837 se
3387 5788 3645 5836 exuerant

2069 5895 2126 5941 ut
2155 5881 2567 5954 baptizarentur,
2598 5888 2743 5934 metu
2765 5879 3065 5950 perterritze
3085 5918 3101 5943 ,
3135 5875 3288 5931 nuda:
3310 5871 3648 5942 aufugerunt;

2074 5992 2243 6039 neque
2272 5976 2413 6031 enim
2454 5971 2848 6030 concedebatur
2877 5973 2979 6028 illis
3008 5979 3063 6026 ut
3092 5984 3148 6024 se
3197 5967 3468 6031 velareut,
3518 5963 3648 6019 sicut
