4506 6704
851 554 946 608 911

844 671 1095 724 mulieres
1133 670 1383 722 honestas
1411 668 1582 722 decet.
1622 666 1796 721 Multa:
1832 667 1993 720 etiam
2038 665 2267 733 acceptis
2295 661 2408 713 vul-

842 759 1060 813 neribus
1079 759 1454 830 ejiciebantnr,
1485 769 1539 815 et
1573 757 1825 828 sanguine
1868 756 2222 826 implebantur
2249 752 2409 821 pisci-

840 865 921 902 nre
943 891 958 913 ,
987 864 1280 918 cruoreque
1309 852 1444 904 sacri
1476 850 1658 904 latices
1697 848 2069 902 rubescebant.
2117 846 2296 914 Neque
2326 843 2412 896 hic

844 958 1016 994 rerum
1059 942 1178 996 linis
1205 941 1302 996 fuit
1333 961 1346 995 :
1377 944 1428 996 in
1459 943 1629 996 locum
1659 941 1819 995 etiam
1851 941 1904 994 in
1945 955 2050 1011 quo
2079 948 2260 993 sancta
2283 951 2413 990 con-

843 1032 952 1085 dita
973 1035 1325 1090 servabantur
1352 1034 1570 1102 ingrcssi
1606 1041 1731 1086 sunt
1771 1033 1971 1087 milites
2033 1045 2258 1102 quorum
2308 1028 2410 1081 ali-

847 1135 979 1192 quot
1035 1126 1196 1178 nullis
1245 1124 1430 1177 initiati
1489 1132 1642 1177 erant
1693 1124 1964 1194 mysteriis
1998 1164 2014 1188 ,
2063 1122 2414 1183 videruntque

843 1226 1018 1269 tamen
1045 1215 1218 1268 omnia
1252 1230 1370 1284 quae
1396 1214 1539 1268 intus
1566 1216 1912 1269 servabantur
1935 1231 1949 1267 :
1973 1214 2097 1282 quin
2119 1221 2172 1266 et
2191 1209 2413 1263 sanctis-

842 1307 1006 1360 simus
1025 1304 1220 1359 Christi
1255 1307 1469 1376 sanguis
1487 1316 1543 1361 ut
1563 1308 1614 1360 in
1648 1308 1735 1360 tali
1764 1306 1991 1360 tumultu
2013 1303 2251 1357 accidere
2273 1309 2416 1369 pote-

845 1408 945 1465 rat,
981 1399 1033 1452 in
1055 1399 1285 1454 militum
1315 1412 1492 1457 vestes
1515 1401 1713 1455 effusus
1737 1409 1837 1454 est.
1867 1399 2014 1454 Tunc
2044 1398 2216 1450 omnia
2235 1411 2332 1449 ceu
2359 1395 2414 1449 in

845 1488 1121 1545 barbarica
1152 1492 1444 1559 irruptione
1474 1501 1676 1559 patrata
1705 1490 1926 1543 vidisses
1958 1507 1969 1541 :
1999 1488 2186 1556 vulgus
2203 1487 2254 1539 in
2285 1486 2415 1539 soli-

847 1582 1082 1636 tudinem
1118 1583 1420 1651 fugabatur;
1450 1582 1732 1636 multitudo
1765 1582 1938 1634 omnis
1968 1590 2116 1635 extra
2146 1578 2417 1634 civitatem

845 1673 1188 1737 versabatur;
1211 1685 1468 1743 erantque
1495 1674 1737 1728 ecclesia:
1759 1673 1812 1726 in
1831 1682 1975 1726 tanta
1995 1671 2280 1727 festivitate
2298 1685 2418 1724 om-

845 1762 972 1816 nino
1011 1777 1213 1817 vaeuae.
1247 1763 1493 1834 Episcopi
1519 1765 1640 1834 plus
1668 1763 2016 1833 quadraginta
2038 1804 2052 1827 ,
2083 1763 2172 1830 qui
2202 1759 2421 1814 Joannis

844 1854 1113 1908 consortio
1143 1853 1473 1919 fruebantur,
1495 1871 1617 1908 cum
1638 1854 1798 1909 Clero
1823 1863 1877 1908 et
1898 1854 2089 1922 populo
2117 1853 2234 1906 sine
2261 1865 2419 1903 causa

851 1944 906 1996 in
935 1941 1109 2012 fugam
1155 1944 1296 1997 versi
1343 1954 1486 1996 sunt.
1537 1944 1827 1997 Horrendis
1877 1940 2172 2010 huiusmodi
2209 1939 2421 2006 ﬂagitiis

847 2032 1024 2086 omnia
1052 2033 1214 2087 mixta
1245 2034 1559 2102 turbataque
1586 2041 1737 2087 erant
1768 2050 1780 2084 :
1817 2032 2006 2097 ubique
2034 2044 2130 2095 per
2153 2029 2262 2079 fora
2284 2066 2298 2088 ,
2325 2041 2420 2092 per

847 2122 1037 2177 domos
1059 2162 1074 2186 ,
1099 2137 1192 2189 per
1217 2123 1528 2176 solitudines
1549 2161 1562 2184 ,
1591 2137 1686 2189 per
1725 2135 1910 2173 omnes
1939 2118 2166 2170 civitatis
2206 2123 2381 2184 partes
2399 2155 2414 2177 ,

847 2211 1021 2264 omnia
1064 2211 1304 2263 lamentis
1325 2251 1341 2274 ,
1369 2210 1681 2277 eiulatibus,
1712 2217 1766 2262 et
1795 2207 2030 2262 fontibus
2063 2205 2416 2274 lacrymarum

852 2299 1002 2366 plena
1027 2315 1042 2361 ;
1072 2307 1129 2351 ut
1150 2313 1255 2352 non
1283 2298 1441 2352 modo
1460 2299 1550 2369 qui
1580 2299 1632 2352 in
1653 2297 1902 2352 :erumnis
1922 2295 2272 2350 versabantur
2287 2334 2302 2356 ,
2327 2292 2422 2346 sed

844 2397 898 2442 et
925 2388 1018 2455 qui
1047 2387 1177 2441 nihil
1200 2389 1304 2442 tale
1329 2389 1695 2457 patiebantur;
1719 2403 1824 2442 non
1844 2386 2103 2440 Catholici
2127 2383 2306 2449 modo,
2330 2382 2425 2437 sed

845 2479 1006 2532 etiam
1037 2477 1293 2544 haeretici,
1315 2477 1504 2543 Judzei,
1525 2478 1815 2532 idololatra:
1836 2492 1957 2530 eum
1977 2475 2262 2530 Catbolieis
2281 2473 2428 2527 dole-

851 2577 973 2622 rent
1001 2585 1015 2621 :
1049 2578 1105 2622 et
1124 2570 1274 2638 quasi
1296 2579 1591 2637 expugnata
1613 2569 1680 2621 ab
1705 2567 1945 2621 hostibus
1971 2567 2182 2620 civitate
2199 2606 2212 2628 ,
2239 2564 2427 2620 tumul-

847 2668 940 2725 tu,
973 2658 1324 2727 trepidatione
1350 2669 1403 2712 et
1424 2659 1635 2727 planctu
1667 2658 1822 2726 plena
1866 2665 2018 2710 erant
2045 2655 2244 2709 omnia.

915 2750 1079 2804 Addit
1102 2764 1230 2803 vero
1266 2749 1679 2818 Chrysostomus
1722 2748 1843 2801 talia
1884 2761 2041 2799 ausos
2083 2759 2203 2798 esse
2247 2743 2424 2796 inimi-

846 2856 940 2896 cos
963 2849 1158 2911 praeter
1177 2842 1492 2894 sententiam
1522 2839 1742 2908 piissimi
1768 2838 2129 2908 Imperatoris.
2159 2836 2421 2890 Nimirum

850 2933 1022 2986 bonus
1048 2947 1113 2987 ac
1141 2932 1280 2984 mitis
1305 2931 1590 2994 Arcadius,
1621 2930 1712 2999 qui
1732 2929 1800 2982 ab
1840 2928 2159 2982 adversariis
2187 2927 2424 2996 Chryso-

849 3022 1009 3074 stomi
1030 3021 1311 3088 deceptus,
1335 3019 1634 3088 pellendum
1656 3019 1804 3072 illum
1830 3032 1952 3071 esse
1976 3024 2292 3078 censuerat,
2318 3029 2424 3066 non

852 3111 1070 3181 putabat
1095 3126 1332 3180 eousque
1372 3124 1718 3178 processuros
1761 3123 1880 3164 esse
1914 3107 2326 3161 consceleratos.
2374 3103 2429 3156 ld

855 3213 1009 3256 nocte
1051 3203 1248 3264 multa,
1278 3203 1446 3269 inquit
1488 3201 1723 3255 Joannes
1743 3240 1757 3263 ,
1787 3201 1983 3251 factum
2010 3206 2126 3262 est,
2165 3195 2429 3263 episc0pis

855 3296 968 3348 hinc
995 3273 1378 3348 inst-ruentibus
1396 3333 1410 3354 ,
1444 3301 1496 3344 et
1524 3291 1701 3343 multis
1724 3290 1774 3342 in
1809 3290 1939 3342 locis
1957 3288 2172 3340 ordines
2192 3285 2432 3338 ducenti-

856 3386 954 3438 bus
973 3424 989 3449 ,
1017 3400 1115 3437 nec
1143 3382 1577 3437 erubescentibus
1602 3422 1615 3444 ,
1647 3380 1787 3449 quod
1815 3394 1912 3448 pro
1953 3378 2192 3431 diaconis
2229 3374 2430 3442 campi-

856 3475 1106 3530 ductores
1131 3474 1387 3526 haberent
1413 3479 1730 3540 prmeuntes.

925 3567 1042 3620 Alia
1063 3566 1298 3618 violenter
1317 3563 1651 3616 actm—llaec
1669 3562 2099 3631 Chrysostomus,
2124 3557 2210 3610 ubi
2237 3556 2433 3610 adver-

856 3665 936 3709 tas
960 3656 1128 3724 ipsum
1149 3654 1329 3707 dicere
1359 3653 1531 3720 primo
1555 3651 1668 3704 haec
1692 3652 1743 3702 in
1773 3663 1991 3717 vestiera
2019 3647 2223 3701 sabbati
2262 3647 2431 3699 sancti

857 3757 1030 3817 empta
1055 3787 1070 3809 ,
1097 3757 1150 3800 et
1172 3745 1408 3814 qua-dam
1433 3744 1594 3797 multa
1621 3751 1779 3796 nocte
1805 3741 1937 3794 facta
1957 3782 1970 3802 ,
1996 3740 2046 3793 in
2069 3739 2308 3793 ecclesiis
2331 3753 2427 3790 au-

861 3847 965 3890 tem
991 3834 1306 3904 quibusdam
1336 3834 1448 3886 hmo
1493 3841 1692 3901 patrata
1734 3831 1896 3884 fuisse
1937 3830 2084 3884 dicit.
2111 3829 2243 3882 Cum
2272 3841 2430 3897 porro

858 3942 921 3979 ex
949 3923 1187 3978 ecclesiis
1215 3924 1284 3976 ita
1318 3923 1453 3992 pulsi
1495 3921 1720 3975 fuissent
1759 3921 1976 3974 Joannis
2022 3919 2345 3989 presbyteri,
2379 3920 2431 3971 in

863 4015 1073 4084 publico
1114 4014 1324 4067 lavacro
1348 4054 1361 4076 ,
1394 4012 1535 4080 quod
1565 4012 1977 4065 Constantianas
2009 4011 2246 4062 thermas
2273 4023 2434 4061 voca-

865 4106 991 4157 bant
1032 4103 1336 4158 c0nvocatis
1380 4102 1588 4170 populis
1635 4102 1843 4169 vigilias
1883 4101 2138 4169 agebant,
2171 4100 2256 4151 alii
2291 4099 2435 4151 Scri-

866 4206 1045 4265 pturas
1059 4195 1265 4249 divinas
1283 4195 1541 4263 legentes,
1557 4193 1642 4244 alii
1662 4191 2071 4246 catechumenos
2091 4191 2437 4259 baptizantcs,

867 4300 923 4344 ut
968 4290 1128 4344 moris
1174 4299 1289 4344 erat
1338 4289 1390 4341 in
1436 4288 1692 4342 Paschate
1742 4286 1985 4358 (Pallad.
2031 4285 2237 4354 Dialog.
2289 4284 2436 4339 Socr.

864 4384 901 4435 l.
927 4382 1010 4437 16.
1032 4398 1079 4434 c.
1111 4380 1192 4435 18.
1224 4381 1428 4434 Sozam.
1455 4381 1494 4433 Ι.
1523 4379 1575 4432 8.
1603 4396 1650 4432 c.
1681 4378 1740 4432 21
1774 4380 1812 4447 ).
1840 4378 1984 4431 Tunc
2009 4377 2316 4434 Antiochus.
2340 4377 2440 4430 Se-

864 4475 1111 4529 verianus
1139 4481 1192 4527 et
1217 4473 1439 4526 Aeacius
1471 4472 1724 4525 PatrOnos
1750 4478 1968 4539 rogant,
2001 4478 2056 4521 ut
2087 4469 2261 4538 populi
2289 4483 2318 4520 a
2350 4469 2437 4520 tali

865 4577 1128 4623 conventu
1157 4575 1482 4618 arcerentur.
1511 4564 1750 4632 Magister
1768 4576 1966 4623 autem,
1995 4561 2078 4614 vir
2104 4562 2317 4629 probus,
2348 4561 2440 4613 ab-

871 4659 1065 4712 nuebat
1079 4668 1129 4710 et
1149 4666 1291 4710 tanta
1308 4666 1463 4709 noctu
1487 4655 1680 4708 inferre
1701 4655 1838 4706 mala
1855 4654 2046 4722 populo
2060 4654 2290 4707 uolebat.
2305 4653 2437 4706 Tum

869 4750 1096 4802 Aeacius
1128 4748 1314 4801 timere
1343 4761 1402 4799 se
1430 4745 1586 4808 dixit,
1619 4759 1682 4797 nc
1708 4744 1752 4796 si
1778 4744 2064 4812 Imperator
2089 4743 2138 4796 in
2165 4744 2440 4798 ecclesiam

868 4843 1085 4895 veniens
1107 4840 1250 4893 illam
1270 4854 1486 4892 vacuam
1517 4837 1790 4902 inveniret,
1813 4845 1936 4891 tunc
1954 4836 2129 4907 populi
2145 4851 2266 4905 erga
2286 4835 2443 4889 Joan-

871 4946 991 4987 nem
1014 4933 1430 4986 benevolentiam
1459 4931 1788 5001 intelligeret,
1819 4946 1950 4985 neve
1977 4946 2035 4984 se
2058 4940 2112 4983 ut
2131 4929 2332 4982 tnvidos
2353 4929 2445 4981 ba-

871 5023 1039 5077 beret.
1059 5021 1375 5091 Urgentibus
1394 5024 1514 5082 illis,
1536 5023 1752 5076 Lucium
1771 5024 1859 5080 ille
1878 5022 2155 5094 quemdam
2173 5023 2440 5077 ethnicum

867 5114 1022 5182 jussit
1048 5128 1166 5167 eum
1192 5113 1550 5166 Scutariorum
1583 5131 1738 5166 manu
1761 5115 1850 5167 illo
1878 5130 1935 5168 se
1959 5114 2220 5169 conferre.
2251 5113 2444 5167 Lucius

872 5220 996 5259 vero
1015 5221 1134 5260 cum
1157 5204 1402 5273 populum
1423 5205 1540 5258 inde
1562 5205 1814 5258 excedere
1835 5206 1973 5259 nolle
1997 5206 2230 5268 vidisset,
2259 5220 2442 5260 rever-

871 5312 959 5349 sus
987 5307 1086 5350 est.
1116 5296 1265 5350 Tunc
1291 5297 1512 5350 Aeacius
1545 5306 1596 5349 et
1622 5295 1748 5349 socii
1779 5295 1944 5363 ipsum
1986 5296 2246 5362 deprecati
2288 5306 2440 5359 sunt,

876 5387 1144 5453 promiSsis
1173 5387 1331 5440 etiam
1371 5385 1581 5450 additis,
1615 5396 1666 5438 ut
1699 5387 1945 5454 populum
1979 5385 2026 5438 vi
2058 5385 2276 5453 pelleret
2301 5395 2353 5438 et
2378 5387 2442 5439 ad

871 5478 1143 5532 ecclesiam
1164 5479 1466 5534 adduceret.
1485 5477 1628 5532 Tunc
1657 5478 1738 5531 ille
1757 5479 2041 5546 assumptis
2065 5491 2242 5530 secum
2271 5479 2443 5531 Aeacii

868 5570 1076 5624 clericis
1106 5572 1331 5626 secunda
1362 5571 1536 5642 vigilia
1564 5573 1734 5626 noctis
1760 5572 1847 5626 illo
1874 5587 1932 5626 se
1959 5572 2198 5632 confert,
2246 5579 2300 5622 et
2325 5584 2443 5622 cum

870 5663 1124 5717 militibus
1165 5666 1359 5719 strictis
1387 5666 1608 5736 gladiis,
1659 5664 1708 5718 in
1751 5664 2134 5720 multitudinem
2181 5660 2442 5728 irrumpit,

872 5765 1115 5824 penetrat
1146 5770 1306 5824 usque
1332 5757 1395 5808 ad
1439 5767 1650 5812 sanctas
1676 5771 1838 5825 aquas
1862 5797 1877 5819 ,
1909 5767 1963 5809 ut
2003 5755 2308 5824 prohiberet
2352 5766 2444 5804 eos

870 5849 957 5915 qui
1012 5849 1356 5902 initiabantur
1389 5847 1742 5903 Sacratnenlis
1771 5850 2054 5902 Dominicze
2082 5845 2443 5901 Resurrectio-

774 5970 794 5973 --
865 5937 946 5993 uis
967 5949 1046 5993 :ct
1069 5941 1342 5994 diaconum
1369 5941 1690 5994 trueulenter
1711 5942 1958 5996 invadens
1977 5939 2212 6010 symbola
2239 5935 2419 5992 elludit

1910 552 1963 604 S.
2005 547 2284 606 JOXNNIS
2319 545 2792 602 L'llliYSOSTOIlll
2834 547 3014 608 VITA,

4001 547 4104 604 2H

2516 663 2857 732 presbyteros
2886 675 3012 713 vero
3035 663 3349 729 grandaevos
3368 660 3587 716 fustibus
3606 659 3659 712 in
3690 668 3860 726 capite
3885 658 4097 723 lcriclts,

2514 764 2721 806 sacrum
2745 753 2934 806 fontem
2956 766 3144 806 cruore
3164 757 3476 823 conspersit.
3498 755 3641 808 Tunc
3662 766 3770 805 rem
3790 753 4100 818 stupendant

2515 843 2694 896 videre
2724 853 2854 896 erat.
2883 840 3046 894 Nuda:
3067 843 3210 895 enim
3239 847 3486 900 mulieres
3505 860 3623 900 cum
3649 843 3771 897 viris
3797 843 3928 904 suis,
3955 856 4098 897 metu

2516 935 2705 987 mortis
2726 943 2781 988 et
2809 949 2872 987 ex
2900 934 3216 987 verecundia
3240 938 3377 1004 turpi
3402 952 3459 990 se
3485 935 3620 1005 fugae
3645 933 3862 988 dabant:
3887 932 4099 1001 quidam

2516 1042 2674 1080 manu
2719 1027 2976 1081 vulnerati
3007 1025 3223 1080 abibant
3267 1030 3557 1096 plorantes.
3589 1030 3664 1083 Ex
3692 1026 3943 1082 militibus
3975 1040 4101 1079 vero

2517 1119 2756 1171 nonnulli
2803 1118 3027 1186 virgines
3056 1114 3266 1168 trahere
3307 1119 3592 1173 conscissis
3621 1118 3786 1172 sacris
3828 1114 4098 1170 vestibus:

2516 1224 2705 1263 omnes
2734 1220 2909 1264 autem
2934 1222 3082 1263 sacra
3110 1222 3231 1260 vasa
3261 1207 3592 1276 deprcedare,
3618 1213 3717 1267 sibi
3743 1227 3946 1281 rapere.
3969 1210 4099 1264 Prc-

2517 1302 2716 1372 sbyteri
2750 1313 2801 1356 et
2822 1303 3027 1356 diaconi
3054 1301 3106 1354 in
3133 1315 3402 1354 carcerem
3433 1303 3800 1358 trudebantur.
3832 1305 3888 1358 In
3912 1303 4102 1373 popqu

2516 1393 2604 1460 qui
2637 1392 3005 1448 honoratiores
3031 1400 3196 1454 erant,
3230 1405 3294 1445 ex
3318 1405 3508 1459 magna
3536 1393 3623 1446 illa
3647 1395 3774 1449 urbe
3799 1397 3933 1464 pulsi
3961 1405 4098 1449 sunt.

2520 1484 2702 1538 Edicta
2733 1484 3010 1540 confertim
3037 1483 3436 1554 publicabantur
3458 1521 3474 1545 ,
3505 1496 3624 1536 cum
3652 1485 3814 1538 minis
3838 1488 4106 1542 intentatis

2520 1574 2575 1628 in
2603 1589 2715 1637 eos,
2743 1576 2832 1644 qui
2861 1592 2890 1629 a
2920 1575 3138 1629 Joannis
3167 1572 3540 1627 communione
3569 1587 3673 1625 non
3703 1576 4034 1631 recederent.

2597 1666 2688 1718 llla
2727 1682 2856 1720 vero
2888 1669 3064 1720 omnia
3105 1665 3456 1719 moliebantur
3483 1664 3706 1716 Aeacius
3749 1672 3808 1717 et
3829 1669 4105 1722 conscele-

2521 1757 2622 1809 rati
2652 1797 2666 1818 ,
2695 1765 2754 1808 ut
2782 1772 2844 1810 ex
2881 1757 2942 1809 iis
2989 1757 3118 1809 locis
3165 1756 3364 1823 ejectus
3392 1752 3613 1822 populus
3640 1751 3691 1804 in
3727 1752 4005 1807 ecclesiam
4047 1771 4107 1809 se.

2521 1845 2806 1910 conferret,
2831 1847 2881 1898 in
2911 1862 3011 1913 qua
3042 1847 3138 1912 ipsi
3169 1846 3318 1913 pulso
3342 1844 3543 1899 Joanne
3579 1841 3892 1896 celebraturi
3922 1859 4097 1901 erant.

2523 1937 2713 1988 Verum
2740 1936 2976 1988 ecclesiae
3005 1951 3138 2003 pene
3165 1950 3352 1988 omnes
3390 1948 3568 1986 vacua:
3596 1941 3904 1986 manserunt
3927 1951 3940 1986 :
3969 1949 4108 2002 pau-

2518 2025 2714 2077 cissimi
2745 2027 2885 2077 enim
2913 2034 3066 2078 erant
3085 2067 3098 2089 ,
3128 2027 3216 2093 qui
3244 2039 3277 2077 a
3301 2024 3524 2078 Joannis
3551 2022 3926 2078 communione
3953 2040 4104 2078 recc-

2518 2117 2726 2169 derent.

2589 2209 2762 2261 Clarus
2790 2217 2834 2261 et
2862 2209 3078 2276 populus
3106 2208 3158 2259 in
3187 2223 3311 2276 agro
3343 2207 3578 2260 collectus
3622 2207 3891 2259 invaditur.
3915 2236 3984 2244 —
4004 2205 4107 2260 Ubi

2523 2315 2652 2353 vero
2677 2300 2847 2353 illuxit
2874 2300 3144 2354 Paschalis
3167 2300 3302 2364 dies,
3329 2301 3502 2352 omnis
3529 2300 3715 2353 civitas
3741 2310 3887 2353 extra
3918 2315 4100 2353 muros

2529 2393 2579 2444 in
2604 2392 2777 2444 locum
2809 2395 3021 2444 nomine
3045 2392 3299 2460 Pempton
3339 2391 3678 2460 demigravit:
3717 2392 3890 2460 ibique
3931 2390 4107 2458 populi

2531 2483 2870 2538 festivitatem
2897 2484 3232 2538 celebravere
3257 2484 3406 2552 quasi
3433 2498 3560 2536 oves
3580 2483 3833 2551 dispersa:
3853 2481 4098 2551 (Pallad.

2529 2573 2784 2643 Dialog.).
2806 2575 3096 2640 Imperator
3122 2583 3299 2629 autem
3329 2588 3575 2644 egressus
3599 2584 3700 2638 est,
3721 2581 3777 2626 ut
3802 2588 3922 2627 sese
3950 2587 4110 2627 exer-

2530 2671 2676 2715 ceret
2706 2664 2757 2715 in
2782 2663 2958 2716 vicino
2985 2678 3192 2730 campo,
3227 2664 3460 2732 viditque
3483 2679 3668 2732 agrum
3696 2679 3798 2716 non
3823 2664 4105 2726 consitum,

2530 2760 2810 2820 tamenque
2838 2752 3176 2815 candentem,
3205 2756 3324 2818 quia
3349 2770 3538 2822 nempe
3560 2755 3593 2806 ii
3624 2768 3808 2807 onmes
3827 2754 3916 2822 qui
3937 2769 4106 2821 nuper

2528 2841 2779 2908 baptizati
2811 2840 3046 2905 fuerant,
3075 2842 3315 2896 candidis
3340 2845 3577 2898 vestibus
3617 2844 3780 2897 induti
3819 2854 3989 2897 erant.
4019 2844 4108 2898 Ait

2527 2946 2686 3000 porro
2713 2932 3040 2986 Sozomenus
3075 2932 3250 2987 locum
3283 2934 3428 2987 illum
3467 2933 3632 2988 fuisse
3661 2950 3816 3003 quem
3850 2934 4111 2988 Constan.

2531 3022 2632 3074 tius
2656 3021 2719 3074 ad
2746 3021 2902 3075 ludos
2943 3023 3213 3076 circenses
3255 3024 3681 3091 complanaverat
3704 3065 3718 3088 ,
3750 3035 3805 3079 et
3847 3027 4112 3080 asseribus

2529 3113 3154 3179 circumsepserat.Erant
3169 3122 3344 3165 autem
3363 3114 3432 3166 illi
3449 3114 3686 3168 candidis
3703 3114 3864 3168 induti
3883 3115 4114 3168 vestibus

2532 3209 2613 3253 ter
2641 3200 2783 3253 mille
2807 3201 3022 3254 circiter
3049 3216 3290 3255 numero.
3319 3202 3652 3270 Sttrpefactus
3673 3205 3927 3257 Arcadius
3949 3205 4113 3257 inter-

2530 3291 2749 3359 rogabat
2774 3293 3015 3359 quisnam
3039 3291 3124 3344 ille
3139 3301 3307 3346 costus
3330 3301 3489 3346 esset.
3513 3293 3586 3345 Illi
3609 3308 3759 3357 vero,
3789 3309 3818 3346 a
3846 3295 4116 3347 conscele-

2531 3385 2662 3435 ratis
2688 3380 2908 3434 Joannis
2938 3382 3164 3435 inimicis
3193 3382 3415 3435 instituti
3440 3423 3454 3446 ,
3483 3383 3867 3450 responderunt
3907 3383 4116 3436 hrereti.

2534 3486 2717 3524 eorum
2762 3481 2956 3524 emtum
2986 3485 3122 3524 esse.
3157 3471 3265 3524 Nec
3293 3487 3440 3524 mora
3470 3473 3544 3524 illi
3577 3474 3825 3525 smviorcs
3854 3490 3916 3529 ex
3956 3473 4114 3527 Satel-

2534 3564 2713 3618 litihus
2740 3566 2951 3616 mittunt
2971 3578 3000 3614 a
3033 3571 3178 3630 tergo
3199 3601 3214 3625 ,
3245 3563 3332 3630 qui
3358 3562 3625 3616 auditores
3652 3563 3912 3631 dissipent
3935 3574 3987 3617 et
4013 3563 4111 3616 do.

2532 3663 2708 3707 ctores
2733 3652 3207 3720 comprehendant.
3237 3653 3367 3704 Tum
3397 3653 3572 3705 clerici
3595 3653 3732 3720 capti
3755 3664 3897 3718 sunt,
3922 3662 4109 3706 etcum

2533 3745 2634 3797 illis
2665 3744 2779 3797 laici
2819 3743 3064 3812 quidam:
3094 3743 3497 3811 comprehensa:
3541 3753 3664 3796 sunt
3691 3744 3850 3796 etiam
3882 3758 4110 3796 urorum

2533 3835 2788 3889 nobilium
2815 3834 3088 3900 coniuges,
3121 3849 3343 3902 quarum
3370 3833 3488 3887 aliis
3518 3835 3650 3901 rapti
3683 3832 3932 3888 mafortes
3956 3845 4110 3900 sunt,

2533 3925 2653 3977 aliis
2681 3925 2894 3976 inaures
2937 3938 3058 3974 cum
3091 3931 3330 3977 extrema
3354 3925 3497 3977 auris
3523 3924 3800 3992 particula.
3841 3925 3964 3977 lla-c
3991 3940 4110 3978 eum

2537 4014 2739 4067 videret
2784 4012 3056 4066 Eleutheri
3083 4013 3356 4080 cujusdam
3394 4028 3528 4066 uxor
3552 4013 3975 4082 opulentissima,
4024 4031 4110 4068 re-

2539 4103 2665 4157 licto
2687 4103 2926 4166 maforte,
2951 4111 3004 4155 et
3029 4112 3176 4155 veste
3191 4102 3429 4154 ancillari
3447 4113 3736 4170 assumpta,
3755 4118 3910 4156 cursu
3932 4103 4113 4156 civita-

2543 4203 2649 4246 tem
2681 4193 2849 4262 petiit,
2899 4201 2954 4244 ut
2985 4191 3284 4259 pudieitiatn
3315 4202 3588 4253 servaret;
3615 4200 3729 4244 erat
3753 4193 3892 4244 enim
3922 4192 4112 4246 decora

2541 4284 2674 4336 faeie
2703 4292 2755 4335 et
2775 4281 3001 4350 eleganti
3027 4281 3212 4333 forma.
3243 4280 3330 4333 Sic
3349 4295 3588 4334 carceres
3634 4282 3832 4348 impleti
3862 4291 3983 4335 sunt
4008 4297 4110 4336 non

2541 4377 2644 4428 rcis
2669 4385 2721 4428 et
2743 4375 3000 4438 scelestis,
3022 4372 3112 4426 sed
3132 4371 3556 4426 confessoribus:
3587 4383 3743 4441 atque
3769 4375 3843 4427 sic
3871 4373 3922 4426 in
3945 4374 4114 4429 eccle-

2541 4467 2646 4517 s‘as
2674 4464 2858 4515 mutati
2882 4471 3023 4515 sunt.
3051 4463 3112 4514 Et
3132 4462 3272 4529 quod
3295 4461 3484 4514 mirum
3509 4462 3763 4528 videatur,
3785 4462 3906 4516 dum
3933 4464 4109 4533 hymni

2540 4570 2595 4608 et
2622 4554 2919 4607 oblationes
2950 4553 3000 4604 in
3033 4552 3332 4605 carceribus
3354 4553 3753 4620 peragebantur,
3783 4552 3962 4622 flagra,
3987 4570 4108 4607 cru-

2542 4646 2711 4698 ciatus
2739 4651 2793 4696 et
2819 4642 3091 4696 horribilia
3115 4643 3411 4711 iuramenta
3440 4644 3490 4696 itt
3516 4645 3750 4698 ccclesiis
3772 4661 3894 4715 erga
3920 4649 4110 4700 multos

2544 4734 2954 4796 adhibebantur,
2989 4745 3046 4785 ut
3071 4733 3326 4787 Joannem
3370 4734 3702 4788 anathemate
3740 4734 3990 4789 damnare
4019 4751 4111 4789 co-

2543 4835 2814 4897 gerentur.
2849 4825 2926 4876 Ex
2955 4824 3043 4876 illo
3071 4835 3244 4878 autem
3275 4834 3508 4893 tempore
3537 4826 3695 4878 variis
3727 4827 3775 4877 in
3807 4826 3935 4877 locis
3957 4824 4110 4879 modo

2547 4920 2686 4981 istic,
2713 4915 2870 4970 modo
2903 4915 3008 4969 illic
3039 4917 3454 4978 conveniebant;
3499 4925 3552 4967 et
3596 4916 3713 4981 quia
3741 4914 3926 4966 Joanni
3969 4928 4110 4966 sem-

2548 5031 2644 5084 per
2687 5011 2882 5064 addieti
2929 5021 3116 5072 erant,
3169 5009 3430 5063 Joannitte
3476 5005 3722 5074 appellati
3763 5015 3886 5058 sunt
3927 5006 4111 5075 (Socr.

2546 5107 2632 5161 lib.
2663 5107 2714 5157 b’.
2743 5119 2788 5154 c.
2823 5102 2906 5154 19.
2940 5100 3138 5153 Sozam.
3175 5101 3210 5152 ι.
3242 5100 3296 5153 8.
3326 5116 3371 5151 c.
3403 5099 3464 5150 9.!

2624 5199 2710 5252 Jo.
2741 5196 3120 5264 Cltrysostomus
3146 5194 3211 5245 ad
3244 5191 3590 5245 Innocentium
3622 5188 3816 5253 Papam
3846 5191 4024 5241 scribit.
4046 5219 4113 5231 -—

2549 5293 2660 5347 Hoc
2680 5292 2729 5344 iu
2754 5299 2889 5344 statu
2911 5303 2993 5340 res
3015 5295 3184 5351 erant,
3208 5300 3326 5338 cum
3348 5282 3622 5352 epistolam
3644 5282 3861 5349 primam
3881 5282 4083 5350 Chryso

2548 5394 2754 5437 stomus
2802 5380 3014 5448 scripsit
3055 5377 3120 5430 ad
3171 5375 3531 5430 Innocentium
3562 5373 3751 5441 l’apatu
3778 5413 3792 5435 ,
3837 5383 4111 5441 antequam

2551 5478 2662 5545 ipse.
2693 5477 2743 5527 in
2768 5473 3059 5527 secundum
3093 5469 3335 5526 exsilium
3363 5475 3618 5536 pergeret,
3650 5480 3678 5518 a
3709 5481 3812 5534 qtto
3835 5482 4113 5536 numquam

2550 5567 2722 5621 rediit.
2754 5564 2923 5630 Quam
2964 5561 3217 5631 temporis
3247 5570 3422 5612 notam
3451 5556 3572 5609 hinc
3598 5564 3924 5620 mutuamur,
3975 5557 4111 5627 quod

2549 5659 2959 5728 Cbrysostomus
2979 5663 3254 5722 postquam
3281 5649 3452 5702 omnia
3485 5647 3762 5712 recensuit,
3793 5663 3908 5718 qua:
3932 5649 3997 5700 ab
4023 5645 4113 5697 ad-

2551 5761 2710 5801 ventu
2729 5739 3504 5816 TheophiliConstantinopolin
3522 5749 3666 5809 gesta
3683 5751 3821 5805 sunt,
3843 5750 4114 5810 postquam

2549 5840 2616 5894 de
2641 5840 2856 5910 Synodo
2885 5839 2970 5890 ubi
3001 5839 3114 5905 ipse
3139 5835 3409 5904 depositus
3440 5832 3604 5888 fuerat
3631 5834 3754 5901 egit,
3786 5843 3839 5887 et
3869 5846 3924 5884 se
3953 5824 4115 5880 ticstio

2553 5943 2718 5986 tntum
2751 5932 3159 5999 restitutumque
3184 5926 3344 5982 fuisse
3386 5926 3848 5986 commemoravit;
3894 5916 4107 5972 deinde-
