4506 6728
424 583 526 638 ΗΞ

418 714 523 768 quc
550 698 737 753 iterum
761 705 1079 763 exagitatum
1108 702 1162 741 et
1187 689 1509 743 accusatum,
1540 686 1697 747 atque
1726 692 1790 731 ex
1814 676 1993 729 Eccle-

424 790 503 840 sia
527 785 771 856 pulsum;
802 793 1078 855 postquam
1115 774 1399 828 violentam
1444 770 1787 838 irruptionem
1814 768 1865 820 in
1890 777 1996 856 Aec-

416 854 633 933 clesiam
666 886 722 932 et
746 854 1189 940 inibaptisterium
1220 863 1407 918 factam
1450 861 1745 917 enarravit:
1777 854 1996 927 gradum

420 970 602 1036 sistit,
637 981 807 1036 neque
834 977 897 1018 ea
924 974 1042 1029 qu:e
1072 965 1255 1026 postea
1289 964 1438 1024 gesta
1482 962 1605 1008 sunt
1629 994 1642 1015 ,
1687 960 1742 1006 et
1782 945 1997 1036 quidem

419 1034 770 1120 atrocissima,
816 1054 1213 1105 commemorat.
1244 1045 1340 1100 Hic
1384 1055 1560 1100 autem
1592 1042 1844 1112 plurimos
1880 1034 1995 1103 epi-

420 1163 611 1217 scopos
629 1142 931 1212 alloquitur,
959 1138 1191 1208 dicitque
1218 1137 1481 1192 Palladius
1498 1138 1549 1190 in
1569 1132 1727 1193 Dial.,
1748 1128 1885 1181 hanc
1912 1126 1994 1217 ip-

422 1216 536 1291 sam
566 1232 845 1303 epistolam
876 1228 1126 1297 scriptam
1152 1227 1312 1282 fuisse
1333 1226 1563 1281 Venerio
1593 1216 1991 1279 Mcdiolanensi,

420 1336 475 1379 et
521 1319 827 1377 Chromatio
873 1319 1201 1388 Aquileiensi
1263 1316 1547 1388 episcopis.
1604 1308 1763 1365 Addit
1819 1316 1994 1359 autem

418 1415 831 1481 Chrysostomus
853 1450 872 1476 ,
903 1412 1096 1465 malum
1124 1410 1224 1466 hoe
1251 1408 1552 1481 pervasisse
1588 1404 1640 1456 in
1684 1400 1951 1454 Orientem
1978 1415 1991 1449 :

424 1504 654 1558 clericos
702 1503 844 1557 enim
874 1504 925 1556 in
953 1505 1230 1573 episcopos
1259 1504 1530 1568 insurgere
1556 1536 1571 1559 ,
1616 1494 1892 1562 episcopos
1925 1488 1995 1542 ab

430 1592 717 1662 episcopis,
747 1594 970 1664 populos
998 1610 1028 1648 a
1056 1594 1263 1664 pepulis
1290 1592 1484 1645 scisses
1512 1598 1663 1648 esse,
1693 1583 1994 1651 instareque

422 1681 737 1750 perieulum,
765 1699 831 1738 ne
860 1684 1121 1738 dissensio
1148 1690 1327 1737 manet
1353 1679 1405 1731 in
1435 1675 1550 1730 dies
1578 1673 1754 1726 latius.
1800 1672 1995 1741 Rogat-

418 1787 523 1840 que
551 1773 666 1827 illos
686 1774 783 1828 sibi
805 1775 1119 1830 subveniant
1137 1782 1189 1828 et
1205 1769 1550 1840 Opitulentur.
1572 1765 1627 1820 Si
1654 1780 1778 1819 vero
1796 1765 1995 1819 instent

418 1860 707 1917 adversarii
725 1864 943 1919 crimina
970 1864 1070 1918 sibi
1091 1861 1425 1931 objicientes,
1449 1866 1685 1925 paratum
1713 1868 1771 1908 se
1789 1867 1906 1907 esse
1925 1851 1992 1906 ad

417 1964 633 2005 causam
662 1967 840 2006 coram
882 1952 1200 2021 incorruptis
1222 1947 1490 2019 judicibus
1510 1945 1808 2011 dicendam,
1840 1944 1993 2013 queis

418 2041 678 2109 significat
704 2057 763 2098 se
790 2043 841 2097 id
870 2054 1072 2112 optare,
1099 2048 1155 2095 ut
1185 2040 1237 2093 in
1264 2037 1490 2093 concilio
1514 2036 1743 2107 legitime
1770 2049 1995 2105 congre-

418 2141 564 2199 gato,
597 2132 708 2187 lucc
732 2148 893 2187 causa
923 2140 1176 2187 tractetur
1204 2138 1258 2184 et
1287 2128 1587 2183 deﬁniatur.

497 2224 629 2276 lluic
653 2225 889 2288 cpistola:
914 2224 1091 2277 addita
1116 2230 1197 2277 est
1220 2221 1385 2275 altera
1413 2219 1639 2290 (Pallad.
1674 2218 1838 2289 Dial.)
1881 2218 1991 2286 epi-

418 2328 697 2383 sc0porum
726 2314 1069 2384 quadraginta
1094 2356 1108 2379 ,
1130 2314 1217 2383 qui
1245 2327 1365 2367 cum
1406 2311 1606 2367 Joanne
1633 2309 1995 2366 communica-

421 2402 578 2467 bant;
604 2405 754 2457 tertia
771 2418 979 2472 quoque
1004 2403 1142 2457 Cleri
1168 2400 1751 2470 Constantinopolitani,
1779 2399 1868 2467 qui
1898 2410 1995 2467 pro

420 2491 631 2546 Joanne
660 2493 851 2545 stabat.
876 2492 983 2547 Has
1008 2508 1134 2547 vero
1166 2493 1344 2547 literas
1364 2493 1416 2547 in
1442 2491 1647 2546 Italiam
1673 2487 1990 2544 deferendas

417 2598 699 2653 suscepere
726 2585 1103 2654 religiosissimi
1145 2584 1377 2654 episcopi
1402 2626 1417 2651 ,
1447 2582 1766 2646 Demetrius,
1795 2579 1995 2634 Panso-

421 2675 596 2744 phius,
615 2675 822 2744 Pappus
846 2683 900 2730 et
927 2676 1211 2745 Eugenius,
1236 2676 1325 2745 qui
1352 2676 1547 2729 relictis
1577 2671 1833 2727 Ecclesiis
1859 2670 1989 2734 suis,

418 2767 607 2837 pelago
628 2781 687 2822 se
710 2768 1054 2835 commisere,
1080 2777 1134 2822 et
1158 2783 1278 2822 cum
1308 2768 1410 2822 illis
1436 2766 1634 2821 Paulus
1664 2773 1720 2819 et
1741 2763 1995 2834 Cyriacus

418 2856 629 2911 diaconi
659 2855 839 2929 (Pall.
872 2856 1059 2927 Dial.).
1106 2859 1404 2927 Antequam
1446 2870 1575 2911 vero
1617 2853 1730 2907 hac
1770 2852 1990 2922 epistola

418 2947 486 3000 ad
519 2945 877 3002 Innocentium
921 2949 1277 3018 pervenisset,
1304 2954 1581 3015 acceperat
1606 2944 1693 2998 ille
1715 2942 1989 3012 epistolam

426 3038 706 3109 Theophili
731 3040 1103 3104 Alexandrini,
1152 3055 1271 3109 qua:
1301 3040 1373 3093 ita
1398 3048 1653 3107 concepta
1680 3045 1823 3101 erat,
1851 3043 1907 3089 ut
1936 3035 1987 3089 in

424 3146 487 3183 ea
519 3130 764 3185 Pontifex
794 3133 1105 3186 temeritatis
1130 3140 1185 3186 et
1213 3131 1475 3200 superbiae
1503 3139 1680 3185 notam
1701 3128 1991 3199 deprehen-

418 3220 605 3286 deret;
634 3221 775 3291 quod
794 3223 940 3278 solus
965 3223 1267 3292 scripsisset
1304 3238 1403 3278 nec
1425 3223 1623 3278 claram
1650 3224 1764 3292 ejus
1783 3222 1860 3277 rei
1888 3237 1986 3276 no-

423 3310 591 3364 titiam
618 3312 872 3378 misisset,
918 3327 1017 3368 nec
1041 3312 1239 3367 diceret
1266 3323 1355 3366 aut
1379 3326 1474 3366 cur
1495 3352 1511 3377 ,
1557 3320 1647 3365 aut
1688 3310 1879 3381 quibus
1904 3325 1991 3364 as-

419 3402 645 3471 sumptis
659 3402 816 3458 sociis
835 3401 1091 3457 Joannem
1112 3401 1460 3471 deposuisset.
1473 3400 1602 3456 Cum
1625 3415 1783 3471 porro
1797 3400 1991 3456 dubius

419 3492 589 3546 animi
615 3502 776 3557 esset,
818 3507 918 3547 nec
946 3493 1015 3547 ob
1042 3493 1119 3547 rei
1143 3503 1304 3562 gesta:
1328 3492 1594 3547 levitatem
1618 3532 1633 3556 ,
1682 3492 1851 3560 inquit
1872 3491 1990 3545 Pal-

422 3582 610 3646 ladius,
643 3583 935 3638 rescribere
959 3583 1137 3647 vellet,
1165 3583 1424 3637 Eusebius
1452 3583 1664 3652 quidam
1688 3581 1990 3636 Constanti-

422 3672 756 3739 n0politanus
770 3673 1040 3736 diaconus,
1063 3672 1152 3743 qui
1175 3681 1299 3727 tunc
1320 3672 1505 3727 Roma:
1530 3680 1646 3727 erat
1670 3672 1989 3727 ecclesiasti-

418 3777 600 3814 carum
626 3776 800 3815 rerum
829 3777 1005 3826 causa,
1040 3762 1399 3819 Innocentium
1440 3763 1604 3828 adiit,
1645 3772 1699 3816 et
1722 3762 1986 3832 supplices

421 3851 627 3905 libellos
652 3850 834 3917 dedit,
885 3852 1136 3921 adjurans
1181 3868 1300 3909 eum
1333 3863 1391 3908 ut
1418 3854 1684 3907 modicum
1733 3853 1987 3921 temporis

417 3950 777 4010 exspectaret,
828 3950 882 3997 et
921 3942 1360 4013 conspirationem
1387 3942 1701 4013 patefactam
1744 3941 1982 3996 videret:

416 4047 479 4085 ac
508 4042 624 4097 post
649 4032 875 4087 triduum
905 4033 1233 4090 advenerunt
1258 4035 1490 4104 episcopi
1516 4048 1676 4105 supra
1720 4048 1984 4089 memora-

418 4132 500 4177 tas
528 4124 705 4178 literas
730 4123 1032 4179 afferentes.

484 4214 779 4270 Secundum
803 4216 915 4271 hzec
936 4218 1269 4275 Innocentius
1285 4220 1422 4289 Papa
1439 4222 1645 4292 utrique
1668 4223 1796 4291 parti
1821 4221 1985 4294 (Pall.

416 4303 622 4374 Dialog.
647 4306 696 4374 ),
728 4305 916 4361 Joanni
944 4308 1102 4363 simul
1133 4318 1188 4364 et
1228 4309 1523 4378 Theophila
1543 4351 1558 4376 ,
1583 4311 1763 4365 literas
1815 4312 1983 4375 misit,

414 4397 687 4463 utriusque
711 4400 1137 4456 communionem
1165 4416 1223 4455 se
1244 4401 1521 4456 admittere
1544 4401 1754 4472 quidem
1780 4402 1981 4466 dicens,

416 4498 483 4539 ne
512 4485 801 4540 Ecclesiam
828 4488 1114 4553 scinderet,
1136 4492 1391 4560 judicium
1430 4501 1602 4546 tamen
1631 4506 1661 4545 a
1687 4491 1984 4562 Theophilo

414 4579 579 4633 latum
630 4580 934 4648 improbans
955 4622 970 4647 ,
1019 4584 1349 4653 addebatque
1374 4585 1533 4639 aliam
1559 4586 1675 4655 cogi
1712 4585 1981 4655 Synodum

412 4680 660 4742 oportere
687 4671 1102 4727 Occidentalium
1149 4683 1203 4728 et
1225 4676 1595 4743 Orientalium,
1624 4680 1760 4747 :equi
1798 4692 1982 4731 aman-

414 4775 541 4831 tem,
568 4778 685 4833 qua:
708 4763 833 4819 nulli
854 4765 1078 4833 partium
1098 4765 1303 4820 addicta
1325 4776 1486 4822 esset.
1505 4768 1597 4822 liis
1614 4768 1792 4835 adjicit
1812 4768 1982 4821 Theo-

412 4854 615 4924 phanes
640 4852 999 4909 Innocentium
1020 4866 1073 4910 et
1093 4854 1396 4910 Flavianum
1423 4856 1803 4911 Antiochenam
1828 4855 1981 4911 Clcro

411 4946 998 5017 Constantinopolitano
1010 4948 1305 5017 scripsisse,
1324 4957 1381 5002 ut
1396 4948 1544 5002 illum
1557 4948 1975 5012 consolarentur,

409 5048 464 5092 et
478 5038 890 5110 indignationem
903 5055 1050 5095 suam
1063 5037 1577 5110 exprimerent,quod
1590 5046 1770 5091 contra
1784 5038 1979 5105 episco.

411 5142 533 5195 pum
561 5144 713 5184 suum
735 5140 840 5185 tam
873 5132 1082 5201 indigna
1104 5139 1305 5200 patrata
1332 5137 1510 5183 essent
1532 5126 1763 5199 (Pallad.
1789 5126 1976 5197 Dial.).

410 5218 489 5272 Ex
506 5220 775 5290 episcopis
800 5236 945 5286 vero,
969 5222 1057 5288 qui
1080 5221 1260 5276 literas
1280 5221 1497 5276 Joannis
1524 5220 1590 5275 ad
1617 5219 1977 5275 Innocentium

407 5308 727 5379 detulerunt,
737 5311 1058 5366 Demetrium
1070 5310 1366 5366 Pesinuntis
1378 5311 1645 5367 Orientem
1660 5312 1978 5383 percurrisse

408 5411 625 5454 narrant
642 5402 1371 5471 prmdicautemRomanorum
1395 5419 1512 5459 cum
1524 5405 1725 5460 Joanne
1741 5419 1977 5460 commu-

407 5491 643 5557 nionem,
663 5496 750 5562 qui
776 5498 934 5551 etiam
967 5496 1144 5551 literas
1159 5494 1445 5550 Innocentii
1480 5497 1633 5566 Papa:
1654 5498 1972 5567 proferebat,

406 5596 612 5637 necnon
637 5585 1003 5656 episcoporum
1023 5587 1210 5655 Caria},
1240 5588 1332 5658 qui
1356 5603 1476 5643 cum
1508 5589 1709 5645 Joanne
1738 5608 1976 5647 commu-

405 5672 673 5728 nicabant.
1860 5722 1869 5732 .

477 5765 664 5820 Paucis
694 5768 894 5822 exactis
917 5770 1103 5827 diebus
1146 5783 1264 5843 post
1287 5773 1436 5829 datas
1476 5773 1542 5829 ab
1576 5773 1883 5833 Innocentio
1912 5778 1977 5832 li-

407 5864 571 5925 teras,
601 5856 820 5913 Romam
843 5859 1054 5915 advenit
1078 5864 1262 5920 Petrus
1289 5867 1521 5937 quidam,
1548 5867 1824 5939 Theophili
1854 5884 1973 5939 pre-

404 5957 609 6028 sbyter,
628 5964 687 6017 et
712 5952 1024 6025 Martyrius,
1058 5953 1670 6030 Constantinopolitanus
1693 5958 1964 6029 diaconus,

716 6055 990 6115 PATROL.
1038 6052 1154 6115 Gn.
1200 6052 1450 6113 XLVII.

1573 565 1751 620 Μ]Νο
1792 558 2052 617 PRIMUM
2090 559 2483 617 ADOIINATA.

3572 557 3673 611 ΞΗ

2108 671 2197 736 qui
2216 671 2393 726 literas
2406 668 2683 738 Theophili
2709 669 3013 726 Innocentio
3028 665 3319 721 attulerunt
3342 665 3508 735 (Pali.
3533 667 3669 720 Dial.

2103 761 2206 831 24)
2226 803 2240 828 ,
2272 772 2327 819 et
2353 762 2593 832 quzedam
2621 774 2737 817 acta
2760 762 2983 817 Concilii
3012 761 3078 814 ad
3107 761 3394 828 Quercum,
3425 761 3482 817 in
3520 761 3672 829 queis

2104 854 2368 909 ferebatur
2392 853 2624 908 Joannes
2646 868 2676 907 a
2704 855 2917 923 triginta
2947 867 3043 908 sex
3068 853 3330 923 episcopis
3353 852 3633 907 damnatus
3658 892 3675 915 ,

2101 961 2324 1015 quorum
2351 944 2703 1015 undetriginta
2724 945 2958 1017 Egyptii
2978 953 3147 1010 erant,
3171 953 3371 1013 septem
3395 959 3526 998 vero
3544 943 3679 997 alia-

2100 1054 2215 1092 rum
2247 1039 2543 1108 regionum.
2586 1037 2790 1104 Quibus
2831 1039 2963 1093 actis
3007 1036 3252 1107 perlectis
3296 1035 3632 1090 Innocentius
3658 1076 3674 1098 ,

2099 1145 2219 1183 cum
2246 1128 2594 1197 comperisset
2615 1128 2786 1182 nullas
2813 1144 3000 1197 graves
3019 1144 3139 1183 esse
3165 1126 3550 1189 accusationes,
3576 1141 3672 1179 ne-

2101 1236 2204 1287 que
2228 1220 2487 1275 Joannem
2513 1220 2744 1275 adfuisse
2766 1262 2779 1287 ,
2809 1220 2897 1290 qui
2920 1234 3131 1273 causam
3161 1235 3309 1273 suam
3338 1218 3670 1281 defenderet,

2100 1310 2377 1381 Theophili
2424 1310 2653 1366 furorem
2704 1312 2986 1367 exsibilare
3031 1310 3279 1381 perstitit,
3326 1310 3465 1379 quod
3489 1320 3675 1365 contra

2099 1399 2369 1456 absentem
2394 1412 2496 1456 tam
2518 1403 2837 1471 pnecipitcm
2854 1403 3167 1457 sententiam
3181 1399 3673 1455 emisisset.Literas

2099 1500 2272 1544 autem
2299 1490 2445 1546 dedit
2465 1491 2542 1544 illi
2561 1491 2626 1543 ad
2651 1491 3022 1559 Theophilum,
3047 1506 3225 1560 quem,
3249 1499 3305 1544 ut
3329 1489 3487 1544 etiam
3509 1488 3671 1544 Joan—

2102 1596 2220 1635 nem
2266 1581 2334 1635 ad
2375 1583 2802 1637 communionem
2833 1597 2891 1636 se
2933 1582 3211 1637 admittere
3253 1581 3671 1646 testificabatur,

2099 1686 2272 1741 neque
2298 1686 2358 1725 se
2381 1686 2409 1723 a
2440 1670 2658 1727 Joannis
2684 1672 3053 1727 communione
3074 1671 3385 1726 destiturum
3405 1687 3523 1727 esse
3549 1687 3672 1741 pro-

2099 1770 2219 1830 pter
2239 1776 2301 1816 ea
2326 1777 2444 1832 qua:
2464 1777 2559 1831 per
2579 1763 2858 1818 ludibrium
2880 1774 3030 1834 gesta
3070 1762 3296 1818 fuerant.
3320 1764 3676 1831 Hortaturque

2099 1851 2248 1905 illum
2276 1860 2332 1906 ut
2356 1852 2423 1906 ad
2443 1851 2732 1907 Concilium
2754 1869 2876 1907 mox
2899 1854 3323 1925 congregandum
3345 1862 3672 1925 compareat,

2100 1943 2278 2012 ibique
2302 1958 2367 1997 ex
2393 1943 2685 1997 canonibus
2709 1943 2937 1999 Nicmnis
2960 1986 2974 2008 ,
3001 1962 3106 1998 non
3147 1946 3264 1999 aliis
3296 1944 3521 2015 (notans
3551 1946 3673 2000 illos

2097 2034 2459 2089 Antiochenos
2479 2034 2499 2104 )
2523 2075 2537 2098 ,
2569 2036 2885 2091 sententiam
2916 2035 3187 2090 ferendam
3215 2051 3333 2090 esse
3357 2036 3504 2089 dicit.

2175 2122 2502 2178 Innocentius
2542 2123 2692 2195 Papa
2728 2136 2775 2179 et
2824 2124 3084 2179 Honorius
3129 2123 3269 2194 Imp.
3316 2125 3673 2178 mcumenicam

2103 2215 2371 2286 Synodum
2395 2217 2505 2286 cogi
2530 2217 2699 2269 volunt
2720 2217 3121 2271 .-—-Concilium
3158 2227 3335 2271 autem
3357 2214 3486 2270 illud
3513 2215 3670 2286 quasi

2103 2320 2230 2359 mox
2275 2303 2511 2359 futurum
2542 2316 2801 2360 memorat
2827 2306 3191 2369 Innocentius,
3237 2305 3359 2374 quia
3389 2306 3671 2371 Ilonorius,

2099 2395 2402 2451 Occidentis
2431 2395 2722 2467 Imperator
2740 2398 3026 2468 Augustus,
3058 2396 3204 2453 fratri
3229 2412 3327 2451 suo
3349 2398 3574 2451 Arcadio
3603 2399 3673 2453 li-

2101 2495 2245 2541 teras
2271 2487 2528 2551 miserat,
2559 2489 2713 2557 queis
2760 2487 3072 2542 hortabatur
3112 2489 3258 2542 illum
3306 2497 3365 2543 ut
3404 2487 3677 2557 utriusque

2098 2595 2362 2635 consensu
2390 2622 2404 2645 ,
2453 2581 2801 2636 Orientalium
2828 2592 2880 2636 et
2918 2581 3335 2636 Occidentalium
3378 2580 3674 2636 Concilium

2100 2670 2495 2725 Thessalonica:
2526 2671 2903 2733 celebraretur,
2933 2686 3038 2741 quo
3067 2671 3271 2725 facilius
3298 2679 3521 2740 utraque
3551 2686 3673 2739 pars

2096 2770 2275 2833 posset
2298 2763 2581 2819 convenire
2603 2762 2837 2827 (Pallad.
2864 2761 3053 2831 Diali).
3074 2762 3264 2816 Verum
3290 2770 3407 2816 astu
3436 2760 3676 2815 inimico-

2096 2870 2213 2908 rum
2242 2854 2464 2909 Joannis
2487 2895 2502 2919 ,
2531 2864 2584 2909 et
2612 2852 2682 2908 ita
2707 2864 2928 2909 curante
2960 2852 3227 2917 Eudoxia,
3257 2868 3375 2922 qua:
3399 2851 3464 2906 ad
3490 2860 3674 2906 nutum

2093 2959 2246 2998 suum
2263 2944 2472 2997 Arcadii
2491 2943 2711 2999 consilia
2730 2943 3121 3008 moderabatur,
3146 2942 3338 2996 factum
3365 2950 3446 2996 est
3467 2951 3522 2995 ut
3537 2942 3677 2996 Con.

2093 3035 2271 3090 cilium
2298 3034 2603 3105 hujusmodi
2625 3076 2641 3102 ,
2687 3036 2755 3090 ab
2776 3036 3079 3090 Innocentio
3106 3034 3248 3103 Papa
3273 3042 3327 3088 et
3349 3034 3415 3088 ab
3441 3033 3675 3087 IIonorio

2094 3125 2422 3196 Imperatore
2452 3135 2730 3197 tantopere
2757 3126 3047 3196 expetitum
3072 3166 3087 3193 ,
3116 3140 3220 3179 non
3245 3124 3623 3179 celebraretur.

2166 3218 2355 3274 Sicarii
2373 3217 2626 3273 Joannem
2652 3219 2931 3286 interﬁcere
2968 3228 3178 3272 tentant.
3205 3247 3279 3259 —
3306 3217 3508 3272 Interea
3545 3232 3673 3271 vero

2092 3308 2502 3381 Chrysostomus
2517 3310 2973 3379 Constantinopoli
3001 3308 3177 3364 adhuc
3202 3310 3255 3363 in
3285 3308 3672 3379 episcopalibus

2092 3400 2296 3454 :edibus
2314 3401 2559 3454 manebat
2578 3399 2749 3469 (Socr.
2779 3398 2819 3453 ι.
2842 3398 2894 3453 6.
2925 3415 2970 3451 c.
3000 3398 3087 3453 I8.
3112 3398 3318 3453 Sozam.
3342 3397 3379 3451 ι.
3407 3398 3461 3453 8.
3485 3414 3531 3451 c.
3554 3396 3665 3470 2i),

2090 3505 2154 3545 ac
2175 3499 2293 3560 post
2311 3490 2511 3545 Pascha
2533 3490 2769 3545 bimestri
2793 3491 2964 3559 spatio
2985 3489 3176 3544 ibidem
3198 3489 3447 3558 perstitit.
3471 3487 3669 3542 Eodem

2093 3591 2334 3651 tempore
2359 3582 2439 3636 vir
2465 3581 2677 3651 quidam
2721 3581 3076 3636 daamoniacus
3100 3622 3114 3647 ,
3143 3590 3234 3634 aut
3256 3580 3346 3649 qui
3375 3596 3434 3635 se
3462 3580 3667 3635 daemo-

2092 3673 2301 3726 niacum
2333 3672 2632 3738 simulabat,
2664 3670 3095 3741 deprehenditur,
3116 3671 3397 3741 pugionem
3433 3669 3656 3734 habens,

2095 3770 2361 3832 tamquam
2388 3762 2455 3817 ad
2475 3763 2734 3818 Joannem
2780 3763 3129 3818 occidendum
3165 3771 3397 3833 paratus,
3430 3762 3667 3818 nondum

2090 3862 2267 3908 tamen
2295 3852 2346 3907 id
2368 3854 2570 3907 facinus
2596 3868 2894 3924 aggressus.
2922 3852 3022 3921 Qui
3047 3852 3463 3922 comprehensus
3482 3868 3511 3907 a
3533 3852 3667 3908 mul-

2090 3945 2125 3999 ti
2134 3944 2331 4009 tudine,
2348 3944 2568 4014 perinde
2578 3954 2736 4015 atque
2748 3945 2791 3999 si
2810 3946 2978 4015 pretio
2990 3944 3280 4000 conductus
3293 3944 3476 4001 fuisset
3490 3945 3557 4000 ad
3569 3960 3667 4000 cae-

2090 4035 2212 4090 dem
2234 4036 2567 4106 patrandam,
2590 4036 2656 4091 ad
2684 4036 2993 4092 Prtefectum
3038 4037 3183 4093 urbis
3208 4036 3402 4092 ductus
3427 4046 3528 4093 est.
3559 4038 3666 4094 Sed

2088 4125 2338 4194 Joannes,
2358 4127 2533 4182 missis
2548 4126 2859 4198 quibusdam
2872 4129 3134 4199 episcopis
3148 4144 3212 4184 ex
3226 4144 3447 4185 numero
3457 4145 3664 4197 eorum,

2089 4235 2223 4292 quos
2250 4236 2431 4276 secum
2476 4221 2740 4287 habebat,
2770 4220 3042 4277 hominem
3071 4222 3315 4277 liberavit
3360 4225 3665 4294 priusquam

2091 4314 2367 4368 tormentis
2408 4313 2774 4383 subjiceretur.
2802 4314 3048 4371 Posthaec
3092 4329 3279 4370 servus
3316 4314 3508 4384 Elpidii
3541 4330 3664 4384 pre-

2088 4404 2285 4475 sbyteri
2314 4403 2481 4458 effuso
2501 4419 2660 4458 cursu
2685 4406 2737 4458 in
2767 4405 2911 4459 :edes
2935 4405 3262 4474 episcopales
3293 4405 3499 4476 irrupit.
3520 4405 3664 4473 Quo-

2086 4494 2205 4549 dam
2244 4503 2419 4548 autem
2447 4508 2552 4565 quo
2577 4509 2799 4550 currens
2823 4506 3067 4565 pergeret
3086 4497 3445 4565 interrogante
3467 4538 3481 4560 ,
3513 4496 3660 4551 illum

2089 4600 2277 4640 servus
2308 4585 2455 4640 nullo
2482 4585 2608 4641 dato
2632 4600 2923 4655 responso,
2953 4586 3061 4640 sica
3093 4588 3383 4656 percussit:
3410 4587 3658 4653 alterum,

2085 4677 2172 4747 qui
2196 4677 2370 4747 priore
2386 4690 2637 4747 percusso
2663 4678 3056 4744 inclamaverat,
3079 4676 3319 4731 similiter
3343 4676 3658 4739 vulneravit;

2087 4772 2297 4825 tertium
2323 4784 2530 4840 quoque
2553 4768 2832 4824 transfixit.
2861 4768 2990 4823 Cum
3020 4783 3204 4822 omnes
3229 4768 3315 4836 qui
3339 4767 3557 4821 aderant
3577 4767 3661 4820 in-

2086 4874 2299 4933 gentem
2327 4864 2614 4918 clamorem
2636 4861 2990 4923 sustulissent,
3022 4860 3111 4913 ille
3138 4859 3318 4928 fugere
3341 4858 3525 4929 capit.
3553 4859 3655 4927 Qui

2091 4967 2219 5006 vero
2264 4951 2411 5005 illum
2442 4951 2872 5020 insequebantur,
2916 4948 3099 5017 procul
3128 4948 3315 5019 positis
3357 4948 3658 5005 clamabant

2083 5054 2140 5098 ut
2162 5044 2443 5113 fugientem
2465 5042 2997 5112 comprehenderent.
3021 5042 3243 5109 Quidam
3269 5058 3333 5098 ex
3359 5042 3548 5099 balneo
3570 5059 3653 5101 re—

2081 5134 2231 5190 diens
2253 5134 2520 5191 hominem
2542 5135 2925 5205 apprehendit,
2949 5136 3229 5206 lethalique
3250 5137 3317 5191 ab
3344 5151 3410 5192 eo
3431 5138 3651 5192 vulnere

2079 5228 2379 5294 confossus,
2403 5237 2640 5284 mortuus
2661 5229 2867 5285 cecidit.
2888 5231 2929 5283 A
2954 5230 3146 5298 populo
3170 5228 3384 5284 demum
3405 5246 3543 5299 aegre
3563 5245 3651 5284 ca-

2080 5326 2221 5388 ptus,
2236 5319 2425 5375 ductus
2444 5331 2524 5374 est
2545 5320 2594 5374 in
2617 5318 3243 5374 Palatium.Testabantur
3256 5320 3398 5374 cives
3421 5321 3511 5373 has
3532 5334 3652 5373 esse

2083 5410 2299 5466 insidias
2330 5414 2660 5467 inimicorum
2685 5412 2900 5466 Joannis
2918 5452 2932 5477 ,
2963 5411 3364 5479 clamabantque
3391 5411 3646 5475 dicentes,

2079 5510 2133 5554 et
2160 5501 2406 5555 sicarium
2431 5510 2487 5556 et
2508 5515 2600 5557 eos
2625 5500 2712 5571 qni
2737 5501 3004 5555 misissent
3028 5515 3210 5571 pinnas
3232 5500 3359 5555 dare
3379 5508 3646 5569 Oportere.

2080 5588 2367 5646 PaL-fectus
2392 5600 2565 5646 autem
2598 5590 2771 5655 urbis,
2805 5605 2923 5645 cum
2949 5608 3068 5646 eum
3098 5602 3361 5661 tamquam
3392 5590 3647 5661 judicium

2082 5681 2383 5751 prolaturus
2424 5691 2567 5737 esset
2590 5682 2878 5750 accepisset
2903 5724 2917 5747 ,
2950 5683 3127 5753 populi
3174 5681 3403 5737 furorem
3426 5694 3642 5748 compe-

2080 5772 2216 5827 scnit
2240 5789 2254 5835 ;
2286 5771 2379 5825 sed
2410 5783 2595 5840 postea
2617 5772 2762 5825 illum
2788 5773 3005 5825 dimisit.
3034 5770 3163 5827 Rem
3192 5771 3346 5840 paulo
3374 5784 3528 5824 secus
3556 5785 3644 5823 re-

2084 5867 2186 5923 fert
2226 5865 2511 5921 Palladius.
2553 5864 2741 5935 Elpidii
2767 5906 2782 5929 ,
2823 5866 2991 5935 inquit
3016 5907 3032 5933 ,
3078 5864 3373 5937 presbyteri
3417 5864 3643 5918 famulus

2084 5960 2457 6033 quinquaginta
2508 5970 2562 6015 ut
2587 5961 2749 6027 aiunt,
2778 5962 2952 6014 aureis
2977 5960 3284 6015 conductus.
3319 5968 3372 6011 ut
3396 5958 3451 6013 S.
3484 5956 3644 6013 Joan-

3222 6047 3294 6103 I3
