4506 6704
811 578 916 632 ξτες

819 707 939 741 mnu
970 687 1094 742 dolo
1140 684 1497 747 interﬁceret,
1530 698 1647 738 eum
1694 681 2058 750 deprehensus
2100 689 2237 732 esset
2285 689 2394 731 tres

815 778 1027 847 gladios
1054 776 1271 839 habere,
1298 784 1503 844 septem
1529 791 1595 829 ex
1628 774 1688 827 iis
1717 774 1807 842 qui
1830 774 2000 842 ipsum
2027 768 2398 842 apprehende-

816 880 956 934 rant,
982 868 1258 937 percussit,
1283 883 1507 937 quorum
1523 875 1745 936 quatuor
1767 868 2019 920 continuo
2041 864 2229 933 sepulti
2253 871 2399 928 sunt,

820 971 926 1013 tres
956 974 1082 1013 vero
1103 959 1191 1013 alii
1217 971 1332 1028 post
1359 960 1658 1013 diuturnam
1681 957 2009 1012 curationem
2038 956 2163 1011 salvi
2186 968 2405 1009 evasere

821 1054 841 1121 (
866 1052 1074 1107 Pallad.
1097 1050 1286 1121 Dial.).

895 1141 1047 1197 Plebs
1074 1142 1265 1195 Joanni
1290 1140 1492 1192 addicta
1520 1140 1683 1209 ipsum
1714 1142 1951 1195 custodit.
1971 1171 2040 1181 —-—
2065 1140 2156 1194 IIis
2181 1151 2407 1206 conspe-

820 1234 939 1293 ctis,
974 1233 1061 1302 qui
1090 1231 1441 1286 ferventiores
1471 1239 1625 1285 erant
1649 1246 1714 1286 ex
1738 1232 1915 1302 plebe,
1941 1232 2198 1286 Joannem
2219 1238 2405 1283 custo-

822 1324 937 1379 dire
967 1332 1265 1393 cmperunt,
1297 1332 1456 1377 nOctu
1478 1332 1531 1377 et
1563 1326 1792 1378 interdiu
1820 1324 2040 1378 alternis
2065 1322 2267 1376 vicibus
2286 1319 2407 1389 epi-

820 1418 1062 1489 sc0pales
1082 1419 1225 1473 aedes
1251 1416 1693 1472 circumsidentes
1719 1417 1862 1487 (Soz.
1893 1415 1927 1467 ι.
1956 1416 2008 1469 8.
2046 1431 2093 1467 c.
2140 1413 2256 1479 22).
2286 1413 2409 1465 "mc

772 1535 780 1541 -
822 1526 928 1564 non
954 1524 1105 1580 :rquo
1133 1511 1313 1565 animo
1346 1509 1584 1565 ferentes
1612 1508 1867 1578 episcopi,
1897 1510 1983 1574 qui
2028 1514 2213 1559 contra
2241 1504 2407 1559 Joan-

821 1619 945 1658 nem
986 1612 1369 1667 convenerant,
1415 1602 1801 1657 eeclcsiasticas
1854 1599 1997 1667 leges
2043 1597 2237 1652 calcari
2276 1611 2410 1651 con-

824 1703 1143 1763 querentes,
1199 1694 1267 1750 de
1321 1695 1416 1749 illo
1467 1707 1685 1763 prorsus
1731 1690 1995 1760 ejiciendo
2043 1690 2413 1745 deliberabant

825 1785 1110 1857 (Clirysost.
1145 1784 1312 1854 Epist.
1343 1784 1489 1852 125).
1536 1782 1733 1851 Quinto
1762 1791 1939 1837 autem
1989 1792 2109 1851 post
2152 1781 2411 1837 Penteco-

824 1886 942 1930 sten
973 1875 1080 1937 die,
1115 1875 1358 1939 Aeacius,
1383 1874 1728 1940 Severianus,
1758 1873 2051 1927 Antiochus
2072 1883 2230 1943 atque
2258 1872 2414 1944 Cyri-

824 1981 926 2020 nus
955 1966 1336 2035 Imperatorem
1383 1964 1602 2028 adeunt,
1649 1964 2067 2033 adulatoriisque
2112 1979 2174 2017 ac
2222 1963 2412 2017 fucatis

823 2059 1117 2125 praemissis
1146 2059 1345 2123 verbis,
1378 2069 1587 2129 rogant,
1619 2059 1875 2114 Joannem
1907 2056 2169 2125 episcopis
2190 2054 2412 2125 presby-

825 2152 1060 2221 terisque
1094 2168 1342 2222 perosum
1370 2153 1489 2221 ejici
1518 2153 1722 2221 jubeat,
1755 2148 1892 2219 quod
1918 2149 2026 2218 jam
2056 2148 2304 2202 dixerant
2327 2146 2409 2202 ef-

824 2243 1077 2310 ferentes,
1110 2259 1321 2313 nempe,
1355 2244 1407 2297 in
1439 2253 1598 2313 caput
1619 2258 1772 2297 suum
1806 2240 1920 2296 fore
1940 2240 2163 2295 Joannis
2191 2240 2409 2310 deposi-

823 2337 1045 2401 tionem,
1076 2336 1121 2390 si
1152 2352 1343 2406 nempe
1393 2336 1587 2405 injusta
1629 2344 1791 2391 esset.
1822 2334 1919 2389 His
1945 2350 2008 2389 ex
2041 2334 2289 2387 facilitate
2333 2333 2414 2387 ni-

826 2427 930 2479 mia
955 2426 1110 2481 ﬁdem
1134 2426 1337 2482 habens
1353 2427 1669 2496 Imperator,
1690 2428 1924 2480 instante
1944 2440 2157 2495 quoque
2174 2423 2412 2478 Eudoxia

827 2519 1082 2587 Augusta,
1126 2517 1411 2572 Patricium
1449 2517 1723 2571 Notarium
1765 2516 1931 2583 misit,
1963 2516 2052 2586 qui
2081 2514 2195 2569 lucc
2221 2514 2413 2569 Joanni

828 2610 1115 2674 nuntiaret,
1148 2625 1339 2678 nempe
1386 2610 1660 2674 Acacium,
1702 2607 2411 2672 Antiochum,Severianum

826 2713 881 2753 et
910 2700 1162 2770 Cyrinum
1185 2700 1572 2769 depositionem
1595 2701 1760 2770 ipsius
1777 2699 1994 2754 Joannis
2012 2699 2064 2752 in
2080 2706 2237 2767 caput
2258 2711 2412 2751 suum

826 2793 1157 2863 conjecisse:
1190 2806 1517 2864 quapropter
1544 2810 1603 2849 se
1632 2796 1743 2849 Deo
1783 2792 2185 2859 commendans,
2227 2788 2415 2844 Eccle-

828 2885 906 2939 sia
938 2884 1239 2941 exccderet.
1283 2886 1418 2940 Tum
1460 2886 1696 2941 Joannes
1741 2886 2007 2955 episeopis
2055 2884 2146 2954 qui
2192 2882 2415 2937 aderant

830 2977 964 3032 dixit
984 2996 997 3030 :
1026 2977 1198 3032 Venite
1218 2995 1496 3049 precemur,
1522 2989 1568 3033 et
1588 2979 1767 3050 angelo
1787 2977 2031 3031 Ecclesia:
2050 2976 2413 3041 valedicamus;

834 3068 980 3122 laetus
999 3068 1197 3138 quidem
1226 3068 1285 3121 ob
1306 3086 1579 3133 (erumnas,
1602 3070 1690 3123 sed
1711 3069 1887 3125 dolens
1909 3069 1972 3123 de
1992 3068 2164 3139 populi
2185 3081 2412 3122 mterore.

832 3156 984 3212 Tune
1012 3174 1139 3213 vero
1163 3160 1376 3230 quidam
1406 3174 1471 3216 ex
1502 3161 1831 3231 proceribus,
1864 3162 1946 3214 vir
1988 3160 2207 3230 probus,
2255 3159 2417 3213 Joan-

833 3266 956 3307 nem
1000 3253 1239 3307 monuit:
1267 3253 1511 3319 Lucium,
1556 3253 1812 3309 audacem
1850 3254 2042 3317 virum,
2082 3268 2203 3307 cum
2237 3251 2418 3306 militi-

830 3344 933 3399 bus
956 3344 1009 3398 in
1040 3354 1286 3414 promptu
1319 3359 1458 3409 esse,
1489 3353 1547 3399 ut
1566 3345 1609 3399 si
1636 3344 2024 3399 contradiceret
2048 3344 2133 3399 vel
2154 3342 2414 3406 differret,

832 3436 920 3492 ille
935 3437 1102 3506 ipsum
1121 3438 1353 3492 traheret
1372 3446 1528 3507 atque
1545 3437 1865 3507 expelleret;
1886 3451 1948 3490 ac
1964 3435 2259 3505 periculum
2276 3449 2413 3501 esse,

831 3543 900 3583 ne
916 3536 1179 3583 commota
1200 3528 1349 3598 plebs
1366 3543 1485 3582 cum
1508 3529 1763 3583 militibus
1784 3543 2011 3599 pugnam
2034 3528 2415 3582 committeret.

831 3621 981 3676 'I‘unc
999 3620 1232 3676 Joannes
1250 3637 1371 3677 cum
1400 3622 1650 3694 lacrymis
1675 3622 1878 3692 aliquot
1895 3638 1960 3677 ex
1980 3622 2245 3692 episcopis
2266 3636 2422 3676 oscu-

833 3712 994 3779 latus,
1026 3712 1261 3783 reliquos
1297 3714 1439 3768 enim
1465 3713 1694 3769 osculari
1725 3730 1829 3767 non
1860 3713 2206 3784 permittebat
2242 3712 2418 3780 dolor,

834 3802 1045 3857 caeteris
1072 3802 1213 3857 intus
1242 3804 1293 3857 in
1325 3804 1558 3858 sacrario
1582 3804 1872 3858 valedixit:
1907 3802 2129 3871 Manete,
2149 3803 2414 3873 inquiens,

835 3894 919 3946 hic
947 3894 1162 3959 interim,
1187 3904 1243 3948 ut
1273 3895 1528 3948 modicum
1556 3896 1828 3965 quiescam.
1857 3894 2130 3967 Ingressus
2159 3905 2338 3950 autem
2364 3896 2418 3950 in

834 3987 1223 4057 baptisterium,
1255 3986 1627 4058 Olympiadem
1669 3996 1847 4053 vocat,
1893 4003 2013 4058 qua:
2061 3987 2129 4042 ab
2178 3987 2420 4042 Ecclesia

836 4094 945 4134 non
972 4078 1297 4145 discedebat,
1328 4081 1599 4149 etiamque
1628 4080 1938 4134 Pentadiam
1962 4089 2016 4134 et
2039 4079 2286 4134 Proclam
2308 4080 2421 4134 dia-

839 4168 1081 4224 conissas
1104 4209 1120 4233 ,
1169 4168 1427 4225 Silvinam
1473 4170 1634 4224 etiam
1664 4169 1724 4223 B.
1758 4168 1990 4223 Nebridii
2025 4184 2270 4235 uxorem,
2304 4184 2424 4239 qua:

837 4256 1146 4313 viduitatem
1191 4273 1342 4313 suam
1376 4259 1659 4315 honestate
1698 4274 1761 4313 ac
1804 4260 2060 4313 modestia
2103 4258 2422 4326 decorabat;

838 4352 1086 4423 ipsasque
1111 4351 1190 4408 sic
1214 4353 1522 4423 alloquutus
1547 4361 1663 4407 est:
1702 4350 1896 4416 Venite,
1920 4369 1949 4406 ο
1969 4352 2110 4421 ﬁlice,
2134 4352 2305 4405 audite
2324 4369 2420 4406 me.

841 4444 972 4510 Qua
998 4443 1065 4497 ad
1096 4461 1173 4497 me
1218 4445 1452 4511 attinent,
1500 4444 1651 4513 ﬁnem
1697 4455 1749 4497 ut
1797 4444 1938 4498 video
1979 4442 2194 4509 habent;
2221 4460 2425 4497 cursum

837 4553 1005 4591 meum
1030 4539 1389 4599 consummavi,
1422 4547 1468 4591 et
1496 4538 1624 4604 forte
1648 4536 1838 4590 vultum
1876 4553 2040 4591 meum
2078 4553 2179 4590 non
2206 4537 2426 4606 amplius

838 4628 1085 4683 videbitis.
1122 4626 1234 4680 Hoc
1264 4645 1415 4681 unum
1440 4639 1511 4683 est
1536 4629 1669 4698 quod
1692 4645 1836 4699 rogo,
1868 4646 1929 4682 ne
1955 4646 1985 4681 a
2013 4630 2161 4683 solita
2185 4645 2303 4699 erga
2325 4629 2427 4683 Ec-

842 4720 1041 4773 clesium
1066 4719 1401 4772 benevolentia
1429 4736 1515 4772 vos
1542 4719 1792 4785 avellatis,
1839 4730 1885 4772 et
1925 4730 1978 4772 ut
2005 4721 2070 4782 ei,
2109 4721 2195 4790 qui
2221 4721 2425 4783 invitus,

840 4828 930 4865 nec
957 4811 1200 4877 ambiens,
1234 4828 1297 4865 ea:
1322 4828 1567 4865 consensu
1592 4812 1839 4878 omnium,
1869 4813 1921 4865 in
1950 4813 2079 4867 hanc
2108 4813 2272 4867 sedem
2293 4813 2432 4866 ordi-

842 4913 990 4955 natus
1017 4911 1060 4955 ct
1102 4902 1334 4956 inductus
1381 4902 1550 4971 fuerit,
1600 4912 1856 4973 tamquam
1902 4904 2026 4956 mihi
2056 4902 2255 4958 Joanni
2281 4913 2432 4975 caput

843 5001 1061 5044 vestrum
1087 4992 1407 5047 submittatis.
1440 4992 1561 5047 Non
1584 5004 1742 5063 potest
1770 4996 1903 5050 enim
1932 4994 2164 5051 Ecclesia
2193 5013 2298 5054 esse
2324 4998 2433 5051 sine

794 5156 798 5161 _
840 5085 1098 5155 episwpo.
1130 5083 1213 5137 lla
1237 5087 1632 5141 misericordiam
1660 5091 2027 5157 consequemini
2056 5106 2074 5143 :
2103 5098 2150 5143 ct
2185 5106 2431 5144 memores

842 5187 997 5230 estote
1012 5177 1109 5230 mei
1133 5177 1185 5229 in
1210 5178 1516 5232 orationibus
1532 5180 1720 5232 vestris.
1750 5180 1856 5233 Illa:
1880 5196 2012 5234 vero
2042 5180 2291 5252 lacrymis
2312 5196 2431 5250 per-

844 5267 997 5332 fusaz,
1030 5266 1097 5321 ad
1120 5267 1235 5336 ejus
1263 5268 1429 5336 pedes
1458 5268 1893 5323 advolvebantur.
1918 5270 2069 5325 Tunc
2096 5271 2329 5327 Joannes
2351 5276 2431 5329 in-

846 5374 1036 5421 nucns.
1063 5358 1272 5413 cuidam
1314 5375 1345 5413 e
1388 5358 1707 5414 venerandis
1751 5359 2079 5430 presbyteris
2117 5361 2433 5417 ait:Amove

847 5466 929 5503 eus
957 5451 1093 5516 hinc,
1117 5466 1178 5503 ne
1202 5450 1443 5521 populum
1469 5450 1776 5520 perturbent.

917 5539 1139 5594 Joannes
1178 5541 1417 5597 militibus
1441 5560 1494 5597 se
1519 5544 1672 5596 tradit
1696 5543 1749 5598 in
1774 5542 2008 5598 exsilium
2038 5542 2343 5596 ducendum.
2364 5572 2433 5583 —

847 5629 939 5683 Ille
981 5646 1105 5684 vero
1134 5646 1227 5699 per
1264 5641 1467 5700 partem
1497 5632 1821 5688 Orientalem
1861 5648 2106 5703 egressus
2143 5641 2253 5695 est;
2281 5642 2432 5702 post-

846 5738 1003 5793 quam
1027 5723 1258 5793 jusserat
1281 5739 1473 5794 equum
1501 5738 1654 5779 suum
1682 5725 1746 5778 ad
1787 5734 1991 5794 partem
2034 5724 2433 5781 Occidentalem

847 5816 1058 5881 adduci,
1081 5827 1137 5871 ut
1159 5819 1384 5888 populus
1410 5832 1476 5875 eo
1502 5833 1561 5875 se
1588 5818 1885 5875 conferret:
1919 5818 2098 5887 sicque
2126 5818 2215 5872 illo
2238 5817 2322 5888 pie
2341 5815 2435 5871 de-

848 5906 988 5972 Iuso,
1022 5905 1290 5975 profectus
1330 5920 1433 5975 est,
1481 5919 1536 5964 et
1576 5926 1634 5966 se
1678 5909 1935 5964 militibus
1964 5908 2197 5974 tradidit,
2232 5908 2282 5962 id
2313 5917 2432 5961 tan-

854 5999 1127 6056 tummodo
1153 6012 1394 6073 questus,
1422 6001 1567 6075 quod
1602 6012 1789 6058 contra
1833 6002 1974 6075 leges
2002 6003 2305 6071 ejicerctur,
2334 6001 2432 6060 de-

1901 569 1958 625 S.
1998 564 2276 624 JOANNIS
2312 560 2795 621 CHRYSOSTOMI
2839 566 3019 629 VITA,

3994 569 4097 625 ρεθ

2513 688 2697 746 negata
2720 678 2818 732 sibi
2841 678 3087 733 facultate
3110 693 3321 732 causam
3343 676 3549 732 dicendi
3572 686 3694 731 ante
3720 678 3981 749 legitimos
4008 687 4091 753 ju-

2511 767 2679 830 dices,
2713 768 2853 839 quod
2883 778 3058 824 tamen
3088 770 3369 826 homicidis
3391 781 3444 825 et
3472 768 3727 825 adulteris
3760 774 4096 830 concedeba-

2512 869 2630 915 tur:
2657 876 2922 930 parvoque
2948 861 3229 931 impositus
3254 866 3481 936 navigio,
3520 864 3695 919 statim
3722 864 3772 917 in
3799 864 4097 934 Bithyniam

2514 962 2907 1023 transportatur
2931 952 3162 1014 (Sozam.
3187 958 3223 1011 ι.
3255 958 3307 1013 8.
3337 976 3381 1014 c.
3410 956 3525 1028 22).
3546 958 3989 1013 Testilieaturille
4006 973 4098 1013 eos

2504 1047 3082 1118 (Ep.10.t.5.c.008),
3108 1050 3195 1114 qui
3231 1064 3289 1104 se
3315 1052 3368 1105 in
3403 1051 3642 1105 exsilium
3668 1047 3930 1104 ducebant
3958 1090 3973 1113 ,
4002 1065 4102 1101 cu-

2514 1153 2629 1191 ram
2653 1153 2862 1191 omnem
2901 1130 2953 1190 et
2978 1136 3212 1192 studium
3243 1142 3564 1206 adhibuisse,
3597 1144 3755 1197 etiam
3793 1140 3908 1210 plus
3937 1155 4095 1209 quam

2514 1230 2629 1297 ipse
2683 1230 2935 1294 volebat,
2995 1235 3055 1281 ut
3110 1228 3278 1297 ipsum
3334 1244 3641 1289 recrearcnt
3697 1248 3760 1288 ac
3815 1231 4099 1287 reficerent

2514 1319 2704 1388 (Epist.
2739 1320 2887 1389 221).
2921 1319 3197 1373 Profectus
3223 1330 3303 1373 est
3328 1333 3505 1376 autem
3534 1326 3605 1377 20
3628 1325 3769 1379 Junii
3802 1326 3924 1377 anui
3950 1324 4057 1378 404
4083 1341 4092 1374 ;

2514 1420 2567 1462 et
2596 1409 2824 1464 Nicmam
2858 1411 2906 1463 in
2950 1409 3196 1479 Bithynia
3234 1410 3491 1465 adductus
3540 1424 3640 1477 est,
3687 1416 3773 1468 ubi
3819 1430 3983 1483 usque
4030 1414 4097 1465 ad

2515 1511 2757 1568 quartam
2783 1501 2904 1555 Julii
2933 1501 3143 1554 mansit.
3178 1499 3308 1553 Cum
3340 1500 3428 1552 illo
3458 1513 3609 1555 erant
3635 1504 3822 1558 Nicmtc
3848 1506 4098 1575 (Syriacus

2514 1592 2761 1648 Sinnadcc
2788 1595 2838 1647 in
2867 1595 3112 1665 Phrygia,
3142 1601 3196 1647 et
3226 1592 3471 1662 Eulysius
3496 1594 3748 1661 Apamea:
3776 1597 3828 1650 in
3856 1597 4097 1668 Bithynia

2516 1686 2775 1756 episc0pi,
2804 1688 2889 1756 qui
2920 1702 2986 1742 eo
3016 1687 3175 1740 vineti
3218 1687 3430 1740 adducti
3460 1697 3644 1749 erant;
3691 1688 3786 1742 sed
3830 1701 4009 1759 postea
4042 1700 4095 1743 ιιι

2518 1778 2765 1849 inculpati
2793 1780 2995 1833 dimissi
3020 1780 3163 1833 fuere
3186 1778 3418 1849 (Pallad.
3450 1780 3502 1831 in
3529 1777 3718 1845 Dial.).

2586 1869 2809 1935 Quidam
2837 1878 3014 1925 autem
3046 1886 3113 1925 ex
3140 1871 3359 1924 Joannis
3386 1870 3633 1934 inimicis,
3664 1870 3911 1925 timentes
3935 1886 4022 1935 ne,
4051 1873 4095 1927 si

2516 1962 2739 2031 populus
2770 1963 2859 2031 qui
2905 1962 2955 2016 in
2983 1962 3208 2016 ecclesia
3239 1971 3353 2016 erat
3381 1962 3675 2016 discessum
3704 1962 3818 2030 ejus
3846 1977 4076 2033 agnosce

2513 2062 2616 2116 ret,
2646 2052 2791 2105 illum
2820 2053 3190 2122 insequeretur
3212 2068 3273 2107 ac
3297 2053 3469 2107 redire
3493 2063 3728 2123 cogeret,
3758 2053 3899 2108 fores
3922 2055 4089 2109 eccleo

2514 2143 2607 2197 sia:
2628 2143 2967 2198 occluserunt
2994 2143 3225 2216 (Sozam.
3276 2145 3313 2197 ι.
3349 2144 3401 2199 8.
3434 2160 3479 2197 c.
3528 2143 3644 2213 22).
3669 2144 3747 2198 Ex
3772 2144 3836 2197 iis
3862 2159 3989 2199 vero
4013 2155 4102 2215 qu!

2516 2235 2566 2287 in
2591 2233 2778 2303 plateis
2800 2243 2974 2301 erant,
2997 2235 3083 2289 alii
3106 2234 3170 2289 ad
3199 2250 3345 2290 mare
3366 2244 3711 2290 accurrcrunt
3731 2244 3925 2290 uteum
3951 2251 4099 2292 asse-

2516 2334 2825 2395 querentur,
2857 2326 2945 2379 alii
2973 2334 3114 2380 metu
3137 2326 3407 2381 conterriti
3453 2326 3628 2396 fugam
3673 2328 3964 2397 arripuere,
3997 2328 4099 2380 Im-

2518 2418 2783 2487 peratoris
2814 2419 2943 2472 iram
2972 2420 3123 2472 veriti
3146 2436 3160 2473 :
3183 2419 3216 2473 ii
3241 2435 3367 2475 vero
3384 2421 3472 2490 qui
3515 2422 3566 2474 in
3602 2422 3826 2476 ecclesia
3852 2432 4026 2489 erant,
4052 2423 4100 2474 vi

2518 2523 2705 2578 magna
2736 2517 2919 2578 portas
2942 2508 3284 2579 effregerunt.

2591 2597 2835 2653 Ecclesia:
2862 2600 3165 2653 incendium.
3183 2630 3256 2639 —
3281 2600 3422 2655 Inter
3446 2600 3561 2655 haec
3588 2602 3797 2657 flamma
3826 2603 3877 2658 in
3894 2604 3986 2658 illa
4012 2618 4098 2658 se-

2516 2689 2603 2755 de,
2632 2690 2681 2742 in
2714 2705 2816 2759 qua
2856 2691 3061 2745 solebat
3086 2690 3319 2747 Joannes
3346 2693 3671 2758 concionari,
3702 2695 3894 2750 emissa
3924 2706 4025 2761 est,
4049 2705 4104 2751 et

2516 2794 2796 2849 progressa
2815 2780 2880 2833 ad
2905 2789 3099 2834 tectum
3122 2796 3288 2850 usque
3309 2783 3548 2849 pervenit
3568 2792 3834 2852 totamque
3855 2786 4103 2839 combus-

2517 2870 2586 2923 sit
2610 2868 2892 2925 ecclesiam
2918 2870 3149 2941 (Pallad.
3167 2888 3222 2940 ρ.
3251 2870 3338 2925 91.
3364 2870 3454 2941 92)
3480 2890 3491 2925 :
3516 2872 3639 2928 inde
3656 2889 3779 2926 vero
3799 2875 4102 2930 transiliens

2518 2959 2732 3015 flamma
2773 2961 2904 3015 nihil
2932 2962 3055 3016 mali
3087 2963 3410 3033 interposita:
3440 2963 3619 3035 populi
3660 2964 3995 3021 multitudine
4024 2967 4105 3020 in-

2518 3052 2716 3120 ferens,
2762 3053 2827 3109 ad
2857 3054 2998 3109 aedes
3022 3064 3237 3110 senatus
3264 3056 3512 3110 transiliit
3542 3056 3720 3111 multis
3749 3058 3991 3125 passibus
4016 3059 4102 3113 di-

2521 3156 2751 3211 suntes;
2774 3146 3021 3217 quodque
3042 3148 3232 3200 mirum
3263 3148 3527 3214 videatur,
3550 3147 3742 3201 aedium
3765 3149 3972 3203 illarum
3996 3166 4101 3203 non

2520 3254 2636 3294 eam
2666 3247 2868 3308 partem
2896 3254 3012 3309 quae
3033 3239 3311 3294 ecclesiam
3344 3238 3681 3308 reSpieiebat,
3711 3239 3802 3293 sed
3826 3240 4103 3295 adversam

2521 3340 2752 3400 partem,
2781 3345 2899 3400 qua:
2930 3329 3128 3383 Palatio
3155 3328 3418 3398 Imperiali
3450 3328 3690 3398 proxima
3720 3338 3853 3395 erat,
3891 3329 4103 3395 invasit,
4183 3317 4190 3323 ’

2521 3431 2679 3491 atque
2705 3421 2783 3476 sic
2810 3420 2952 3474 aedes
2980 3420 3095 3474 illas
3122 3420 3175 3474 in
3202 3420 3433 3474 cinerem
3459 3419 3683 3491 redegit,
3705 3433 3910 3474 necnon
3938 3420 4107 3473 eccle-

2523 3514 2655 3567 siam
2687 3523 2741 3567 et
2770 3512 2957 3567 domos
2979 3513 3388 3581 circumquaque
3418 3511 3637 3580 positas,
3668 3520 3724 3566 et
3748 3512 3846 3565 soli
3868 3510 4104 3565 :edieula:

2523 3604 2777 3673 pepercit,
2808 3604 2860 3658 in
2885 3619 2987 3674 qua
3017 3618 3165 3658 sacra
3193 3618 3313 3657 vasa
3340 3604 3568 3672 reposita
3597 3612 3767 3658 erant.
3787 3603 4105 3658 Nonaurum

2525 3696 2785 3749 reveritus
2828 3704 2911 3750 est
2940 3695 3093 3765 ignis,
3140 3710 3238 3749 nec
3263 3705 3559 3765 argentum,
3590 3695 3759 3763 inquit
3798 3695 4102 3758 Palladius;

2522 3787 2616 3843 sed
2664 3797 2722 3842 ut
2768 3803 2835 3842 ne
2882 3788 3030 3842 locus
3077 3786 3297 3841 daretur
3351 3786 3819 3842 calumniatoribus
3866 3786 4103 3857 Joannis.

2522 3880 2854 3950 Theophilus
2874 3881 3015 3936 enim
3043 3879 3251 3935 dicebat
3273 3880 3443 3951 ipsum
3468 3881 3709 3936 ecclesiae
3733 3881 3947 3935 mobilia
3975 3896 4106 3936 ven-

2525 3973 2747 4028 didisse.
2779 3971 2974 4027 Verum
3015 3987 3129 4027 rem
3174 3971 3361 4027 falsam
3408 3986 3527 4028 esse
3572 3971 3767 4027 clarius
3807 3971 3995 4026 enituit
4040 3985 4106 4025 ex

2524 4065 2798 4121 brevicqu
2828 4065 2940 4132 illo,
2974 4080 3128 4134 quem
3159 4065 3457 4121 Germanus
3498 4065 3777 4136 presbyter
3805 4074 3859 4119 et
3899 4064 4107 4119 Cassia-

2527 4173 2627 4213 nus
2653 4157 2910 4212 diaconus
2959 4156 3219 4224 obtulere,
3265 4157 3521 4211 ellerente
3549 4156 3690 4223 quod
3720 4156 3948 4224 pretiosa
3981 4169 4106 4208 vasa

2527 4248 2870 4304 tradidissent
2893 4263 3070 4304 coram
3093 4247 3378 4317 judicibus,
3420 4246 3607 4302 Studio
3637 4245 3893 4299 Przefecto
3920 4245 4104 4311 .urbis,

2528 4340 2861 4412 Eutychiano
2886 4339 3145 4394 Praefecto
3172 4336 3411 4392 Praeterii
3432 4377 3448 4402 ,
3498 4335 3704 4391 Joanne
3729 4336 3933 4390 Comite
3963 4335 4105 4390 The-

2527 4447 2845 4494 saurorum,
2901 4428 3181 4483 Eustathio
3226 4428 3534 4494 Quaestore,
3584 4434 3637 4480 et
3678 4424 4009 4493 Tabulariis,
4055 4424 4107 4480 in

2528 4541 2681 4591 auro,
2710 4532 2931 4593 argento
2959 4531 3010 4576 et
3038 4520 3289 4575 vestibus.
3316 4519 3373 4573 In
3405 4526 3549 4573 tanto
3568 4526 3746 4575 autem
3771 4529 3828 4573 et
3850 4529 3953 4573 tam
3976 4534 4111 4589 pra:-

2530 4618 2676 4688 eipiti
2697 4616 2942 4671 incendio
2972 4628 3130 4668 nemo
3168 4614 3340 4684 periit.
3379 4613 3527 4668 Circa
3556 4613 3671 4682 ejus
3698 4622 3943 4668 auctores
3968 4612 4109 4666 varia

2531 4726 2561 4764 a
2587 4707 2934 4777 scriptoribus
2971 4707 3307 4761 referuntur:
3338 4705 3606 4760 Palladius
3657 4720 3771 4759 rem
3810 4713 4023 4769 narrat,
4055 4714 4113 4758 ut

2533 4802 2787 4857 divinitus
2815 4798 3034 4853 omnino
3058 4799 3245 4853 factam
3279 4815 3293 4851 :
3327 4798 3655 4853 Sozomenus
3678 4796 3823 4859 dicit,
3857 4796 4107 4864 populum

2534 4894 2721 4951 Joanni
2752 4892 3018 4949 addictum
3048 4893 3099 4947 id
3139 4893 3189 4946 in
3231 4892 3348 4961 ejus
3384 4890 3628 4945 inimicos
3669 4887 3950 4950 retulisse;
3993 4887 4111 4941 illos

2534 5003 2663 5043 vero
2696 4986 2747 5042 id
2774 4986 2994 5041 Joannis
3036 4985 3223 5039 amicis
3256 4983 3604 5052 adscripsisse
3624 5020 3640 5045 ,
3686 4979 3932 5033 Socrates
3962 4997 3973 5030 :
4006 4978 4109 5032 Zo—

2534 5079 2701 5135 simus
2729 5089 2783 5135 et
2809 5078 3163 5147 Theophanes
3210 5073 3406 5145 popqu
3449 5070 3640 5128 Joanni
3684 5069 3898 5124 addicto
3944 5078 4108 5124 totum

2534 5171 2789 5227 referunt.

2607 5263 2662 5316 In
2693 5260 2813 5314 aula
2856 5273 2980 5312 vero
3008 5256 3347 5327 Imperatoria
3380 5254 3636 5324 ﬂagitium
3667 5250 3794 5305 illud
3824 5265 3854 5305 a
3888 5249 4075 5307 Joanni

2536 5355 2603 5408 tis
2641 5359 2904 5421 patratum
2955 5348 3117 5403 fuisse
3152 5349 3235 5401 vel
3274 5346 3592 5417 putabatur,
3640 5340 3720 5396 vel
3763 5340 4110 5397 simulabatur

2538 5444 2709 5513 (Socr.
2752 5440 2789 5493 ι.
2826 5440 2877 5496 6.
2928 5456 2975 5493 c.
3011 5441 3095 5495 18.
3124 5438 3334 5493 Pallad.
3365 5438 3419 5490 in
3449 5432 3642 5504 Dial.).
3672 5432 3820 5488 Tunc
3856 5434 4109 5505 Optatus,

2536 5533 2684 5587 urbis
2723 5532 3011 5587 Prtefectus
3032 5573 3048 5598 ,
3092 5530 3349 5600 religione
3377 5526 3605 5597 gentilis,
3634 5525 3686 5578 iu
3713 5525 3986 5581 Joannitas
4012 5541 4105 5581 seu

2538 5624 2756 5678 Joannis
2783 5624 3018 5679 fautores
3043 5620 3333 5678 admodum
3361 5617 3553 5671 saeviit.
3599 5620 3639 5670 A
3666 5618 3809 5672 nullo
3839 5626 4013 5672 tamen
4047 5630 4110 5668 ex

2540 5720 2645 5774 illis
2672 5720 2719 5773 vi
2750 5729 3137 5774 tormentorum
3166 5714 3217 5767 id
3244 5710 3459 5767 efficere
3489 5710 3680 5780 potuit,
3710 5720 3766 5766 ut
3791 5725 3849 5766 se
3877 5710 3959 5765 vel
3985 5721 4109 5762 suos

2540 5813 2697 5885 hujus
2726 5812 2955 5869 incendii
2979 5818 3229 5864 auctores
3250 5820 3367 5861 esse
3400 5804 3751 5871 declararent,
3780 5806 3895 5875 ipso
3915 5802 4114 5857 fatente

2540 5909 2754 5963 Zosimo
2783 5924 2794 5960 :
2835 5904 2883 5958 id
2914 5900 3055 5971 quod
3077 5899 3235 5954 etiam
3262 5898 3571 5954 testificatur
3590 5898 3823 5953 Joannes
3847 5895 4000 5962 epist.
4024 5890 4112 5945 94.

2543 6003 2654 6057 Imo
2692 6000 2867 6067 ipsum
2912 5995 3169 6050 Joannem
3216 6002 3271 6048 ut
3318 5991 3548 6049 incendii
3593 5999 3864 6045 auctorem
3905 5997 4108 6038 accusa-
