4506 6722
378 593 485 648 91'?

378 723 547 775 vere;
582 705 825 777 ideoque,
848 713 904 758 ut
930 701 1004 755 ait
1032 693 1298 751 Palladius
1341 692 1393 744 in
1424 689 1647 761 Dialog.,
1680 690 1887 743 vinctus
1910 685 1963 740 in

385 801 630 875 Bithynia
656 801 904 857 detentus
928 792 1026 847 fuit
1042 804 1164 844 cum
1184 787 1406 858 Cyriaco
1431 792 1483 875 et
1507 783 1730 875 Eulysio
1748 780 1957 875 episco-

386 894 467 963 pis
488 869 624 962 ,‘qui
650 884 907 961 postremi
933 896 1054 935 cum
1083 878 1204 933 aliis
1237 874 1625 931 Chalcedonem
1668 869 1878 963 adducti
1903 877 1964 963 et

381 958 638 1037 custodiae
654 958 943 1043 mancipati
968 976 1093 1025 sunt
1120 986 1135 1023 :
1162 976 1321 1036 atque
1350 981 1414 1023 eo
1434 981 1601 1036 usque
1624 958 1966 1032 impudentia:

383 1085 439 1128 et
466 1072 712 1140 nequitiae
738 1059 1377 1136 processeruntAcacius,
1398 1058 1611 1122 Paulus,
1642 1049 1962 1115 Antiochus,

384 1163 725 1220 Severianus,
756 1164 812 1210 et
839 1154 928 1208 alii
952 1153 1167 1223 quidam
1190 1194 1204 1217 ,
1235 1160 1293 1207 ut
1320 1154 1373 1207 in
1394 1151 1562 1207 literis
1582 1147 1694 1202 suis
1717 1144 1784 1199 ad
1811 1143 1967 1197 luno-

384 1254 616 1310 ccntium
666 1250 903 1317 Papam,
952 1245 1207 1301 Joannem
1254 1245 1404 1315 quasi
1453 1240 1735 1297 ecclesiam
1782 1238 1967 1289 incen-

385 1345 588 1403 dissct,
617 1339 1091 1394 calumniarentur.
1144 1338 1377 1392 Joannes
1417 1348 1548 1388 vero
1576 1329 1793 1397 scripsit
1835 1326 1962 1390 illis,

386 1431 488 1487 etsi
511 1431 564 1484 in
594 1429 714 1484 aliis
741 1430 840 1484 sibi
874 1429 1191 1484 defendendi
1233 1429 1316 1482 sui
1346 1427 1518 1481 locum
1544 1438 1650 1477 nou
1683 1418 1962 1480 dederant,

386 1523 442 1576 in
486 1521 588 1575 hoc
615 1520 805 1575 saltem
831 1520 1022 1575 darent
1052 1530 1110 1574 ut
1138 1518 1207 1573 de
1241 1513 1547 1585 hujusmodi
1576 1508 1820 1565 incendio
1847 1520 1966 1561 sese

385 1621 658 1682 purgaret.

456 1704 564 1759 Alii
611 1719 821 1775 quoque
858 1719 952 1773 per
998 1703 1181 1758 urbem
1229 1700 1624 1755 circumeuntes
1649 1695 1665 1760 (
1691 1691 1812 1745 Soz.
1843 1690 1879 1742 ι.
1911 1688 1965 1743 8.

385 1813 434 1851 c.
462 1796 588 1868 εἳ),
632 1813 725 1852 eos
763 1797 854 1865 qui
890 1795 1054 1851 delati
1081 1794 1291 1849 fuerant
1318 1790 1459 1861 quod
1484 1786 1674 1842 Joanni
1706 1785 1965 1845 faverent,

386 1887 943 1957 comprehenderunt,
971 1896 1025 1940 et
1052 1886 1104 1939 in
1134 1883 1428 1939 custodiam
1462 1880 1616 1933 datos
1640 1917 1656 1942 ,
1689 1884 1748 1930 ut
1774 1872 1967 1929 Joanni

390 1972 677 2025 anathema
695 1970 1216 2039 dicerentcogebant
1237 1969 1429 2039 (Epist.
1452 1966 1578 2022 “8.
1602 1976 1641 2019 t.
1670 1966 1722 2019 5.
1752 1982 1799 2017 c.
1819 1963 1970 2030 675).

393 2062 502 2117 Illis
532 2077 661 2117 vero
686 2063 973 2133 episcopis,
995 2063 1328 2134 presbyteris
1347 2061 1575 2129 aliisque
1594 2058 1683 2129 qui
1712 2058 1793 2111 sui
1813 2068 1973 2109 causa

392 2155 447 2208 in
477 2168 750 2210 carcerem
793 2154 929 2210 trusi
973 2154 1204 2220 fuerant,
1246 2151 1526 2221 epistolam
1557 2149 1974 2204 consolatoriam

391 2248 542 2303 misit
563 2245 981 2319 Cbrysostomus
1014 2246 1121 2317 (Ib.
1162 2262 1211 2301 c.
1258 2245 1410 2314 5M),
1458 2242 1547 2297 ubi
1580 2242 1763 2311 paucis
1795 2241 1977 2294 horta-

386 2350 478 2396 tur
504 2341 625 2394 illos
646 2339 714 2393 ad
748 2337 1058 2410 patientiam
1082 2377 1099 2402 ,
1148 2334 1382 2403 dicitque
1409 2344 1676 2386 aerumnas
1701 2336 1757 2382 et
1784 2338 1971 2396 poenas

388 2430 697 2499 hujusmodi
723 2470 738 2494 ,
776 2443 876 2498 pro
906 2427 1102 2497 pietate
1140 2430 1419 2492 susceptas
1440 2462 1455 2485 ,
1501 2431 1820 2475 coronarum
1849 2428 1969 2470 esse

384 2522 797 2578 conciliatrices.

457 2612 698 2668 Arsacias
724 2610 812 2665 Jo.
844 2609 1199 2679 Chrysostomo
1227 2604 1563 2661 substituitur.
1593 2632 1664 2642 —
1685 2601 1971 2668 Postquam

385 2705 468 2759 sic
488 2703 747 2759 abductus
768 2701 942 2755 fuerat
964 2698 1196 2752 Joannes
1219 2737 1235 2761 ,
1265 2704 1489 2751 curante
1517 2691 1759 2747 Eudoxia
1793 2691 1969 2757 Impe-

386 2796 584 2851 ratrice
610 2795 663 2849 in
702 2792 882 2848 sedem
921 2790 1039 2860 ejus
1079 2789 1395 2845 substitutus
1422 2786 1519 2839 fuit
1547 2783 1798 2837 Arsacius
1820 2781 1968 2849 vige-

386 2890 523 2944 sima
570 2886 793 2955 septima
839 2883 927 2938 die
962 2881 1161 2937 mensis
1198 2879 1338 2935 Junii
1386 2891 1528 2932 anno
1552 2876 1676 2931 404.
1723 2874 1854 2929 Erat
1881 2872 1969 2926 ille

387 2977 640 3033 Arsacias
667 2974 829 3030 frater
864 2971 1129 3036 Nectarii,
1156 2969 1247 3040 qui
1290 2969 1341 3023 in
1384 2966 1567 3022 sedem
1593 2963 1971 3020 Constantino-

388 3070 699 3138 politanam,
738 3064 998 3135 Gregorio
1022 3061 1358 3117 Nazianzeno
1385 3056 1689 3120 secedente,
1721 3053 1971 3107 inductus

390 3159 567 3214 fuerat
611 3155 935 3228 (Chronicon.
967 3153 1148 3217 Alcm;
1174 3149 1433 3219 Cltrysost.
1466 3146 1633 3215 Epist.
1676 3145 1827 3215 ηδ).
1861 3145 1972 3197 An-

387 3263 581 3304 norum
606 3248 874 3317 octoginta
900 3252 1017 3299 erat
1044 3242 1318 3307 Arsacias,
1349 3254 1507 3310 quem
1538 3237 1788 3303 deliram,
1818 3245 1973 3291 vocat

384 3340 820 3412 Chrysostomus,
847 3346 903 3392 et
927 3335 1109 3406 lupum
1128 3343 1289 3403 atque
1317 3332 1638 3397 adulterum,
1668 3330 1810 3401 quod
1840 3329 1972 3385 alie-

386 3446 512 3486 nam
539 3429 718 3486 sedem
741 3430 819 3484 sic
846 3427 1148 3483 invasisset.
1171 3425 1260 3479 Ait
1278 3422 1493 3495 quidem
1516 3422 1767 3477 Socrates
1796 3422 1970 3492 ipsum

385 3523 457 3577 ob
483 3522 804 3591 singularem
849 3515 1316 3574 mansuetudinem
1343 3514 1643 3571 Ecclesiam
1684 3512 1973 3583 tranquille

385 3616 715 3685 gubernasse
761 3611 947 3685 (Socr.
987 3611 1025 3664 ι.
1053 3609 1107 3665 6.
1142 3626 1190 3663 c.
1221 3607 1346 3679 l9).
1397 3607 1596 3662 Verum
1639 3607 1969 3662 Sozomenus

385 3713 571 3759 narrat
600 3702 750 3756 illum
774 3700 989 3770 quidem
1012 3706 1348 3753 mansuetum
1372 3696 1534 3752 fuisse
1559 3704 1614 3751 et
1642 3711 1765 3766 erga
1796 3696 1962 3750 Deum

382 3795 692 3864 religiosum
712 3809 727 3857 ;
749 3791 844 3847 sed
858 3790 1068 3846 laudem
1086 3790 1253 3855 illam,
1275 3803 1432 3859 quam
1449 3789 1686 3843 omnium
1703 3802 1968 3844 consensu

382 3883 611 3954 adeptus
635 3882 807 3939 fuerat
829 3883 1109 3953 presbyter
1126 3923 1142 3948 ,
1172 3881 1501 3936 imminuisse
1526 3880 1783 3951 quosdam
1808 3881 1969 3935 cleri-

383 3988 511 4040 cos,
544 3973 635 4043 qui
660 3974 836 4028 omnia
862 3987 959 4043 pro
988 3972 1157 4027 lubito
1181 3986 1280 4027 suo
1305 3971 1564 4041 agebant,
1599 3980 1657 4027 et
1679 3981 1833 4042 gesta
1872 3984 1966 4025 sua

384 4064 465 4119 illi
491 4064 841 4134 imputabant.
868 4063 1100 4135 Anysius
1119 4077 1269 4129 vero,
1309 4077 1475 4119 senex
1492 4062 1776 4133 episcOpus
1801 4062 1971 4119 Thes-

384 4158 739 4213 salonicensis
756 4197 772 4221 ,
799 4171 859 4212 se
885 4155 1143 4212 Ecclesiae
1168 4154 1425 4212 Romana:
1453 4155 1736 4211 sententia:
1762 4155 1969 4211 haerere

383 4250 573 4306 dicens
595 4290 611 4317 ,
646 4264 677 4303 a
702 4248 923 4304 Joannis
962 4247 1202 4320 partibus
1240 4256 1387 4304 stare
1429 4263 1490 4303 se
1527 4247 1702 4303 dixit:
1734 4248 1971 4318 episcopi

386 4356 599 4411 quoque
653 4340 825 4396 Cariae
868 4355 929 4397 se
973 4339 1192 4394 Joannis
1236 4340 1671 4395 communionem
1720 4338 1969 4407 amplecti

385 4433 572 4487 dixere
598 4430 842 4502 (Pallad.
887 4433 943 4485 in
982 4430 1185 4503 Dialog.
1212 4432 1250 4502 ).
1280 4430 1419 4485 Infra
1460 4430 1759 4485 videbimus
1800 4429 1971 4484 Palae-

386 4525 583 4580 stinam
612 4532 667 4578 et
694 4524 1020 4580 Phteniciam
1048 4540 1143 4594 pro
1162 4524 1367 4580 Joanne
1394 4523 1617 4579 fecisse:
1642 4523 1828 4580 Cilicia
1841 4538 1968 4579 vero

385 4615 556 4671 divisa
586 4614 703 4670 fuit.

457 4708 663 4764 Arsacii
694 4707 907 4775 famam,
930 4707 1100 4779 inquit
1119 4708 1468 4776 Sozomenus,
1490 4713 1743 4768 lteserunt
1766 4727 1826 4768 ea
1850 4728 1969 4783 quae

384 4808 537 4870 gesta
564 4809 685 4855 sunt
715 4799 881 4873 (Sos.
900 4800 939 4854 ι.
958 4800 1013 4854 8.
1041 4815 1087 4852 c.
1106 4799 1223 4858 23).
1252 4800 1384 4855 Nam
1423 4818 1545 4858 cum
1582 4804 1803 4860 Joannis
1854 4805 1970 4859 fau-

384 4902 533 4949 tores
558 4907 657 4949 nec
680 4907 801 4948 cum
824 4892 1042 4947 Arsacio
1068 4932 1083 4959 ,
1107 4906 1205 4946 nec
1229 4906 1349 4946 cum
1376 4893 1493 4961 ejus
1519 4893 1813 4951 fautoribus
1836 4911 1966 4966 syn-

384 4998 517 5038 axes
556 4998 713 5054 agere
735 4982 819 5038 vel
854 4997 1040 5053 preces
1069 4981 1290 5036 fundere
1325 4982 1543 5049 vellent,
1574 4982 1800 5051 ideoque
1818 4999 1967 5039 seor-

385 5073 488 5127 sim
508 5083 564 5128 et
589 5074 643 5128 in
670 5073 923 5129 extremis
948 5072 1175 5128 civitatis
1196 5071 1435 5142 partibus
1454 5071 1709 5129 collectas
1723 5083 1963 5143 agerent,

386 5177 501 5218 rem
534 5164 648 5233 ipse
667 5165 734 5220 ad
760 5165 1144 5235 Imperatorem
1169 5163 1368 5219 retulit.

460 5255 731 5311 Tribunus
782 5258 962 5327 itaque
1010 5272 1131 5312 cum
1193 5254 1451 5310 militibus
1505 5254 1559 5309 in
1614 5263 1965 5325 congregatos

384 5341 663 5400 Joannitas
707 5348 961 5416 impetum
1011 5347 1188 5403 facere
1227 5346 1405 5418 jussus
1459 5343 1717 5416 (Sozam.
1750 5343 1890 5400 Ibid.
1922 5348 1965 5416 ),

391 5434 604 5502 plebem
650 5437 876 5493 fustibus
927 5446 982 5493 et
1021 5438 1164 5493 saxis
1206 5438 1415 5493 caedens
1452 5436 1633 5506 fugere
1676 5437 1965 5505 compulit;

388 5523 683 5579 nobiliores
708 5542 836 5581 vero
862 5537 917 5583 et
944 5544 1038 5584 eos
1075 5529 1165 5597 qui
1202 5528 1423 5583 Joannis
1455 5534 1634 5597 partes
1662 5527 1966 5592 tuebantur,

388 5614 646 5671 custodiae
667 5618 901 5674 tradidit.
931 5620 1080 5675 Tunc
1102 5629 1277 5675 autem
1300 5662 1315 5687 ,
1361 5620 1432 5675 uti
1463 5618 1597 5675 solet
1625 5619 1837 5687 quando
1867 5620 1969 5673 mi-

389 5708 575 5765 litibus
601 5706 808 5761 licentia
839 5710 1016 5777 datur,
1050 5712 1298 5767 mulieres
1319 5722 1510 5767 ornatu
1540 5725 1636 5765 suo
1661 5710 1710 5764 vi
1733 5708 1970 5763 adhibita

393 5800 688 5872 spoliantur
710 5815 723 5863 ;
747 5798 865 5853 aliis
891 5804 1126 5867 monilia,
1149 5820 1298 5859 zona:
1318 5820 1497 5859 aureae
1517 5814 1570 5859 et
1597 5812 1811 5873 torques
1830 5803 1973 5858 abri-

397 5897 628 5964 piuntur,
669 5891 791 5947 aliis
822 5890 1037 5949 inaures
1067 5896 1226 5953 simul
1263 5911 1384 5952 cum
1410 5898 1625 5953 auribus
1676 5896 1968 5952 detrahun-

398 6000 505 6043 tur.
557 5984 793 6056 Cumque
838 5983 1026 6056 ingens
1064 5988 1396 6057 perturbatio
1442 5998 1497 6047 et
1537 5988 1709 6046 luctus
1743 5988 1799 6045 in
1839 5988 1971 6044 urbe

1584 568 1765 628 NUNC
1802 565 2067 626 PRIMUM
2105 567 2501 627 ADOBNATA.

2069 693 2243 749 esset,
2274 698 2342 739 ne
2371 684 2448 737 sic
2476 684 2686 753 quidem
2731 686 2880 754 plch
2923 685 3197 755 pristinam
3239 703 3362 757 erga
3390 688 3647 748 Joannem

2070 776 2496 832 benevolentiam
2527 778 2738 847 abjccit.

2143 868 2219 922 Illi
2250 881 2378 920 vero
2407 867 2612 934 publice
2646 869 2857 937 quidem
2888 869 3173 923 convenire
3196 885 3301 924 non
3332 870 3466 925 ultra
3490 872 3653 925 aude-

2071 959 2198 1014 bant
2224 957 2368 1029 (Soz.
2394 959 2430 1010 ι.
2459 959 2514 1012 8.
2541 976 2587 1012 c.
2614 959 2705 1030 ‘23)
2732 1003 2745 1026 ,
2794 960 2943 1014 multi
2989 975 3087 1015 nec
3116 961 3166 1013 in
3206 960 3376 1015 forum
3398 1005 3412 1029 ,
3447 978 3543 1017 nec
3585 963 3653 1017 ad

2071 1051 2257 1105 balnea
2300 1050 2623 1119 procedere;
2656 1051 2969 1120 quibusdam
3007 1052 3168 1107 etiam
3200 1060 3370 1106 tutum
3406 1069 3509 1107 non
3536 1066 3653 1109 erat

2069 1142 2216 1195 domi
2259 1154 2515 1204 manere;
2571 1140 2665 1195 sed
2713 1142 2927 1209 plurimi
2972 1144 3072 1196 viri
3124 1143 3249 1197 boni
3304 1142 3652 1213 honesteque

2070 1234 2324 1288 mulieres
2353 1233 2484 1287 urbe
2525 1232 2853 1287 excedebant
2881 1250 2893 1285 :
2923 1248 2987 1286 ex
3030 1249 3253 1302 quorum
3302 1249 3524 1289 numero
3557 1233 3653 1288 fuit

2068 1326 2312 1381 Nicarete
2338 1325 2562 1396 Bithyna
2583 1366 2597 1389 ,
2646 1324 2809 1379 nobili
2847 1339 3042 1394 genere
3067 1324 3385 1379 Nicomedia:
3413 1337 3549 1389 orta,
3583 1325 3653 1379 ob

2072 1430 2376 1489 perpetuam
2408 1419 2759 1489 virginitatem
2804 1428 2857 1472 ct
2895 1418 3017 1472 vitae
3064 1417 3469 1471 sanctimoniam
3508 1418 3653 1471 cclc-

2070 1511 2298 1565 berrima
2330 1512 2498 1580 (Anno
2527 1510 2654 1578 404)
2680 1550 2694 1573 ,
2729 1510 2981 1563 virtutum
3012 1510 3247 1562 omnium
3278 1507 3533 1563 exercitio
3557 1508 3653 1560 ad-

2071 1602 2231 1664 dicta,
2265 1603 2334 1655 ita
2365 1610 2422 1654 ut
2452 1616 2572 1654 cum
2597 1599 2926 1667 amplissimo
2963 1600 3277 1667 patrimonio
3308 1600 3503 1670 injus;e
3527 1615 3653 1669 spo-

2072 1694 2193 1746 liata
2224 1693 2425 1757 fuisset,
2468 1706 2580 1745 rem
2610 1690 2990 1760 patientissime
3017 1691 3228 1753 tulerit;
3257 1691 3349 1745 sed
3376 1708 3443 1745 ex
3470 1691 3653 1761 paucis

2078 1783 2179 1837 sibi
2208 1782 2442 1846 relictis;
2476 1782 2723 1851 prudenti
2747 1798 2836 1837 usa
2863 1782 3340 1845 administratione,
3371 1797 3473 1835 non
3498 1783 3653 1837 modo

2073 1876 2173 1930 sibi
2200 1884 2253 1930 et
2276 1875 2580 1930 domesticis
2600 1876 2899 1930 necessaria
2917 1875 3352 1945 suppeditaverit,
3379 1875 3471 1929 sed
3493 1875 3653 1929 etiam

2072 1968 2190 2023 aliis
2215 1967 2721 2034 subministraverit,
2744 1968 3076 2037 maximeque
3101 1969 3507 2035 medicamenta,
3534 1983 3653 2037 qua:

2070 2059 2183 2130 ipsa
2205 2060 2477 2130 ingeniose
2513 2058 2580 2113 ad
2607 2074 2895 2129 pauperum
2922 2059 3286 2127 :rgrotantium
3311 2074 3462 2111 usum
3488 2074 3653 2126 appa-

2070 2152 2241 2207 rabat.
2274 2151 2488 2207 Certum
2514 2160 2690 2206 tamen
2719 2160 2801 2206 est
2824 2192 2837 2210 .
2882 2150 3041 2205 etiam
3084 2158 3207 2203 tunc
3240 2149 3421 2215 clam,
3448 2158 3503 2202 et
3542 2150 3651 2201 for-

2072 2251 2214 2298 tasse
2252 2244 2387 2297 intra
2417 2243 2607 2298 domos
2632 2257 2859 2313 synaxes
2888 2242 3180 2297 celebratas
3208 2240 3394 2296 fuisse.
3424 2240 3657 2295 Joannes

2074 2336 2217 2389 enim
2250 2334 2604 2403 TheOphilum
2649 2345 2703 2388 et
2730 2334 3017 2390 Salustium
3068 2334 3408 2405 presbyteros
3448 2332 3652 2402 culpat,

2074 2422 2215 2493 quod
2256 2423 2545 2494 synaxibus
2583 2422 2794 2477 assidue
2841 2437 2945 2476 non
2989 2424 3327 2477 interessent.
3369 2422 3479 2477 lmo
3504 2432 3657 2477 extra

2075 2517 2260 2571 urbem
2288 2531 2499 2587 quoque
2529 2517 2581 2571 in
2610 2516 2878 2571 montibus
2909 2525 2963 2570 et
3000 2517 3165 2587 sylvis
3187 2532 3413 2587 synaxes
3444 2518 3652 2570 habitas

2076 2605 2240 2661 fuisse
2264 2648 2279 2672 ,
2323 2606 2676 2663 testiﬁcantur
2712 2608 3001 2676 scriptores
3024 2606 3238 2677 quidam
3264 2649 3278 2672 ,
3310 2619 3362 2661 et
3393 2609 3446 2661 in
3471 2608 3657 2662 codice

2073 2697 2445 2753 Theodosiano
2469 2698 2730 2768 ejusmodi
2758 2713 2990 2770 synaxes
3015 2699 3349 2754 severissime
3374 2698 3656 2770 punienda:

2072 2789 2324 2848 dicuntur
2344 2788 2591 2860 (Niceph.
2622 2790 2860 2859 Chron.).

2142 2880 2421 2949 Eutrapius
2466 2879 2645 2935 Lector
2680 2882 2733 2934 in
2782 2882 3081 2935 cruciatibus
3124 2882 3336 2935 moritur
3374 2892 3421 2935 et
3466 2891 3656 2951 martyr

2074 2972 2302 3025 habetur.
2354 3001 2425 3011 —
2469 2973 2602 3027 Cum
2642 2974 2827 3043 ingens
2869 2982 3045 3027 metus
3092 2974 3345 3042 populum
3375 2987 3405 3026 a
3431 2973 3657 3026 tumultu

2073 3063 2427 3129 coercuisset,
2460 3062 2750 3118 Prml'eetus
2776 3065 2920 3118 urbis
2958 3064 3026 3119 dc
3067 3063 3314 3118 inccndio
3336 3064 3578 3120 ecclesiae
3606 3074 3660 3119 ct

2074 3154 2237 3208 curiae
2260 3153 2608 3224 quaestionem
2654 3154 2873 3219 habuit,
2918 3154 3221 3224 multosque
3254 3155 3505 3224 gravibus
3530 3170 3656 3225 sup-

2074 3246 2245 3317 pliciis
2264 3246 2461 3301 all'eeit.
2490 3245 2621 3301 Cum
2650 3248 2791 3303 enim
2814 3246 3089 3302 idololatra
3117 3256 3275 3312 esset,
3311 3246 3378 3302 de
3402 3248 3656 3301 Ecclesize

2073 3336 2459 3392 calamitatibus
2506 3336 2871 3393 delectabatur
2917 3338 3082 3408 (Soz.
3126 3338 3165 3391 ι.
3209 3337 3264 3392 8.
3302 3353 3349 3391 c.
3391 3336 3483 3392 23.
3523 3337 3651 3406 εί).

2075 3427 2364 3498 Eutropius
2392 3428 2563 3484 lector
2588 3428 2657 3484 ad
2694 3428 3004 3484 iudicandos
3024 3445 3139 3494 eos,
3170 3430 3261 3499 qui
3293 3430 3466 3500 ignem
3484 3431 3657 3485 eccle-

2074 3521 2167 3575 size
2196 3519 2526 3590 injecerant,
2570 3521 2623 3575 in
2659 3519 2918 3591 judicium
2962 3520 3254 3586 adductus,
3294 3521 3499 3575 etiamsi
3529 3521 3657 3574 loris

2072 3620 2130 3668 et
2147 3611 2373 3667 fustibus
2397 3628 2589 3678 czesus,
2629 3613 2837 3667 etiamsi
2863 3613 2911 3668 ci
2941 3613 3103 3668 latera
3130 3622 3184 3668 et
3211 3628 3361 3683 gena:
3391 3614 3655 3683 unguibus

2073 3700 2470 3765 lacerarentur,
2498 3702 2855 3772 ardentesque
2894 3701 3038 3758 faces
3058 3703 3269 3772 corpori
3304 3702 3655 3759 admovereuo

2072 3801 2191 3857 tur,
2235 3792 2335 3847 etsi
2370 3791 2545 3847 adhuc
2583 3792 2897 3849 adolescens
2938 3801 2993 3848 et
3029 3808 3253 3863 corpore
3290 3801 3476 3859 tener,
3524 3793 3656 3848 nihil

2072 3897 2323 3953 umquam
2367 3882 2648 3938 confessus
2688 3894 2770 3938 est
2798 3901 2811 3937 :
2838 3898 2902 3939 ac
2937 3894 3057 3954 post
3095 3894 3354 3940 tormenta
3386 3886 3439 3940 in
3476 3901 3657 3941 carec-

2070 3988 2186 4029 rem
2211 3974 2485 4044 conjectus
2507 4016 2523 4042 ,
2568 3976 2676 4031 illic
2711 3975 2942 4031 animam
2985 3975 3126 4032 haud
3152 3978 3318 4032 multo
3349 3986 3531 4046 postea
3561 3994 3655 4032 ex-

2073 4066 2293 4121 halavit.
2343 4066 2476 4137 Ejus
2511 4069 2796 4124 occasione
2832 4069 3161 4125 Sozomenus
3198 4070 3466 4124 somnium
3493 4069 3657 4125 refert

2073 4155 2292 4212 Sisinnii
2316 4157 2592 4229 cujusdam
2614 4198 2630 4225 ,
2661 4158 3074 4214 Novatianorum
3112 4161 3386 4230 episcopi,
3416 4161 3499 4216 cui
3528 4160 3657 4215 dor-

2073 4251 2259 4306 mienti
2287 4250 2486 4306 dictum
2526 4251 2622 4306 fuit
2648 4252 2964 4321 Eutropium
3002 4253 3174 4307 solum
3217 4253 3442 4322 probum
3481 4253 3652 4306 virum

2075 4345 2127 4398 in
2154 4343 2366 4398 civitate
2390 4343 2573 4399 fuisse.
2598 4343 2883 4412 Eutropius
2909 4351 3089 4399 autem
3117 4342 3205 4397 hic
3228 4345 3366 4399 inter
3391 4354 3651 4413 martyres

2073 4434 2127 4488 in
2153 4432 2528 4503 Martyrologio
2562 4433 2804 4487 Romano
2830 4433 3140 4489 celebratur
3164 4475 3180 4501 ,
3223 4433 3541 4490 duodecimo
3566 4433 3654 4489 die

2072 4525 2311 4582 Januarii
2338 4526 2562 4580 mensis.

2142 4614 2347 4687 Tigrin:
2380 4614 2650 4688 Presbyter
2696 4616 2971 4671 cruciatur.
2993 4616 3229 4671 —Tunc
3254 4617 3415 4672 etiam
3447 4616 3657 4688 Tigrius

2072 4708 2352 4777 presbyter
2370 4748 2386 4775 ,
2420 4708 2752 4763 vestimentis
2778 4719 2970 4763 exutus
2990 4718 3045 4763 et
3070 4717 3217 4777 tergo
3244 4707 3422 4778 ﬂagris
3442 4724 3610 4763 caesus
3632 4749 3646 4770 ,

2072 4802 2369 4871 vinetisque
2405 4800 2625 4871 pedibus
2648 4809 2703 4855 et
2729 4800 2972 4854 manibus
3017 4802 3067 4852 in
3107 4799 3333 4868 equuleo
3360 4808 3614 4853 extensus
3637 4841 3650 4862 ,

2074 4892 2329 4946 membris
2356 4892 2643 4947 dissolutus
2667 4899 2748 4945 est
2768 4890 2916 4959 (Soz.
2947 4890 2985 4944 ι.
3011 4891 3065 4946 8.
3093 4906 3140 4945 c.
3168 4890 3282 4961 Ἃ).
3322 4890 3449 4945 Erat
3477 4900 3652 4947 autem

2073 4982 2161 5038 hic
2188 4984 2401 5038 natione
2430 4983 2684 5037 barbarus
2703 4991 2758 5037 et
2777 4982 3072 5051 eunuchus,
3093 4983 3187 5038 sed
3214 4999 3316 5039 non
3331 4984 3397 5039 ab
3416 4985 3616 5053 origine
3634 5001 3653 5040 :

2072 5072 2308 5142 quicum
2352 5072 2405 5127 in
2447 5072 2607 5127 domo
2634 5072 2911 5145 cujusdam
2939 5076 3169 5144 potentis
3203 5089 3388 5129 servus
3428 5074 3647 5139 fuisset,

2071 5162 2291 5216 domino
2332 5178 2430 5218 suo
2462 5164 2713 5233 probatus
2743 5204 2759 5229 ,
2808 5165 3103 5220 libertatem
3141 5174 3431 5219 meruerat.
3464 5164 3650 5219 Postea

2069 5266 2200 5309 vero
2224 5254 2290 5309 ad
2309 5255 2624 5328 presbyterii
2644 5257 2861 5327 gradum
2884 5266 3176 5326 promotus,
3194 5257 3429 5312 moribus
3451 5267 3651 5327 gratus,

2073 5347 2242 5401 comis
2261 5389 2277 5414 ,
2319 5355 2477 5418 atque
2493 5363 2616 5418 erga
2643 5362 2903 5419 pauperes
2930 5355 2985 5402 et
3012 5349 3319 5417 peregrinos
3342 5349 3655 5417 benignissi-

2075 5454 2195 5492 mus
2222 5437 2335 5492 fuit.
2369 5439 2463 5493 llic
2502 5438 2658 5492 etiam
2702 5440 3008 5492 enuntiatur
3043 5439 3095 5493 in
3127 5439 3499 5508 Martyrologio
3542 5438 3655 5492 Ro-

2076 5545 2236 5586 mano
2281 5528 2592 5585 duodecimo
2632 5528 2721 5584 die
2767 5529 3023 5585 Januarii.
3078 5532 3133 5585 tn
3187 5540 3389 5599 partem
3443 5545 3654 5600 quoque

2076 5635 2431 5676 aerumnarum
2458 5629 2718 5674 venerunt
2751 5622 2998 5677 monachi
3040 5623 3430 5691 Mesopotamiae
3459 5634 3511 5678 et
3536 5624 3653 5677 dia-

2078 5717 2303 5769 conissa:
2323 5713 2379 5765 C.
2414 5713 2497 5774 Ρ..
2527 5729 2644 5782 quae
2674 5717 3000 5785 cogebantur
3023 5716 3107 5770 vel
3123 5732 3241 5771 cum
3268 5717 3481 5772 Arsacio
3501 5729 3650 5770 com-

2030 5874 2033 5879 η
2080 5805 2375 5870 ntuuicare,
2398 5804 2483 5859 vel
2505 5805 2620 5859 auri
2644 5806 2752 5862 9.00
2774 5807 2931 5863 libras
2954 5807 3103 5862 dare.

2154 5896 2417 5967 Olympias
2469 5892 2791 5955 Diacom'ua.
2839 5926 2905 5939 —
2968 5902 3238 5978 Olympias
3269 5909 3567 5967 diaconissa
3602 5912 3657 5967 in

2083 5990 2186 6046 hoc
2231 6005 2405 6046 rerum
2454 5988 2762 6048 discrimine
2810 5996 3178 6054 fortitudinem
3210 5998 3378 6056 animi
3411 6000 3655 6059 exhibuit

3524 508 3595 541 ι’·δν
3642 520 3709 539 ·’.

3183 540 3239 566 ¹ι
3276 540 3403 567 ψοέὶλ
3438 540 3461 565 '7
3497 544 3503 551 '
3530 540 3542 556 "
3569 556 3592 567 .-
3658 542 3763 567 '

3153 560 3179 568 θ.
3233 560 3385 574 ιον-νιη⁵
3456 562 3457 565 η
3569 560 3592 569 ι-
3719 560 3737 574 ,ε
3776 563 3822 574 ,ι
3890 564 3895 570 ,

3235 564 3255 573 γ’
3295 564 3313 591 ξ,
3348 564 3426 595 ,Ἴης
3466 574 3506 595 με
3537 564 3591 595 η-“
3656 576 3661 581 '
3719 564 3751 585 ’ἠ
3776 564 3795 595 ,ᾖ
3816 569 3871 589 λγ,

3182 592 3187 597 -
3482 574 3657 620 ..μηδι
3679 608 3687 615 .
3786 592 3853 620 ς.

3218 600 3303 633 ...7.,
3323 601 3452 633 ...ην-’ἱ
3482 602 3488 607 .
3510 600 3657 633 '-:!'DV
3679 608 3687 615 .
3836 602 3877 619 ι..
