4506 6696
818 553 921 608 Si!)

824 670 969 725 (Sos.
1005 669 1047 721 l.
1078 666 1128 721 8.
1160 686 1204 721 ε.
1232 666 1343 738 Ξῖ).
1368 666 1496 720 Nam
1517 681 1635 722 cum
1662 667 1712 720 iu
1734 667 1992 736 judicium
2006 670 2226 724 adducta
2245 679 2386 723 esset

830 764 1196 830 interrogante
1228 759 1486 814 Praefecto
1512 775 1608 814 cur
1631 759 1909 813 ecclesiam
1943 761 2279 825 incendisset,
2321 776 2408 815 re-

827 853 1041 921 spondit
1078 869 1091 904 :
1118 851 1239 905 Non
1271 862 1344 905 est
1374 853 1468 906 hoc
1494 854 1607 906 rita:
1631 868 1752 906 meta
1789 853 2089 907 institutum.
2120 855 2228 922 Ego
2275 856 2408 907 enim

825 943 1093 1011 facultates
1124 959 1257 997 meas
1281 959 1395 1012 qua:
1419 947 1589 997 multm
1612 954 1753 996 erant
1793 952 1840 996 et
1884 952 2120 999 maxima:
2142 989 2156 1012 ,
2211 946 2410 1014 templis

826 1034 925 1087 Dei
962 1036 1306 1088 instaurandis
1357 1035 1595 1103 impendi.
1642 1035 1774 1089 Cum
1826 1046 2002 1091 autem
2050 1038 2248 1091 diceret
2283 1037 2409 1101 ille,

828 1126 994 1194 probe
1019 1126 1117 1179 sibi
1138 1134 1317 1178 uomm
1342 1140 1461 1179 esse
1489 1126 1627 1179 illius
1664 1127 1872 1181 vivendi
1913 1131 2172 1184 rationem
2198 1172 2212 1195 ,
2243 1143 2411 1198 appo-

828 1218 929 1271 site
958 1216 1229 1283 respondit
1250 1216 1335 1270 illa
1357 1235 1368 1269 :
1395 1216 1474 1269 Tu
1494 1234 1611 1287 ergo
1632 1218 1683 1269 in
1710 1221 2017 1273 accusatoris
2044 1221 2206 1274 locum
2232 1221 2413 1285 transi,

830 1320 875 1359 ct
906 1308 1038 1358 alius
1068 1306 1131 1359 de
1160 1307 1301 1361 nobis
1322 1308 1537 1377 judicet.
1582 1308 1869 1363 Praefectus
1899 1309 2027 1363 nihil
2049 1310 2247 1363 habens
2272 1310 2415 1378 quod

832 1398 1050 1464 culpare
1081 1406 1279 1465 posset,
1305 1397 1370 1450 ad
1392 1398 1533 1450 aliud
1567 1414 1626 1452 se
1655 1401 1937 1466 convertit,
1968 1410 2124 1470 atque
2145 1401 2417 1472 Olympia-

834 1488 885 1539 cli
943 1489 1255 1556 umerisque
1324 1489 1641 1545 mulieribus
1703 1492 1991 1546 amentiam
2040 1494 2416 1562 exprobravit,

834 1578 973 1647 quod
1016 1580 1249 1650 episcopi
1295 1582 1415 1644 sui,
1468 1582 1671 1636 Arsacii
1713 1598 1943 1652 nempe,
1990 1586 2418 1641 communionem

834 1682 1227 1725 aversarentur.
1262 1672 1551 1727 Prmfectus
1578 1687 1705 1727 vero
1754 1682 1880 1728 tunc
1924 1675 2137 1744 quidem
2170 1677 2312 1731 illam
2341 1677 2423 1733 di-

835 1762 979 1815 misit
1007 1779 1021 1826 ;
1056 1764 1223 1817 altero
1250 1773 1426 1817 autem
1454 1765 1539 1819 die
1582 1775 1863 1821 evocatam
1897 1768 2039 1822 illam
2080 1785 2274 1840 magno
2308 1772 2421 1825 auri

835 1856 1070 1925 pondere
1091 1858 1381 1910 mulctavit.
1410 1858 1663 1925 Quzndam
1693 1869 1870 1914 autem
1896 1862 2016 1915 alia:
2045 1872 2187 1917 metu
2210 1863 2418 1932 percul-

838 1961 912 2000 sa:
946 1989 959 2009 ,
993 1949 1193 2002 Arsacii
1224 1951 1653 2005 communionem
1678 1954 1758 2006 vel
1784 1953 1960 2007 invita:
1985 1954 2246 2022 amplexa:
2279 1966 2420 2008 sunt.

910 2036 1161 2091 Pentadio
1187 2041 1490 2094 diaconissa.
1516 2071 1589 2081 —-
1615 2041 1865 2096 Pentadia
1898 2058 2109 2112 quoque
2126 2043 2423 2099 diaconissa

840 2128 994 2183 vidua
1017 2170 1032 2194 ,
1065 2131 1193 2183 olim
1226 2131 1444 2185 Timasii
1482 2131 1727 2186 Consulis
1757 2148 1892 2185 uxor
1920 2172 1933 2199 ,
1961 2142 2178 2189 strenue
2202 2144 2256 2190 et
2290 2150 2423 2190 eon-

841 2221 1169 2275 stantissime
1212 2237 1427 2276 causam
1472 2221 1693 2278 Joannis
1735 2223 1989 2278 defendit.
2036 2223 2267 2295 ideoque
2295 2225 2421 2291 illa,

842 2326 964 2379 quae
1004 2312 1212 2366 nonnisi
1250 2312 1533 2367 ecclesiam
1577 2314 1985 2383 cubiculumque
2027 2329 2179 2368 suum
2208 2325 2428 2370 noverat

850 2402 1136 2473 (Cltrysost.
1171 2402 1337 2474 Epist.
1367 2404 1479 2474 9i),
1507 2408 1558 2458 in
1585 2404 1757 2459 forum
1793 2416 2052 2475 pertraeta
2077 2408 2173 2462 fuit
2197 2449 2212 2475 ,
2252 2423 2280 2460 a
2312 2407 2429 2461 foro

840 2494 905 2550 ad
935 2496 1240 2557 tribunalia.
1260 2498 1346 2551 ubi
1366 2498 1632 2552 ﬁrmitatis
1645 2499 1917 2569 animique
1942 2498 2268 2553 fortitudinis
2293 2514 2429 2553 nova

843 2587 993 2654 signa
1037 2586 1352 2656 egregiaque
1391 2587 1570 2649 dedit;
1624 2597 1804 2656 postea
1849 2603 1978 2642 vero
2016 2605 2045 2642 a
2091 2588 2333 2641 tribunali
2364 2588 2427 2640 ad

843 2691 1113 2731 carcerem
1167 2678 1433 2743 deducta,
1485 2680 1595 2747 pari
1639 2681 2018 2748 tranquillitate
2075 2680 2427 2748 firmitateque

844 2768 1022 2820 omnia
1062 2769 1308 2836 pertulit;
1348 2770 1573 2838 ideoque
1614 2770 1734 2837 jure
1763 2785 1792 2822 a
1819 2769 2200 2839 Chrysostomo
2237 2771 2290 2823 in
2333 2785 2426 2823 sua

846 2859 912 2911 ad
966 2859 1108 2912 illam
1153 2859 1378 2927 epistola
1427 2860 1712 2913 admodum
1758 2860 2076 2914 celebratur.
2134 2860 2313 2915 Voluit
2343 2860 2430 2915 illa

849 2950 1025 3003 hieme
1066 2960 1322 3019 sequente
1350 2951 1541 3019 (Epist.
1567 2952 1710 3020 104),
1742 2950 2200 3021 Constantinopoli
2223 2952 2430 3013 relicta.

849 3041 959 3093 alio
984 3056 1265 3109 peragrare
1294 3058 1307 3093 :
1353 3056 1537 3094 verum
1574 3040 1806 3095 Joannes
1834 3042 1977 3095 illam
2002 3041 2241 3095 hortatus
2270 3050 2353 3095 est
2378 3048 2435 3094 ut

851 3134 904 3183 in
929 3132 1058 3184 urbe
1089 3139 1353 3193 maneret,
1383 3131 1467 3183 ubi
1492 3131 1799 3184 eoncivibus
1816 3131 1971 3184 variis
1996 3130 2167 3184 modis
2196 3129 2434 3184 subsidio

849 3235 969 3275 csse
1006 3231 1205 3290 posset.
1246 3220 1301 3274 lu
1337 3223 1454 3275 illos
1483 3222 1641 3275 etiam
1675 3223 1962 3275 smvieruut
1992 3222 2078 3291 qui
2128 3221 2434 3275 vexationes

850 3310 1047 3364 vitandi
1078 3326 1236 3365 causa
1264 3311 1401 3379 apud
1432 3310 1721 3364 monachos
1734 3325 1792 3365 se
1810 3319 2118 3380 receperant
2140 3310 2330 3383 (Epist.
2353 3312 2431 3381 2):

852 3403 978 3470 quin
1006 3402 1162 3455 etiam
1194 3403 1338 3469 ipsos
1369 3402 1657 3456 monachos
1681 3412 1736 3456 et
1761 3401 1993 3472 virgines
2014 3403 2067 3456 in
2089 3400 2287 3456 famem
2307 3416 2437 3455 con-

851 3490 1031 3558 jecere
1060 3500 1114 3543 ct
1142 3491 1377 3545 vestibus
1403 3491 1689 3545 nudavere.
1713 3489 1999 3545 Monachus
2018 3500 2194 3545 autem
2212 3489 2438 3546 Gotthos

853 3581 1047 3652 (Epist.
1067 3580 1223 3649 207),
1266 3582 1355 3650 qui
1384 3581 1435 3635 in
1467 3590 1607 3636 terra
1631 3581 1866 3635 Promoti
1897 3581 2200 3650 degebant,
2242 3594 2438 3634 conso-

854 3675 994 3727 latus
1035 3682 1116 3727 est
1147 3672 1565 3742 Chrysostomus
1588 3715 1603 3737 ,
1632 3672 1846 3742 quando
1872 3673 1954 3726 sui
1983 3687 2142 3727 causa
2167 3672 2437 3726 molestias

860 3764 1055 3817 multas
1078 3772 1132 3817 et
1153 3779 1420 3818 mrumnas
1446 3767 1684 3834 perpessi
1707 3775 1849 3820 sunt.

929 3853 1171 3923 Episcopi
1203 3854 1406 3922 quidam
1434 3855 1587 3924 pulsi.
1615 3885 1685 3895 —
1711 3857 1881 3910 Tanto
1927 3856 2203 3912 fervebant
2240 3857 2272 3910 ii
2299 3896 2315 3919 ,
2345 3856 2437 3926 qui

860 3953 984 3997 tunc
1006 3944 1179 3996 aulam
1221 3943 1616 4013 lmperatoriam
1636 3945 2069 4013 moderabantur,
2103 3948 2154 4001 in
2176 3946 2437 4004 Joannem

858 4043 914 4087 et
962 4034 1077 4103 ejus
1129 4047 1405 4089 consortes
1459 4036 1614 4100 odio,
1660 4050 1716 4090 ut
1764 4053 1871 4091 non
1900 4039 2053 4107 pauci
2083 4049 2206 4092 tunc
2234 4039 2441 4107 episco-

864 4128 916 4194 pi
941 4169 956 4193 ,
986 4127 1073 4197 qui
1115 4127 1278 4195 probe
1316 4143 1431 4182 rem
1483 4129 1895 4183 ecclesiasticam
1948 4130 2205 4198 gerebant
2241 4171 2257 4195 ,
2298 4129 2441 4198 quod

860 4219 1049 4275 Joanni
1102 4220 1296 4273 addicti
1337 4229 1550 4282 essent.
1593 4221 1728 4289 pulsi
1766 4220 2019 4293 (Pallad.
2052 4222 2308 4292 p.195);
2351 4220 2442 4274 alii

861 4324 1008 4376 vero,
1034 4324 1139 4365 non
1168 4310 1367 4380 indigni
1395 4310 1572 4375 modo,
1594 4311 1685 4365 sed
1709 4312 1864 4365 etiam
1882 4312 2190 4382 plerumque
2206 4312 2438 4378 scelesti,

865 4402 919 4456 in
947 4401 1152 4456 illorum
1172 4402 1346 4455 locum
1376 4401 1795 4456 intruderentur.

932 4494 1276 4563 Serapionem
1324 4494 1480 4561 igitur
1509 4534 1523 4557 ,
1579 4510 1735 4563 quem
1802 4494 2036 4549 Joannes
2087 4494 2355 4549 Heraclea:
2387 4493 2441 4548 in

871 4583 1095 4637 Thracia
1144 4583 1447 4651 episc0pum
1484 4586 1830 4637 constituerat
1886 4583 2213 4653 (EpistJJ)
2244 4625 2260 4648 ,
2324 4592 2443 4651 post

865 4675 1172 4727 innumeras
1242 4673 1442 4742 absque
1526 4673 1628 4726 ulla
1708 4674 2021 4741 probatione
2101 4673 2439 4737 calumnias,

864 4778 1070 4819 summa
1114 4760 1423 4817 crudelitate
1475 4777 1672 4815 czesum
1744 4777 1911 4831 usque
1960 4762 2026 4816 ad
2076 4762 2442 4816 excussionem

861 4855 1099 4909 dentium
1144 4854 1193 4905 iu
1243 4854 1466 4921 patriam
1518 4868 1667 4907 suam
1709 4854 2011 4923 rclegarunt
2057 4851 2287 4921 (Pallad.
2318 4851 2445 4905 Dia-

866 4948 969 5012 log.
1006 4947 1023 5012 )
1074 4960 1087 4993 :
1131 4943 1219 4995 ille
1267 4958 1392 4995 vero
1428 4943 1491 4995 ad
1541 4944 1830 4997 monachos
1877 4942 2080 4998 Marsos
2125 4951 2179 4997 et
2219 4941 2442 4998 Gotthos

866 5036 1177 5101 aufugerat,
1210 5031 1383 5099 ibique
1406 5031 1494 5084 diu
1520 5032 1798 5088 delituerat
1825 5046 2109 5105 antequam
2138 5042 2437 5103 caperetur.

866 5123 925 5178 in
952 5122 1069 5191 ejus
1099 5136 1223 5174 vero
1249 5120 1421 5173 locum
1450 5120 1766 5177 substitutus
1793 5125 1887 5177 fuit
1911 5124 2177 5192 Eugenius
2199 5122 2435 5192 quidam,

866 5217 919 5271 in
950 5214 1251 5271 mercedem
1279 5212 1705 5283 conspirationis,
1731 5230 1886 5284 quam
1906 5213 2160 5268 adversus
2181 5214 2439 5268 Joannem

866 5309 1177 5377 episcopum
1205 5322 1357 5362 suum
1397 5315 1725 5377 susceperat.
1780 5306 1884 5359 Sex
1932 5304 2008 5357 illi
2049 5305 2284 5372 episcopi
2308 5345 2321 5365 ,
2351 5305 2441 5373 qui

870 5399 1108 5453 simonia:
1138 5414 1295 5453 causa
1336 5416 1365 5453 a
1396 5400 1599 5454 Joanne
1628 5396 1852 5467 depositi
1886 5395 2096 5449 fuerant
2127 5393 2356 5465 (Pallad.
2389 5395 2441 5447 in

870 5488 1066 5557 Dial.),
1086 5499 1145 5543 ut
1166 5506 1323 5559 supra
1350 5491 1598 5554 diximus,
1624 5488 1837 5558 rejectis
1870 5488 1932 5541 iis
1959 5486 2137 5555 probis
2162 5486 2440 5554 episcopis,

868 5592 1005 5651 quos
1030 5579 1262 5633 Joannes
1293 5580 1342 5633 in
1373 5595 1554 5634 eorum
1585 5582 1758 5635 locum
1799 5577 2174 5640 ordinaverat,
2203 5576 2255 5629 in
2283 5576 2444 5631 sedes

867 5688 994 5729 suas
1024 5682 1149 5728 tunc
1175 5673 1400 5727 restituti
1421 5684 1543 5728 sunt
1566 5715 1582 5741 ,
1615 5672 1708 5727 sed
1741 5678 2018 5740 postquam
2046 5667 2443 5725 restituentibus

870 5780 928 5821 se
955 5765 1193 5835 pecunia:
1214 5777 1472 5819 summam
1499 5770 1906 5819 numeraveram
1933 5779 1946 5816 :
1986 5776 2090 5830 quo
2118 5769 2262 5815 certe
2288 5757 2445 5812 modo

873 5858 1150 5913 simoniam
1188 5856 1534 5911 renovabam.
1586 5853 1892 5909 ilex-aclides
1945 5863 2121 5908 autem
2166 5853 2445 5921 episcopus

874 5948 1069 6016 Ephesi
1094 5964 1127 6003 a
1179 5947 1388 6005 Joanne
1409 5957 1746 6017 constitutus,
1774 5954 1842 6003 ab
1880 5946 2104 6001 inimicis
2134 5945 2248 6015 ejus
2276 5944 2443 6013 depo-

1918 553 1975 609 S.
2012 555 2288 611 JOANNIS
2318 554 2788 611 CliRYSOSTOMl
2831 556 3009 622 VITA.

3982 564 4086 620 2'20

2513 670 2671 734 sima,
2701 685 2793 739 per
2823 669 3227 738 quadriennuun
3247 671 3434 727 saltem
3455 670 3775 726 Nicomedia:
3801 672 3853 726 in
3874 689 4091 732 carcere

2515 760 2751 815 inclusus
2780 760 2973 813 mansit
3029 758 3285 828 (Pallad.
3332 762 3537 833 Dialog.
3568 761 3607 830 ).
3657 759 3714 814 lu
3758 760 3876 829 ejus
3914 776 4089 820 autem

2514 852 2688 906 locum
2716 851 3033 906 substituere
3059 850 3288 907 Victoris
3312 853 3508 909 tribuni
3532 850 3854 916 eunuchum,
3882 857 4089 908 manci-

2516 947 2682 1013 pium,
2706 945 2875 1015 inquit
2903 943 3186 1008 Palladius,
3215 946 3485 1000 ebriosum
3508 988 3523 1013 ,
3554 944 3934 1010 meretricium,
3966 959 4093 998 ava-

2517 1051 2671 1099 rum;
2704 1047 2892 1089 castora
2921 1048 3046 1087 vero
3076 1034 3279 1091 referre
3302 1037 3481 1105 pudet.

2588 1128 2698 1183 Sub
2752 1127 2863 1181 lucc
2904 1136 3080 1179 autem
3147 1125 3486 1181 Theotecnus
3536 1128 3815 1199 presbyter
3869 1126 4095 1181 Romam

2520 1219 2665 1271 venit
2684 1258 2698 1279 ,
2748 1220 2929 1272 literas
2950 1216 3178 1269 afferens
3204 1217 3386 1285 viginti
3418 1219 3650 1288 quinque
3679 1221 4048 1289 episcoporum
4078 1259 4092 1282 ,

2521 1309 2609 1378 qui
2645 1325 2764 1363 cum
2795 1310 2998 1363 Joanne
3023 1307 3087 1360 ad
3119 1306 3389 1376 Synodum
3431 1310 3803 1365 celebrandam
3829 1325 4095 1365 convene-

2522 1408 2642 1452 rant
2666 1399 2683 1469 (
2710 1398 2919 1453 Pallad.
2952 1396 3157 1467 Dialog.
3192 1398 3211 1466 )
3236 1414 3249 1449 :
3279 1399 3429 1466 queis
3461 1398 3767 1456 Innocentio
3795 1401 3952 1470 Papa:
3976 1416 4102 1454 nar-

2524 1490 2711 1544 rabant
2747 1507 2851 1561 quo
2896 1500 3047 1560 pacto
3078 1490 3309 1544 Joannes
3355 1504 3385 1541 a
3431 1491 3655 1545 militum
3703 1508 3858 1547 manu
3892 1494 4097 1563 pulsus,

2523 1580 2789 1635 Cucusum
2820 1583 2869 1635 in
2899 1582 3139 1635 exsilium
3170 1580 3363 1633 missus
3385 1578 3588 1634 fuisset.
3629 1581 3792 1635 Paulo
3810 1593 3930 1650 post
3956 1588 4104 1638 venit

2527 1671 2784 1726 Paternus
2811 1714 2826 1737 ,
2874 1674 3042 1742 quise
3069 1671 3673 1740 Constantinopolitanae
3700 1673 3953 1728 Ecclesia:
3980 1690 4103 1742 pre-

2526 1764 2798 1832 sbyterum
2828 1764 3055 1828 dicebat,
3079 1762 3405 1832 Joannisque
3430 1762 3677 1817 inimicus
3712 1780 3725 1815 :
3766 1762 3944 1819 literas
3973 1763 4106 1819 affe-

2526 1857 2675 1908 rebat
2705 1854 2882 1909 Acacii
2907 1897 2921 1919 ,
2978 1855 3121 1908 Pauli
3152 1894 3167 1919 ,
3216 1853 3460 1908 Antiochi
3486 1863 3540 1909 et
3559 1854 3831 1909 Severiani
3855 1855 4107 1910 aliorum-

2525 1961 2629 2014 que
2654 1986 2669 2010 ,
2725 1946 2817 2015 qui
2856 1946 3111 2001 Joannem
3155 1946 3613 2003 calumniabantur
3640 1948 3789 2015 quasi
3816 1948 4107 2001 ecclesiam

2528 2037 2875 2093 incendisset.
2906 2038 3250 2093 Innocentius
3281 2052 3406 2092 vero
3431 2037 3534 2090 illis
3561 2036 3889 2104 respondere
3919 2038 4110 2106 digna-

2526 2137 2615 2183 tus
2640 2144 2745 2183 non
2776 2139 2878 2184 est.
2942 2131 3066 2185 Post
3105 2131 3303 2198 aliquot
3338 2129 3453 2182 dies
3490 2126 3713 2181 Romam
3767 2129 3912 2182 venit
3948 2130 4109 2183 etiam

2528 2220 2779 2293 Cyriacus
2800 2223 3081 2291 episcOpus
3106 2237 3171 2276 ex
3200 2221 3437 2282 Oriente,
3461 2219 3645 2287 pulsus
3668 2233 3761 2287 per
3785 2233 3905 2272 eam
3933 2218 4108 2288 legem

2530 2327 2651 2382 qua“:
2680 2312 2912 2368 ferebat:
2938 2313 2999 2366 Si
3025 2313 3135 2381 quis
3152 2327 3249 2364 non
3298 2309 3632 2362 communicat
3655 2326 3768 2362 cum
3796 2308 4106 2378 Theophila,

2532 2405 2742 2457 Arsacia
2769 2414 2814 2458 et
2844 2404 3152 2472 Porpltyrio,
3185 2402 3270 2455 ille
3296 2401 3497 2469 quidem
3517 2402 3807 2471 episcopatu
3828 2412 4066 2454 arceatur
4089 2442 4108 2466 ,

2532 2494 2684 2547 simul
2712 2494 2861 2547 etiam
2886 2494 3086 2544 amittat
3115 2531 3129 2554 ,
3160 2491 3205 2544 si
3245 2507 3394 2560 quam
3428 2492 3564 2543 visus
3602 2491 3753 2559 fuerit
3782 2491 3964 2545 habere
3987 2492 4112 2545 sub-

2532 2585 2769 2638 stantiam
2810 2583 3138 2651 pecuniarum
3181 2592 3268 2634 aut
3312 2582 3635 2649 prwdiorum.
3666 2582 3788 2635 Post
3830 2582 4108 2653 Cyriacum

2530 2676 2743 2728 advenit
2790 2674 3037 2744 Eulysius
3061 2715 3075 2736 ,
3118 2683 3171 2727 et
3209 2674 3301 2727 alii
3340 2688 3549 2742 quoque
3580 2712 3596 2738 ,
3634 2672 3701 2726 de
3738 2673 3931 2741 quibus
3974 2672 4109 2727 infra

2534 2766 2904 2819 narrabimus:
2936 2781 3057 2819 nam
3106 2765 3360 2834 Cyriacus
3403 2764 3613 2818 nonnisi
3660 2778 3803 2818 anno
3827 2765 3931 2819 405
3953 2765 4113 2820 adve-

2533 2855 2676 2910 nisse
2705 2856 2893 2924 potuit.
2928 2855 3067 2909 Ante
3095 2854 3476 2924 profectionem
3504 2868 3630 2907 vero
3654 2869 3805 2908 suam
3838 2855 4111 2924 aliquanto

2534 2960 2773 3019 tempore
2800 2949 3257 3017 Constantinopoli
3284 2946 3475 3002 occulti
3509 2961 3775 3002 mansere.

2606 3040 2824 3094 Honorii
2847 3040 2986 3107 Imp.
3015 3040 3082 3091 ad
3105 3038 3382 3090 Arcadium
3405 3038 3583 3090 litem.
3599 3065 3671 3076 —
3694 3037 3805 3092 Hoc
3831 3038 3945 3107 ipso
3969 3051 4111 3091 anno

2538 3133 2664 3199 404,
2699 3148 2800 3186 nec
2835 3132 3001 3185 multo
3018 3137 3135 3199 post
3159 3130 3368 3197 pulsum
3390 3127 3671 3190 Joannem,
3696 3127 3984 3193 Honorius,
4010 3131 4111 3183 0c-

2537 3224 2765 3278 cidentis
2804 3221 3116 3290 imperator,
3148 3219 3376 3273 Arcadio
3402 3218 3551 3272 fratri
3578 3233 3676 3272 suo
3697 3218 3907 3286 scripsit
3925 3259 3942 3280 ,
3968 3233 4031 3272 ac
4054 3233 4113 3272 se

2537 3329 2707 3383 nuper
2741 3313 3011 3379 accepisse
3037 3309 3165 3364 dicit
3190 3309 3241 3363 in
3269 3309 3353 3363 die
3381 3308 3439 3362 S.
3473 3307 3687 3362 Pascha:
3725 3306 3928 3378 (Chrys.
3966 3314 4005 3359 t.
4041 3312 4095 3364 3.

2545 3420 2592 3457 c.
2624 3402 2771 3469 5'59),
2799 3405 3006 3459 clausas
3052 3402 3225 3457 subito
3273 3400 3436 3456 fuisse
3481 3399 3779 3454 Catholicas
3824 3398 4109 3455 ecclesias.

2539 3504 2716 3550 trusos
2743 3494 2795 3547 in
2824 3492 3121 3549 custodiam
3167 3490 3509 3553 sacerdotes,
3549 3489 3730 3543 omnia
3779 3488 4024 3542 bellicum
4059 3487 4111 3540 in

2539 3585 2755 3641 modum
2785 3584 2991 3638 turbata
3018 3581 3267 3653 mysteria
3290 3622 3306 3647 ,
3331 3578 3613 3634 nonnullos
3642 3577 3695 3632 in
3720 3578 3846 3646 ipsis
3873 3577 4114 3632 ecclesia)

2538 3676 2785 3732 sacrariis
2808 3676 3151 3743 interemptos
3169 3672 3351 3733 fuisse.
3370 3670 3757 3740 episcoposque
3784 3669 3834 3722 in
3861 3668 4108 3722 exsilium

2540 3768 2740 3838 pulsos.
2783 3766 2837 3820 In
2865 3768 2979 3820 haec
3006 3773 3183 3818 autem
3206 3763 3295 3817 ille
3322 3760 3721 3816 vehementiore
3745 3759 3904 3829 style,
3939 3767 3994 3812 ut
4017 3772 4113 3827 par

2538 3868 2672 3924 erat,
2703 3858 3002 3920 invehitur;
3028 3856 3127 3910 sub
3153 3856 3312 3909 finem
3337 3868 3465 3909 vero
3493 3853 3664 3907 innuit
3695 3843 4106 3919 exspectandam

2541 3951 2705 4005 fuisse
2734 3950 2889 4018 Papze
2917 3947 3282 4001 auctoritatem
3312 3986 3327 4011 ,
3350 3944 3439 4013 qui
3487 3942 3759 4012 paeificam
3785 3939 3974 3993 Joauni
4003 3938 4116 4006 epi-

2542 4058 2705 4112 scopo
2751 4041 3089 4095 concordiam
3121 4038 3355 4101 miserat,
3413 4050 3511 4089 nec
3550 4045 3869 4103 quemquam
3901 4028 4118 4096 putabat

2544 4146 2665 4189 ante
2685 4133 2938 4204 judicium
2966 4130 3329 4200 repellendum
3357 4142 3497 4183 esse.
3529 4123 3836 4179 Periculum
3872 4135 4001 4173 vero
4028 4118 4115 4171 di-

2543 4224 2615 4278 cit
2656 4237 2774 4278 esse
2794 4263 2810 4289 ,
2851 4237 2919 4276 ne
2946 4221 2998 4275 id
3027 4222 3078 4275 in
3106 4218 3321 4275 humani
3351 4214 3563 4285 generis
3598 4211 3887 4281 perniciem
3917 4207 4114 4263 factum

2544 4314 2632 4369 sit.

2614 4401 2852 4456 Eudoxio
2874 4400 3100 4467 Augusta
3121 4390 3563 4449 moritur.—Nihil
3584 4388 3635 4442 in
3669 4387 3783 4442 aula
3811 4385 4115 4442 Constanti~

2545 4494 2847 4564 nopolitana
2859 4490 2979 4545 boni
2993 4493 3313 4557 pepererunt
3325 4482 3540 4538 Honorii
3556 4479 3973 4535 literae.Arcadio
3987 4493 4119 4531 sem-

2545 4602 2640 4655 per
2667 4582 2845 4637 uxoris
2869 4589 2919 4633 et
2949 4579 3236 4631 aulicorum
3259 4584 3433 4644 optata
3463 4580 3715 4641 sequente
3745 4569 3976 4639 (Sozam.
4002 4568 4039 4621 l.
4061 4568 4115 4622 8.

2546 4676 2690 4730 c.25.
2716 4674 2835 4729 Zos.
2866 4673 2904 4726 ι.
2932 4671 3012 4739 5).
3043 4668 3239 4722 Verum
3261 4668 3337 4721 ira
3358 4664 3691 4733 vindictaque
3716 4661 3891 4714 divina
3917 4660 4115 4721 saeviit,

2547 4781 2575 4818 a
2620 4763 2901 4833 multisque
2927 4760 3200 4815 observata
3222 4758 3351 4811 fuit:
3376 4772 3496 4810 nam
3516 4756 3615 4808 hoc
3642 4766 3783 4806 anno
3811 4748 4033 4803 Thracia
4066 4754 4121 4800 et

2548 4855 2811 4926 Illyricum
2848 4851 2915 4905 ab
2943 4850 3145 4904 Hunnis
3165 4848 3433 4903 devastata
3470 4844 3649 4898 fuere:
3678 4849 3733 4894 et
3756 4854 3860 4905 quo
3884 4846 4121 4906 tempore

2546 4947 2775 5002 Joannes
2788 4944 3096 5013 pellebatur,
3125 4940 3418 4994 Isaurorum
3439 4935 3656 4989 rebellio
3668 4927 4119 4996 ConstantinOpoli

2547 5040 2777 5093 nuntiata
2806 5036 2921 5101 fuit,
2960 5035 3047 5104 qui
3072 5034 3122 5086 in
3156 5031 3333 5085 Asiam
3351 5028 3602 5080 Minorem
3621 5021 3740 5076 etin
3761 5019 3966 5088 Syriam
3982 5018 4117 5071 mala

2547 5131 2820 5184 innumera
2852 5126 3092 5180 intulere.
3120 5121 3366 5191 Cyrinus,
3395 5111 3747 5169 Chalcedonis
3791 5108 4073 5177 episcopus
4099 5144 4111 5161 .

2547 5234 2683 5273 unus
2708 5234 2772 5272 ex
2797 5214 3185 5271 ardentioribus
3213 5207 3430 5264 Joannis
3474 5202 3731 5263 inimicis,
3782 5199 3868 5268 qui
3888 5198 3938 5251 in
3960 5208 4109 5267 caput

2547 5325 2732 5372 suum,
2760 5318 2814 5360 ut
2852 5320 3008 5374 supra
3056 5301 3279 5355 vidimus
3310 5336 3325 5359 ,
3379 5292 3684 5361 sanguinem
3713 5289 3931 5343 J0annis
3976 5304 4106 5346 con-

2550 5400 2761 5463 tulerat,
2787 5414 2849 5452 ex
2881 5397 3066 5450 dolore
3106 5405 3227 5444 crus
3267 5386 3363 5439 sibi
3395 5382 3627 5437 exscindi
3676 5380 3857 5449 jubere
3897 5392 4111 5435 coactus

2550 5498 2634 5543 est
2656 5530 2671 5553 ,
2713 5498 2769 5541 ut
2794 5496 2975 5558 postea
3006 5484 3055 5535 in
3095 5475 3357 5533 diuturnis
3388 5472 3704 5528 cruciatibus
3733 5470 3871 5526 lente
3903 5476 4116 5540 periret.

2551 5580 2846 5649 Trigesimo
2866 5578 2952 5630 die
2966 5567 3292 5640 Septembris
3320 5561 3801 5632 ConstantinOpolis
3822 5573 3875 5617 et
3890 5563 4121 5616 circum-

2548 5673 2719 5741 posita
2759 5670 2906 5737 regio
2947 5662 3202 5734 grandine
3255 5656 3451 5726 ingenti
3481 5653 3671 5708 afﬂicta
3702 5654 3829 5709 fuit:
3873 5665 3927 5710 et
3971 5659 4119 5741 sexto

2551 5736 2794 5817 Octobris
2830 5736 3014 5810 infelix
3045 5748 3278 5804 Eudoxia
3311 5748 3361 5800 in
3389 5746 3572 5801 abortu
3604 5746 3776 5815 periit.
3818 5746 3941 5799 llzcc
3969 5736 4118 5795 multi

2550 5853 2900 5907 observavere
2925 5886 2941 5911 ,
2982 5852 3035 5897 et
3062 5843 3156 5895 has
3194 5853 3378 5910 poenas
3393 5837 3462 5892 ob
3483 5839 3725 5909 injustam
3753 5848 3807 5893 et
3835 5836 4117 5888 violentam

2549 5943 2772 5998 Joannis
2824 5934 3189 6007 expulsionem
3215 5946 3246 5987 a
3274 5931 3384 5988 Deo
3412 5931 3638 5987 inﬂictas
3668 5940 3918 6002 putavere
3940 5921 4111 5991 (Socr.
