4506 6710
437 571 535 629 ΩἭ

442 688 479 737 t.
510 684 561 738 6.
591 681 789 751 c.19).
826 676 1085 734 Arcadius
1126 681 1301 723 tamen
1333 708 1348 731 ,
1390 675 1481 719 aut
1525 665 1698 735 potius
1735 663 1827 734 qui
1872 660 2014 716 illius

440 776 655 830 nomine
703 774 881 827 omnia
922 762 1338 821 moderabantur
1362 800 1377 823 ,
1418 760 1470 813 in
1514 769 1691 829 empto
1714 755 2014 826 perstitere.

510 866 741 921 Joannes
762 876 887 916 vero
909 857 1097 911 Nicteae
1124 854 1176 905 in
1203 850 1446 921 Bithynia
1482 852 1752 921 aliquanto
1779 857 2018 916 tempore

441 957 692 1012 detentus
718 998 731 1015 ,
761 967 826 1006 ex
861 948 1001 1001 aeris
1029 943 1342 999 salubritate
1366 942 1720 996 valetudinem
1746 952 1799 994 et
1823 954 2016 1008 corpo-

441 1049 515 1102 ris
556 1048 717 1100 robur
755 1043 1119 1105 consequutus
1151 1044 1233 1089 est
1256 1074 1271 1099 ,
1313 1044 1372 1088 ut
1401 1034 1513 1104 ipse
1536 1034 1663 1087 dicit
1697 1033 1748 1085 in
1781 1030 2018 1099 Epistola

440 1140 647 1194 decima
673 1132 737 1187 ad
774 1126 1161 1200 Olympiadem,
1186 1143 1340 1196 quam
1376 1127 1590 1195 scripsit
1614 1122 1869 1194 postridie
1892 1136 2015 1190 pro-

440 1231 677 1285 fecturus
703 1223 995 1284 Cucusum,
1021 1220 1195 1274 exsilii
1223 1220 1421 1274 locum.
1453 1218 1645 1273 Milites
1669 1224 1846 1269 autem
1875 1214 2021 1267 Prae-

442 1318 583 1378 fecti,
615 1313 705 1382 qui
731 1312 880 1365 illum
913 1311 965 1365 in
994 1311 1237 1365 exsilium
1264 1310 1557 1370 ducebant,
1600 1306 1731 1360 nihil
1761 1320 1867 1358 non
1890 1315 2019 1370 age-

442 1408 571 1461 bant
599 1415 657 1457 ut
687 1402 837 1456 illum
868 1410 1175 1458 recrearent
1195 1417 1256 1455 ac
1286 1400 1597 1461 reﬁcerent,
1627 1396 1831 1463 ipsique
1859 1393 2020 1446 etiam

442 1497 593 1568 plura
621 1508 779 1564 quam
811 1493 971 1549 vellet
1016 1492 1188 1547 ofﬁcia
1236 1490 1580 1561 praestabant.
1613 1485 1817 1539 Rumor
1841 1481 2018 1535 statim

442 1601 659 1655 sparsus
682 1586 849 1642 fuerat
883 1589 1054 1657 ipsum
1078 1586 1131 1640 in
1158 1584 1431 1655 Scythiam
1461 1576 1851 1650 deportandum
1877 1588 2017 1628 esse.

448 1677 632 1730 Primo
660 1686 912 1731 statutum
956 1676 1122 1730 fuisse
1148 1675 1353 1729 videtur
1396 1674 1449 1727 in
1491 1666 1834 1738 imperatoria
1875 1663 2019 1729 aula,

440 1767 570 1821 dicit
612 1767 701 1822 ille
738 1768 788 1821 in
820 1766 1049 1835 Epistola
1090 1765 1295 1819 decima
1342 1763 1529 1826 tertia,
1567 1768 1625 1814 ut
1666 1757 1975 1812 Sebasteam
2002 1794 2017 1817 ,

442 1858 712 1911 Armenia:
735 1856 940 1922 urbem,
966 1856 1267 1911 exsulatum
1297 1854 1631 1907 mitteretur:
1664 1848 1785 1910 sed,
1819 1853 2022 1899 mutato

441 1950 667 2003 consilio
689 1990 704 2014 ,
746 1947 1007 2002 Cucusum
1036 1946 1227 2001 missus
1265 1954 1382 2009 est,
1430 1945 1604 1996 locum
1633 1937 1899 1993 Armenia:
1928 1936 2022 1989 de-

442 2040 816 2094 sertissimum.
853 2038 970 2107 Ipse
999 2052 1125 2091 vero
1165 2037 1456 2089 amicorum
1492 2031 1776 2086 multorum
1803 2041 2020 2096 operam

442 2134 792 2199 adhibuerat,
840 2140 897 2185 ut
919 2132 971 2185 in
995 2132 1259 2185 mitiorem
1294 2136 1348 2181 et
1386 2124 1815 2194 propinquiorem
1846 2121 2020 2172 locum

440 2223 757 2277 mitteretur.
788 2221 1007 2285 Verum,
1033 2234 1129 2272 nec
1156 2219 1271 2271 sine
1296 2214 1533 2285 querela,
1562 2212 1691 2266 dicit
1711 2212 1856 2279 ipsos
1882 2222 2019 2270 rem,

439 2327 598 2381 quant
629 2310 873 2364 scelerati
899 2309 1061 2362 etiam
1103 2306 1351 2359 homines
1388 2304 1674 2370 impetrant
1704 2339 1720 2364 ,
1761 2293 2021 2364 consequi

441 2415 547 2455 non
576 2399 833 2469 potuisse.
877 2397 1268 2465 lmperatrieem
1294 2406 1423 2446 vero
1452 2390 1747 2445 Eudoxiam
1766 2402 1824 2441 se
1847 2384 2024 2440 Cucu-

443 2506 562 2545 sum
594 2488 729 2543 mitti
749 2488 975 2558 jussisse
1019 2485 1149 2540 dicit
1190 2484 1244 2538 in
1288 2482 1522 2552 Epistola
1577 2482 1680 2536 l55
1730 2478 1798 2533 ad
1841 2476 2026 2549 Cyria-

440 2596 586 2635 ουιη.

511 2672 816 2741 Insequenti
844 2670 1005 2740 igitur
1032 2668 1117 2724 die
1144 2667 1559 2738 Cbrysostomus
1577 2707 1592 2727 ,
1620 2662 1838 2718 Panemi
1866 2676 2020 2715 men-

440 2764 515 2820 sis
530 2772 738 2832 quarto,
752 2762 841 2830 qui
866 2760 1063 2813 mensis
1080 2759 1345 2813 Panemus
1356 2756 1531 2812 Julius
1548 2764 1631 2810 est
1657 2753 1850 2823 (Epist.
1863 2751 2017 2821 221),

442 2866 498 2909 ut
526 2854 707 2908 videas
734 2852 873 2921 apud
901 2851 1133 2906 Selidam
1160 2858 1215 2904 et
1243 2848 1537 2908 Usserium.
1564 2845 1740 2900 Nicaea
1762 2846 1813 2898 in
1830 2843 2021 2913 Bithy-

443 2947 527 2997 nia
556 2944 822 3010 profectus
847 2951 950 2996 est.
981 2941 1291 3009 Eodemque
1311 2939 1399 2993 die
1419 2938 1695 3005 epistolam
1714 2936 1928 3005 scripsit
1951 2932 2020 2987 ad

439 3034 808 3087 Constantium
838 3031 1227 3101 presbyterum,
1258 3028 1546 3081 cohortans
1586 3024 1734 3079 illum
1775 3033 1831 3077 ut
1858 3038 1926 3076 ne
1952 3037 2019 3076 ex

444 3121 718 3191 pra-sentis
745 3120 994 3189 procella:
1024 3123 1337 3185 tempestate
1365 3121 1707 3168 amoveretur
1734 3111 1803 3165 ab
1846 3110 2022 3165 ofﬁcio

443 3222 500 3266 et
523 3226 553 3264 a
578 3227 638 3266 re
664 3218 908 3279 suscepta
933 3249 949 3274 ,
980 3208 1073 3263 sed
1112 3222 1210 3277 pro
1231 3220 1379 3261 more
1408 3219 1506 3259 suo
1532 3218 1626 3259 eos
1652 3244 1667 3269 ,
1711 3203 1799 3271 qui
1846 3201 2021 3256 adhuc

440 3302 749 3358 Graecorum
773 3300 1156 3370 superstitioni,
1184 3312 1279 3353 seu
1299 3295 1631 3360 idololatriaz,
1654 3294 1819 3349 dediti
1844 3301 2017 3357 erant,

442 3394 510 3448 ad
537 3393 693 3447 ﬁdem
709 3390 1061 3446 Christianam
1084 3398 1397 3445 convertere
1427 3395 1689 3457 pergeret,
1717 3394 1773 3441 et
1802 3385 2019 3454 impiam

441 3484 751 3551 religionem
771 3482 1169 3545 exterminaret,
1195 3489 1354 3549 atque
1382 3479 1697 3544 Phtnniciaa,
1730 3477 1940 3531 Arabia:
1966 3483 2023 3530 et

442 3575 675 3628 Orientis
697 3573 1053 3627 Ecclesiarum
1078 3586 1259 3625 curam
1279 3581 1490 3640 gereret
1517 3587 1530 3623 :
1561 3570 1793 3638 dicitque
1827 3584 1887 3623 se
1913 3583 2017 3621 non

443 3664 791 3729 Sebasteam,
837 3671 895 3716 ut
928 3662 1180 3731 putabat,
1223 3661 1317 3715 sed
1360 3660 1627 3714 Cucusum
1671 3660 1724 3712 in
1770 3659 2018 3713 exsilium

443 3754 601 3808 tnitti.
633 3753 689 3806 In
732 3752 838 3807 ﬁne
868 3767 997 3807 vero
1024 3754 1126 3816 ait,
1160 3752 1261 3806 sibi
1299 3760 1421 3805 ante
1462 3750 1844 3820 profectionem
1875 3766 2017 3804 cura:

445 3844 628 3907 fuisse,
660 3850 718 3896 ut
742 3857 772 3895 e
803 3842 1070 3897 Salamina
1094 3841 1253 3912 Cypri
1277 3840 1505 3895 breresin
1534 3840 2014 3902 Marcionistarum,

444 3949 565 4003 quae
612 3934 684 3988 ibt
720 3933 1059 4002 grassabatur
1085 3973 1099 3996 ,
1130 3932 1448 3986 eliminaret.
1497 3930 1555 3986 Si
1593 3946 1723 3985 vero
1769 3930 2021 4000 Cyriacus

444 4025 724 4093 episc0pus
755 4023 927 4077 adhuc
966 4022 1425 4091 ConstantinOpoli
1464 4023 1571 4089 sit,
1618 4020 1817 4075 scribat
1860 4022 1935 4075 illi
1966 4031 2022 4075 ut

444 4122 632 4186 pergat
654 4129 714 4168 ea
743 4113 999 4183 periicere
1023 4155 1039 4179 ,
1085 4129 1204 4183 qua:
1245 4114 1359 4182 ipse
1404 4128 1686 4183 aggressus
1707 4111 1898 4167 fuerat.
1932 4112 2022 4167 Sic

445 4204 812 4259 sanctissimus
836 4204 922 4259 ille
948 4204 1050 4270 vir,
1076 4203 1327 4258 atrumnis
1358 4203 1587 4272 undique
1616 4203 1980 4272 prementibus
2002 4245 2017 4269 ,

445 4296 700 4365 augenda:
730 4297 781 4350 in
809 4295 1037 4350 diversis
1070 4296 1374 4362 regionibus
1398 4294 1714 4347 Christiana:
1739 4294 1817 4349 rei
1838 4309 2019 4349 curam

447 4400 716 4455 nunquam
746 4386 1071 4454 deponebat.
1103 4385 1398 4454 Epistolam
1423 4399 1553 4440 vero
1572 4385 1640 4440 ad
1669 4384 2019 4453 Theophilum

447 4478 724 4545 scripsisse
769 4487 985 4545 putatur
1014 4476 1207 4545 (Epist.
1236 4477 1384 4546 H9),
1415 4492 1535 4532 cum
1560 4476 1729 4530 Nicaza
1758 4475 2022 4546 profectus

449 4577 614 4633 esset,
647 4578 703 4620 ut
721 4565 985 4621 Cucusum
1007 4567 1390 4633 contenderet,
1414 4568 1759 4638 hortaturque
1790 4569 1936 4622 illum
1966 4576 2023 4622 ut

451 4667 637 4728 pergat
670 4657 899 4727 pericula
942 4658 1120 4710 subire
1159 4666 1213 4710 et
1256 4666 1473 4713 strenue
1510 4674 1710 4729 agere:
1753 4674 1853 4713 nec
1882 4659 2024 4713 clare

449 4751 577 4805 dicit
610 4749 801 4817 quibus
835 4747 922 4801 ille
952 4746 1107 4799 rebus
1146 4755 1268 4799 tunc
1306 4762 1522 4815 operam
1561 4749 1727 4803 daret.
1783 4750 2022 4805 Alteram

450 4843 567 4909 ejus
607 4840 674 4893 ad
707 4838 1059 4907 The0philum
1110 4836 1387 4905 epistolam
1430 4836 1687 4893 habemus
1716 4880 1730 4904 ,
1772 4840 2021 4908 scriptam

450 4941 727 5001 postquam
751 4930 1013 4985 Cucusum
1042 4928 1362 4981 advenisset.

524 5023 655 5076 Cum
684 5021 982 5075 Cmsaream
1015 5019 1067 5071 in
1103 5016 1432 5086 Cappadocia
1455 5058 1471 5082 ,
1517 5017 1688 5071 Nicma
1717 5019 1985 5088 profectus
2005 5059 2019 5082 ,

450 5114 755 5179 duceretur,
782 5111 1079 5183 Olympiadi
1107 5110 1318 5179 scripsit
1364 5108 1555 5179 (Epist.
1586 5108 1697 5181 ll),
1725 5120 1774 5164 et
1806 5110 2020 5180 quidem

456 5205 613 5272 paulo
640 5214 916 5274 postquam
946 5203 1047 5255 iter
1066 5200 1191 5254 illud
1220 5211 1560 5269 susceperat,
1588 5217 1707 5255 cum
1730 5201 1902 5257 adhuc
1930 5217 2021 5255 va-

455 5294 688 5349 letudine
714 5296 803 5349 illa
828 5336 843 5361 ,
874 5309 1030 5363 quam
1061 5292 1247 5345 Nicazaz
1274 5302 1679 5361 recuperaverat
1702 5333 1716 5357 ,
1764 5301 1818 5347 et
1860 5294 2023 5347 animi

455 5385 718 5441 hilaritate
742 5388 1024 5442 frueretur.
1059 5384 1133 5438 Ea
1164 5399 1289 5438 vero
1309 5424 1324 5448 ,
1364 5400 1481 5452 qua:
1512 5385 1577 5439 de
1601 5384 1841 5440 Praefecti
1880 5386 2024 5438 mili-

460 5478 621 5541 tibus,
649 5478 740 5545 qui
761 5495 819 5533 se
845 5481 897 5534 in
920 5479 1162 5534 exsilium
1184 5477 1481 5542 ducebant,
1514 5477 1600 5531 hic
1626 5490 1859 5543 enarrat,
1892 5494 2025 5549 pra:-

458 5568 793 5623 termittenda
817 5586 920 5624 non
943 5571 1188 5625 duximus
1222 5588 1235 5623 :
1282 5587 1300 5619 ‹
1343 5570 1512 5637 Atque
1534 5568 1773 5623 Prrefecti
1804 5571 2022 5634 milites,

460 5660 649 5728 inquit,
675 5658 709 5711 ii
734 5660 822 5727 qui
858 5664 1130 5717 nobiscum
1156 5661 1551 5731 peregrinantur
1574 5701 1589 5720 ,
1622 5660 1692 5713 ita
1716 5676 1815 5714 nos
1839 5662 2028 5717 ofﬁciis

459 5759 883 5821 prosequuntur,
924 5761 979 5804 ut
1020 5768 1085 5807 ne
1124 5752 1436 5807 famulorum
1462 5749 1672 5821 quidem
1699 5765 1914 5820 operam
1938 5768 2028 5807 re-

458 5841 671 5911 quirere
698 5853 796 5895 nos
818 5840 1030 5905 sinant,
1072 5856 1193 5896 cum
1222 5844 1319 5912 ipsi
1340 5842 1652 5897 famulorum
1682 5842 1860 5895 munia
1885 5858 2030 5899 exse-

461 5941 714 5999 quantur.
750 5931 959 5988 Etenim
988 5947 1084 6003 pro
1107 5948 1203 5988 suo
1236 5951 1359 6005 erga
1386 5951 1482 5991 nos
1505 5949 1685 5990 amore
1713 5933 1811 5989 hoc
1838 5949 2028 5991 munus

1632 544 1813 600 nunc
1850 544 2110 604 PRIMUM
2148 517 2604 605 Almanam."
2702 534 2717 543 "
2752 512 2805 548 ’³
2874 548 2881 555 ·

2126 670 2180 715 ct
2204 660 2501 730 jussionem
2532 662 2936 730 praeripuerunt.
2967 668 3139 729 Atque
3179 662 3375 733 ubique
3401 665 3693 722 satellitum

2122 768 2282 807 manu
2313 751 2607 819 cingimur,
2638 766 2960 821 unoquoque
2990 752 3238 809 videlicet
3278 755 3502 827 hujusce
3541 760 3700 813 mini-

2123 845 2269 897 sterii
2302 842 2516 896 nomine
2535 857 2593 896 se
2622 843 2832 897 beatum
2856 842 3199 912 praedicante.
3232 864 3251 896 ι

2198 932 2582 1001 Chrysostomus
2605 933 2885 988 Ctzsaream
2913 935 2965 988 in
2986 933 3312 1005 Cappadocia
3336 939 3484 991 venit.
3510 970 3581 980 -
3600 941 3703 994 Va-

2126 1022 2361 1077 letudine
2388 1022 2523 1077 bona
2552 1025 2828 1081 fruebatur
2851 1027 2941 1082 ille
2962 1027 3150 1098 (Epist.
3181 1028 3328 1101 19.0),
3359 1031 3573 1101 quando
3609 1032 3707 1088 Ni-

2124 1128 2231 1166 cma
2262 1115 2525 1181 profectus
2552 1125 2635 1171 est
2659 1134 2674 1181 ;
2703 1118 2796 1172 sed
2818 1134 2938 1172 cum
2966 1121 3080 1174 dies
3104 1133 3389 1193 noctesque
3411 1126 3512 1179 iter
3532 1123 3709 1182 facere

2124 1215 2438 1275 cogeretur,
2472 1209 2541 1262 ita
2569 1218 2627 1263 ut
2650 1218 2704 1264 et
2731 1219 2863 1265 aestu
2901 1226 3189 1281 oppressus
3210 1255 3226 1280 ,
3257 1226 3310 1269 et
3352 1218 3544 1287 vigiliis
3572 1235 3705 1274 con-

2124 1295 2327 1364 fectus,
2359 1308 2413 1353 et
2439 1315 2615 1354 rerum
2650 1303 3073 1357 necessariarum
3108 1308 3324 1372 penuria
3349 1322 3584 1375 pressus,
3614 1313 3708 1366 illo

2125 1400 2405 1459 pergeret,
2435 1406 2533 1445 nec
2559 1392 2811 1449 adessent
2853 1395 2941 1463 qui
2974 1406 3187 1464 possent
3220 1397 3365 1451 illum
3388 1399 3581 1468 juvare
3608 1418 3623 1465 ;
3654 1404 3705 1455 in

2124 1477 2311 1533 febrim
2355 1482 2590 1536 incidit:
2638 1493 2795 1550 atque
2843 1485 2928 1549 iis,
2974 1485 3180 1553 inquit,
3236 1490 3324 1557 qni
3376 1490 3443 1543 ad
3494 1492 3703 1546 metalla

2125 1570 2449 1627 damnantur
2471 1614 2485 1636 ,
2518 1575 2599 1627 vel
2629 1576 2719 1643 qui
2762 1575 2815 1628 in
2864 1576 3091 1630 vinculis
3140 1588 3385 1635 tenentur
3410 1622 3426 1647 ,
3456 1586 3703 1653 graviora

2126 1671 2181 1716 et
2230 1664 2493 1717 atrociora
2541 1666 2760 1733 pertulit
2784 1666 2973 1735 (Epist.
3004 1668 3114 1738 14).
3137 1672 3433 1741 Antequam
3482 1692 3608 1730 vero
3651 1680 3701 1734 iu

2125 1753 2515 1823 Cappadociam
2543 1757 2872 1825 perveniret,
2908 1758 3165 1814 liberatus
3190 1761 3288 1816 fuit
3317 1778 3344 1816 a
3367 1765 3547 1819 Calata
3574 1807 3589 1830 ,
3621 1770 3703 1821 in-

2124 1844 2272 1913 quit,
2300 1846 2388 1913 qui
2422 1854 2647 1899 mortem
2679 1847 2780 1901 sibi
2807 1848 3185 1916 minitabatur;
3214 1851 3461 1908 videlicet
3480 1870 3509 1907 a
3537 1854 3707 1909 Leon-

2128 1936 2200 1989 tio
2220 1977 2235 2001 ,
2268 1938 2494 2007 Ancyra:
2523 1937 2576 1991 in
2603 1936 2810 1993 Galatia
2852 1942 3109 2009 episcopo
3128 1984 3144 2007 ,
3174 1944 3261 2011 qui
3302 1945 3440 1999 inter
3464 1947 3707 2015 primipi-

2126 2030 2264 2083 lares
2292 2029 2660 2099 Cbrysostomi
2699 2032 2944 2088 inimicos
2984 2034 3232 2104 princeps
3264 2045 3402 2091 erat.
3430 2038 3532 2093 Sed
3574 2056 3709 2093 nunc

2126 2122 2311 2173 tiatum
2360 2121 2437 2176 illi
2488 2123 2587 2176 fuit
2632 2123 3004 2193 Pbaretrium,
3046 2126 3303 2184 Cmsareze
3355 2131 3703 2202 episc0pum,

2129 2208 2303 2275 ipsum
2333 2220 2645 2278 exspectare
2665 2252 2680 2275 ,
2708 2222 2764 2265 ut
2796 2214 2911 2282 ipse
2948 2230 3107 2271 omne
3152 2220 3388 2274 caritatis
3433 2224 3705 2290 specimen

2128 2298 2427 2354 exhiberet.
2456 2299 2549 2354 ille
2575 2315 2705 2355 vero
2755 2302 2820 2356 iis
2860 2304 3016 2359 fidem
3050 2321 3153 2359 non
3184 2307 3365 2363 habuit
3386 2352 3401 2373 ,
3433 2312 3538 2366 imo
3574 2329 3706 2369 con-

2129 2390 2289 2442 traria
2353 2390 2454 2444 sibi
2502 2402 2756 2447 eventura
2812 2396 3045 2462 putabat.
3115 2398 3458 2471 Tandemque
3522 2404 3707 2471 Caesa-

2129 2496 2276 2535 ream
2318 2482 2370 2536 in
2395 2482 2731 2553 Cappadocia
2758 2526 2773 2551 ,
2804 2488 3026 2556 perinde
3055 2498 3213 2560 atque
3253 2506 3283 2545 a
3312 2500 3626 2559 tempestate
3655 2500 3707 2553 in

2128 2573 2472 2642 tranquillum
2516 2584 2726 2644 portum
2768 2579 3030 2647 pervenit.
3058 2578 3238 2651 Neque
3257 2584 3445 2640 statim
3469 2590 3642 2656 potuit
3678 2606 3707 2641 ει

2127 2664 2288 2717 tantis
2316 2664 2471 2718 malis
2498 2667 2729 2721 recreari
2753 2684 2768 2720 :
2799 2668 2892 2723 sed
2922 2679 3097 2724 tamen
3136 2673 3370 2728 animum
3398 2679 3704 2747 resumpsit,

2126 2756 2250 2824 quia
2296 2770 2483 2825 puram
2527 2772 2718 2828 aquam
2765 2758 2936 2825 bibit,
2980 2777 3167 2830 panem
3213 2780 3318 2818 non
3368 2765 3607 2823 fmtidum
3654 2783 3708 2825 et

2125 2847 2317 2901 durum
2344 2890 2359 2914 ,
2386 2858 2445 2903 ut
2479 2858 2623 2915 ante,
2650 2852 2915 2917 comedit,
2949 2853 3155 2909 balneis
3198 2869 3473 2913 recreatus
3500 2870 3583 2913 est
3608 2903 3622 2923 ,
3654 2872 3708 2916 et

2128 2938 2181 2992 in
2211 2940 2352 2994 lecto
2400 2942 2742 2996 recumbendi
2797 2952 3114 3012 potestatem
3165 2947 3349 3002 habuit
3380 2949 3705 3021 (Epist.M).

2128 3028 2363 3099 Eratque
2392 3031 2443 3084 in
2469 3032 2588 3100 ipso
2615 3034 2859 3089 tertianae
2884 3034 3048 3091 febris
3074 3038 3285 3104 ardore,
3314 3042 3708 3112 hospitiumque

2127 3121 2311 3177 habuit
2355 3122 2410 3177 in
2456 3132 2699 3179 extremo
2744 3125 2890 3181 urbis
2918 3143 3155 3183 recessu.
3174 3130 3307 3185 Tum
3347 3148 3471 3186 vero
3518 3134 3701 3187 clerici

2125 3225 2331 3276 omnes,
2365 3213 2627 3282 populus,
2658 3216 2941 3280 monachi,
2971 3220 3275 3287 monachaa,
3306 3222 3493 3276 medici
3519 3225 3705 3279 adfue-

2126 3311 2269 3367 runt,
2296 3317 2324 3355 a
2353 3304 2546 3371 quibus
2573 3318 2826 3374 perquam
2852 3306 3092 3365 officiose
3110 3321 3363 3381 exceptus
3388 3312 3505 3379 fuit,
3532 3317 3707 3369 omni-

2125 3391 2225 3446 bus
2251 3392 2625 3450 famulantibns
2648 3405 2701 3449 et
2731 3399 3029 3452 necessaria
3060 3416 3281 3471 quaeque
3325 3403 3425 3472 ipsi
3453 3406 3705 3460 submini-

2130 3484 2446 3539 strantibus.
2475 3485 2623 3541 Tunc
2651 3496 2828 3542 autem
2858 3489 3055 3559 ingenti
3084 3491 3310 3547 ﬂamma:
3334 3496 3524 3549 ardore
3547 3497 3708 3550 dolla—

2127 3588 2315 3641 grans,
2349 3574 2403 3628 in
2434 3588 2675 3630 extremo
2702 3579 2937 3645 pericqu
2967 3582 3274 3635 versabatur
3302 3601 3315 3633 :
3343 3584 3555 3639 demunt
3579 3602 3707 3655 pau-

2125 3663 2270 3717 latim
2301 3665 2574 3720 remittere
2604 3681 2667 3720 ac
2701 3667 2877 3721 sedari
2921 3670 3140 3725 morbus
3179 3674 3358 3740 ccepit.
3400 3674 3705 3731 Pharetrius

2122 3770 2251 3809 vero
2270 3796 2283 3820 ,
2312 3757 2401 3825 qui
2432 3766 2508 3810 tot
2535 3759 2767 3813 venienti
2797 3760 3021 3815 officiosi
3046 3762 3209 3816 animi
3235 3765 3381 3833 signa
3407 3766 3521 3821 dari
3546 3782 3704 3821 cura-

2122 3857 2293 3914 verat,
2321 3864 2606 3918 numquam
2636 3853 2953 3920 comparuit,
2978 3838 3224 3908 imo'dira
3254 3856 3625 3925 meditabatur,
3648 3868 3706 3913 ut

2122 3939 2441 3994 videbimus.
2473 3940 2948 3999 Prtestantissimos
2976 3954 3151 3999 autem
3183 3947 3251 4000 ibi
3296 3948 3707 4004 celeberrimos-

2124 4047 2229 4102 que
2255 4033 2488 4088 medicos
2510 4034 2691 4089 habuit
2721 4036 2908 4106 (Epist.
2930 4036 3045 4106 12),
3066 4052 3096 4091 a
3115 4038 3303 4107 quibus
3320 4054 3427 4093 non
3451 4050 3556 4094 tam
3580 4042 3707 4097 artis

2126 4123 2377 4179 subsidiis
2400 4166 2412 4186 .
2436 4141 2594 4194 quam
2632 4127 3097 4183 commiseratione
3127 4140 3178 4183 et
3215 4130 3448 4184 amicitia
3489 4134 3708 4187 curaba-

2128 4222 2231 4267 tur.
2255 4214 2493 4281 Quorum
2521 4216 2681 4269 etiam
2730 4231 2866 4271 unus
2885 4256 2900 4281 ,
2938 4233 3044 4286 quo
3074 4219 3162 4273 ille
3204 4229 3387 4288 postea
3416 4235 3628 4291 semper
3655 4235 3709 4279 et

2125 4304 2333 4358 medico
2374 4314 2428 4359 et
2454 4306 2626 4360 amico
2671 4321 2797 4359 usus
2824 4315 2939 4370 est,
2970 4322 3150 4361 secum
3196 4310 3555 4378 profecturum
3586 4328 3706 4369 esse

2124 4395 2427 4463 spepondit,
2459 4395 2690 4464 itemque
2741 4396 2830 4449 alii
2869 4398 3170 4467 complures
3200 4414 3382 4454 eorum
3408 4401 3498 4471 qui
3536 4402 3704 4471 digni-

2127 4495 2232 4540 tate
2259 4486 2546 4554 pollebant.

2197 4578 2349 4633 Illum
2376 4579 2642 4633 visitatum
2671 4580 2816 4634 venit
2837 4579 3001 4635 frater
3028 4581 3240 4637 Maximi
3262 4583 3520 4652 episcopi,
3548 4599 3577 4638 a
3600 4600 3706 4653 quo

2127 4686 2185 4724 se
2224 4670 2473 4739 sperabat
2514 4671 2696 4725 literas
2738 4680 3079 4740 accepturum
3109 4674 3433 4742 Olympiadis
3460 4684 3512 4728 et
3543 4676 3707 4743 Tigrii

2128 4760 2445 4831 presbyteri.
2479 4761 2669 4816 Verum
2698 4761 2967 4829 respondit
3007 4762 3129 4826 ille,
3160 4777 3219 4816 se
3256 4763 3438 4817 literas
3468 4766 3708 4834 postula-

2128 4852 2287 4917 visse,
2319 4850 2412 4905 sed
2445 4850 2691 4905 abnuisse
2728 4851 2867 4906 illos.
2898 4851 3042 4906 Binis
3085 4853 3412 4923 interpositis
3451 4867 3571 4924 post
3610 4858 3710 4912 ad-

2127 4950 2341 4995 ventum
2372 4941 2513 4995 illius
2538 4940 2723 4995 diebus
2743 4940 3021 5010 epistolam
3054 4943 3198 4998 misit
3224 4944 3288 4998 ad
3313 4944 3700 5015 Olympiadem,

2126 5045 2282 5099 quam
2315 5030 2485 5098 primo
2506 5029 2574 5083 de
2601 5032 2843 5085 restituta
2865 5032 3166 5087 valetudine
3193 5050 3284 5087 sua
3312 5035 3593 5087 certiorem
3626 5035 3705 5088 fa-

2126 5125 2218 5185 cit,
2250 5120 2422 5190 deque
2447 5119 2674 5175 adventu
2702 5123 2878 5178 fratris
2899 5125 2960 5179 B.
2984 5124 3196 5177 Maximi
3226 5126 3459 5196 episcopi
3479 5169 3495 5194 ,
3521 5126 3702 5196 objur-

2126 5220 2318 5280 gatque
2340 5212 2484 5266 illam
2509 5214 2649 5282 quod
2678 5215 2852 5268 literas
2873 5214 2937 5268 ad
2967 5230 3026 5268 se
3051 5230 3154 5268 non
3188 5216 3409 5284 miserit,
3440 5230 3492 5271 et
3520 5219 3585 5273 de
3610 5220 3701 5273 Ti-

2126 5302 2243 5371 grio
2284 5317 2492 5372 quoque
2532 5304 2715 5357 eadem
2765 5304 2832 5357 de
2874 5318 3031 5357 causa
3071 5310 3431 5377 conqueritur.
3466 5310 3540 5363 De
3587 5312 3706 5364 loco

2131 5393 2304 5446 exsilii
2334 5395 2414 5447 sui
2445 5394 2695 5447 mutando
2722 5410 2789 5448 ne
2816 5396 2952 5448 ultra
2978 5410 3159 5463 curet,
3191 5410 3243 5454 et
3282 5417 3350 5453 ne
3387 5402 3518 5456 alios
3556 5404 3621 5457 ad
3657 5405 3708 5458 id

2130 5482 2501 5552 postulandum
2531 5482 2778 5537 adhibeat
2820 5485 3003 5550 edicit,
3036 5489 3317 5557 paucisque
3345 5488 3409 5543 de
3449 5492 3706 5562 Pergatnii

2129 5574 2400 5628 sororibus
2422 5614 2437 5637 ,
2469 5582 2520 5627 et
2550 5574 2617 5628 de
2641 5574 2867 5643 Cyriaco
2890 5580 3137 5646 episcopo
3166 5579 3357 5634 additis
3381 5623 3396 5647 ,
3430 5584 3703 5650 epistolam

2130 5665 2346 5720 claudit.
2374 5664 2632 5720 Ctesaretc
2672 5682 2791 5721 cum
2821 5679 3001 5732 esset,
3039 5670 3103 5721 ad
3129 5669 3458 5725 Theodoram
3498 5687 3708 5741 quoque

2132 5756 2344 5824 scripsit
2370 5753 2561 5824 (Epist.
2592 5756 2740 5829 120),
2773 5768 2826 5811 et
2869 5774 2985 5828 qua:
3023 5759 3121 5812 sibi
3171 5760 3222 5814 in
3271 5761 3353 5814 via
3408 5763 3710 5817 acciderant

2132 5846 2310 5915 paucis
2337 5844 2618 5915 patefecit:
2650 5848 2717 5904 de
2743 5851 2829 5903 illa
2854 5850 3010 5904 etiam
3039 5854 3381 5921 conqueritur
3401 5854 3565 5921 quod,
3590 5871 3708 5909 cum

2129 5939 2239 6008 jam
2268 5949 2508 6007 quartam
2535 5940 2619 5995 vel
2646 5942 2879 6011 quintam
2911 5944 3185 6013 epistolam
3216 5945 3278 5998 ad
3313 5948 3478 6015 ipsum
3506 5948 3709 6002 miserit
