4506 6698
872 528 977 586 εδ

870 647 1065 719 (Epist.
1091 646 1234 716 121),
1256 658 1410 699 unam
1436 650 1639 695 tantum
1660 638 1727 693 ab
1746 636 1832 691 illa
1852 638 2119 706 acceperit
2135 633 2442 705 (Ερὶει.12).

939 742 1196 796 Caesarea:
1232 736 1391 790 etiam
1420 734 1659 803 recipere
1702 730 1871 800 potuit
1916 729 2192 798 epistolam
2229 725 2443 789 Arabii,

871 832 966 885 viri
995 831 1093 883 sibi
1124 825 1496 891 addictissimi,
1524 825 1675 893 cujus
1711 835 1845 875 uxor
1864 818 2166 890 Olympiadi
2202 816 2367 871 amica
2394 824 2449 869 et

869 920 1151 977 familiaris
1174 928 1309 972 erat.
1338 918 1387 971 ls
1408 933 1526 970 cum
1556 922 1761 985 putaret
1786 912 1936 965 illum
1964 913 2015 963 in
2046 911 2287 964 exsilium
2310 906 2446 961 mitti

863 1016 1147 1080 Sebasteu,
1170 1012 1482 1066 obsecrabat
1514 1010 1662 1062 illum
1712 1016 1768 1060 ut
1809 1007 1861 1060 in
1882 1006 2091 1060 tedibus
2140 1006 2251 1061 suis
2287 1004 2339 1057 in
2357 1002 2445 1055 illa

863 1107 998 1160 urbe
1025 1107 1141 1160 sitis
1171 1105 1324 1157 sedes
1347 1110 1587 1171 poneret.
1616 1100 1910 1169 Respondit
1939 1100 2011 1152 illi
2033 1098 2446 1169 Chrysostomus

864 1199 1036 1252 exsilii
1066 1198 1146 1250 sui
1194 1196 1368 1249 locum
1409 1210 1513 1247 non
1558 1194 1814 1248 Sebasten
1840 1236 1854 1256 ,
1886 1192 1981 1247 sed
2022 1192 2287 1245 Cucusum
2326 1201 2445 1241 esse

865 1290 1059 1359 (Epist.
1088 1289 1233 1357 tat).

931 1380 1065 1433 Cum
1096 1394 1225 1448 ergo
1267 1378 1500 1433 Joannes
1542 1377 1785 1431 morbum
1825 1374 2022 1427 sensim
2074 1370 2353 1424 remissum
2392 1377 2448 1423 et

862 1472 1101 1526 sedatum
1145 1484 1265 1524 esse
1304 1470 1507 1522 videret
1534 1509 1547 1532 ,
1580 1467 1647 1519 dc.
1677 1466 1916 1518 discessu
1963 1462 2231 1531 cogitabat
2257 1468 2317 1513 ut
2340 1458 2446 1514 Cu-

861 1578 1050 1618 cusum
1097 1571 1330 1631 peteret,
1371 1570 1528 1629 atque
1571 1558 1639 1611 ab
1694 1555 1900 1610 itineris
1928 1554 2182 1608 :erumnis
2231 1552 2445 1607 tandem

860 1655 1180 1724 quiesceret.
1210 1651 1408 1705 Verum
1450 1650 1625 1704 subito
1665 1648 1941 1702 nuntiatur
1968 1646 2181 1701 Isauros
2211 1660 2333 1700 cum
2360 1646 2445 1699 in-

859 1758 1080 1799 numera
1107 1742 1381 1796 hominum
1430 1754 1591 1794 manu
1618 1737 2005 1793 Ctesariensem
2044 1752 2230 1807 agrum
2272 1752 2445 1805 p0pu-

860 1836 994 1901 lari,
1035 1844 1194 1904 atque
1230 1847 1479 1902 magnum
1525 1830 1791 1902 quoddam
1837 1829 2088 1899 oppidum
2147 1828 2446 1883 incendisse

858 1943 980 1983 eum
1009 1927 1206 1998 ingenti
1232 1927 1401 1981 clade.
1431 1924 1545 1992 Qua
1572 1940 1633 1979 re
1658 1922 1836 1976 audita
1878 1922 2120 1975 tribunus
2147 1934 2269 1974 cum
2299 1919 2442 1972 mili-

857 2020 1003 2074 tibus
1028 2018 1274 2072 omnibus
1301 2017 1414 2070 suis
1455 2016 1584 2069 urbe
1622 2014 1887 2068 excessit:
1919 2010 2175 2065 timebant
2200 2010 2344 2064 enim
2374 2023 2443 2063 ne

860 2110 1049 2164 urbem
1071 2122 1282 2178 quoque
1302 2106 1659 2160 adorirentur.
1692 2102 1891 2156 Omnes
1920 2101 1973 2154 in
2011 2109 2154 2154 metu
2183 2108 2239 2154 et
2279 2100 2443 2167 trepi-

858 2199 1073 2254 datione
1102 2206 1292 2260 erant,
1325 2196 1391 2249 de
1433 2196 1549 2265 ipso
1592 2207 1801 2263 quoque
1843 2192 2015 2261 patrio
2054 2192 2170 2245 solo
2217 2190 2434 2260 pericli-

859 2300 1071 2356 tantes;
1104 2288 1238 2344 adeo
1268 2296 1325 2342 ut
1352 2302 1510 2342 senes
1530 2286 1689 2341 etiam
1720 2284 1819 2354 ipsi
1848 2297 2122 2339 murorum
2143 2283 2441 2338 custodiam

860 2383 1209 2451 susciperent.

938 2473 1233 2527 Pharetrius
1258 2471 1507 2525 Joannem
1538 2488 1627 2539 per
1651 2470 1924 2523 monachos
1945 2466 2176 2523 Ctesarea
2206 2468 2325 2537 pelli
2340 2468 2443 2538 ju-

860 2566 958 2619 bet.
985 2595 1057 2604 —
1084 2564 1390 2618 Pbaretrius
1417 2577 1567 2627 vero,
1596 2562 1684 2630 qui
1716 2559 1922 2629 pridem
1952 2559 2335 2614 benevolentia:
2363 2558 2439 2611 si-

857 2672 961 2725 gna
986 2656 1174 2711 Joanni
1198 2654 1421 2709 dederat
1443 2652 1637 2723 (Epist.
1665 2654 1787 2722 l4),
1820 2666 1978 2721 quem
2018 2650 2442 2720 proﬁciscentem

859 2748 1212 2810 invitaverat,
1236 2746 1345 2815 jam
1386 2745 1533 2799 illum
1566 2745 1806 2798 Caesarea
1841 2743 2043 2811 pellere
2075 2741 2435 2804 moliebatur;

859 2839 1048 2893 mutati
1073 2846 1248 2893 autem
1274 2837 1435 2891 animi
1457 2851 1670 2891 causam
1694 2835 1855 2889 fuisse
1882 2834 2179 2904 suspicatur
2204 2833 2440 2889 Joannes

862 2930 1112 2986 invidiam
1163 2943 1344 2983 unam.
1388 2926 1523 2982 Cum
1577 2927 1779 2980 videret
1832 2940 2020 2980 omnes
2071 2925 2138 2979 ad
2183 2924 2444 2980 Joannem

862 3021 1169 3085 confluere,
1216 3020 1532 3089 optimates,
1585 3017 1903 3079 monachos,
1966 3016 2245 3086 virgines,
2306 3032 2446 3085 prmo

864 3116 1058 3179 fectos,
1110 3114 1342 3177 milites,
1395 3112 1632 3167 medicos
1689 3126 1981 3179 omnesque
2035 3114 2277 3166 certatim
2346 3112 2445 3181 ipsi

860 3205 1064 3271 ofﬁcia,
1092 3205 1405 3269 ministeria,
1430 3203 1710 3257 facultates
1735 3202 1949 3263 offerre.
1968 3211 2126 3271 atque
2158 3204 2208 3255 in
2240 3211 2445 3271 partem

862 3299 1180 3353 calamitatis
1214 3298 1429 3361 venire;
1462 3295 1577 3350 haec
1620 3309 1725 3349 non
1772 3296 1843 3349 ita
1892 3294 2123 3349 libenter
2154 3294 2318 3360 vidit,
2350 3294 2443 3349 sed

866 3390 1034 3443 livore
1059 3387 1245 3442 ductus
1271 3429 1286 3454 ,
1315 3389 1486 3457 ipsum
1513 3402 1544 3440 e
1564 3386 1758 3439 ﬁnibus
1794 3386 1905 3440 suis
1932 3386 2133 3455 pellere
2166 3385 2402 3439 decrevit
2426 3403 2443 3441 :

865 3479 933 3533 ad
955 3493 1178 3547 eamque
1201 3493 1314 3532 rem
1340 3476 1639 3531 ministerio
1661 3490 1787 3530 usus
1806 3484 1889 3531 est
1911 3476 2293 3533 monachorum
2314 3491 2447 3547 quo-

866 3570 1139 3633 rumdam,
1172 3570 1260 3639 qui
1310 3584 1376 3622 ex
1421 3578 1651 3638 regesta
1702 3568 1767 3623 ad
1820 3570 2187 3637 expeditiones
2234 3570 2439 3624 similes

864 3661 1137 3717 exercitati
1167 3658 1329 3713 fuisse
1354 3659 1698 3715 videbantur.
1728 3660 1857 3713 Cum
1899 3674 2029 3727 ergo
2071 3674 2157 3713 res
2202 3674 2267 3713 eo
2292 3700 2305 3722 ,
2336 3674 2443 3728 quo

863 3756 1115 3819 dix’tmus,
1148 3754 1200 3807 in
1228 3762 1367 3807 statu
1396 3760 1576 3807 essent
1596 3752 1822 3823 quadam
1851 3752 1936 3806 die
1966 3752 2307 3806 illucescente
2343 3766 2441 3804 au-

865 3860 1007 3910 rora,
1030 3847 1409 3899 monachorum
1442 3859 1629 3912 agmen
1656 3884 1670 3906 ,
1702 3842 1937 3905 domum,
1962 3843 2015 3895 in
2062 3858 2163 3911 qua
2211 3842 2442 3896 Joannes

865 3937 1021 3992 sedes
1074 3937 1302 3991 habebat
1344 3936 1692 4000 invaserunt,
1739 3949 1799 3989 se
1845 3950 1965 3988 eam
2016 3934 2361 3997 incensuros,
2390 3942 2445 3987 et

868 4028 1055 4082 Joanni
1088 4038 1323 4082 extrema
1372 4042 1595 4095 qumque
1648 4024 1783 4078 mala
1840 4024 2080 4077 illaturos
2126 4038 2246 4078 esse
2285 4023 2444 4077 mini-

870 4128 1041 4173 tantes
1059 4160 1075 4185 ,
1105 4117 1205 4171 nisi
1232 4117 1410 4171 statim
1431 4114 1760 4169 abscederet.
1789 4114 1894 4167 Nec
1922 4112 2223 4168 Isaurorum
2247 4122 2442 4178 metus,

868 4226 967 4265 nec
996 4210 1211 4264 morbus
1236 4224 1342 4278 quo
1373 4217 1497 4261 tunc
1524 4206 1757 4261 Joannes
1803 4206 2173 4275 premebatur,
2218 4206 2336 4260 illos
2362 4206 2444 4260 vel

868 4304 1208 4359 humaniores
1268 4301 1351 4355 vel
1414 4299 1799 4354 moderatiores
1846 4298 2119 4354 reddebat.
2175 4299 2445 4352 lnstabaut

867 4409 1041 4453 autem
1072 4397 1434 4467 urgebantque
1462 4409 1583 4449 cum
1616 4393 1796 4447 furore
1825 4400 1992 4459 tanto,
2019 4400 2078 4446 ut
2104 4392 2205 4461 ipsi
2233 4407 2444 4461 quoque

872 4486 1110 4541 l’rzetorii
1163 4485 1357 4537 milites
1392 4494 1535 4537 metu
1581 4483 1958 4536 afﬁcerentur:
1986 4497 2119 4551 quos
2156 4490 2214 4536 ut
2256 4481 2444 4549 majori

873 4577 1062 4627 timore
1084 4572 1457 4642 percellcreut,
1480 4571 1847 4638 gloriabantur
1875 4586 1932 4624 se
1952 4572 2063 4639 jam
2090 4573 2283 4626 multos
2311 4587 2445 4639 pra:-

874 4666 1039 4718 torios
1060 4664 1253 4717 milites
1280 4661 1419 4716 fmde
1448 4662 1779 4714 verberasse.

940 4754 1037 4810 Bis
1084 4754 1277 4808 auditis
1321 4752 1562 4807 Prmtorii
1604 4752 1800 4806 milites
1834 4750 1899 4804 ad
1947 4750 2205 4805 Joannem
2256 4752 2447 4805 confu-a

873 4851 1053 4915 giunt,
1087 4847 1362 4915 ipsumque
1400 4855 1585 4915 rogant
1632 4854 1685 4899 et
1732 4845 2013 4900 obsecrant
2055 4854 2131 4911 ut,
2158 4846 2362 4899 etiamsi
2394 4846 2445 4899 in

878 4940 1174 4991 Isaurorum
1202 4950 1387 4988 manus
1423 4935 1757 4989 incidendum
1783 4938 1887 4997 sit,
1921 4936 2003 4990 his
2044 4943 2221 4989 tamen
2258 4936 2447 4989 helluis

880 5030 1021 5096 ipf-‘05
1048 5027 1317 5081 liberaret.
1351 5026 1454 5080 llcs
1480 5026 1734 5080 Praefecto
1779 5027 1923 5080 urbis
1954 5027 2242 5091 nuntiatur,
2271 5027 2357 5095 qui
2391 5035 2447 5079 ut

876 5118 1065 5174 Joanni
1104 5116 1449 5186 opitularetur
1480 5118 1745 5182 occurrit,
1781 5116 2171 5186 monachosque
2201 5127 2447 5186 precatur

876 5210 1135 5264 absistaut
1164 5225 1179 5261 :
1208 5210 1300 5263 sed
1333 5208 1522 5263 frustra
1570 5222 1782 5263 cessere
1808 5217 2029 5263 conatus
2069 5210 2185 5277 ejus
2214 5226 2400 5265 omnes
2424 5228 2441 5275 ;

876 5300 945 5353 ita
974 5308 1030 5355 ut
1075 5315 1272 5370 anceps
1300 5299 1461 5354 animi
1492 5301 1723 5353 nesciret
1768 5307 1942 5352 utrum
1986 5298 2177 5352 Joanni
2216 5302 2445 5369 Optatius

879 5402 1057 5459 esset,
1087 5409 1204 5449 cum
1230 5394 1390 5448 redis
1417 5394 1654 5463 periculo
1698 5408 1764 5446 ex
1808 5392 1939 5446 urbe
1969 5392 2265 5460 proﬁcisci,
2288 5408 2446 5462 quam

882 5484 1181 5551 t'rgcntibus
1227 5485 1653 5556 pellentibusque
1700 5483 1913 5537 furiosis
1942 5482 2043 5537 illis
2074 5482 2348 5538 monachis
2392 5484 2445 5538 in

880 5574 1011 5628 urbe
1041 5591 1272 5631 manere.
1304 5576 1446 5631 Misit
1470 5578 1628 5647 igitur
1654 5576 1720 5629 ad
1752 5576 2087 5630 Pharetrium
2116 5575 2443 5645 episcopum,

878 5666 1123 5736 precibus
1147 5666 1213 5720 ab
1242 5667 1330 5720 illo
1357 5667 1681 5723 contendens
1706 5674 1765 5721 ut
1790 5665 1980 5721 Joanni
1998 5708 2011 5731 ,
2049 5675 2159 5720 tum
2200 5667 2268 5721 ob
2302 5682 2447 5720 mor-

885 5759 1003 5811 bum
1036 5772 1139 5827 quo
1166 5755 1520 5822 detinebatur,
1552 5768 1661 5811 tum
1688 5756 1758 5810 ob
1786 5758 2072 5811 imminens
2113 5757 2405 5825 periculum
2431 5798 2447 5822 ,

886 5864 1072 5914 paucos
1112 5847 1288 5902 adhuc
1322 5847 1435 5900 dies
1477 5847 1812 5901 concederet.
1868 5846 1975 5900 Nec
2016 5847 2300 5916 quidquam
2346 5848 2447 5901 im-

887 5948 1090 6005 petrare
1118 5939 1285 6007 potuit
1312 5957 1322 5988 τ
1350 5938 1456 5991 into
1478 5936 1728 6006 postridie
1758 5936 1997 5989 monachi
2023 5940 2225 5990 acriore
2249 5942 2446 6007 impetu

1960 522 2019 578 S.
2050 521 2328 578 JOANNIS
2362 520 2831 580 CIIRYSOSTOJII
2861 524 3041 593 VITA,

4017 541 4118 599 924

2553 650 2679 695 sunt
2726 641 2824 697 usi.
2884 641 3067 709 Neque
3109 646 3405 718 presbyteri
3432 649 3542 715 illi,
3568 649 3656 719 qui
3696 648 3884 706 Joanni
3931 657 4121 715 addicti

2551 743 2739 801 erant,
2767 748 2921 802 opem
2965 733 3040 786 illi
3081 735 3219 792 ferre
3256 741 3371 795 ausi
3398 750 3541 808 sunt,
3566 740 3659 795 sed
3686 755 3806 795 cum
3834 743 3946 797 bmc
3983 747 4121 801 Pha-

2553 826 2700 878 retrii
2727 826 2878 894 jussu
2910 826 3022 879 ﬁeri
3052 842 3158 880 non
3190 830 3516 899 ignorarent,
3548 847 3645 888 uec
3681 848 3801 887 cum
3847 848 3877 887 a
3921 834 4124 895 Joanne

2552 927 2973 979 accerserentur,
3004 919 3259 974 accedere
3285 924 3570 978 audebant.

2621 1006 2754 1061 Cum
2794 1010 2845 1062 in
2894 1008 2983 1062 tali
3036 1024 3211 1062 rerum
3256 1015 3560 1071 conditione
3609 1032 3717 1073 non
3765 1027 3945 1086 posset
3989 1019 4122 1073 ultra

2550 1096 2784 1155 Joannes
2813 1102 2863 1155 in
2897 1100 3025 1156 urbe
3051 1102 3345 1158 consistere
3366 1146 3382 1166 .
3408 1109 3507 1161 etsi
3547 1108 3681 1165 febri
3698 1110 4000 1172 laborabat,
4027 1112 4123 1165 etsi

2552 1189 2855 1246 lsaurorum
2884 1192 3112 1247 instabat
3130 1202 3303 1247 metus
3326 1194 3458 1249 hora
3490 1200 3604 1267 ipsa
3642 1202 3953 1267 meridiana,
3975 1217 4032 1257 se
4070 1204 4122 1256 in

2552 1282 2795 1339 lecticam
2818 1286 3106 1355 conjiciens
3136 1286 3405 1355 profectus
3432 1299 3549 1356 est,
3577 1294 3825 1349 universa
3852 1296 4002 1365 plebe
4050 1300 4123 1350 la-

2550 1387 2827 1446 crymante
2849 1420 2865 1445 ,
2904 1379 3130 1447 ejulante
3152 1419 3169 1443 ,
3196 1386 3357 1448 atque
3390 1382 3468 1434 rei
3509 1392 3778 1439 auctorem
3815 1396 4125 1442 exsecrante

2551 1481 2616 1521 ac
2656 1467 2788 1523 diris
2811 1470 3122 1525 devovente.
3157 1469 3444 1540 Postquam
3473 1482 3650 1528 autem
3679 1474 3921 1532 Caesarea
3946 1493 4124 1548 egres-

2551 1571 2646 1612 sus
2672 1560 2795 1625 fuit,
2826 1560 3038 1630 quidam
3078 1560 3259 1615 clerici
3285 1571 3584 1627 venerunt,
3612 1578 3676 1618 ac
3701 1564 3939 1635 lugentes
3978 1569 4122 1623 lento

2549 1648 2716 1717 gradu
2740 1651 2913 1719 ipsum
2940 1650 3312 1721 sequebantur.
3345 1651 3425 1706 Ex
3456 1652 3561 1707 illis
3589 1668 3717 1707 vero
3742 1655 3953 1723 quidam
3982 1657 4124 1713 diee-

2549 1742 2679 1795 bant
2709 1761 2723 1795 :
2750 1743 2993 1807 Quonam
3045 1743 3189 1797 illum
3247 1742 3315 1797 ad
3369 1754 3595 1799 mortem
3635 1744 3933 1801 addueitis?
3976 1746 4123 1803 Unus

2548 1838 2757 1895 autem,
2787 1834 2879 1902 qui
2923 1832 3180 1887 Joannem
3227 1832 3513 1888 admodum
3562 1835 3810 1901 amabat,
3849 1838 3999 1908 quasi
4045 1839 4124 1894 ira

2549 1932 2856 1988 permotus,
2891 1925 3239 1981 AbLobseero
3260 1965 3275 1988 ,
3299 1925 3468 1994 inquit
3499 1943 3513 1977 :
3542 1926 3595 1980 in
3626 1925 3833 1983 Isauros
3857 1930 4017 1984 etiam
4045 1931 4125 1984 in—

2546 2011 2685 2074 cide,
2716 2014 2877 2067 modo
2905 2029 2937 2067 a
2967 2016 3120 2070 nobis
3152 2016 3402 2071 elabaris.
3449 2015 3581 2070 Nam
3616 2032 3949 2088 quocumque
3988 2020 4125 2075 inci-

2546 2101 2711 2168 deris,
2733 2113 2848 2158 tuto
2870 2106 3093 2175 incides,
3123 2106 3411 2162 dummodo
3434 2123 3623 2163 manus
3652 2118 3860 2165 nostras
3885 2112 4123 2181 effugias.

2619 2194 2855 2249 Seleucia
2895 2207 3125 2252 matrona
3158 2200 3262 2270 pia.
3287 2197 3505 2255 —H:ec
3549 2200 3773 2256 audiens
3812 2216 3875 2255 ac
3918 2204 4126 2272 perspi-

2546 2286 2695 2342 ciens
2734 2290 2946 2359 egregia
2989 2300 3234 2347 matrona
3282 2291 3560 2358 Seleucia,
3586 2292 3764 2348 Ruﬁni
3811 2310 3976 2361 uxor,
4007 2309 4128 2366 qua:

2548 2379 2786 2437 ofﬁciose
2843 2382 3104 2441 Joannem
3157 2385 3443 2441 admodum
3492 2387 3735 2451 colebat,
3766 2388 4011 2458 precibus
4057 2388 4129 2442 ab

2550 2472 2643 2527 illo
2671 2473 3009 2544 impetravit,
3040 2486 3101 2531 ut
3124 2479 3175 2531 in
3200 2478 3364 2546 ipsius
3384 2479 3744 2534 suburbanam
3784 2481 3986 2548 villam,
4007 2495 4128 2551 quae

2547 2564 2781 2632 quinque
2822 2580 3069 2633 passuum
3117 2568 3349 2623 millibus
3377 2570 3445 2623 ab
3485 2570 3613 2624 urbe
3639 2570 3884 2636 distabat,
3913 2570 4127 2639 hospitii

2545 2666 2704 2706 causa
2734 2668 2794 2708 se
2818 2656 3118 2723 conferret,
3147 2659 3396 2729 misitque
3422 2662 3510 2729 qui
3552 2669 3792 2714 sanetum
3822 2664 3991 2716 virum
4035 2663 4129 2718 illo

2544 2743 2821 2801 ducerent.
2865 2751 2934 2801 At
2976 2764 3151 2819 neque
3199 2751 3305 2805 illic
3352 2752 3405 2805 in
3444 2767 3573 2820 pace
3614 2754 3888 2823 quiescere
3933 2755 4129 2812 licuit:

2545 2850 2671 2890 nam
2702 2852 2762 2891 re
2780 2848 3056 2907 comperta
3086 2838 3396 2894 Pharctrius
3435 2842 3628 2896 multas
3663 2844 3919 2899 Seleucia:
3955 2845 4132 2900 minas

2546 2928 2842 2983 intentavit.
2867 2930 2957 2984 llla
2978 2946 3103 2985 vero
3127 2947 3231 2985 non
3255 2933 3431 2986 minus
3452 2933 3684 3002 prudens
3709 2951 3865 3005 quam
3889 2936 4130 2991 ofﬁciosa

2548 3019 2776 3082 femina,
2803 3020 3059 3075 Joannem
3102 3022 3251 3088 adiit,
3298 3038 3361 3077 ac
3396 3023 3463 3077 de
3500 3024 3760 3080 Pharetrii
3803 3028 3961 3081 minis
3995 3028 4132 3081 nihil

2551 3109 2666 3173 ipse
2694 3109 2893 3175 retulit,
2917 3110 3011 3165 sed
3041 3111 3376 3165 Procuratori
3404 3128 3501 3166 suo
3528 3123 3693 3167 totam
3737 3131 3849 3169 rem
3879 3117 4124 3184 aperuit,

2549 3201 2755 3270 ipsique
2782 3202 3071 3265 mandavit,
3104 3212 3159 3255 ut
3186 3202 3376 3257 Joanni
3420 3219 3579 3258 omne
3624 3204 3779 3258 ofﬁcii
3819 3222 3984 3274 genus
4022 3206 4129 3258 imo

2551 3292 2805 3360 pertiret,
2839 3307 2901 3346 ac
2928 3292 2971 3346 si
2997 3293 3087 3362 qui
3113 3293 3357 3347 monachi
3388 3295 3665 3359 venirent,
3698 3305 3753 3347 ut
3794 3295 3962 3364 ipsum
3993 3310 4131 3349 cou-

2550 3383 2785 3437 tumcliis
2806 3383 3131 3437 incesserent
3154 3392 3243 3437 aut
3267 3383 3405 3438 male
3424 3383 3694 3438 aflicerent
3712 3426 3727 3449 ,
3755 3400 3819 3439 ex
3848 3384 3966 3439 aliis
3986 3384 4133 3439 villis

2549 3476 2661 3528 suis
2681 3475 2940 3545 agricolas
2971 3484 3206 3545 cogeret,
3233 3486 3393 3545 atque
3430 3476 3497 3529 ita
3537 3490 3657 3529 cum
3700 3478 3974 3530 monachis
4012 3491 4133 3530 uia-

2549 3582 2676 3620 num
2707 3575 3014 3620 consereret
3046 3585 3057 3618 :
3086 3564 3344 3620 Joannem
3375 3580 3503 3618 vero
3533 3564 3793 3635 rogabat,
3820 3566 3871 3619 in
3907 3566 4131 3620 domum

2546 3658 2704 3711 aliam
2747 3671 2898 3711 suam
2944 3670 3063 3725 qua:
3110 3671 3287 3711 arcem
3344 3655 3594 3722 habebat,
3624 3669 3721 3710 nec
3764 3655 3884 3709 ullis
3921 3656 4131 3713 viribus

2546 3748 2836 3816 expugnari
2868 3755 3103 3815 poterat,
3134 3746 3477 3816 confugeret,
3508 3755 3565 3799 ut
3597 3755 3779 3800 contra
3807 3747 4040 3817 episc0pi
4070 3756 4133 3803 et

2546 3840 2929 3893 monachorum
2976 3839 3207 3893 furorem
3254 3839 3306 3893 in
3355 3848 3468 3892 tuto
3497 3848 3684 3893 esset:
3712 3854 3894 3893 verum
3937 3839 4131 3893 abnuit

2549 3930 2803 3985 Joannes.
2845 3930 3048 3985 Interea
3098 3945 3227 3985 vero
3264 3932 3522 3985 acerrime
3570 3931 3861 3987 Seleuciam
3904 3932 4131 4000 urgebat

2550 4022 2881 4086 Pharetrius,
2909 4037 3022 4077 rem
3070 4036 3289 4092 prorsus
3336 4023 3611 4092 ignorante
3644 4022 3847 4077 Joanne
3876 4040 3888 4075 :
3913 4022 4131 4076 nolebat

2551 4114 2692 4167 enim
2718 4112 3017 4167 verecunda
3045 4113 3237 4167 mulier
3265 4113 3524 4168 Pharetrii
3549 4113 3773 4166 insultus
3799 4122 3981 4167 sancto
4009 4113 4129 4166 viro

2551 4204 2869 4273 patefacere.
2899 4206 3136 4260 Instante
3170 4206 3383 4260 demum
3413 4206 3721 4269 Pharetrio,
3748 4206 3916 4259 minas
3951 4206 4130 4260 inten-

2550 4308 2695 4354 tante
2724 4309 2881 4369 atque
2900 4310 3139 4369 cogente,
3165 4310 3223 4353 ut
3250 4300 3503 4353 Joannem
3531 4313 3594 4350 ex
3616 4298 3866 4351 suburbio
3886 4299 4127 4367 ejiceret,

2551 4390 2782 4445 hominis
2832 4392 3282 4460 importunitatem
3335 4403 3437 4441 non
3483 4388 3658 4442 ferens
3695 4388 3956 4455 Seleucia,
3988 4389 4127 4445 dixit

2551 4483 2740 4537 Joanni
2789 4482 2990 4535 instare
3033 4481 3290 4535 barbaros
3330 4495 3424 4534 seu
3462 4480 3671 4535 Isauros
3695 4522 3709 4546 ,
3745 4481 3972 4551 ideoque
4017 4484 4129 4535 alio

2554 4574 2652 4640 ipsi
2707 4573 2807 4625 iter
2859 4570 3242 4639 capessendum
3287 4585 3404 4625 esse
3445 4588 3457 4624 :
3499 4586 3564 4625 ex
3612 4573 3927 4626 verecundia
3981 4573 4128 4627 enim

2553 4662 2817 4716 Pharetrii
2848 4662 3153 4715 violentiam
3191 4662 3491 4731 exprimere
3531 4677 3635 4716 non
3680 4662 3925 4717 audebat.
3953 4662 4129 4715 Media

2553 4764 2729 4807 autem
2758 4763 2911 4808 nocte
2940 4755 3081 4808 venit
3107 4754 3359 4809 Evethius
3380 4755 3656 4825 presbyter
3678 4770 3745 4808 ex
3776 4754 4127 4809 familiaribus

2553 4844 2775 4899 Joannis
2796 4886 2811 4911 ,
2842 4860 3138 4915 magnoque
3178 4846 3412 4900 clamore
3449 4846 3581 4899 dixit
3606 4863 3617 4897 :
3647 4845 3814 4913 Surge
3834 4886 3849 4909 ,
3877 4844 4123 4910 obsecro,

2552 4935 2835 4990 adventant
2858 4937 3103 5002 barbari,
3136 4952 3233 4992 nec
3255 4937 3413 5005 longe
3441 4937 3652 4989 absunt.
3682 4936 3814 4987 Tum
3844 4936 3965 5001 quid
3992 4952 4126 4989 cou-

2551 5026 2652 5080 silii
2675 5038 2890 5096 caperet
2922 5028 3152 5081 Joauues
3182 5029 3469 5082 nesciebat.
3504 5026 3616 5079 Nox
3644 5025 3818 5078 illunis
3856 5036 3908 5079 et
3945 5028 4126 5097 ealigi-

2552 5133 2681 5173 nosa
2702 5128 2833 5183 erat,
2858 5119 2912 5171 in
2936 5119 3117 5172 urbem
3144 5136 3201 5173 se
3231 5120 3464 5187 recipere
3486 5133 3589 5169 nou
3614 5126 3836 5182 poterat,
3857 5132 3954 5171 nec
3974 5122 4125 5189 quis-

2552 5225 2707 5279 quam
2759 5218 2953 5277 prazsto
3005 5218 3121 5263 erat
3166 5212 3255 5279 qui
3310 5223 3462 5277 «pem
3508 5207 3707 5260 ferret:
3750 5218 3888 5261 metu
3947 5218 4123 5267 tamen

2547 5300 2878 5369 compulsus,
2922 5303 3175 5356 mrumnis
3226 5300 3495 5355 confectus
3533 5308 3585 5354 et
3608 5300 3716 5367 jam
3764 5310 3987 5357 mortem
4030 5320 4125 5359 ex-

2552 5402 2798 5461 spectans
2825 5436 2839 5459 ,
2870 5395 3119 5449 surrexit.
3150 5394 3218 5449 Ut
3245 5402 3421 5446 autem
3454 5393 3555 5445 iter
3582 5391 3842 5447 conﬁcere
3883 5411 4118 5465 possent,

2555 5483 2611 5538 in
2638 5484 2873 5537 lecticam
2901 5485 3176 5547 ascendit,
3211 5498 3274 5538 ac
3318 5482 3461 5537 faces
3505 5483 3764 5537 accendit.
3797 5485 3987 5543 Verum
4024 5490 4121 5544 has

2554 5573 2808 5629 Evethius
2832 5578 3005 5631 socius
3031 5575 3298 5643 exstingui
3325 5574 3547 5638 curavit,
3578 5590 3643 5629 ue
3665 5574 3895 5647 barbari,
3919 5582 4119 5650 inquie-

2554 5663 2661 5725 bat,
2705 5667 2833 5721 lucis
2879 5668 3161 5736 Splendore
3190 5665 3347 5718 exciti
3384 5665 3434 5717 iu
3469 5679 3566 5719 nos
3605 5665 3858 5737 impetum
3904 5670 4115 5727 faciant.

2623 5758 2961 5829 Clirgsostomi
3018 5771 3258 5811 (erumna:
3312 5757 3365 5809 in
3403 5758 3500 5809 via.
3528 5789 3595 5801 —-
3620 5760 3905 5816 Exstinclis
3943 5763 4117 5828 itaque

2553 5849 2773 5913 facibus,
2794 5866 2859 5905 ex
2886 5849 3044 5903 mulis
3072 5862 3206 5901 unus
3232 5848 3319 5916 qui
3349 5848 3587 5904 lecticam
3616 5854 3854 5921 gestabat
3876 5854 3925 5905 in
3952 5848 4111 5903 ardua

2554 5952 2604 5995 et
2649 5954 2862 6012 petr0>a
2892 5940 2974 5993 via
3014 5938 3064 5991 in
3105 5953 3244 6009 genu
3288 5938 3495 6008 lapsus,
3529 5941 3786 5998 Joannem
3836 5943 3886 5996 in
3931 5939 4111 5994 lectica
