4506 6700
413 528 516 560 ..ι-ξ

416 552 518 582 ἳὶε)

424 644 691 700 inclusum
714 643 858 699 humi
889 641 1177 715 prostravit
1202 682 1215 703 ,
1244 650 1539 708 parumque
1560 636 1726 691 abfuit
1755 636 1881 707 quin
1910 635 2000 690 ille

422 736 690 793 interiret.
719 738 951 807 Surgens
978 733 1171 789 deinde
1197 731 1406 784 tractim
1432 729 1653 799 pedibus
1699 729 1996 793 incedebat,

418 830 682 898 Evethio,
734 833 825 903 qui
882 845 949 883 ex
997 840 1134 895 equo
1184 823 1481 889 desilierat,
1530 823 1776 878 manibus
1824 823 2001 889 ipsum

416 931 783 979 sustentante:
814 920 897 974 vix
936 917 1080 973 enim
1109 915 1218 980 ille,
1246 930 1311 970 ac
1344 930 1411 970 ne
1439 915 1527 969 vix
1552 915 1788 986 quidem,
1813 913 1865 966 in
1891 920 2000 964 tam

421 1031 606 1086 aspera
644 1014 902 1069 montium
940 1009 1027 1063 via
1075 1008 1179 1063 iter
1226 1023 1405 1079 agere,
1434 1009 1537 1063 nisi
1581 1012 1908 1063 sustentatus
1947 1009 2003 1055 et

418 1106 576 1171 quasi
599 1113 821 1163 tractus,
854 1109 1085 1169 poterat.
1115 1099 1317 1156 Praiter
1347 1101 1447 1156 has
1470 1110 1647 1155 autem
1675 1095 2002 1152 calamitates

418 1193 654 1249 instabat
682 1188 847 1243 febris
871 1228 887 1251 ,
922 1188 1063 1243 haud
1093 1189 1257 1245 dubie
1302 1200 1455 1246 aucta
1498 1188 1731 1245 motibus
1764 1186 2003 1241 casibus-

416 1300 562 1355 que;
592 1282 815 1350 urgebat
844 1281 1006 1336 etiam
1034 1282 1381 1339 barbarorum
1410 1292 1583 1337 metus
1612 1297 1625 1334 :
1654 1295 1776 1335 nam
1807 1287 2002 1333 cmtera

416 1373 619 1438 omnia,
646 1388 765 1441 qua:
813 1381 1086 1441 postremo
1128 1374 1440 1429 Pharetrius
1476 1379 1662 1426 contra
1705 1368 2003 1425 Seleuciam

318 1451 323 1455 ’
414 1464 804 1531 designaverat,
842 1466 1119 1535 ignorabat
1143 1467 1251 1520 ille.

486 1553 690 1608 Similia
718 1556 879 1610 multa
905 1557 1085 1627 gravia
1113 1564 1317 1609 tantum
1345 1552 1553 1607 itineris
1594 1564 1757 1622 agens
1788 1564 2006 1621 perpes-

414 1660 509 1701 sus
547 1658 664 1711 est,
698 1664 819 1718 qua:
858 1646 1159 1719 Olympiadi
1202 1660 1307 1699 non
1354 1644 1630 1714 speciatim
1652 1683 1667 1709 ,
1696 1650 1753 1697 ut
1783 1642 1959 1712 priora
1986 1680 2002 1707 ,

414 1738 582 1794 refert
609 1755 624 1792 :
649 1750 904 1795 caeterum
930 1740 1181 1793 obsecrat
1225 1737 1391 1803 illam,
1421 1747 1479 1792 ut
1504 1753 1567 1793 ea
1594 1751 1713 1807 qua:
1755 1733 2004 1804 superius

415 1840 709 1885 memorata
740 1840 864 1884 sunt
889 1830 1087 1885 nemini
1125 1830 1395 1894 enuntiet,
1422 1828 1518 1884 sed
1546 1827 1687 1898 apud
1709 1842 1769 1883 se
1799 1834 2000 1880 tantum

415 1922 707 1976 contineat.
737 1920 906 1975 Tanta
933 1935 1063 1976 vero
1091 1929 1208 1976 erat
1238 1918 1604 1991 Cbrysostomi
1651 1918 1788 1973 fama
1809 1958 1825 1984 ,
1856 1925 2001 1971 tanta

415 2011 485 2066 de
508 2011 701 2066 exsilio
726 2022 782 2066 et
818 2013 1071 2067 arumnis
1116 2012 1216 2082 ipsi
1270 2012 1468 2081 injuste
1509 2010 1670 2065 illatis
1712 2007 1999 2063 commise-

417 2105 555 2160 ratio
575 2145 590 2170 ,
622 2114 679 2158 ut
706 2104 900 2175 ubique
928 2113 1105 2160 castus
1144 2102 1422 2157 hominum
1451 2102 1684 2171 cujusvis
1726 2099 2001 2169 dignitatis

416 2195 472 2249 in
500 2210 780 2250 occursum
805 2196 923 2266 ejus
947 2195 1274 2251 venientium
1314 2193 1559 2247 vidisses.
1590 2192 1690 2247 Ubi
1720 2201 1897 2245 autem
1944 2191 1999 2245 in

413 2284 807 2354 Cappadociam
836 2292 892 2337 et
907 2282 959 2336 in
989 2281 1415 2345 Taurociliciam,
1438 2290 1497 2335 ut
1513 2288 1668 2336 vocat
1692 2280 1809 2348 ipse
1835 2276 1921 2338 (Τ.
1942 2280 1997 2333 5.

414 2393 462 2429 c.
490 2375 615 2431 685.
640 2375 679 2429 l.
705 2372 821 2444 26),
852 2374 1118 2443 pervenit,
1148 2389 1343 2444 magno
1372 2374 1588 2443 agmine
1615 2372 1787 2425 sancti
1820 2379 2001 2439 patres

419 2471 477 2515 et
522 2463 769 2517 monachi
788 2502 803 2527 ,
834 2462 1171 2532 virginesque
1193 2463 1405 2517 obviam
1434 2460 1537 2530 ipsi
1563 2459 1812 2530 prodiere
1831 2501 1847 2527 ,
1876 2458 2002 2514 inﬁ-

416 2555 581 2610 uitam
612 2554 972 2626 lacrymarum
1001 2555 1110 2611 vim
1149 2552 1553 2625 profundentes.
1581 2551 1824 2622 Cumque
1852 2552 1999 2607 illum

415 2646 470 2700 in
496 2647 752 2701 exsilium
784 2656 1001 2701 euntem
1029 2655 1334 2712 cernerent,
1386 2645 1440 2699 in
1489 2642 1646 2698 fletus
1687 2657 2001 2713 prorumpe-

413 2738 566 2801 bant,
588 2738 671 2793 his
692 2747 878 2793 mutuo
904 2737 1085 2793 verbis
1118 2746 1329 2793 utentes
1363 2754 1378 2791 :
1404 2734 1585 2790 Satius
1615 2734 1802 2791 fuisset
1826 2736 1996 2792 solem

413 2827 596 2883 radios
625 2842 755 2893 suos
782 2828 1104 2885 contrahere
1126 2870 1141 2895 ,
1172 2844 1331 2900 quam
1370 2827 1596 2883 Joannis
1625 2842 1687 2882 os
1707 2827 1995 2883 conticere.

414 2920 732 2991 Hujusmodi
754 2937 886 2978 vero
914 2922 1216 2992 spectacula
1243 2922 1413 2991 magis
1440 2922 1612 2991 ipsum
1636 2921 1918 2976 turbabant
1943 2931 1999 2977 et

411 3014 745 3081 cruciabam,
778 3030 937 3085 quam
964 3016 1095 3084 ipsze
1120 3030 1375 3070 atrumnte
1400 3024 1456 3071 et
1480 3016 1831 3083 calamitates,
1861 3030 1996 3085 quas

410 3105 676 3159 constanti
714 3119 929 3174 semper
967 3106 1148 3160 animo
1185 3106 1423 3176 pertulit.
1450 3106 1687 3163 Tandem
1716 3122 1845 3163 vero
1883 3106 1996 3161 Cu-

409 3209 631 3257 cusum.
675 3195 855 3250 exsilii
911 3197 1089 3251 locum
1111 3238 1125 3262 ,
1159 3197 1396 3252 advenit.
1427 3198 1553 3252 Erat
1584 3214 1714 3253 vero
1751 3198 1995 3253 Cucusus

408 3300 634 3356 parvum
678 3297 841 3358 atque
884 3288 1306 3344 desertissimum
1334 3290 1611 3359 oppidum,
1635 3299 1691 3343 ut
1720 3303 1862 3360 saepe
1888 3305 1993 3345 saa-

407 3377 529 3447 pius
564 3378 731 3434 refert
768 3380 883 3450 ipse
906 3380 1321 3453 Cbrysostomus
1346 3421 1361 3445 ,
1391 3382 1444 3434 in
1493 3382 1749 3437 Armenia
1795 3381 1992 3436 minori

406 3470 569 3523 situm
598 3486 613 3523 :
642 3469 857 3539 quidam
902 3486 1033 3526 vero
1070 3472 1122 3525 in
1162 3470 1533 3542 Cappadocia,
1575 3474 1663 3527 alii
1712 3474 1764 3527 in
1808 3472 1991 3529 Cilicia

407 3561 617 3626 locant,
650 3565 900 3634 quoniam
945 3566 998 3619 in
1027 3564 1215 3620 harum
1242 3567 1522 3636 regionum
1551 3567 1801 3622 confiniis
1829 3569 1989 3622 situm

405 3663 542 3707 erat.
566 3652 696 3707 Tam
722 3654 993 3710 desertum
1019 3666 1200 3711 autem
1227 3657 1538 3728 oppidulum
1560 3668 1697 3727 erat,
1731 3668 1788 3713 ut
1815 3673 1989 3728 neque

404 3744 579 3801 forum
610 3748 877 3803 venalium
908 3748 1150 3804 haberet.

474 3838 698 3907 Quidam
739 3855 900 3911 porro
937 3841 1019 3894 vir
1054 3855 1121 3896 ex
1164 3840 1429 3910 primariis
1465 3840 1666 3911 oppidi,
1698 3841 1987 3896 Dioscorus

402 3933 641 3997 nomine,
669 3932 759 4003 qui
788 3932 1047 3988 Joannem
1077 3941 1316 3989 nostrum
1342 3933 1584 4003 apprime
1611 3934 1983 4000 venerabatur,

402 4023 491 4078 ubi
518 4024 717 4078 audivit
745 4022 895 4077 illum
923 4021 1188 4079 Cucusum
1219 4024 1356 4077 mitti
1392 4024 1447 4077 in
1476 4024 1743 4091 exsilium,
1770 4034 1825 4079 et
1851 4025 1989 4081 istnc

400 4123 708 4185 pergentem
731 4130 909 4169 moras
937 4113 1191 4185 quasdam
1230 4114 1488 4170 Caesarea:
1516 4114 1726 4180 facere,
1759 4116 1848 4169 illo
1888 4116 1991 4170 mi-

398 4210 471 4263 sit
510 4218 749 4277 rogatum
788 4218 841 4262 et
883 4208 1248 4275 obsecratum,
1279 4223 1347 4262 ne
1382 4207 1616 4263 Joannes
1656 4210 1836 4263 domui
1873 4225 1986 4264 sua:

401 4292 627 4347 alteram
654 4290 970 4347 anteferret.
1019 4292 1126 4345 Alii
1175 4306 1389 4362 quoque
1436 4291 1669 4363 idipsum
1701 4293 1981 4350 fecerant:

401 4397 589 4436 verum
621 4382 860 4436 Dioscori
886 4383 1104 4437 domum
1131 4383 1252 4439 aliis
1298 4384 1682 4454 prseferendam
1711 4400 1831 4439 esse
1857 4400 1987 4441 cen-

400 4473 509 4529 suit
532 4473 970 4542 Cltrysostomus,
994 4484 1155 4544 atque
1171 4476 1313 4545 apud
1348 4477 1493 4531 illum
1516 4476 1671 4532 sedes
1690 4477 1867 4546 posuit
1890 4476 1980 4550 (Τ.

395 4568 453 4621 5.
476 4583 520 4618 c.
538 4566 663 4620 6l2.
682 4566 721 4618 ι.
740 4566 856 4627 47).
875 4566 1045 4620 Tanta
1064 4584 1191 4621 vero
1207 4570 1449 4637 largitate
1464 4586 1526 4623 ac
1544 4570 1861 4626 liberalitate
1876 4582 1985 4628 ute-

394 4659 557 4713 batur
594 4658 900 4724 Dioscorus,
933 4666 992 4711 ut
1028 4673 1091 4712 ea
1134 4659 1201 4714 de
1241 4676 1399 4715 causa
1438 4672 1695 4735 perpetuo
1731 4678 1853 4719 cum
1893 4665 1984 4719 illo

394 4758 619 4805 sanctus
658 4758 841 4803 noster
877 4748 1259 4817 expostularet.
1299 4750 1369 4805 Ut
1398 4768 1526 4807 vero
1567 4756 1725 4809 latius
1753 4757 1982 4826 Spatium

395 4842 787 4914 Cbrysostomo
832 4842 1159 4911 relinqueret
1200 4857 1264 4897 ex
1307 4844 1512 4899 aedibus
1550 4849 1663 4901 suis
1707 4850 1759 4901 in
1802 4850 1979 4903 villam

398 4937 645 5005 migravit
702 4954 715 4990 :
767 4941 893 5005 quin
937 4935 1095 4989 etiam
1138 4933 1353 4987 domum
1398 4936 1495 5003 ipsi
1540 4937 1605 4989 ad
1652 4940 1980 4995 tolerandam

397 5027 629 5083 hiemem
672 5028 917 5083 idoneam
945 5027 1243 5081 construxit
1270 5044 1281 5079 :
1312 5037 1471 5097 atque
1504 5027 1573 5082 ita
1604 5044 1851 5099 magnum
1883 5034 1979 5090 be-

397 5121 646 5174 neficium
676 5136 868 5189 magno
888 5120 1102 5175 cumulo
1129 5120 1292 5172 auxit.

497 5212 882 5282 Chrysostomus
925 5213 1172 5267 Cucusum
1212 5212 1373 5265 exsilii
1414 5212 1577 5266 locum
1627 5217 1869 5282 pervenit.
1908 5247 1981 5257 -—

399 5305 529 5359 Cum
557 5306 824 5362 Cucusum
846 5309 1079 5375 advenit,
1112 5307 1423 5377 gravissimo
1450 5307 1715 5362 laborarat
1743 5310 1931 5363 morbo
1962 5329 1975 5365 :

397 5412 426 5449 a
461 5395 647 5449 diebus
689 5400 827 5453 enim
861 5401 980 5469 plus
1019 5415 1176 5470 quam
1209 5398 1417 5467 triginta
1447 5398 1816 5456 ardentissima
1846 5401 1980 5457 febri

399 5487 755 5555 cruciabatur,
774 5492 994 5562 aliisque
1011 5490 1267 5548 stomachi
1289 5488 1684 5545 infirmitatibus
1704 5494 1976 5549 maximis:

399 5596 518 5650 quae
547 5579 681 5632 mala
706 5580 843 5635 haud
868 5584 1025 5639 dubie
1059 5584 1186 5638 tanti
1215 5582 1415 5637 itineris
1451 5584 1728 5649 molestiae,
1755 5586 1981 5656 aliaeque

398 5689 565 5740 cura),
597 5673 999 5743 sollicitudines,
1033 5679 1332 5732 Isaurorum
1364 5685 1555 5740 metus.
1584 5685 1743 5745 atque
1774 5679 1981 5732 incom-
2034 5746 2035 5749 η

2026 5766 2029 5769 ’
2086 5767 2260 5822 media
2282 5766 2567 5821 distantem
2595 5765 2877 5834 impetrare
2897 5773 3137 5835 possent,
3167 5781 3355 5820 manus
3383 5766 3469 5818 illa
3492 5765 3663 5821 daret.

399 5767 558 5825 moda
580 5766 722 5819 varia
746 5779 1081 5836 pepererant.
1111 5770 1393 5839 Postquam
1419 5783 1547 5822 vero
1572 5767 1835 5822 Cucusum
1860 5783 1982 5836 per-

401 5865 572 5923 venit,
602 5860 689 5915 ubi
718 5875 838 5915 cum
865 5867 1009 5913 tanta
1037 5860 1365 5917 humanitate
1390 5870 1642 5932 exceptus
1670 5860 1764 5913 fttit
1784 5899 1797 5923 ,
1831 5860 1980 5914 brevi

396 5953 647 6009 morbum
675 5967 886 6011 omnem
917 5951 1181 6022 deposuit,
1216 5955 1285 6008 ita
1316 5963 1373 6010 ut
1402 5955 1560 6010 etiam
1597 5954 1799 6023 integra
1826 5952 1973 6007 vale-

1588 521 1768 608 tvutvc
1807 518 2068 577 PRIMUM
2107 517 2508 575 sponsam.
3590 531 3691 587 {es

2115 631 2298 687 tudine
2326 632 2609 689 frueretur.
2640 634 2756 691 Non
2795 636 2952 692 modo
2991 648 3169 696 autem
3203 636 3509 706 Dioscorus.
3553 652 3693 718 apud

2109 739 2266 793 quem
2295 725 2685 793 diversabatur,
2725 727 2953 784 ubertim
2996 733 3069 786 illi
3109 737 3285 789 omnia
3317 738 3691 796 subministra-

2108 815 2221 884 bat,
2264 820 2355 874 sed
2394 822 2553 876 etiam
2601 823 2841 894 plerique
2882 823 2969 877 alii
3008 840 3379 894 procuratores
3417 841 3473 887 et
3514 848 3692 889 rerum

2109 908 2594 979 administratores,
2632 914 2777 969 heris
2820 913 2872 969 id
2915 930 3011 985 per
3058 916 3238 971 literas
3283 920 3691 990 imperantibus,

2109 999 2338 1055 subinde
2358 1002 2506 1057 illum
2528 1003 2742 1059 adibant
2762 1006 2827 1060 ad
2849 1007 3021 1062 officia
3046 1009 3249 1079 qurevis
3279 1015 3577 1080 przestanda
3603 1033 3695 1085 pa-

2110 1094 2212 1146 rati
2240 1108 2254 1144 :
2286 1091 2428 1160 quod
2454 1093 2744 1147 amicorum
2781 1097 3073 1152 subsidium
3103 1116 3289 1156 omnes
3318 1118 3453 1173 pene
3491 1105 3694 1160 abstero

2107 1184 2266 1256 gebat
2292 1184 2464 1240 exsilii
2492 1186 2782 1242 molestias.

2178 1275 2416 1331 Cucusus
2444 1276 2543 1331 etsi
2569 1291 2672 1332 non
2694 1278 2926 1348 amplum
2949 1280 3203 1350 oppidum
3225 1295 3361 1353 erat,
3383 1289 3692 1359 episcopum

2110 1372 2287 1420 tamen
2325 1365 2575 1434 habebat,
2608 1368 2697 1438 qui
2722 1368 3162 1441 Chrysostomuut
3200 1390 3321 1429 cum
3361 1381 3504 1434 omni
3545 1382 3695 1437 beni-

2108 1456 2310 1525 gnitate
2333 1460 2561 1528 excepit,
2592 1475 2768 1529 exque
2800 1463 2931 1515 tanti
2960 1464 3058 1516 viri
3098 1466 3497 1524 existimatione
3522 1482 3572 1525 et
3614 1490 3697 1527 re-

2110 1549 2345 1603 verentia
2374 1564 2440 1602 eo
2462 1564 2630 1618 usque
2653 1551 2936 1618 processit,
2952 1562 3010 1607 ut
3034 1555 3389 1627 episcopalem
3416 1561 3489 1615 illi
3512 1564 3694 1617 sedem

2110 1639 2303 1693 cedere
2334 1639 2582 1694 voluerit.
2614 1640 2811 1697 Verum
2842 1641 3253 1717 Chrysostomus
3283 1666 3324 1724 .a
3354 1653 3442 1707 tali
3472 1670 3695 1710 munere

2110 1729 2451 1799 suscipiendo
2507 1732 2662 1801 longe
2714 1734 2918 1791 aberat.
2976 1737 3178 1794 Eodem
3229 1739 3346 1810 ipso
3407 1744 3534 1808 dic,
3588 1764 3694 1815 quo

2110 1830 2325 1875 sanctus
2390 1821 2470 1875 vir
2527 1820 2791 1878 Cucusum
2852 1825 3108 1893 advenit,
3164 1830 3333 1886 adfuit
3388 1833 3487 1903 ipsi
3538 1836 3695 1889 Sabi-

2109 1914 2265 1968 niana
2291 1914 2591 1970 diaconissa
2613 1958 2627 1981 ,
2666 1927 2942 1974 senectute
2978 1922 3189 1990 quidem
3227 1936 3280 1979 et
3314 1929 3567 1983 aerumnis
3600 1946 3695 1998 pe-

2108 2022 2174 2060 ne
2210 2006 2417 2072 obruta,
2460 2007 2555 2062 sed
2615 2018 2757 2063 tanta
2815 2012 2979 2065 animi
3019 2012 3291 2070 alacritate
3318 2058 3331 2080 ,
3372 2028 3517 2073 tanto
3565 2038 3691 2093 erga

2106 2096 2549 2169 Chrysostomum
2582 2099 2773 2155 affectu
2816 2104 3036 2171 praadita
3058 2146 3072 2170 ,
3102 2114 3161 2159 ut
3195 2120 3255 2162 se
3300 2118 3534 2178 paratam
3574 2128 3694 2169 esse

2105 2185 2309 2241 diceret
2351 2189 2511 2242 etiam
2548 2190 2601 2243 in
2637 2190 2905 2261 Scythiam
2952 2196 3217 2264 proficisci
3263 2217 3276 2253 :
3321 2216 3507 2255 rumor
3550 2203 3693 2258 enim

2107 2285 2223 2332 erat
2251 2278 2691 2349 Chrysostomum
2722 2283 2811 2336 illo
2840 2287 3229 2344 amandandum
3266 2307 3406 2347 esse.
3442 2294 3530 2348 Illa
3568 2312 3695 2351 vero

2107 2369 2345 2438 cognatis
2370 2372 2617 2427 omnibus
2640 2374 2857 2441 relictis,
2878 2376 3048 2446 ipsum
3073 2380 3264 2451 ubique
3285 2385 3433 2454 sequi
3461 2385 3695 2441 destina-

2106 2469 2257 2514 verat
2277 2478 2289 2514 :
2307 2470 2631 2533 quapropter
2644 2464 2711 2519 ab
2726 2466 2973 2522 omnibus
2987 2468 3239 2526 Ecclesia:
3260 2474 3487 2530 alumnis
3505 2492 3694 2546 magno

2105 2565 2227 2605 cum
2262 2551 2455 2607 affectu
2483 2554 2867 2624 excipiebatur.
2910 2557 3066 2613 Putat
3104 2570 3283 2616 autem
3326 2563 3695 2622 Tillemontius

2103 2656 2221 2697 eam
2258 2643 2425 2714 ipsam
2457 2645 2800 2703 Sabinianam
2830 2664 2951 2706 esse
2976 2650 3219 2709 fortassis
3239 2696 3254 2721 ,
3287 2671 3447 2725 quam
3475 2659 3690 2713 amitam

2103 2733 2472 2809 Cbrysostomi
2501 2738 2666 2798 fuisse
2697 2750 2881 2798 narrat
2907 2743 3177 2801 Palladius
3202 2747 3254 2802 in
3299 2747 3521 2805 historia
3551 2750 3662 2807 Lau

2101 2823 2270 2892 siacs«(
2286 2821 2345 2873 Τ.
2367 2824 2419 2879 5.
2440 2827 2538 2879 col.
2563 2828 2685 2882 611.
2714 2824 2751 2880 Ι.
2779 2825 2847 2881 59
2866 2837 2911 2881 et
2930 2831 3063 2898 sqq.)

2172 2917 2494 2973 Constantius
2530 2922 2785 2993 presbyter
2830 2923 3244 2996 Cltrysostomum
3281 2932 3408 2984 adit.
3436 2962 3508 2972 --
3544 2932 3681 2988 ϐοηι

2094 3013 2332 3065 stantius
2358 3025 2487 3065 vero
2516 3014 2816 3084 presbyter,
2847 3018 2935 3087 qui
2966 3018 3334 3091 Chrysostomi
3365 3024 3560 3095 ubique
3598 3043 3680 3083 se-

2073 3099 2297 3170 quendi
2334 3102 2624 3172 cupiditate
2665 3104 2945 3176 ﬂagrabat,
2981 3110 3093 3179 jam
3137 3112 3206 3167 ab
3248 3114 3335 3170 illo
3384 3116 3686 3175 facultatem

2103 3207 2197 3263 per
2231 3194 2412 3251 literas
2455 3198 2685 3267 petierat
2722 3199 2984 3256 Cucusum
3030 3206 3297 3271 veniendi,
3343 3220 3397 3263 ut
3438 3211 3582 3267 illum
3614 3214 3686 3269 ibi

2099 3294 2454 3375 exspectaret,
2477 3296 2531 3341 et
2564 3290 2714 3344 lateri
2750 3291 2865 3361 ejus
2890 3308 3104 3364 semper
3135 3297 3382 3354 lim-reret.
3415 3302 3522 3356 Sed
3562 3314 3689 3375 post

2096 3374 2463 3446 Cbrysostomi
2490 3379 2775 3435 adventum
2797 3382 3061 3439 Cucusum
3089 3402 3155 3441 co
3182 3403 3240 3443 se
3270 3374 3683 3466 contulissepu-

2098 3475 2260 3521 tatur.
2290 3468 2478 3523 Omnia
2507 3480 2654 3526 certe
2684 3471 2749 3527 ad
2779 3484 2967 3529 nutum
2998 3476 3097 3545 ipsi
3129 3481 3522 3551 succedebant,
3556 3502 3677 3543 cum

2095 3572 2282 3613 omnes
2302 3558 2355 3614 in
2380 3568 2488 3615 tota
2516 3562 2713 3616 circum
2745 3564 2962 3634 regione
2981 3567 3167 3621 solatia
3192 3570 3405 3638 atl‘erre,
3430 3584 3483 3627 ct
3507 3574 3682 3630 officia

2093 3649 2403 3719 impendere
2446 3662 2715 3707 curarent.
2765 3654 3102 3726 QuaprOptcr
3137 3662 3323 3716 amicis
3362 3665 3679 3733 quibusdam

2093 3739 2284 3809 (Epist.
2306 3739 2428 3812 146)
2458 3756 2519 3797 ea
2543 3742 2609 3797 de
2635 3760 2693 3798 re
2718 3744 2797 3801 sic
2816 3746 3129 3817 loquebatur
3153 3768 3167 3803 :
3197 3749 3264 3805 Ut
3291 3770 3457 3807 rerum
3484 3769 3682 3811 nostra-

2090 3849 2205 3886 rum
2238 3843 2375 3888 statu
2416 3836 2615 3905 cognito
2658 3836 2924 3906 (artemini,
2966 3840 3158 3911 ingenti
3198 3845 3360 3913 quiete
3395 3858 3543 3916 atque
3582 3851 3682 3904 otio

2092 3925 2311 3995 fruintur
2338 3943 2360 3979 .·
2386 3942 2665 3997 corpusque
2689 3937 2935 3996 nostrum,
2964 3934 3057 3985 etsi
3092 3934 3251 3987 multa
3283 3946 3398 3989 sunt
3431 3954 3544 4007 qua!
3569 3940 3680 4009 ejus

2090 4018 2428 4073 valetudinem
2448 4020 2773 4090 labefactent,
2796 4024 2918 4077 satis
2935 4026 3193 4079 commode
3212 4044 3265 4081 se
3290 4027 3455 4082 liabet.
3478 4029 3679 4084 Etiam-

2092 4112 2136 4164 si
2175 4113 2307 4165 enim
2344 4113 2473 4166 nihil
2513 4114 2717 4181 venale,
2768 4124 2815 4168 et
2852 4116 3213 4172 medicamenta
3241 4120 3384 4174 nulla
3429 4122 3510 4175 hic
3531 4124 3644 4177 sint
3662 4142 3680 4187 ,‘

2091 4205 2287 4258 etiamsi
2318 4205 2431 4259 caeli
2467 4206 2784 4275 intemperies
2812 4217 3037 4262 wstatem
3066 4226 3165 4263 non
3190 4211 3355 4265 minus
3391 4230 3542 4283 quant
3570 4215 3669 4268 Ilie-

2089 4310 2219 4347 mem
2247 4295 2506 4347 molestam
2536 4296 2767 4359 reddant,
2793 4297 2905 4349 licet
2930 4300 3096 4366 gravis
3126 4309 3172 4352 et
3196 4310 3436 4369 perpetua
3461 4303 3669 4360 obsidio.

2089 4387 2371 4455 frequentes
2414 4403 2593 4455 nempe
2625 4385 2922 4440 Isaurorum
2960 4389 3289 4453 incursiones,
3323 4404 3509 4445 metum
3548 4396 3668 4464 infcv

2087 4486 2222 4543 rant,
2263 4477 2462 4547 aliaque
2499 4478 2673 4546 gravia
2713 4477 2967 4541 accidant,
3005 4496 3138 4532 nunc
3174 4490 3341 4535 tamen
3376 4498 3410 4535 a
3445 4484 3671 4553 graviore.

2088 4571 2313 4639 periculo
2342 4582 2491 4638 atque
2508 4586 2540 4622 a
2564 4569 2735 4623 morbo
2761 4570 2954 4623 liberati
2982 4588 3177 4626 sumus.

2158 4660 2418 4733 Epistolas
2448 4662 2633 4715 multas
2661 4661 2830 4715 scribit
2861 4662 3248 4733 Cltrysostomus
3266 4705 3278 4725 ,
3307 4675 3355 4718 et
3382 4668 3566 4720 multas
3595 4685 3648 4721 re

2088 4756 2307 4824 cipit.—
2324 4754 2379 4809 In
2409 4754 2636 4824 epistola
2660 4769 2788 4809 vero
2808 4754 3011 4809 decima
3037 4756 3187 4808 tertia
3214 4756 3278 4809 ad
3301 4756 3673 4827 Olympiadem

2087 4846 2162 4900 ait
2192 4846 2278 4900 ille
2310 4861 2390 4910 se,
2422 4845 2581 4899 biduo
2614 4853 2887 4913 postquam
2915 4843 3181 4899 Cucusum
3212 4845 3525 4913 advenerat,
3557 4864 3647 4902 mo

2086 4939 2294 4993 lestiam
2320 4953 2531 4993 onmem
2570 4952 2637 4991 ex
2668 4945 2813 4991 tanto
2843 4937 3033 4993 itinere
3072 4948 3280 5007 partam
3319 4939 3667 5010 deposuisse,

2087 5040 2143 5085 et
2167 5031 2276 5099 jam
2305 5028 2443 5083 bene
2480 5028 2679 5082 valere.
2709 5028 2843 5095 Quia
2872 5044 3003 5084 vero
3037 5045 3143 5084 non
3178 5032 3328 5098 pauci
3369 5040 3494 5084 tunc
3530 5030 3669 5084 Con-

2086 5120 2430 5189 stantinopoli
2468 5128 2624 5175 erant
2669 5119 3037 5192 Cbrysostomi
3086 5122 3262 5187 amici,
3310 5122 3401 5191 qui
3450 5121 3509 5175 in
3541 5121 3666 5175 aula

2088 5212 2429 5283 Imperatoris
2452 5212 2743 5282 impetrare
2762 5212 3043 5273 curabant,
3074 5220 3128 5264 ut
3153 5210 3304 5265 locus
3326 5212 3496 5266 exsilii
3527 5212 3663 5267 assi—

2084 5315 2339 5375 gnaretur
2374 5305 2459 5359 vel
2501 5305 2747 5370 vicinior,
2777 5304 2860 5358 vel
2896 5301 3261 5369 commodior;
3299 5302 3666 5373 Olympiadem

2086 5406 2267 5451 monet
2295 5406 2349 5451 ut
2379 5411 2498 5451 cum
2528 5396 2633 5449 illis
2660 5396 2730 5449 ita
2752 5410 2864 5449 rem
2886 5393 3174 5463 prudenter
3193 5404 3332 5465 agat,
3358 5404 3413 5448 ut
3440 5394 3483 5448 si
3511 5394 3665 5452 illum

2085 5491 2137 5545 in
2162 5492 2335 5545 locum
2356 5488 2816 5556 Constantinopoli
2844 5488 2930 5541 vel
2955 5486 3144 5542 eodem
3172 5488 3252 5541 vel
3279 5486 3465 5555 majori
3494 5487 3667 5556 Spatio

2086 5582 2369 5637 distantem
2401 5581 2585 5635 adduci
2617 5579 2832 5644 vellent,
2862 5579 2913 5633 id
2941 5595 3008 5634 ne
3036 5580 3342 5633 admitteret
3368 5594 3382 5643 ;
3411 5579 3457 5633 si
3486 5590 3666 5635 autem

2084 5676 2170 5729 vel
2195 5674 2470 5745 Cyzicum,
2498 5674 2583 5729 vel
2612 5673 2834 5726 alteram
2865 5673 3053 5726 urbem
3084 5688 3187 5726 non
3226 5674 3411 5742 procul
3438 5689 3468 5726 a
3507 5673 3665 5727 Nico-

2088 5858 2293 5913 Brisoui
2324 5872 2535 5928 quoque
2564 5856 2776 5925 scripsit
2802 5856 2974 5910 amico
3007 5855 3135 5926 (Ep.
3167 5856 3316 5927 254),
3344 5856 3579 5927 dicitque
3599 5870 3671 5913 se

2090 5961 2209 6009 oost
2236 5966 2510 6009 emensum
2542 5949 2873 6022 septuaginta
2901 5947 3073 6007 ferme
3101 5950 3305 6007 dierum
3334 5947 3455 6018 iter,
3482 5948 3668 6006 Cucu.
