4516 6724
816 578 918 634 1‘27

816 714 934 752 sunt
972 695 1186 751 tandem
1231 692 1532 758 advenisse,
1575 690 1959 758 innumeraque
1998 688 2134 741 mala
2176 699 2387 756 passum

816 803 959 853 esse,
991 797 1100 841 tum
1138 799 1203 839 ex
1235 782 1541 836 Isaurorum
1584 787 1729 834 metu
1750 820 1764 843 ,
1798 787 1909 831 tum
1938 793 2005 833 ex
2049 773 2395 831 intolerandis

816 877 1072 933 febribus.
1094 872 1300 929 Obnixe
1331 882 1481 943 rogat
1501 881 1698 933 autem,
1724 878 1779 923 ut
1807 870 1907 923 sibi
1937 869 2147 924 assidue
2176 866 2393 930 scribat,

817 966 959 1023 haud
1000 966 1117 1021 leve
1155 964 1403 1019 solatium
1434 979 1498 1019 ex
1529 963 1645 1033 ejus
1687 961 1855 1015 literis
1892 970 2225 1031 percepturo.
2262 957 2395 1023 Quia

816 1074 948 1115 vero
986 1074 1052 1115 ex
1078 1074 1302 1113 numero
1330 1073 1512 1112 eorum
1544 1067 1661 1110 erat
1698 1054 1882 1120 Briso,
1915 1056 2003 1125 qui
2031 1055 2191 1107 alium
2222 1051 2395 1107 exsilii

816 1150 994 1206 locum
1017 1150 1371 1220 postulabant,
1400 1156 1545 1201 utne
1578 1146 1628 1201 id
1659 1147 1889 1218 amplius
1917 1158 2086 1209 curet,
2110 1144 2393 1198 admonet:

818 1258 941 1297 nam
965 1256 1024 1297 se
1050 1256 1108 1295 re
1136 1240 1371 1294 omnium
1398 1238 1733 1309 gravissima,
1763 1240 1865 1293 via?
1894 1253 2086 1308 nempe
2114 1235 2395 1299 molestils,

810 1332 923 1401 jam
966 1329 1299 1400 perfunctum
1348 1344 1489 1384 esse.
1540 1329 1655 1384 Non
1705 1331 2025 1383 scribentem
2072 1337 2246 1381 autem
2295 1325 2397 1379 sibi

815 1420 1093 1475 Brisonem
1124 1420 1177 1475 in
1204 1420 1305 1474 alia
1329 1420 1557 1489 epistola
1579 1419 1718 1474 haud
1750 1421 1936 1472 leviter
1956 1418 2217 1486 objurgat.

886 1511 1035 1567 Alias
1053 1525 1264 1581 quoque
1292 1520 1413 1582 post
1437 1510 1720 1565 adventum
1744 1507 2005 1562 Cucusum
2027 1508 2208 1561 literas
2230 1506 2396 1573 misit,

819 1604 1036 1660 Paeanio
1084 1619 1277 1674 nempe
1317 1604 1419 1658 sibi
1466 1602 1808 1667 amicissimo,
1863 1600 2103 1656 Gemello
2151 1599 2299 1671 (194)
2346 1612 2402 1656 et

822 1697 980 1753 Aetio
1009 1695 1156 1765 (196)
1188 1714 1200 1748 :
1232 1695 1525 1750 Gcmellum
1557 1708 1683 1749 vero
1712 1693 1895 1748 laudat
1932 1709 1961 1748 a
2001 1693 2340 1759 fortitudine,
2370 1710 2400 1748 a

818 1786 1071 1858 loquendi
1112 1786 1387 1851 libertate,
1430 1801 1457 1838 a
1513 1786 1721 1840 sincera
1766 1785 2157 1841 benevolentia.
2202 1786 2257 1839 in
2297 1783 2400 1839 alia

812 1894 943 1935 vero
973 1877 1226 1949 epistola,
1254 1893 1375 1933 cum
1403 1876 1679 1933 Gemellus
1714 1891 1743 1929 a
1774 1876 2087 1947 quibusdam
2129 1876 2241 1929 dira
2274 1891 2398 1943 per-

816 1982 1006 2043 pessus
1050 1982 1204 2022 sacro
1248 1983 1306 2023 se
1359 1967 1571 2022 lavacro
1629 1967 1834 2036 tingere
1888 1966 2097 2028 vellet,
2157 1964 2399 2019 laudibus

817 2060 1028 2115 extollit
1066 2059 1214 2114 illum
1252 2058 1668 2130 Chrysostomus
1695 2060 1761 2112 ab
1794 2057 1957 2110 animi
1997 2055 2314 2118 constantia,
2345 2064 2400 2108 et

817 2159 877 2203 ut
914 2148 1303 2219 quamprimum
1334 2162 1455 2201 sese
1494 2161 1645 2200 sacra
1678 2145 2009 2213 baptismatis
2050 2144 2190 2197 unda
2221 2144 2400 2198 abluat

818 2239 1081 2293 hortatur.
1113 2237 1246 2291 Cum
1277 2236 1513 2290 audisset
1539 2245 1719 2290 autem
1754 2235 2048 2291 Gcmcllum
2075 2235 2142 2289 ad
2167 2235 2398 2304 aliquem

815 2328 1181 2399 magistratum
1209 2336 1450 2382 evectum
1480 2326 1643 2381 fuisse
1663 2370 1675 2390 ,
1707 2341 1769 2382 ea
1795 2326 1862 2381 de
1890 2341 1950 2381 re
1979 2327 2079 2396 ipsi
2108 2328 2403 2397 gratulatur

814 2421 868 2476 in
895 2422 999 2475 alia
1028 2421 1255 2490 epistola
1283 2420 1455 2491 (124);
1474 2420 1715 2489 queritur
1747 2434 1876 2474 vero
1906 2428 2091 2489 postea
2122 2419 2247 2490 (Ep.
2282 2419 2398 2491 79),

816 2512 955 2583 quod
982 2512 1049 2567 ad
1076 2511 1181 2566 tale
1210 2525 1403 2566 munus
1422 2519 1749 2579 assumptus,
1769 2511 1870 2565 sibi
1903 2526 2008 2565 non
2037 2510 2394 2579 rescripserit.

816 2602 1063 2658 Nescitur
1086 2610 1261 2656 autem
1287 2612 1465 2656 utrum
1486 2600 1748 2656 Cucusum
1772 2603 1880 2670 jam
1905 2601 2205 2671 pervenerit
2236 2599 2319 2670 (Τ.
2344 2602 2399 2654 5.

819 2704 869 2747 c.
898 2692 1022 2748 546.
1061 2701 1107 2745 ει
1131 2691 1235 2760 Ep.
1261 2692 1408 2761 118),
1432 2691 1645 2761 quando
1674 2691 1923 2760 epistolas
1943 2693 2075 2743 duas
2101 2691 2314 2758 scripsit
2333 2690 2397 2743 ad

815 2781 1094 2851 episcopos
1118 2789 1170 2835 et
1193 2781 1533 2851 presbyteros
1562 2782 1771 2850 pietatis
1799 2796 1954 2835 causa
1985 2781 2035 2833 in
2065 2795 2281 2836 carcere
2312 2782 2396 2834 in-

813 2874 1009 2937 clusos,
1036 2888 1168 2942 quos
1203 2873 1268 2926 ad
1306 2874 1613 2942 patientiam
1640 2874 1901 2934 hortatur.
1934 2874 2219 2944 repositam
2255 2886 2397 2927 seru-

815 2963 955 3017 mnis
997 2964 1185 3018 talibus
1218 2978 1471 3018 coronam
1510 2976 1955 3025 commemorans,
1993 2962 2152 3031 idque
2190 2962 2400 3032 egregie

817 3052 872 3107 in
922 3053 1088 3122 prima
1132 3053 1423 3122 prtesertim
1470 3052 1713 3120 epistola.
1757 3051 1979 3123 Polybio
2023 3050 2149 3104 item
2192 3053 2403 3121 scripsit

818 3153 946 3200 tunc
985 3144 1446 3213 Constantinopoli
1475 3143 1730 3208 versanti,
1771 3156 1834 3197 ac
1876 3142 1943 3197 de
1982 3141 2281 3198 Isaurorum
2323 3144 2404 3196 in-

818 3234 1157 3289 cursionibus
1186 3233 1344 3288 verba
1375 3233 1501 3289 facit
1530 3232 1658 3303 (Ep.
1685 3233 1830 3304 145),
1860 3234 1946 3303 qui
1970 3232 2234 3288 Cucusum
2264 3248 2401 3305 pene

816 3325 1093 3381 obsessum
1133 3324 1403 3391 tenebant,
1430 3332 1485 3379 et
1512 3307 1703 3379 famem
1747 3326 1799 3377 in
1830 3324 2099 3394 regionem
2131 3324 2274 3379 illam
2316 3325 2399 3379 in-

815 3414 1097 3471 duxerant.
1115 3416 1281 3469 Aliam
1298 3429 1509 3485 quoque
1525 3414 1744 3486 Polybio
1761 3415 2042 3485 epistolam
2063 3415 2206 3469 misit
2223 3415 2397 3486 (127),

816 3508 1106 3578 etquidem
1140 3507 1333 3561 hiemis
1362 3516 1619 3575 tempore,
1648 3507 1714 3561 de
1742 3522 1845 3577 qua
1878 3505 2099 3562 inferius
2125 3519 2332 3577 agetur.

888 3599 956 3654 lis
981 3601 1163 3662 etiam,
1188 3599 1277 3669 qui
1307 3614 1365 3653 se
1403 3596 1658 3653 Carsarea:
1686 3597 1924 3653 ofﬁciose
1955 3606 2295 3668 exceperant,
2330 3599 2396 3653 li-

815 3702 957 3748 teras
981 3692 1123 3747 misit
1150 3691 1169 3760 (
1199 3690 1364 3761 Epist.
1393 3691 1509 3760 81).
1548 3690 1688 3744 Inter
1717 3705 1810 3744 eos
1847 3690 2160 3760 Hymnetius
2185 3691 2392 3745 emine-

816 3784 925 3847 bat,
966 3798 1123 3853 quem
1162 3783 1489 3838 medicorum
1528 3782 1816 3853 principem
1857 3790 2041 3848 vocat;
2069 3797 2297 3853 eumque
2334 3792 2394 3839 ut

812 3874 913 3929 sibi
950 3874 1177 3928 anticum
1209 3915 1224 3937 ,
1259 3874 1411 3943 cujus
1452 3883 1506 3928 et
1542 3874 1799 3927 amicitiae
1829 3882 1882 3928 et
1925 3874 2124 3943 peritia:
2165 3888 2388 3928 summa:

812 3966 1104 4037 periculum
1150 3964 1379 4030 fecerat,
1430 3965 1613 4020 videre
1659 3964 1942 4018 admodum
1997 3972 2245 4032 exoptat;
2294 3964 2389 4019 sed

813 4060 932 4129 quia
954 4059 1254 4113 Isaurorum
1282 4058 1610 4113 incursiones
1631 4056 1821 4111 Cucusi
1847 4056 2046 4109 aditum
2067 4056 2392 4111 interclude-

810 4150 960 4212 bant,
990 4147 1039 4201 id
1060 4147 1239 4201 damni
1270 4156 1328 4201 ut
1372 4147 1644 4201 literarum
1674 4146 1971 4216 frequentia
2002 4148 2233 4211 sarciat,
2262 4161 2390 4216 pre-

810 4247 980 4293 catur.
1014 4236 1067 4291 ln
1096 4238 1197 4290 alia
1223 4251 1348 4291 vero
1376 4237 1595 4305 epistola
1627 4236 1741 4307 (58)
1774 4236 2053 4291 Seleucum
2080 4238 2387 4307 episc0pum

812 4328 911 4397 ipsi
939 4327 1295 4393 commendat,
1327 4327 1635 4397 gravissima
1668 4327 1801 4382 tussi
1839 4327 2165 4383 laborantem
2192 4327 2384 4397 (Epist.

810 4420 904 4491 57)
932 4437 946 4473 :
969 4419 1058 4490 qui
1085 4419 1359 4486 Seleucus,
1377 4419 1742 4490 Chrysostomi
1772 4418 1984 4473 videndi
2012 4418 2279 4474 desiderio
2304 4421 2384 4475 in-

808 4510 1020 4576 ductus,
1046 4509 1310 4565 Cucusum
1339 4510 1499 4576 venit,
1528 4519 1583 4565 et
1613 4510 1801 4564 tussim
1834 4518 1889 4563 et
1915 4510 2122 4564 itineris
2155 4509 2385 4565 difﬁcul-

811 4608 971 4652 tatem
1015 4607 1070 4652 ct
1108 4598 1338 4653 hiemem
1398 4614 1516 4667 quae
1560 4599 1793 4653 instabat
1828 4599 2145 4667 despiciens.
2200 4600 2387 4656 Profe-

808 4696 990 4741 cturus
1025 4695 1200 4741 autem
1245 4687 1563 4751 Ctesaream,
1597 4686 2017 4756 Tranquillinum
2048 4691 2380 4759 episcopum,

806 4778 920 4849 qui,
950 4788 1005 4833 ut
1038 4794 1102 4833 ex
1128 4777 1490 4850 Cbrysostomi
1529 4778 1686 4835 dictis
1715 4779 1972 4848 arguitur,
2010 4794 2176 4848 prope
2207 4782 2388 4835 Cmsa-

808 4885 954 4925 ream
982 4870 1135 4925 sedes
1156 4869 1399 4935 habebat,
1431 4870 1662 4925 invisere
1689 4870 1874 4924 voluit.
1909 4870 2041 4925 Huic
2062 4886 2188 4925 vero
2208 4872 2385 4928 literas

806 4960 875 5013 ad
905 4959 1320 5027 Tranquillinum
1349 4960 1493 5016 dedit
1519 4960 1751 5016 Joannes
1781 4969 1984 5027 noster,
2013 4976 2171 5031 quem
2200 4962 2383 5017 horta-

806 5061 894 5104 tur
919 5058 976 5103 ut
1002 5049 1276 5105 Seleucum
1306 5050 1529 5119 benigne
1556 5053 1801 5121 excipiat.
1830 5053 2225 5124 Tranquillinus
2252 5070 2383 5110 vero

806 5138 1164 5211 Eupsycbium
1192 5138 1259 5193 ad
1279 5138 1711 5210 Cbrysostomum
1742 5145 1981 5209 miserat,
2010 5147 2099 5215 qui
2129 5146 2195 5200 de
2221 5146 2380 5203 rebus

806 5229 1049 5300 plurimis
1082 5229 1230 5283 illum
1262 5228 1459 5286 faceret
1487 5232 1790 5287 certiorem.
1826 5236 1895 5288 At
1923 5236 2253 5307 Eupsycbius
2290 5239 2380 5294 ille

804 5323 1038 5377 nondum
1073 5322 1379 5378 advenerat.
1422 5322 1675 5378 Hortatur
1698 5340 1827 5379 vero
1862 5324 2283 5397 Tranquillinum
2321 5339 2378 5386 ut

804 5429 864 5467 ea
886 5455 901 5480 ,
929 5430 1048 5484 qua:
1090 5415 1189 5470 sibi
1216 5415 1549 5488 Eupsycbius
1576 5426 1886 5473 narraturus
1911 5429 2045 5487 erat,
2074 5436 2171 5490 per
2201 5422 2377 5479 literas

802 5507 1026 5560 nuntiet.

874 5596 1038 5652 Paulo
1058 5606 1177 5667 post
1205 5612 1358 5653 suum
1386 5600 1438 5654 in
1470 5601 1640 5657 exsilii
1664 5602 1835 5657 locum
1862 5602 2170 5670 adventum,
2194 5604 2375 5661 literas

797 5690 943 5745 misit
967 5689 1034 5744 ad
1054 5690 1184 5744 alios
1210 5705 1315 5743 non
1345 5706 1558 5760 paucos,
1584 5693 1673 5762 qui
1695 5694 1793 5748 sibi
1819 5695 2077 5752 Caesarea:
2099 5697 2182 5750 vel
2209 5697 2373 5750 bene-

798 5782 915 5836 ficia
945 5782 1334 5852 prtestiterant,
1364 5783 1447 5838 vel
1483 5784 1727 5839 amicitia:
1767 5788 1990 5843 sincerae
2033 5790 2177 5858 signa
2207 5788 2372 5845 dede-

800 5882 940 5939 rant,
984 5874 1049 5929 ad
1102 5873 1393 5928 Firminum
1438 5890 1648 5946 nempe,
1693 5876 2023 5949 Cytherium,
2068 5880 2367 5945 Leontium,

787 5961 1128 6026 Faustinum,
1158 5964 1449 6022 Helladium
1479 5976 1532 6022 et
1570 5966 1880 6030 Evethium;
1911 5988 2041 6039 quos
2063 6016 2077 6040 ,
2109 5983 2166 6026 ut
2204 5971 2364 6025 etiam

1870 572 1926 627 S.
1964 570 2239 628 JOANNIS
2274 565 2749 627 CHRYSOSTOMI
2792 572 2981 643 VITA,

3985 581 4090 635 9'23

2504 701 2639 755 pene
2663 687 2790 742 alios
2817 703 3003 742 omnes
3024 691 3222 746 amicos
3254 701 3305 747 et
3326 700 3500 755 notos,
3528 689 3790 757 hortatur,
3815 706 3871 749 ut
3890 711 3951 751 se
3980 699 4089 753 fre-

2503 788 2726 846 quenter
2764 778 2931 832 literis
2970 780 3232 836 solentur.
3261 782 3499 838 Carterio
3526 796 3759 852 quoque,
3801 784 4088 856 Cappado—

2503 872 2599 926 cia:
2629 871 2859 941 przesidi,
2897 871 3078 927 literas
3119 876 3265 948 (9.36)
3295 878 3439 931 misit
3470 876 3884 947 Chrysostomus
3905 920 3920 943 ,
3960 896 4088 951 grso

2504 964 2708 1033 tiasque
2738 964 2808 1017 illi
2847 962 2973 1032 egit,
3002 967 3143 1033 quod
3179 970 3431 1023 tumultus
3471 967 3756 1033 sedaverit,
3789 977 3845 1023 et
3870 986 4088 1026 omnem

2506 1053 2734 1124 lapidem
2766 1055 3007 1119 moverit,
3041 1066 3101 1109 ut
3122 1058 3235 1126 ipse
3264 1061 3313 1113 in
3337 1065 3627 1117 securitate
3649 1072 3971 1116 versaretur.
4004 1064 4092 1117 Ait

2504 1160 2632 1199 vero
2680 1162 2757 1213 se,
2801 1145 2924 1199 licet
2968 1147 3018 1198 in
3064 1146 3431 1204 desertissimo
3474 1152 3610 1217 loco,
3644 1152 3835 1207 Cucusi
3874 1167 4088 1220 nempe,

2506 1234 2806 1304 degentem,
2831 1238 2879 1290 in
2901 1235 2985 1288 illa
3008 1236 3292 1292 solitudine
3316 1247 3579 1310 tamquam
3605 1244 3654 1296 in
3684 1253 3838 1313 portu
3863 1245 4087 1309 versari,

2505 1342 2568 1381 ac
2611 1329 2781 1383 morbi
2830 1328 3197 1396 malorumque
3247 1329 3500 1398 reliquias
3553 1338 3750 1388 sensim
3796 1334 4087 1404 depellere.

2507 1419 2811 1472 Amicorum
2859 1418 3115 1486 siquidem
3164 1433 3259 1487 per
3301 1420 3484 1475 literas
3522 1427 3848 1480 consortium
3900 1441 4092 1481 omnes

2505 1508 2807 1577 abstergere
2836 1507 3109 1561 videbatur
3131 1508 3302 1561 exsilii
3330 1508 3619 1564 molestias.

2576 1601 2849 1670 Episcopis
2876 1602 3032 1655 etiam
3055 1600 3264 1669 scripsit
3291 1601 3480 1671 (Epist.
3513 1606 3603 1659 85.
3634 1606 3725 1660 86.
3755 1608 3845 1663 87.
3876 1610 3965 1664 88.
3994 1610 4087 1664 89.

2506 1692 2621 1761 90),
2654 1694 2739 1762 qui
2774 1709 2867 1760 pro
2890 1709 2983 1748 sua
3018 1703 3071 1747 et
3100 1693 3354 1748 Ecclesiae
3381 1709 3539 1748 causa
3576 1698 3806 1761 Stabant,
3840 1701 4089 1755 nimirmn

2508 1783 2689 1848 Lucio,
2720 1783 2870 1849 Mari,
2901 1784 3122 1853 Eulogio
3162 1785 3213 1837 in
3252 1784 3531 1851 Palaestina
3572 1789 3826 1857 episcopo
3846 1831 3862 1854 ,
3892 1791 4085 1844 Joanni

2505 1874 2970 1945 Jcrosolymitano,
3000 1876 3300 1930 Theodosio
3327 1875 3781 1947 Scythopolitano,
3806 1891 3861 1935 et
3886 1882 4085 1953 Moysi;

2504 1978 2639 2031 quos
2669 1964 2912 2021 hortatur
2950 1978 3006 2021 ut
3046 1968 3097 2020 in
3140 1967 3325 2021 eadem
3364 1970 3525 2023 animi
3558 1970 3806 2027 firmitate
3837 1989 4090 2041 perseve-

2505 2064 2623 2106 rent
2657 2053 2900 2123 (Pallad.
2942 2057 3465 2129 Dialog.)Eulogium
3507 2074 3667 2124 vero,
3713 2063 3763 2114 in
3810 2063 4092 2117 Palmstina

2504 2146 2833 2215 episcopum,
2864 2162 3200 2220 summopere
3221 2150 3477 2217 celebrat,
3502 2152 3593 2219 qui
3616 2153 3801 2221 quavis
3831 2155 3951 2209 tuba
3980 2156 4093 2209 cla-

2504 2236 2613 2290 rius
2651 2238 2788 2306 apud
2819 2254 3005 2294 omnes
3033 2241 3330 2296 Orientales
3360 2250 3415 2296 et
3451 2257 3608 2312 quam
3643 2244 3947 2313 longissime
3976 2246 4093 2299 dis-

2506 2328 2640 2383 sitos
2678 2329 2918 2385 homines
2955 2333 3030 2386 rei
3071 2334 3341 2387 veritatem
3383 2336 3763 2405 promulgaret.
3811 2338 4091 2408 Eulogium

2508 2426 2717 2485 tamen,
2771 2420 3031 2477 Caesarea:
3079 2424 3129 2477 in
3175 2425 3454 2480 Palzestina
3494 2428 3838 2498 episcopum,
3887 2431 4095 2486 inducit

2506 2508 2792 2576 Palladius,
2817 2514 2967 2581 quasi
2990 2513 3270 2584 Theophili
3302 2518 3643 2572 Alexandrini
3678 2529 3852 2587 partes
3877 2532 4096 2575 sectan-

2507 2605 2612 2650 tem
2642 2607 2695 2652 et
2719 2613 2905 2668 aspera
2944 2618 3167 2672 quaequo
3211 2606 3538 2660 molientem.
3570 2609 3672 2663 Sed
3704 2610 3785 2664 vel
3824 2611 3960 2664 alius
3991 2612 4094 2665 Pa-

2507 2685 3018 2758 lazstinteepiscopus
3044 2693 3129 2746 hic
3153 2694 3401 2762 Eulogius
3428 2696 3608 2762 fuerit,
3637 2698 3718 2752 vel
3743 2703 3784 2752 si
3808 2700 3945 2753 idem
3975 2700 4095 2770 ipse

2502 2773 2592 2839 sit,
2628 2775 2678 2828 in
2705 2776 2982 2831 adversam
3017 2790 3217 2848 partem
3250 2794 3430 2851 postea
3463 2787 3738 2841 transiisse
3766 2797 3997 2858 oportet.

2573 2864 2655 2917 Ad
2693 2863 3017 2921 Theodorum
3059 2869 3468 2941 Mapsnestenum
3508 2876 3792 2929 scribit.-—
3816 2880 3855 2931 A
3892 2880 4095 2935 teneris

2503 2957 2656 3010 annis
2706 2959 2935 3012 amicum
2990 2960 3215 3015 habebat
3261 2962 3675 3034 Chrysostomus
3721 2967 4084 3037 Theodorum,

2504 3046 2591 3112 qui
2635 3054 2760 3101 tunc
2805 3048 3141 3117 Mupsuestia:
3186 3053 3468 3123 episcopus
3514 3066 3649 3124 erat,
3697 3060 3938 3129 nihilque
3978 3076 4088 3117 non

2506 3136 2713 3205 agebat,
2746 3148 2802 3192 ut
2829 3137 3193 3210 Chrysostomi
3222 3157 3435 3198 causam
3465 3146 3779 3203 defenderet
3802 3165 3865 3205 ac
3891 3166 4088 3220 propu-

2504 3236 2709 3295 gnaret.
2734 3227 2868 3283 Huic
2901 3232 3179 3300 epistolam
3206 3234 3351 3305 (“2)
3379 3237 3524 3291 misit
3556 3238 3988 3309 Chrysostomus,
4020 3245 4087 3299 il-

2506 3317 2647 3386 lique
2674 3326 2733 3373 ut
2753 3320 2861 3387 jam
2886 3323 3086 3390 pridem
3109 3334 3161 3378 et
3186 3325 3253 3379 ab
3282 3326 3435 3381 initio
3458 3328 3557 3383 sibi
3588 3339 3714 3383 noto
3734 3334 3933 3400 gratias
3950 3336 4082 3405 agit,

2506 3407 2851 3480 hortaturque
2875 3421 2929 3466 et
2957 3414 3200 3469 obsecrat
3223 3416 3372 3469 illum
3403 3427 3460 3471 ut
3484 3419 3727 3474 eamdem
3753 3436 3877 3491 erga
3904 3438 3963 3479 se
3990 3439 4084 3478 ca-

2506 3500 2711 3555 ritatem
2753 3512 3007 3571 perpetuo
3040 3505 3303 3575 vigentem
3338 3507 3583 3562 retineat.
3613 3508 3763 3565 Circa
3806 3512 3943 3568 hanc
3970 3515 4082 3584 epi-

2502 3592 2690 3645 stolam
2722 3593 2913 3663 aliqute
2954 3594 3298 3665 insurgebant
3324 3596 3698 3667 difficultates,
3726 3617 3860 3672 quas
3891 3604 4083 3659 videsis

2500 3680 2552 3734 in
2582 3684 2719 3736 notis
2739 3684 2803 3737 ad
2832 3683 2986 3739 Tom.
3025 3687 3080 3752 5,
3096 3703 3145 3742 c.
3164 3689 3268 3744 668
3288 3696 3340 3741 et
3359 3686 3483 3750 669,
3504 3698 3559 3743 et
3573 3691 3623 3746 in
3638 3691 3788 3747 Tom.
3810 3692 3863 3755 6,
3882 3706 3933 3746 c.
3947 3692 4075 3748 515.

2570 3773 2834 3841 Epistolas
2855 3775 3012 3828 etiam
3034 3773 3100 3827 ad
3130 3774 3262 3829 alios
3288 3777 3432 3830 misit
3452 3777 3754 3847 episcopos,
3776 3780 4080 3834 Anatolium

2497 3862 2716 3930 Adante,
2764 3864 3010 3918 Rufinum
3052 3866 3177 3920 item
3220 3867 3561 3935 episcopum,
3610 3867 3763 3935 cujus
3801 3883 3930 3923 vero
3972 3870 4078 3923 loci

2498 3956 2749 4020 nescitur,
2772 3955 2839 4009 ad
2867 3954 3136 4010 Urbicium
3163 3966 3217 4011 et
3246 3957 3488 4022 Bassum,
3525 3957 3747 4026 perinde
3774 3959 4079 4028 ignotorum

2498 4043 2731 4097 locorum
2762 4045 3059 4114 episcopos,
3089 4046 3155 4099 ad
3177 4046 3532 4117 Porphyrium
3559 4047 3720 4102 llhosi
3743 4050 4075 4117 episcopum.

2499 4134 2747 4189 Anatolio
2773 4135 2901 4190 dicit
2928 4136 3079 4206 (111)
3105 4152 3163 4191 se
3191 4138 3515 4206 comperisse
3545 4139 3717 4206 ipsum
3747 4153 3827 4204 se,
3854 4139 3978 4192 licet
4005 4138 4075 4195 de

2496 4226 2632 4280 faeie
2658 4226 2757 4280 sibi
2787 4242 2891 4282 non
2922 4238 3127 4292 notum,
3162 4228 3370 4282 ardenti
3400 4244 3584 4283 amore
3614 4231 3892 4299 prosequi,
3920 4240 4073 4299 opta.

2494 4334 2658 4387 reque
2686 4333 3026 4388 congressum
3062 4334 3242 4373 secum
3275 4335 3290 4370 :
3318 4319 3440 4386 quia
3480 4332 3609 4372 vero
3637 4319 3774 4372 nulla
3803 4335 3926 4387 spes
3949 4330 4070 4375 erat

2494 4410 2545 4464 id
2571 4411 2683 4465 lieri
2715 4426 2967 4480 umquam
2995 4424 3173 4478 posse,
3201 4408 3445 4462 hortatur
3472 4409 3620 4463 illum
3647 4420 3703 4464 ut
3725 4413 4072 4480 epistolarum

2494 4500 2789 4570 frequentia
2810 4514 3151 4568 congressum
3176 4498 3475 4567 bttjusmodi
3496 4513 3824 4570 compenset.
3848 4502 4070 4559 Bassum

2493 4589 2667 4661 (510),
2710 4604 2867 4658 quem
2906 4588 3358 4656 Constantinopoli
3399 4590 3628 4645 amicum
3672 4590 3950 4659 habuerat,
3992 4596 4073 4651 le-

2492 4682 2633 4736 niter
2654 4681 2915 4749 objurgat,
2938 4680 3075 4750 quod
3100 4696 3221 4735 cum
3246 4681 3380 4735 adeo
3395 4682 3601 4737 vicinus
3622 4694 3785 4751 esset,
3804 4702 3870 4741 ne
3886 4688 4070 4744 literas

2492 4771 2707 4842 quidem
2753 4771 2851 4825 sibi
2902 4772 3113 4826 mittere
3152 4771 3482 4841 dignaretur.
3530 4773 3880 4846 Porphyrium
3915 4793 4066 4843 vero,

2491 4878 2649 4931 quem
2689 4860 2850 4916 Rhesi
2882 4862 3185 4931 episcopum
3222 4862 3384 4917 fuisse
3415 4864 3544 4918 nihil
3580 4864 3691 4932 jam
3728 4864 4062 4931 dubitamus,

2491 4967 2587 5022 pro
2618 4968 2765 5007 more
2792 4953 2856 5007 ad
2884 4954 3065 5008 literas
3090 4954 3189 5009 sibi
3219 4954 3525 5023 frequenter
3557 4954 3845 5008 mittendas
3873 4955 4067 5011 cohor-

2493 5054 2649 5099 tatur.
2682 5047 2773 5101 llis
2797 5046 3059 5117 iungenda
3084 5046 3309 5117 epistola
3333 5048 3447 5117 (50)
3474 5046 3538 5100 ad
3569 5046 3838 5100 Heortitnn
3857 5050 4064 5116 episco-

2488 5154 2635 5210 pum,
2668 5139 2817 5208 cujus
2843 5139 2998 5194 sedes
3022 5154 3127 5193 non
3163 5139 3345 5207 procul
3374 5136 3582 5192 Cucuso
3605 5144 3738 5189 erat.
3766 5135 3815 5191 Is
3843 5138 4065 5195 intirmi-

2489 5241 2596 5286 tate
2633 5232 2874 5301 corporis
2918 5231 3232 5287 laborabat:
3276 5239 3471 5301 atque,
3502 5239 3559 5283 ut
3586 5244 3650 5283 ex
3693 5229 4059 5300 Clirysostomi

2484 5324 2639 5379 dictis
2677 5323 2825 5393 argui
2869 5322 3096 5391 videtur,
3139 5323 3387 5378 ﬂeortius
3431 5322 3633 5376 amicus
3678 5322 3913 5379 scribere
3957 5328 4059 5383 sibi

2483 5417 2706 5477 solebat,
2748 5415 2889 5483 quod
2937 5423 3112 5470 tamen
3154 5416 3375 5470 adversa
3420 5411 3719 5467 valetudine
3769 5413 4056 5487 laboraret,

2483 5526 2589 5563 non
2621 5508 2689 5561 ab
2717 5508 2807 5561 illo
2826 5507 3101 5562 didicerat.
3141 5508 3325 5562 Verum
3345 5506 3483 5573 quia,
3515 5504 3683 5572 inquit
3703 5505 3811 5574 ille,
3843 5510 4059 5563 tabella-

2482 5603 2670 5654 riorum
2702 5600 2913 5668 fortasse
2941 5602 3150 5669 penuria
3176 5616 3277 5652 non
3312 5597 3507 5661 scribis,
3535 5595 3647 5649 ideo
3684 5597 3937 5666 homines,
3970 5604 4059 5671 qui

2482 5693 2549 5744 ad
2573 5702 2619 5744 te
2644 5692 3025 5759 proﬁciscantur
3053 5701 3247 5752 nactus,
3279 5687 3433 5741 literis
3454 5696 3501 5740 te
3522 5687 3729 5755 lacesso,
3751 5709 3873 5763 rogo
3892 5703 3937 5745 et
3963 5694 4069 5745 oba

2479 5800 2636 5850 secro,
2660 5795 2714 5838 ut
2740 5785 2930 5855 quoties
2962 5784 3176 5855 facultas
3203 5780 3423 5845 dabitur,
3447 5779 3585 5836 nobis
3610 5799 3761 5853 quam
3781 5786 4069 5854 sepissime

2480 5879 2690 5943 scribas,
2717 5888 2762 5931 et
2789 5895 2889 5949 qua
2912 5876 3196 5931 valetudine
3216 5875 3284 5927 sis
3312 5890 3553 5943 exponas.
3581 5878 3896 5946 Quamquam
3920 5881 4055 5930 enim

2477 5971 2527 6022 in
2576 5971 2912 6024 desertissima
2958 5967 3090 6022 orbis
3142 5967 3251 6019 loco
3301 5966 3601 6037 habitamus,
3640 5997 3705 6034 σε
3731 5977 4037 6047 ρηεάοηαηι
