4516 6704
366 572 474 625 ἳὲῦ

367 699 503 742 metu
523 687 819 750 obsidemur,
842 683 1121 750 multasque
1144 677 1196 730 in
1223 685 1324 729 tam
1353 682 1488 728 vasta
1509 670 1780 728 solitudine
1798 673 1936 723 cula-

367 782 565 833 mitates
594 778 919 850 perpetimur,
944 783 1108 824 tamen
1134 768 1178 822 si
1200 769 1476 838 frequentes
1505 780 1536 817 a
1569 773 1635 826 te,
1675 762 1753 814 cui
1780 761 1942 814 caris-

366 873 484 926 simi
511 888 699 935 sumus,
733 869 902 922 literas
927 861 1234 929 accipiamus
1252 901 1266 923 ,
1289 875 1398 928 qua
1430 875 1520 912 nos
1549 857 1612 909 de
1643 865 1728 906 tua
1760 853 1946 906 valetu-

368 965 487 1018 dine
510 965 745 1018 certiores
774 958 986 1028 faciant,
1023 955 1267 1023 ingentem
1304 953 1437 1016 hinc,
1468 960 1539 1003 tot
1576 949 1690 1002 licet
1711 947 1944 999 aerumnis

369 1047 617 1124 Oppressi,
647 1047 1036 1102 consolationem
1064 1044 1378 1111 accipiemus.
1414 1044 1616 1105 Quanta
1647 1037 1776 1089 enim
1816 1035 1944 1087 cari-

371 1148 491 1198 tatis
520 1144 590 1198 vis
627 1143 692 1194 sit
718 1139 1033 1206 exploratum
1069 1137 1237 1200 habes,
1270 1134 1500 1204 quodque
1534 1145 1635 1181 non
1674 1128 1944 1179 amicorum

370 1237 635 1288 dumtaxat
678 1229 975 1298 prwsentia,
1010 1228 1097 1281 sed
1134 1227 1283 1280 etiam
1321 1225 1482 1278 literae
1509 1221 1683 1288 ingens
1712 1219 1944 1271 solatium

371 1321 608 1387 aiferant.

449 1409 765 1480 llesychium
795 1423 1001 1479 quoque
1023 1408 1120 1462 sibi
1152 1401 1559 1464 amicissimum,
1589 1398 1818 1451 vicinum
1847 1397 1945 1449 ha-

373 1503 487 1557 buit
513 1519 527 1567 ;
549 1503 617 1556 ita
635 1511 707 1564 ut,
739 1502 782 1555 si
812 1501 1009 1554 licitum
1045 1498 1141 1566 ipsi
1185 1495 1390 1557 fuisset,
1445 1488 1613 1558 inquit
1643 1489 1694 1544 in
1725 1486 1946 1555 epistola

373 1594 463 1659 74,
493 1609 663 1663 neque
687 1594 983 1647 Isaurorum
1014 1597 1211 1652 metus,
1251 1598 1425 1652 neque
1449 1581 1687 1649 corporis
1715 1576 1949 1632 imbecil-

376 1686 494 1739 litas
540 1685 819 1754 prohibere
855 1682 1169 1751 potuissent,
1207 1673 1490 1745 quominus
1541 1673 1710 1739 ipsum
1736 1668 1946 1731 adiret;

374 1793 544 1846 neque
571 1787 744 1831 tamen
778 1776 846 1828 ob
892 1773 1192 1825 Isaurorum
1224 1775 1422 1820 metum
1468 1764 1534 1817 ab
1590 1761 1682 1816 illo
1706 1761 1837 1830 petit
1889 1767 1946 1813 ut

322 1900 328 1905 -
372 1868 633 1922 Cucusum
653 1867 848 1927 veniat,
872 1861 963 1917 sed
982 1871 1214 1929 utquam
1238 1855 1562 1926 frequentius
1580 1853 1774 1923 poterit
1801 1849 1865 1904 ad
1892 1863 1952 1903 se

386 1959 568 2011 literas
594 1956 784 2009 mittat.
802 1952 1092 2023 Hesychius
1115 1963 1241 2003 vero
1280 1945 1448 2001 literis
1464 1944 1530 1998 ab
1544 1942 1749 1998 Joanne
1777 1940 1946 2009 petiit,

374 2056 431 2099 nt
456 2047 552 2101 sibi
582 2047 893 2114 ignosceret,
916 2041 1055 2112 quod
1077 2055 1180 2094 non
1207 2038 1428 2101 venerit,
1452 2036 1572 2106 quia
1605 2048 1794 2101 nempe
1807 2047 1951 2084 mor-

376 2138 445 2189 bo
466 2135 756 2189 laborabat.
779 2133 1078 2202 Respondet
1098 2131 1502 2200 Chrysostomus
1517 2125 1705 2191 (Epist.
1723 2124 1816 2192 9.4)
1830 2123 1947 2175 lau-

375 2227 567 2294 datque
594 2240 736 2289 eum,
761 2222 898 2291 quod
920 2236 980 2275 ea
1001 2221 1068 2274 de
1084 2233 1240 2273 causa
1267 2231 1371 2270 non
1389 2215 1595 2269 venerit
1624 2231 1638 2268 :
1666 2213 1784 2266 licet
1807 2213 1946 2266 enim

377 2327 483 2369 tam
512 2331 691 2369 carum
721 2323 878 2381 caput
901 2310 1196 2367 exosculari
1226 2316 1397 2371 aveat,
1428 2308 1558 2360 satis
1581 2306 1680 2360 sibi
1722 2304 1834 2357 fore
1856 2305 1948 2367 ait,

375 2408 420 2458 si
450 2407 696 2472 quamdiu
723 2404 835 2458 sive
864 2420 956 2473 per
974 2402 1362 2472 :egritudincm,
1391 2399 1502 2452 sive
1528 2413 1625 2466 per
1661 2397 1783 2449 anni
1808 2403 1948 2448 tem-

379 2506 638 2564 pestatem
667 2496 717 2548 id
744 2510 848 2547 non
880 2493 1078 2555 licebit,
1111 2493 1278 2544 literte
1300 2490 1436 2541 ultro
1467 2488 1709 2554 citroque
1740 2485 1955 2538 mittan-

380 2599 482 2639 tur.
508 2587 618 2640 lloc
644 2587 812 2654 ipsum
855 2583 966 2640 fere
1001 2583 1076 2635 illi
1110 2581 1304 2649 repetit
1351 2580 1404 2632 in
1454 2577 1677 2646 epistola
1706 2575 1840 2629 176:
1867 2574 1955 2628 ubi

378 2677 583 2730 itineris
619 2675 981 2729 difficultatem
1020 2687 1138 2725 cum
1169 2669 1410 2738 corporis
1437 2666 1796 2722 imbecillitate
1821 2680 1953 2718 con-

376 2767 560 2836 iungit,
583 2780 645 2819 ac
671 2763 967 2834 significare
1003 2762 1211 2815 videtur
1243 2774 1300 2814 se
1328 2759 1410 2813 vel
1430 2757 1603 2812 hieme
1625 2757 1732 2825 jam
1755 2770 1952 2824 appro-

377 2857 682 2924 pinquante,
706 2854 787 2908 vel
813 2854 866 2907 in
890 2854 1000 2923 ipsa
1049 2851 1254 2921 ltyemis
1285 2854 1592 2920 tempestate
1620 2845 1717 2902 has
1737 2846 1955 2903 dedisse

377 2947 572 3001 literas.

447 3036 581 3090 Cum
625 3034 960 3088 Tillemontio
1000 3032 1277 3100 opinamur
1302 3029 1459 3082 alium
1488 3025 1809 3098 llesychium
1835 3036 1959 3077 esse

381 3129 548 3192 illum,
600 3141 754 3194 quem
800 3123 1162 3177 venerandum
1211 3128 1266 3174 et
1311 3118 1697 3172 nobilissimum
1726 3116 1875 3181 dicit,
1925 3128 1954 3167 a

382 3233 489 3287 quo
518 3231 576 3271 se
604 3216 824 3269 multum
846 3212 1013 3266 amari
1060 3227 1124 3266 ex
1173 3210 1284 3264 sola
1313 3208 1450 3262 fama
1493 3207 1766 3269 didicerat,
1799 3221 1827 3258 a
1850 3219 1956 3275 quo

386 3308 616 3377 postulat
640 3305 832 3375 (Epist.
855 3304 1001 3372 198),
1022 3312 1080 3356 ut
1100 3301 1401 3370 frequentes
1421 3300 1517 3352 sibi
1545 3298 1722 3352 literas
1743 3298 1914 3350 mittat
1937 3311 1952 3361 ;

384 3399 436 3452 id
454 3399 731 3466 ipsumque
749 3395 941 3464 repetit
959 3395 1010 3446 in
1037 3393 1253 3461 epistola
1275 3389 1401 3444 225.
1420 3389 1665 3459 Idemque
1687 3389 1954 3442 literarum

383 3491 708 3544 consortium
737 3486 967 3557 postulat
1021 3501 1050 3538 a
1098 3483 1426 3537 Candidiano
1469 3481 1578 3550 jam
1620 3481 1749 3533 olim
1784 3479 1958 3533 amico

383 3596 502 3645 suo,
530 3581 617 3649 qui
641 3579 851 3633 Cucuso
877 3576 1056 3646 procul
1071 3575 1295 3645 degebat
1341 3573 1544 3643 (Epist.
1571 3573 1640 3627 42
1665 3576 1706 3642 ).

455 3672 774 3725 Antiochiam
801 3670 985 3722 multas
1007 3669 1176 3720 literas
1202 3666 1446 3718 mittit.--
1461 3664 1791 3719 Antiochiam
1817 3677 1954 3731 quo-

383 3778 506 3832 que,
534 3762 620 3814 ubi
642 3761 691 3814 in
714 3775 898 3828 magna
922 3758 1311 3812 existimatione
1335 3763 1467 3818 erat,
1489 3756 1793 3808 innumeras
1820 3767 1955 3821 pene

383 3853 639 3924 epistolas
655 3849 952 3905 misitexsul
983 3866 996 3902 :
1020 3863 1242 3918 quarum
1264 3847 1441 3900 multat
1458 3845 1684 3915 periere,
1700 3844 1956 3913 plurimas

385 3958 594 4016 quoque
621 3957 687 3996 ex
733 3942 796 3995 iis
829 3955 946 4009 qua:
1002 3945 1286 4008 supersunt
1337 3949 1443 3990 non
1489 3936 1733 3989 novimus
1777 3944 1953 3988 utrum

386 4037 452 4092 ad
481 4033 839 4090 Antiochenos
863 4039 1124 4100 spectent,
1154 4029 1276 4097 quia
1307 4027 1602 4096 saepissime
1655 4040 1760 4079 non
1785 4033 1953 4087 notat,

389 4141 489 4180 nec
518 4125 609 4178 dat
647 4123 821 4176 locum
865 4110 1277 4181 internoscendi,
1297 4132 1400 4184 quo
1431 4117 1482 4170 in
1511 4116 1628 4169 loco
1655 4115 1893 4168 habitent
1921 4114 1958 4168 ii

389 4218 454 4272 ad
475 4231 605 4287 quos
619 4216 800 4270 literas
817 4212 1028 4282 dirigit;
1067 4209 1357 4263 verisimile
1386 4215 1561 4261 autem
1592 4215 1676 4261 est
1705 4207 1959 4275 plurimas

389 4326 454 4364 ex
478 4309 601 4372 illis,
622 4322 740 4376 qua:
772 4301 1068 4372 huiusmodi
1097 4309 1274 4354 notam
1322 4314 1427 4352 non
1460 4297 1652 4362 ferunt,
1685 4297 1749 4349 ad
1775 4296 1960 4349 Antio.

389 4402 593 4454 chenos
617 4399 808 4452 missas
835 4395 1014 4449 fuisse.
1047 4393 1188 4447 lnter
1217 4405 1328 4453 eos,
1357 4388 1447 4459 qui
1479 4389 1774 4442 Antiochia:
1801 4387 1958 4440 sedes

394 4489 676 4549 habebant,
705 4487 932 4540 amicitia
954 4485 1025 4538 illi
1047 4479 1458 4551 coniunctissimi
1479 4485 1632 4533 erant
1662 4477 1956 4530 Marcianus

391 4589 444 4632 et
465 4577 796 4632 Marcellinus
828 4576 1038 4640 fratres,
1062 4588 1285 4643 quorum
1337 4580 1633 4640 postremus
1671 4569 1722 4621 in
1754 4567 1958 4620 duobus

393 4670 517 4724 Mss.
544 4667 908 4721 Marcellianus
928 4674 1164 4718 vocatur.
1210 4663 1318 4717 Hos
1341 4676 1468 4716 vero
1505 4661 1747 4716 obsecrat
1773 4661 1824 4714 in
1845 4659 1958 4727 epi-

391 4761 522 4816 stola
551 4759 670 4822 129,
702 4765 761 4811 ut
787 4771 845 4810 se
874 4755 1176 4824 frequenter
1203 4754 1268 4807 de
1295 4754 1594 4808 valetudine
1617 4767 1709 4806 sua
1765 4752 1958 4806 certio-

395 4869 506 4908 rem
559 4851 767 4905 faciant.
809 4846 1139 4901 Theodotum
1181 4858 1306 4896 vero
1355 4843 1635 4897 diaconum
1678 4851 1874 4908 monet,
1905 4851 1962 4896 ut

397 4941 784 4999 Marcellianum
831 4945 884 4991 et
925 4934 1140 4989 fratrem
1177 4933 1474 4996 conveniat,
1507 4942 1560 4985 et
1601 4933 1738 5000 apud
1767 4947 1860 4986 eos
1908 4931 1960 4986 id

397 5041 536 5103 agat,
554 5040 609 5084 ut
637 5029 1062 5097 Chrysostomum
1090 5031 1310 5093 purgent
1334 5021 1472 5090 apud
1501 5021 1812 5087 Carteriam,
1844 5037 1962 5089 qua:

395 5126 466 5180 de
489 5124 860 5193 Chrysostomo
886 5117 1222 5186 querebatur,
1243 5114 1381 5184 quod
1410 5113 1473 5168 ad
1497 5128 1612 5167 eam
1639 5129 1740 5167 non
1762 5116 1963 5169 scribe-

398 5229 512 5272 ret:
541 5232 641 5286 qua
671 5215 736 5268 de
755 5227 813 5267 re
845 5209 1079 5265 inferius.
1110 5208 1498 5262 Marcellianum
1524 5221 1648 5260 vero
1668 5216 1719 5259 et
1746 5205 1960 5259 fratrem

401 5309 486 5361 hic
526 5304 879 5360 nobilissimos
917 5308 1088 5354 vocat.
1119 5298 1338 5367 Scripsit
1365 5299 1522 5353 etiam
1560 5297 1660 5351 illis
1685 5297 1960 5366 epistolam

399 5399 524 5462 224,
557 5411 607 5452 et
625 5397 859 5468 queritur
877 5392 1014 5463 quod
1035 5391 1245 5456 sileant,
1285 5407 1381 5445 nec
1402 5391 1583 5445 literas
1603 5389 1702 5443 sibi
1730 5389 1959 5455 mittant,

402 5503 500 5542 nec
516 5499 783 5557 acceptam
809 5486 906 5540 sibi
935 5498 1052 5537 esse
1076 5482 1201 5535 dicit
1221 5482 1636 5543 excusationem,
1685 5495 1842 5550 quam
1873 5494 1965 5547 per

398 5578 762 5632 Constantium
785 5576 1142 5647 presbyterum
1173 5572 1441 5624 miserant.
1469 5571 1662 5625 Verum
1690 5579 1967 5639 antequam

403 5666 474 5719 illi
505 5666 637 5718 hanc
655 5668 928 5734 epistolam
977 5664 1290 5732 acciperent,
1322 5675 1503 5714 eorum
1526 5660 1640 5729 ipse
1682 5661 1862 5716 literas
1883 5674 1971 5714 ac-

402 5758 560 5824 cepit,
588 5756 735 5823 queis
760 5758 905 5811 illum
933 5756 1159 5812 vicissim
1205 5751 1536 5806 lacessebant
1559 5751 1701 5820 quod
1744 5751 1840 5806 sibi
1866 5767 1972 5808 non

404 5847 678 5904 scriberet.
704 5846 997 5915 Respondit
1021 5849 1124 5904 illis
1171 5846 1578 5916 Chrysostomus
1599 5882 1612 5906 ,
1647 5854 1804 5912 atque
1831 5844 1974 5912 ipsos

408 5956 512 5998 non
540 5937 654 5994 sine
673 5951 830 5992 causa
875 5953 1052 6007 parem
1100 5935 1480 6008 querimoniam
1521 5932 1709 5988 aﬂerre
1751 5934 1971 5989 confitc-

1488 554 1668 612 NUNC
1707 554 1966 613 PRIMUM
2005 555 2278 611 ADORNA
2288 558 2398 614 TA.

3521 564 3622 617 353-0

2049 681 2154 724 tur.
2189 671 2263 724 Ex
2295 671 2450 726 dictis
2494 689 2616 730 vero
2638 676 2753 745 ejus
2781 675 2984 730 eruitur
3019 676 3158 740 illos,
3192 676 3290 730 nisi
3310 679 3622 746 aegritudine

2045 764 2430 827 detinerentur,
2461 767 2621 834 ipsius
2649 767 2859 821 videndi
2886 782 3041 822 causa
3087 769 3350 824 Cucusum
3374 781 3622 824 venturos

2047 854 2228 919 fuisse,
2262 853 2312 906 id
2341 857 2478 922 quod
2529 858 2615 911 ille
2655 857 2941 912 admodum
2981 867 3230 928 ex0ptare
3289 859 3621 914 testiﬁcatur.

2047 943 2192 996 Alias
2213 943 2371 997 etiam
2404 945 2528 1013 ipsis
2556 948 2695 1002 misit
2738 947 3010 1017 epistolas,
3033 964 3223 1018 nempe
3251 953 3336 1016 19,
3361 952 3450 1016 65,
3495 950 3618 1014 100,

2045 1042 2099 1086 et
2126 1033 2227 1087 129
2259 1051 2272 1085 :
2307 1033 2357 1086 in
2386 1037 2534 1103 queis
2551 1039 2733 1092 eadem
2763 1040 2874 1108 ipsa
2903 1044 3112 1109 repetit,
3131 1041 3228 1094 sibi
3253 1042 3494 1095 nimirum
3519 1057 3623 1095 ειυ-

2049 1124 2165 1192 pius
2195 1125 2456 1178 scribendi
2490 1127 2750 1183 licentiam
2795 1147 2824 1184 a
2859 1133 3193 1200 praedonibus
3239 1133 3431 1186 lsauris
3468 1133 3622 1202 eripi,

2047 1214 2432 1286 literarumque
2459 1217 2804 1287 frequentiam
2845 1233 3095 1291 exoptare
3126 1239 3182 1277 se
3225 1224 3550 1278 testificatur.

2117 1307 2382 1361 Marciano
2402 1309 2560 1362 etiam
2593 1310 2739 1364 alteri
2776 1313 3007 1367 Tribuno
3038 1317 3313 1385 epistolam
3346 1331 3404 1370 se
3433 1317 3611 1369 misis-

2045 1410 2105 1449 se
2136 1407 2521 1452 commemorat
2554 1399 2744 1468 (Epist.
2773 1400 2868 1454 211
2906 1404 2943 1469 ),
2977 1421 3092 1470 qua:
3115 1409 3220 1472 jam
3252 1408 3441 1459 amissa
3463 1416 3589 1474 puta

2049 1493 2151 1538 tur.
2182 1486 2284 1539 Sed
2305 1489 2354 1540 in
2381 1490 2604 1557 epistola
2638 1490 2741 1544 122
2777 1491 2842 1544 ad
2888 1492 3033 1544 illum
3082 1497 3241 1548 missa
3283 1511 3623 1566 summopere

2051 1573 2223 1628 laudat
2253 1577 2421 1640 illum,
2444 1580 2581 1648 quod
2603 1582 2920 1648 pupillorum
2953 1585 3297 1650 patrocinium
3345 1590 3619 1657 suscipiat,

2052 1664 2322 1718 viduarum
2345 1683 2625 1723 mmrorem
2649 1672 2826 1737 leniat,
2848 1684 3210 1743 paupertatem
3229 1676 3366 1732 levet
3390 1678 3627 1748 plebem-

2051 1768 2154 1820 que
2175 1756 2469 1810 universam
2490 1759 2770 1828 frumento,
2801 1766 2943 1828 vino,
2986 1768 3106 1822 oleo
3134 1769 3355 1840 aliisque
3383 1772 3627 1826 omnibus

2054 1844 2212 1898 rebus
2239 1848 2441 1912 alat,ac
2469 1865 2563 1917 pro
2577 1868 2724 1908 more
2746 1865 2794 1910 ut
2819 1859 2916 1911 sibi
2949 1860 3252 1928 frequenter
3275 1864 3470 1917 scribat
3495 1863 3623 1918 hor-

2054 1944 2211 1989 tatur.
2241 1937 2546 1994 Marcellino
2570 1943 2728 1996 etiam
2761 1954 2815 1998 ut
2841 1949 3008 2001 amico
3025 1953 3185 2006 veteri
3216 1955 3397 2008 scribit
3425 1957 3625 2023 episto-

2055 2026 2128 2080 las
2154 2029 2214 2083 51
2247 2039 2298 2083 et
2323 2031 2440 2094 188,
2469 2032 2654 2088 eadem
2685 2034 2796 2090 fere
2827 2037 2934 2106 ipsa
2976 2055 3093 2109 quae
3123 2043 3173 2094 in
3221 2047 3428 2099 cteteris
3453 2064 3624 2100 etum-

2053 2119 2189 2174 tiaris
2223 2138 2378 2175 :nam
2407 2123 2702 2180 innumera:
2740 2144 2877 2197 pene
2922 2143 3044 2185 sunt
3084 2133 3320 2202 ejusdem
3373 2137 3557 2192 formze
3579 2151 3630 2195 et

2054 2212 2252 2264 tenoris
2276 2213 2534 2282 epistolae.
2567 2217 2832 2272 Antiocho
2880 2220 3005 2274 item
3040 2224 3214 2277 amico
3242 2225 3426 2278 scribit
3472 2229 3630 2295 epist.

2053 2299 2175 2363 189,
2207 2301 2566 2358 difficultatem
2611 2308 2873 2363 scribendi
2923 2312 2992 2365 ob
3025 2314 3416 2371 tabellariorum
3459 2334 3630 2388 penu—

2055 2390 2186 2442 riam
2206 2407 2525 2460 memorans,
2550 2394 2850 2465 frequentes
2887 2401 2954 2453 ab
2995 2417 3061 2456 eo
3089 2404 3267 2460 literas
3321 2419 3529 2476 petens,
3558 2410 3626 2462 il-

2059 2479 2271 2547 lumque
2292 2483 2626 2540 Artemidore
2645 2488 2854 2543 cuidam
2876 2496 3211 2549 commendat
3241 2497 3291 2549 in
3323 2500 3480 2567 epist.
3507 2502 3631 2557 177.

2060 2571 2278 2640 Alypius
2305 2589 2429 2628 vero
2444 2576 2654 2644 quidam
2675 2578 3052 2649 Chrysostomo
3083 2585 3363 2641 admodum
3387 2590 3632 2648 addictus

2058 2661 2155 2731 ipsi
2195 2663 2341 2731 prior
2359 2667 2645 2733 Scripserat
2697 2671 2854 2738 epist.
2892 2671 2911 2742 (
2939 2673 3061 2738 186,
3096 2676 3194 2730 178
3216 2677 3256 2747 >,
3288 2678 3426 2734 haud
3475 2681 3633 2738 dubie

2053 2769 2173 2808 cum
2210 2758 2381 2824 primo
2407 2758 2667 2814 Cucusum
2683 2762 3000 2829 advenisset,
3017 2767 3108 2820 sed
3133 2783 3250 2822 cum
3267 2775 3631 2841 excusatione,

2055 2861 2122 2899 ne
2137 2862 2200 2900 ex
2234 2848 2318 2901 illa
2351 2852 2687 2907 festinatione
2710 2856 2857 2922 quasi
2882 2856 3164 2913 admodum
3186 2876 3630 2934 praecepsargue-

2056 2943 2221 2990 retur.
2249 2937 2554 3007 Respondet
2575 2943 2648 2996 illi
2684 2943 3117 3016 Chrysostomus,
3145 2964 3202 3003 se
3222 2991 3238 3015 ,
3268 2959 3325 3004 ut
3356 2955 3500 3020 prius
3529 2955 3639 3008 dili-

2058 3027 2286 3092 gentiam
2304 3037 2357 3080 et
2385 3028 2768 3086 festinationem
2791 3036 2904 3103 ejus
2932 3036 3258 3105 laudaverat,
3290 3040 3399 3109 jam
3421 3043 3636 3098 tardita-

2058 3124 2164 3171 tem
2187 3133 2430 3186 arguere.

2129 3209 2210 3262 Ad
2238 3211 2535 3264 Euthaliam
2576 3229 2787 3283 quoque
2838 3216 3044 3284 pietatis
3082 3219 3362 3287 singularis
3385 3222 3636 3280 feminam

2059 3298 2238 3352 literas
2266 3301 2407 3354 misit
2435 3301 2522 3366 52,
2557 3304 2675 3366 178,
2718 3306 3059 3374 queriturque
3093 3309 3233 3376 quod
3280 3311 3474 3366 multas
3497 3313 3632 3381 ipse,

2060 3403 2252 3458 paucas
2276 3390 2358 3443 illa
2389 3393 2487 3445 sibi
2539 3393 2716 3446 literas
2755 3396 2946 3459 mittat,
2991 3396 3222 3467 dicitque
3273 3407 3477 3455 tantum
3535 3405 3636 3458 sibi

2059 3480 2303 3549 gaudium
2326 3483 2612 3536 amicorum
2635 3483 2815 3537 literas
2838 3485 3047 3552 afferre,
3076 3497 3133 3541 ut
3161 3489 3460 3544 solitudinis
3481 3495 3639 3548 mole-

2059 3572 2426 3626 stiamnullam
2450 3576 2659 3629 sentiat.
2707 3575 2839 3630 Cum
2891 3579 3172 3647 Amprucla
3221 3590 3274 3636 et
3320 3583 3634 3651 quibusdam

2057 3664 2194 3724 aliis,
2219 3679 2336 3732 qum
2359 3679 2476 3718 cum
2519 3665 2606 3719 illa
2627 3668 2992 3732 versabantur,
3031 3671 3218 3738 majori
3247 3674 3406 3726 etiam
3436 3675 3634 3729 carita-

2059 3752 2125 3805 tis
2155 3753 2366 3807 vinculo
2391 3768 2557 3808 nexus
2573 3753 2733 3809 fuisse
2763 3756 2991 3822 videtur,
3013 3768 3066 3811 ut
3086 3775 3149 3812 ex
3182 3770 3408 3829 quatuor
3427 3766 3630 3833 episto-

2058 3838 2124 3893 lis
2151 3841 2213 3893 ad
2247 3841 2387 3894 illaut
2419 3843 2592 3896 missis
2619 3843 2786 3898 tribus
2812 3845 2830 3912 (
2857 3847 2979 3911 191,
3017 3847 3137 3912 103,
3168 3848 3239 3905 96
3267 3850 3286 3921 )
3321 3855 3632 3923 percipitut.

2060 3929 2487 3999 EratAmprncla
2514 3932 2735 3988 fortasse
2759 3933 2913 4005 Syra,
2933 3938 3014 3991 vel
3042 3939 3258 3995 alterius
3281 3942 3504 3999 fortasse
3533 3961 3633 4000 na-

2061 4022 2414 4091 tionis,neque
2433 4023 2616 4077 Grzece
2635 4026 2868 4080 scribere
2881 4028 3100 4093 sciebat;
3120 4045 3185 4083 ex
3208 4031 3416 4086 sincero
3435 4045 3633 4102 autem,

2061 4126 2167 4180 quo
2188 4126 2311 4179 erga
2327 4110 2759 4183 Chrysostomum
2787 4116 3081 4183 tenebatur,
3098 4117 3284 4174 affectu
3311 4132 3492 4176 vexata
3519 4139 3634 4177 ma-

2065 4202 2235 4269 lisque
2265 4202 2442 4256 multis
2472 4213 2525 4256 et
2546 4203 2633 4256 illa
2670 4212 2725 4258 et
2750 4206 2908 4259 socia:
2937 4220 3045 4260 suae
3071 4223 3204 4277 pene
3232 4209 3419 4264 obruta
3445 4212 3630 4267 fuerat.

2063 4290 2210 4343 Illam
2239 4307 2364 4346 vero
2390 4293 2593 4347 solatur
2637 4293 3066 4364 Chrysostomus,
3127 4303 3404 4366 praesentia
3459 4305 3634 4358 omnia

2061 4380 2199 4434 ﬂuxa
2230 4397 2345 4435 esse
2366 4382 2568 4446 dicens,
2595 4383 2766 4436 futura
2793 4394 2968 4438 autem
2998 4388 3132 4440 bona
3153 4390 3300 4442 firma
3322 4400 3374 4445 et
3402 4393 3450 4444 in
3471 4403 3630 4447 teter-

2061 4489 2186 4526 num
2233 4477 2516 4527 manentia.
2574 4475 2899 4530 Harmatium
2933 4493 3075 4543 vero,
3109 4481 3332 4548 probum
3383 4484 3553 4539 virum
3581 4496 3635 4540 et

2063 4565 2389 4633 opulentum,
2409 4565 2497 4634 qui
2517 4565 2816 4620 hominibus
2833 4567 2944 4621 suis
2973 4569 3344 4637 imperaverat,
3375 4584 3431 4626 ut
3456 4576 3633 4630 omnia

2063 4657 2252 4724 quibus
2278 4671 2433 4724 egere
2469 4666 2648 4724 posset
2665 4656 3080 4729 Chrysostomus
3097 4661 3197 4730 ipsi
3213 4664 3632 4733 suppeditarent,

2063 4746 2230 4801 literis
2255 4747 2404 4816 suis(
2432 4748 2497 4801 75
2522 4748 2735 4818 )monct
2755 4749 2855 4801 sibi
2878 4751 3054 4804 omnia
3095 4750 3331 4817 affluere,
3360 4763 3487 4809 etse
3511 4757 3635 4809 nul-

2069 4837 2119 4890 lo
2145 4852 2276 4905 opus
2303 4837 2516 4902 habere,
2546 4838 2636 4891 sed
2682 4839 2724 4891 si
2755 4839 3032 4906 gratificari
3063 4841 3160 4892 sibi
3209 4843 3352 4906 velit,
3383 4844 3548 4898 literis
3578 4860 3640 4899 se

2070 4926 2369 4996 frequenter
2396 4928 2460 4981 de
2486 4941 2577 4980 sua
2596 4936 2650 4980 et
2689 4925 2901 4981 familia:
2933 4929 3091 4982 totius
3113 4931 3412 4988 valetudine
3437 4934 3634 4988 certio-

2065 5034 2175 5074 t'em
2207 5019 2378 5073 faciat.

2139 5111 2351 5181 llycmis
2382 5125 2505 5163 vero
2527 5119 2781 5180 tempore,
2800 5110 2911 5164 sive
2928 5110 3119 5183 hyeme
3149 5114 3380 5177 ineunte,
3404 5131 3513 5167 cum
3528 5117 3640 5185 jam

2069 5201 2258 5271 hycmis
2280 5210 2470 5273 tempus
2495 5200 2600 5256 uias
2629 5201 3002 5267 intercluderet,
3047 5203 3287 5257 Musonio
3318 5204 3527 5270 scripsit
3549 5219 3635 5271 ep.

2066 5295 2172 5349 216
2196 5311 2210 5346 :
2237 5307 2396 5364 quem
2446 5293 2625 5348 laudat
2663 5307 2691 5346 a
2723 5294 3024 5348 sinceritate
3061 5294 3313 5357 caritatis,
3343 5295 3410 5348 ab
3433 5297 3633 5349 amoris

2070 5386 2282 5451 ardore,
2316 5386 2380 5440 ab
2406 5386 2567 5439 animi
2615 5386 2928 5450 constantia,
2981 5385 3047 5438 ab
3074 5385 3392 5453 ingenuitate
3419 5386 3640 5439 simula-

2074 5479 2231 5533 tionis
2258 5487 2472 5546 experte
2499 5493 2511 5538 ;
2544 5476 2780 5543 queritur
2800 5483 2994 5537 autem,
3019 5475 3154 5544 quod
3178 5475 3423 5543 licetjam
3445 5493 3637 5531 secun-

2074 5569 2145 5624 do
2167 5569 2361 5622 scribat
2378 5568 2494 5634 ipsi,
2516 5567 2706 5619 nullam
2726 5565 2898 5618 adhuc
2915 5566 3029 5633 ejus
3048 5565 3314 5633 acceperit
3337 5566 3635 5635 epistolam,

2077 5659 2214 5731 quod
2242 5658 2504 5712 silentium
2550 5655 2749 5709 crebris
2797 5655 3062 5710 desiderat
3105 5656 3345 5724 epistolis
3386 5670 3620 5724 compen-

2079 5753 2202 5806 sari.

2150 5840 2316 5912 Magis
2345 5839 2624 5893 inclarescit
2653 5840 2704 5890 in
2731 5837 2904 5891 exsilio
2929 5853 3078 5905 quam
3099 5836 3546 5907 Constantinopoli.
3576 5867 3652 5878 -ς

2081 5933 2310 5989 Joannes
2333 5945 2456 5986 vero
2483 5931 2534 5985 in
2578 5929 2762 5984 exsilio
2791 5927 2989 6000 degens
3043 5928 3205 5998 magis
3243 5926 3646 5992 inclarescebat,
