4506 6710
830 542 928 598 231

826 669 985 725 quam
1010 665 1133 708 cum
1161 649 1454 707 Antiochiae
1475 650 1560 705 vel
1604 647 2063 715 ConstantinOpoli
2087 657 2229 703 esset
2254 647 2272 714 (
2306 643 2409 700 So-

826 762 960 801 sont.
988 746 1027 801 ι.
1067 745 1123 801 8.
1172 761 1219 798 c.
1266 742 1401 813 27).
1446 737 1579 797 Cum
1636 741 1778 797 enim
1809 738 2047 807 pecuniis
2098 737 2412 801 abundaret,

825 852 960 908 quas
982 847 1089 890 tum
1120 834 1393 907 Olympias
1409 832 1728 894 diaconissa,
1762 840 1871 883 tum
1900 829 1990 883 alii
2022 830 2171 883 multi
2217 827 2417 882 submi-

828 929 1148 992 nistrabant,
1170 929 1408 995 captivos
1423 926 1677 997 plurimos
1704 922 1771 976 ab
1794 922 1989 975 lsauris
2018 922 2261 985 redemit,
2281 918 2418 973 mul-

828 1021 897 1074 tis
921 1020 1083 1074 etiam
1108 1020 1289 1089 egenis
1328 1016 1624 1071 necessaria
1675 1013 1895 1083 largitus
1915 1022 2032 1077 est;
2063 1028 2177 1078 eos,
2204 1011 2294 1082 qui
2325 1025 2416 1080 pc-

835 1111 1011 1167 cuniis
1039 1126 1145 1165 non
1176 1109 1418 1179 egebant,
1448 1105 1725 1174 colloquiis
1754 1104 1854 1158 sibi
1901 1105 2236 1160 conciliabat.
2264 1103 2417 1157 Erat-

830 1217 935 1274 que
956 1201 1237 1257 admodum
1259 1213 1413 1253 carus
1444 1208 1552 1252 tum
1576 1198 1825 1253 Armenis
1854 1197 1993 1267 apud
2020 1211 2153 1268 quos
2171 1194 2414 1265 degebat,

831 1305 942 1351 tum
969 1293 1205 1347 finitimis
1219 1291 1485 1346 omnibus.
1506 1290 1655 1345 Multi
1684 1290 1920 1361 quotidie
1946 1289 2012 1343 ad
2030 1304 2151 1344 eum
2182 1286 2420 1342 conflueo

833 1384 963 1439 bant
986 1398 1051 1437 ex
1073 1383 1203 1437 urbe
1235 1382 1533 1447 Antiochia,
1562 1398 1627 1437 ex
1643 1382 1793 1453 Syria
1819 1391 1874 1435 et
1893 1396 1958 1434 ex
1979 1380 2181 1432 Cilicia.
2214 1380 2413 1447 Atque,

831 1484 891 1529 ut
918 1472 1157 1544 pluribus
1185 1472 1319 1528 infra
1341 1474 1564 1534 dicetur.
1607 1486 1699 1525 eos
1728 1472 1816 1539 qui
1867 1468 2200 1538 evangelium
2226 1468 2418 1536 praedi-

831 1566 1025 1621 cabant
1050 1566 1101 1620 in
1128 1564 1684 1631 Plimnicia,juv:ibat,
1718 1572 1771 1615 et
1792 1561 2006 1615 monitis
2026 1569 2081 1615 et
2110 1559 2415 1631 largitioni-

830 1654 951 1721 bus,
977 1654 1110 1707 alios
1133 1668 1341 1723 quoque
1368 1653 1604 1715 mittens,
1643 1651 1732 1721 qui
1763 1650 1937 1705 eidem
1968 1652 2119 1719 operi
2144 1650 2421 1707 incumbe-

830 1754 946 1801 rent
972 1761 985 1799 :
1008 1744 1273 1814 etiamque
1300 1742 1617 1799 Gotthorum
1652 1751 1707 1799 et
1734 1742 2017 1798 Persarum
2032 1741 2303 1798 Ecclesias
2330 1757 2422 1798 cu-

828 1837 999 1891 rabat.

902 1925 1225 1998 Porphyrius
1268 1926 1321 1981 in
1357 1926 1698 1997 episcopatum
1747 1926 2114 1981 Antiochenam
2160 1927 2409 1980 introsus.

829 2046 902 2059 --
926 2017 1047 2073 lllus
1074 2026 1253 2073 autem
1282 2018 1371 2088 qui
1392 2019 1490 2073 sibi
1518 2017 1712 2071 addicti
1756 2026 1927 2083 erant,
1971 2025 2076 2070 tam
2119 2016 2418 2069 Constanti-

832 2112 1033 2180 n0poli,
1060 2126 1218 2181 quam
1245 2110 1561 2173 Antiochim,
1591 2110 1643 2163 in
1688 2108 1938 2162 aerumnis
1965 2107 2087 2161 ideo
2112 2115 2411 2171 versantes,

832 2202 1047 2258 fovebat
1090 2202 1521 2270 sustentabatque
1576 2215 1673 2269 pro
1717 2200 1918 2254 viribus
1946 2198 2180 2271 (Pallad.
2204 2198 2414 2269 Dialog.

831 2290 1038 2348 Sozom.
1096 2292 1133 2346 ι.
1164 2290 1218 2346 8.
1270 2307 1318 2345 c.
1352 2289 1489 2361 24).
1519 2288 1653 2346 Cum
1706 2304 1838 2345 vero
1876 2288 2163 2345 Flavianus
2211 2289 2421 2360 episco-

828 2398 927 2453 pus
943 2391 1182 2436 mortuus
1202 2390 1346 2436 esset
1381 2395 1523 2436 anno
1542 2381 1669 2445 404,
1722 2379 2053 2452 Porphyrius
2077 2380 2159 2434 vir
2188 2394 2220 2433 a
2241 2378 2421 2449 probis

828 2472 1068 2527 moribus
1110 2470 1412 2526 abhorrens
1436 2510 1453 2535 ,
1497 2484 1620 2525 sese
1672 2468 2061 2525 Antiochenum
2109 2470 2420 2539 episcopum

830 2572 953 2633 pcst
975 2562 1220 2618 Flaviani
1250 2562 1452 2616 obitum
1482 2560 1711 2631 indignis
1748 2560 1922 2615 modis
1960 2560 2196 2615 ordinari
2217 2560 2423 2614 curavit

830 2653 899 2707 ab
947 2650 1143 2707 Acacio
1182 2649 1441 2722 (Pallad.
1490 2649 1748 2721 Dialog.),
1792 2650 2079 2704 Severiano
2129 2658 2184 2703 et
2234 2650 2422 2703 Antio-

826 2744 952 2811 cho,
977 2744 1262 2813 statimque
1302 2742 1669 2813 Cbrysostomi
1718 2740 2150 2796 condemnationi
2179 2740 2417 2794 subscri-

826 2838 1322 2909 psit:quapropter
1371 2834 1525 2891 multi
1553 2835 1608 2891 in
1659 2834 1814 2907 Syria
1844 2834 1912 2889 ab
1964 2834 2081 2904 ejus
2136 2832 2409 2889 consortio

824 2944 948 2986 sese
975 2934 1400 2999 sequestrarunt,
1443 2941 1507 2981 ac
1534 2926 1759 2981 seorsim
1787 2925 2041 2979 collectas
2062 2923 2416 2989 celebrantes,

826 3023 1021 3079 multas
1048 3035 1315 3077 mrumnas
1333 3035 1397 3075 ac
1415 3019 1688 3074 molestias
1709 3028 1831 3073 sunt
1854 3016 2116 3087 perpessi.
2135 3015 2268 3070 Nam
2295 3015 2420 3069 Cle-

831 3128 927 3168 rus
948 3110 1314 3166 Antioclienus
1360 3108 1618 3179 insignior
1658 3107 1794 3162 clam
1836 3106 2049 3177 plebem
2094 3104 2421 3174 colligebat,

828 3201 1208 3258 accedentibus
1235 3200 1397 3255 etiam
1428 3198 1740 3253 mulieribus
1759 3214 1877 3267 qum
1916 3197 2106 3266 opibus
2128 3196 2417 3265 pollebant.

826 3292 957 3347 Tota
998 3290 1110 3346 fere
1138 3289 1469 3345 Antiochena
1496 3288 1735 3343 Ecclesia
1760 3286 1982 3342 Joannis
2004 3285 2265 3341 invisendi
2285 3300 2419 3340 cau-

831 3400 890 3440 sa
920 3385 973 3439 in
997 3383 1305 3439 Armeniam
1330 3382 1597 3452 migravit,
1640 3388 1697 3435 et
1745 3380 1798 3433 in
1844 3378 2019 3433 reditu
2078 3392 2265 3431 omnes
2303 3377 2420 3447 ejus

834 3473 1228 3545 philosophiam
1252 3472 1611 3543 pratdicarunt
1640 3488 1656 3525 :
1698 3485 1817 3539 quae
1866 3485 1953 3524 res
1999 3468 2345 3524 Severianum
2367 3478 2422 3523 et

829 3565 1183 3638 Porphyrium
1207 3566 1278 3619 ita
1296 3562 1592 3629 mordebat,
1613 3569 1673 3617 ut
1692 3564 1809 3633 ejus
1836 3560 1957 3617 ideo
1980 3571 2274 3616 extremam
2296 3574 2423 3629 per-

838 3660 1032 3715 niciem
1064 3658 1396 3713 molirentur.

901 3751 1013 3805 Hoc
1037 3750 1251 3805 circiter
1271 3758 1481 3819 tempus
1516 3748 1784 3805 Cucusum
1809 3748 1957 3805 venit
1984 3748 2269 3819 presbyter
2294 3748 2417 3818 qui-

829 3841 951 3897 dam
977 3856 1006 3895 a
1036 3841 1240 3896 Damno
1254 3840 1505 3910 episcopo
1530 3840 1597 3895 ad
1620 3839 1880 3896 Joannem
1908 3841 2123 3895 missus.
2154 3840 2284 3894 Erat
2312 3854 2413 3893 au-

832 3942 940 3989 tem
962 3933 1197 3988 Domnus
1226 3932 1325 4001 ipsi
1373 3932 1864 4003 conjunctissimus,
1894 3947 2053 4002 quem
2105 3941 2257 4002 rogat
2306 3931 2422 3987 fre-

832 4032 1059 4094 quenter
1101 4024 1281 4077 literas
1308 4022 1482 4076 solatii
1536 4038 1696 4077 causa
1745 4023 1845 4077 sibi
1892 4022 2085 4077 mittat.
2135 4024 2425 4077 Accessere

832 4129 1044 4186 quoque
1068 4113 1157 4167 alii
1184 4113 1481 4184 presbyteri
1522 4113 1689 4182 ipsius
1720 4113 1981 4167 invisendi
2024 4113 2213 4183 gratia,
2240 4122 2295 4168 et
2324 4112 2425 4166 for-

835 4207 991 4261 tassis
1018 4205 1353 4269 Antiocheni,
1380 4204 1573 4275 quibus
1600 4204 1667 4259 ad
1710 4219 1806 4259 sua
1834 4206 2222 4261 revertentibus
2242 4207 2425 4261 literas

832 4297 980 4353 dedit
1002 4297 1069 4352 ad
1098 4296 1362 4366 Elpidium
1390 4297 1698 4366 episcopum
1742 4296 2080 4362 deferendas,
2111 4313 2199 4367 ep.
2226 4298 2297 4354 25
2325 4316 2339 4352 :
2369 4299 2421 4353 in

832 4405 1054 4459 quarum
1075 4387 1339 4460 principio
1358 4388 1506 4451 dicit,
1531 4402 1591 4443 se
1612 4388 1948 4458 frequentius
1967 4388 2065 4457 ipsi
2094 4390 2420 4457 scripturum

836 4479 1015 4544 fuisse,
1044 4480 1144 4534 nisi
1173 4480 1437 4534 latronum
1464 4489 1660 4545 metus,
1686 4478 1813 4533 anni
1840 4488 2148 4549 tempestas,
2174 4489 2229 4534 et
2251 4480 2420 4535 tabel-

837 4572 1089 4628 lariorum
1114 4573 1312 4641 inopia,
1337 4572 1639 4627 facultatem
1664 4572 1765 4627 sibi
1790 4571 2116 4637 adimerent;
2146 4584 2422 4641 precatur-

837 4679 942 4733 que
970 4670 1028 4715 ut
1055 4662 1364 4732 frequenter
1415 4676 1474 4715 se
1529 4662 1695 4717 literis
1743 4661 2043 4730 compellet.
2098 4662 2420 4716 Eorumdem

838 4753 1263 4824 presbyterorum
1310 4752 1606 4807 ministerio
1628 4752 1815 4807 eadem
1843 4767 1977 4821 pene
2010 4753 2120 4821 ipsa
2152 4753 2336 4806 scribit
2357 4753 2422 4807 ad

837 4844 1080 4913 Magnum
1129 4844 1461 4914 episc0pmn.
1525 4844 1669 4898 Dona
1714 4852 1891 4898 autem
1943 4843 2422 4911 undiqueaccipie-

839 4932 977 4990 bata
1023 4936 1149 4989 Viris
1180 4936 1756 5006 probis,etinsignibus
1801 4936 2011 4993 feminis
2031 4936 2169 5007 τεᾳυὶ
2196 4936 2424 5007 bonique

839 5026 1157 5093 amantibus,
1188 5028 1257 5081 ita
1285 5036 1343 5081 ut
1390 5042 1569 5081 rerum
1613 5029 1849 5083 omnium
1887 5031 2039 5099 copia
2092 5029 2408 5085 abundaret.

841 5118 1177 5186 Quapropter
1204 5131 1325 5171 cum
1373 5117 1611 5186 quotidie
1664 5120 1972 5174 muneribus
2004 5135 2095 5177 res
2142 5120 2420 5177 familiaris

842 5209 974 5263 ultra
997 5208 1213 5263 modum
1238 5220 1542 5279 augeretur,
1562 5211 1727 5280 cmpit
1752 5211 1842 5265 ille
1868 5212 2183 5269 donantibus
2199 5230 2417 5271 munera

844 5300 1130 5365 remittere,
1164 5309 1297 5355 etut
1336 5300 1590 5371 largiendi
1630 5302 1790 5359 tinem
1843 5299 2081 5359 facerent
2132 5319 2337 5374 rogare,
2364 5316 2421 5362 ut

843 5389 1019 5445 videre
1044 5391 1196 5446 estin
1224 5391 1462 5461 epistolis
1486 5392 1556 5448 50
1578 5392 1646 5449 ad
1697 5394 2004 5467 Diogenem,
2052 5394 2120 5453 6l
2149 5396 2213 5449 ad
2241 5395 2419 5451 Theo-

839 5479 1109 5535 dotumex
1141 5482 1541 5550 Consularibus,
1585 5493 1640 5539 et
1687 5486 1795 5541 252
1818 5486 1883 5541 ad
1929 5484 2244 5541 Cartcriam.
2295 5488 2418 5543 Dio-

837 5586 1001 5640 genes
1032 5585 1165 5627 vero
1185 5572 1321 5629 dona
1368 5590 1463 5630 sua
1512 5575 1731 5631 miserat
1759 5593 1852 5647 per
1880 5578 2221 5647 Aphraatem,
2247 5578 2418 5633 virum

839 5664 1319 5732 religiosissimum,
1338 5684 1495 5738 quem
1538 5668 1777 5741 jusserat
1808 5670 2187 5743 Chrysostomo
2215 5671 2416 5726 nolenti

839 5771 1055 5812 munera
1086 5758 1404 5829 relinquere.
1441 5761 1741 5832 Aphraates
1771 5779 1838 5818 ne
1867 5764 2043 5819 literas
2089 5766 2303 5837 quidem
2351 5766 2418 5819 ab

840 5847 930 5899 illo
958 5864 1015 5903 se
1042 5862 1381 5922 accepturum
1422 5868 1541 5909 esse
1568 5856 1887 5920 minabatur,
1921 5858 2017 5911 nisi
2048 5858 2162 5927 ipse
2190 5874 2415 5913 munera

836 5938 1119 6009 acciperet.
1150 5943 1560 6015 Chrysostonius
1608 5962 1735 6003 vero
1774 5947 2154 6017 componendae
2186 5947 2260 6005 rei
2293 5964 2411 6002 mo-

1926 535 1985 591 S.
2023 534 2302 592 JOANNIS
2337 529 2819 590 CHRYSOSTOMI
2863 532 3047 597 VITA,

4001 542 4112 599 232

2525 643 2651 699 dum
2700 645 2969 709 excitavit,
3019 646 3403 718 epistulamque
3452 646 3597 702 misit
3622 646 3683 701 51
3739 647 3982 719 Diogeni,
4004 668 4109 723 qua

2523 733 2767 789 hortatur
2796 735 2965 799 illum,
2985 745 3043 788 ut
3068 737 3391 804 Aphraatem
3413 738 3594 808 jubeat
3642 752 3861 791 munera
3889 740 3977 794 illa
4008 743 4102 798 de-

2521 824 2662 881 ferre
2690 830 2741 882 in
2791 826 3136 893 thniciam,
3157 829 3365 900 illisque
3394 832 3587 887 offerre
3610 830 3940 902 quiregionis
3958 833 4109 889 istius

2522 920 2749 986 gentiles
2798 918 2863 972 ad
2910 917 3265 974 Christianam
3307 922 3466 977 fidem
3519 923 3779 978 adducere
3818 922 4097 990 curabant,

2524 1010 2665 1065 unde
2692 1012 2859 1082 major
2880 1011 3075 1065 utilitas
3092 1010 3267 1066 futura
3305 1024 3441 1069 erat.
3479 1016 3604 1072 lnde
3645 1032 3769 1072 vero
3796 1016 4111 1085 conjicimus

2527 1099 2814 1171 Diogenem
2847 1102 2993 1156 illum
3034 1100 3333 1156 Antiochia:
3359 1103 3541 1172 fuisse,
3586 1117 3746 1179 atque
3786 1109 4105 1181 Aphraatem

2524 1192 2577 1246 in
2611 1193 2781 1247 reditu
2815 1211 2911 1249 suo
2929 1210 3022 1265 per
3041 1193 3367 1249 thniciam
3398 1194 3561 1251 fuisse
3601 1202 3970 1261 transiturum.

2594 1283 2831 1340 Carteria
2860 1302 2988 1341 vero
3011 1294 3152 1340 tanto
3175 1300 3302 1356 erga
3334 1283 3777 1357 Chrysostomum
3805 1293 3996 1349 affectu
4025 1292 4108 1350 fe-

2524 1373 2766 1444 rebatur,
2791 1387 2848 1430 ut
2870 1379 2968 1431 nisi
2994 1378 3143 1448 gravi
3166 1376 3354 1432 morbo
3378 1377 3591 1433 detenta
3614 1378 3821 1451 fuisset,
3840 1385 4108 1441 Cucusum

2524 1466 2640 1535 ejus
2662 1468 2866 1522 visendi
2888 1484 3047 1524 causa
3068 1468 3364 1539 profectura
3386 1466 3591 1533 fuisset,
3611 1479 3669 1523 ut
3686 1470 3848 1539 liquet
3866 1489 3932 1529 ex
3949 1478 4106 1544 epist.

2523 1557 2629 1612 227
2657 1558 2676 1630 (
2699 1557 2865 1630 Epist.
2889 1559 3016 1633 18).
3042 1560 3226 1616 Morbo
3250 1569 3425 1615 autem
3456 1570 3824 1629 perseverante
3846 1563 3958 1631 ipsa
3985 1583 4110 1621 sua-

2527 1660 2618 1721 pte
2639 1668 2797 1706 manu
2819 1664 3087 1723 unguenta
3111 1653 3350 1723 quaadam
3377 1652 3625 1717 c0nfecit,
3648 1668 3767 1722 qua:
3792 1652 4110 1725 Chrysosto-

2526 1760 2617 1799 mo
2646 1744 2819 1809 misit,
2855 1754 2911 1798 ut
2951 1746 3114 1816 liquet
3148 1761 3214 1800 ex
3243 1746 3466 1815 epistola
3501 1746 3589 1800 54.
3624 1744 3714 1799 llla
3742 1760 3867 1799 vero
3893 1746 4109 1817 longam

2528 1837 3005 1906 peregrinationem
3035 1837 3171 1903 iniit,
3200 1847 3256 1890 ut
3280 1836 3452 1892 fertur
3479 1838 3528 1889 in
3554 1837 3712 1905 epist.
3740 1838 3809 1893 44
3835 1836 3902 1891 ad
3927 1838 4109 1893 Theo-

2525 1928 2707 1982 dotum
2728 1928 3034 1982 diaconum.
3057 1927 3168 1982 Sub
3188 1928 3302 1980 hmc
3326 1937 3502 1981 autem
3526 1927 3769 1995 Libanio,
3794 1928 3904 1982 viro
3922 1928 4110 1985 claris~

2522 2020 2690 2082 simo,
2718 2018 2916 2084 suasit,
2948 2029 3007 2073 ut
3030 2019 3294 2073 Cucusum
3323 2017 3690 2088 Clirysostomi
3720 2019 3924 2074 visendi
3950 2035 4109 2080 causa

2526 2108 3146 2178 proﬁcisceretur:un
3175 2108 3274 2177 ipsi
3294 2106 3581 2162 admodum
3605 2108 3819 2179 placuit,
3848 2119 3906 2163 ut
3928 2110 4110 2167 videre

2523 2207 2604 2253 est
2624 2198 2676 2253 in
2703 2198 3095 2269 elegantissima
3116 2200 3341 2269 epistola
3356 2199 3483 2254 232.
3507 2198 3667 2254 Venit
3688 2216 3814 2271 ergo
3835 2200 4107 2271 Libanius,

2523 2298 2578 2345 et
2606 2290 2891 2360 perexiguo
2915 2299 3158 2361 tempore
3180 2306 3300 2346 cum
3326 2291 3711 2363 Chrysostomo
3741 2303 3980 2350 versatus
4003 2306 4107 2362 est,

2525 2393 2584 2437 ut
2626 2383 2677 2437 in
2718 2384 2942 2454 epistola
2969 2384 3076 2439 250
3104 2384 3171 2440 ad
3213 2385 3478 2455 Elpidium
3504 2385 3814 2456 episcopum
3844 2399 4107 2444 narratur.

2528 2473 2578 2528 ls
2612 2474 2681 2529 de
2716 2476 2875 2530 rebus
2899 2517 2914 2542 ,
2941 2492 3061 2547 quae
3084 2475 3381 2534 Antiochiae
3414 2488 3525 2534 tum
3563 2478 3916 2547 gerebantur,
3949 2482 4112 2550 probo

2526 2565 2818 2621 instructus
2853 2579 3003 2634 erat,
3034 2578 3091 2623 et
3124 2570 3192 2626 de
3229 2572 3426 2628 Severa
3464 2574 3627 2628 nobili
3665 2575 3856 2643 piaque
3890 2573 4116 2629 muliere

2523 2655 2686 2707 multa
2717 2657 2917 2722 retulit,
2944 2674 3103 2727 quam
3135 2677 3426 2732 numquam
3449 2664 3653 2718 viderat
3679 2663 4110 2735 Chrysostomus.

2521 2744 2625 2799 Sed
2653 2761 2719 2801 ex
2747 2756 2966 2802 narratu
2994 2748 3201 2804 Libanii
3232 2760 3409 2807 motus
3432 2753 3666 2808 Joannes
3694 2763 3878 2808 noster
3909 2754 4114 2823 episto-

2520 2833 2628 2889 lam
2664 2835 2739 2889 illi
2774 2837 2918 2891 misit
2954 2836 3081 2893 229.
3112 2838 3247 2894 Cum
3280 2855 3441 2909 porro
3479 2841 3735 2899 Libanius
3762 2844 3939 2908 venit,
3967 2843 4113 2898 Con-

2522 2926 2747 2980 stantius
2786 2927 2875 2981 ille
2918 2929 3198 3000 presbyter
3222 2930 3606 3002 Chrysostomo
3644 2932 3950 2987 carissimus
3989 2948 4112 2988 cum

2524 3018 2619 3070 illo
2641 3026 2794 3083 erat;
2833 3018 3016 3075 literas
3042 3035 3203 3090 porro
3228 3021 3302 3076 illi
3327 3023 3473 3077 dedit
3495 3023 3732 3079 Joannes
3757 3024 3824 3079 ad
3849 3023 4114 3079 Constan-

2527 3111 2659 3166 tium
2687 3113 2912 3168 alterum
2944 3116 3315 3187 presbyterum
3345 3116 3685 3172 adferendas.

2597 3202 2783 3256 Adolia
2811 3214 3044 3258 matrona
3073 3206 3383 3259 Antiochena
3398 3208 3621 3261 caritatis
3632 3207 4115 3277 uinculojuncta.—-

2525 3290 2601 3344 Ex
2632 3292 2733 3362 piis
2759 3302 2936 3347 autem
2964 3303 3020 3349 et
3047 3294 3313 3350 nobilibus
3337 3295 3572 3364 feminis,
3599 3312 3721 3367 quae
3744 3298 4111 3368 Chrysostomi

2522 3381 2686 3436 ductu
2710 3382 2846 3437 viam
2869 3386 3058 3441 salutis
3074 3388 3445 3457 capessebant,
3464 3389 3663 3444 nullam
3682 3391 3851 3460 magis
3869 3390 4111 3457 curabat,

2525 3474 2777 3544 nullaque
2805 3475 2904 3544 ipsi
2932 3477 3099 3547 magis
3119 3479 3268 3533 cordi
3288 3487 3425 3544 erat,
3443 3494 3603 3548 quam
3624 3480 3831 3544 Adolia,
3850 3490 4112 3546 matrona,

2526 3573 2583 3617 ut
2612 3565 2850 3629 videtur,
2878 3567 3231 3623 Antiochena.
3262 3567 3389 3623 Hmc
3432 3583 3559 3623 vero
3584 3569 3808 3625 Libanio
3835 3570 4114 3625 Antiochia

2526 3654 2593 3709 ad
2619 3654 3060 3727 Chrysostomum
3088 3659 3445 3728 proficiscenti
3467 3660 3641 3715 nullas
3666 3660 3886 3716 dederat
3910 3661 4111 3725 literas,

2526 3761 2644 3815 quae
2670 3762 2829 3802 causa
2856 3764 2962 3804 non
2998 3750 3284 3805 mediocris
3305 3750 3509 3805 doloris
3532 3750 3631 3819 ipsi
3668 3750 3799 3815 fuit,
3830 3759 3887 3805 ut
3912 3751 3965 3805 in
3996 3752 4109 3820 epi-

2528 3837 2664 3893 stola
2690 3837 2791 3893 251
2824 3840 3153 3897 testificatur.
3184 3841 3273 3895 llla
3299 3856 3427 3897 vero
3448 3856 3506 3897 se
3533 3856 3566 3897 a
3593 3842 3904 3912 propinquis
3930 3841 4112 3911 prodi-

2530 3936 2638 3983 tam
2667 3930 2849 3996 fuisse,
2882 3947 3173 4001 gravesque
3199 3933 3484 4003 tragtndias
3511 3933 3831 4003 pertulisse,
3860 3934 4005 4002 prius
4026 3933 4111 3986 di-

2528 4030 2699 4077 xerat.
2731 4023 2801 4076 At
2827 4023 3239 4093 Chrysostomus
3265 4024 3407 4079 illam
3433 4064 3450 4089 ,
3483 4033 3541 4078 ut
3570 4033 3904 4079 terrenarum
3932 4039 4110 4078 rerum

2528 4128 2683 4168 curas
2709 4113 2901 4168 missas
2928 4113 3086 4168 faciat
3109 4154 3123 4175 ,
3154 4125 3210 4169 et
3242 4114 3307 4168 ad
3333 4129 3393 4170 se
3417 4113 3683 4169 Cucusum
3713 4117 3889 4170 veniat
3915 4116 4105 4171 cohor-

2531 4214 2671 4258 tatur
2699 4204 2858 4273 epist.
2894 4205 2997 4259 155
3018 4246 3034 4272 ,
3068 4205 3210 4259 illam
3238 4205 3480 4260 aditurus
3505 4205 3618 4275 ipse
3641 4246 3658 4271 ,
3694 4207 3738 4261 si
3770 4206 4021 4261 licuisset.
4054 4204 4110 4260 In

2529 4295 2771 4350 morbum
2814 4306 2994 4350 autem
3033 4296 3120 4349 illa
3149 4296 3334 4352 incidit
3352 4339 3365 4359 ,
3394 4306 3453 4351 ut
3484 4298 3535 4351 in
3562 4298 3783 4367 epistola
3810 4297 3878 4352 52
3904 4297 4064 4351 fertur
4092 4314 4109 4351 :

2525 4387 2868 4442 nihilominus
2891 4397 3068 4442 tamen
3094 4388 3263 4453 illam,
3287 4399 3347 4443 ut
3366 4390 3580 4458 quando
3602 4404 3695 4458 per
3714 4390 3951 4458 corporis
3974 4391 4110 4445 vale-

2526 4476 2763 4531 tudinem
2790 4478 2990 4532 licebit.
3017 4478 3287 4532 Cucusum
3313 4480 3493 4533 veniat
3519 4479 3779 4535 hortatur.
3808 4480 3861 4535 In
3885 4481 4109 4549 epistola

2523 4583 2653 4623 vero
2671 4569 2740 4623 57
2761 4569 2927 4633 illam,
2944 4569 3374 4639 quandoquidem
3395 4573 3464 4627 ob
3481 4574 3723 4642 corporis
3746 4572 4107 4630 infirmitatem

2524 4660 2629 4715 iter
2654 4659 2918 4715 Cucusum
2949 4662 3221 4731 suscipere
3246 4676 3351 4716 non
3382 4671 3606 4732 poterat,
3637 4674 3885 4735 precatur
3912 4673 3968 4719 ut
3996 4665 4107 4720 he-

2528 4752 2877 4821 qucntissime
2892 4752 3072 4807 literas
3089 4752 3186 4807 sibi
3206 4754 3398 4821 mittat,
3416 4770 3580 4825 seque
3600 4756 3667 4811 de
3690 4756 3990 4811 valetudine
4011 4770 4106 4811 sua

2528 4846 2807 4900 certiorem
2840 4844 3016 4898 faciat.
3049 4844 3453 4916 ingravescente
3480 4858 3658 4903 autem
3690 4848 3877 4902 morbo
3916 4847 4105 4901 Adolia

2529 4946 2704 4992 tamen
2727 4937 3109 5008 Chrysostomo
3135 4938 3376 5007 scripsit;
3407 4954 3509 5009 qua
3534 4939 3601 4993 de
3626 4953 3685 4993 re
3712 4938 3764 4991 in
3791 4937 4011 5006 cpistola
4036 4937 4109 4992 35

2526 5029 2717 5099 agitur,
2750 5029 2838 5083 ubi
2862 5028 2931 5083 de
2961 5027 3261 5085 valetudine
3285 5030 3401 5100 ejus
3425 5044 3486 5086 se
3504 5028 3793 5084 admodum
3819 5026 4108 5105 sollicitum

2525 5140 2644 5180 esse
2670 5123 3002 5178 testiﬁcatur.

2598 5219 2849 5273 Autumni
2878 5226 3116 5285 tempore
3134 5258 3148 5283 ,
3179 5231 3363 5271 mense
3391 5214 3601 5271 circiter
3627 5212 3958 5283 Septembri,
3987 5212 4104 5267 edi-

2523 5310 2653 5364 dicit
2674 5309 3089 5378 Chrysostomus
3113 5308 3473 5379 presbyteros,
3498 5306 3733 5374 aliosque
3755 5303 3845 5373 qui
3877 5304 4102 5359 incendii

2524 5399 2765 5455 ecclesia:
2790 5399 3387 5467 Constantinopolitanre
3414 5412 3569 5451 causa
3598 5397 3648 5449 in
3676 5409 3946 5449 carcerem
3972 5395 4101 5451 trusi

2523 5489 2756 5555 fuerant,
2778 5489 3005 5543 emissos
3025 5488 3380 5558 liberatosque
3400 5490 3557 5542 fuisse
3577 5501 3640 5540 ex
3665 5486 3781 5554 lege
3794 5484 3864 5540 29
3883 5486 4101 5556 Augusti

2525 5580 2593 5634 ad
2632 5580 2873 5636 Studium
2906 5579 3218 5633 Prazfcctum
3259 5577 3898 5646 Constantinopolitanum
3929 5579 3947 5650 (
3982 5575 4103 5632 Vide

2523 5673 2639 5726 cod.
2686 5672 2935 5725 'l'heodos.
2966 5672 3084 5725 161.
3134 5680 3170 5723 t.
3192 5670 3256 5735 2,
3281 5672 3318 5725 ι.
3351 5672 3441 5725 57.
3468 5687 3520 5737 ρ.
3550 5669 3639 5735 Ἱό)
3663 5685 3675 5719 :
3699 5684 3815 5737 qua:
3864 5670 4100 5723 fortassis

2523 5764 2640 5831 ipso
2685 5763 2909 5818 sollicite
2958 5762 3256 5833 postulante
3295 5759 3415 5813 data
3464 5760 3633 5813 fuerat
3680 5777 3695 5814 :
3738 5758 4099 5830 Chrysostonn

2523 5871 2662 5909 etum
2688 5857 2891 5911 amicus
2916 5869 3033 5912 erat
3062 5858 3167 5911 ille.
3198 5856 3309 5910 lloc
3344 5863 3581 5923 tempore
3611 5854 3769 5909 frater
3794 5856 3906 5924 ejus
3932 5853 4097 5915 obiit,

2526 5958 2579 6001 et
2614 5945 3027 6019 Chrysostomus
3069 5950 3241 6019 ipsum
3280 5947 3589 6003 consolandi
3628 5962 3785 6004 causa
3821 5944 4097 6017 epistolam
