4506 6704
410 568 517 625 235

412 683 642 753 scripsit,
672 682 854 738 Studia
876 681 1127 749 Prwfecto
1151 674 1288 729 urbis
1311 673 1613 743 inscriptam
1638 690 1651 727 :
1674 670 1868 737 scripta
1896 668 1978 721 ni-

412 778 607 831 mirum
634 777 728 832 fuit
751 780 991 831 vertente
1018 780 1159 821 anno
1186 764 1293 820 404
1314 804 1330 828 ,
1356 778 1475 817 cum
1503 763 1676 818 adhuc
1699 757 1983 814 Praefectus

412 870 561 925 urbis
598 880 738 925 esset
766 884 781 919 :
814 878 936 918 nam
968 861 1021 914 in
1061 860 1164 913 ﬁne
1193 857 1345 912 istius
1371 856 1493 909 anni
1532 855 1755 924 Optatns
1786 850 1839 904 in
1870 848 1984 918 ejus

415 961 585 1015 locum
613 956 929 1013 substitutus
946 990 963 1015 ,
995 947 1279 1003 Prmfectus
1304 944 1447 998 urbis
1473 954 1680 999 creatus
1703 948 1805 996 est.

481 1050 617 1106 Cum
662 1054 838 1099 autem
883 1040 1221 1109 presbyteros
1273 1034 1394 1088 illos
1444 1048 1474 1087 a
1519 1045 1735 1087 carcere
1780 1027 1984 1082 solutos

415 1135 771 1202 exspectaret,
800 1124 1074 1193 epistolam
1104 1120 1208 1176 114
1235 1117 1446 1185 scripsit
1474 1116 1683 1187 Elpidio
1708 1111 1984 1167 Laodicea:

414 1223 686 1291 episcopo,
708 1214 993 1270 venerabili
1017 1212 1132 1268 seni
1151 1220 1207 1265 et
1225 1207 1555 1263 sanctissimo
1577 1202 1807 1276 praesuli,
1825 1216 1982 1269 quem
2014 1256 2023 1265 ο

414 1288 757 1376 summopere
786 1304 960 1359 laudat
984 1317 1014 1357 a
1043 1302 1257 1371 pietate,
1284 1313 1315 1352 a
1345 1295 1618 1367 prudentia
1648 1304 1705 1347 et
1728 1306 1758 1344 a
1787 1288 1985 1344 sollici-

419 1398 601 1454 tudine
622 1437 639 1461 ,
667 1410 769 1465 qua
806 1395 967 1449 totius
992 1392 1139 1447 orbis
1170 1396 1226 1443 et
1252 1388 1331 1443 sui
1362 1388 1521 1442 etiam
1554 1382 1776 1440 Joannis
1802 1393 1984 1433 curam

417 1488 657 1557 suscipit.
678 1487 807 1542 Cum
833 1493 1052 1555 cuperet
1071 1487 1246 1535 autem
1270 1478 1355 1533 ille
1375 1479 1514 1534 scire
1536 1490 1644 1545 quo
1668 1476 1720 1527 in
1743 1480 1881 1525 statu
1903 1484 1987 1523 res

416 1576 782 1649 Chrysostomi
809 1586 935 1630 tunc
960 1579 1172 1632 essent;
1204 1577 1379 1622 narrat
1400 1568 1488 1622 ille
1516 1580 1575 1619 se
1600 1566 1655 1618 in
1687 1558 1987 1616 desertissi-

419 1648 563 1720 tnum
595 1666 765 1720 locum
789 1705 805 1730 ,
832 1675 1027 1731 nempe
1061 1658 1324 1713 Cucusum
1346 1699 1361 1719 ,
1389 1657 1679 1726 relegatum
1709 1667 1829 1707 esse
1847 1691 1861 1712 ,
1894 1648 1988 1705 sed

418 1759 472 1813 in
510 1758 688 1827 quiete
728 1763 784 1811 et
825 1749 1204 1821 tranquillitate
1245 1748 1477 1811 versari,
1518 1743 1759 1798 omnium
1798 1737 1990 1795 officiis

417 1848 678 1917 gaudere,
704 1855 862 1914 atque
886 1840 1058 1897 morbi
1082 1839 1318 1908 reliquiis
1342 1837 1578 1907 depulsis
1597 1876 1614 1901 ,
1638 1835 1750 1904 jam
1779 1831 1987 1886 Isauro-

418 1953 537 1993 rum
577 1948 722 1993 metu
764 1937 1045 1992 liberatum
1086 1945 1207 1985 esse
1237 1948 1251 1984 :
1280 1929 1465 1984 adesse
1512 1928 1612 1983 sibi
1653 1925 1991 1995 presbyteros

417 2030 783 2083 Constantium
803 2036 859 2082 et
882 2023 1185 2085 Evethium,
1207 2035 1522 2090 sperareque
1545 2035 1604 2075 se
1627 2018 1763 2073 alios
1784 2031 1852 2071 ex
1873 2029 1993 2069 ear-

417 2136 542 2176 cere
582 2122 783 2175 solutos
826 2118 895 2173 ad
943 2131 1002 2171 se
1043 2114 1430 2185 quamprimum
1472 2112 1810 2165 advolaturos
1848 2121 1989 2162 esse.

419 2209 675 2263 Obsecrat
698 2207 927 2275 denique
961 2205 1111 2259 illum
1135 2244 1151 2268 ,
1180 2212 1238 2256 ut
1261 2215 1357 2270 pro
1386 2214 1448 2254 se
1473 2214 1658 2269 preces
1684 2198 1907 2261 fundat,
1936 2203 1993 2251 et

421 2298 603 2351 literas
627 2296 726 2350 sibi
746 2295 954 2349 mittere
985 2308 1052 2347 ne
1070 2291 1305 2353 desinat;
1324 2290 1616 2357 salutatque
1634 2287 1991 2358 Asyncritium

426 2386 878 2455 religiosissimum
897 2384 1282 2453 presbyterum,
1299 2390 1569 2448 totumque
1579 2379 1787 2432 Clerum
1805 2379 1986 2446 ipsius.

421 2477 571 2531 Alias
606 2488 816 2543 quoque
844 2473 1094 2542 epistolas
1123 2473 1335 2541 scripsit
1372 2470 1439 2524 ad
1478 2468 1771 2538 Elpidium,
1803 2482 1992 2535 nempe

424 2567 549 2630 151,
580 2565 703 2629 158,
734 2563 855 2625 142.
886 2563 990 2618 250
1014 2572 1067 2618 et
1091 2563 1181 2628 25,
1209 2576 1524 2630 semperque
1549 2574 1667 2614 cum
1692 2573 1878 2628 magna
1905 2572 1993 2611 re-

424 2658 678 2714 verentia:
706 2656 1109 2727 significatione.
1139 2656 1271 2723 Quia
1300 2668 1429 2709 vero
1467 2652 1706 2723 Elpidius
1729 2650 1866 2719 aequi
1896 2648 1991 2703 bo-

421 2750 582 2819 nique
596 2762 802 2814 amans,
816 2762 988 2816 neque
1002 2747 1232 2802 Atticum
1258 2746 1310 2799 in
1328 2740 1991 2811 Constantinopolitanum,

421 2855 596 2909 neque
616 2838 968 2908 Porphyrium
990 2838 1040 2890 in
1061 2834 1447 2890 Antiochenam
1471 2834 1777 2901 epise0pnm
1802 2829 1995 2883 admit—

424 2942 536 2985 tere
558 2929 740 2994 voluit,
760 2928 1065 2997 episcopatu
1083 2925 1334 2995 depulsus
1351 2923 1468 2978 fuit.
1489 2922 1684 2977 Verum
1704 2936 1845 2975 anno
1864 2921 1988 2985 408,

421 3030 641 3076 curante
664 3018 965 3075 Alexandro
988 3058 1004 3083 ,
1037 3015 1315 3087 Porphyrii
1348 3028 1653 3069 successore
1675 3054 1692 3080 ,
1724 3013 1775 3069 in
1809 3012 1992 3067 sedem

422 3127 571 3167 suam
603 3111 878 3166 restitutus
903 3107 1021 3162 fuit.

492 3202 746 3273 Cyriacus
771 3214 980 3269 quoque
1005 3195 1367 3268 Synnadensis
1391 3195 1693 3264 episcOpus,
1716 3192 1784 3247 ob
1813 3192 1992 3247 incen-

423 3295 568 3348 dium
596 3307 756 3361 supra
784 3298 1132 3346 memoratum
1160 3288 1211 3341 in
1240 3300 1509 3342 carcerem
1531 3285 1804 3354 coniectus
1826 3323 1841 3348 ,
1871 3297 1989 3337 cum

426 3383 748 3455 presbyteris
766 3390 821 3435 ct
841 3381 957 3435 aliis
978 3380 1183 3435 solutus
1200 3388 1252 3433 et
1275 3378 1529 3433 liberatus
1553 3376 1725 3431 fuerat
1742 3374 1992 3443 Septem-

424 3475 506 3528 bri
539 3486 723 3527 mense
750 3472 995 3534 circiter;
1028 3470 1122 3523 sed
1149 3469 1219 3522 ita
1250 3476 1306 3521 ut
1328 3467 1476 3522 exsul
1504 3474 1674 3531 esset,
1704 3472 1761 3519 ut
1796 3464 1897 3518 fert
1927 3462 1993 3516 ti-

428 3567 586 3630 tulus,
611 3564 664 3618 id
686 3572 787 3628 est,
811 3560 1263 3628 ConstantinOpoli
1286 3569 1337 3613 et
1355 3559 1597 3612 fortassis
1617 3559 1728 3627 ipsa
1748 3555 1993 3627 Synnada

422 3655 688 3710 exclusus.
720 3652 852 3706 Cum
891 3666 1047 3720 porro
1079 3658 1158 3702 tot
1180 3649 1430 3702 aerumnis
1462 3646 1655 3701 fractus
1681 3648 1732 3699 in
1762 3660 1993 3699 mazrore

422 3753 745 3808 versaretur,
773 3741 1050 3811 epistolam
1082 3740 1182 3794 i25
1205 3738 1279 3791 illi
1305 3737 1511 3791 ueteris
1538 3736 1826 3803 longiorem
1850 3736 1992 3789 misit

421 3835 830 3905 Clirysostomus
858 3849 871 3885 :
903 3847 1006 3901 qua
1035 3839 1092 3884 ut
1119 3830 1445 3884 calamitates
1478 3828 1595 3881 illas
1623 3827 1829 3881 fortiter
1856 3828 1992 3881 ferat

425 3930 666 3982 hortatur
684 3966 701 3992 ,
728 3924 1076 3992 exemploque
1103 3930 1406 3976 sanctorum
1438 3921 1640 3974 Veteris
1665 3917 1992 3973 Testamenti

424 4018 492 4071 ad
521 4014 770 4086 quaelibet
794 4014 938 4068 illata
965 4013 1101 4066 mala
1130 4011 1439 4066 sustinenda
1465 4010 1807 4073 corroborat;
1833 4024 1994 4079 seque

428 4112 599 4179 ipsum
621 4109 673 4161 in
697 4104 992 4174 exemplum
1018 4104 1191 4168 affert,
1214 4110 1269 4157 et
1286 4110 1414 4171 quot
1434 4102 1587 4155 malis
1605 4100 1845 4167 affectus,
1869 4108 1998 4169 quot

426 4200 706 4257 calumniis
733 4199 997 4268 impetitns
1021 4194 1177 4249 fuerit
1204 4203 1443 4249 recenset
1468 4210 1481 4245 ε
1508 4193 1631 4247 hinc
1656 4192 1723 4247 ad
1752 4192 1995 4260 exempla

425 4303 731 4347 sanctorum
768 4289 901 4345 Novi
925 4286 1245 4343 Testamenti
1271 4297 1326 4339 et
1351 4285 1710 4353 apostolorum
1737 4284 1957 4336 vertitur
1973 4323 1991 4348 ,

429 4394 487 4438 ut
515 4385 631 4451 ejus
657 4384 892 4437 animum
916 4382 1103 4449 erigat,
1132 4377 1449 4444 demumque
1476 4375 1558 4429 his
1580 4374 1755 4428 verbis
1781 4373 1991 4442 longam

426 4476 705 4544 epistolam
732 4474 844 4528 sive
870 4474 1163 4527 orationem
1188 4468 1382 4524 claudit
1405 4485 1418 4520 :
1446 4465 1775 4533 Quamobrem
1801 4473 1847 4517 te
1871 4479 1992 4533 rogo

427 4584 487 4619 ac
524 4565 676 4619 veluti
721 4564 927 4633 genibus
955 4564 1052 4615 tuis
1078 4560 1347 4615 advolutus
1374 4558 1585 4613 obtestor
1608 4598 1623 4623 ,
1652 4566 1706 4610 ut
1735 4572 1994 4611 maerorem

426 4671 473 4714 ct
499 4660 686 4712 luctum
710 4656 936 4726 abjicias,
965 4671 1025 4708 ac
1054 4671 1145 4723 pro
1173 4654 1314 4707 nobis
1340 4651 1478 4723 apud
1506 4651 1669 4705 Deum
1693 4666 1879 4704 memor
1902 4649 1991 4717 sis,

428 4751 663 4821 nobisque
679 4746 938 4800 rescribas.

501 4843 761 4901 Chalcidia
788 4848 833 4893 et
848 4836 1133 4908 Asyncritia
1160 4835 1516 4905 Clirysostomo
1536 4835 1639 4888 add
1646 4838 1773 4889 (cur.
1794 4862 1865 4873 —
1884 4833 1996 4887 Duo

429 4948 583 4993 erant
608 4950 724 5006 qua:
753 4934 849 4986 iter
876 4928 1295 4986 intercludebant
1324 4927 1417 4995 iis,
1448 4928 1539 4999 qui
1566 4927 1633 4983 ad
1662 4925 1994 4983 invisendum

429 5031 686 5084 Joannem
710 5026 967 5081 Cucusum
991 5022 1173 5077 venire
1198 5020 1563 5091 peroptabant,
1594 5021 1842 5073 nimirum
1867 5020 1997 5092 hye-

431 5123 534 5176 mis
563 5124 845 5189 tempestas
871 5122 923 5169 et
953 5113 1250 5168 Isaurorum
1290 5111 1639 5166 incursiones.
1669 5111 1743 5165 Ea
1772 5125 1900 5165 vero
1928 5112 1995 5165 de

428 5226 589 5265 causa
631 5207 770 5263 baud
798 5203 953 5259 dubie
982 5201 1251 5257 Chalcidia
1277 5211 1330 5255 et
1354 5202 1651 5273 Asyncritia
1679 5199 1885 5255 nobiles
1916 5202 1994 5255 fe-

430 5303 591 5357 minae
612 5344 626 5367 ,
663 5299 764 5372 ipsi
783 5296 1014 5354 caritatis
1038 5294 1249 5350 vinculo
1270 5293 1467 5364 junctae
1486 5336 1502 5360 ,
1532 5310 1650 5365 qua:
1674 5293 1991 5366 Chrysosto-

430 5408 574 5445 mum
620 5395 847 5446 invisere
879 5401 1213 5455 summopere
1240 5386 1525 5455 cupiebant
1545 5428 1561 5453 ,
1589 5402 1647 5442 se
1672 5402 1703 5441 a
1732 5386 1995 5457 carpenda

428 5483 511 5534 via
537 5484 616 5536 his
638 5485 702 5538 de
721 5482 896 5537 causis
919 5479 1172 5535 deterreri
1198 5477 1575 5549 Cbrysostomo
1600 5480 1877 5550 scripsere.
1902 5478 1996 5534 llle

425 5584 558 5623 vero
583 5573 862 5638 epistolam
887 5570 993 5627 242
1014 5568 1224 5639 scripsit
1251 5584 1264 5621 :
1294 5568 1438 5622 nulla
1462 5568 1589 5625 dicit
1614 5570 1742 5639 ipsis
1765 5585 1884 5626 esse
1905 5585 1997 5624 ex-

422 5662 713 5723 cu=alione
740 5676 873 5730 opus
897 5705 913 5731 ,
952 5663 1156 5733 sibique
1197 5659 1462 5715 sincerum
1504 5661 1711 5715 illarum
1750 5662 1995 5717 ati‘ectum

432 5764 536 5804 non
582 5749 878 5817 ignoranti,
916 5755 1132 5823 perinde
1175 5767 1285 5808 rem
1324 5764 1383 5805 se
1420 5748 1615 5806 habere
1651 5766 1714 5806 ac
1738 5753 1784 5807 si
1812 5769 1998 5810 revera

436 5844 693 5902 venerint.
738 5841 880 5895 Idem
919 5847 1092 5913 ipsum
1122 5842 1434 5916 Asyncritia:
1474 5843 1665 5912 repetit
1692 5844 1744 5897 in
1775 5846 1996 5914 epistola

436 5938 525 6003 77,
551 5941 604 5989 et
630 5946 725 6002 pro
750 5946 900 5987 more
924 5948 1042 5997 suo,
1067 5946 1121 5989 ut
1153 5936 1454 6006 frequenter
1478 5933 1575 5990 sibi
1599 5934 1777 5989 literas
1799 5937 1990 6003 mittat,

1641 554 1822 613 NUNC
1860 553 2121 610 PRIMUM
2160 552 2552 610 ADORNATA.

3556 556 3665 612 234

2087 667 2348 722 hortatur.
2386 666 2678 735 Asyncritia
2709 675 2763 721 et
2791 666 3057 722 Cltalcidia
3088 667 3189 738 pia:
3216 666 3464 723 mulieres
3504 670 3662 725 simul

2086 758 2249 811 vitam
2289 754 2547 825 agebant,
2589 770 2708 810 cum
2740 755 2860 810 aliis
2893 771 3072 811 secum
3108 758 3304 826 pietate
3344 748 3661 825 conjunctis.

2085 847 2467 918 Chrysostomo
2487 847 2765 902 admodum
2788 846 3011 901 addicta:
3032 848 3331 916 frequenter
3356 848 3453 919 ipsi
3480 848 3663 903 literas

2086 938 2388 1003 mittebant,
2418 944 2478 989 ut
2502 951 2564 991 ex
2592 937 2706 1005 ejus
2734 936 2800 991 ad
2823 937 2939 991 illas
2967 937 3225 1005 epistolis,
3254 953 3473 1006 quarum
3502 937 3659 1008 pluri-

2085 1045 2187 1083 mas
2232 1036 2537 1097 supersunt,
2583 1027 2856 1097 liquidum.
2902 1028 2958 1082 ln
3005 1025 3169 1082 titulis
3214 1041 3342 1081 vero
3382 1026 3662 1097 aliquando

2086 1118 2407 1189 Asyncritia,
2437 1117 2700 1171 interdum
2726 1116 3016 1182 Chalcidia,
3045 1116 3215 1188 prima
3244 1116 3492 1184 ponitur;
3520 1131 3663 1185 smpe

2086 1211 2244 1264 etiam
2265 1209 2547 1277 separatim
2570 1208 2803 1277 singulas
2823 1208 2989 1262 literis
3006 1208 3305 1277 compellat.
3330 1206 3425 1261 Ha:
3449 1206 3502 1261 in
3523 1222 3663 1261 aeru-

2088 1301 2229 1357 mnis
2255 1309 2311 1355 et
2336 1299 2594 1354 molestiis
2625 1298 2987 1365 versabantur,
3014 1307 3073 1353 ut
3094 1314 3159 1353 ex
3183 1297 3403 1354 Joannis
3424 1298 3667 1369 epistolis

2088 1391 2352 1459 arguitur;
2373 1398 2427 1444 et
2444 1388 2693 1455 fortasse,
2715 1388 2837 1459 quia
2856 1387 3233 1458 Cbrysostomo
3246 1388 3469 1442 addicta:
3488 1400 3662 1451 erant,

2091 1482 2142 1535 in
2158 1482 2456 1554 Porphyrii,
2474 1482 2564 1551 qui
2582 1482 2967 1536 Antiochenam
2982 1478 3162 1535 sedem
3183 1478 3465 1542 invaserat,
3483 1480 3664 1533 odium
3758 1515 3762 1519 -

2092 1572 2437 1626 inenrrerant.
2473 1572 2743 1627 Chalcidis
2777 1587 2806 1624 a
2840 1572 2997 1640 longo
3020 1569 3131 1638 jam
3164 1577 3403 1639 tempore
3432 1570 3667 1623 caritatis

2092 1663 2191 1717 sibi
2221 1664 2431 1718 vinculo
2454 1665 2634 1731 juncta
2658 1674 2791 1730 erat,
2814 1673 2871 1718 ut
2904 1663 3075 1718 fertur
3098 1665 3150 1718 in
3175 1663 3400 1733 epistola
3420 1664 3510 1719 59.
3547 1662 3665 1732 Ipsa

2093 1765 2223 1805 vero
2245 1751 2298 1805 in
2330 1766 2541 1821 gravem
2580 1753 2819 1806 morbum
2853 1754 3055 1819 incidit,
3079 1763 3137 1808 ut
3154 1768 3221 1808 ex
3240 1754 3461 1822 epistola
3489 1753 3559 1809 98
3579 1753 3662 1808 die

2093 1841 2291 1896 scimus
2319 1859 2332 1895 :
2362 1857 2481 1912 qua:
2516 1856 2605 1898 res
2639 1841 3071 1913 Cbrysostomum
3109 1859 3217 1899 non
3240 1844 3443 1914 vulgari
3480 1842 3667 1899 dolore

2094 1934 2289 1988 affecit.

2164 2024 2363 2079 Fronto
2392 2024 2617 2079 Dircaeus
2642 2024 2919 2094 epistolam
2943 2023 3047 2080 192
3074 2023 3314 2079 inscribit
3335 2024 3668 2095 Asyncritic,

2094 2132 2251 2186 quam
2286 2118 2566 2172 lectionem
2605 2126 2861 2187 sequutus
2885 2126 2966 2172 est
2990 2118 3150 2172 etiam
3178 2118 3259 2172 vir
3282 2117 3352 2172 cl.
3380 2118 3670 2173 Tillemon-

2098 2207 2223 2259 tius.
2266 2205 2372 2260 Sed
2413 2216 2596 2260 contra
2641 2207 2776 2261 hanc
2821 2205 3103 2262 lectionem
3150 2206 3445 2261 reclamant
3484 2221 3671 2263 omnes

2096 2295 2438 2363 Manuscripti
2465 2296 2624 2350 etiam
2654 2296 3024 2366 antiquissimi,
3056 2296 3146 2367 qui
3173 2296 3373 2353 habent
3403 2296 3671 2352 Onesicra-

2094 2387 2197 2441 εὔιε.
2213 2385 2303 2441 Sic
2316 2386 2473 2439 etiam
2489 2385 2615 2454 legit
2629 2386 2876 2451 Savilius,
2896 2401 3065 2456 neque
3079 2387 3236 2441 aliam
3256 2387 3537 2442 lectionem
3556 2400 3671 2441 me-

2095 2485 2289 2530 morat.
2318 2474 2701 2529 Onesicratiam
2729 2474 2884 2544 igitur
2912 2484 3021 2528 tum
3050 2475 3119 2529 ob
3147 2474 3266 2529 lilia:
3291 2490 3401 2529 sua:
3431 2475 3631 2530 obitum
3651 2516 3671 2541 ,

2097 2577 2206 2622 tum
2224 2566 2363 2625 quod
2394 2566 2497 2620 alia
2525 2567 2885 2635 praecessisset
2910 2564 3337 2635 plaga,afliictam
3356 2574 3410 2620 et
3430 2575 3673 2620 moestam

2095 2659 2402 2715 consolatur
2427 2658 2859 2729 Cbrysostomus.
2888 2655 3004 2710 Non
3036 2669 3193 2726 posse
3223 2655 3435 2725 quidem
3476 2664 3672 2709 tantam

2098 2750 2340 2806 maeroris
2368 2748 2566 2804 nubem
2594 2747 2791 2802 auferri
2821 2746 3043 2811 fatetur,
3072 2745 3165 2801 sed
3196 2761 3308 2800 rem
3336 2746 3522 2800 saltem
3552 2760 3672 2800 mo-

2098 2841 2330 2896 deratius
2357 2855 2476 2895 esse
2506 2838 2777 2894 ferendam
2802 2855 2816 2891 :
2843 2838 3045 2892 obitum
3071 2838 3211 2891 enim
3238 2852 3345 2891 non
3375 2852 3504 2892 vere
3531 2852 3671 2891 mor-

2100 2941 2206 2986 tem
2244 2947 2384 2997 esse,
2413 2930 2506 2986 sed
2544 2930 3019 3000 peregrinationem
3059 2938 3218 2997 atque
3254 2942 3285 2981 a
3322 2927 3674 2983 deterioribus

2098 3023 2164 3077 ad
2195 3023 2413 3077 meliora
2441 3021 2949 3090 commigrationem.
2980 3019 3299 3088 Asyncritia:
3332 3029 3510 3074 autem
3549 3020 3675 3073 licet

2097 3113 2279 3168 literas
2308 3112 2500 3166 multas
2528 3109 2802 3179 scripserit
2828 3110 3260 3179 Chrysostomus,
3291 3123 3577 3177 numquam
3607 3108 3675 3163 de

2094 3204 2199 3259 filia
2228 3205 2393 3274 ipsius
2420 3202 2673 3271 loquitur.
2700 3200 2833 3256 Cum
2856 3210 3032 3254 autem
3057 3199 3370 3270 Asyncritite
3397 3199 3673 3267 plurimas,

2094 3294 2438 3351 Onesicratize
2464 3293 2602 3347 hanc
2624 3306 2781 3346 unam
2814 3299 3015 3345 tantum
3043 3291 3293 3360 scriptam
3322 3292 3671 3361 reperiamus,

2097 3399 2291 3439 nomen
2310 3384 2425 3453 ejus
2444 3383 2497 3437 in
2520 3380 2870 3452 Asyncritiam
2893 3390 3099 3436 mutare
3112 3382 3373 3450 quiSpiam
3390 3396 3551 3436 ausus
3569 3391 3674 3437 est.

2168 3472 2378 3527 Namzea
2405 3470 2644 3541 quaedam
2670 3479 2911 3525 matrona
2931 3511 2947 3538 ,
2969 3479 3029 3524 ut
3053 3470 3278 3537 videtur,
3309 3472 3637 3527 Antiochena
3657 3511 3674 3538 ,

2100 3578 2224 3633 erga
2250 3561 2684 3633 Chrysostomum
2712 3561 2913 3630 optime
2936 3559 3145 3626 affecta,
3176 3560 3379 3616 tardius
3401 3570 3577 3618 tamen
3602 3563 3672 3618 ad

2098 3654 2244 3708 illum
2272 3654 2594 3719 scripserat,
2621 3659 2783 3719 atque
2823 3652 2894 3705 ita
2922 3660 2977 3705 ut
3015 3652 3173 3706 etiam
3200 3651 3434 3707 audaciae
3464 3654 3674 3709 veniam

2096 3753 2317 3813 peteret.
2347 3745 2561 3801 Dicebat
2590 3759 2746 3828 porro
2774 3759 2832 3799 se
2860 3744 3006 3799 illum
3037 3754 3143 3799 tam
3185 3745 3411 3802 ferventi
3451 3748 3674 3803 caritate

2093 3834 2337 3905 diligere,
2356 3844 2432 3901 ut,
2454 3834 2555 3889 nisi
2575 3835 2761 3890 morbo
2777 3834 3063 3900 laboraret,
3084 3835 3185 3890 iter
3203 3836 3339 3891 adeo
3360 3837 3670 3905 molestum,

2097 3935 2277 3995 totque
2305 3926 2610 3996 przedonum
2639 3926 3029 3981 incursionibus
3054 3928 3331 3983 obsessum
3360 3940 3672 3999 susceptura

2096 4014 2303 4080 fuisset,
2336 4017 2474 4071 illius
2502 4016 2705 4071 visendi
2733 4030 2913 4070 causa.
2948 4016 3240 4087 Respondit
3262 4017 3674 4088 Chrysostomus

2099 4108 2257 4177 epist.
2282 4108 2373 4173 47,
2400 4106 2563 4171 illam,
2585 4106 2778 4162 nedum
2805 4105 3066 4176 culpanda
3090 4116 3251 4173 esset,
3274 4107 3415 4178 quod
3440 4110 3675 4165 scribere

2098 4214 2226 4253 ausa
2255 4199 2429 4265 fuerit,
2454 4198 2774 4269 arguendam
2800 4200 2973 4268 potius
2996 4199 3135 4269 quod
3166 4201 3362 4255 tardius
3385 4202 3437 4257 id
3465 4202 3672 4269 fecerit,

2100 4305 2365 4358 unamque
2392 4290 2631 4344 delenda:
2658 4290 2828 4358 culpa:
2856 4305 3136 4359 superesse
3163 4290 3323 4358 viam,
3350 4293 3393 4348 si
3424 4294 3669 4349 nimirum

2096 4390 2373 4434 sescentas
2415 4380 2615 4444 literas,
2660 4394 2835 4448 grtnce
2878 4381 3079 4434 niveum
3123 4381 3331 4435 imbrem
3382 4384 3665 4449 literarum,

2094 4470 2162 4524 ad
2201 4485 2259 4524 se
2295 4470 2544 4523 mitteret.

2169 4562 2385 4633 Hyemis
2413 4570 2653 4631 tempore
2683 4561 2865 4616 literas
2891 4560 3096 4631 accepit
3127 4561 3429 4630 Callistrati,
3455 4564 3668 4620 Isauri-.1:

2097 4653 2352 4724 epise0pi,
2372 4660 2530 4722 atque
2550 4660 2607 4705 ut
2625 4667 2692 4706 ex
2711 4649 3075 4721 Chrysostomi
3094 4667 3352 4721 responso
3369 4654 3515 4723 argui
3543 4670 3666 4723 pos-

2100 4758 2158 4797 se
2177 4742 2403 4809 videtur,
2427 4757 2486 4797 se
2511 4742 2655 4795 illum
2678 4741 2967 4795 invisurum
2989 4741 3148 4795 fuisse
3167 4740 3394 4802 dicebat,
3420 4743 3521 4797 nisi
3542 4744 3666 4798 anni

2100 4841 2388 4903 tempestas
2416 4840 2470 4887 et
2494 4832 2694 4885 itineris
2719 4828 2990 4899 longitudo
3014 4828 3323 4884 obfuissent.
3354 4830 3410 4885 In
3441 4832 3661 4900 epistola

2103 4942 2229 4982 vero
2253 4941 2346 4981 sua
2374 4923 2786 4994 Chrysostomus
2821 4922 2895 4975 ait
2936 4934 3094 4990 posse
3120 4921 3248 4976 illud
3292 4923 3373 4977 sui
3404 4925 3665 4981 invisendi

2102 5017 2417 5073 desiderium
2441 5013 2779 5083 epistolarqu
2803 5012 3095 5080 frequentia
3116 5016 3471 5083 compensati,
3490 5026 3548 5071 ut
3572 5031 3667 5087 po-

2098 5118 2207 5163 stea
2230 5146 2245 5170 ,
2272 5121 2391 5159 cum
2420 5114 2706 5174 tempestas
2732 5104 3061 5161 commodior
3086 5114 3261 5172 esset,
3287 5105 3355 5162 de
3379 5122 3667 5179 congressu

2096 5200 2375 5269 cogitetur.

2169 5292 2408 5362 Agapeto
2427 5290 2585 5345 etiam
2609 5304 2748 5344 anno
2768 5289 2870 5344 404
2893 5296 3125 5342 vertente
3144 5285 3374 5355 scripsit,
3396 5287 3511 5341 viro
3532 5290 3667 5343 ami-

2097 5383 2239 5438 citia:
2266 5382 2487 5437 vinculis
2517 5380 2615 5435 sibi
2643 5377 3073 5447 conjunctissimo
3093 5414 3109 5441 ,
3139 5384 3491 5447 precaturque
3518 5378 3665 5433 illum

2100 5482 2160 5527 ut
2187 5489 2345 5543 quam
2376 5470 2698 5540 frequentius
2724 5469 2912 5537 poterit
2935 5465 3005 5521 de
3032 5481 3127 5520 sua
3155 5466 3451 5522 valetudine
3474 5470 3667 5524 certio-

2101 5581 2215 5622 rem
2252 5581 2311 5621 se
2348 5564 2521 5618 faciat.
2549 5561 2783 5615 Alteram
2811 5574 2941 5614 vero
2969 5560 3066 5629 ipsi
3097 5558 3308 5628 scripsit
3346 5560 3623 5628 epistolam
3648 5601 3665 5626 ,

2105 5666 2324 5728 rogante
2365 5649 2761 5722 religiosissimo
2805 5650 2920 5705 viro
2962 5649 3166 5719 Elpidio
3205 5648 3546 5721 presbytero,
3576 5650 3669 5719 qui

2106 5756 2299 5804 litOtillS
2320 5743 2504 5799 Amani
2532 5742 2732 5801 incolas
2753 5742 3123 5812 prmdicatione
3141 5754 3234 5794 sua
3250 5739 3316 5793 ad
3337 5739 3491 5793 fidem
3509 5736 3670 5793 Chri-

2105 5841 2170 5895 sti
2195 5838 2529 5909 perduxerat,
2550 5837 2726 5907 ibique
2746 5834 2996 5891 ecclesias
3015 5843 3068 5887 et
3088 5834 3403 5888 monasteria
3420 5842 3667 5888 constru-

2105 5942 2252 5990 xerat
2274 5972 2288 5999 ,
2318 5942 2368 5987 et
2397 5930 2616 6003 Agnpeti
2643 5926 2959 5987 sanctissimi
2989 5928 3089 5983 viri
3120 5926 3537 5983 benevolentiam
3568 5926 3670 5981 sibi
