4506 6728
888 566 993 619 235

887 675 1177 731 conciliare
1200 673 1463 730 studebat.
1497 673 1645 727 Illum
1672 685 1797 725 vero
1827 678 1933 723 tam
1959 669 2183 735 obnixe,
2218 680 2320 721 tam
2352 665 2458 721 fer-

890 776 1081 821 venter
1110 768 1346 836 Agapeto
1383 761 1720 819 commendat
1758 759 2171 829 Chrysostomus
2194 798 2207 822 .
2248 767 2305 811 ut
2333 755 2462 810 nihil

892 858 1110 912 dubium
1137 872 1255 911 esse
1284 854 1526 909 videatur
1548 894 1564 919 ,
1594 852 1719 919 quin
1749 851 2015 920 Agapetus
2043 860 2278 904 sanctum
2317 848 2461 901 illum

893 946 1146 1003 Ecclesia:
1170 959 1462 1015 pratconem
1481 953 1534 997 et
1548 941 1733 995 officiis
1755 948 1810 995 et
1827 939 2159 995 facultatibus
2176 940 2284 993 suis
2299 951 2466 1007 quan-

895 1047 1009 1091 tum
1040 1036 1210 1106 potuit
1236 1044 1415 1103 postea
1436 1031 1650 1100 juverit.

964 1128 1022 1182 lu
1059 1124 1294 1196 epistolis
1322 1122 1387 1175 ad
1412 1119 1776 1193 Olympiadem
1804 1121 1980 1176 nullus
2008 1120 2140 1175 ordo
2165 1117 2425 1187 reperitur
2446 1158 2462 1183 ,

893 1216 1112 1289 perinde
1131 1224 1287 1283 atque
1312 1214 1363 1267 in
1384 1213 1594 1269 caeteris
1617 1215 1862 1269 omnibus
1882 1212 2246 1284 Chrysostomi
2272 1210 2470 1278 episto-

892 1310 976 1373 lis,
1008 1308 1096 1363 ubi
1125 1308 1266 1361 nulla
1295 1308 1554 1376 temporis
1577 1307 1714 1360 ratio
1734 1315 1994 1371 servatur,
2023 1304 2114 1359 sed
2140 1318 2325 1357 omnes
2347 1317 2469 1370 per-

892 1400 1099 1455 mixtim
1143 1400 1329 1470 positze
1370 1409 1513 1453 sunt.
1544 1398 1601 1453 In
1637 1398 1855 1467 epistola
1882 1406 2057 1449 autem
2089 1396 2155 1449 l4
2183 1394 2248 1448 ad
2279 1394 2465 1465 Olym-

894 1489 1124 1561 piadem,
1171 1489 1299 1544 dicit
1342 1502 1400 1542 se
1424 1488 1533 1555 jam
1578 1496 1687 1540 tres
1738 1485 1988 1553 epistolas
2016 1483 2315 1552 Olympiadi
2365 1483 2468 1535 mi-

894 1581 1049 1644 sisse,
1080 1593 1238 1633 unam
1290 1590 1385 1644 per
1434 1575 1709 1644 pnetorios
1736 1574 1955 1640 milites,
1978 1573 2199 1627 alteram
2241 1587 2336 1641 per
2358 1576 2470 1626 An-

894 1670 1120 1733 tonium,
1149 1666 1357 1722 tertiam
1384 1680 1479 1735 per
1504 1663 1756 1717 famulum
1784 1662 1950 1733 ipsius
1975 1664 2280 1717 Anatolium
2311 1680 2324 1716 :
2353 1662 2473 1717 dua:

892 1774 1018 1814 vero
1044 1766 1328 1829 postrema:
1355 1756 1619 1827 longiores
1644 1765 1817 1811 erant.
1844 1755 2015 1821 illam,
2035 1771 2193 1826 quam
2223 1771 2316 1825 per
2340 1769 2475 1823 prae-

893 1852 1062 1906 torios
1088 1851 1283 1905 milites
1309 1850 1546 1913 miserat,
1573 1863 1695 1903 cum
1718 1849 2060 1903 Tillemontio
2090 1857 2332 1917 putamus
2356 1861 2474 1901 esse

894 1942 1157 1998 decimam
1200 1943 1411 1996 tertiam
1436 1983 1452 2007 ,
1495 1956 1651 2010 quam
1692 1940 1851 1995 biduo
1891 1949 2169 2010 postquam
2208 1940 2471 1991 Cucusum

895 2034 1198 2098 advenerat,
1229 2049 1324 2103 per
1364 2035 1641 2104 pnetorios
1684 2033 1875 2086 milites
1916 2031 2086 2091 misit,
2119 2029 2185 2081 de
2220 2043 2323 2096 qua
2360 2027 2469 2095 jam

896 2124 1144 2193 superius
1170 2132 1345 2179 actum
1375 2141 1389 2175 :
1420 2124 1536 2177 illas
1576 2136 1700 2175 vero
1727 2122 1857 2174 duas
1880 2160 1895 2183 ,
1925 2133 2144 2187 quarum
2176 2117 2342 2169 altera
2376 2130 2471 2183 per

897 2214 1207 2278 Antonium,
1229 2214 1390 2266 altera
1419 2227 1513 2280 per
1536 2211 1836 2265 Anatolium
1864 2208 2191 2280 Olympiadis
2217 2206 2469 2260 famulum

894 2302 1053 2354 missa
1084 2300 1213 2364 fuit,
1242 2315 1319 2354 ea:
1348 2307 1507 2366 sunt,
1536 2314 1657 2369 qua:
1701 2299 1870 2369 prima
1913 2308 1967 2353 et
2006 2296 2238 2352 secunda
2269 2296 2378 2365 jam
2418 2295 2473 2349 in

895 2390 1053 2445 editis
1080 2400 1446 2455 numerantur,
1470 2398 1523 2444 et
1549 2390 1834 2445 conciones
1853 2388 2353 2457 adhortationesque
2372 2385 2475 2440 dici

897 2488 1116 2549 possunt
1143 2480 1319 2548 potius
1341 2494 1498 2548 quam
1529 2479 1789 2547 epistolae.

971 2570 1025 2623 In
1054 2571 1223 2638 prima
1250 2584 1376 2624 vero
1397 2567 1763 2639 Olympiadem
1790 2566 1858 2620 de
1884 2564 2229 2620 diuturnitate
2261 2565 2477 2619 calami-

897 2664 1023 2715 tatis
1065 2676 1184 2731 qua:
1227 2661 1523 2714 Ecclesiam
1579 2660 1671 2713 Dei
1724 2658 2067 2713 conturbabat
2116 2666 2427 2711 maerentem
2454 2696 2469 2719 ,

895 2751 1153 2819 exemplis
1202 2750 1409 2804 Veteris
1462 2758 1517 2803 et
1567 2748 1701 2802 Novi
1748 2748 2069 2802 Testamentl
2122 2747 2469 2813 consolatur,

894 2840 1227 2909 Ostenditque
1267 2839 1432 2893 Deum
1473 2853 1617 2907 saepe
1660 2837 1727 2891 ad
1764 2838 2029 2906 justorum
2071 2836 2382 2891 exercitium
2421 2844 2475 2891 et

900 2932 1268 3001 probationem
1296 2930 1690 2984 diuturnitatem
1730 2944 2087 2982 aerumnarum
2127 2928 2436 2997 permittere
2458 2967 2474 2991 ,

899 3033 960 3078 ut
1004 3025 1130 3078 hinc
1161 3030 1217 3078 et
1244 3022 1458 3092 praemia
1501 3029 1810 3091 augeantur.
1835 3020 1890 3074 In
1924 3019 2175 3084 secunda,
2208 3034 2327 3089 qua:
2352 3034 2479 3088 pro-

900 3114 1061 3168 lixior
1098 3122 1202 3177 est,
1244 3121 1300 3167 et
1349 3112 1505 3181 paulo
1545 3120 1663 3179 post
1701 3111 1925 3179 primam
1973 3111 2132 3163 missa
2174 3109 2307 3174 fuit,
2338 3108 2480 3163 idem

900 3213 1272 3274 argumentum
1311 3203 1664 3271 persequitur,
1704 3201 1991 3270 multisque
2030 3200 2357 3264 rationibus,
2388 3215 2478 3253 ar-

898 3294 1200 3366 gumentis,
1250 3292 1546 3362 exemplis,
1586 3306 1707 3360 qua:
1766 3291 1973 3359 longius
2032 3299 2175 3345 esset
2236 3290 2475 3351 referre,

902 3384 1202 3458 Olympiadi
1242 3391 1300 3438 ut
1326 3397 1539 3438 omnem
1570 3380 1799 3451 deponat
1827 3395 2113 3435 maerorem
2141 3379 2366 3435 suadere
2394 3379 2477 3431 ni-

907 3476 1061 3530 titur.
1092 3473 1226 3539 Quia
1252 3487 1380 3528 vero
1416 3471 1544 3526 illud
1574 3466 1803 3525 maxime
1837 3470 2198 3541 Olympiadem
2225 3468 2477 3539 angebat,

904 3566 1047 3639 quod
1076 3581 1106 3620 a
1133 3564 1519 3636 Chrysostomo
1551 3566 1788 3632 sejuncta
1832 3571 2005 3626 esset,
2036 3561 2176 3630 quod
2206 3561 2353 3614 illum
2381 3559 2481 3613 do-

900 3667 1109 3714 centem
1155 3665 1211 3712 et
1256 3656 1658 3711 concionantem
1707 3668 1811 3707 non
1853 3654 1989 3707 ultra
2037 3652 2244 3706 audiret
2276 3669 2291 3706 :
2322 3651 2481 3706 licere

901 3751 1031 3806 dicit
1056 3747 1352 3819 Olympiadi
1375 3788 1390 3811 ,
1416 3746 1636 3801 absente
1662 3760 1720 3800 se
1740 3786 1755 3810 ,
1788 3746 1951 3799 libros
1977 3759 2101 3799 suos
2125 3745 2303 3814 legere
2326 3760 2341 3807 ;
2374 3744 2479 3798 imo

904 3840 1235 3909 provisurum
1274 3852 1368 3903 se,
1410 3837 1455 3891 si
1486 3836 1644 3891 modo
1682 3836 1981 3891 tabellarios
2016 3836 2385 3898 nanciscatur,
2424 3844 2482 3889 ut

904 3929 1119 3984 crebras
1153 3936 1207 3983 et
1232 3928 1467 3999 prolixas
1502 3928 1684 3981 literas
1709 3942 1831 3982 suas
1856 3927 2099 3996 accipiat.
2134 3927 2283 3994 Quod
2311 3928 2355 3980 si
2383 3928 2481 3980 do-

906 4021 1119 4073 ctrinam
1145 4029 1387 4083 nostram,
1408 4018 1601 4087 inquit,
1623 4020 1731 4071 viva
1753 4033 1869 4071 voce
1888 4019 2065 4072 audire
2082 4018 2248 4085 cupis,
2271 4022 2484 4087 fortasse

910 4111 1004 4164 hoc
1029 4125 1222 4178 quoque
1247 4108 1525 4178 continget;
1555 4110 1655 4161 imo
1680 4124 1780 4161 non
1807 4111 2037 4179 fortasse,
2062 4109 2150 4163 sed
2175 4118 2345 4174 certe;
2370 4124 2487 4162 caue

911 4201 1126 4255 dubites.
1159 4201 1248 4256 Sic
1274 4200 1361 4254 ille
1388 4199 1601 4268 putabat
1625 4216 1640 4265 ;
1672 4199 1764 4253 sed
1788 4199 1893 4253 alio
1918 4199 2077 4253 modo
2103 4214 2189 4254 res
2211 4200 2391 4264 cessit,
2416 4200 2486 4253 ita

908 4289 1224 4362 providente
1247 4289 1493 4343 Numine.
1526 4290 1649 4343 Plus
1676 4290 1819 4343 enim
1852 4289 2101 4358 proderat
2124 4291 2272 4344 exsul
2302 4289 2487 4345 Eccle-

909 4384 1003 4438 siae
1035 4382 1127 4437 Dei
1164 4390 1218 4437 et
1260 4381 1617 4452 praedicationi
1644 4380 1924 4450 evangelii,
1955 4396 2111 4450 quam
2142 4396 2262 4437 cum
2291 4382 2343 4436 in
2374 4381 2489 4451 epi-

910 4475 1108 4543 scopali
1140 4474 1329 4527 throno
1353 4472 1583 4537 sederet,
1614 4479 1671 4526 ut
1699 4487 1820 4526 mox
1848 4471 2129 4526 videbitur.

978 4565 1039 4619 in
1086 4566 1241 4619 tertia
1293 4564 1359 4616 ad
1402 4562 1766 4633 Olympiadem
1817 4563 2074 4631 epistola,
2115 4562 2255 4617 idem
2311 4564 2483 4632 ipsum

910 4663 1280 4725 argumentum
1327 4653 1680 4722 persequitur,
1736 4652 2092 4720 exemplisque
2151 4652 2391 4721 plurimis
2432 4660 2487 4706 et

912 4745 1235 4817 argumentis
1260 4744 1450 4814 probat
1477 4746 1526 4797 in
1556 4743 1941 4798 calamitatibus
1966 4757 2069 4796 non
2095 4744 2254 4796 ntodo
2281 4744 2484 4797 maesti-

912 4843 1037 4894 tiam
1062 4853 1273 4893 omnem
1303 4851 1423 4893 esse
1442 4835 1835 4906 deponendam,
1866 4834 1961 4889 sed
1986 4835 2147 4889 etiam
2168 4834 2221 4887 in
2240 4836 2489 4902 tranquil-

912 4931 1059 4984 litate
1090 4938 1145 4983 et
1170 4927 1330 4981 animi
1355 4928 1623 4983 alacritate
1652 4926 1970 4983 versandum
2005 4940 2146 4981 esse.
2184 4924 2331 4981 llanc
2362 4940 2489 4983 vero

913 5020 1124 5075 tertiam
1161 5020 1438 5089 epistolam
1474 5036 1593 5075 cum
1622 5020 1937 5091 scripsisset,
1970 5020 2194 5076 necdum
2223 5020 2290 5075 ad
2310 5022 2491 5092 Olym-

916 5112 1123 5181 piadem
1167 5112 1417 5178 misisset,
1463 5126 1558 5181 per
1584 5113 1943 5169 honorabilem
1971 5114 2253 5186 quemdam
2292 5116 2484 5179 virum,

915 5201 1196 5255 Patricium
1224 5200 1457 5266 nomine,
1485 5200 1649 5269 ipsius
1676 5201 1995 5271 Olympiadis
2028 5205 2307 5274 epistolam
2332 5218 2489 5259 acce-

916 5295 988 5362 pit
1018 5310 1031 5345 :
1068 5308 1168 5361 qua
1193 5306 1252 5346 se
1279 5291 1493 5346 omnino
1514 5300 1754 5347 mmstam
1774 5334 1787 5356 ,
1823 5303 1875 5347 et
1899 5297 2046 5363 quasi
2069 5296 2215 5350 luctu
2245 5297 2487 5351 obrutam

914 5384 1230 5449 declarabat,
1282 5384 1511 5438 maxime
1548 5399 1674 5438 vero
1704 5384 1844 5454 quod
1884 5399 1990 5440 non
2027 5389 2287 5456 potuisset
2326 5389 2486 5443 alium

913 5475 1086 5528 exsilii
1112 5475 1303 5541 locum,
1344 5473 1551 5530 Cucuso
1576 5474 2007 5542 commodiorem,
2036 5478 2223 5533 Joanni
2248 5478 2487 5549 Chryso-

913 5573 1088 5619 stomo
1118 5564 1420 5633 impetrare.
1472 5567 1560 5622 Ille
1585 5582 1711 5621 vero
1737 5566 1836 5621 hac
1866 5577 2077 5637 accepta
2098 5571 2338 5639 epistola,
2378 5580 2485 5624 ter-

914 5655 1061 5721 tiam,
1089 5653 1156 5709 de
1180 5670 1278 5724 qua
1302 5656 1459 5711 modo
1474 5657 1799 5721 dicebamus,
1819 5658 1956 5728 apud
1982 5674 2041 5715 se
2060 5662 2294 5730 retinuit,
2314 5679 2485 5733 neque

913 5746 1051 5800 illam
1078 5746 1377 5818 Olympiadi
1414 5745 1575 5809 misit.
1609 5750 1701 5805 sed
1739 5750 1896 5804 aliam
1928 5753 2313 5825 egregiamque,
2363 5770 2483 5826 quae

912 5850 1051 5892 nunc
1076 5838 1213 5894 inter
1234 5839 1483 5910 epistolas
1508 5842 1621 5910 ejus
1640 5852 1826 5912 quarta
1850 5840 2054 5896 decima
2083 5857 2407 5901 numeratur.

983 5926 1157 5985 Primo
1181 5931 1320 5987 illam
1350 5939 1432 5986 sat
1455 5944 1640 6001 aspere
1670 5931 1959 6003 redarguit,
1998 5934 2133 6002 quod
2159 5945 2314 5991 tanta:
2341 5951 2476 5993 nitn-

1945 558 1997 612 S.
2041 557 2314 613 JOANNIS
2351 553 2815 613 CHRYSOSTOMI
2850 559 3030 625 TA,

4044 568 4149 623 236

2570 667 2728 721 stitia:
2755 680 2813 720 se
2837 667 3065 735 dederit,
3095 679 3342 739 quautam
3390 671 3471 724 illa
3514 670 3564 725 in
3599 671 3823 739 epistola
3864 688 3959 728 sua
3996 680 4148 731 exhi-

2572 757 2773 811 buerat.
2825 757 2955 824 Quia
2994 774 3121 813 vero
3158 762 3278 816 ideo
3316 763 3546 817 maxime
3586 760 3818 823 dolebat,
3857 764 3999 830 quod
4044 782 4148 821 non

2570 853 2825 918 potuisset
2849 850 3009 902 alium
3034 853 3398 908 commodiore
3416 853 3623 910 Cucuso
3642 854 3812 908 locum
3832 851 4023 908 Joanni
4050 857 4141 911 im-

2569 950 2807 1008 petrare;
2838 939 2956 991 hinc
2982 942 3261 997 occasione
3279 955 3489 1016 sumpta
3510 954 3687 999 narrat
3706 944 3778 998 illi
3802 943 3999 1007 omnia,
4029 962 4147 1013 qua:

2570 1030 2670 1084 sibi
2706 1030 2759 1083 in
2797 1039 2940 1083 tanto
2966 1028 3154 1083 itinere
3181 1034 3517 1105 maximeque
3543 1035 3798 1091 Caesarea:
3827 1033 4146 1101 acciderant,

2570 1138 2689 1190 quze
2714 1137 2812 1176 nos
2838 1122 2886 1174 iu
2916 1120 3143 1174 decursu
3175 1135 3333 1188 supra
3362 1128 3658 1183 attulimus.
3699 1127 3833 1195 Quia
3856 1141 3981 1182 vero
4010 1128 4147 1181 mala

2571 1214 2747 1267 omnia
2775 1220 3028 1276 recenset,
3057 1226 3174 1279 qua:
3195 1210 3295 1266 sibi
3323 1212 3633 1272 Pharetrius
3657 1218 3913 1273 Caesarea:
3946 1218 4149 1286 episco-

2574 1317 2692 1369 pus,
2724 1303 2987 1366 intulerat,
3017 1301 3313 1372 Olympiadi
3349 1301 3512 1356 edicit
3536 1314 3591 1357 ut
3621 1307 3705 1359 illa
3734 1309 3912 1363 omnia
3938 1308 4148 1363 silentio

2572 1399 2734 1461 tegat.
2763 1394 3024 1447 Caeterum
3050 1401 3105 1445 ut
3126 1389 3491 1462 Olympiadem
3518 1392 3602 1445 sui
3629 1408 3788 1449 causa
3819 1399 4147 1467 plangentem

2573 1485 2791 1547 soletur,
2824 1500 2881 1537 se
2900 1486 2973 1537 ait
2994 1483 3137 1537 omni
3164 1481 3397 1536 molestia
3420 1480 3699 1536 liberatum
3726 1499 3865 1552 esse,
3895 1488 4152 1542 rmiore-

2573 1589 2677 1642 que
2704 1574 3002 1628 valetudine
3024 1573 3145 1639 frui,
3168 1587 3323 1640 quam
3352 1586 3473 1626 cum
3496 1572 3951 1642 Constantinopoli
3986 1578 4150 1647 dege-

2579 1673 2678 1728 ret,
2711 1679 2882 1732 ueque
2922 1666 3045 1727 ullo,
3084 1664 3224 1733 quod
3252 1664 3335 1717 illa
3359 1664 3595 1727 timebat,
3638 1662 3830 1732 frigore
3873 1672 4104 1736 torqueri
4136 1688 4149 1723 :

2577 1753 2766 1806 cadum
2794 1753 2942 1818 illud,
2979 1768 3085 1822 quo
3111 1753 3399 1819 fruebatur,
3443 1752 3774 1807 Antiocheno
3814 1757 3982 1823 magis
4006 1758 4155 1810 simi-

2580 1844 2682 1895 lem
2707 1844 2805 1897 sibi
2844 1844 3046 1907 videri;
3078 1844 3145 1898 de
3174 1844 3372 1898 lsauris
3395 1854 3569 1898 autem
3602 1844 3730 1897 nihil
3764 1843 3873 1914 jam
3905 1846 4004 1899 sibi
4035 1864 4154 1903 me-

2577 1934 2827 1986 tuendum
2853 1948 2971 1986 esse
2995 1950 3007 1984 :
3048 1948 3167 1986 nam
3190 1935 3240 1987 in
3265 1934 3531 2002 regionem
3556 1947 3705 1987 suam
3732 1949 3790 1988 se
3817 1947 4150 2003 receperant,

2575 2022 2729 2089 idque
2770 2038 2833 2075 ex
2866 2022 3105 2076 Prmfecti
3151 2039 3277 2077 cura
3321 2033 3374 2078 et
3419 2024 3595 2078 studio
3638 2024 3829 2078 tinctum
3866 2041 4005 2081 esse.
4058 2029 4157 2085 llic

2572 2125 2699 2163 vero
2727 2111 3014 2165 Priefectus
3032 2112 3257 2181 Sopater
3272 2122 3408 2178 erat,
3436 2115 3524 2183 qui
3557 2114 3672 2183 plus
3691 2115 3850 2169 officii
3876 2116 3974 2169 sibi
4000 2117 4158 2171 exhi-

2574 2203 2779 2270 buerat,
2836 2220 2992 2272 quam
3047 2220 3075 2259 a
3118 2216 3266 2275 patre
3313 2207 3684 2276 postulandum
3729 2209 3994 2263 videretur
4024 2228 4038 2261 :
4074 2212 4159 2265 vir

2578 2297 2798 2365 probus,
2844 2298 3125 2366 benignus,
3168 2302 3570 2368 communisque
3616 2315 3904 2369 pauperum
3952 2310 4158 2370 portus.

2578 2386 2670 2443 Sic
2692 2387 2836 2441 illum
2868 2388 3045 2442 laudat
3078 2388 3487 2459 Chrysostomus
3530 2391 3582 2444 in
3612 2391 3830 2460 cpistola
3860 2392 3928 2445 64
3956 2392 4022 2446 ad
4050 2390 4161 2463 Cy-

2578 2478 2779 2532 riacum
2807 2480 3112 2547 episcopum
3142 2496 3156 2533 :
3196 2496 3355 2550 quem
3381 2489 3628 2550 precatur
3646 2490 3703 2535 ut
3732 2483 3821 2536 lilii
3851 2484 4033 2551 ipsius,
4066 2485 4162 2553 qui

2578 2566 2631 2619 iu
2665 2567 2778 2621 istis
2810 2569 3044 2635 partibus
3084 2570 3356 2624 literarum
3380 2571 3572 2625 studiis
3599 2586 3812 2639 Operam
3848 2572 4025 2638 dabat,
4070 2590 4163 2629 cu~

2578 2668 2690 2706 ram
2714 2666 2944 2721 gereret,
2974 2657 3177 2727 ipsique
3209 2658 3382 2713 ofticia
3408 2660 3755 2728 impenderet.

2647 2746 2858 2801 Dixerat
2878 2747 3149 2819 Olympias
3176 2751 3226 2803 in
3255 2751 3476 2819 epistola
3502 2766 3596 2805 sua
3622 2751 3957 2821 Heracliden,
3980 2753 4135 2822 pre
4158 2784 4165 2789 -

2575 2839 2749 2893 sinum
2785 2842 3090 2910 episcopum
3122 2857 3151 2895 a
3189 2842 3572 2912 Clirysostomo
3600 2844 3963 2910 constitutum,
4000 2855 4053 2900 et
4096 2847 4166 2903 ab

2578 2928 2696 2996 ejus
2720 2929 3038 2984 adversariis
3067 2931 3373 3000 episcopatu
3395 2932 3625 3000 pulsum,
3670 2943 3726 2987 ut
3759 2936 4000 3002 superius
4020 2934 4166 2988 dixi-

2581 3033 2718 3081 mus,
2748 3029 2873 3074 tunc
2894 3020 2945 3073 in
2965 3035 3177 3075 carcere
3206 3030 3258 3075 et
3284 3022 3335 3075 in
3357 3024 3581 3077 vinculis
3602 3024 3875 3079 detentum
3896 3026 4007 3078 dira
4030 3027 4165 3094 pati.

2581 3107 2697 3162 Jam
2727 3111 2842 3177 ejus
2866 3125 3022 3165 causa
3047 3112 3223 3166 literas
3248 3113 3463 3167 miserat
3486 3113 3897 3185 Chrysosromus
3925 3116 3990 3171 ad
4020 3118 4165 3181 Pen-

2585 3198 2776 3251 tadiam
2808 3208 3121 3265 matronam,
3148 3218 3368 3257 monens
3397 3212 3455 3256 ut
3482 3218 3693 3259 omnem
3721 3206 4042 3273 diligentiam
4063 3208 4168 3262 ad-

2582 3287 2811 3353 hiberet,
2860 3290 2927 3343 ad
2975 3292 3329 3347 calamitatem
3380 3304 3576 3348 tantam
3624 3298 3708 3351 vel
3755 3298 4036 3352 tollendam
4081 3302 4168 3356 vel

2587 3379 2884 3433 leniendam
2959 3380 3258 3452 Olympiadi
3290 3400 3416 3439 vero
3442 3386 3590 3451 dicit,
3621 3386 3768 3441 Licet
3792 3388 4049 3442 Heraclidi
4074 3432 4091 3454 ,
4122 3391 4168 3445 si

2584 3471 2731 3535 velit,
2778 3473 3088 3538 instantiam,
3133 3475 3283 3540 dare,
3324 3485 3483 3545 atque
3528 3479 3599 3531 ita
3641 3480 3894 3533 molestiis
3920 3481 4170 3537 omnibus

2581 3562 2820 3629 liberari;
2848 3565 2977 3619 nihil
3003 3566 3143 3620 enim
3165 3567 3310 3620 aliud
3328 3580 3589 3636 superest.
3622 3570 3751 3636 Quae
3772 3580 3917 3625 certe
3939 3587 4170 3641 quomo-

2581 3654 2649 3708 do
2673 3656 2931 3724 quadrare
2962 3659 3165 3726 possint
3209 3674 3313 3711 non
3343 3659 3599 3729 intelligo.
3630 3661 3994 3716 Tillemontius
4032 3680 4167 3719 vero

2582 3753 2728 3813 putat
2749 3745 3025 3815 legendum
3052 3762 3172 3802 esse
3195 3750 3442 3815 ecstasim,
3473 3750 3858 3805 abdicationem
3885 3754 4168 3822 episcopa~

2582 3844 2686 3902 tus,
2710 3852 2827 3905 qua:
2854 3836 3062 3891 videtur
3097 3854 3222 3892 vera
3246 3839 3424 3893 lectio.
3451 3840 3555 3894 Sed
3589 3856 3708 3895 cum
3738 3858 3919 3899 omnes
3948 3846 4171 3899 omnino

2586 3925 2713 3980 Mss.
2744 3937 2799 3981 et
2821 3927 2963 3980 Editi
2991 3929 3281 3982 instantiam
3309 3916 3552 3995 habeant,
3579 3931 3713 3986 banc
3742 3932 4019 3989 lectionem
4049 3950 4171 3989 tnu-

2585 4023 2699 4069 tare
2721 4031 2823 4069 non
2848 4032 3011 4069 ausus
3041 4030 3182 4070 sum.

2658 4104 2736 4157 De
2761 4105 3002 4159 Marulha
3027 4106 3428 4176 episcopo.De
3443 4106 3680 4162 Marulha
3702 4110 3948 4179 episeopo
3966 4112 4171 4180 majore

2587 4207 2707 4246 eum
2733 4193 2921 4247 alfeetu
2946 4202 2999 4249 et
3021 4194 3267 4249 instantia
3289 4196 3519 4265 loquitur
3541 4196 3954 4267 Chrysostomus
3988 4200 4037 4252 in
4077 4215 4171 4255 ea-

2586 4286 2708 4341 dem
2746 4288 2963 4354 cpistola
2991 4287 3197 4343 decima
3238 4297 3424 4357 quarta
3462 4288 3529 4341 ad
3558 4289 3943 4359 Olympiadem.
3988 4291 4168 4345 Maru-

2588 4379 2704 4435 tlias
2752 4381 2907 4450 igitur
2947 4382 3035 4435 ille
3076 4382 3358 4450 episcopus
3392 4383 3777 4449 sanctissimus,
3812 4397 3841 4435 a
3872 4383 4169 4453 TheOphilo

2586 4472 2894 4541 cauerisque
2915 4472 3278 4544 Chrysostomi
3302 4472 3527 4527 inimicis
3554 4475 3961 4542 circumventus,
3995 4478 4045 4531 in
4069 4493 4167 4530 eo-

2585 4580 2702 4617 rum
2727 4564 3075 4619 conventibus
3116 4562 3302 4629 adfuit,
3333 4563 3594 4634 etiamque
3624 4567 3676 4619 in
3716 4567 4063 4621 conciliabulo
4096 4568 4163 4621 ad

2587 4655 2848 4720 Quercum
2889 4673 2903 4709 :
2950 4670 3070 4709 cum
3112 4656 3252 4710 enim
3294 4671 3358 4710 ex
3394 4656 3610 4711 Perside
3648 4666 3759 4711 tum
3798 4658 4022 4723 veniret,
4056 4674 4164 4712 non

2589 4756 2795 4815 poterat
2841 4754 3136 4800 accuratam
3190 4761 3364 4800 rerum
3405 4756 3528 4800 tunc
3565 4747 4019 4818 Constantinopoli
4061 4763 4161 4817 ge-

2589 4847 2785 4892 starum
2839 4839 3074 4892 notitiam
3136 4837 3352 4892 habere.
3419 4839 3662 4908 Alioquin
3730 4856 3857 4895 vero
3920 4839 4163 4893 audierat

2590 4929 2827 4995 fortasse,
2852 4928 3198 5001 Epipltanium
3228 4946 3456 5000 quoque,
3484 4932 3641 5002 Cypri
3671 4932 3993 5000 episcopum,
4026 4944 4158 4982 san-

2589 5029 2729 5075 ctum
2772 5023 2939 5074 virum
2989 5021 3246 5075 adversus
3293 5021 3731 5089 Chrysostmntnn
3788 5019 4159 5072 insurrexisse.

2590 5111 2783 5165 Verum
2811 5120 2869 5165 ut
2904 5128 3009 5165 non
3045 5120 3130 5166 sat
3165 5122 3437 5181 perspecta
3469 5127 3641 5166 rerum
3681 5111 4163 5178 Constantinopoli-

2591 5212 2826 5256 tanarum
2850 5202 3171 5267 conditione,
3200 5201 3557 5273 Chrysostomi
3598 5204 3847 5267 inimicis,
3880 5203 4162 5270 multisque

2590 5294 2744 5347 etiam
2775 5293 3153 5349 consceleratis
3177 5308 3297 5349 sese
3340 5295 3580 5364 adjunxit
3612 5315 3625 5349 :
3671 5297 3739 5350 ita
3783 5295 3940 5349 etiam
3969 5294 4162 5351 divina:

2591 5392 2803 5446 ultionis
2833 5392 3072 5445 minister
3095 5389 3211 5445 fuit.
3229 5389 3358 5445 Cum
3381 5393 3520 5446 enim
3543 5392 3745 5461 Cyrini,
3766 5389 4161 5444 Chalcedonen-

2589 5483 2661 5537 sis
2687 5484 2937 5551 episcopi,
2983 5483 3121 5536 inter
3145 5483 3497 5551 primipilares
3525 5481 3886 5550 Chrysostomi
3920 5482 4159 5539 inimicos

2588 5574 2852 5636 acerrimi,
2899 5573 3083 5643 pedem
3115 5574 3418 5643 imprudens
3464 5574 3740 5633 calcasset,
3787 5571 3905 5625 hinc
3947 5572 4158 5628 dolores

2588 5663 2800 5716 maximi
2835 5663 3005 5717 exorti
3037 5674 3181 5727 sunt,
3219 5665 3484 5718 sectiones
3511 5660 3700 5729 pedum
3727 5669 3780 5715 et
3816 5677 4026 5716 crurum
4052 5663 4157 5718 fre-

2586 5763 2807 5823 quentes
2832 5770 2859 5806 a
2886 5756 3104 5809 medicis
3130 5755 3398 5813 adbibitaz.
3448 5766 3510 5805 ac
3538 5753 3693 5820 paulo
3718 5764 3834 5821 post
3862 5756 3914 5806 in
3950 5768 4156 5806 crucia.

2588 5848 2725 5901 tibus
2746 5847 2886 5903 diem
2911 5848 3099 5902 clausit
3123 5856 3441 5906 extremum,
3472 5853 3529 5899 ut
3553 5859 3707 5912 supra
3734 5843 3977 5901 diximus.

2657 5937 2888 5994 Necdum
2919 5949 3093 5994 tamen
3120 5937 3349 6007 iniquam
3370 5936 3511 5992 illam
3539 5936 3869 5993 inimicorum
3889 5937 4157 6001 Chrysos-
