4506 6714
367 563 467 619 £37

368 675 505 731 tomi
538 672 982 743 conspirationem
1027 666 1307 739 agnovisse
1336 665 1609 721 videbatur
1639 666 1907 721 Maruthas
1933 681 1945 717 :

370 764 423 820 id
453 764 596 818 enim
644 764 874 818 insinuat
898 761 1313 829 Chrysostomus
1338 770 1456 809 cum
1483 754 1774 827 Olympiadi
1801 753 1949 820 dicit,

374 853 620 909 Omnibus
645 854 817 925 oﬁiciis
843 867 957 905 eum
980 847 1241 915 complecti
1266 862 1327 899 ne
1352 847 1565 913 desinas,
1589 857 1644 900 ut
1668 861 1781 899 eum
1808 860 1837 899 e
1860 845 1950 896 ba-

373 946 546 999 rathro
574 947 809 999 extrahas
837 957 855 993 :
892 939 1140 993 nimirum
1168 951 1231 990 ex
1259 937 1510 991 Societate
1544 952 1666 991 cum
1698 933 1953 1002 improbis

374 1038 481 1093 'llis
506 1038 746 1101 Arsacia,
770 1031 1084 1101 Porphyrio,
1118 1029 1423 1094 Severiano,
1448 1030 1731 1083 Antiocho.
1765 1026 1834 1082 Ut
1855 1041 1951 1079 au-

375 1139 479 1183 tem
522 1130 703 1182 videas
740 1132 938 1194 quanto
975 1122 1171 1185 studio,
1219 1122 1574 1190 prmdicationi
1613 1119 1873 1188 evangelii
1902 1119 1951 1171 in

373 1221 643 1280 omnibus,
689 1226 746 1270 ut
788 1217 857 1269 ita
909 1215 1102 1280 dicam,
1150 1215 1294 1268 orbis
1340 1214 1572 1283 partibus
1618 1212 1949 1280 advigilaret,

374 1308 693 1381 posthabitis
718 1321 928 1374 semper
952 1305 1037 1369 iis,
1090 1321 1203 1375 qua:
1230 1305 1295 1359 ad
1320 1320 1379 1358 se
1402 1304 1675 1372 speciatim
1713 1311 1956 1370 spectare

377 1399 833 1465 videbantur,qu:e
854 1405 1143 1465 sequuntur
1162 1396 1226 1450 ad
1251 1396 1470 1449 verbum
1502 1404 1625 1449 sunt
1646 1390 1952 1445 referenda:

378 1490 430 1544 Ν
436 1505 519 1541 am
542 1489 651 1556 ejus
672 1504 823 1556 opera
846 1487 907 1541 ob
937 1486 1160 1541 Persidis
1185 1488 1381 1557 negotia
1405 1500 1542 1555 egeo.
1572 1484 1752 1551 Atque,
1782 1482 1825 1534 si
1850 1480 1903 1533 id
1926 1497 1958 1533 a

378 1589 427 1633 te
450 1579 563 1647 ﬁeri
585 1587 759 1647 potest,
787 1595 849 1633 ea:
871 1596 927 1632 eo
955 1580 1195 1648 intellige,
1220 1579 1457 1646 quidnam
1488 1576 1592 1629 illic
1612 1576 1767 1642 ipsius
1793 1574 1958 1625 studio

379 1681 527 1739 atque
553 1687 704 1739 opera
743 1673 1015 1739 perfectum
1040 1671 1124 1734 sit,
1168 1678 1213 1720 et
1238 1685 1328 1721 cur
1351 1669 1476 1721 istuc
1502 1668 1757 1736 profectus
1789 1665 1853 1718 sit
1878 1668 1959 1733 {ac

379 1762 551 1825 sciam,
580 1778 640 1814 ac
668 1778 785 1813 num
811 1762 855 1813 ei
875 1760 1001 1812 duas
1028 1758 1281 1827 epistolas,
1305 1773 1430 1827 quas
1457 1758 1523 1809 ad
1545 1772 1658 1808 eum
1686 1755 1819 1819 misi,
1847 1754 1962 1807 red-

380 1852 585 1906 dideris.
637 1854 700 1907 Si
739 1853 863 1905 mihi
902 1853 1118 1905 scribere
1163 1851 1301 1915 relit,
1343 1864 1544 1902 rursum
1590 1848 1841 1909 scribam;
1883 1847 1964 1901 sin

381 1943 646 1996 rescribere
686 1954 936 2013 gravetur,
989 1942 1166 1995 saltem
1207 1940 1329 2010 quid
1364 1940 1468 1993 illic
1498 1944 1773 2009 perfectum
1812 1938 1963 2006 fuerit

383 2032 471 2109 tibi
516 2042 753 2100 exponat.
808 2042 855 2086 et
899 2048 1019 2085 num
1059 2032 1181 2099 quid
1226 2047 1401 2085 rursus
1426 2031 1597 2084 eodem
1640 2031 1961 2099 proﬁciscens

383 2122 693 2187 prtestiturus
717 2121 779 2173 sit
803 2138 825 2175 :
851 2138 966 2174 nam
986 2138 1076 2191 ego
1102 2121 1199 2174 hac
1234 2121 1297 2173 de
1338 2136 1489 2173 causa
1511 2122 1677 2191 ipsum
1703 2120 1963 2174 convenire

382 2210 659 2264 studebam.
708 2211 983 2282 Utcumque
1011 2214 1097 2277 sit,
1142 2212 1383 2282 quidquid
1411 2220 1609 2265 tuarum
1647 2213 1866 2283 partium
1888 2220 1962 2266 est

385 2310 590 2368 praesta,
621 2318 894 2369 munusque
916 2312 1053 2355 tuum
1083 2306 1248 2370 exple,
1279 2304 1471 2356 etiamsi
1498 2318 1668 2356 omnes
1696 2319 1856 2372 prono
1878 2319 1964 2356 ca-

387 2390 490 2457 pite
529 2392 582 2442 in
632 2407 854 2462 praeceps
889 2397 1114 2462 ferantur
1152 2410 1173 2448 .°
1213 2409 1400 2447 merces
1443 2395 1575 2447 enim
1618 2403 1705 2446 tua
1746 2393 1967 2447 numeris

388 2481 616 2534 omnibus
639 2480 866 2535 absoluta
894 2483 1005 2536 erit.

460 2570 557 2624 llic
574 2571 721 2625 vides
747 2586 938 2624 novum
962 2571 1178 2625 Paulum
1205 2586 1299 2625 sua
1320 2572 1497 2627 omnia
1523 2572 1656 2627 nihil
1671 2582 1966 2639 curantem,

388 2659 678 2715 dummodo
700 2662 1025 2730 evangelium
1053 2662 1145 2717 Dei
1190 2663 1505 2731 praedicetur
1544 2671 1601 2719 et
1627 2674 1965 2734 propagetur.

390 2754 577 2810 Utrum
606 2771 731 2810 vero
752 2755 1021 2812 Maruthas
1048 2758 1428 2828 Chrysostomo
1450 2758 1657 2813 tandem
1681 2760 1970 2827 rescripse-

388 2845 479 2907 rit,
503 2846 584 2899 vel
606 2847 908 2901 societatem
934 2847 1162 2916 aliquam
1205 2862 1322 2902 cum
1355 2849 1443 2902 illo
1468 2849 1643 2903 inierit
1673 2863 1769 2917 pro
1795 2863 1964 2903 evan-

389 2936 513 3003 gelii
541 2936 591 2988 in
622 2935 836 2991 Perside
857 2938 1252 3005 prmdicatione,
1271 2954 1371 3008 qua
1398 2939 1467 2993 de
1490 2954 1548 2993 re
1570 2938 1661 2994 ille
1692 2946 1967 3008 tantopere

391 3027 650 3081 sollicitus
671 3036 802 3089 erat,
830 3044 1043 3097 prorsus
1066 3030 1388 3098 ignoramus.
1425 3029 1565 3083 Nihil
1590 3031 1785 3099 quippe
1809 3044 1870 3084 ea
1898 3029 1969 3084 de

392 3132 453 3171 re
475 3118 615 3186 apud
641 3119 938 3185 historicos,
970 3121 1056 3174 vel
1086 3121 1137 3174 in
1165 3120 1282 3189 ejus
1324 3122 1593 3189 operibus,
1632 3123 1718 3177 vel
1754 3123 1805 3176 in
1853 3122 1969 3192 epi-

392 3211 567 3273 stolis,
598 3210 737 3279 quod
777 3226 936 3280 grave
965 3212 1104 3265 dictu
1130 3221 1232 3276 est,
1280 3213 1594 3281 reperimus.
1633 3212 1845 3268 Certum
1872 3230 1969 3266 au-

395 3309 505 3359 tem
531 3309 615 3359 est
651 3300 943 3359 Illarutham
975 3302 1027 3359 in
1055 3302 1428 3376 Mesopotamia
1452 3303 1754 3377 episcopum
1786 3304 1971 3376 fuisse,

393 3402 486 3447 aut
512 3392 963 3462 Supharenorum,
993 3405 1087 3449 aut
1108 3396 1383 3466 Sophenes
1409 3399 1716 3466 provinciae,
1760 3407 1869 3464 aut,
1916 3410 1975 3453 ut

393 3486 483 3538 alii
526 3486 743 3551 volunt,
789 3487 1236 3557 Martyropoleos.
1278 3504 1458 3558 quam,
1497 3489 1802 3544 Theodosio
1829 3491 1870 3557 l,
1918 3500 1977 3545 ut

394 3586 633 3639 narrant,
657 3579 903 3646 pecunias
924 3579 1379 3647 subministrante,
1409 3583 1525 3650 ipse
1548 3581 1820 3637 Maruthas
1846 3597 1978 3637 con-

394 3676 679 3722 struxerat.
719 3670 934 3723 Certum
966 3670 1091 3724 item
1122 3681 1205 3725 est
1228 3670 1385 3740 hujus
1424 3674 1655 3725 nominis
1698 3674 1881 3728 urbem
1919 3674 1973 3727 in

394 3755 771 3826 Mesopotamia
801 3762 852 3812 in
882 3760 1108 3814 confinio
1136 3762 1364 3816 Persidis
1391 3761 1573 3817 fuisse.
1603 3762 1974 3834 Martyropolis

394 3855 574 3899 autem
604 3849 908 3914 vocabatur,
945 3850 1066 3917 quia
1094 3851 1161 3904 ibi
1196 3853 1479 3906 multorum
1504 3864 1793 3924 martyrum
1825 3856 1973 3910 Reli-

397 3937 535 4005 quiae
559 3937 809 4006 deposita:
841 3939 1064 3994 fuerant.
1096 3942 1184 3995 Ait
1204 3958 1328 3996 vero
1352 3941 1762 4014 Chrysostomus
1786 3946 1839 4001 in
1876 3946 1975 4001 ho-

401 4027 565 4087 milia.
592 4028 698 4082 imo
723 4030 895 4097 potius
922 4030 973 4083 in
1001 4030 1136 4084 libro
1162 4032 1276 4098 illo,
1303 4034 1387 4087 cui
1417 4035 1620 4101 titulus,
1654 4034 1799 4099 Quod
1825 4036 1976 4092 Chri-

400 4129 507 4171 stus
548 4119 612 4171 sit
657 4117 793 4172 Deus
831 4133 851 4173 :
876 4118 1179 4175 Prtedicatio
1236 4140 1337 4177 non
1373 4124 1456 4178 hic
1507 4135 1735 4191 tantum,
1789 4130 1880 4183 sed
1927 4138 1977 4183 et

400 4208 542 4276 apud
568 4206 754 4263 Persas
780 4211 956 4276 ﬂoret,
986 4212 1179 4266 etiamsi
1205 4215 1391 4268 abillis
1416 4227 1767 4286 oppugnetur:
1795 4221 1975 4273 etenim

400 4299 543 4368 apud
590 4299 705 4353 illos
745 4316 936 4370 quoque
981 4312 1255 4372 martyrum
1285 4304 1518 4357 examina
1562 4307 1741 4359 multa.
1794 4308 1975 4362 Maru-

404 4389 524 4443 thas
547 4404 676 4458 ergo
705 4391 756 4444 in
786 4390 1005 4447 Perside
1033 4393 1356 4460 evangelium
1385 4391 1580 4448 Christi
1605 4397 1824 4451 mirifice
1847 4413 1970 4466 pro-

403 4480 609 4546 pagavit
632 4519 646 4541 ,
677 4495 955 4550 magorum
989 4492 1043 4538 et
1068 4482 1432 4539 Chaldmorum
1462 4485 1843 4541 incantationes
1878 4487 1972 4542 de-

401 4570 547 4632 vicit,
578 4569 908 4639 lsdegerdem
952 4590 1130 4643 regem
1173 4576 1359 4631 morbo
1390 4576 1682 4642 detentum,
1708 4577 1792 4632 cui
1830 4579 1970 4648 magi

405 4660 700 4715 remedium
730 4660 921 4715 aﬂ'erre
951 4672 1301 4731 tentaverant,
1330 4666 1547 4736 integra:
1571 4666 1853 4722 valetudini
1882 4683 1972 4724 re-

402 4751 597 4813 stituit,
621 4750 872 4804 miracula
899 4753 999 4805 alia
1027 4754 1190 4808 multa
1222 4758 1468 4823 patravit.

498 4840 791 4896 Cottltorum
854 4840 1226 4897 Cat/tolicorum
1307 4862 1541 4915 magnam
1609 4866 1781 4904 curam
1850 4853 1976 4921 gerit

405 4932 807 5003 Chrysostomus.
833 4961 904 4970 —
924 4932 1185 4997 Quantum
1230 4932 1545 4988 Gotthorum
1582 4937 1973 4994 Catholicorum

406 5025 858 5095 Constantinopoli
892 5024 1194 5095 degentium
1220 5041 1399 5081 curam
1426 5039 1632 5098 gereret
1654 5028 1976 5101 Chrysosto-

408 5134 561 5182 mus,
616 5118 843 5172 vidimus
897 5132 1054 5184 supra
1110 5117 1174 5170 ad
1223 5134 1420 5174 annum
1465 5120 1571 5176 599
1607 5120 1807 5191 (Epist.
1857 5126 1971 5196 14).

403 5206 630 5262 Gotthos
669 5209 808 5262 “enim
858 5206 1183 5276 Scripturam
1232 5224 1439 5265 sacram
1481 5211 1723 5267 Gotthice
1774 5215 1971 5284 legere,

403 5296 766 5371 Cotthnmque
786 5300 1142 5371 presbyterum
1172 5315 1230 5355 se
1251 5314 1513 5371 praesente
1535 5305 1778 5361 Gottbica
1796 5307 1972 5377 lingua

404 5390 709 5443 concionari
734 5391 909 5459 jussit,
950 5398 1004 5443 et
1038 5399 1156 5458 post
1181 5391 1324 5445 illum
1354 5394 1467 5462 ipse
1492 5394 1676 5451 Grmce
1701 5399 1975 5453 conciona-

406 5483 491 5527 tus
514 5488 618 5531 est.
662 5482 773 5538 Nec
810 5483 1065 5538 minorem
1106 5498 1284 5537 curam
1322 5488 1542 5553 gerebat
1579 5488 1897 5545 Gotthorum
1924 5492 1976 5547 in

406 5562 618 5618 Gotlhia
679 5571 998 5641 degentium.
1060 5571 1174 5628 Non
1234 5574 1303 5627 ita
1347 5576 1549 5643 pridem
1610 5580 1701 5633 illo
1760 5582 1979 5638 miserat

407 5654 460 5707 in
511 5657 818 5727 episc0pum
880 5665 1123 5729 Unilam,
1180 5665 1348 5719 virum
1404 5668 1812 5739 admirandum;
1880 5676 1977 5729 sed

405 5742 626 5810 Marses,
652 5745 834 5804 Gotthi
862 5757 1129 5823 monachi,
1157 5756 1294 5827 apud
1317 5772 1449 5827 quos
1474 5758 1753 5829 Serapion,
1780 5766 1980 5835 episco-

409 5852 505 5903 pus
536 5836 823 5905 lleracleze,
851 5856 1107 5914 perpetuo
1126 5850 1485 5915 delitescebat,
1516 5853 1976 5922 nuntiaveruntei,

404 5929 615 5987 vatiam
644 5929 857 5999 obiisse,
886 5948 1166 6007 postquam
1204 5952 1347 5999 tanto
1375 5944 1620 6015 episcopo
1650 5945 1803 6015 digna
1828 5960 1977 6015 gesta

1555 552 1734 607 NUNC
1776 550 2032 605 PRIMUM
2062 551 2100 602 A
2113 545 2457 602 DOllNATA.

3536 549 3566 602 Ξ
3577 549 3639 605 ἶ3

2059 666 2289 733 plurima
2330 661 2590 716 ediderat.
2627 659 3063 731 Moduariumquc
3096 662 3377 718 diaconum
3407 672 3635 731 venisse,

2054 756 2142 823 qni
2167 754 2217 808 id
2241 760 2567 817 narrarent,
2587 766 2647 805 ac
2669 753 2807 820 regis
2829 751 3142 807 Gotthorum
3165 755 3344 809 literas
3360 756 3637 825 allercbat,

2056 842 2288 913 petentis
2317 850 2374 893 ut
2399 841 2676 909 episcopus
2698 842 2747 895 in
2771 841 3040 896 Gotthiam
3059 843 3375 899 mitteretur.
3405 846 3641 900 Metuens

2056 934 2232 1003 itaque
2278 930 2690 999 Chrysostomus
2732 947 2801 986 ne
2837 932 3087 987 Arsacius
3132 943 3186 988 et
3222 937 3302 991 sui
3345 937 3436 990 illo
3461 938 3641 991 statim

2056 1025 2369 1094 epismpum
2396 1022 2687 1088 mitterent,
2717 1022 3084 1095 Olympiadem
3113 1041 3172 1081 ea
3199 1026 3265 1081 de
3298 1043 3355 1082 re
3382 1039 3561 1084 monet
3587 1030 3639 1083 in

2057 1115 2247 1169 eadem
2292 1112 2517 1181 epistola
2545 1112 2750 1167 decima
2793 1124 2999 1184 quarta,
3044 1123 3100 1168 ut
3144 1116 3259 1169 illos'
3291 1117 3545 1186 tantisper
3571 1119 3642 1171 ob

2058 1206 2289 1260 hiemem
2335 1211 2674 1257 remoretur:
2704 1219 2873 1274 neque
2909 1206 3049 1260 enim
3080 1206 3167 1261 illa
3208 1216 3521 1276 tempestate
3551 1219 3646 1262 aut

2058 1297 2108 1350 in
2141 1297 2464 1365 Bosporum,
2511 1305 2602 1349 aut
2638 1296 2688 1349 in
2722 1296 2835 1349 illas
2865 1309 3041 1366 partes
3083 1298 3333 1369 navigare
3376 1307 3641 1368 poterant.

2060 1385 2172 1440 Duo
2205 1385 2350 1438 enim
2380 1384 2501 1439 inde
2528 1385 2667 1438 mala
2700 1396 3087 1453 consequutura
3115 1396 3285 1451 erant,
3326 1397 3381 1443 et
3404 1389 3543 1458 quod
3575 1389 3645 1443 ab

2060 1475 2162 1530 illis
2191 1477 2457 1531 creandos
2492 1479 2775 1545 episcopus
2808 1478 2898 1531 ille
2920 1488 3087 1542 esset,
3117 1480 3205 1549 qui
3235 1490 3312 1535 tot
3348 1482 3487 1536 mala
3517 1498 3641 1551 per-

2061 1577 2418 1633 petravcrant,
2449 1577 2501 1621 et
2540 1583 2566 1619 a
2598 1568 2791 1637 quibus
2818 1569 2988 1623 creari
3019 1570 3166 1624 nefas
3194 1580 3367 1633 esset;
3417 1580 3470 1625 et
3503 1569 3644 1639 quod

2064 1658 2131 1709 ab
2161 1658 2261 1711 illis
2286 1669 2580 1724 crearetur,
2612 1661 2702 1731 qui
2725 1662 3003 1732 probitatis
3027 1664 3286 1718 rationem
3317 1664 3515 1717 nullam
3549 1662 3643 1717 ba-

2065 1748 2270 1801 berent.
2294 1749 2483 1817 Opera:
2509 1753 2734 1818 pretium
2761 1765 2935 1808 autem
2960 1753 3074 1810 fore
3101 1754 3246 1821 dicit,
3277 1757 3322 1812 si
3346 1756 3647 1813 Moduarius

2066 1840 2200 1894 clam
2230 1849 2283 1894 et
2312 1842 2431 1895 sine
2468 1842 2689 1909 strepitu
2717 1857 2776 1897 se
2802 1848 3084 1901 convenire
3107 1848 3292 1915 possit.

2137 1929 2266 1994 Quis
2304 1929 2524 2000 hujusce
2550 1931 2760 2000 'negotii
2797 1934 2968 1987 exitus
2999 1933 3155 1988 fuerit
3186 1951 3405 2005 prorsus
3431 1937 3646 2006 ignora-

2066 2034 2226 2072 mus:
2269 2035 2391 2074 nam
2446 2021 2504 2075 in
2550 2020 2770 2089 epistola
2823 2038 3033 2091 quoque
3069 2023 3175 2078 Q06
3212 2025 3277 2077 ad
3318 2024 3647 2079 Theodulum

2066 2110 2347 2166 diaconum
2370 2112 2533 2167 missa
2559 2111 2747 2166 media:
2764 2120 2819 2167 et
2839 2112 3147 2180 aSpert-imae
3183 2112 3369 2169 hiemis
3391 2123 3649 2184 tempore,

2067 2202 2212 2256 illum
2238 2203 2361 2259 huic
2385 2204 2603 2274 negotio
2627 2203 3007 2273 advigilantem
3042 2203 3286 2259 hortatur
3311 2211 3370 2259 ut
3396 2206 3561 2261 Deum
3588 2220 3652 2260 ea

2068 2295 2137 2349 de
2155 2308 2309 2347 causa
2327 2304 2591 2363 precetur,
2621 2303 2675 2349 et
2699 2309 2877 2349 moras
2907 2295 3043 2349 trahi
3068 2305 3238 2351 curet.
3261 2296 3342 2350 Ad
3364 2296 3651 2351 monachos

2071 2384 2297 2440 Gotthos
2341 2386 2395 2438 in
2431 2401 2556 2455 agro
2604 2385 2841 2439 Promoti
2884 2384 3139 2455 degentes
3178 2385 3368 2441 eodem
3414 2397 3655 2457 tempore

2073 2474 2353 2544 epistolam
2398 2476 2544 2528 misit
2582 2476 2707 2539 {07,
2752 2476 2978 2544 illosque
3045 2474 3228 2530 beatos
3275 2475 3532 2545 pradicet
3584 2475 3656 2531 ob

2074 2580 2342 2620 mrumnas
2370 2576 2422 2621 et
2444 2568 2721 2621 molestias
2745 2568 2844 2622 sibi
2868 2568 3063 2631 illatas,
3091 2568 3340 2639 additque
3367 2568 3584 2637 praemia
3604 2577 3659 2623 et

2073 2673 2300 2713 coronas
2332 2659 2452 2712 talia
2483 2660 2805 2726 patientibus
2821 2660 3085 2730 apparari.
3113 2659 3191 2714 llli
3220 2674 3344 2715 vero
3362 2675 3522 2715 omne
3548 2668 3661 2715 stu-

2070 2748 2217 2804 dium
2263 2750 2605 2817 exhibebant,
2648 2759 2706 2805 ut
2751 2751 2931 2806 nullus
2975 2750 3029 2805 in
3076 2749 3299 2804 ecclesia
3340 2749 3657 2804 Gotthortln

2073 2840 2333 2895 tumultus
2352 2840 2600 2894 oriretur.
2628 2839 2952 2895 Hortabatur
2970 2851 3146 2895 autem
3166 2840 3283 2894 illos
3312 2849 3371 2894 ut
3390 2839 3655 2909 negotium

2072 2939 2324 3002 quantum
2354 2940 2599 3001 poterunt
2626 2931 2926 2987 extrahant.
2954 2930 3051 2986 Hic
3074 2931 3215 2989 enim
3250 2946 3464 3006 semper
3487 2930 3661 3005 agitur

2073 3021 2141 3076 de
2164 3021 2287 3075 novi
2312 3020 2546 3091 episcopi
2572 3023 2863 3076 creatione.

2146 3112 2203 3166 In
2242 3112 2428 3168 eadem
2471 3113 2695 3182 epistola
2724 3113 2931 3167 decima
2975 3125 3164 3186 quarta
3202 3115 3272 3171 de
3297 3115 3499 3172 llilario
3525 3131 3659 3187 quo-

2073 3203 2195 3258 dam
2221 3207 2477 3277 episcopo
2497 3204 2607 3278 agit
2630 3203 3045 3280 Chrysostomus
3068 3248 3082 3273 ,
3108 3208 3195 3278 qui
3222 3222 3251 3260 a
3276 3222 3335 3263 se
3361 3223 3456 3276 per
3475 3208 3657 3263 literas

2077 3297 2301 3370 petierat
2320 3301 2626 3356 lacullatem
2653 3300 2878 3356 abeundi
2910 3301 2961 3355 in
2983 3301 3248 3354 civitatem
3274 3315 3423 3354 suam
3447 3341 3465 3365 ,
3496 3301 3656 3370 polli-

2076 3391 2214 3445 citus
2232 3431 2248 3457 ,
2277 3392 2589 3462 compositis
2614 3390 2774 3446 rebus
2795 3431 2812 3457 ,
2845 3405 2905 3446 se
2923 3389 2991 3445 ad
3014 3391 3186 3460 ipsum
3216 3390 3657 3461 Chrysostomum

2079 3496 2418 3536 reversurum
2447 3496 2587 3536 esse.
2636 3481 2769 3549 Quia
2808 3496 2937 3535 vero
2977 3480 3092 3549 ejus
3120 3480 3404 3549 prmsentia
3433 3495 3537 3534 non
3563 3495 3660 3550 pa-

2081 3589 2198 3627 rum
2230 3573 2331 3642 ipsi
2356 3572 2503 3627 utilis
2530 3580 2664 3638 erat,
2692 3587 2813 3626 cum
2845 3572 2925 3625 vir
2945 3572 3062 3641 pius
3085 3579 3263 3637 esset,
3291 3570 3659 3640 constantique

2078 3678 2143 3717 ac
2169 3663 2375 3718 fervido
2395 3663 2595 3727 animo,
2623 3678 2744 3717 eum
2765 3660 3173 3731 Chrysostomus
3198 3660 3437 3715 hortatus
3461 3659 3655 3725 fuerat,

2078 3763 2133 3806 ut
2158 3762 2434 3821 postquam
2470 3752 2562 3805 illo
2586 3749 2853 3821 profectus
2887 3749 3108 3815 fuisset,
3137 3749 3314 3803 statim
3345 3748 3413 3803 ad
3437 3765 3498 3805 se
3523 3749 3664 3804 redi-

2077 3853 2192 3910 ret;
2221 3851 2381 3914 atque
2401 3842 2766 3914 Olympiadem
2793 3850 2946 3914 rogat
2963 3842 3055 3897 det
3081 3856 3322 3912 operam,
3354 3850 3414 3897 ut
3435 3842 3660 3913 epistola

2078 3952 2172 3991 sua
2201 3945 2255 3991 et
2280 3936 2529 3991 celeriter
2548 3944 2604 3991 et
2628 3944 2742 3989 tuto
2772 3935 2869 4005 ipsi
2899 3934 3186 4001 reddatur,
3221 3935 3360 4004 quod
3389 3936 3500 4004 ipse
3524 3950 3657 4005 quo-

2078 4043 2183 4096 que
2210 4028 2437 4081 Hilarius
2463 4027 2811 4096 peroptabat:
2841 4026 2885 4081 si
2915 4042 3043 4080 vero
3063 4042 3167 4081 non
3197 4026 3330 4081 adsit
3360 4025 3656 4098 Olympiadi

2082 4118 2352 4173 llelladius
2379 4119 2672 4189 presbyter,
2705 4118 2792 4188 qui
2818 4117 3070 4187 epistolas
3090 4132 3213 4172 suas
3240 4117 3445 4183 reddat,
3476 4126 3661 4173 monet

2081 4209 2225 4263 illam
2248 4218 2305 4262 ut
2332 4224 2427 4279 per
2440 4209 2671 4277 aliquem
2691 4208 3006 4279 prudentem
3030 4209 3198 4263 virum
3224 4208 3325 4263 illa:
3347 4208 3655 4264 reddantur.

2078 4301 2211 4355 Cum
2250 4300 2588 4355 Tillemontio
2638 4310 2918 4369 putamus,
2972 4299 3113 4353 hunc
3156 4299 3415 4355 Hilarium
3446 4313 3566 4354 esse
3590 4299 3658 4354 de

2076 4406 2181 4458 quo
2223 4389 2339 4443 haec
2374 4390 2532 4444 verba
2576 4390 2776 4458 profert
2808 4389 3073 4442 Palladius
3102 4387 3348 4458 (Pallad.
3372 4388 3603 4458 Dialog.)
3638 4406 3653 4443 :

2076 4480 2343 4545 Hilarius,
2388 4481 2463 4533 vir
2504 4488 2709 4532 sanctus
2741 4489 2789 4532 et
2827 4495 3017 4544 senex,
3064 4480 3118 4531 in
3159 4479 3391 4532 intimum
3432 4480 3654 4534 Pontum

2076 4570 2252 4643 pulsus
2276 4578 2345 4623 est
2368 4612 2383 4634 ,
2417 4570 2579 4640 plagis
2606 4569 2835 4623 concisus
2854 4611 2868 4632 ,
2900 4585 3000 4622 non
3026 4586 3057 4621 a
3071 4570 3265 4639 judice,
3297 4570 3385 4623 sed
3408 4586 3440 4622 a
3467 4570 3612 4625 Clero
3635 4584 3655 4623 :

2075 4667 2160 4737 qui
2180 4665 2349 4719 decem
2369 4673 2414 4718 et
2439 4674 2551 4716 octo
2568 4664 2750 4717 abhinc
2767 4662 2914 4716 annis
2941 4678 3122 4731 panem
3142 4678 3241 4716 non
3260 4663 3497 4734 gustavit,
3517 4661 3656 4716 olera

2076 4758 2187 4814 sola
2215 4766 2262 4812 et
2286 4760 2596 4827 frumentum
2623 4764 2816 4809 coctum
2836 4753 3006 4806 edens.

2148 4848 2346 4904 Paeonii
2386 4846 2578 4901 laudes.
2606 4873 2680 4887 —-
2719 4843 3007 4914 Epistolam
3049 4842 3174 4897 item
3202 4841 3414 4911 scripsit
3440 4841 3546 4897 204
3583 4841 3651 4899 ad

2079 4942 2348 4998 Patauium
2374 4980 2389 5005 ,
2437 4939 2609 4992 virum
2650 4936 2825 5006 pium,
2872 4935 2972 4989 sibi
3005 4933 3425 4988 addictissimum
3450 4975 3467 5001 ,
3511 4933 3650 5003 :equi

2081 5033 2297 5101 verique
2320 5038 2605 5092 amantem,
2634 5026 2892 5096 dignitate
2922 5034 3285 5096 prtestantem,
3308 5026 3398 5096 qui
3430 5025 3653 5080 multum

2080 5119 2540 5188 Constantinopoli
2571 5126 2628 5173 et
2655 5118 2709 5172 in
2736 5116 2965 5188 Imperio
2994 5127 3104 5173 toto
3128 5125 3355 5188 poterat,
3386 5125 3441 5172 et
3467 5126 3652 5186 poten-

2078 5215 2148 5269 tia
2173 5228 2269 5270 sua
2293 5220 2354 5267 ut
2377 5210 2737 5267 Christianum
2762 5209 2985 5265 decebat
3011 5207 3269 5263 utebatur.
3297 5206 3499 5261 Laudat
3522 5220 3652 5260 vero

2078 5305 2227 5361 illum
2252 5320 2283 5359 a
2310 5304 2448 5370 zelo,
2475 5318 2505 5358 a
2527 5303 2790 5373 vigilantia
2814 5344 2830 5367 ,
2868 5300 2937 5355 ab
2961 5299 3122 5353 animi
3147 5297 3439 5363 laboribus,
3464 5312 3495 5351 a
3521 5295 3654 5351 fidu-

2078 5397 2159 5452 cia
2181 5406 2235 5451 et
2249 5397 2491 5451 libertate
2516 5412 2616 5466 qua
2638 5392 2897 5463 episcopis
2918 5391 3205 5458 restiterat,
3227 5404 3347 5445 cum
3368 5389 3421 5443 id
3445 5399 3653 5458 tempus

2082 5491 2413 5561 requireret,
2447 5486 2650 5541 tametsi
2679 5500 2799 5539 cum
2835 5483 3014 5539 debita
3042 5483 3440 5545 moderatione;
3481 5480 3654 5550 quod-

2082 5597 2220 5651 que,
2260 5596 2379 5635 cum
2418 5578 2503 5632 alii
2532 5576 2795 5645 fugerint,
2837 5575 2926 5629 alii
2953 5573 3167 5644 relegati
3191 5572 3332 5637 sint,
3373 5571 3484 5640 ipse
3510 5571 3653 5625 solus

2083 5686 2209 5739 stet,
2233 5674 2537 5741 nullumque
2562 5670 2764 5725 ordinis
2784 5670 3107 5725 desertorem
3136 5666 3247 5719 ﬁeri
3269 5665 3427 5731 sinat,
3457 5677 3655 5733 eosque

2084 5767 2240 5822 etiam
2266 5807 2281 5831 ,
2326 5763 2413 5833 qui
2462 5761 2882 5816 adversariorum
2930 5767 3106 5828 partes
3142 5756 3537 5827 sequebantur,
3580 5752 3652 5808 ad

2085 5872 2205 5913 suas
2235 5856 2364 5908 mira
2395 5853 2655 5908 suavitate
2676 5852 2930 5906 traducat.
2959 5847 3108 5902 Illum
3132 5861 3264 5902 vero
3290 5845 3409 5899 ideo
3426 5844 3656 5897 maxime

2090 5948 2319 6004 celebrat
2343 5987 2358 6012 ,
2389 5943 2529 6015 quod
2558 5945 2611 5999 in
2643 5958 2747 5999 uno
2781 5939 3101 5996 constitutus
3124 5938 3240 5994 loco
3264 5934 3497 5992 universi
3522 5948 3657 6005 pene
