4506 6710
854 540 957 595 959

853 663 1114 704 terrarum
1137 651 1280 706 orbis
1301 668 1478 706 curam
1504 660 1668 722 gerat,
1695 651 1992 706 Palaestina:
2019 669 2144 706 vero
2175 667 2420 713 maxime,

853 741 1137 796 I‘htenicize
1167 754 1219 797 et
1246 743 1462 796 Cilicia.
1514 743 1773 808 Additque
1804 741 2110 796 Palzestinos
2137 750 2190 796 et
2216 741 2431 794 Plateni-

849 848 941 888 ees
962 835 1129 887 virum
1161 834 1226 886 ab
1254 835 1571 888 adversariis
1609 835 1830 887 missum
1859 874 1873 898 ,
1905 850 2094 902 nempe
2131 834 2424 898 Arsacium,

854 941 958 978 non
999 925 1316 990 admisisse;
1360 926 1410 979 in
1441 925 1620 979 Cilicia
1652 940 1778 978 vero
1803 927 2082 996 episcopos
2110 926 2426 979 Tarsensem

851 1027 904 1071 et
935 1018 1218 1087 Aigensem
1249 1036 1278 1072 a
1323 1019 1558 1087 partibus
1593 1016 1804 1070 illorum
1850 1028 1992 1072 stare
2017 1061 2030 1083 ,
2069 1027 2222 1086 atque
2248 1024 2304 1069 ut
2328 1029 2426 1068 au-

851 1111 1021 1165 dierat
1063 1112 1175 1181 ipse
1213 1112 1279 1164 ab
1319 1110 1487 1163 amico
1530 1123 1664 1172 suo,
1709 1112 1960 1181 episcopo
2009 1111 2424 1174 Castabalorum,

853 1203 995 1272 ipsos
1017 1218 1044 1254 a
1071 1201 1663 1269 Constantinopolitanis
1683 1202 1798 1272 cogi
1829 1214 1884 1256 ut
1921 1203 2125 1256 illorum
2168 1199 2427 1269 iniquitati

857 1293 1237 1345 assentirentur
1262 1332 1276 1356 ,
1315 1292 1411 1347 sed
1439 1293 1649 1347 interim
1680 1301 1857 1348 tamen
1882 1294 2149 1346 resistere.
2178 1291 2428 1345 Hortatur

851 1398 1011 1451 porro
1050 1384 1135 1438 ille
1165 1384 1465 1450 Paranium,
1493 1393 1549 1438 ut
1572 1385 1789 1438 multum
1817 1383 2182 1438 sollicitudinis
2211 1393 2261 1435 et
2290 1381 2425 1449 vigi-

852 1473 1030 1528 lantia:
1068 1475 1349 1540 adhibeat,
1381 1490 1485 1543 quo
1515 1473 1633 1527 huic
1665 1474 1820 1527 etiam
1849 1474 1983 1542 parti
2024 1473 2313 1527 remedium
2345 1472 2425 1524 af-

807 1631 817 1642 ’
854 1565 1012 1628 ferat,
1036 1578 1088 1620 et
1107 1567 1171 1619 ad
1193 1566 1563 1619 consobrinum
1586 1579 1735 1618 suum
1759 1563 2095 1618 Theodorum
2117 1563 2426 1632 episcOpum

853 1657 1051 1709 scribat
1083 1674 1096 1708 :
1124 1657 1210 1724 qni
1255 1655 1461 1708 videtur
1505 1670 1625 1709 esse
1669 1655 1980 1710 Theodorus
2028 1655 2426 1725 Mopsucstenus

850 1745 1066 1800 Joannis
1112 1761 1182 1799 no
1213 1746 1332 1798 tria
1365 1760 1528 1815 puero
1567 1746 1790 1800 amicus.
1834 1746 2167 1801 Pharetrium
2215 1746 2426 1813 deinde,

850 1833 1228 1889 Caesariensem
1253 1836 1580 1905 episcopum,
1611 1846 1826 1891 revocat
1847 1838 1898 1890 in
1927 1837 2255 1898 memoriam,
2279 1839 2429 1904 cujus

853 1925 1031 1994 iniqua
1089 1926 1140 1979 in
1185 1924 1620 1995 Chrysostomum
1665 1935 1812 1995 gesta
1861 1927 2102 1996 superius
2153 1927 2424 1979 vidimus:

851 2029 971 2084 quae
998 2025 1143 2070 certe
1186 2017 1383 2069 nullam
1426 2018 1628 2070 veniam
1661 2017 2013 2070 merebantur.
2043 2017 2112 2068 At
2150 2029 2268 2067 cum
2307 2029 2426 2081 pre-

851 2107 1052 2176 sbyterl
1073 2110 1186 2176 ejus
1215 2117 1267 2160 et
1296 2107 1479 2162 Clerus
1496 2107 1666 2160 omnis
1693 2122 1786 2175 pro
1804 2107 2182 2176 Chrysostomo
2197 2112 2419 2168 starent,

851 2213 918 2251 ne
958 2212 1059 2266 qua
1108 2198 1228 2250 hinc
1257 2198 1518 2251 dissensio
1545 2198 1808 2260 oriretur,
1853 2196 2120 2249 Pazanium
2159 2196 2419 2260 hortatur,

849 2295 906 2338 ut
937 2286 1222 2353 prudenter
1243 2302 1337 2354 pro
1366 2300 1513 2340 more
1533 2301 1630 2340 suo
1645 2301 1766 2340 cum
1786 2285 1887 2340 illis
1911 2293 2052 2354 agat,
2070 2294 2124 2341 et
2148 2285 2425 2340 Pharetrio

847 2375 1007 2438 dicat,
1037 2374 1294 2431 Joannem
1316 2377 1584 2431 audivisse
1617 2377 1758 2447 quod
1785 2377 1897 2446 ipse
1924 2377 2234 2432 Pharetrius
2260 2378 2428 2431 multo

847 2465 915 2520 de
941 2467 1004 2520 iis
1028 2482 1145 2536 qua:
1174 2467 1478 2521 acciderant
1500 2467 1684 2521 dolore
1710 2466 2013 2522 afficeretur
2033 2509 2047 2533 ,
2079 2482 2142 2521 ac
2172 2483 2229 2521 se
2274 2482 2428 2536 para-

852 2567 961 2609 tum
989 2571 1106 2610 esse
1129 2556 1270 2610 dicat
1295 2556 1360 2610 ad
1394 2557 1602 2626 quidvis
1633 2557 1936 2626 patiendum
1963 2599 1975 2618 ,
2019 2567 2075 2610 ut
2103 2574 2162 2611 ea
2194 2574 2310 2625 quae
2338 2573 2428 2612 ne-

852 2644 986 2699 farie
1004 2655 1118 2699 acta
1144 2644 1351 2699 fuerant
1374 2646 1742 2700 emendentur.
1781 2649 1868 2700 Ait
1895 2646 2120 2715 denique
2145 2662 2204 2700 se
2229 2649 2428 2714 optime

848 2734 1028 2788 valere
1051 2774 1068 2799 ,
1113 2749 1176 2787 ac
1206 2735 1551 2790 vehementer
1571 2746 1754 2805 optare
1779 2745 1834 2791 ut
1854 2737 1968 2806 ejus
1997 2752 2286 2806 congressu
2326 2737 2425 2791 frui

849 2822 1038 2891 possit.

917 2911 1051 2967 Cum
1098 2912 1368 2968 didicisset
1409 2914 1557 2969 illum
1605 2912 2099 2986 Constantinopolin
2153 2933 2424 2972 reversum

850 3021 989 3070 esse,
1015 3007 1309 3076 gratulandi
1337 3023 1493 3062 causa
1515 3009 1786 3076 epistolam
1815 3009 1912 3077 ipsi
1938 3010 2078 3064 misit
2101 3010 2236 3074 2'20;
2267 3025 2430 3078 seque

851 3097 981 3153 dicit
1015 3099 1126 3168 jam
1166 3113 1272 3152 non
1319 3098 1374 3152 in
1419 3100 1696 3168 peregrina
1739 3101 1954 3169 regione
1982 3101 2184 3154 versari
2220 3108 2428 3168 putare,

853 3189 1227 3258 voluptateque
1253 3189 1497 3257 perfundi
1522 3231 1538 3256 ,
1584 3206 1689 3245 non
1719 3191 1860 3260 quod
1889 3193 2117 3260 dignitas
2148 3193 2224 3245 illi
2263 3193 2435 3261 major

849 3279 1096 3348 obtigerit
1127 3296 1140 3332 :
1167 3279 1474 3348 dignitatem
1495 3281 1636 3334 enim
1665 3281 1780 3350 ejus
1806 3296 1926 3337 esse
1945 3283 2132 3335 anima:
2159 3283 2429 3348 virtutem,

852 3385 970 3439 qua:
995 3384 1281 3440 numquam
1309 3371 1408 3441 ipsi
1437 3370 1630 3426 auferri
1670 3373 1873 3442 possit;
1907 3389 2069 3443 seque
2107 3373 2228 3428 ideo
2253 3374 2434 3428 exsul-

857 3473 972 3516 tare
999 3462 1138 3531 quod
1159 3462 1275 3532 ejus
1300 3464 1502 3517 reditus
1528 3480 1771 3532 magnam
1805 3465 1993 3519 afferat
2013 3467 2432 3520 consolationem

857 3553 922 3606 iis
949 3553 1038 3622 qui
1067 3554 1413 3619 vexabantur,
1443 3555 1838 3623 torquebantur,
1859 3555 1912 3608 in
1939 3556 2144 3609 vincula
2186 3557 2436 3625 conjicie-

856 3643 1047 3698 bantur
1067 3684 1082 3708 ,
1110 3642 1200 3711 qui
1219 3642 1287 3697 ad
1315 3643 1462 3697 illum
1492 3651 1756 3713 tamquam
1784 3643 1851 3698 ad
1879 3645 2192 3698 latissimum
2225 3656 2432 3714 portum

854 3734 1180 3804 confugient.
1223 3734 1396 3787 Aliam
1423 3748 1634 3803 quoque
1661 3734 1872 3788 Pteanio
1895 3735 2171 3803 epistolam
2199 3735 2269 3789 95
2293 3735 2430 3789 scri-

853 3826 1001 3896 psit,
1047 3825 1199 3894 cujus
1245 3833 1456 3894 tempus
1499 3840 1565 3878 ne
1590 3825 1893 3894 conjectura
1920 3825 2134 3894 quidem
2173 3825 2430 3895 assignari

856 3925 1048 3988 potest.
1084 3916 1214 3970 Cum
1242 3924 1416 3968 autem
1447 3914 1734 3968 adversarii
1760 3915 1874 3982 ejus
1903 3915 2130 3970 maxime
2155 3917 2428 3981 smvirent,

854 4011 1095 4078 aliosque
1120 4007 1233 4061 dire
1256 4014 1540 4070 vexarent,
1573 4007 1739 4074 magis
1762 4007 2017 4076 lugendus
2043 4022 2161 4061 esse
2182 4008 2312 4060 dicit
2338 4022 2433 4061 eos

856 4103 948 4172 qui
970 4101 1103 4154 mala
1130 4100 1430 4168 hujusmodi
1463 4097 1748 4163 inferrent,
1779 4114 1934 4167 quam
1965 4100 2052 4167 qui
2081 4108 2390 4166 paterentur
2417 4116 2432 4151 :

861 4193 945 4246 his
969 4191 1110 4245 enim
1132 4204 1359 4243 coronas
1383 4231 1398 4255 ,
1428 4189 1529 4242 illis
1558 4188 1816 4257 supplicia
1845 4191 2038 4258 parari.
2065 4191 2262 4243 Deinde
2290 4198 2438 4258 rogat

859 4282 928 4338 de
956 4281 1257 4335 valetudine
1282 4294 1375 4333 sua
1405 4280 1683 4334 certiorem
1714 4296 1772 4334 se
1800 4281 1976 4334 faciat.

931 4375 1317 4444 Chrysostomus
1355 4372 1498 4425 exsul
1517 4373 1680 4443 gregis
1725 4373 1806 4426 sui
1839 4389 2013 4426 curam
2043 4375 2264 4443 gerit.—
2292 4373 2438 4428 Licet

859 4478 1031 4521 autem
1075 4465 1224 4519 exsul
1269 4473 1322 4520 et
1365 4462 1819 4534 Constantinopoli
1871 4467 2053 4534 procul
2098 4475 2276 4529 esset,
2331 4481 2434 4519 non

861 4558 1121 4611 minorem
1151 4565 1326 4610 tamen
1355 4555 1452 4608 sibi
1482 4555 1754 4609 commissi
1780 4557 1952 4625 gregis
1978 4571 2159 4610 curam
2190 4557 2430 4625 gerebat,

863 4645 1285 4714 advigilabatqne
1329 4653 1385 4697 ut
1429 4645 1719 4714 presbyteri
1763 4655 1818 4698 et
1856 4645 2040 4700 Clerus
2069 4647 2169 4700 sibi
2195 4647 2438 4700 addictus

862 4755 960 4792 suo
991 4739 1335 4807 fungerentur
1371 4737 1566 4792 officio.
1615 4737 1696 4791 Ad
1735 4737 2069 4792 Theodorum
2108 4738 2348 4792 scribens
2373 4739 2440 4793 de

864 4830 1176 4900 negligentia
1207 4827 1423 4884 Salustii
1461 4830 1756 4899 presbyteri
1793 4831 2035 4899 queritur
2063 4828 2254 4900 (Epist.
2285 4829 2436 4900 210),

864 4937 1021 4991 quem
1053 4923 1347 4975 nuntiatum
1378 4921 1477 4975 sibi
1510 4919 1679 4976 fuerat
1705 4922 1789 4976 vix
1830 4922 2063 4992 quinque
2106 4922 2348 4976 homilias
2374 4921 2440 4976 ad

865 5012 1111 5067 Octobris
1156 5028 1322 5081 uSque
1363 5028 1601 5067 mensem
1651 5014 1896 5068 habuisse
1925 5033 1939 5068 :
1967 5021 2126 5083 atque
2168 5013 2342 5082 ipsum
2387 5019 2444 5067 et

869 5104 1214 5174 Theophilum
1245 5104 1607 5174 presbyterum
1632 5147 1644 5167 ,
1673 5105 1895 5160 alterum
1921 5121 1984 5159 ex
2017 5107 2222 5176 pigritia
2247 5147 2261 5170 ,
2303 5104 2439 5158 alte-

866 5212 983 5250 rum
1023 5211 1132 5266 pra:
1172 5205 1314 5250 metu
1342 5195 1409 5249 ad
1436 5194 1719 5249 Collectam
1760 5213 1861 5250 non
1900 5199 2099 5251 venire.
2152 5197 2440 5251 Salustinm

866 5301 994 5340 vero
1035 5287 1268 5341 maxime
1308 5285 1538 5340 amicum
1583 5299 1736 5337 suum
1784 5295 1838 5338 ut
1879 5289 2220 5342 vehementer
2246 5286 2441 5340 excitet

869 5385 1115 5444 precatur
1153 5394 1165 5428 :
1204 5377 1254 5429 in
1281 5387 1420 5430 tanta
1465 5376 1605 5430 enim
1638 5389 1814 5428 rerum
1857 5386 2166 5446 tempestate
2192 5392 2439 5446 magnam

868 5467 1118 5522 exhibere
1163 5468 1518 5523 fortitudinem
1549 5481 1602 5523 et
1640 5469 1959 5540 vigilantiam
2001 5482 2246 5542 oportere
2291 5470 2437 5525 dicit.

871 5559 1066 5613 Eadem
1094 5558 1158 5613 de
1182 5574 1338 5613 causa
1365 5561 1429 5614 ad
1459 5561 1809 5631 Theophilum
1839 5562 2200 5632 presbyterum
2233 5564 2438 5632 episto-

871 5652 975 5704 latr.
1005 5647 1110 5702 219.
1136 5651 1313 5716 misit,
1358 5665 1418 5706 se
1452 5668 1790 5723 summopere
1833 5654 2064 5710 doluisse
2105 5657 2432 5727 significans,

865 5740 1002 5810 quod
1049 5740 1138 5794 ille
1164 5751 1218 5794 et
1245 5741 1504 5796 Salustius
1531 5760 1650 5799 raro
1677 5745 1741 5799 ad
1771 5744 2056 5800 Collectam
2096 5747 2436 5811 accederent,

867 5843 920 5884 nt
944 5833 1042 5886 sibi
1069 5832 1267 5887 dictum
1293 5832 1457 5886 fuerat
1487 5853 1498 5887 :
1527 5836 1569 5888 si
1595 5850 1678 5889 res
1704 5852 1856 5890 secus
1879 5852 1935 5889 δυ
1965 5835 2179 5893 haberet
2204 5881 2218 5906 ,
2255 5840 2305 5893 id
2337 5838 2438 5892 sibi

867 5927 1170 5992 nuntiaret;
1215 5925 1296 5979 sin
1349 5939 1524 5979 verum
1568 5938 1744 5991 esset,
1781 5926 2148 5998 negligentiam
2175 5929 2435 5987 eruenda-

1913 542 1970 597 S.
2011 540 2285 596 JOANNIS
2323 538 2799 597 (.IIRVSOSTOMI
2841 545 3020 609 VlTA,

4006 547 4108 603 230

2538 663 2639 707 ret.
2690 654 2770 706 Ad
2817 654 3103 710 Salustium
3143 658 3334 712 deinde
3372 657 3643 725 epistolam
3674 660 3814 712 misit
3839 663 3983 729 9.05,
4024 668 4106 720 ubi

2535 746 2718 800 eadem
2750 745 2858 799 fere
2881 751 3094 814 repetit,
3129 751 3298 818 ipsum
3327 765 3516 820 nempe
3545 748 3607 802 ad
3635 748 3917 804 Octobrem
3941 771 4105 824 usque

2535 851 2769 890 mensem
2822 837 3064 889 homilias
3106 842 3336 909 quinque
3380 850 3580 893 tantum
3613 838 3898 904 habuisse,
3929 843 4104 898 Theo-

2535 928 2737 994 philum
2767 942 2892 981 vero
2941 929 3138 981 nullam
3173 948 3186 983 :
3215 945 3283 984 an
3312 932 3364 985 id
3399 948 3581 986 verum
3627 933 3731 994 sit,
3779 929 3882 984 sibi
3914 933 4106 988 indicet

2533 1030 2715 1088 rogat;
2760 1029 2813 1073 et
2853 1020 2895 1073 si
2939 1034 3026 1072 res
3073 1021 3140 1071 ita
3186 1037 3244 1074 se
3287 1023 3512 1090 habeat,
3558 1035 3776 1093 uterque
3801 1023 4104 1091 diligentius

2534 1123 2646 1162 rem
2678 1118 2836 1178 agat:
2869 1109 2990 1172 Quis
3015 1109 3145 1160 enim
3166 1150 3180 1173 ,
3212 1112 3415 1178 inquit,
3447 1115 3566 1167 illos
3592 1116 3732 1166 venia
3765 1115 3941 1183 dignos
3979 1130 4097 1166 cen-

2533 1207 2676 1263 seat,
2717 1201 2803 1269 qui
2836 1199 2954 1251 dum
2988 1199 3076 1250 alii
3112 1209 3356 1251 vexantur
3383 1211 3428 1252 et
3457 1203 3508 1255 in
3547 1206 3778 1256 exsilium
3819 1205 4099 1266 mittuntur,

2532 1303 2688 1357 neque
2711 1290 2973 1358 pra’sentia
3015 1304 3169 1356 neque
3208 1289 3440 1341 doctrina
3468 1307 3562 1343 sua
3603 1296 3788 1362 papula
3817 1304 4105 1363 tempestate

2523 1377 2718 1446 jactato
2745 1395 2836 1445 pro
2863 1380 2992 1430 virili
3021 1393 3308 1431 succurrere
3325 1378 3568 1431 student?

2603 1469 2680 1521 Ad
2726 1470 3032 1523 Severinam
3078 1480 3131 1524 et
3174 1470 3448 1522 Romulam
3488 1467 3946 1542 Constantinopoli
3987 1489 4101 1528 ver-

2532 1571 2709 1613 santes
2733 1601 2748 1624 ,
2777 1563 3053 1628 epistolam
3093 1561 3234 1613 misit
3258 1559 3363 1614 219
3394 1577 3406 1612 :
3429 1573 3558 1627 quas
3582 1574 3647 1612 ex
3668 1561 3917 1618 diuturno
3943 1564 4102 1617 silen.

2534 1651 2607 1701 tio
2632 1664 2851 1716 carpere
2880 1665 2982 1702 non
3023 1651 3213 1714 audet,
3247 1649 3339 1703 sed
3370 1649 3488 1717 quia
3518 1649 3760 1702 fortassis
3785 1665 3848 1703 ex
3875 1655 4098 1706 tabella-

2534 1740 2729 1792 riorum
2757 1741 2971 1808 penuria
2991 1755 3050 1795 se
3077 1741 3322 1808 epistolas
3345 1741 3550 1792 mittere
3571 1753 3674 1792 non
3703 1753 3858 1806 posse
3886 1741 4104 1796 dicturce

2535 1840 2704 1893 erant,
2734 1829 3016 1883 Salustium
3045 1831 3142 1883 sibi
3172 1830 3456 1883 admodum
3486 1829 3736 1882 dilectum
3764 1829 3979 1895 iudicat,
4011 1834 4102 1899 qui

2531 1921 2596 1972 ad
2615 1935 2730 1972 eam
2763 1936 2874 1972 rem
2904 1923 3029 1988 ipsis
3059 1936 3212 1988 Opem
3236 1920 3378 1974 ferre
3403 1919 3869 1987 possit.Valentino
3889 1937 4100 1990 quoque

2527 2011 2739 2077 scripsit
2759 2011 3035 2078 epistolam
3063 2011 3165 2063 217
3193 2028 3206 2063 :
3237 2027 3391 2078 quem
3414 2011 3609 2075 laudat,
3629 2011 3768 2080 quod
3793 2011 3856 2064 ad
3886 2012 4101 2066 ferenda

2527 2101 2845 2168 pauperibus
2891 2101 3122 2153 subsidia
3177 2101 3245 2153 sit
3289 2116 3502 2169 semper
3538 2111 3768 2170 paratus.
3815 2103 3945 2169 Quia
3975 2119 4103 2158 vero

2529 2189 2858 2243 Domitianus
2904 2190 3216 2260 presbyter,
3246 2192 3328 2243 cui
3357 2193 3697 2245 commiserat
3731 2191 3962 2247 Joannes
4005 2209 4100 2247 no-

2529 2290 2637 2334 ster
2659 2292 2716 2333 ut
2742 2281 3015 2334 viduarum
3045 2291 3098 2334 et
3142 2283 3402 2348 virginum
3438 2298 3618 2338 curam
3651 2295 3893 2353 gereret,
3938 2288 4105 2354 signi-

2533 2372 2780 2425 licaverat
2809 2372 2943 2442 ipsi,
2973 2373 3088 2425 illas
3111 2371 3249 2426 fame
3274 2374 3477 2438 vexari,
3509 2373 3576 2426 ad
3606 2373 3940 2428 Valentinum
3969 2391 4105 2429 con-

2533 2461 2662 2531 fugit
2690 2463 3135 2533 Chrysostomus,
3182 2464 3434 2532 illumque
3479 2465 3724 2519 obsecrat
3748 2476 3802 2520 et
3842 2475 3997 2532 orat,
4049 2479 4105 2520 ut

2535 2552 2832 2606 Domitiano
2852 2553 3042 2607 auxilia
3067 2555 3309 2607 conferat
3335 2596 3350 2619 ,
3379 2555 3632 2625 additque
3657 2571 3740 2620 ea,
3769 2571 3887 2624 quae
3917 2557 3968 2609 in
4000 2567 4105 2608 tam

2531 2644 2674 2712 gravi
2708 2654 3017 2711 tempestate
3041 2660 3103 2699 ac
3129 2647 3358 2713 procella
3387 2658 3704 2715 erogantur,
3755 2647 3938 2714 majori
3966 2661 4108 2699 mer-

2530 2733 2662 2787 cede
2686 2733 2891 2786 donari.
2935 2735 3189 2788 Precatur
3234 2738 3392 2788 etiam
3432 2745 3489 2789 ut
3515 2736 3580 2788 ad
3606 2751 3664 2790 se
3691 2737 3885 2789 scribat
3909 2776 3923 2796 ,
3966 2735 4106 2803 quod

2531 2823 2655 2877 huic
2702 2824 2944 2891 petitioni
2985 2825 3250 2878 annueril.
3297 2824 3661 2895 Chrysostomi
3714 2826 3957 2894 precibus
4004 2841 4106 2877 an-

2530 2916 2708 2970 nuisse
2736 2915 2944 2970 videtur
2970 2915 3277 2970 Valentinus
3307 2933 3320 2970 :
3353 2932 3472 2968 nam
3494 2918 3545 2969 in
3570 2917 3790 2985 epistola
3821 2918 3882 2970 H
3913 2957 3927 2980 ,
3959 2927 4112 2985 post-

2533 3023 2690 3074 quam
2719 3007 2924 3062 dixerat
2949 3025 3006 3062 se
3030 3007 3168 3062 hanc
3196 3009 3402 3062 tertiam
3419 3010 3696 3077 epistolam
3719 3011 3946 3073 misisse,
3977 3025 4101 3062 eum

2538 3098 2651 3166 ipse
2681 3099 2877 3151 nullam
2919 3114 2950 3152 a
2971 3099 3253 3153 Valentino
3278 3101 3574 3168 acceperit,
3613 3099 3824 3168 adjicit,
3853 3115 3912 3154 se
3941 3100 4108 3168 probe

2536 3191 2672 3242 scire
2697 3205 2816 3242 eum
2838 3231 2853 3255 ,
2886 3190 2976 3258 qui
3018 3189 3200 3244 literas
3237 3204 3362 3244 suas
3390 3191 3592 3254 attulit,
3637 3205 3757 3243 cum
3801 3189 4001 3243 honore
4036 3191 4108 3242 ab

2537 3282 2627 3335 illo
2656 3292 2933 3351 exceptura
2963 3282 3144 3342 fuisse.
3169 3293 3223 3336 et
3248 3283 3300 3335 in
3328 3281 3392 3335 iis
3418 3282 3594 3344 rebus,
3622 3296 3739 3351 qua:
3765 3295 3918 3348 opem
3944 3282 4106 3349 ipsius

2538 3375 2881 3444 requirebant
2903 3416 2917 3437 ,
2949 3391 3066 3443 quae
3091 3388 3304 3428 suarum
3332 3375 3558 3441 partium
3585 3382 3735 3426 erant
3759 3372 4063 3440 praestitisse
4089 3389 4105 3424 :

2537 3464 2606 3518 de
2634 3473 2830 3518 caetero
2858 3465 3100 3518 obsecrat
3123 3474 3177 3517 et
3203 3463 3438 3532 pluribus
3461 3471 3704 3530 precatur
3732 3471 3790 3514 ut
3811 3461 3988 3515 literas
4007 3461 4106 3514 sibi

2538 3555 2749 3607 mittere
2775 3569 2879 3607 non
2901 3554 3127 3608 desinat.
3170 3552 3302 3607 Cum
3332 3567 3491 3620 porro
3526 3552 3832 3606 Valentinus
3858 3551 3908 3604 in
3937 3550 4106 3603 hono-

2538 3645 2612 3698 ris
2659 3645 2879 3713 gradum
2927 3645 3231 3713 quempiam
3277 3653 3494 3699 evectus
3541 3643 3764 3708 fuisset,
3813 3657 3986 3711 neque
4053 3642 4105 3694 id

2535 3736 2917 3802 Chrysostomo
2958 3750 3052 3804 per
3091 3736 3274 3789 literas
3318 3736 3647 3798 nuntiasset,
3689 3734 3965 3802 epistolam
4007 3733 4105 3800 ipsi

2535 3831 2640 3886 116
2671 3828 2904 3897 scripsit,
2943 3838 3100 3897 atque
3125 3827 3392 3895 redarguit
3416 3826 3593 3890 illum,
3626 3825 3767 3894 quod
3795 3839 3905 3878 rem
3935 3833 4109 3876 tanto-

2536 3939 2664 3994 pere
2691 3923 2790 3977 sibi
2825 3929 3027 3991 gratam
3070 3920 3138 3973 ab
3164 3919 3284 3972 aliis
3317 3919 3522 3972 discere
3565 3932 3750 3985 passus
3793 3917 3895 3980 sit,
3933 3930 4106 3982 neque

2537 4015 2638 4069 sibi
2686 4012 2980 4081 scripserit.
3029 4009 3223 4064 Veram
3264 4007 3476 4076 quidem
3503 4007 3809 4075 dignitatem
3840 4019 3958 4059 esse
3978 4005 4110 4057 dicit

2538 4107 2728 4160 anima:
2762 4106 3009 4157 virtutem
3031 4142 3046 4165 ,
3077 4100 3171 4153 sed
3199 4100 3318 4168 quia
3355 4099 3465 4167 ipse
3495 4097 3674 4150 mundi
3717 4096 4005 4150 honoribus
4037 4093 4106 4148 ad

2541 4196 2816 4248 utilitatem
2845 4192 2985 4245 illius
3023 4191 3099 4244 uti
3141 4189 3439 4252 didicerat,
3483 4202 3586 4255 quo
3626 4187 3890 4255 potentior
3914 4185 4104 4251 evasit,

2539 4302 2604 4343 eo
2629 4287 2783 4340 latior
2806 4293 2988 4354 portus
3012 4283 3290 4351 egentibus
3311 4279 3591 4334 efficietur.

2612 4378 2882 4447 Philippus
2922 4384 2976 4429 et
3021 4372 3337 4442 Euthymius
3382 4368 3678 4438 presbyteri
3721 4367 3914 4423 scholis
3954 4368 4102 4423 Con-

2538 4469 2876 4538 stantinopoli
2903 4475 3200 4536 praeerant;
3227 4477 3452 4531 cumque
3479 4477 3539 4516 ea
3564 4502 3578 4527 ,
3616 4475 3717 4531 qua
3744 4461 3962 4516 decebat
3983 4500 3999 4525 ,
4027 4460 4109 4513 di-

2537 4563 2692 4617 cendi
2723 4560 2967 4613 libertate
2996 4557 3075 4610 usi
3107 4556 3361 4618 fuissent,
3404 4567 3472 4607 ex
3518 4551 3714 4606 scholis
3748 4552 3900 4621 ejecti
3931 4550 4104 4604 fuere.

2540 4653 2949 4723 Chrysostomus
2989 4663 3115 4703 vero
3157 4646 3404 4716 epistolas
3446 4646 3656 4715 scripsit
3692 4645 3798 4700 215
3839 4644 4106 4712 Philippo,

2539 4744 2646 4797 218
2690 4741 2997 4811 Euthymio.
3051 4738 3347 4806 Philippum
3391 4751 3518 4791 vero
3563 4737 3768 4806 arguit,
3815 4733 3958 4804 quod
4004 4731 4108 4785 sibi

2544 4835 2722 4888 literas
2757 4847 2862 4886 non
2905 4831 3140 4894 miserit;
3183 4839 3457 4898 utrumque
3483 4830 3822 4890 consolatur,
3869 4826 4004 4878 hanc
4024 4825 4107 4891 jao

2542 4932 2746 4976 cturam
2797 4921 2978 4976 dicens
3024 4921 3074 4973 in
3125 4919 3383 4974 mercedis
3426 4919 3599 4974 locum
3650 4917 3830 4972 haberi
3883 4914 4104 4967 debere.

2544 5012 2802 5066 Plurimas
2831 5025 2960 5064 vero
2988 5009 3120 5063 alias
3144 5010 3356 5076 scripsit
3382 5009 3633 5078 epistolas
3661 5007 3728 5060 ad
3769 5003 4107 5073 presbyteros

2543 5109 2794 5164 Severum
2825 5105 2950 5167 101,
2983 5102 3231 5157 Acacium
3255 5102 3381 5168 208,
3406 5101 3774 5157 Sebastianum
3801 5094 3930 5157 214,
3957 5093 4110 5146 Pela-

2542 5202 2684 5271 gium
2718 5199 2823 5254 215
2842 5239 2858 5263 ,
2886 5196 3217 5251 salutationis
3245 5203 3446 5248 tantum
3474 5202 3530 5248 et
3552 5191 3798 5246 amicitia:
3821 5187 3969 5253 signa
3998 5199 4108 5253 pra:

2544 5308 2600 5346 se
2644 5291 2912 5352 ferentes;
2966 5301 3135 5354 neque
3190 5286 3386 5354 percipi
3436 5290 3610 5351 potest
3661 5279 3810 5345 cujus
3856 5274 4107 5328 Ecclesia:

2544 5382 2834 5451 presbyteri
2852 5387 3045 5431 essent.
3066 5374 3382 5444 Symmacho
3399 5383 3574 5427 autem
3593 5369 3902 5438 presbytero
3917 5363 4103 5432 (Epist.

2543 5474 2633 5542 45)
2659 5512 2673 5534 ,
2699 5471 2787 5538 qui
2818 5469 2972 5536 longo
3004 5467 3277 5519 intervallo
3304 5480 3333 5518 a
3365 5480 3422 5518 se
3456 5460 3720 5521 distabat,
3766 5465 3818 5508 et
3859 5459 4105 5507 aerumnis

2545 5562 2946 5634 opprimebatur
2971 5602 2983 5626 ,
3028 5560 3140 5614 hazc
3184 5557 3561 5613 consolationis
3600 5551 3760 5603 verba
3797 5549 3922 5601 dicit
3953 5566 3966 5602 :
3993 5547 4105 5601 Non

2545 5671 2735 5709 novum
2758 5663 2810 5707 et
2839 5661 3221 5722 prmposterum
3249 5663 3367 5704 esse
3392 5687 3404 5708 ,
3444 5645 3488 5696 si
3526 5645 3568 5694 is
3589 5642 3676 5708 qui
3707 5650 3980 5709 angustum
4011 5640 4107 5690 iter

2545 5755 2687 5799 tenet
2718 5754 3002 5812 prematur,
3029 5743 3121 5797 sed
3152 5744 3252 5794 iter
3283 5733 3580 5803 hujusmodi
3611 5731 3675 5785 ad
3699 5745 3942 5795 coronas,
3974 5743 4105 5798 pra:-

2544 5838 2644 5890 mia
2671 5847 2720 5890 et
2747 5847 2943 5889 teterna
2967 5835 3101 5888 bona
3131 5831 3346 5884 ducere.

2616 5927 2932 5998 Olympiadis
2977 5922 3133 5974 animi
3176 5917 3404 5987 ﬁrmitas.
3434 5947 3500 5956 —-
3541 5915 3810 5987 Olympias
3834 5955 3848 5980 ,
3903 5929 4025 5987 quae
4049 5914 4117 5970 de
