4506 6718
396 564 491 618 9.ιί

398 676 663 743 inccndio,
691 686 747 731 ut
768 676 876 747 jam
903 676 1100 731 dictum
1132 673 1230 727 fuit
1248 713 1263 738 ,
1295 671 1670 737 accusabatur,
1699 674 1766 726 ab
1794 672 1971 724 inimi-

395 767 475 820 cis
515 765 880 838 Cltrysostomi
923 766 1054 820 diris
1098 763 1447 817 exercebatur
1492 765 1770 819 molestiis.
1818 761 1973 814 Minzc

396 871 538 925 smpe
585 859 982 912 intentabantur
1015 870 1027 905 :
1055 852 1122 905 de
1164 866 1322 920 opum
1357 853 1560 922 jactura
1590 894 1605 919 ,
1653 853 1722 907 de
1764 850 1967 916 exsilio,

399 947 505 1002 imo
531 948 599 1003 de
632 958 803 1002 morte
830 944 1103 1013 agebatur.
1134 943 1324 997 Verum
1354 945 1439 998 illa
1463 940 1831 1015 Chrysostomi
1860 956 1974 995 mo-

396 1038 521 1093 nitis
548 1048 603 1095 et
634 1037 801 1091 literis
829 1035 1075 1088 roborata
1094 1075 1108 1100 ,
1136 1032 1250 1089 haec
1277 1037 1451 1090 omnia
1484 1032 1770 1106 tranquillo
1794 1032 1972 1087 animo

394 1128 599 1182 ferebat
618 1168 632 1191 ,
664 1136 719 1179 et
748 1126 1002 1193 majorem
1028 1125 1081 1178 in
1106 1125 1219 1180 dies
1253 1126 1416 1180 animi
1451 1125 1754 1179 ﬁrmitatem
1781 1137 1965 1179 consc-

393 1219 675 1287 quebatur.
693 1216 861 1283 Quam
882 1232 996 1271 rem
1021 1233 1139 1272 cum
1162 1233 1277 1272 com
1288 1220 1510 1287 perisset
1532 1215 1965 1285 Chrysostomus,

394 1306 679 1375 epistolam
708 1306 779 1358 illi
800 1306 942 1360 misit
971 1307 1227 1362 decimam
1260 1309 1539 1378 septimam
1561 1345 1576 1367 ,
1609 1305 1695 1359 ubi
1728 1305 1967 1359 luculen-

396 1409 478 1452 ter
517 1406 715 1451 tantam
759 1399 919 1453 animi
964 1401 1355 1463 constantiam,
1408 1399 1461 1451 in
1495 1397 1737 1451 adversis
1778 1398 1967 1451 alacri-

397 1496 561 1542 tatem
587 1530 601 1554 ,
643 1488 711 1543 ad
752 1491 927 1545 omnia
962 1490 1077 1546 dira
1103 1491 1435 1559 adversaque
1465 1497 1701 1557 paratam
1729 1488 1971 1543 laudibus

395 1581 651 1636 celebrat.

465 1672 714 1727 Pentadia
742 1690 952 1745 quoque
984 1674 1169 1728 iisdem
1195 1673 1347 1743 queis
1376 1672 1645 1745 Olympias
1670 1715 1684 1739 ,
1727 1674 1833 1727 imo
1862 1673 1973 1728 for-

394 1769 535 1815 tasse
579 1764 868 1832 majoribus
906 1765 1145 1834 elinsila
1188 1764 1478 1828 aerumnis,
1523 1765 1734 1819 fortiter
1772 1765 1889 1819 illas
1917 1774 1972 1820 et

391 1854 777 1921 imperturbata
825 1857 1005 1910 animo
1044 1854 1285 1922 ferebat,
1335 1866 1391 1909 ut
1433 1856 1624 1926 legitur
1652 1858 1703 1911 iu
1741 1857 1971 1926 epistola

388 1941 457 1996 94
488 1961 501 1997 :
528 1946 681 2013 cujus
723 1944 810 1999 hic
846 1946 1086 2013 quaedam
1124 1945 1393 2001 afferenda
1432 1947 1679 2003 videntur
1712 1965 1727 2001 :
1756 1947 1970 2011 Ecquod

387 2033 687 2087 insidiarum
715 2045 763 2089 et
801 2038 1148 2090 machinarum
1185 2054 1343 2107 genus
1385 2040 1964 2107 pra'terntiserunt?.....

387 2125 454 2177 In
481 2129 648 2194 forum
676 2137 750 2191 te,
798 2144 913 2198 qum
950 2140 1132 2197 prteter
1160 2130 1417 2184 ecclesiam
1441 2140 1487 2185 et
1513 2132 1795 2186 cubiculum
1838 2133 1968 2187 nihil

387 2233 561 2279 noras,
595 2228 982 2287 pertraxerunt;
1009 2238 1040 2272 a
1067 2222 1180 2290 foro
1205 2221 1273 2274 ad
1296 2222 1569 2276 tribunalia
1589 2265 1604 2290 ,
1638 2240 1668 2275 a
1697 2223 1968 2278 tribunali-

386 2312 480 2361 bus
508 2310 577 2361 ad
603 2327 873 2366 carcerem.
923 2310 1195 2366 Falsorum
1230 2313 1428 2367 testium
1456 2314 1655 2385 linguas
1696 2324 1961 2380 acuerunt,

384 2400 728 2466 impudentem
752 2402 1059 2455 calumniam
1093 2405 1456 2458 concinnamnt
1475 2447 1491 2472 ,
1522 2407 1683 2459 caedes
1709 2416 1970 2474 perpetra-

382 2498 528 2555 runt,
560 2491 754 2543 cruoris
780 2501 1020 2546 torrentes
1050 2494 1421 2563 profuderunt,
1447 2495 1550 2565 igni
1571 2512 1631 2548 ac
1659 2496 1794 2564 ferro
1813 2497 1967 2565 juve-

384 2595 508 2632 num
542 2597 757 2648 corpora
780 2592 1195 2652 consumpserunt
1217 2624 1231 2648 ,
1262 2586 1435 2639 multis
1469 2602 1531 2639 ac
1561 2586 1821 2657 praeclaris
1848 2587 1968 2639 viris

382 2672 676 2726 innumeras
704 2674 881 2744 plagas
904 2684 952 2728 et
975 2678 1227 2731 cruciatus
1251 2677 1529 2731 intulerunt
1549 2720 1564 2745 ,
1598 2679 1795 2732 nullum
1822 2679 1968 2731 deni-

380 2778 479 2830 que
504 2763 723 2831 lapidem
749 2781 846 2818 non
871 2776 1150 2831 moverunt,
1178 2783 1277 2835 quo
1298 2776 1347 2821 te
1372 2776 1504 2822 metu
1526 2769 1842 2839 perterritam
1867 2770 1965 2824 huc

378 2854 660 2923 adigerent,
684 2864 738 2908 ut
757 2857 819 2908 iis
836 2873 948 2925 qua:
965 2858 1163 2912 videras
1180 2860 1437 2913 contraria
1462 2860 1674 2915 diceres.
1714 2863 1779 2914 At
1799 2873 1853 2915 tu
1881 2864 1963 2915 in-

378 2954 488 2995 star
511 2945 693 3013 aquila:
730 2944 940 3001 sublime
972 2948 1204 3013 volantis,
1251 2966 1422 3003 eorum
1456 2951 1642 3006 retibus
1662 2954 1859 3021 fractis,
1892 2952 1960 3005 ad

379 3033 624 3085 libertatis
646 3036 902 3104 fastigium
924 3038 1093 3089 virtuti
1116 3047 1217 3091 tua:
1232 3048 1621 3092 consentaneum
1649 3040 1920 3093 ascendisti
1938 3057 1958 3094 :

376 3126 453 3177 sic
477 3134 523 3177 te
541 3141 841 3194 comparans
867 3167 881 3190 ,
913 3137 968 3183 ut
988 3128 1050 3179 ab
1073 3129 1199 3197 ipsis
1228 3130 1432 3182 minime
1454 3130 1961 3193 circumscribereris;

376 3215 483 3267 imo
525 3216 674 3267 etiam
698 3255 714 3279 ,
757 3229 1002 3283 quantum
1028 3219 1097 3270 ad
1122 3218 1276 3287 hujus
1301 3220 1523 3274 incendii
1551 3221 1739 3275 crimen
1776 3222 1963 3275 attine-

375 3302 487 3368 bat,
510 3306 657 3374 cujus
684 3306 883 3359 nomine
901 3308 1069 3361 miseri
1087 3319 1234 3380 atque
1254 3309 1478 3380 infelices
1498 3310 1724 3365 homines
1741 3312 1962 3366 mxime

375 3394 761 3464 gloriabantur,
805 3411 892 3450 eos
923 3397 1191 3453 calumnia
1232 3400 1568 3456 convinceres.
1612 3401 1704 3458 Sic
1731 3402 1875 3457 illam
1903 3404 1956 3458 in

378 3492 489 3537 tota
520 3484 741 3552 epistola
770 3485 1011 3541 laudibus
1040 3488 1292 3543 celebrat.
1387 3538 1393 3544 .

451 3574 507 3628 ln
552 3576 714 3630 altera
752 3592 995 3648 quoque,
1027 3594 1182 3649 quam
1211 3581 1278 3635 ad
1308 3582 1474 3651 ipsam
1500 3584 1682 3651 misit,
1732 3584 1955 3653 epistola

376 3663 487 3718 104
516 3663 659 3719 illam
702 3666 920 3733 perinde
948 3670 1204 3723 encomiis
1237 3680 1479 3726 exornat.
1524 3672 1784 3738 Quoniam
1827 3688 1955 3729 vero

372 3756 619 3811 audierat
649 3758 792 3812 illam
817 3760 884 3814 de
906 3758 1145 3815 discessu
1169 3762 1237 3816 ab
1261 3763 1391 3818 urbe
1430 3766 1664 3834 cogitare
1686 3805 1702 3829 ,
1740 3764 1808 3817 ab
1838 3765 1951 3833 ipsa

374 3850 507 3919 petit
550 3865 619 3905 ne
661 3849 731 3905 de
764 3867 824 3906 re
870 3852 1174 3921 lmjusmodi
1216 3854 1447 3923 cogitare
1493 3864 1722 3926 pergat:
1752 3856 1947 3926 primo,

372 3940 517 4008 quod
546 3942 853 3997 concivibus
878 3944 1170 3999 subsidium
1205 3957 1348 4002 esset
1372 3957 1425 4003 et
1458 3948 1833 4003 adminiculum
1864 3949 1949 4013 iis,

372 4034 463 4101 qui
504 4031 555 4084 in
596 4032 866 4087 laboribus
905 4036 1291 4103 versabantur;
1337 4038 1606 4106 secundo,
1655 4039 1796 4109 quod
1828 4039 1952 4095 anni

377 4131 591 4191 tempus
623 4123 674 4177 id
717 4122 891 4179 facere
920 4140 1024 4181 non
1052 4130 1421 4196 permitteret:
1452 4146 1571 4186 cum
1602 4133 1743 4188 enim
1778 4133 1947 4189 imbe-

373 4216 596 4270 cillitate
641 4218 885 4283 corporis
948 4218 1252 4285 laboraret,
1296 4219 1485 4276 hiemis
1528 4230 1770 4292 tempore
1805 4234 1859 4279 et
1898 4225 1951 4280 in

375 4314 523 4361 tanta
550 4308 600 4360 vi
627 4307 835 4377 frigoris
869 4308 1053 4379 pedem
1084 4326 1298 4365 movere
1327 4328 1430 4366 non
1451 4312 1699 4368 debebat.

448 4397 835 4468 Chrysostomus
880 4401 931 4454 in
971 4401 1197 4454 morbum
1237 4402 1434 4457 incidit.
1460 4432 1535 4443 —
1560 4402 1739 4459 Hiems
1767 4414 1945 4459 autem

374 4489 469 4545 illa
501 4492 713 4559 gravior
738 4491 906 4561 (Anno
929 4493 1091 4563 405).
1118 4508 1275 4563 quam
1304 4493 1507 4549 solebat
1542 4493 1639 4547 fuit
1661 4535 1676 4559 ,
1724 4506 1780 4549 ut
1818 4495 1948 4551 dicit

375 4580 491 4648 ipse
534 4579 948 4651 Chrysostomus
983 4598 1070 4652 ep.
1104 4584 1139 4639 6
1162 4585 1229 4639 ad
1263 4583 1647 4657 Olympiadem.
1698 4585 1948 4656 Ingrave-

374 4680 559 4725 scente
601 4680 777 4725 autem
818 4672 1010 4742 frigore
1049 4676 1099 4728 in
1146 4677 1390 4732 morbum
1422 4678 1510 4733 ille
1539 4674 1750 4744 incidit,
1796 4679 1866 4734 ita
1891 4687 1951 4735 ut

374 4763 440 4817 ad
474 4774 652 4831 portas
688 4778 855 4832 usque
895 4766 1082 4819 mortis
1105 4807 1120 4830 ,
1156 4768 1360 4837 inquit,
1403 4771 1724 4837 accesserit,
1767 4786 1830 4827 ac
1855 4786 1951 4841 per

374 4857 513 4910 duos
537 4870 747 4910 menses
775 4857 827 4910 in
854 4857 993 4915 lecto
1012 4857 1323 4914 decubuerit
1346 4902 1362 4926 ,
1392 4864 1655 4918 stomachi
1686 4874 1740 4919 et
1762 4865 1951 4933 capitis

376 4949 651 5005 doloribus
668 4991 686 5015 ,
711 4948 1015 5016 vomitibus,
1048 4951 1325 5005 insomniis
1348 4955 1681 5008 excruciatus
1714 4973 1727 5009 :
1755 4964 1949 5011 caetera

375 5050 557 5096 autem
586 5038 909 5111 mgritudinis
934 5039 1269 5096 incommoda
1296 5041 1533 5112 pluribus
1558 5043 1648 5099 ille
1674 5044 1945 5100 describit.

378 5134 479 5190 Ubi
522 5143 699 5189 autem
739 5147 837 5187 ver
874 5132 1128 5201 advenit,
1180 5136 1505 5205 mutatioque
1546 5136 1687 5191 aeris
1711 5176 1725 5198 ,
1770 5136 1949 5191 omnia

378 5236 571 5295 sponte
595 5224 800 5294 dilapsa
829 5232 991 5286 sunt;
1023 5224 1093 5277 ita
1124 5235 1297 5281 tamen
1340 5236 1396 5281 ut
1433 5242 1621 5297 magna
1648 5227 1743 5295 ipsi
1775 5226 1949 5281 adhuc

378 5318 432 5371 in
462 5318 630 5372 victus
654 5317 855 5372 ratione
871 5330 997 5371 cura
1022 5330 1155 5386 opus
1175 5328 1337 5374 esset.
1363 5318 1647 5391 Postquam
1668 5318 1781 5374 lucc
1795 5317 1946 5385 dixit,

378 5408 445 5461 ad
473 5407 834 5479 Olympiadem
864 5422 1163 5463 sermonem
1206 5413 1507 5477 convertit,
1547 5425 1703 5483 quam
1752 5410 1949 5481 ingenti

378 5503 578 5556 amoris
605 5511 660 5557 et
700 5500 933 5558 caritatis
973 5500 1165 5555 aﬁ‘ectu
1192 5516 1253 5557 se
1280 5505 1525 5575 prosequi
1556 5505 1809 5559 declarat.
1860 5503 1950 5558 Illa

379 5604 509 5644 vero
528 5608 739 5665 quoque
754 5594 898 5665 gravi
924 5595 1110 5650 morbo
1126 5609 1401 5663 oppressa,
1427 5598 1479 5651 in
1505 5607 1798 5653 extremum
1827 5597 1951 5653 vitae

380 5682 674 5749 periculum
732 5695 984 5751 venerat;
1035 5684 1132 5740 sed
1179 5700 1299 5739 cum
1352 5685 1769 5757 Cbrysostomus
1816 5690 1954 5744 hanc

382 5771 456 5827 illi
488 5772 764 5841 epistolam
801 5778 1051 5846 scripsit,
1097 5775 1375 5833 commoda
1416 5778 1717 5835 valetudine
1745 5780 1953 5834 frueba-

384 5869 489 5916 tur.
520 5860 687 5930 lpsam
716 5879 875 5931 porro
900 5868 1121 5923 summis
1150 5866 1391 5923 laudibus
1416 5867 1641 5931 extollit,
1676 5868 1816 5937 quod
1847 5885 1951 5924 non

382 5950 549 6006 modo
571 5967 658 6009 res
690 5963 795 6010 tam
826 5957 1078 6015 adversas
1108 5959 1231 6016 forti
1255 5970 1310 6018 et
1332 5960 1597 6017 constanti
1638 5959 1817 6018 animo
1848 5962 1951 6017 fer-

1581 558 1758 616 NUNC
1800 555 2059 613 PRIMUM
2099 556 2485 611 ADORNATA.

3546 559 3653 615 εὶἱῖ

2078 680 2195 735 ret,
2227 669 2322 724 sed
2357 686 2448 723 cas
2494 673 2650 725 etiam
2692 686 2789 740 pro
2828 672 2994 726 nihilo
3034 682 3279 742 putaret,
3324 674 3554 742 aliosque
3585 677 3650 730 ad

2077 761 2221 829 paria
2247 761 2535 814 certamina
2570 771 2821 827 acueret,
2851 772 2903 815 ct
2931 762 3320 833 philosophiam
3348 766 3490 817 omni
3521 775 3651 820 lem-

2078 858 2283 917 pcstatc
2306 851 2632 917 superiorem
2654 852 2845 921 adepta
2877 862 3038 907 esset.

2148 940 2467 1011 Olympiadis
2487 942 2638 997 uirtus
2661 954 2709 996 et
2734 944 2889 995 animi
2914 943 3147 1011 ﬁrmitas.
3165 975 3234 985 —
3248 945 3382 1000 Iluic
3407 945 3649 1016 epistolae

2073 1032 2476 1099 responsionem
2521 1034 2775 1087 modestia
2827 1036 3035 1102 plenam
3085 1035 3230 1088 misit
3262 1037 3554 1107 Olympias,
3588 1053 3649 1093 se

2074 1139 2179 1177 non
2231 1133 2488 1191 tropzenm
2533 1126 2767 1180 crexisSe
2816 1127 3039 1194 dicens,
3082 1142 3189 1180 non
3242 1128 3513 1183 victoriam
3566 1147 3653 1186 rc-

2074 1214 2291 1279 tnlisse,
2327 1230 2425 1269 nec
2472 1231 2721 1272 coronam
2764 1220 3008 1290 adeptam
3057 1237 3196 1277 esse.
3227 1221 3457 1290 Reponit
3494 1222 3653 1291 Chry-

2071 1318 2342 1361 sostomus
2410 1307 2461 1361 in
2526 1308 2749 1375 epistola
2802 1311 3063 1379 septima,
3121 1320 3288 1365 totum
3346 1311 3529 1365 orbem
3601 1310 3651 1363 id

2071 1397 2374 1463 afﬁrmare,
2420 1399 2561 1469 quod
2587 1400 2714 1467 .ipse
2755 1401 2807 1453 in
2849 1402 3068 1469 epistola
3109 1402 3383 1472 superiore
3422 1402 3652 1463 dixerat,

2072 1500 2126 1544 et
2169 1490 2366 1560 ubique
2417 1501 2680 1546 terrarum
2736 1493 2984 1560 prteclara
3013 1493 3341 1565 Olympiadis
3380 1505 3527 1564 gesta
3558 1494 3655 1548 dc-

2071 1582 2302 1647 cantari;
2335 1582 2457 1637 licet
2485 1583 2628 1637 enim
2659 1598 2766 1636 uno
2798 1582 2848 1635 in
2893 1582 3010 1636 loco
3040 1598 3127 1637 res
3153 1594 3268 1637 acta
3301 1584 3490 1649 fuerit,
3531 1600 3649 1639 eam

2073 1679 2250 1725 tamen
2307 1673 2374 1725 ad
2427 1673 2683 1727 terminos
2735 1672 2883 1727 orbis
2933 1675 3255 1743 pervasisse.
3297 1674 3465 1743 Ipsam
3520 1689 3653 1728 vero

2074 1763 2259 1817 merita
2314 1773 2367 1817 et
2424 1766 2623 1833 palmas
2670 1768 2937 1822 auctiores
2992 1766 3292 1821 reddidisse
3348 1781 3410 1819 ex
3466 1767 3651 1820 mode-

2073 1854 2173 1907 stia
2199 1868 2293 1907 sua
2322 1863 2376 1907 et
2399 1855 2559 1908 animi
2586 1856 2926 1913 demissione.
2950 1858 3144 1913 Narrat
3170 1857 3364 1912 deinde
3389 1858 3654 1927 quomodo

2075 1944 2241 2012 patria
2272 1946 2514 2015 expulsa,
2542 1947 2723 2011 domo,
2754 1950 2938 2003 amicis
2965 1959 3018 2005 et
3040 1951 3280 2020 cognatis
3306 1951 3523 2011 relictis,
3551 1952 3653 2004 alia

2068 2036 2246 2102 gravia
2276 2047 2634 2106 exspectaret,
2660 2038 2754 2092 Dei
2776 2047 2953 2093 tamen
2976 2055 3185 2108 semper
3209 2044 3430 2110 gloriam
3463 2044 3655 2111 prmdi-

2068 2127 2287 2181 caverit.
2320 2128 2543 2183 Demum
2569 2129 2699 2185 dicit
2736 2130 2919 2200 pcjore
2948 2131 3001 2185 in
3032 2132 3335 2186 conditione
3377 2148 3471 2187 eos
3502 2148 3650 2198 esse,

2067 2222 2155 2290 qui
2200 2231 2342 2276 tanta
2373 2224 2511 2277 mala
2541 2224 2815 2289 inferunt,
2848 2240 3005 2294 quam
3030 2240 3125 2281 eos
3153 2226 3241 2295 qui
3274 2226 3360 2279 illa
3388 2241 3507 2279 cum
3536 2242 3654 2295 gra-

2070 2313 2261 2366 tiarum
2305 2316 2514 2370 actione
2539 2316 2842 2385 patiuntur;
2878 2317 2987 2371 imo
3014 2332 3143 2372 vero
3174 2318 3224 2371 hi
3252 2318 3464 2372 coronis
3489 2317 3653 2373 desti-

2072 2412 2285 2467 nautur,
2312 2403 2519 2472 illisque
2545 2406 2805 2473 supplicia
2835 2416 3089 2474 parantur
3112 2425 3129 2461 :
3159 2406 3318 2476 idque
3344 2417 3649 2463 sanctorum

2071 2491 2317 2559 exemplo
2364 2492 2536 2560 palam
2586 2493 2765 2549 facere
2808 2496 3018 2564 satagit.
3049 2495 3190 2549 tuter
3232 2496 3368 2550 mala
3396 2497 3478 2551 illa
3504 2498 3653 2566 ponit

2070 2582 2389 2636 calumniam
2412 2624 2428 2647 ,
2469 2583 2538 2637 dc
2565 2599 2667 2654 qua
2700 2584 2909 2639 beatam
2936 2586 3303 2656 Olympiadem
3330 2586 3396 2641 ad
3426 2588 3652 2643 tribunal

2067 2672 2349 2726 adductam
2381 2675 2771 2741 lncusaverant,
2799 2673 2942 2745 quod
2972 2675 3215 2731 videlicet
3235 2674 3351 2746 ejus
3374 2690 3535 2747 opera
3561 2693 3654 2732 ec-

2064 2762 2225 2816 clesia
2252 2762 2466 2816 incensa
2496 2762 2700 2819 fuisset.

2138 2851 2402 2923 Olympias
2425 2852 2866 2925 Constantinopoli
2906 2856 3055 2925 pulsa
3102 2858 3217 2928 fuit.
3237 2857 3457 2912 —Hinc
3483 2858 3647 2929 liquet

2062 2945 2201 2999 hanc
2224 2946 2500 3013 epistolam
2524 2948 2780 3015 scriptam
2812 2947 2974 3003 fuisse
2997 2990 3013 3015 ,
3053 2960 3331 3018 postquam
3373 2947 3646 3020 Olympias

2061 3036 2518 3105 Constantinopoli
2547 3038 2694 3106 pulsa
2721 3046 2777 3093 et
2802 3039 2853 3092 in
2881 3039 3125 3093 exsilium
3153 3039 3315 3094 missa
3341 3039 3528 3093 fuerat.
3550 3038 3648 3095 So-

2064 3141 2319 3181 zomenus
2362 3142 2491 3182 vero
2531 3128 2659 3183 dicit
2707 3128 2957 3201 (Sozam.
2989 3130 3027 3183 l.
3056 3130 3109 3184 8.
3167 3146 3215 3183 c.
3243 3129 3337 3203 24)
3392 3130 3641 3200 Optatum

2062 3215 2376 3271 Praefectum
2404 3218 2520 3271 auri
2550 3232 2754 3272 summa
2792 3218 2936 3273 illam
2966 3219 3332 3284 mulctavisse,
3370 3220 3644 3290 ipsamque

2063 3303 2523 3377 Constantinopoli
2555 3309 2736 3362 relicta
2765 3307 3014 3380 Cyzicum
3045 3309 3456 3379 commigrasse;
3486 3310 3637 3380 quasi

2062 3396 2149 3451 illa
2168 3406 2359 3466 sponte
2378 3412 2470 3451 sua
2493 3396 2986 3468 Constantinopolin
3007 3398 3299 3468 reliquerit.
3318 3398 3517 3454 Verum
3538 3400 3643 3454 ﬁde

2059 3485 2271 3556 dignior
2294 3484 2709 3558 Chrysostomus
2734 3496 2819 3543 est
2836 3529 2853 3555 ,
2880 3488 2973 3557 qui
2996 3487 3126 3543 dicit
3155 3489 3325 3557 ipsam
3350 3490 3559 3559 pulsam
3590 3500 3641 3544 et

2060 3579 2113 3633 in
2139 3579 2382 3634 exsilium
2413 3580 2628 3633 missam
2655 3577 2850 3645 fuisse,
2890 3578 3051 3650 idque
3094 3580 3289 3651 repetit
3327 3580 3382 3635 in
3421 3580 3639 3649 epistola

2058 3668 2264 3725 decima
2290 3677 2437 3725 sexta
2462 3687 2476 3723 :
2503 3670 2642 3736 Quid
2665 3670 2797 3724 enim
2825 3678 2927 3735 est,
2958 3669 3154 3741 inquit,
3185 3671 3383 3724 civitate
3412 3671 3561 3740 pelli,
3590 3681 3641 3726 et

2055 3774 2120 3812 ea:
2158 3759 2273 3813 aliis
2317 3758 2440 3813 locis
2478 3761 2530 3812 in
2572 3760 2677 3813 alia
2716 3759 2928 3814 subinde
2964 3761 3218 3831 migrare,
3246 3770 3393 3831 atque
3420 3762 3641 3829 undique

2054 3848 2298 3919 exagitari
2326 3858 2374 3902 et
2401 3848 2643 3919 proscribi
2662 3858 2710 3904 et
2738 3848 2807 3903 ad
2836 3848 3109 3904 tribunalia
3146 3850 3277 3903 tralti
3310 3859 3357 3904 et
3394 3866 3426 3904 a
3459 3851 3639 3905 militi-

2055 3940 2144 3994 bus
2170 3942 2383 4010 raptari,
2409 3950 2558 4011 atque
2585 3940 2646 3995 ab
2672 3942 2735 3996 iis
2754 3983 2770 4006 ,
2798 3943 2886 4012 qui
2914 3943 3159 3998 sexcentis
3184 3943 3436 4011 beneﬁciis
3472 3944 3640 4013 affecti

2056 4031 2276 4099 fuerant,
2305 4032 2560 4085 contraria
2589 4048 2722 4087 nunc
2746 4034 2957 4103 perpeti,
2982 4050 3043 4086 ac
3067 4043 3169 4086 tum
3198 4050 3231 4087 a
3256 4035 3462 4106 famulis
3480 4076 3496 4102 ,
3526 4043 3632 4090 tum

2056 4136 2088 4173 a
2116 4120 2281 4175 liberis
2304 4121 2492 4189 vexari,
2521 4138 2635 4176 cum
2658 4122 2836 4177 horum
2865 4124 3123 4193 premium
3153 4124 3330 4177 caelum
3356 4125 3443 4191 sit,
3474 4136 3519 4179 et
3540 4142 3636 4195 pu-

2056 4213 2259 4268 rissima
2283 4214 2374 4268 illa
2400 4215 2549 4282 bona,
2580 4232 2693 4286 qum
2720 4232 2810 4271 nec
2830 4216 2990 4271 verbis
3012 4217 3130 4272 ullis
3158 4218 3401 4286 explicari
3426 4230 3630 4290 queunt,

2056 4323 2144 4359 nec
2186 4307 2339 4375 ﬁnem
2381 4309 2596 4374 habent,
2640 4324 2809 4362 verum
2856 4308 3190 4362 immortalem
3232 4310 3449 4378 fructum
3487 4317 3635 4379 atque

2054 4396 2427 4450 oblectationem
2465 4397 2726 4465 prebeat?
2761 4397 2850 4452 Sic
2878 4399 3061 4466 paucis
3102 4398 3194 4452 ille
3231 4400 3409 4454 verbis
3452 4410 3632 4453 narrat

2051 4496 2245 4555 quanta
2274 4496 2327 4541 et
2354 4502 2511 4555 quam
2537 4486 2648 4540 dira
2678 4501 2830 4556 passa
2863 4488 2932 4541 sit
2957 4488 3262 4559 Olympias,
3292 4490 3450 4544 etiam
3480 4500 3628 4559 post-

2051 4592 2208 4649 quam
2232 4577 2691 4646 ConstantinOpoli
2734 4577 2883 4646 pulsa
2922 4576 3114 4631 fuerat.
3146 4576 3272 4633 Haec
3307 4578 3407 4632 sibi
3438 4592 3626 4634 succc-

2051 4669 2230 4723 dentia
2255 4668 2393 4723 mala
2416 4667 2781 4740 Olympiadem
2820 4668 2873 4723 in
2910 4668 3215 4723 maestitiam
3245 4669 3583 4739 conjecerant
3608 4688 3623 4724 :

2053 4770 2375 4832 quapropter
2402 4759 2533 4814 nihil
2558 4775 2663 4814 non
2691 4760 2797 4831 agit
2823 4758 3255 4831 Chrysostomus,
3287 4770 3344 4814 ut
3368 4762 3511 4815 illam
3534 4779 3627 4830 spe

2054 4850 2346 4907 futurorum
2367 4850 2648 4916 honorum,
2670 4866 2788 4920 quae
2808 4848 3068 4919 ejusmodi
3090 4850 3354 4904 continuis
3374 4856 3628 4907 mrumnis

2054 4944 2275 4999 miriﬁce
2293 4943 2531 5014 augenda
2556 4951 2725 5008 erant,
2752 4940 2820 4996 ad
2839 4941 3016 4997 omnia
3038 4941 3320 5011 patienter,
3348 4942 3455 4997 imo
3484 4951 3627 4999 tran-

2054 5028 2212 5106 quillc
2241 5036 2456 5090 ferenda
2484 5034 2715 5089 inducat.

2123 5125 2425 5192 Anthemio,
2458 5126 2548 5196 qui
2575 5124 2764 5180 consul
2794 5123 2899 5181 hoc
2920 5139 3061 5183 anno
3085 5125 3189 5182 405
3210 5125 3410 5181 electus
3430 5124 3624 5188 fuerat,

2050 5234 2113 5275 ac
2140 5229 2393 5290 praeterea
2420 5218 2710 5276 Pra-lcctus
2742 5218 2984 5273 Prmtorii
3021 5228 3163 5283 erat,
3204 5217 3481 5287 epistolam
3519 5217 3623 5273 147

2053 5312 2259 5377 scribit,
2287 5327 2388 5382 qua
2418 5311 2516 5381 ipsi
2551 5318 2610 5365 ut
2637 5311 2809 5365 amico
2832 5307 3139 5380 gratulatur,
3170 5307 3337 5379 magis
3360 5308 3429 5362 ob
3455 5308 3624 5363 virtu-

2055 5418 2185 5473 tem,
2204 5419 2359 5474 quam
2380 5403 2446 5458 ob
2463 5416 2650 5457 novam
2670 5400 3001 5471 dignitatem.
3017 5400 3351 5471 Quapropter
3375 5399 3440 5454 iis
3463 5400 3623 5456 etiam

2054 5499 2366 5571 gratulatur,
2407 5497 2494 5566 qui
2538 5495 2728 5564 injuste
2773 5492 3127 5561 Iazdebautur;
3160 5493 3436 5563 imperium
3480 5496 3622 5551 enim

2055 5592 2170 5663 ejus
2193 5602 2527 5645 communem
2556 5601 2741 5641 eorum
2768 5587 2862 5658 qui
2887 5586 3077 5657 injuria
3103 5585 3471 5640 alliciebantur
3499 5601 3621 5656 por-

2058 5694 2166 5738 tum
2193 5682 2303 5736 fore
2328 5679 2566 5749 putabat.

2126 5773 2302 5828 Primo
2326 5786 2450 5825 vcrc
2474 5768 2894 5843 Chrysostomns
2927 5767 3279 5825 valetudinem
3318 5786 3451 5839 pene
3490 5770 3615 5825 intc«

2057 5882 2200 5937 gram
2230 5864 2583 5935 recuperavit.
2612 5864 2805 5920 Verum
2827 5860 3010 5927 Isauri,
3034 5862 3126 5934 qui
3144 5867 3371 5924 hiberno
3389 5876 3632 5936 tempore

2056 5957 2122 6013 ad
2149 5957 2264 6012 loca
2290 5971 2384 6012 sua
2408 5957 2630 6016 reversi.
2653 5956 2718 6011 ab
2746 5954 3144 6013 incursionibus
3168 5955 3508 6018 destiterant,
3540 5955 3620 6009 in-
