4506 6726
900 560 1003 613 2ίὸ

896 690 1057 735 eunte
1104 695 1251 744 vere,
1298 697 1389 750 per
1426 695 1614 735 omnes
1652 682 1763 735 vias
1780 677 1929 734 effusi
1958 689 2115 743 sunt;
2139 680 2209 733 ita
2232 678 2467 731 utetiam

897 771 1154 840 ingenuas
1180 782 1444 826 matronas
1470 782 1755 841 caperem,
1795 780 1847 825 et
1882 771 2025 825 viros
2045 812 2059 833 ,
2091 774 2177 840 qui
2209 773 2261 824 in
2286 784 2471 823 eorum

898 880 1089 920 manus
1142 863 1473 929 inciderant,
1528 864 1922 917 obtruncarent.
1962 862 2301 930 Quapropter
2349 873 2471 911 cum

897 955 1071 1009 aditus
1111 968 1300 1010 omnes
1338 954 1609 1009 interclusi
1650 960 1861 1017 essent,
1894 951 2174 1007 Theodoto
2216 951 2471 1015 diacono,

896 1046 979 1099 cui
1006 1045 1286 1116 epistolam
1314 1045 1415 1102 140
1440 1045 1656 1107 scribit,
1685 1051 1742 1099 et
1768 1058 1929 1114 supra
1964 1053 2254 1099 memorata
2284 1057 2474 1097 recen-

896 1146 998 1201 set,
1026 1146 1086 1191 ttt
1110 1137 1209 1191 sibi
1238 1137 1470 1207 ignoscat
1495 1136 1643 1204 petit,
1675 1134 1815 1206 quod
1845 1150 1908 1191 ea
1938 1135 2006 1191 de
2032 1151 2192 1190 causa
2229 1149 2333 1189 non
2362 1133 2473 1187 fre-

898 1238 1123 1297 quenter
1164 1228 1240 1282 illi
1290 1227 1582 1297 scripserit.
1638 1228 1771 1281 Cum
1817 1242 1944 1283 vero
1990 1228 2152 1283 sciret
2206 1227 2348 1280 illum
2404 1222 2473 1277 de

896 1318 1195 1373 valetudine
1236 1335 1331 1373 sua
1376 1321 1661 1375 certiorem
1709 1320 1823 1376 ﬁeri
1869 1335 2094 1388 cupere.
2134 1319 2261 1373 dicit
2301 1318 2376 1371 illi
2415 1331 2474 1370 se

896 1409 1167 1479 superiore
1192 1409 1385 1483 hyeme
1410 1412 1555 1480 gravi
1594 1412 1781 1465 morbo
1808 1420 2093 1479 aegrotasse
2112 1450 2127 1473 ,
2175 1422 2313 1460 nunc
2344 1422 2474 1459 vero

894 1503 1164 1571 paululum
1196 1514 1492 1559 recreatum
1524 1518 1675 1567 esse;
1705 1502 1798 1557 sed
1828 1518 1890 1555 ex
1933 1503 2072 1555 aeris
2117 1500 2469 1554 inconstantia

897 1609 1039 1648 nunc
1078 1610 1287 1663 quoque
1332 1593 1658 1662 perturbari,
1685 1593 1953 1663 etiamque
1982 1600 2109 1647 tunc
2133 1592 2310 1646 denuo
2338 1590 2471 1662 hye-

895 1696 1034 1736 mem
1062 1685 1273 1751 vigere;
1304 1697 1522 1751 sperare
1552 1691 1752 1750 tamen,
1780 1697 1901 1739 cum
1931 1690 2089 1736 testas
2114 1680 2388 1743 effulserit,
2415 1695 2475 1735 se

893 1773 1062 1826 morbi
1089 1772 1344 1843 reliquias
1368 1774 1733 1843 depositurum
1754 1789 1893 1829 esse.
1924 1774 2085 1828 Addit
2108 1787 2303 1841 corpus
2318 1787 2472 1825 suum

893 1866 1036 1920 nulla
1066 1881 1125 1921 re
1154 1881 1307 1934 aeque
1338 1865 1667 1932 labefactari,
1699 1877 1758 1921 ut
1784 1865 2000 1936 frigore,
2031 1879 2131 1920 nec
2157 1878 2341 1918 rursus
2369 1863 2473 1917 ulla

891 1969 951 2009 re
976 1970 1127 2025 teque
1149 1955 1343 2024 juvari,
1374 1966 1431 2010 ut
1462 1964 1647 2011 aestate
1675 1966 1729 2011 et
1756 1956 1953 2011 caloris
1978 1956 2187 2008 solatio.

962 2046 1187 2111 Eodem,
1216 2057 1276 2100 ut
1297 2056 1531 2116 putatur,
1558 2061 1698 2101 anno
1732 2047 1933 2100 restatis
1960 2053 2201 2114 tempore
2223 2042 2472 2097 Theodo-

891 2143 977 2191 tus
998 2136 1252 2191 diaconus
1271 2137 1708 2208 Cbrysostomum
1732 2137 1995 2191 invisurus
2010 2135 2274 2190 Cucusum
2291 2135 2465 2188 venit:

889 2241 953 2280 ac
999 2236 1120 2296 post
1160 2227 1448 2282 discessum
1497 2227 1619 2281 inde
1661 2241 1838 2291 suum,
1885 2242 2042 2296 quem
2083 2225 2310 2280 moleste
2351 2226 2471 2279 tulit

886 2317 1119 2373 Joannes
1145 2327 1350 2383 noster,
1380 2317 1472 2372 diu
1501 2319 1667 2373 tacuit
1707 2318 1827 2382 ille,
1860 2333 1961 2373 nec
1986 2317 2372 2388 Chrysostomo
2403 2317 2470 2370 li-

889 2420 1031 2464 teras
1062 2410 1227 2463 misit.
1260 2410 1375 2477 Qua
1404 2409 1472 2464 de
1499 2425 1661 2464 causa
1694 2410 1786 2465 ille
1811 2410 2092 2479 epistolam
2126 2409 2196 2464 59
2223 2410 2467 2478 scripsit,

885 2515 985 2571 qua
1005 2509 1208 2555 tantum
1236 2501 1353 2571 ejus
1382 2501 1654 2556 silentium
1678 2502 1851 2555 amico
1879 2501 2060 2555 animo
2083 2501 2277 2569 carpit,
2300 2513 2472 2569 neque

885 2605 1044 2661 posse
1084 2591 1232 2647 illum
1272 2591 1355 2645 sui
1392 2592 1680 2646 excusandi
1724 2607 1884 2647 causa
1924 2591 2225 2645 Isaurorum
2269 2600 2468 2644 metum

885 2684 1178 2740 obtendere
1201 2727 1217 2749 ,
1247 2684 1673 2754 quandoquidem
1701 2683 1853 2738 multi
1884 2690 2059 2749 erant,
2087 2682 2177 2751 qui
2209 2690 2334 2750 post
2359 2680 2470 2734 dis-

883 2789 1095 2829 cessum
1122 2776 1239 2844 ejus
1263 2776 1531 2831 Cucusum
1562 2782 1838 2830 venerant.

950 2863 1245 2935 Epistolam
1279 2866 1381 2922 l38
1418 2867 1485 2920 ad
1530 2865 1818 2935 Elpidium,
1848 2865 2159 2935 episcopum
2201 2862 2462 2917 Laodice-

881 2972 1031 3023 num,
1059 2958 1246 3013 eodem
1272 2958 1489 3014 circiter
1512 2967 1750 3027 tempore
1774 2957 2055 3026 scripsisse
2080 2955 2313 3010 videtur.
2338 2954 2467 3008 Erat

882 3049 972 3104 ille
998 3050 1238 3104 sincerus
1277 3050 1481 3105 amicus
1503 3090 1518 3110 ,
1548 3058 1604 3104 et
1636 3058 1815 3103 tamen
1844 3063 1903 3102 se
1933 3062 2056 3102 raro
2086 3047 2161 3100 illi
2188 3046 2468 3115 scripsisse

883 3140 1078 3195 fatetur
1107 3158 1120 3194 :
1149 3156 1336 3195 verum
1365 3149 1421 3195 et
1446 3141 1571 3195 anni
1599 3148 1888 3210 tempestas
1912 3148 1967 3193 et
1990 3136 2225 3192 solitudo
2255 3137 2379 3199 loci,
2413 3136 2465 3190 in

880 3248 986 3302 quo
1028 3232 1228 3286 arctius
1270 3248 1428 3302 quam
1472 3233 1525 3287 in
1566 3248 1781 3288 carcere
1819 3233 2053 3287 inclusus
2083 3232 2381 3295 tenebatur,
2410 3240 2466 3284 et

878 3338 1064 3378 eorum
1092 3325 1182 3392 qui
1210 3337 1269 3377 se
1294 3322 1503 3378 adirent
1546 3323 1897 3393 infrequentia
1918 3365 1933 3388 ,
1974 3340 2109 3395 quos
2135 3335 2310 3382 tamen
2352 3346 2460 3384 non

878 3426 1067 3467 omnes
1094 3413 1193 3469 sibi
1222 3412 1355 3469 fidos
1380 3428 1498 3469 esse
1526 3414 1775 3483 putabat,
1824 3430 1888 3471 ac
1925 3415 2159 3486 denique
2201 3419 2420 3473 morbus
2441 3460 2457 3485 ,

879 3503 968 3572 qui
1006 3502 1156 3557 illum
1197 3518 1297 3573 per
1340 3511 1506 3557 totam
1548 3503 1659 3559 fere
1699 3504 1945 3575 hyemem
1992 3506 2133 3561 lccto
2175 3508 2456 3563 aflixerat:

878 3594 994 3651 hzec
1022 3594 1221 3659 omnia,
1253 3595 1458 3666 inquit,
1487 3610 1545 3649 se
1570 3612 1637 3650 ne
1665 3597 1841 3665 plures
1869 3599 2128 3653 scriberet
2157 3601 2338 3654 literas
2365 3620 2460 3657 eo-

879 3686 1177 3751 ltibuerant,
1200 3700 1363 3756 seque
1394 3696 1569 3740 tamen
1591 3687 2022 3757 frequentissime
2044 3691 2192 3745 illum
2212 3705 2268 3747 ut
2296 3694 2457 3749 fidum

878 3777 1106 3831 amicum
1128 3777 1179 3829 in
1206 3778 1385 3831 animo
1410 3791 1645 3831 versare.

947 3866 1146 3921 Eadem
1175 3867 1387 3921 circiter
1416 3875 1727 3935 tempestate
1752 3866 1997 3925 Anatolio
2025 3873 2236 3942 scripsit
2258 3874 2457 3943 episto-

878 3956 982 4011 lam
1015 3956 1141 4011 205.
1168 3956 1294 4010 Erat
1325 3956 1412 4011 ille
1440 3958 1716 4012 Anatolius
1757 3962 2049 4025 eparchicus
2072 4004 2085 4021 .
2134 3963 2182 4017 id
2231 3975 2312 4018 est
2335 4005 2351 4027 ,
2396 3974 2456 4019 ut

878 4060 1026 4120 puto,
1054 4047 1440 4119 Exprwfectus;
1470 4050 1559 4119 qui
1588 4059 1864 4121 postquam
1901 4052 2134 4107 Joannes
2176 4067 2361 4109 noster
2401 4059 2453 4112 in

876 4138 1123 4193 exsilium
1150 4139 1337 4206 pulsus
1358 4137 1548 4201 fuerat,
1580 4141 1741 4194 multa
1774 4142 1825 4195 in
1854 4144 1968 4211 ejus
1993 4147 2215 4212 gratiam
2250 4147 2458 4202 dixerat

877 4231 1199 4301 feceratque.
1227 4230 1316 4285 Ait
1341 4244 1473 4285 vero
1500 4248 1579 4296 se,
1605 4249 1672 4287 ne
1701 4233 1798 4302 ipsi
1828 4235 2119 4301 scriberet,
2149 4236 2299 4305 longa
2330 4254 2455 4291 cor-

876 4321 1021 4391 poris
1036 4321 1345 4391 aagritudine
1366 4322 1636 4377 detentum
1660 4323 1841 4385 fuisse,
1861 4324 1926 4378 ab
1947 4324 2143 4393 illoque
2166 4328 2294 4395 petit
2312 4335 2367 4381 ut
2387 4328 2455 4383 de

874 4428 969 4466 sua
998 4427 1322 4483 suorumque
1349 4414 1649 4469 valetudine
1676 4430 1735 4469 se
1764 4415 1932 4469 literis
1958 4417 2239 4471 certiorem
2273 4418 2448 4473 faciat.

941 4502 1322 4572 Chrysostomus
1346 4504 1665 4559 Antiochem’s
1693 4507 1883 4560 scribit.
1902 4507 2122 4561 -Cum
2157 4510 2445 4565 Antioche-

875 4597 955 4649 nis
1003 4595 1231 4649 maxime
1275 4595 1547 4650 literarum
1595 4613 1810 4666 semper
1852 4601 2176 4655 consortium
2232 4602 2445 4667 habuit,

874 4696 931 4740 et
973 4700 1093 4739 cum
1133 4683 1290 4739 Clero
1329 4686 1566 4754 ejusdem
1608 4688 1851 4742 civitatis.
1894 4687 2062 4744 Erant
2107 4700 2283 4746 autem
2331 4694 2450 4749 istic

873 4784 1100 4843 quatuor
1144 4774 1439 4845 presbyteri
1486 4775 1587 4830 sibi
1635 4778 1979 4833 addictissimi
2017 4790 2177 4849 atque
2221 4782 2449 4839 amicitia

874 4874 1051 4920 mutua
1080 4866 1522 4935 coniunctissimi,
1554 4885 1742 4940 nempe
1772 4872 1987 4935 Castus,
2022 4872 2258 4927 Valerius
2280 4916 2295 4938 ,
2325 4875 2447 4928 Dio-

873 4956 1103 5025 plianlns
1144 4967 1199 5011 et
1239 4958 1493 5029 Cyriacus
1518 4979 1529 5013 :
1559 4960 1643 5015 bis
1669 4978 1795 5018 vero
1823 4963 1923 5019 hoc
1949 4966 2166 5021 circiter
2211 4976 2449 5036 tempore

870 5048 1151 5115 epistolam
1183 5051 1397 5118 scripsit
1426 5052 1545 5106 l30.
1570 5053 1785 5109 Ortlitur
1811 5066 1984 5113 autem
2015 5058 2219 5123 dicens,
2252 5061 2445 5114 carita-

878 5141 941 5194 tis
970 5138 1175 5195 vincula
1201 5142 1464 5198 creditore
1501 5145 1687 5214 quovis
1715 5145 2115 5204 vehementiora
2154 5166 2292 5205 esse.
2318 5151 2447 5204 Cre-

869 5231 1011 5284 ditor
1051 5234 1190 5286 enim
1234 5245 1508 5305 postquam
1554 5235 1758 5291 debitas
1792 5238 1891 5292 sibi
1934 5242 2184 5307 pecunias
2223 5242 2442 5313 recepit,

871 5323 999 5376 nihil
1034 5324 1166 5377 ultra
1200 5327 1566 5394 requirendum
1598 5327 1829 5396 habere,
1860 5331 1951 5383 sed
1990 5331 2161 5385 debita
2207 5334 2444 5388 caritatis

868 5425 1146 5486 postquam
1190 5416 1359 5470 soluta
1408 5428 1559 5485 sunt,
1599 5420 1782 5476 eadem
1808 5404 2063 5489 manere,
2099 5426 2203 5478 imo
2231 5442 2444 5495 semper

866 5522 1190 5565 accrescere.
1222 5509 1353 5576 Quia
1382 5526 1510 5565 vero
1539 5512 1610 5566 illi
1639 5513 1703 5567 de
1730 5515 1889 5584 ipsius
1918 5517 2218 5572 valetudine
2243 5521 2441 5571 certio-

864 5618 950 5655 res
973 5601 1082 5656 fieri
1114 5604 1481 5674 peroptabant,
1507 5606 1577 5660 ait
1600 5607 1686 5660 ille
1707 5624 1763 5663 sc
1789 5609 2049 5664 stomachi
2080 5610 2438 5666 imbecillitate

865 5692 1141 5749 liberatum
1168 5712 1315 5764 esse,
1348 5710 1505 5770 atque
1536 5701 1739 5763 valere,
1771 5718 1868 5757 nec
1890 5701 2188 5764 obsidione,
2228 5718 2325 5757 nec
2363 5704 2437 5756 la-

867 5795 1073 5841 tronum
1105 5789 1510 5855 incursionibus,
1539 5807 1636 5845 nec
1667 5792 1763 5844 loci
1791 5794 2094 5857 solitudine,
2123 5808 2220 5848 nec
2240 5793 2432 5848 adver-

861 5876 937 5930 sis
963 5880 1167 5933 casibus
1193 5881 1494 5936 conturbari
1516 5926 1529 5949 ,
1558 5883 1650 5938 sed
1679 5884 1787 5938 otio
1806 5926 1819 5947 ,
1851 5887 2134 5940 securitate
2163 5901 2226 5940 ac
2255 5888 2433 5957 quiete

860 5969 989 6036 frui,
1016 5984 1079 6026 ac
1101 5973 1330 6046 singulis
1349 5974 1534 6033 diebus
1558 5978 1623 6037 de
1650 5978 1857 6034 illorum
1886 5991 2023 6035 statu
2052 5995 2230 6035 curam
2265 5981 2427 6037 liabe~

1956 562 2015 616 δ.
2053 558 2332 617 JOANNIS
2358 555 2826 617 cunvsosrout
2867 562 3043 631 \‘lTA,

4053 577 4144 634 ΞΗ

2585 690 2662 734 re.
2692 693 2756 732 ac
2779 694 2899 732 cum
2932 680 2995 734 iis
3017 682 3107 750 qui
3136 683 3456 739 accedebant
3492 683 3560 740 de
3595 684 3754 741 rebus
3778 689 3845 743 ad
3872 691 4014 760 ipsos
4037 712 4147 767 spe-

2579 767 2845 821 ctantibus
2866 769 3129 837 colloquia
3155 773 3402 829 miscere.

2653 857 2777 913 Htec
2803 860 3023 929 epistola
3051 862 3170 917 aliis
3201 865 3593 937 circumpositis
3611 868 3818 938 longior
3834 878 3937 925 est.
3960 872 4145 930 Verum

2578 949 2738 1004 aliam
2756 952 2891 1006 hanc
2907 951 3199 1020 longiorem
3223 956 3350 1024 ipsis
3369 959 3534 1025 misit,
3558 960 3645 1015 ubi
3669 961 3833 1015 multa
3851 973 4065 1017 enarrat
4080 967 4145 1021 de

2581 1044 2930 1098 tentationum
2958 1053 3011 1099 et
3033 1042 3417 1104 adversitatum
3446 1051 3617 1108 fructu
3641 1071 3655 1107 :
3682 1055 3757 1108 ait
3782 1068 3910 1109 vero
3928 1068 4010 1119 se,
4033 1054 4146 1111 licet

2580 1131 2819 1199 epistola:
2848 1135 3041 1189 limites
3082 1138 3379 1193 excessisse
3420 1142 3682 1208 videatur,
3722 1159 3939 1215 sperare
3976 1154 4145 1201 tamen

2580 1221 2726 1290 ipsos
2752 1225 2975 1281 vinculis
2996 1226 3189 1280 amoris
3212 1228 3519 1296 obstrictos,
3548 1234 3843 1291 breviorem
3874 1236 4014 1292 illam
4036 1252 4147 1292 esse

2579 1320 2854 1378 putaturos
2884 1330 3021 1371 esse.
3051 1316 3154 1370 Res
3178 1331 3245 1371 ex
3265 1326 3389 1372 voto
3406 1317 3792 1389 Chrysostomo
3809 1328 3970 1383 cessit
3994 1344 4009 1381 :
4039 1328 4148 1382 lon-

2577 1416 2698 1469 gam
2728 1404 2871 1459 enim
2912 1407 3053 1461 illam
3079 1407 3354 1477 epistolam
3384 1408 3601 1465 brevem
3645 1415 3745 1469 sibi
3784 1419 3951 1473 visam
3994 1420 4148 1475 fuisse

2578 1493 2859 1562 dixerunt,
2892 1508 2949 1553 ut
2969 1500 3021 1553 in
3050 1501 3269 1569 epistola
3308 1500 3382 1554 22
3414 1501 3480 1555 ad
3525 1503 3668 1569 ipsos
3695 1507 3857 1561 inissa
3890 1520 4143 1565 narratur.

2580 1583 2653 1637 Ea
2679 1586 2822 1640 enim
2852 1598 2937 1644 est
2963 1592 3043 1643 vis
3070 1592 3333 1657 caritatis,
3371 1592 3538 1661 inquit
3566 1593 3653 1647 ille
3672 1635 3688 1659 ,
3722 1610 3839 1663 qute
3863 1613 4144 1669 numquam

2578 1676 2779 1745 expleri
2809 1680 2998 1747 possit,
3027 1681 3097 1736 ita
3126 1692 3183 1736 ut
3207 1684 3252 1737 si
3280 1683 3505 1753 decuplo
3528 1684 3736 1754 longior
3762 1686 3987 1753 epistola
4015 1689 4145 1744 fuis-

2580 1780 2698 1836 set,
2721 1771 2900 1827 brevis
2928 1780 3102 1829 tamen
3130 1776 3241 1829 visa
3272 1775 3458 1831 fuisset
3485 1777 3802 1831 amantibus.
3826 1777 3949 1832 llzec
3972 1789 4145 1835 autem

2580 1860 2672 1916 ille
2712 1864 2953 1932 pluribus
2985 1867 3342 1935 persequitur.
3373 1867 3635 1935 Quoniam
3676 1882 3802 1922 vero
3827 1868 3925 1936 ipsi
3956 1866 4148 1924 hortati

2580 1953 2723 2007 illum
2752 1955 2961 2010 fuerant
3006 1966 3067 2011 ut
3112 1958 3385 2020 Romano,
3428 1960 3738 2030 presbytero
3780 1959 4145 2025 Antiocheuo,

2576 2044 2925 2097 sanctimonia
2954 2054 3008 2099 et
3033 2060 3239 2099 morum
3268 2047 3528 2101 suavitate
3566 2048 3789 2117 insigni,
3818 2049 3997 2104 literas
4022 2052 4146 2103 mit-

2574 2138 2711 2187 teret
2734 2150 2746 2185 :
2770 2148 2977 2188 morem
2998 2134 3128 2205 ipsis
3141 2151 3351 2205 gerens,
3371 2138 3650 2206 epistolam
3673 2139 3743 2193 23
3758 2140 3825 2193 ad
3849 2140 4145 2195 Romanum

2574 2226 2945 2299 presbyterum
2973 2228 3149 2291 misit,
3177 2243 3336 2299 quem
3377 2239 3435 2284 ut
3470 2231 3707 2285 caritatis
3736 2231 3849 2300 lege
3877 2232 3976 2287 sibi
4003 2247 4146 2287 sem-

2574 2334 2671 2387 per
2694 2319 3009 2375 adstrictum
3040 2319 3218 2375 laudat
3243 2334 3277 2376 ι
3305 2336 3513 2377 morum
3536 2323 3849 2393 virtutisque
3866 2325 4146 2391 suavitate,

2574 2423 2679 2477 qua
2707 2424 2893 2463 omnes
2917 2411 3010 2480 qui
3040 2410 3107 2465 ad
3135 2412 3310 2479 ipsum
3349 2412 3676 2468 accedebant
3714 2428 3839 2468 suos
3878 2414 4145 2470 redderet.

2575 2500 2747 2569 ltogat
2765 2509 2943 2555 autem
2972 2501 3153 2556 literas
3172 2502 3274 2565 sibi
3296 2504 3491 2567 mittat,
3516 2512 3573 2559 et
3597 2518 3658 2558 se
3687 2519 3904 2575 precum
3928 2521 4145 2561 suarum

2573 2590 2811 2644 subsidio
2828 2591 2998 2659 juvet.
3024 2591 3297 2647 Romanus
3318 2608 3445 2649 vero
3470 2593 3570 2649 hac
3587 2595 3808 2663 epistola
3829 2598 4146 2663 concitatus,

2573 2696 2677 2734 non
2705 2681 2865 2735 modo
2888 2681 3083 2736 Joanni
3110 2685 3417 2755 rescripsit,
3448 2687 3543 2741 sed
3580 2688 3737 2740 etiam
3772 2686 3824 2741 id
3852 2687 4061 2753 effecit,
4094 2701 4149 2743 ut

2568 2772 2805 2827 caritatis
2851 2784 2906 2827 et
2952 2774 3340 2830 benevolentia:
3387 2791 3509 2846 erga
3554 2776 3991 2848 Cbrysostomum
4036 2796 4148 2833 sua:

2569 2861 2707 2916 fama
2739 2878 2844 2917 non
2880 2863 2935 2918 in
2962 2864 3270 2919 Armeniam
3312 2874 3517 2920 tantum
3537 2908 3553 2931 ,
3585 2868 3682 2921 sed
3705 2876 3759 2921 et
3789 2867 3840 2921 in
3865 2867 4145 2937 Cappado-

2566 2954 2724 3019 ciam,
2750 2956 2924 3024 quavis
2950 2956 3068 3009 tuba
3093 2955 3392 3012 lutulentius
3418 2957 3750 3027 pervaderet.
3774 2957 4023 3012 Hortatur
4047 2974 4146 3013 auo

2570 3054 2677 3100 tem
2695 3048 2840 3101 illum
2856 3056 2917 3101 ut
2929 3047 2999 3103 de
3022 3048 3327 3104 valetudine
3351 3064 3446 3103 sua
3477 3049 3579 3105 sibi
3610 3048 3933 3120 frequentius
3963 3051 4147 3105 literas

2569 3138 2764 3202 mittat,
2793 3146 2848 3192 et
2883 3138 2937 3192 in
2967 3139 3211 3207 precibus
3238 3140 3321 3194 sui
3343 3140 3653 3195 memoriam
3682 3156 3787 3195 non
3807 3142 4145 3196 intermittat.

2568 3228 2740 3281 Aliam
2763 3242 2976 3296 quoque
2995 3229 3276 3298 epistolam
3300 3228 3410 3283 222
3427 3230 3572 3285 misit
3592 3230 3775 3285 iisdem
3797 3230 4144 3302 presbyteris,

2564 3317 2727 3372 Casto
2751 3360 2766 3381 ,
2799 3318 3046 3384 Valerio,
3093 3318 3391 3389 Diophanto
3412 3328 3467 3375 et
3486 3318 3738 3391 Cyriaco,
3766 3322 3853 3390 qui
3885 3321 4056 3389 ipsum
4089 3332 4148 3377 ut

2565 3409 2767 3477 prolixa
2795 3409 2898 3463 sibi
2922 3409 3148 3477 epistola
3176 3410 3528 3479 responderet
3558 3412 3753 3480 precati
3779 3411 4001 3466 fuerant.
4024 3412 4147 3467 Mu-

2564 3506 2656 3551 tuo
2679 3508 2854 3552 autem
2878 3499 2998 3553 illos
3020 3498 3217 3554 amoris
3233 3501 3446 3554 vinculo
3465 3503 3781 3556 constrictos
3801 3502 4143 3570 deprazdicat,

2564 3600 2854 3659 optareque
2879 3603 2937 3645 se
2957 3591 3085 3645 dicit
3110 3601 3169 3646 ut
3186 3606 3476 3661 congressu
3498 3590 3598 3647 frui
3619 3593 3797 3659 liceat,
3820 3595 3913 3648 sed
3939 3594 4061 3664 quia
4092 3596 4142 3648 id

2563 3694 2779 3749 sperare
2807 3696 2911 3735 non
2948 3691 3175 3749 poterat,
3206 3682 3473 3752 ingentem
3513 3682 3700 3738 saltem
3733 3682 4005 3738 literarum
4049 3699 4144 3739 co-

2562 3771 2700 3839 piam
2726 3769 2791 3823 ad
2816 3784 2878 3825 se
2908 3772 3139 3825 mittant.

2630 3862 2866 3930 Epistola
2891 3862 2962 3918 95
2986 3863 3181 3931 scripta
3200 3862 3296 3918 fuit
3318 3862 3642 3932 Aphthonio,
3661 3862 3955 3927 Theodoto,
3981 3861 4142 3918 Chae-

2559 3970 2665 4009 rea:
2706 3956 3031 4026 presbyteris
3072 3966 3129 4009 et
3173 3956 3486 4019 monachis,
3528 3956 3750 4025 aliisque
3794 3956 3846 4010 in
3889 3956 4141 4011 sodalitio

2558 4046 2859 4114 Zeugmatis
2886 4046 3219 4100 versantibus
3243 4062 3257 4098 :
3280 4060 3572 4113 eorumque
3592 4048 3834 4114 precibus
3854 4061 3975 4100 sese
3995 4061 4141 4100 com-

2558 4136 2794 4200 mendat,
2828 4145 2885 4191 ut
2909 4137 3019 4205 qui,
3046 4151 3166 4190 cum
3198 4134 3396 4189 mundo
3422 4135 3798 4191 valedixissent
3836 4144 3891 4190 et
3924 4137 4033 4205 jam
4082 4139 4137 4192 in

2560 4229 2843 4297 tranquillo
2871 4238 3025 4297 portu
3052 4236 3414 4292 versarentur,
3446 4236 3630 4282 noctes
3678 4228 3731 4281 in
3774 4227 3887 4282 dies
3915 4228 3980 4281 ad
4014 4245 4139 4296 pre-

2557 4320 2782 4375 candum
2812 4320 3291 4383 commutaverint;
3322 4319 3642 4387 insuperque
3663 4328 3718 4372 ut
3742 4318 3809 4373 de
3830 4318 4137 4375 valetudine

2555 4430 2647 4469 sua
2677 4428 2736 4467 se
2765 4413 2934 4468 literis
2972 4414 3254 4467 certiorem
3287 4411 3485 4465 faciant
3524 4418 3761 4479 exoptat.
3787 4409 3982 4465 Eadem
4022 4410 4136 4465 fere

2554 4508 2665 4575 ipsa
2693 4506 2886 4577 repetit
2914 4506 2966 4559 iu
2994 4505 3219 4574 epistola
3240 4503 3311 4558 70
3328 4503 3398 4557 ad
3423 4503 3639 4558 eosdem
3676 4503 3836 4557 missa
3864 4520 3879 4557 :
3902 4504 3953 4557 in
3979 4504 4135 4572 cujus

2554 4600 2660 4654 fine
2688 4599 2812 4653 dicit
2836 4639 2848 4661 ,
2878 4612 2938 4652 se
2963 4596 3180 4667 quidem
3221 4604 3405 4651 exacta
3435 4594 3611 4650 hieme
3654 4604 3707 4650 et
3734 4604 3919 4650 exorto
3945 4610 4071 4651 vere
4097 4612 4131 4651 a

2552 4693 2696 4760 gravi
2740 4690 2930 4745 morbo
2973 4690 3254 4743 liberatum
3303 4687 3501 4755 fuisse,
3540 4688 3636 4744 sed
3684 4689 3849 4759 ipsius
3877 4688 4132 4757 reliquias

2560 4783 2734 4836 adhuc
2787 4781 3154 4845 circumferre,
3204 4796 3338 4851 quas
3388 4782 3648 4851 augebant
3696 4781 3856 4836 etiam
3911 4779 4127 4834 Isaurici

2554 4874 2808 4927 tumultus
2837 4891 2850 4926 :
2882 4887 3046 4943 quare
3106 4873 3160 4926 in
3221 4887 3575 4927 aerumnarum
3639 4872 3883 4926 solatium
3946 4870 4129 4923 literas

2552 4966 2651 5019 sibi
2683 4966 2987 5035 frequenter
3012 4965 3224 5019 mittant
3263 4971 3500 5033 exoptat.
3526 4962 3638 5019 Sub
3670 4963 3786 5016 hare
3810 4962 3991 5015 literas
4021 4962 4121 5030 ipsi

2552 5058 2808 5113 miserunt
2836 5057 3170 5120 Theodorus,
3199 5055 3451 5111 Nicolaus
3477 5065 3529 5110 et
3552 5053 3798 5108 Chaereas
3818 5094 3835 5119 ,
3863 5054 4014 5123 queis
4045 5062 4125 5107 te-

2550 5154 2913 5208 stilicahantur
2939 5168 2997 5206 se
3026 5153 3291 5205 Cucusum
3336 5149 3499 5219 ipsius
3526 5145 3727 5203 visendi
3757 5162 3912 5203 causa
3938 5158 4125 5202 ventu-

2551 5262 2637 5300 ros
2668 5245 2829 5299 fuisse
2852 5285 2868 5309 ,
2909 5242 3009 5297 nisi
3044 5242 3346 5295 Isaurorum
3377 5240 3711 5294 incursiones
3740 5238 4120 5308 impedimento

2548 5337 2647 5389 sibi
2696 5335 2940 5389 fuissent.
2984 5332 3076 5388 His
3120 5330 3396 5402 respondit
3442 5326 3855 5402 Cbrysostomus
3898 5330 4119 5397 epistola

2548 5426 2684 5493 146,
2717 5441 2774 5479 se
2801 5435 2975 5480 tamen
3006 5425 3150 5493 ipsos
3187 5439 3252 5477 ex
3293 5422 3480 5477 affectu
3522 5424 3609 5477 tali
3640 5422 3789 5493 quasi
3831 5431 4117 5488 praesentes

2546 5537 2756 5591 semper
2786 5521 3004 5585 habere,
3036 5533 3135 5574 nec
3158 5517 3402 5573 dubitare
3436 5534 3493 5573 se
3522 5518 3647 5586 quin
3686 5512 3969 5584 aliquando
4006 5529 4113 5566 mu-

2546 5620 2648 5665 tata
2698 5629 2873 5667 rerum
2915 5613 3221 5667 conditione
3258 5612 3324 5666 ad
3350 5628 3407 5667 se
3444 5613 3677 5666 veniant.
3712 5608 3783 5663 Se
3823 5614 3996 5660 autem
4042 5610 4112 5660 ait

2544 5704 2720 5771 quiete
2746 5714 2801 5758 et
2825 5704 2934 5757 otio
2965 5701 3099 5766 frui,
3127 5716 3426 5773 corpusque
3450 5716 3601 5756 suum
3628 5700 3752 5754 licet
3775 5713 3879 5752 non
3911 5699 4111 5769 integra

2543 5797 2843 5851 Valetudine
2871 5799 3096 5861 fruatur,
3128 5807 3208 5850 sat
3235 5794 3515 5851 commode
3540 5807 3599 5846 se
3630 5790 3858 5856 habere,
3888 5802 3943 5847 et
3968 5792 4102 5847 Isau-

2540 5904 2718 5944 rorum
2745 5889 3074 5944 incursiones
3099 5888 3384 5944 valetudini
3412 5902 3520 5940 sua:
3540 5884 3771 5940 officere.

2612 5983 2998 6060 Chrysostomus
3021 5986 3084 6040 de
3108 5983 3464 6055 propagatione
3480 5986 3600 6054 ﬁdei
3612 6001 3810 6055 semper
3825 5984 4093 6040 sollicitus.
