4506 6718
417 569 525 623 at;

420 680 800 754 --t\'nmquam
846 699 1125 744 :crummc,
1173 678 1342 732 morbi
1389 681 1569 732 aliaeve
1613 680 1996 735 sollicitudines

421 770 679 828 Joannem
721 786 959 830 nostrum
1005 778 1312 825 averterunt
1350 784 1378 821 a
1424 770 1780 826 sollicitudine
1810 786 1998 840 propa-

421 865 607 933 gandce
649 867 789 920 ﬁdei.
824 865 939 918 Jam
971 861 1197 914 Vidimus
1231 860 1421 930 ipsum,
1452 877 1551 930 qua
1579 862 1665 917 die
1704 861 1872 916 exsilii
1916 859 2000 910 lo-

421 971 544 1011 cum
576 966 758 1027 petens
782 954 1013 1008 Nicaeam
1055 950 1324 1018 pergebat,
1373 954 1648 1022 scripsisse
1689 948 2000 1006 Constantio

423 1051 752 1120 presbytero,
784 1054 841 1098 ut
865 1057 932 1096 ne
958 1058 1020 1096 ex
1045 1052 1304 1111 przrsente
1332 1053 1641 1114 tempestate
1662 1048 2000 1097 amoveretur

419 1140 490 1194 ab
531 1139 706 1192 ofﬁcio
734 1143 787 1188 et
812 1149 843 1186 a
870 1148 926 1186 re
957 1143 1224 1202 suscepta,
1255 1135 1345 1190 sed
1375 1153 1468 1206 pro
1495 1151 1643 1189 more
1668 1147 1766 1185 suo
1789 1130 1998 1198 eos,qui

422 1230 596 1284 adhuc
626 1227 930 1281 Graecorum
958 1227 1335 1294 superstitioni,
1367 1244 1461 1283 seu
1502 1224 1810 1281 idololatriae
1838 1222 1998 1274 dediti

422 1328 593 1379 erant,
621 1317 684 1370 ad
717 1316 1068 1372 Christianam
1101 1319 1256 1374 ﬁdem
1293 1328 1604 1374 convertere
1647 1323 1908 1383 pergeret,
1947 1321 2000 1366 et

423 1411 636 1478 impiam
683 1409 992 1478 religionem
1037 1414 1434 1477 exterminaret,
1482 1420 1640 1475 atque
1688 1403 1992 1468 Pbmnicitc,

422 1498 630 1555 Arabia:
646 1508 699 1552 et
714 1498 945 1555 Orientis
968 1502 1320 1557 Ecclesiarum
1341 1514 1521 1555 curam
1543 1504 1774 1566 gereret.
1799 1494 1998 1549 Eadem

422 1605 636 1657 semper
662 1591 856 1646 ardens
888 1594 1132 1662 cupidine
1174 1591 1587 1664 Chrysostomus
1626 1587 1692 1640 ad
1722 1586 1997 1640 Nicolaum

421 1683 788 1752 presbyterum
819 1686 1030 1754 scripsit
1053 1686 1331 1756 epistolam
1359 1685 1427 1738 55
1473 1699 1486 1734 :
1535 1694 1692 1749 quem
1724 1678 1999 1733 Nicolaum

421 1774 672 1841 Opinatur
716 1792 767 1829 v.
800 1778 868 1831 cl.
913 1777 1285 1832 Tillemontius
1312 1791 1431 1830 eum
1470 1787 1590 1828 esse
1617 1773 1728 1842 qni,
1762 1781 1818 1825 ut
1843 1771 2000 1826 modo

421 1864 746 1930 dicebamus,
789 1887 906 1924 cum
949 1872 1066 1924 aliis
1100 1869 1414 1941 quibusdam
1463 1866 1846 1936 Chrysostomo
1871 1867 2003 1920 scri-

421 1957 528 2024 psit
554 1975 568 2011 :
595 1960 734 2026 quod
759 1961 802 2012 si
836 1978 938 2016 non
965 1973 1188 2023 certum,
1227 1959 1513 2015 verisimile
1536 1959 1820 2014 admodum
1851 1960 2001 2014 vidc-

421 2057 525 2102 tnr.
556 2051 829 2106 Nicolaum
855 2055 1000 2109 illum
1027 2068 1366 2122 summopere
1389 2053 1584 2118 laudat,
1615 2053 1753 2122 quod
1785 2068 2002 2124 evange-

421 2139 536 2194 lica:
576 2143 933 2210 praedicationi
963 2147 1015 2199 in
1045 2144 1314 2201 Phtenicia
1342 2157 1553 2212 semper
1581 2143 1909 2213 advigilaret,
1937 2159 2000 2198 ac

421 2234 714 2288 monachos
741 2235 829 2288 illo
855 2237 1108 2303 misisset,
1131 2243 1291 2304 atque
1318 2235 1370 2288 in
1407 2243 1549 2288 tanta
1575 2249 1752 2289 rerum
1777 2235 2002 2289 difﬁcul-

421 2330 529 2375 tate
560 2323 676 2376 illos
721 2324 840 2378 istic
882 2341 1099 2380 manere
1139 2326 1418 2394 coegisset.
1450 2324 1806 2394 llortaturqne
1850 2325 1998 2378 illum

419 2421 480 2466 ut
508 2413 823 2467 Gerontium
855 2416 1244 2487 presbyterum,
1279 2431 1434 2486 quem
1460 2432 1614 2470 suum
1643 2417 1793 2482 dicit,
1822 2417 1999 2468 statim

421 2512 579 2571 atque
602 2520 631 2557 a
659 2506 847 2559 morbo
867 2507 1217 2572 convaluerit,
1249 2516 1432 2577 urgeat
1466 2517 1521 2561 ut
1549 2508 1650 2561 iter
1677 2507 1799 2560 illuc
1833 2505 2002 2558 susci-

420 2593 552 2661 piat,
580 2601 834 2664 curetque
862 2596 1171 2651 utJoannes
1200 2612 1410 2667 quoque
1440 2599 1720 2668 presbyter
1744 2611 1871 2650 suus
1898 2611 2001 2648 una

418 2697 541 2735 cum
568 2682 824 2740 Gerontio
845 2686 1032 2742 eodem
1060 2699 1263 2758 pergat.
1285 2689 1352 2743 Se
1374 2688 1539 2759 ipsius
1563 2688 1764 2742 Nicolai
1789 2686 2000 2741 videndi

419 2783 474 2827 et
515 2776 871 2844 amplectendi
898 2795 1088 2849 magno
1119 2782 1286 2835 teneri
1311 2781 1577 2836 desiderio
1606 2780 1756 2844 dicit,
1784 2779 1877 2832 sed
1918 2789 1998 2832 ta-

419 2880 542 2919 men
568 2865 713 2920 illum
737 2884 876 2923 nunc
905 2870 1023 2924 istic
1047 2887 1264 2926 manere
1289 2887 1510 2926 necesse
1537 2870 1759 2925 omnino
1785 2883 1923 2924 esse.

492 2956 574 3009 Ad
615 2955 927 3014 Gerontium
969 2976 1128 3030 porro
1169 2962 1316 3015 illum
1346 2977 1506 3030 supra
1537 2969 1911 3027 memoratum,
1947 2961 1996 3014 in

419 3047 747 3104 Pbmniciam
778 3052 1091 3120 profectum,
1136 3053 1287 3107 binas
1331 3055 1545 3122 scripsit
1574 3052 1843 3121 epistolas,
1869 3069 1998 3122 qua-

419 3154 538 3191 rum
569 3139 731 3206 prima
770 3141 957 3208 periit;
991 3142 1041 3194 in
1067 3142 1298 3196 secunda
1325 3157 1454 3197 vero
1475 3143 1545 3198 54
1570 3144 1716 3197 illum
1752 3144 1998 3199 cohorta-

420 3236 506 3281 tur
525 3238 578 3282 et
601 3229 862 3293 obsecrat,
886 3240 963 3298 ut,
981 3242 1177 3300 quanto
1205 3233 1374 3301 major
1388 3243 1468 3286 est
1491 3241 1996 3304 tempestas,quanto

419 3321 623 3390 majora
653 3321 946 3392 ingruentia
982 3325 1138 3390 mala,
1171 3334 1314 3379 tanto
1344 3325 1542 3395 majore
1568 3326 1741 3382 studio
1776 3337 1829 3382 et
1853 3342 1911 3382 se
1940 3335 1998 3383 et

418 3414 554 3466 alios
582 3413 647 3466 ad
695 3413 819 3468 illud
858 3417 1037 3484 operis
1085 3417 1475 3485 suscipiendum
1524 3420 1738 3482 excitet,
1791 3435 1910 3473 eum
1963 3434 1993 3474 a

425 3503 617 3556 morbo
653 3506 1002 3562 convaluerit.
1033 3507 1166 3560 Dicit
1200 3517 1374 3562 autem
1415 3523 1474 3563 se
1526 3508 1835 3564 Constantio
1868 3527 1990 3580 prc-

416 3594 635 3662 sbytero
677 3595 726 3648 id
755 3597 947 3664 negotii
971 3599 1321 3662 commisisse,
1353 3607 1407 3651 ut
1435 3599 1543 3652 sive
1572 3599 1636 3652 ad
1677 3599 1867 3653 aedium
1894 3616 1992 3654 ex-

415 3689 758 3750 structiones,
803 3690 915 3743 sive
963 3690 1028 3742 ad
1071 3690 1445 3744 sublevandam
1495 3690 1716 3744 fratrum
1762 3693 1990 3761 inepiam

415 3778 563 3847 large
589 3779 688 3832 illis
718 3788 958 3849 sumptus
982 3789 1032 3833 et
1057 3782 1306 3849 pecunias
1323 3781 1641 3851 suppeditet,
1672 3782 1778 3837 imo
1796 3782 1992 3853 largius

415 3882 576 3936 quam
601 3877 778 3924 antea.

486 3957 602 4011 Jam
654 3958 883 4012 vidimus
911 3958 1168 4015 Joannem
1200 3971 1438 4017 nostrum
1469 3979 1661 4020 munus
1706 3981 1800 4022 seu
1845 3982 1990 4023 sum-

415 4063 556 4101 mam
602 4051 855 4117 pecuniae,
886 4066 1042 4120 quam
1071 4052 1332 4122 Diogenes
1362 4055 1461 4124 ipsi
1493 4057 1730 4122 miserat,
1767 4075 1986 4114 recusa-

413 4139 572 4202 visse,
595 4149 647 4193 et
673 4141 742 4194 illi
768 4142 1044 4212 scripsisse
1074 4153 1131 4198 ut
1157 4159 1273 4199 eam
1294 4161 1558 4203 summam
1588 4150 1640 4204 in
1663 4151 1986 4208 Phteniciam

413 4231 479 4283 ad
503 4234 758 4300 evangelii
783 4250 1055 4303 praecones
1091 4238 1346 4304 mitteret,
1374 4248 1428 4294 et
1460 4241 1803 4312 Apbraatem,
1831 4261 1986 4314 quem

413 4323 513 4376 sibi
547 4324 764 4379 miserat
787 4327 851 4380 ad
895 4342 1011 4382 eam
1039 4344 1150 4383 rem
1179 4331 1449 4400 expediret
1477 4351 1495 4389 :
1526 4335 1616 4403 qui
1653 4335 1734 4389 vir
1769 4345 1880 4390 erat
1920 4338 1986 4392 ad

412 4416 492 4469 cis
518 4417 761 4472 solatium
788 4421 1112 4476 afferendum
1143 4422 1382 4478 idoneus.
1413 4424 1645 4481 Joannes
1677 4443 1803 4482 vero
1836 4444 1984 4496 pres-

413 4507 568 4576 byter
593 4507 779 4563 eadem
817 4510 886 4565 de
911 4526 1068 4567 causa
1099 4514 1152 4567 in
1184 4514 1508 4571 thniciam
1553 4532 1613 4572 se
1649 4519 1941 4572 contulerat
1968 4538 1981 4573 :

412 4605 735 4664 quapropter
777 4598 1189 4670 Chrysostomus
1232 4605 1379 4659 illum
1423 4607 1760 4661 commendat
1788 4609 1838 4660 in
1867 4609 1982 4675 epi-

411 4687 548 4740 stola
575 4687 643 4740 55
669 4685 903 4742 Simeoni
933 4700 987 4744 et
1014 4691 1141 4746 Mari
1185 4697 1506 4767 presbyteris
1535 4708 1590 4753 et
1629 4699 1899 4753 monachis
1928 4700 1979 4754 in

410 4779 726 4848 Apameensi
750 4781 965 4849 regione
991 4786 1322 4839 versantibus
1347 4804 1361 4840 :
1390 4789 1613 4857 illosque
1645 4789 1882 4842 hortatur
1903 4799 1978 4854 ut,

410 4873 454 4925 si
496 4887 628 4941 quos
663 4887 948 4942 generosos
986 4884 1038 4928 et
1069 4885 1378 4943 prmstanlas
1409 4881 1548 4934 viros
1588 4882 1977 4949 nanciscantur,

408 4965 497 5031 qui
526 4963 590 5016 ad
621 4979 735 5018 eam
776 4979 888 5020 rem
930 4965 1241 5020 auxiliarem
1293 4985 1505 5023 manum
1533 4972 1723 5026 afferre
1755 4974 1977 5041 possint,

409 5071 506 5110 eos
533 5058 864 5113 illomittant.
885 5059 1016 5113 Cum
1042 5058 1503 5114 didicissetantem
1533 5062 1779 5130 Alpbium
1802 5080 1981 5134 quem-

408 5148 551 5213 dam,
584 5166 739 5218 quem
782 5151 1013 5205 Joannes
1045 5151 1321 5221 presbyter
1346 5151 1566 5216 adierat,
1609 5153 1752 5208 illum
1783 5157 1980 5212 excita-

407 5242 566 5306 visse,
592 5244 820 5310 atquein
848 5243 1171 5298 Phteniciam
1199 5242 1426 5307 misisse,
1456 5244 1562 5298 imo
1581 5245 1694 5298 auri
1717 5262 1977 5302 summam

408 5330 507 5397 ipsi
536 5333 746 5388 dedisse
785 5350 797 5388 :
829 5335 1077 5404 Alphium
1115 5335 1234 5389 ideo
1257 5335 1490 5390 celebrat
1514 5335 1744 5392 Joannes
1769 5347 1972 5405 noster,

406 5430 461 5471 ct
489 5431 544 5473 ut
570 5424 666 5476 sibi
694 5425 998 5495 frequenter
1025 5427 1205 5482 literas
1233 5429 1406 5482 mittat
1435 5426 1693 5482 hortatur.

479 5509 746 5570 Tumultus
773 5519 824 5571 in
856 5518 1114 5573 Phoenicia
1144 5529 1319 5573 contra
1342 5519 1603 5592 Evangelii
1630 5536 1979 5588 praecones.—

407 5599 606 5653 Ezorto
652 5621 841 5673 magno
885 5610 936 5662 in
979 5609 1250 5664 Pbmnicia
1281 5612 1525 5675 tumultu,
1570 5626 1688 5665 cum
1719 5614 1975 5680 evangelii

407 5706 680 5761 prrecones
725 5695 776 5748 in
803 5701 1072 5767 mrumnis,
1101 5711 1157 5756 et
1192 5701 1410 5756 forsitan
1442 5705 1492 5758 in
1537 5702 1772 5772 periculo
1800 5719 1977 5758 versa-

408 5792 625 5845 rentur;
673 5793 912 5844 metuens
959 5792 1192 5848 Joannes
1222 5805 1404 5849 noster
1453 5812 1519 5850 ne
1561 5811 1588 5848 a
1639 5794 1976 5863 praedicando

408 5876 680 5944 evangelio
706 5874 1042 5948 desisterent,
1081 5884 1357 5952 epistolam
1389 5887 1490 5940 123
1518 5886 1728 5954 scripsit
1756 5887 1975 5956 presby-

408 5971 527 6026 teris
559 5977 610 6025 et
637 5971 908 6024 monachis
927 5975 1148 6037 gentiles
1176 5977 1226 6029 in
1267 5977 1534 6034 Phoenicia
1560 5979 1965 6036 instituentibus.

716 6048 986 6108 ΡΑτιιοι..
1035 6051 1150 6114 Gtt.
1197 6059 1444 6120 XLVII.

1571 568 1749 624 Νωςο
1791 568 2048 624 PRIMUM
2091 567 2484 622 ADOllNA'l'A.

3572 555 3682 610 2ιῦ

2116 677 2366 732 llortatur
2409 689 2581 733 autem
2611 679 2831 732 'ctmctos
2861 687 2914 730 et
2942 677 3194 747 singulos,
3249 695 3315 732 ne
3342 680 3469 746 quis
3490 690 3588 732 eos
3618 675 3692 726 ob

2109 778 2350 822 exortum
2392 772 2667 824 tumultum
2712 771 2761 821 in
2794 767 3031 820 fraudem
3074 768 3311 837 impellat
3339 769 3421 821 vel
3453 772 3682 822 abducat

2106 858 2171 911 ad
2202 859 2524 916 thniciam
2551 858 2958 930 relinquendam
2983 876 2996 910 :
3025 874 3127 926 quo
3157 860 3385 928 majores
3411 858 3554 913 enim
3583 857 3683 910 dit-

2106 948 2364 1005 ﬁcultates
2394 961 2448 1006 et
2474 966 2724 1005 (erumna:
2746 949 3088 1019 objiciuntur,
3119 964 3183 1002 eo
3204 950 3402 1019 majora
3426 948 3525 1003 sibi
3548 962 3683 1016 pra:-

2104 1042 2207 1095 mia
2237 1042 2518 1096 reservari.
2549 1042 2677 1095 Cum
2707 1043 2851 1096 enim
2887 1040 3174 1110 impietatis
3210 1048 3409 1108 partem
3438 1040 3492 1093 in
3522 1037 3684 1092 Phoe-

2103 1133 2238 1186 nicia
2259 1133 2369 1202 jam
2400 1132 2730 1197 sustulerint,
2756 1134 3049 1187 curandum
3079 1147 3198 1188 esse
3231 1147 3298 1186 ne
3330 1139 3503 1184 tantus
3534 1131 3682 1183 labor

2103 1225 2272 1279 fructu
2302 1233 2501 1279 careat.
2526 1224 2596 1279 Se
2617 1226 2686 1278 ita
2721 1225 3011 1292 providisse
3037 1227 3129 1290 ait,
3179 1235 3234 1278 nt
3262 1224 3392 1278 nihil
3432 1238 3679 1291 umquam

2102 1319 2289 1374 deesse
2319 1318 2503 1387 possit,
2537 1327 2699 1387 utque
2725 1318 2899 1370 omnia
2944 1318 3071 1384 ipsis
3103 1318 3382 1370 afﬂuenter
3425 1313 3684 1386 suppedi-

2104 1419 2298 1464 tentur.
2329 1410 2481 1477 Quod
2509 1412 2552 1464 si
2582 1411 2667 1465 ille
2702 1411 2754 1464 in
2777 1409 2971 1465 Cucusi
3012 1408 3295 1462 solitudine
3321 1423 3538 1461 versans
3567 1416 3682 1460 tan-

2103 1510 2208 1555 tam
2253 1503 2463 1556 illorum
2491 1518 2677 1556 curam
2706 1510 2874 1572 gerat,
2904 1501 3072 1555 multo
3097 1499 3266 1569 magis
3295 1499 3457 1568 ipsos,
3491 1497 3682 1565 quibus

2103 1593 2277 1646 omnia
2304 1592 2513 1646 abunde
2546 1601 2856 1660 suppetunt,
2883 1608 3001 1660 quae
3027 1607 3239 1646 suarum
3280 1591 3510 1659 partium
3537 1596 3678 1650 sunt,

2103 1683 2311 1737 abunde
2331 1691 2587 1752 praestare
2620 1681 2836 1736 debere.
2870 1683 2958 1733 Ait
2983 1695 3109 1734 vero
3138 1696 3194 1734 se
3225 1679 3678 1750 religiosissimum

2103 1773 2362 1828 Joannem
2416 1774 2781 1844 presbyterum
2824 1775 3035 1828 misisse
3081 1773 3170 1842 qui
3202 1773 3321 1826 illos
3349 1772 3680 1827 cobortetur.

2106 1865 2177 1919 Se
2219 1864 2434 1919 demum
2465 1866 2643 1918 omnia
2685 1865 2894 1918 abunde
2923 1865 3232 1933 prmstitisse
3281 1881 3294 1915 :
3335 1862 3475 1930 quod
3518 1862 3561 1915 si
3609 1861 3681 1914 illi

2106 1955 2239 2009 alios
2266 1971 2323 2010 se
2345 1956 2412 2010 ab
2438 1955 2618 2010 ofﬁcio
2637 1963 2941 2010 avertentes
2961 1955 3194 2024 audiant,
3221 1954 3435 2009 videant
3461 1954 3512 2007 in
3533 1953 3684 2022 cujus

2105 2057 2260 2118 caput
2286 2057 2429 2102 tanta
2467 2049 2670 2116 jactura
2698 2047 2870 2101 cadat.

2173 2139 2288 2194 Sub
2311 2138 2424 2192 lucc
2452 2148 2628 2192 autem
2659 2153 2761 2192 nec
2788 2137 2956 2192 multo
2988 2144 3190 2205 postea,
3213 2136 3437 2205 gentiles
3463 2135 3680 2189 Pbmni~

2104 2231 2200 2286 cize
2224 2231 2274 2283 in
2303 2230 2533 2284 furorem
2565 2229 2690 2296 acti,
2719 2228 2769 2282 in
2801 2227 3093 2282 monachos
3119 2225 3379 2295 evangelii
3408 2239 3684 2293 praecones

2105 2322 2526 2383 insurrexerunt,
2555 2335 2618 2374 ac
2664 2322 2964 2389 complures
3011 2320 3315 2374 vulneribus
3360 2319 3672 2382 affecerunt,

2106 2411 2366 2480 quosdam
2405 2409 2565 2468 etiam
2612 2409 2938 2464 occiderunt.
2971 2409 3102 2475 Quae
3145 2425 3230 2464 res
3274 2411 3533 2464 Joannem
3581 2424 3682 2462 no-

2106 2511 2275 2556 strum
2317 2502 2602 2557 admodum
2627 2505 2914 2558 commovit
2938 2521 2950 2557 :
2982 2504 3262 2572 statimque
3288 2503 3458 2556 virum
3487 2502 3682 2571 (μιαιδὶ-

2106 2594 2201 2659 vit,
2231 2594 2319 2662 qui
2351 2603 2496 2648 tanto
2517 2594 2656 2648 malo
2678 2595 2970 2648 remedium
2999 2593 3187 2649 afferre
3216 2602 3413 2663 posset.
3445 2593 3553 2647 Nec
3573 2609 3683 2646 ma-

2105 2684 2182 2753 gis
2224 2685 2446 2739 idoneus
2499 2699 2617 2740 sese
2649 2687 2813 2740 menti
2841 2685 3052 2748 obtulit,
3100 2701 3259 2755 quam
3304 2685 3526 2740 Ruﬁnus
3566 2699 3678 2752 pre-

2103 2777 2303 2847 sbyter,
2322 2777 2406 2830 cui
2437 2777 2716 2846 epistolam
2746 2778 2836 2832 ille
2860 2776 3005 2831 misit
3027 2776 3148 2844 126,
3179 2777 3433 2846 illumque
3459 2775 3681 2845 rogavit,

2103 2868 2209 2922 imo
2237 2869 2389 2931 ursit,
2433 2878 2488 2922 ut
2516 2883 2676 2937 quam
2706 2868 2988 2923 celerrime
3019 2876 3200 2937 posset
3236 2883 3294 2922 se
3323 2868 3389 2921 ad
3417 2868 3517 2920 iter
3555 2864 3680 2922 illud

2101 2959 2404 3027 accingeret
2434 2976 2446 3012 :
2475 2968 2681 3013 certum
2707 2960 2849 3014 enim
2876 2959 2976 3013 sibi
3007 2973 3148 3024 esse,
3181 2958 3226 3013 si
3254 2973 3462 3028 preces,
3497 2956 3656 3011 lenita

2103 3061 2232 3110 tem,
2262 3049 2745 3115 mansuetudinem,
2789 3049 3120 3119 patientiam,
3151 3059 3204 3103 et
3228 3064 3346 3103 eam
3376 3062 3480 3118 qua
3517 3047 3682 3118 pollc~

2101 3141 2192 3196 bat
2218 3140 2381 3194 animi
2413 3139 2780 3194 fortitudinem
2819 3140 3120 3204 adhiberet,
3149 3139 3321 3206 ipsum
3352 3139 3436 3192 vel
3462 3146 3681 3207 aspectu

2101 3232 2216 3287 solo
2242 3231 2582 3286 adversarios
2605 3231 2655 3284 in
2683 3230 2858 3301 fugam
2881 3241 3125 3284 acturum
3153 3244 3292 3284 esse.
3329 3230 3418 3283 Ait
3442 3243 3570 3284 vero
3595 3242 3675 3298 se,

2100 3340 2223 3380 cum
2249 3326 2476 3395 primum
2508 3325 2624 3394 ejus
2663 3325 2713 3378 in
2752 3325 3079 3380 Phteniciam
3105 3323 3390 3378 adventum
3421 3323 3675 3389 audierit,

2101 3429 2228 3473 tunc
2268 3418 2384 3473 sine
2410 3433 2534 3472 cura
2575 3426 2630 3472 et
2668 3418 2720 3471 in
2751 3417 3034 3472 securitate
3063 3416 3300 3471 futurum
3331 3431 3472 3471 esse.
3501 3416 3678 3471 Mirari

2098 3523 2229 3563 vero
2267 3523 2325 3562 se
2364 3507 2512 3570 dicit,
2553 3507 2691 3577 quod
2723 3523 2842 3561 cum
2883 3506 3197 3562 Theodorus
3223 3507 3503 3577 presbyter
3525 3508 3591 3562 ad
3621 3523 3678 3563 sa

2099 3603 2354 3666 venisset,
2400 3600 2571 3654 nullas
2605 3600 2772 3668 ipsius
2801 3599 2979 3654 Ruﬁni
3011 3599 3189 3654 literas
3231 3599 3334 3653 sibi
3374 3601 3675 3655 attulisset:

2097 3702 2420 3762 quapropter
2447 3693 2686 3746 hortatur
2710 3692 2854 3745 illum
2879 3701 2958 3758 ut,
2982 3706 3102 3744 cum
3126 3692 3176 3744 in
3202 3691 3529 3746 thnieiam
3555 3707 3676 3762 pte-

2097 3785 2385 3851 ﬁciseetnr,
2416 3789 2468 3838 in
2495 3785 2716 3852 singulis
2740 3784 3106 3838 mansionibus
3134 3783 3233 3838 sibi
3259 3784 3436 3839 literas
3460 3784 3632 3839 mittat
3659 3805 3674 3840 :

2095 3874 2235 3945 quod
2264 3875 2306 3928 si
2339 3873 2528 3928 fratres
2557 3873 2731 3928 adhuc
2775 3873 2868 3928 illo
2914 3873 3129 3928 mittere
3165 3882 3430 3942 oporteat,
3475 3873 3526 3928 id
3572 3874 3672 3928 sibi

2094 3976 2278 4020 notum
2304 3964 2482 4020 faciat.
2501 3966 2577 4019 De
2605 3974 2910 4020 sanctorum
2933 3979 3059 4018 vero
3076 3973 3368 4035 martyrum
3390 3965 3668 4035 Reliquiis,

2093 4075 2225 4130 quas
2253 4066 2592 4129 poposcerat,
2625 4073 2693 4112 ne
2717 4057 2853 4111 ultra
2897 4065 3048 4110 curet
3078 4055 3322 4110 hortatur
3363 4075 3376 4110 :
3423 4072 3482 4112 se
3526 4057 3670 4111 enim

2093 4150 2404 4206 Terentium
2426 4150 2792 4220 presbyterum
2811 4149 3020 4204 misisse
3040 4148 3105 4202 ad
3123 4148 3386 4213 Otreium,
3405 4150 3672 4205 Arabissaz

2093 4244 2425 4316 episcopum,
2478 4241 2568 4312 qui
2597 4240 2793 4295 multas
2831 4256 2894 4294 ac
2931 4239 3150 4294 minime
3174 4239 3362 4294 dubias
3399 4240 3672 4310 Reliquias

2093 4335 2341 4402 habebat,
2383 4350 2516 4405 quas
2559 4335 2741 4405 paucis
2790 4342 2972 4403 postea
3021 4331 3206 4388 diebus
3245 4333 3299 4388 in
3342 4331 3668 4388 thniciam

2090 4426 2190 4495 ipsi
2215 4426 2475 4479 missurus
2499 4435 2634 4480 erat.

2160 4517 2217 4569 ln
2234 4515 2456 4586 epistola
2472 4529 2682 4584 quoque
2696 4514 2766 4568 28
2782 4512 2847 4566 ad
2866 4511 3114 4566 Basilium
3137 4512 3669 4583 presbyterum,dicit

2088 4607 2257 4672 illum,
2276 4620 2431 4674 quem
2452 4605 2519 4659 de
2545 4603 2678 4659 facie
2703 4618 2990 4672 numquam
3008 4602 3234 4667 viderat,
3262 4603 3516 4657 adversus
3541 4618 3669 4675 gen-

2089 4697 2207 4753 tiles
2227 4697 2520 4762 decertare,
2542 4706 2598 4749 ut
2624 4710 2716 4750 eos
2731 4695 2797 4749 ad
2815 4695 2952 4749 viam
2975 4694 3210 4749 veritatis
3235 4695 3521 4750 deduceret
3543 4713 3558 4750 :
3589 4706 3668 4748 ιιι-

2087 4804 2203 4843 rum
2229 4797 2408 4844 autem
2434 4787 2488 4842 in
2515 4787 2786 4842 Phoenicia
2813 4786 2862 4840 id
2890 4795 3090 4856 ageret,
3113 4787 3396 4840 incertum.
3419 4786 3572 4840 Prior
3593 4786 3664 4839 illi

2088 4882 2268 4937 literas
2285 4882 2429 4936 misit
2444 4880 3089 4952 Chrysostomus,pietatis
3108 4878 3270 4947 ipsius
3287 4877 3421 4930 fama
3436 4892 3664 4932 commo-

2089 4983 2194 5038 tus,
2229 4974 2577 5041 hortaturque
2613 4971 2761 5023 illum
2795 4980 2850 5023 ut
2875 4968 3100 5022 subinde
3129 4968 3232 5022 sibi
3261 4968 3444 5022 literas
3469 4969 3653 5023 mittat.

2157 5065 2477 5118 Constantius
2503 5061 2754 5132 presbyter
2773 5078 2804 5114 α
2833 5059 3188 5131 Cltrysostomo
3223 5067 3407 5117 missus
3434 5073 3653 5117 vexatur.

2083 5185 2154 5196 —-
2177 5155 2318 5209 Dixit
2341 5168 2499 5222 supra
2528 5151 2766 5206 Joannes
2787 5161 2973 5206 noster
2999 5153 3050 5206 in
3071 5153 3231 5222 epist.
3257 5152 3322 5206 ad
3349 5152 3662 5207 Gerontium

2086 5248 2174 5310 54,
2205 5262 2263 5300 se
2289 5245 2599 5300 Constantio
2632 5244 2946 5315 presbytero
2984 5247 3332 5309 commisisse,
3365 5254 3421 5297 ut
3448 5244 3532 5310 iis,
3573 5247 3659 5314 qui

2089 5339 2140 5392 in
2181 5339 2446 5394 Phoenicia
2497 5336 2772 5404 gentilium
2801 5336 3136 5391 conversioni
3187 5335 3384 5388 dabant
3419 5349 3657 5402 operam,

2087 5433 2340 5499 pecunias
2387 5427 2593 5481 abunde
2641 5429 3025 5498 suppeditaret.
3079 5425 3259 5494 Neque
3304 5426 3534 5493 explicat
3591 5426 3661 5479 ibi

2085 5539 2185 5589 qua
2230 5522 2299 5576 de
2341 5534 2497 5573 causa
2546 5520 2885 5575 Constantius
2920 5561 2933 5582 .
2971 5522 3058 5589 qui
3099 5519 3464 5588 Chrysostomi
3510 5519 3661 5573 lateri

2088 5616 2339 5678 brerebat,
2387 5615 2437 5667 in
2485 5614 2602 5668 illas
2633 5623 2813 5684 partes
2854 5615 2952 5666 iter
2981 5612 3274 5681 susceperit
3313 5628 3328 5662 :
3375 5627 3560 5664 verum
3607 5611 3658 5663 in

2086 5709 2242 5776 epist.
2276 5706 2344 5760 6?.
2384 5705 2569 5772 Casto,
2600 5706 2834 5769 Valerio,
2866 5705 3181 5771 Diophanto,
3207 5715 3259 5758 et
3281 5703 3522 5774 Cyriaco,
3550 5718 3659 5768 pre-

2084 5797 2308 5869 sbyteris
2338 5796 2722 5862 Antiochenis,
2766 5810 2936 5864 ipsum
2991 5793 3330 5847 commendat
3382 5801 3436 5843 ιιι
3482 5790 3660 5859 inique

2084 5897 2324 5943 vexatum
2359 5890 2425 5943 ob
2455 5889 2716 5958 quoddam
2748 5890 2976 5957 ignotum
3017 5885 3170 5939 nobis
3212 5885 3494 5954 negotium,
3531 5897 3655 5951 pre-

2085 5987 2339 6050 calorque
2360 5991 2414 6035 ut
2435 5992 2640 6048 curent,
2685 5997 2749 6036 ne
2789 5980 2888 6034 huc
2913 5987 3070 6048 atque
3101 5979 3218 6031 illnc
3249 5979 3654 6044 circumagatur,

3148 6068 3289 6130 ‘1'4
