  <div class='ocr_page' id='page_1' title='image "/cluster/home/n/w/nwhite01/storage/ocr_20150623/47/hvd.32044025239690/219.png"; bbox 0 0 4506 6714; ppageno 0'>
   <div class='ocr_carea' id='block_1_1' title="bbox 836 545 939 601">
    <p class='ocr_par' dir='ltr' id='par_1_1' title="bbox 836 545 939 601">
     <span class='ocr_line' id='line_1_1' title="bbox 836 545 939 601; baseline 0.01 -2"><span class='ocrx_word' id='word_1_1' title='bbox 836 546 870 599; x_wconf 72' lang='grc'><strong>9</strong></span> <span class='ocrx_word' id='word_1_2' title='bbox 883 545 939 601; x_wconf 65' lang='grc' dir='ltr'>ιν</span> 
     </span>
    </p>
   </div>
   <div class='ocr_carea' id='block_1_2' title="bbox 834 661 2400 732">
    <p class='ocr_par' dir='ltr' id='par_1_2' title="bbox 834 661 2400 732">
     <span class='ocr_line' id='line_1_2' title="bbox 834 661 2400 732; baseline 0.011 -18"><span class='ocrx_word' id='word_1_3' title='bbox 834 674 967 714; x_wconf 71' lang='lat' dir='ltr'><strong>neve</strong></span> <span class='ocrx_word' id='word_1_4' title='bbox 989 661 1334 731; x_wconf 77' lang='lat' dir='ltr'><strong>perjndicuni</strong></span> <span class='ocrx_word' id='word_1_5' title='bbox 1366 665 1643 723; x_wconf 74' lang='lat' dir='ltr'><strong>tribunalia</strong></span> <span class='ocrx_word' id='word_1_6' title='bbox 1666 684 1781 724; x_wconf 87' lang='lat' dir='ltr'><strong>cam</strong></span> <span class='ocrx_word' id='word_1_7' title='bbox 1804 673 1869 727; x_wconf 89' lang='lat' dir='ltr'><strong>ob</strong></span> <span class='ocrx_word' id='word_1_8' title='bbox 1899 690 2111 731; x_wconf 78' lang='lat' dir='ltr'><strong>causam</strong></span> <span class='ocrx_word' id='word_1_9' title='bbox 2142 678 2400 732; x_wconf 86' lang='lat' dir='ltr'><strong>distraha-</strong></span> 
     </span>
    </p>
   </div>
   <div class='ocr_carea' id='block_1_3' title="bbox 833 757 2401 838">
    <p class='ocr_par' dir='ltr' id='par_1_3' title="bbox 833 757 2401 838">
     <span class='ocr_line' id='line_1_3' title="bbox 833 757 2401 838; baseline 0.013 -34"><span class='ocrx_word' id='word_1_10' title='bbox 833 760 919 805; x_wconf 89' lang='lat' dir='ltr'><strong>tur</strong></span> <span class='ocrx_word' id='word_1_11' title='bbox 946 762 1103 823; x_wconf 89' lang='lat' dir='ltr'><strong>atque</strong></span> <span class='ocrx_word' id='word_1_12' title='bbox 1132 757 1409 820; x_wconf 88' lang='lat' dir='ltr'><strong>laceretur,</strong></span> <span class='ocrx_word' id='word_1_13' title='bbox 1440 760 1510 815; x_wconf 94' lang='lat' dir='ltr'><strong>ob</strong></span> <span class='ocrx_word' id='word_1_14' title='bbox 1538 777 1693 831; x_wconf 89' lang='lat' dir='ltr'><strong>quam</strong></span> <span class='ocrx_word' id='word_1_15' title='bbox 1724 780 1841 817; x_wconf 93' lang='lat' dir='ltr'><strong>eum</strong></span> <span class='ocrx_word' id='word_1_16' title='bbox 1867 771 2066 831; x_wconf 86' lang='lat' dir='ltr'><strong>ornari,</strong></span> <span class='ocrx_word' id='word_1_17' title='bbox 2104 786 2165 824; x_wconf 86' lang='lat' dir='ltr'><strong>ac</strong></span> <span class='ocrx_word' id='word_1_18' title='bbox 2195 770 2401 838; x_wconf 82' lang='lat' dir='ltr'><strong>publico</strong></span> 
     </span>
    </p>
   </div>
   <div class='ocr_carea' id='block_1_4' title="bbox 832 847 2401 921">
    <p class='ocr_par' dir='ltr' id='par_1_4' title="bbox 832 847 2401 921">
     <span class='ocr_line' id='line_1_4' title="bbox 832 847 2401 921; baseline 0.015 -27"><span class='ocrx_word' id='word_1_19' title='bbox 832 847 1099 911; x_wconf 71' lang='lat' dir='ltr'><strong>praeconio</strong></span> <span class='ocrx_word' id='word_1_20' title='bbox 1142 848 1399 904; x_wconf 87' lang='lat' dir='ltr'><strong>celebrari</strong></span> <span class='ocrx_word' id='word_1_21' title='bbox 1432 868 1525 921; x_wconf 91' lang='lat' dir='ltr'><strong>par</strong></span> <span class='ocrx_word' id='word_1_22' title='bbox 1563 864 1694 910; x_wconf 83' lang='lat' dir='ltr'><strong>erat.</strong></span> <span class='ocrx_word' id='word_1_23' title='bbox 1740 855 1889 910; x_wconf 84' lang='lat' dir='ltr'><strong>illum</strong></span> <span class='ocrx_word' id='word_1_24' title='bbox 1932 876 2059 915; x_wconf 84' lang='lat' dir='ltr'><strong>vero</strong></span> <span class='ocrx_word' id='word_1_25' title='bbox 2101 862 2304 916; x_wconf 88' lang='lat' dir='ltr'><strong>Cucuso</strong></span> <span class='ocrx_word' id='word_1_26' title='bbox 2336 863 2401 917; x_wconf 91' lang='lat' dir='ltr'><strong>ad</strong></span> 
     </span>
    </p>
   </div>
   <div class='ocr_carea' id='block_1_5' title="bbox 828 934 2398 1021">
    <p class='ocr_par' dir='ltr' id='par_1_5' title="bbox 828 934 2398 1021">
     <span class='ocr_line' id='line_1_5' title="bbox 828 934 2398 1021; baseline 0.011 -33"><span class='ocrx_word' id='word_1_27' title='bbox 828 934 957 989; x_wconf 87' lang='lat' dir='ltr'><strong>illud</strong></span> <span class='ocrx_word' id='word_1_28' title='bbox 981 937 1174 1007; x_wconf 80' lang='lat' dir='ltr'><strong>negotii</strong></span> <span class='ocrx_word' id='word_1_29' title='bbox 1197 944 1455 1008; x_wconf 79' lang='lat' dir='ltr'><strong>proficisci</strong></span> <span class='ocrx_word' id='word_1_30' title='bbox 1488 962 1590 999; x_wconf 91' lang='lat' dir='ltr'><strong>non</strong></span> <span class='ocrx_word' id='word_1_31' title='bbox 1622 948 1691 1001; x_wconf 91' lang='lat' dir='ltr'><strong>ita</strong></span> <span class='ocrx_word' id='word_1_32' title='bbox 1714 953 2072 1006; x_wconf 81' lang='lat' dir='ltr'><strong>necessarium</strong></span> <span class='ocrx_word' id='word_1_33' title='bbox 2108 964 2398 1021; x_wconf 73' lang='lat' dir='ltr'><strong>mutaverat,</strong></span> 
     </span>
    </p>
   </div>
   <div class='ocr_carea' id='block_1_6' title="bbox 830 1027 2399 1115">
    <p class='ocr_par' dir='ltr' id='par_1_6' title="bbox 830 1027 2399 1115">
     <span class='ocr_line' id='line_1_6' title="bbox 830 1027 2399 1115; baseline 0.015 -38"><span class='ocrx_word' id='word_1_34' title='bbox 830 1036 887 1078; x_wconf 91' lang='lat' dir='ltr'><strong>ut</strong></span> <span class='ocrx_word' id='word_1_35' title='bbox 914 1027 964 1079; x_wconf 91' lang='lat' dir='ltr'><strong>in</strong></span> <span class='ocrx_word' id='word_1_36' title='bbox 994 1030 1149 1098; x_wconf 86' lang='lat' dir='ltr'><strong>epist.</strong></span> <span class='ocrx_word' id='word_1_37' title='bbox 1184 1031 1251 1087; x_wconf 86' lang='lat'><strong>76</strong></span> <span class='ocrx_word' id='word_1_38' title='bbox 1280 1032 1346 1088; x_wconf 89' lang='lat' dir='ltr'><strong>ad</strong></span> <span class='ocrx_word' id='word_1_39' title='bbox 1373 1034 1693 1091; x_wconf 85' lang='lat' dir='ltr'><strong>Chalcidiatn</strong></span> <span class='ocrx_word' id='word_1_40' title='bbox 1737 1038 1898 1105; x_wconf 83' lang='lat' dir='ltr'><strong>dicit;</strong></span> <span class='ocrx_word' id='word_1_41' title='bbox 1939 1055 1993 1098; x_wconf 90' lang='lat' dir='ltr'><strong>et</strong></span> <span class='ocrx_word' id='word_1_42' title='bbox 2018 1046 2247 1115; x_wconf 83' lang='lat' dir='ltr'><strong>alioquin</strong></span> <span class='ocrx_word' id='word_1_43' title='bbox 2286 1062 2399 1099; x_wconf 91' lang='lat' dir='ltr'><strong>me-</strong></span> 
     </span>
    </p>
   </div>
   <div class='ocr_carea' id='block_1_7' title="bbox 828 1117 2397 1192">
    <p class='ocr_par' dir='ltr' id='par_1_7' title="bbox 828 1117 2397 1192">
     <span class='ocr_line' id='line_1_7' title="bbox 828 1117 2397 1192; baseline 0.015 -23"><span class='ocrx_word' id='word_1_44' title='bbox 828 1117 1010 1173; x_wconf 90' lang='lat' dir='ltr'><strong>tuebat</strong></span> <span class='ocrx_word' id='word_1_45' title='bbox 1052 1135 1118 1175; x_wconf 93' lang='lat' dir='ltr'><strong>ne</strong></span> <span class='ocrx_word' id='word_1_46' title='bbox 1160 1122 1209 1175; x_wconf 92' lang='lat' dir='ltr'><strong>in</strong></span> <span class='ocrx_word' id='word_1_47' title='bbox 1254 1124 1552 1181; x_wconf 82' lang='lat' dir='ltr'><strong>Isaurorum</strong></span> <span class='ocrx_word' id='word_1_48' title='bbox 1594 1143 1780 1183; x_wconf 90' lang='lat' dir='ltr'><strong>manus</strong></span> <span class='ocrx_word' id='word_1_49' title='bbox 1809 1133 2084 1191; x_wconf 84' lang='lat' dir='ltr'><strong>incideret.</strong></span> <span class='ocrx_word' id='word_1_50' title='bbox 2134 1137 2397 1192; x_wconf 83' lang='lat' dir='ltr'><strong>Chalcidia</strong></span> 
     </span>
    </p>
   </div>
   <div class='ocr_carea' id='block_1_8' title="bbox 826 1210 2398 1295">
    <p class='ocr_par' dir='ltr' id='par_1_8' title="bbox 826 1210 2398 1295">
     <span class='ocr_line' id='line_1_8' title="bbox 826 1210 2398 1295; baseline 0.014 -37"><span class='ocrx_word' id='word_1_51' title='bbox 826 1221 954 1260; x_wconf 85' lang='lat' dir='ltr'><strong>vero</strong></span> <span class='ocrx_word' id='word_1_52' title='bbox 979 1217 1032 1262; x_wconf 84' lang='lat' dir='ltr'><strong>et</strong></span> <span class='ocrx_word' id='word_1_53' title='bbox 1063 1210 1355 1279; x_wconf 83' lang='lat' dir='ltr'><strong>Asyncritia</strong></span> <span class='ocrx_word' id='word_1_54' title='bbox 1386 1216 1437 1269; x_wconf 92' lang='lat' dir='ltr'><strong>in</strong></span> <span class='ocrx_word' id='word_1_55' title='bbox 1467 1226 1670 1284; x_wconf 91' lang='lat' dir='ltr'><strong>partem</strong></span> <span class='ocrx_word' id='word_1_56' title='bbox 1697 1235 2075 1293; x_wconf 70' lang='lat' dir='ltr'><strong>aarumnarum,</strong></span> <span class='ocrx_word' id='word_1_57' title='bbox 2110 1242 2226 1295; x_wconf 65' lang='lat' dir='ltr'><strong>quae</strong></span> <span class='ocrx_word' id='word_1_58' title='bbox 2257 1226 2398 1281; x_wconf 89' lang='lat' dir='ltr'><strong>Con-</strong></span> 
     </span>
    </p>
   </div>
   <div class='ocr_carea' id='block_1_9' title="bbox 825 1299 2403 1384">
    <p class='ocr_par' dir='ltr' id='par_1_9' title="bbox 825 1299 2403 1384">
     <span class='ocr_line' id='line_1_9' title="bbox 825 1299 2403 1384; baseline 0.011 -35"><span class='ocrx_word' id='word_1_59' title='bbox 825 1299 1021 1352; x_wconf 69' lang='lat' dir='ltr'><strong>atantio</strong></span> <span class='ocrx_word' id='word_1_60' title='bbox 1052 1299 1432 1371; x_wconf 80' lang='lat' dir='ltr'><strong>inferebantur,</strong></span> <span class='ocrx_word' id='word_1_61' title='bbox 1476 1308 1776 1377; x_wconf 85' lang='lat' dir='ltr'><strong>veniebant,</strong></span> <span class='ocrx_word' id='word_1_62' title='bbox 1823 1313 2073 1384; x_wconf 92' lang='lat' dir='ltr'><strong>illumque</strong></span> <span class='ocrx_word' id='word_1_63' title='bbox 2102 1316 2213 1370; x_wconf 87' lang='lat' dir='ltr'><strong>dire</strong></span> <span class='ocrx_word' id='word_1_64' title='bbox 2241 1331 2403 1369; x_wconf 77' lang='lat' dir='ltr'><strong>vexa-</strong></span> 
     </span>
    </p>
   </div>
   <div class='ocr_carea' id='block_1_10' title="bbox 826 1388 2396 1475">
    <p class='ocr_par' dir='ltr' id='par_1_10' title="bbox 826 1388 2396 1475">
     <span class='ocr_line' id='line_1_10' title="bbox 826 1388 2396 1475; baseline 0.015 -37"><span class='ocrx_word' id='word_1_65' title='bbox 826 1397 935 1440; x_wconf 90' lang='lat' dir='ltr'><strong>tum</strong></span> <span class='ocrx_word' id='word_1_66' title='bbox 960 1388 1198 1445; x_wconf 90' lang='lat' dir='ltr'><strong>videntes</strong></span> <span class='ocrx_word' id='word_1_67' title='bbox 1215 1393 1498 1451; x_wconf 83' lang='lat' dir='ltr'><strong>admodum</strong></span> <span class='ocrx_word' id='word_1_68' title='bbox 1520 1397 1792 1456; x_wconf 85' lang='lat' dir='ltr'><strong>dolebant.</strong></span> <span class='ocrx_word' id='word_1_69' title='bbox 1815 1404 2144 1474; x_wconf 88' lang='lat' dir='ltr'><strong>Quapropter</strong></span> <span class='ocrx_word' id='word_1_70' title='bbox 2165 1406 2215 1459; x_wconf 93' lang='lat' dir='ltr'><strong>in</strong></span> <span class='ocrx_word' id='word_1_71' title='bbox 2240 1406 2396 1475; x_wconf 80' lang='lat' dir='ltr'><strong>epist.</strong></span> 
     </span>
    </p>
   </div>
   <div class='ocr_carea' id='block_1_11' title="bbox 822 1474 1411 1545">
    <p class='ocr_par' dir='ltr' id='par_1_11' title="bbox 822 1474 1411 1545">
     <span class='ocr_line' id='line_1_11' title="bbox 822 1474 1411 1545; baseline 0.019 -18"><span class='ocrx_word' id='word_1_72' title='bbox 822 1474 891 1529; x_wconf 89' lang='lat'><strong>60</strong></span> <span class='ocrx_word' id='word_1_73' title='bbox 918 1476 1057 1545; x_wconf 87' lang='lat' dir='ltr'><strong>ipsas</strong></span> <span class='ocrx_word' id='word_1_74' title='bbox 1084 1481 1411 1537; x_wconf 85' lang='lat' dir='ltr'><strong>consolatur.</strong></span> 
     </span>
    </p>
   </div>
   <div class='ocr_carea' id='block_1_12' title="bbox 894 1565 2392 1653">
    <p class='ocr_par' dir='ltr' id='par_1_12' title="bbox 894 1565 2392 1653">
     <span class='ocr_line' id='line_1_12' title="bbox 894 1565 2392 1653; baseline 0.016 -35"><span class='ocrx_word' id='word_1_75' title='bbox 894 1565 1055 1622; x_wconf 91' lang='lat' dir='ltr'><strong>Isauri</strong></span> <span class='ocrx_word' id='word_1_76' title='bbox 1078 1585 1289 1642; x_wconf 86' lang='lat' dir='ltr'><strong>semper</strong></span> <span class='ocrx_word' id='word_1_77' title='bbox 1309 1575 1424 1631; x_wconf 84' lang='lat' dir='ltr'><strong>vias</strong></span> <span class='ocrx_word' id='word_1_78' title='bbox 1447 1580 1794 1650; x_wconf 84' lang='lat' dir='ltr'><strong>regionesque</strong></span> <span class='ocrx_word' id='word_1_79' title='bbox 1819 1582 2019 1636; x_wconf 84' lang='lat' dir='ltr'><strong>vicinas</strong></span> <span class='ocrx_word' id='word_1_80' title='bbox 2039 1582 2392 1653; x_wconf 79' lang='lat' dir='ltr'><strong>infestabant;</strong></span> 
     </span>
    </p>
   </div>
   <div class='ocr_carea' id='block_1_13' title="bbox 822 1655 2393 1744">
    <p class='ocr_par' dir='ltr' id='par_1_13' title="bbox 822 1655 2393 1744">
     <span class='ocr_line' id='line_1_13' title="bbox 822 1655 2393 1744; baseline 0.016 -38"><span class='ocrx_word' id='word_1_81' title='bbox 822 1655 916 1708; x_wconf 88' lang='lat' dir='ltr'><strong>sed</strong></span> <span class='ocrx_word' id='word_1_82' title='bbox 950 1657 1138 1714; x_wconf 88' lang='lat' dir='ltr'><strong>hiemis</strong></span> <span class='ocrx_word' id='word_1_83' title='bbox 1168 1670 1405 1732; x_wconf 91' lang='lat' dir='ltr'><strong>tempore</strong></span> <span class='ocrx_word' id='word_1_84' title='bbox 1443 1666 1721 1736; x_wconf 87' lang='lat' dir='ltr'><strong>aliquando</strong></span> <span class='ocrx_word' id='word_1_85' title='bbox 1748 1670 1936 1724; x_wconf 89' lang='lat' dir='ltr'><strong>saltem</strong></span> <span class='ocrx_word' id='word_1_86' title='bbox 1976 1683 2250 1744; x_wconf 88' lang='lat' dir='ltr'><strong>receptum</strong></span> <span class='ocrx_word' id='word_1_87' title='bbox 2297 1676 2393 1730; x_wconf 91' lang='lat' dir='ltr'><strong>ha-</strong></span> 
     </span>
    </p>
   </div>
   <div class='ocr_carea' id='block_1_14' title="bbox 819 1745 2396 1837">
    <p class='ocr_par' dir='ltr' id='par_1_14' title="bbox 819 1745 2396 1837">
     <span class='ocr_line' id='line_1_14' title="bbox 819 1745 2396 1837; baseline 0.016 -39"><span class='ocrx_word' id='word_1_88' title='bbox 819 1745 998 1802; x_wconf 88' lang='lat' dir='ltr'><strong>hmsse</strong></span> <span class='ocrx_word' id='word_1_89' title='bbox 1025 1748 1288 1807; x_wconf 91' lang='lat' dir='ltr'><strong>dicuntur.</strong></span> <span class='ocrx_word' id='word_1_90' title='bbox 1324 1755 1516 1810; x_wconf 86' lang='lat' dir='ltr'><strong>Verum</strong></span> <span class='ocrx_word' id='word_1_91' title='bbox 1563 1759 1614 1811; x_wconf 92' lang='lat' dir='ltr'><strong>in</strong></span> <span class='ocrx_word' id='word_1_92' title='bbox 1642 1758 1815 1816; x_wconf 77' lang='lat' dir='ltr'><strong>hieme</strong></span> <span class='ocrx_word' id='word_1_93' title='bbox 1858 1778 2069 1835; x_wconf 89' lang='lat' dir='ltr'><strong>quoque</strong></span> <span class='ocrx_word' id='word_1_94' title='bbox 2110 1766 2396 1837; x_wconf 86' lang='lat' dir='ltr'><strong>aliquando</strong></span> 
     </span>
    </p>
   </div>
   <div class='ocr_carea' id='block_1_15' title="bbox 816 1842 2395 1925">
    <p class='ocr_par' dir='ltr' id='par_1_15' title="bbox 816 1842 2395 1925">
     <span class='ocr_line' id='line_1_15' title="bbox 816 1842 2395 1925; baseline 0.015 -35"><span class='ocrx_word' id='word_1_95' title='bbox 816 1842 1057 1909; x_wconf 81' lang='lat' dir='ltr'><strong>erupisse</strong></span> <span class='ocrx_word' id='word_1_96' title='bbox 1086 1844 1255 1911; x_wconf 89' lang='lat' dir='ltr'><strong>palam</strong></span> <span class='ocrx_word' id='word_1_97' title='bbox 1287 1861 1406 1901; x_wconf 91' lang='lat' dir='ltr'><strong>esse</strong></span> <span class='ocrx_word' id='word_1_98' title='bbox 1430 1849 1639 1905; x_wconf 86' lang='lat' dir='ltr'><strong>videtur</strong></span> <span class='ocrx_word' id='word_1_99' title='bbox 1662 1867 1724 1906; x_wconf 83' lang='lat' dir='ltr'><strong>ex</strong></span> <span class='ocrx_word' id='word_1_100' title='bbox 1759 1853 1841 1921; x_wconf 89' lang='lat' dir='ltr'><strong>iis,</strong></span> <span class='ocrx_word' id='word_1_101' title='bbox 1875 1872 1992 1925; x_wconf 66' lang='lat' dir='ltr'><strong>qua:</strong></span> <span class='ocrx_word' id='word_1_102' title='bbox 2038 1858 2090 1912; x_wconf 91' lang='lat' dir='ltr'><strong>in</strong></span> <span class='ocrx_word' id='word_1_103' title='bbox 2133 1875 2253 1913; x_wconf 85' lang='lat' dir='ltr'><strong>mox</strong></span> <span class='ocrx_word' id='word_1_104' title='bbox 2284 1876 2395 1914; x_wconf 88' lang='lat' dir='ltr'><strong>me-</strong></span> 
     </span>
    </p>
   </div>
   <div class='ocr_carea' id='block_1_16' title="bbox 816 1933 2390 2018">
    <p class='ocr_par' dir='ltr' id='par_1_16' title="bbox 816 1933 2390 2018">
     <span class='ocr_line' id='line_1_16' title="bbox 816 1933 2390 2018; baseline 0.013 -35"><span class='ocrx_word' id='word_1_105' title='bbox 816 1933 1088 1987; x_wconf 79' lang='lat' dir='ltr'><strong>morandis</strong></span> <span class='ocrx_word' id='word_1_106' title='bbox 1113 1936 1351 2004; x_wconf 89' lang='lat' dir='ltr'><strong>epistolis</strong></span> <span class='ocrx_word' id='word_1_107' title='bbox 1374 1950 1552 1995; x_wconf 91' lang='lat' dir='ltr'><strong>narrat</strong></span> <span class='ocrx_word' id='word_1_108' title='bbox 1569 1941 1799 2013; x_wconf 81' lang='lat' dir='ltr'><strong>Joannes</strong></span> <span class='ocrx_word' id='word_1_109' title='bbox 1821 1956 2018 2002; x_wconf 90' lang='lat' dir='ltr'><strong>noster.</strong></span> <span class='ocrx_word' id='word_1_110' title='bbox 2042 1949 2121 2003; x_wconf 82' lang='lat' dir='ltr'><strong>Ad</strong></span> <span class='ocrx_word' id='word_1_111' title='bbox 2144 1950 2390 2018; x_wconf 86' lang='lat' dir='ltr'><strong>Alphium</strong></span> 
     </span>
    </p>
   </div>
   <div class='ocr_carea' id='block_1_17' title="bbox 815 2022 2381 2108">
    <p class='ocr_par' dir='ltr' id='par_1_17' title="bbox 815 2022 2381 2108">
     <span class='ocr_line' id='line_1_17' title="bbox 815 2022 2381 2108; baseline 0.013 -34"><span class='ocrx_word' id='word_1_112' title='bbox 815 2022 1055 2078; x_wconf 84' lang='lat' dir='ltr'><strong>scribens</strong></span> <span class='ocrx_word' id='word_1_113' title='bbox 1084 2026 1239 2095; x_wconf 85' lang='lat' dir='ltr'><strong>epist.</strong></span> <span class='ocrx_word' id='word_1_114' title='bbox 1273 2029 1362 2095; x_wconf 75' lang='lat'><strong>35,</strong></span> <span class='ocrx_word' id='word_1_115' title='bbox 1396 2031 1541 2097; x_wconf 87' lang='lat' dir='ltr'><strong>dicit,</strong></span> <span class='ocrx_word' id='word_1_116' title='bbox 1595 2050 1661 2089; x_wconf 83' lang='lat' dir='ltr'><strong>se</strong></span> <span class='ocrx_word' id='word_1_117' title='bbox 1708 2035 1780 2089; x_wconf 92' lang='lat' dir='ltr'><strong>illi</strong></span> <span class='ocrx_word' id='word_1_118' title='bbox 1827 2038 2022 2106; x_wconf 65' lang='lat' dir='ltr'><strong>smpius</strong></span> <span class='ocrx_word' id='word_1_119' title='bbox 2062 2042 2381 2108; x_wconf 88' lang='lat' dir='ltr'><strong>scripturum</strong></span> 
     </span>
    </p>
   </div>
   <div class='ocr_carea' id='block_1_18' title="bbox 816 2110 2389 2193">
    <p class='ocr_par' dir='ltr' id='par_1_18' title="bbox 816 2110 2389 2193">
     <span class='ocr_line' id='line_1_18' title="bbox 816 2110 2389 2193; baseline 0.014 -30"><span class='ocrx_word' id='word_1_120' title='bbox 816 2110 998 2178; x_wconf 89' lang='lat' dir='ltr'><strong>fuisse,</strong></span> <span class='ocrx_word' id='word_1_121' title='bbox 1033 2115 1130 2169; x_wconf 88' lang='lat' dir='ltr'><strong>nisi</strong></span> <span class='ocrx_word' id='word_1_122' title='bbox 1159 2116 1328 2175; x_wconf 88' lang='lat' dir='ltr'><strong>hiems</strong></span> <span class='ocrx_word' id='word_1_123' title='bbox 1354 2130 1408 2175; x_wconf 92' lang='lat' dir='ltr'><strong>et</strong></span> <span class='ocrx_word' id='word_1_124' title='bbox 1429 2124 1732 2191; x_wconf 66' lang='lat' dir='ltr'><strong>prmdonum</strong></span> <span class='ocrx_word' id='word_1_125' title='bbox 1774 2126 2003 2193; x_wconf 91' lang='lat' dir='ltr'><strong>impetus</strong></span> <span class='ocrx_word' id='word_1_126' title='bbox 2029 2129 2142 2183; x_wconf 85' lang='lat' dir='ltr'><strong>vias</strong></span> <span class='ocrx_word' id='word_1_127' title='bbox 2170 2129 2389 2187; x_wconf 91' lang='lat' dir='ltr'><strong>infestas</strong></span> 
     </span>
    </p>
   </div>
   <div class='ocr_carea' id='block_1_19' title="bbox 814 2203 2390 2290">
    <p class='ocr_par' dir='ltr' id='par_1_19' title="bbox 814 2203 2390 2290">
     <span class='ocr_line' id='line_1_19' title="bbox 814 2203 2390 2290; baseline 0.013 -33"><span class='ocrx_word' id='word_1_128' title='bbox 814 2203 1080 2261; x_wconf 85' lang='lat' dir='ltr'><strong>redderet.</strong></span> <span class='ocrx_word' id='word_1_129' title='bbox 1108 2207 1298 2265; x_wconf 86' lang='lat' dir='ltr'><strong>Narrat</strong></span> <span class='ocrx_word' id='word_1_130' title='bbox 1331 2227 1457 2267; x_wconf 90' lang='lat' dir='ltr'><strong>vero</strong></span> <span class='ocrx_word' id='word_1_131' title='bbox 1482 2215 1730 2284; x_wconf 83' lang='lat' dir='ltr'><strong>Alphium</strong></span> <span class='ocrx_word' id='word_1_132' title='bbox 1758 2218 1987 2273; x_wconf 83' lang='lat' dir='ltr'><strong>amicitia</strong></span> <span class='ocrx_word' id='word_1_133' title='bbox 2016 2220 2390 2290; x_wconf 73' lang='lat' dir='ltr'><strong>coniunctissi-</strong></span> 
     </span>
    </p>
   </div>
   <div class='ocr_carea' id='block_1_20' title="bbox 813 2297 2387 2381">
    <p class='ocr_par' dir='ltr' id='par_1_20' title="bbox 813 2297 2387 2381">
     <span class='ocr_line' id='line_1_20' title="bbox 813 2297 2387 2381; baseline 0.014 -34"><span class='ocrx_word' id='word_1_134' title='bbox 813 2308 958 2349; x_wconf 93' lang='lat' dir='ltr'><strong>mum</strong></span> <span class='ocrx_word' id='word_1_135' title='bbox 988 2297 1087 2352; x_wconf 87' lang='lat' dir='ltr'><strong>sibi</strong></span> <span class='ocrx_word' id='word_1_136' title='bbox 1117 2298 1255 2355; x_wconf 93' lang='lat' dir='ltr'><strong>dona</strong></span> <span class='ocrx_word' id='word_1_137' title='bbox 1296 2302 1524 2371; x_wconf 90' lang='lat' dir='ltr'><strong>misisse,</strong></span> <span class='ocrx_word' id='word_1_138' title='bbox 1555 2306 1649 2361; x_wconf 90' lang='lat' dir='ltr'><strong>sed</strong></span> <span class='ocrx_word' id='word_1_139' title='bbox 1677 2307 1810 2362; x_wconf 89' lang='lat' dir='ltr'><strong>nihil</strong></span> <span class='ocrx_word' id='word_1_140' title='bbox 1850 2323 1909 2364; x_wconf 89' lang='lat' dir='ltr'><strong>se</strong></span> <span class='ocrx_word' id='word_1_141' title='bbox 1935 2310 2237 2381; x_wconf 87' lang='lat' dir='ltr'><strong>recepisse;</strong></span> <span class='ocrx_word' id='word_1_142' title='bbox 2266 2328 2387 2369; x_wconf 92' lang='lat' dir='ltr'><strong>eum</strong></span> 
     </span>
    </p>
   </div>
   <div class='ocr_carea' id='block_1_21' title="bbox 812 2385 2385 2471">
    <p class='ocr_par' dir='ltr' id='par_1_21' title="bbox 812 2385 2385 2471">
     <span class='ocr_line' id='line_1_21' title="bbox 812 2385 2385 2471; baseline 0.015 -32"><span class='ocrx_word' id='word_1_143' title='bbox 812 2385 954 2441; x_wconf 91' lang='lat' dir='ltr'><strong>enim</strong></span> <span class='ocrx_word' id='word_1_144' title='bbox 978 2389 1064 2458; x_wconf 92' lang='lat' dir='ltr'><strong>qui</strong></span> <span class='ocrx_word' id='word_1_145' title='bbox 1091 2390 1348 2449; x_wconf 78' lang='lat' dir='ltr'><strong>afferebat</strong></span> <span class='ocrx_word' id='word_1_146' title='bbox 1375 2404 1519 2452; x_wconf 89' lang='lat' dir='ltr'><strong>metu</strong></span> <span class='ocrx_word' id='word_1_147' title='bbox 1546 2398 1853 2467; x_wconf 70' lang='lat' dir='ltr'><strong>prtedonum</strong></span> <span class='ocrx_word' id='word_1_148' title='bbox 1880 2402 2070 2471; x_wconf 89' lang='lat' dir='ltr'><strong>pedem</strong></span> <span class='ocrx_word' id='word_1_149' title='bbox 2101 2406 2346 2462; x_wconf 88' lang='lat' dir='ltr'><strong>retulisse</strong></span> <span class='ocrx_word' id='word_1_150' title='bbox 2370 2425 2385 2464; x_wconf 91' lang='lat'><strong>:</strong></span> 
     </span>
    </p>
   </div>
   <div class='ocr_carea' id='block_1_22' title="bbox 811 2482 2387 2561">
    <p class='ocr_par' dir='ltr' id='par_1_22' title="bbox 811 2482 2387 2561">
     <span class='ocr_line' id='line_1_22' title="bbox 811 2482 2387 2561; baseline 0.014 -31"><span class='ocrx_word' id='word_1_151' title='bbox 811 2487 1099 2549; x_wconf 88' lang='lat' dir='ltr'><strong>monetque</strong></span> <span class='ocrx_word' id='word_1_152' title='bbox 1126 2482 1272 2537; x_wconf 92' lang='lat' dir='ltr'><strong>illum</strong></span> <span class='ocrx_word' id='word_1_153' title='bbox 1314 2494 1371 2539; x_wconf 90' lang='lat' dir='ltr'><strong>ut</strong></span> <span class='ocrx_word' id='word_1_154' title='bbox 1410 2501 1441 2540; x_wconf 91' lang='lat' dir='ltr'><strong>a</strong></span> <span class='ocrx_word' id='word_1_155' title='bbox 1491 2489 1759 2544; x_wconf 89' lang='lat' dir='ltr'><strong>mittendis</strong></span> <span class='ocrx_word' id='word_1_156' title='bbox 1789 2490 1946 2547; x_wconf 89' lang='lat' dir='ltr'><strong>donis</strong></span> <span class='ocrx_word' id='word_1_157' title='bbox 1992 2494 2297 2561; x_wconf 90' lang='lat' dir='ltr'><strong>abstineat;</strong></span> <span class='ocrx_word' id='word_1_158' title='bbox 2328 2512 2387 2553; x_wconf 92' lang='lat' dir='ltr'><strong>se</strong></span> 
     </span>
    </p>
   </div>
   <div class='ocr_carea' id='block_1_23' title="bbox 812 2568 2386 2651">
    <p class='ocr_par' dir='ltr' id='par_1_23' title="bbox 812 2568 2386 2651">
     <span class='ocr_line' id='line_1_23' title="bbox 812 2568 2386 2651; baseline 0.015 -30"><span class='ocrx_word' id='word_1_159' title='bbox 812 2568 956 2623; x_wconf 87' lang='lat' dir='ltr'><strong>enim</strong></span> <span class='ocrx_word' id='word_1_160' title='bbox 1003 2570 1290 2642; x_wconf 80' lang='lat' dir='ltr'><strong>ingentium</strong></span> <span class='ocrx_word' id='word_1_161' title='bbox 1328 2575 1587 2633; x_wconf 89' lang='lat' dir='ltr'><strong>donorum</strong></span> <span class='ocrx_word' id='word_1_162' title='bbox 1634 2580 1755 2637; x_wconf 92' lang='lat' dir='ltr'><strong>loco</strong></span> <span class='ocrx_word' id='word_1_163' title='bbox 1779 2583 1896 2651; x_wconf 88' lang='lat' dir='ltr'><strong>ejus</strong></span> <span class='ocrx_word' id='word_1_164' title='bbox 1934 2587 2197 2641; x_wconf 88' lang='lat' dir='ltr'><strong>sinceram</strong></span> <span class='ocrx_word' id='word_1_165' title='bbox 2224 2597 2386 2644; x_wconf 87' lang='lat' dir='ltr'><strong>etar-</strong></span> 
     </span>
    </p>
   </div>
   <div class='ocr_carea' id='block_1_24' title="bbox 810 2656 2387 2747">
    <p class='ocr_par' dir='ltr' id='par_1_24' title="bbox 810 2656 2387 2747">
     <span class='ocr_line' id='line_1_24' title="bbox 810 2656 2387 2747; baseline 0.015 -37"><span class='ocrx_word' id='word_1_166' title='bbox 810 2656 1023 2714; x_wconf 87' lang='lat' dir='ltr'><strong>dentem</strong></span> <span class='ocrx_word' id='word_1_167' title='bbox 1052 2660 1471 2722; x_wconf 88' lang='lat' dir='ltr'><strong>benevolentiam</strong></span> <span class='ocrx_word' id='word_1_168' title='bbox 1500 2668 1718 2726; x_wconf 89' lang='lat' dir='ltr'><strong>habere.</strong></span> <span class='ocrx_word' id='word_1_169' title='bbox 1747 2672 1943 2729; x_wconf 85' lang='lat' dir='ltr'><strong>Eadem</strong></span> <span class='ocrx_word' id='word_1_170' title='bbox 1970 2674 2080 2730; x_wconf 92' lang='lat' dir='ltr'><strong>fere</strong></span> <span class='ocrx_word' id='word_1_171' title='bbox 2109 2678 2221 2747; x_wconf 90' lang='lat' dir='ltr'><strong>ipsa</strong></span> <span class='ocrx_word' id='word_1_172' title='bbox 2250 2679 2387 2734; x_wconf 85' lang='lat' dir='ltr'><strong>dixit</strong></span> 
     </span>
    </p>
   </div>
   <div class='ocr_carea' id='block_1_25' title="bbox 811 2748 2383 2839">
    <p class='ocr_par' dir='ltr' id='par_1_25' title="bbox 811 2748 2383 2839">
     <span class='ocr_line' id='line_1_25' title="bbox 811 2748 2383 2839; baseline 0.014 -35"><span class='ocrx_word' id='word_1_173' title='bbox 811 2748 869 2804; x_wconf 84' lang='lat' dir='ltr'><strong>in</strong></span> <span class='ocrx_word' id='word_1_174' title='bbox 895 2765 985 2821; x_wconf 92' lang='lat' dir='ltr'><strong>ep.</strong></span> <span class='ocrx_word' id='word_1_175' title='bbox 1023 2752 1093 2808; x_wconf 71' lang='lat'><strong>49</strong></span> <span class='ocrx_word' id='word_1_176' title='bbox 1135 2755 1201 2810; x_wconf 90' lang='lat' dir='ltr'><strong>ad</strong></span> <span class='ocrx_word' id='word_1_177' title='bbox 1228 2759 1475 2815; x_wconf 90' lang='lat' dir='ltr'><strong>eumdem</strong></span> <span class='ocrx_word' id='word_1_178' title='bbox 1513 2763 1785 2832; x_wconf 80' lang='lat' dir='ltr'><strong>Alphium,</strong></span> <span class='ocrx_word' id='word_1_179' title='bbox 1831 2781 1988 2837; x_wconf 87' lang='lat' dir='ltr'><strong>quem</strong></span> <span class='ocrx_word' id='word_1_180' title='bbox 2015 2769 2212 2834; x_wconf 88' lang='lat' dir='ltr'><strong>laudat,</strong></span> <span class='ocrx_word' id='word_1_181' title='bbox 2242 2771 2383 2839; x_wconf 88' lang='lat' dir='ltr'><strong>quod</strong></span> 
     </span>
    </p>
   </div>
   <div class='ocr_carea' id='block_1_26' title="bbox 798 2846 2380 2929">
    <p class='ocr_par' dir='ltr' id='par_1_26' title="bbox 798 2846 2380 2929">
     <span class='ocr_line' id='line_1_26' title="bbox 798 2846 2380 2929; baseline 0.013 -32"><span class='ocrx_word' id='word_1_182' title='bbox 798 2856 926 2910; x_wconf 80' lang='lat' dir='ltr'><strong>eos,</strong></span> <span class='ocrx_word' id='word_1_183' title='bbox 954 2846 1043 2915; x_wconf 91' lang='lat' dir='ltr'><strong>qui</strong></span> <span class='ocrx_word' id='word_1_184' title='bbox 1072 2862 1193 2902; x_wconf 91' lang='lat' dir='ltr'><strong>cum</strong></span> <span class='ocrx_word' id='word_1_185' title='bbox 1239 2851 1434 2920; x_wconf 89' lang='lat' dir='ltr'><strong>pietate</strong></span> <span class='ocrx_word' id='word_1_186' title='bbox 1458 2854 1713 2918; x_wconf 85' lang='lat' dir='ltr'><strong>viverent.</strong></span> <span class='ocrx_word' id='word_1_187' title='bbox 1758 2872 2002 2915; x_wconf 89' lang='lat' dir='ltr'><strong>recreare</strong></span> <span class='ocrx_word' id='word_1_188' title='bbox 2045 2861 2299 2929; x_wconf 88' lang='lat' dir='ltr'><strong>studeret,</strong></span> <span class='ocrx_word' id='word_1_189' title='bbox 2330 2862 2380 2918; x_wconf 87' lang='lat' dir='ltr'><strong>id</strong></span> 
     </span>
    </p>
   </div>
   <div class='ocr_carea' id='block_1_27' title="bbox 810 2941 2105 3014">
    <p class='ocr_par' dir='ltr' id='par_1_27' title="bbox 810 2941 2105 3014">
     <span class='ocr_line' id='line_1_27' title="bbox 810 2941 2105 3014; baseline 0.013 -24"><span class='ocrx_word' id='word_1_190' title='bbox 810 2944 911 2998; x_wconf 88' lang='lat' dir='ltr'><strong>est,</strong></span> <span class='ocrx_word' id='word_1_191' title='bbox 942 2941 1248 2995; x_wconf 85' lang='lat' dir='ltr'><strong>muneribus</strong></span> <span class='ocrx_word' id='word_1_192' title='bbox 1277 2943 1386 2997; x_wconf 89' lang='lat' dir='ltr'><strong>suis</strong></span> <span class='ocrx_word' id='word_1_193' title='bbox 1408 2945 1637 3014; x_wconf 91' lang='lat' dir='ltr'><strong>quietem</strong></span> <span class='ocrx_word' id='word_1_194' title='bbox 1668 2946 1773 3003; x_wconf 89' lang='lat' dir='ltr'><strong>illis</strong></span> <span class='ocrx_word' id='word_1_195' title='bbox 1801 2950 2105 3007; x_wconf 90' lang='lat' dir='ltr'><strong>conciliare.</strong></span> 
     </span>
    </p>
   </div>
   <div class='ocr_carea' id='block_1_28' title="bbox 878 3026 2383 3113">
    <p class='ocr_par' dir='ltr' id='par_1_28' title="bbox 878 3026 2383 3113">
     <span class='ocr_line' id='line_1_28' title="bbox 878 3026 2383 3113; baseline 0.011 -32"><span class='ocrx_word' id='word_1_196' title='bbox 878 3026 1117 3085; x_wconf 82' lang='lat' dir='ltr'><strong>Monaehi</strong></span> <span class='ocrx_word' id='word_1_197' title='bbox 1142 3030 1248 3087; x_wconf 89' lang='lat' dir='ltr'><strong>duo</strong></span> <span class='ocrx_word' id='word_1_198' title='bbox 1273 3033 1528 3089; x_wconf 79' lang='lat' dir='ltr'><strong>Romulus</strong></span> <span class='ocrx_word' id='word_1_199' title='bbox 1557 3048 1611 3090; x_wconf 90' lang='lat' dir='ltr'><strong>ct</strong></span> <span class='ocrx_word' id='word_1_200' title='bbox 1632 3036 1805 3109; x_wconf 80' lang='lat' dir='ltr'><strong>Byzus</strong></span> <span class='ocrx_word' id='word_1_201' title='bbox 1835 3039 1886 3094; x_wconf 93' lang='lat' dir='ltr'><strong>in</strong></span> <span class='ocrx_word' id='word_1_202' title='bbox 1913 3040 2197 3096; x_wconf 88' lang='lat' dir='ltr'><strong>solitudine</strong></span> <span class='ocrx_word' id='word_1_203' title='bbox 2223 3042 2383 3113; x_wconf 78' lang='lat' dir='ltr'><strong>dege-</strong></span> 
     </span>
    </p>
   </div>
   <div class='ocr_carea' id='block_1_29' title="bbox 807 3117 2386 3205">
    <p class='ocr_par' dir='ltr' id='par_1_29' title="bbox 807 3117 2386 3205">
     <span class='ocr_line' id='line_1_29' title="bbox 807 3117 2386 3205; baseline 0.009 -33"><span class='ocrx_word' id='word_1_204' title='bbox 807 3117 957 3186; x_wconf 80' lang='lat' dir='ltr'><strong>bant,</strong></span> <span class='ocrx_word' id='word_1_205' title='bbox 979 3129 1035 3174; x_wconf 90' lang='lat' dir='ltr'><strong>et</strong></span> <span class='ocrx_word' id='word_1_206' title='bbox 1055 3121 1263 3191; x_wconf 91' lang='lat' dir='ltr'><strong>pietatis</strong></span> <span class='ocrx_word' id='word_1_207' title='bbox 1298 3124 1433 3179; x_wconf 88' lang='lat' dir='ltr'><strong>fama</strong></span> <span class='ocrx_word' id='word_1_208' title='bbox 1461 3126 1884 3184; x_wconf 86' lang='lat' dir='ltr'><strong>celebrabantur.</strong></span> <span class='ocrx_word' id='word_1_209' title='bbox 1924 3130 2015 3185; x_wconf 83' lang='lat' dir='ltr'><strong>His</strong></span> <span class='ocrx_word' id='word_1_210' title='bbox 2044 3133 2190 3186; x_wconf 89' lang='lat' dir='ltr'><strong>misit</strong></span> <span class='ocrx_word' id='word_1_211' title='bbox 2212 3133 2386 3205; x_wconf 83' lang='lat' dir='ltr'><strong>Chry-</strong></span> 
     </span>
    </p>
   </div>
   <div class='ocr_carea' id='block_1_30' title="bbox 808 3212 2380 3294">
    <p class='ocr_par' dir='ltr' id='par_1_30' title="bbox 808 3212 2380 3294">
     <span class='ocr_line' id='line_1_30' title="bbox 808 3212 2380 3294; baseline 0.011 -34"><span class='ocrx_word' id='word_1_212' title='bbox 808 3218 1075 3264; x_wconf 85' lang='lat' dir='ltr'><strong>sostomus</strong></span> <span class='ocrx_word' id='word_1_213' title='bbox 1126 3212 1405 3282; x_wconf 89' lang='lat' dir='ltr'><strong>epistolam</strong></span> <span class='ocrx_word' id='word_1_214' title='bbox 1433 3215 1531 3282; x_wconf 78' lang='lat'><strong>56,</strong></span> <span class='ocrx_word' id='word_1_215' title='bbox 1552 3232 1655 3287; x_wconf 87' lang='lat' dir='ltr'><strong>qua</strong></span> <span class='ocrx_word' id='word_1_216' title='bbox 1705 3233 1765 3273; x_wconf 89' lang='lat' dir='ltr'><strong>se</strong></span> <span class='ocrx_word' id='word_1_217' title='bbox 1793 3234 2130 3291; x_wconf 89' lang='lat' dir='ltr'><strong>summopere</strong></span> <span class='ocrx_word' id='word_1_218' title='bbox 2178 3223 2380 3294; x_wconf 83' lang='lat' dir='ltr'><strong>efﬂagi-</strong></span> 
     </span>
    </p>
   </div>
   <div class='ocr_carea' id='block_1_31' title="bbox 808 3297 2382 3382">
    <p class='ocr_par' dir='ltr' id='par_1_31' title="bbox 808 3297 2382 3382">
     <span class='ocr_line' id='line_1_31' title="bbox 808 3297 2382 3382; baseline 0.011 -31"><span class='ocrx_word' id='word_1_219' title='bbox 808 3304 922 3353; x_wconf 87' lang='lat' dir='ltr'><strong>tare</strong></span> <span class='ocrx_word' id='word_1_220' title='bbox 944 3297 1088 3364; x_wconf 91' lang='lat' dir='ltr'><strong>dicit,</strong></span> <span class='ocrx_word' id='word_1_221' title='bbox 1122 3310 1179 3355; x_wconf 89' lang='lat' dir='ltr'><strong>ut</strong></span> <span class='ocrx_word' id='word_1_222' title='bbox 1210 3301 1306 3371; x_wconf 91' lang='lat' dir='ltr'><strong>ipsi</strong></span> <span class='ocrx_word' id='word_1_223' title='bbox 1328 3302 1597 3360; x_wconf 91' lang='lat' dir='ltr'><strong>Cucusum</strong></span> <span class='ocrx_word' id='word_1_224' title='bbox 1624 3307 1859 3374; x_wconf 86' lang='lat' dir='ltr'><strong>veniant,</strong></span> <span class='ocrx_word' id='word_1_225' title='bbox 1890 3319 1943 3364; x_wconf 90' lang='lat' dir='ltr'><strong>ut</strong></span> <span class='ocrx_word' id='word_1_226' title='bbox 1970 3320 2075 3364; x_wconf 91' lang='lat' dir='ltr'><strong>tam</strong></span> <span class='ocrx_word' id='word_1_227' title='bbox 2107 3310 2382 3382; x_wconf 88' lang='lat' dir='ltr'><strong>religiosos</strong></span> 
     </span>
    </p>
   </div>
   <div class='ocr_carea' id='block_1_32' title="bbox 805 3391 2381 3470">
    <p class='ocr_par' dir='ltr' id='par_1_32' title="bbox 805 3391 2381 3470">
     <span class='ocr_line' id='line_1_32' title="bbox 805 3391 2381 3470; baseline 0.01 -26"><span class='ocrx_word' id='word_1_228' title='bbox 805 3391 949 3447; x_wconf 87' lang='lat' dir='ltr'><strong>viros</strong></span> <span class='ocrx_word' id='word_1_229' title='bbox 972 3393 1625 3467; x_wconf 84' lang='lat' dir='ltr'><strong>ipsisoculisconspiccre</strong></span> <span class='ocrx_word' id='word_1_230' title='bbox 1648 3402 1836 3470; x_wconf 88' lang='lat' dir='ltr'><strong>possit.</strong></span> <span class='ocrx_word' id='word_1_231' title='bbox 1868 3401 2001 3469; x_wconf 85' lang='lat' dir='ltr'><strong>Quia</strong></span> <span class='ocrx_word' id='word_1_232' title='bbox 2027 3418 2158 3458; x_wconf 85' lang='lat' dir='ltr'><strong>vero</strong></span> <span class='ocrx_word' id='word_1_233' title='bbox 2182 3412 2291 3459; x_wconf 90' lang='lat' dir='ltr'><strong>tum</strong></span> <span class='ocrx_word' id='word_1_234' title='bbox 2311 3404 2381 3460; x_wconf 93' lang='lat' dir='ltr'><strong>ob</strong></span> 
     </span>
    </p>
   </div>
   <div class='ocr_carea' id='block_1_33' title="bbox 804 3479 2381 3566">
    <p class='ocr_par' dir='ltr' id='par_1_33' title="bbox 804 3479 2381 3566">
     <span class='ocr_line' id='line_1_33' title="bbox 804 3479 2381 3566; baseline 0.01 -32"><span class='ocrx_word' id='word_1_235' title='bbox 804 3479 1010 3537; x_wconf 82' lang='lat' dir='ltr'><strong>itineris</strong></span> <span class='ocrx_word' id='word_1_236' title='bbox 1038 3484 1437 3554; x_wconf 89' lang='lat' dir='ltr'><strong>longitudinem,</strong></span> <span class='ocrx_word' id='word_1_237' title='bbox 1472 3496 1583 3543; x_wconf 91' lang='lat' dir='ltr'><strong>tum</strong></span> <span class='ocrx_word' id='word_1_238' title='bbox 1610 3490 1680 3545; x_wconf 91' lang='lat' dir='ltr'><strong>ob</strong></span> <span class='ocrx_word' id='word_1_239' title='bbox 1703 3490 1894 3548; x_wconf 89' lang='lat' dir='ltr'><strong>hiemis</strong></span> <span class='ocrx_word' id='word_1_240' title='bbox 1926 3502 2154 3563; x_wconf 89' lang='lat' dir='ltr'><strong>tempus,</strong></span> <span class='ocrx_word' id='word_1_241' title='bbox 2180 3503 2290 3566; x_wconf 87' lang='lat' dir='ltr'><strong>tum</strong></span> <span class='ocrx_word' id='word_1_242' title='bbox 2312 3495 2381 3550; x_wconf 91' lang='lat' dir='ltr'><strong>ob</strong></span> 
     </span>
    </p>
   </div>
   <div class='ocr_carea' id='block_1_34' title="bbox 799 3572 2379 3649">
    <p class='ocr_par' dir='ltr' id='par_1_34' title="bbox 799 3572 2379 3649">
     <span class='ocr_line' id='line_1_34' title="bbox 799 3572 2379 3649; baseline 0.008 -22"><span class='ocrx_word' id='word_1_243' title='bbox 799 3572 1105 3631; x_wconf 79' lang='lat' dir='ltr'><strong>Isaurorum</strong></span> <span class='ocrx_word' id='word_1_244' title='bbox 1150 3585 1350 3631; x_wconf 87' lang='lat' dir='ltr'><strong>metum</strong></span> <span class='ocrx_word' id='word_1_245' title='bbox 1395 3578 1447 3632; x_wconf 91' lang='lat' dir='ltr'><strong>id</strong></span> <span class='ocrx_word' id='word_1_246' title='bbox 1490 3580 1707 3637; x_wconf 91' lang='lat' dir='ltr'><strong>minime</strong></span> <span class='ocrx_word' id='word_1_247' title='bbox 1754 3582 1966 3649; x_wconf 84' lang='lat' dir='ltr'><strong>licebat,</strong></span> <span class='ocrx_word' id='word_1_248' title='bbox 2014 3586 2188 3639; x_wconf 88' lang='lat' dir='ltr'><strong>literis</strong></span> <span class='ocrx_word' id='word_1_249' title='bbox 2230 3601 2379 3641; x_wconf 90' lang='lat' dir='ltr'><strong>suam</strong></span> 
     </span>
    </p>
   </div>
   <div class='ocr_carea' id='block_1_35' title="bbox 790 3666 2377 3741">
    <p class='ocr_par' dir='ltr' id='par_1_35' title="bbox 790 3666 2377 3741">
     <span class='ocr_line' id='line_1_35' title="bbox 790 3666 2377 3741; baseline 0.01 -23"><span class='ocrx_word' id='word_1_250' title='bbox 790 3679 927 3736; x_wconf 18' lang='lat' dir='ltr'><strong>terga</strong></span> <span class='ocrx_word' id='word_1_251' title='bbox 975 3678 1068 3722; x_wconf 88' lang='lat' dir='ltr'><strong>eos</strong></span> <span class='ocrx_word' id='word_1_252' title='bbox 1098 3666 1522 3725; x_wconf 75' lang='lat' dir='ltr'><strong>benevolentiam</strong></span> <span class='ocrx_word' id='word_1_253' title='bbox 1569 3673 1735 3728; x_wconf 88' lang='lat' dir='ltr'><strong>voluit</strong></span> <span class='ocrx_word' id='word_1_254' title='bbox 1763 3676 2053 3741; x_wconf 82' lang='lat' dir='ltr'><strong>testificari,</strong></span> <span class='ocrx_word' id='word_1_255' title='bbox 2104 3679 2377 3735; x_wconf 87' lang='lat' dir='ltr'><strong>hortatur-</strong></span> 
     </span>
    </p>
   </div>
   <div class='ocr_carea' id='block_1_36' title="bbox 790 3757 2373 3827">
    <p class='ocr_par' dir='ltr' id='par_1_36' title="bbox 790 3757 2373 3827">
     <span class='ocr_line' id='line_1_36' title="bbox 790 3757 2373 3827; baseline 0.009 -17"><span class='ocrx_word' id='word_1_256' title='bbox 790 3773 906 3827; x_wconf 79' lang='lat' dir='ltr'><strong>que</strong></span> <span class='ocrx_word' id='word_1_257' title='bbox 932 3757 1053 3814; x_wconf 90' lang='lat' dir='ltr'><strong>illos</strong></span> <span class='ocrx_word' id='word_1_258' title='bbox 1082 3768 1137 3815; x_wconf 90' lang='lat' dir='ltr'><strong>ut</strong></span> <span class='ocrx_word' id='word_1_259' title='bbox 1156 3760 1257 3815; x_wconf 87' lang='lat' dir='ltr'><strong>sibi</strong></span> <span class='ocrx_word' id='word_1_260' title='bbox 1282 3763 1578 3817; x_wconf 73' lang='lat' dir='ltr'><strong>rescribam</strong></span> <span class='ocrx_word' id='word_1_261' title='bbox 1598 3772 1653 3818; x_wconf 90' lang='lat' dir='ltr'><strong>et</strong></span> <span class='ocrx_word' id='word_1_262' title='bbox 1676 3764 1745 3819; x_wconf 91' lang='lat' dir='ltr'><strong>de</strong></span> <span class='ocrx_word' id='word_1_263' title='bbox 1768 3766 1942 3823; x_wconf 87' lang='lat' dir='ltr'><strong>salute</strong></span> <span class='ocrx_word' id='word_1_264' title='bbox 1971 3783 2064 3822; x_wconf 89' lang='lat' dir='ltr'><strong>sua</strong></span> <span class='ocrx_word' id='word_1_265' title='bbox 2094 3770 2373 3825; x_wconf 90' lang='lat' dir='ltr'><strong>certiorem</strong></span> 
     </span>
    </p>
   </div>
   <div class='ocr_carea' id='block_1_37' title="bbox 803 3849 2377 3928">
    <p class='ocr_par' dir='ltr' id='par_1_37' title="bbox 803 3849 2377 3928">
     <span class='ocr_line' id='line_1_37' title="bbox 803 3849 2377 3928; baseline 0.008 -24"><span class='ocrx_word' id='word_1_266' title='bbox 803 3864 864 3904; x_wconf 85' lang='lat' dir='ltr'><strong>se</strong></span> <span class='ocrx_word' id='word_1_267' title='bbox 894 3849 1107 3905; x_wconf 91' lang='lat' dir='ltr'><strong>faciant.</strong></span> <span class='ocrx_word' id='word_1_268' title='bbox 1134 3850 1361 3922; x_wconf 77' lang='lat' dir='ltr'><strong>Hypatio</strong></span> <span class='ocrx_word' id='word_1_269' title='bbox 1384 3854 1544 3907; x_wconf 92' lang='lat' dir='ltr'><strong>etiam</strong></span> <span class='ocrx_word' id='word_1_270' title='bbox 1574 3856 1884 3928; x_wconf 86' lang='lat' dir='ltr'><strong>presbytero</strong></span> <span class='ocrx_word' id='word_1_271' title='bbox 1906 3860 2219 3915; x_wconf 67' lang='lat' dir='ltr'><strong>venerandae</strong></span> <span class='ocrx_word' id='word_1_272' title='bbox 2248 3870 2377 3917; x_wconf 72' lang='lat' dir='ltr'><strong>aeta-</strong></span> 
     </span>
    </p>
   </div>
   <div class='ocr_carea' id='block_1_38' title="bbox 805 3939 2373 4015">
    <p class='ocr_par' dir='ltr' id='par_1_38' title="bbox 805 3939 2373 4015">
     <span class='ocr_line' id='line_1_38' title="bbox 805 3939 2373 4015; baseline 0.009 -22"><span class='ocrx_word' id='word_1_273' title='bbox 805 3939 873 3994; x_wconf 92' lang='lat' dir='ltr'><strong>tis</strong></span> <span class='ocrx_word' id='word_1_274' title='bbox 898 3939 1014 3995; x_wconf 88' lang='lat' dir='ltr'><strong>viro</strong></span> <span class='ocrx_word' id='word_1_275' title='bbox 1037 3942 1247 4012; x_wconf 87' lang='lat' dir='ltr'><strong>scripsit</strong></span> <span class='ocrx_word' id='word_1_276' title='bbox 1276 3943 1435 4013; x_wconf 86' lang='lat' dir='ltr'><strong>epist.</strong></span> <span class='ocrx_word' id='word_1_277' title='bbox 1467 3944 1555 4011; x_wconf 86' lang='lat'><strong>97,</strong></span> <span class='ocrx_word' id='word_1_278' title='bbox 1575 3960 1677 4015; x_wconf 89' lang='lat' dir='ltr'><strong>qua</strong></span> <span class='ocrx_word' id='word_1_279' title='bbox 1710 3946 1857 4002; x_wconf 93' lang='lat' dir='ltr'><strong>illum</strong></span> <span class='ocrx_word' id='word_1_280' title='bbox 1886 3949 1937 4003; x_wconf 90' lang='lat' dir='ltr'><strong>in</strong></span> <span class='ocrx_word' id='word_1_281' title='bbox 1966 3951 2219 4006; x_wconf 68' lang='lat' dir='ltr'><strong>aerumnis</strong></span> <span class='ocrx_word' id='word_1_282' title='bbox 2242 3966 2373 4006; x_wconf 86' lang='lat' dir='ltr'><strong>con-</strong></span> 
     </span>
    </p>
   </div>
   <div class='ocr_carea' id='block_1_39' title="bbox 803 4031 2377 4112">
    <p class='ocr_par' dir='ltr' id='par_1_39' title="bbox 803 4031 2377 4112">
     <span class='ocr_line' id='line_1_39' title="bbox 803 4031 2377 4112; baseline 0.007 -24"><span class='ocrx_word' id='word_1_283' title='bbox 803 4031 1021 4088; x_wconf 80' lang='lat' dir='ltr'><strong>solatur.</strong></span> <span class='ocrx_word' id='word_1_284' title='bbox 1067 4031 1177 4089; x_wconf 84' lang='lat' dir='ltr'><strong>Sed</strong></span> <span class='ocrx_word' id='word_1_285' title='bbox 1220 4033 1513 4105; x_wconf 76' lang='lat' dir='ltr'><strong>longiorem</strong></span> <span class='ocrx_word' id='word_1_286' title='bbox 1551 4038 1723 4094; x_wconf 91' lang='lat' dir='ltr'><strong>cidem</strong></span> <span class='ocrx_word' id='word_1_287' title='bbox 1773 4041 1918 4095; x_wconf 86' lang='lat' dir='ltr'><strong>misit</strong></span> <span class='ocrx_word' id='word_1_288' title='bbox 1952 4043 2107 4112; x_wconf 88' lang='lat' dir='ltr'><strong>epist.</strong></span> <span class='ocrx_word' id='word_1_289' title='bbox 2154 4043 2274 4109; x_wconf 78' lang='lat' dir='ltr'><strong>l80,</strong></span> <span class='ocrx_word' id='word_1_290' title='bbox 2322 4051 2377 4099; x_wconf 91' lang='lat' dir='ltr'><strong>et</strong></span> 
     </span>
    </p>
   </div>
   <div class='ocr_carea' id='block_1_40' title="bbox 804 4126 2375 4204">
    <p class='ocr_par' dir='ltr' id='par_1_40' title="bbox 804 4126 2375 4204">
     <span class='ocr_line' id='line_1_40' title="bbox 804 4126 2375 4204; baseline 0.008 -25"><span class='ocrx_word' id='word_1_291' title='bbox 804 4139 961 4194; x_wconf 86' lang='lat' dir='ltr'><strong>quem</strong></span> <span class='ocrx_word' id='word_1_292' title='bbox 984 4126 1094 4195; x_wconf 88' lang='lat' dir='ltr'><strong>jam</strong></span> <span class='ocrx_word' id='word_1_293' title='bbox 1115 4127 1167 4181; x_wconf 88' lang='lat' dir='ltr'><strong>in</strong></span> <span class='ocrx_word' id='word_1_294' title='bbox 1194 4127 1311 4183; x_wconf 89' lang='lat' dir='ltr'><strong>aliis</strong></span> <span class='ocrx_word' id='word_1_295' title='bbox 1339 4129 1508 4184; x_wconf 91' lang='lat' dir='ltr'><strong>literis</strong></span> <span class='ocrx_word' id='word_1_296' title='bbox 1528 4130 1853 4197; x_wconf 87' lang='lat' dir='ltr'><strong>laudaverat,</strong></span> <span class='ocrx_word' id='word_1_297' title='bbox 1883 4134 1967 4188; x_wconf 93' lang='lat' dir='ltr'><strong>hic</strong></span> <span class='ocrx_word' id='word_1_298' title='bbox 1992 4150 2203 4204; x_wconf 89' lang='lat' dir='ltr'><strong>quoque</strong></span> <span class='ocrx_word' id='word_1_299' title='bbox 2232 4137 2375 4192; x_wconf 89' lang='lat' dir='ltr'><strong>cele-</strong></span> 
     </span>
    </p>
   </div>
   <div class='ocr_carea' id='block_1_41' title="bbox 805 4214 2376 4296">
    <p class='ocr_par' dir='ltr' id='par_1_41' title="bbox 805 4214 2376 4296">
     <span class='ocr_line' id='line_1_41' title="bbox 805 4214 2376 4296; baseline 0.008 -26"><span class='ocrx_word' id='word_1_300' title='bbox 805 4214 941 4283; x_wconf 88' lang='lat' dir='ltr'><strong>brat,</strong></span> <span class='ocrx_word' id='word_1_301' title='bbox 959 4217 1099 4287; x_wconf 91' lang='lat' dir='ltr'><strong>quod</strong></span> <span class='ocrx_word' id='word_1_302' title='bbox 1126 4217 1179 4271; x_wconf 91' lang='lat' dir='ltr'><strong>in</strong></span> <span class='ocrx_word' id='word_1_303' title='bbox 1203 4225 1345 4273; x_wconf 85' lang='lat' dir='ltr'><strong>tanta</strong></span> <span class='ocrx_word' id='word_1_304' title='bbox 1363 4229 1636 4276; x_wconf 87' lang='lat' dir='ltr'><strong>senectute</strong></span> <span class='ocrx_word' id='word_1_305' title='bbox 1656 4223 1907 4292; x_wconf 88' lang='lat' dir='ltr'><strong>populum</strong></span> <span class='ocrx_word' id='word_1_306' title='bbox 1930 4226 2200 4296; x_wconf 78' lang='lat' dir='ltr'><strong>religionis</strong></span> <span class='ocrx_word' id='word_1_307' title='bbox 2216 4238 2376 4283; x_wconf 89' lang='lat' dir='ltr'><strong>causa</strong></span> 
     </span>
    </p>
   </div>
   <div class='ocr_carea' id='block_1_42' title="bbox 802 4306 2375 4387">
    <p class='ocr_par' dir='ltr' id='par_1_42' title="bbox 802 4306 2375 4387">
     <span class='ocr_line' id='line_1_42' title="bbox 802 4306 2375 4387; baseline 0.009 -28"><span class='ocrx_word' id='word_1_308' title='bbox 802 4314 1048 4361; x_wconf 77' lang='lat' dir='ltr'><strong>vexatum</strong></span> <span class='ocrx_word' id='word_1_309' title='bbox 1094 4306 1298 4364; x_wconf 89' lang='lat' dir='ltr'><strong>foveret</strong></span> <span class='ocrx_word' id='word_1_310' title='bbox 1322 4318 1376 4365; x_wconf 90' lang='lat' dir='ltr'><strong>et</strong></span> <span class='ocrx_word' id='word_1_311' title='bbox 1401 4310 1780 4368; x_wconf 81' lang='lat' dir='ltr'><strong>conﬁrmaret:</strong></span> <span class='ocrx_word' id='word_1_312' title='bbox 1812 4328 1975 4384; x_wconf 88' lang='lat' dir='ltr'><strong>seque</strong></span> <span class='ocrx_word' id='word_1_313' title='bbox 2014 4315 2139 4372; x_wconf 90' lang='lat' dir='ltr'><strong>dicit</strong></span> <span class='ocrx_word' id='word_1_314' title='bbox 2179 4318 2375 4387; x_wconf 63' lang='lat' dir='ltr'><strong>saepius</strong></span> 
     </span>
    </p>
   </div>
   <div class='ocr_carea' id='block_1_43' title="bbox 801 4397 2372 4479">
    <p class='ocr_par' dir='ltr' id='par_1_43' title="bbox 801 4397 2372 4479">
     <span class='ocr_line' id='line_1_43' title="bbox 801 4397 2372 4479; baseline 0.008 -27"><span class='ocrx_word' id='word_1_315' title='bbox 801 4397 904 4467; x_wconf 87' lang='lat' dir='ltr'><strong>ipsi</strong></span> <span class='ocrx_word' id='word_1_316' title='bbox 945 4398 1264 4468; x_wconf 88' lang='lat' dir='ltr'><strong>scripturum</strong></span> <span class='ocrx_word' id='word_1_317' title='bbox 1311 4400 1494 4469; x_wconf 90' lang='lat' dir='ltr'><strong>fuisse,</strong></span> <span class='ocrx_word' id='word_1_318' title='bbox 1536 4403 1639 4458; x_wconf 90' lang='lat' dir='ltr'><strong>nisi</strong></span> <span class='ocrx_word' id='word_1_319' title='bbox 1670 4413 1777 4460; x_wconf 88' lang='lat' dir='ltr'><strong>tum</strong></span> <span class='ocrx_word' id='word_1_320' title='bbox 1824 4405 2103 4462; x_wconf 87' lang='lat' dir='ltr'><strong>hibemum</strong></span> <span class='ocrx_word' id='word_1_321' title='bbox 2143 4415 2372 4479; x_wconf 86' lang='lat' dir='ltr'><strong>tempus,</strong></span> 
     </span>
    </p>
   </div>
   <div class='ocr_carea' id='block_1_44' title="bbox 801 4491 2373 4561">
    <p class='ocr_par' dir='ltr' id='par_1_44' title="bbox 801 4491 2373 4561">
     <span class='ocr_line' id='line_1_44' title="bbox 801 4491 2373 4561; baseline 0.009 -17"><span class='ocrx_word' id='word_1_322' title='bbox 801 4499 912 4545; x_wconf 91' lang='lat' dir='ltr'><strong>tum</strong></span> <span class='ocrx_word' id='word_1_323' title='bbox 957 4491 1268 4561; x_wconf 68' lang='lat' dir='ltr'><strong>praedonum</strong></span> <span class='ocrx_word' id='word_1_324' title='bbox 1298 4504 1471 4552; x_wconf 90' lang='lat' dir='ltr'><strong>metus</strong></span> <span class='ocrx_word' id='word_1_325' title='bbox 1498 4497 1784 4555; x_wconf 88' lang='lat' dir='ltr'><strong>obessent:</strong></span> <span class='ocrx_word' id='word_1_326' title='bbox 1830 4500 2171 4557; x_wconf 90' lang='lat' dir='ltr'><strong>diaconorum</strong></span> <span class='ocrx_word' id='word_1_327' title='bbox 2209 4503 2373 4558; x_wconf 91' lang='lat' dir='ltr'><strong>etiam</strong></span> 
     </span>
    </p>
   </div>
   <div class='ocr_carea' id='block_1_45' title="bbox 800 4582 2376 4666">
    <p class='ocr_par' dir='ltr' id='par_1_45' title="bbox 800 4582 2376 4666">
     <span class='ocr_line' id='line_1_45' title="bbox 800 4582 2376 4666; baseline 0.007 -26"><span class='ocrx_word' id='word_1_328' title='bbox 800 4582 1017 4640; x_wconf 81' lang='lat' dir='ltr'><strong>Eusebii</strong></span> <span class='ocrx_word' id='word_1_329' title='bbox 1044 4593 1101 4641; x_wconf 92' lang='lat' dir='ltr'><strong>et</strong></span> <span class='ocrx_word' id='word_1_330' title='bbox 1126 4584 1472 4657; x_wconf 90' lang='lat' dir='ltr'><strong>Lamprotati,</strong></span> <span class='ocrx_word' id='word_1_331' title='bbox 1499 4590 1588 4660; x_wconf 89' lang='lat' dir='ltr'><strong>qui</strong></span> <span class='ocrx_word' id='word_1_332' title='bbox 1616 4606 1975 4648; x_wconf 71' lang='lat' dir='ltr'><strong>aerumnarum</strong></span> <span class='ocrx_word' id='word_1_333' title='bbox 2007 4594 2215 4666; x_wconf 87' lang='lat' dir='ltr'><strong>llypatii</strong></span> <span class='ocrx_word' id='word_1_334' title='bbox 2244 4610 2376 4650; x_wconf 89' lang='lat' dir='ltr'><strong>con-</strong></span> 
     </span>
    </p>
   </div>
   <div class='ocr_carea' id='block_1_46' title="bbox 803 4679 2373 4758">
    <p class='ocr_par' dir='ltr' id='par_1_46' title="bbox 803 4679 2373 4758">
     <span class='ocr_line' id='line_1_46' title="bbox 803 4679 2373 4758; baseline 0.008 -28"><span class='ocrx_word' id='word_1_335' title='bbox 803 4684 975 4731; x_wconf 85' lang='lat' dir='ltr'><strong>sortes</strong></span> <span class='ocrx_word' id='word_1_336' title='bbox 1011 4685 1201 4742; x_wconf 53' lang='lat' dir='ltr'><strong>verant,</strong></span> <span class='ocrx_word' id='word_1_337' title='bbox 1230 4679 1550 4735; x_wconf 90' lang='lat' dir='ltr'><strong>mentionem</strong></span> <span class='ocrx_word' id='word_1_338' title='bbox 1596 4681 1738 4736; x_wconf 83' lang='lat' dir='ltr'><strong>facit.</strong></span> <span class='ocrx_word' id='word_1_339' title='bbox 1767 4684 1967 4739; x_wconf 89' lang='lat' dir='ltr'><strong>Danieli</strong></span> <span class='ocrx_word' id='word_1_340' title='bbox 2008 4701 2218 4757; x_wconf 90' lang='lat' dir='ltr'><strong>quoque</strong></span> <span class='ocrx_word' id='word_1_341' title='bbox 2245 4703 2373 4758; x_wconf 89' lang='lat' dir='ltr'><strong>pre-</strong></span> 
     </span>
    </p>
   </div>
   <div class='ocr_carea' id='block_1_47' title="bbox 801 4767 2371 4839">
    <p class='ocr_par' dir='ltr' id='par_1_47' title="bbox 801 4767 2371 4839">
     <span class='ocr_line' id='line_1_47' title="bbox 801 4767 2371 4839; baseline 0.006 -16"><span class='ocrx_word' id='word_1_342' title='bbox 801 4767 1020 4838; x_wconf 83' lang='lat' dir='ltr'><strong>sbytet&#39;o</strong></span> <span class='ocrx_word' id='word_1_343' title='bbox 1035 4767 1247 4837; x_wconf 86' lang='lat' dir='ltr'><strong>scripsit</strong></span> <span class='ocrx_word' id='word_1_344' title='bbox 1270 4768 1427 4837; x_wconf 91' lang='lat' dir='ltr'><strong>epist.</strong></span> <span class='ocrx_word' id='word_1_345' title='bbox 1459 4768 1595 4837; x_wconf 76' lang='lat'><strong>199;</strong></span> <span class='ocrx_word' id='word_1_346' title='bbox 1617 4786 1773 4839; x_wconf 90' lang='lat' dir='ltr'><strong>quem</strong></span> <span class='ocrx_word' id='word_1_347' title='bbox 1804 4773 1983 4829; x_wconf 90' lang='lat' dir='ltr'><strong>laudat</strong></span> <span class='ocrx_word' id='word_1_348' title='bbox 2005 4784 2058 4830; x_wconf 89' lang='lat' dir='ltr'><strong>et</strong></span> <span class='ocrx_word' id='word_1_349' title='bbox 2087 4777 2371 4832; x_wconf 88' lang='lat' dir='ltr'><strong>admodum</strong></span> 
     </span>
    </p>
   </div>
   <div class='ocr_carea' id='block_1_48' title="bbox 799 4859 2370 4935">
    <p class='ocr_par' dir='ltr' id='par_1_48' title="bbox 799 4859 2370 4935">
     <span class='ocr_line' id='line_1_48' title="bbox 799 4859 2370 4935; baseline 0.005 -20"><span class='ocrx_word' id='word_1_350' title='bbox 799 4859 1033 4919; x_wconf 90' lang='lat' dir='ltr'><strong>celebrat</strong></span> <span class='ocrx_word' id='word_1_351' title='bbox 1073 4875 1103 4915; x_wconf 91' lang='lat' dir='ltr'><strong>a</strong></span> <span class='ocrx_word' id='word_1_352' title='bbox 1132 4860 1401 4931; x_wconf 88' lang='lat' dir='ltr'><strong>patientia,</strong></span> <span class='ocrx_word' id='word_1_353' title='bbox 1452 4860 1781 4931; x_wconf 82' lang='lat' dir='ltr'><strong>fortitudine,</strong></span> <span class='ocrx_word' id='word_1_354' title='bbox 1827 4864 2075 4935; x_wconf 88' lang='lat' dir='ltr'><strong>loquendi</strong></span> <span class='ocrx_word' id='word_1_355' title='bbox 2105 4868 2370 4933; x_wconf 86' lang='lat' dir='ltr'><strong>libertate,</strong></span> 
     </span>
    </p>
   </div>
   <div class='ocr_carea' id='block_1_49' title="bbox 801 4952 2376 5026">
    <p class='ocr_par' dir='ltr' id='par_1_49' title="bbox 801 4952 2376 5026">
     <span class='ocr_line' id='line_1_49' title="bbox 801 4952 2376 5026; baseline 0.008 -25"><span class='ocrx_word' id='word_1_356' title='bbox 801 4964 957 5020; x_wconf 88' lang='lat' dir='ltr'><strong>quam</strong></span> <span class='ocrx_word' id='word_1_357' title='bbox 982 4964 1104 5005; x_wconf 89' lang='lat' dir='ltr'><strong>cum</strong></span> <span class='ocrx_word' id='word_1_358' title='bbox 1145 4952 1303 5007; x_wconf 88' lang='lat' dir='ltr'><strong>sociis</strong></span> <span class='ocrx_word' id='word_1_359' title='bbox 1346 4952 1455 5007; x_wconf 89' lang='lat' dir='ltr'><strong>suis</strong></span> <span class='ocrx_word' id='word_1_360' title='bbox 1496 4952 1751 5011; x_wconf 78' lang='lat' dir='ltr'><strong>exhibere</strong></span> <span class='ocrx_word' id='word_1_361' title='bbox 1802 4970 1907 5011; x_wconf 93' lang='lat' dir='ltr'><strong>non</strong></span> <span class='ocrx_word' id='word_1_362' title='bbox 1936 4957 2228 5026; x_wconf 91' lang='lat' dir='ltr'><strong>desinebat,</strong></span> <span class='ocrx_word' id='word_1_363' title='bbox 2248 4961 2376 5014; x_wconf 88' lang='lat' dir='ltr'><strong>sibi-</strong></span> 
     </span>
    </p>
   </div>
   <div class='ocr_carea' id='block_1_50' title="bbox 799 5039 2375 5114">
    <p class='ocr_par' dir='ltr' id='par_1_50' title="bbox 799 5039 2375 5114">
     <span class='ocr_line' id='line_1_50' title="bbox 799 5039 2375 5114; baseline 0.008 -22"><span class='ocrx_word' id='word_1_364' title='bbox 799 5054 905 5110; x_wconf 87' lang='lat' dir='ltr'><strong>que</strong></span> <span class='ocrx_word' id='word_1_365' title='bbox 927 5040 1004 5095; x_wconf 91' lang='lat' dir='ltr'><strong>ait</strong></span> <span class='ocrx_word' id='word_1_366' title='bbox 1030 5039 1083 5094; x_wconf 92' lang='lat' dir='ltr'><strong>in</strong></span> <span class='ocrx_word' id='word_1_367' title='bbox 1110 5039 1287 5096; x_wconf 90' lang='lat' dir='ltr'><strong>hieme</strong></span> <span class='ocrx_word' id='word_1_368' title='bbox 1324 5043 1558 5098; x_wconf 83' lang='lat' dir='ltr'><strong>versanti</strong></span> <span class='ocrx_word' id='word_1_369' title='bbox 1583 5058 1647 5100; x_wconf 89' lang='lat' dir='ltr'><strong>ac</strong></span> <span class='ocrx_word' id='word_1_370' title='bbox 1670 5045 2007 5114; x_wconf 58' lang='lat' dir='ltr'><strong>pradonibus</strong></span> <span class='ocrx_word' id='word_1_371' title='bbox 2031 5058 2225 5104; x_wconf 82' lang='lat' dir='ltr'><strong>vexato</strong></span> <span class='ocrx_word' id='word_1_372' title='bbox 2243 5052 2375 5105; x_wconf 83' lang='lat' dir='ltr'><strong>seri-</strong></span> 
     </span>
    </p>
   </div>
   <div class='ocr_carea' id='block_1_51' title="bbox 802 5130 1312 5212">
    <p class='ocr_par' dir='ltr' id='par_1_51' title="bbox 802 5130 1312 5212">
     <span class='ocr_line' id='line_1_51' title="bbox 802 5130 1312 5212; baseline 0 -25"><span class='ocrx_word' id='word_1_373' title='bbox 802 5130 929 5187; x_wconf 86' lang='lat' dir='ltr'><strong>here</strong></span> <span class='ocrx_word' id='word_1_374' title='bbox 954 5147 1059 5212; x_wconf 71' lang='lat' dir='ltr'><strong>non</strong></span> <span class='ocrx_word' id='word_1_375' title='bbox 1083 5131 1312 5189; x_wconf 89' lang='lat' dir='ltr'><strong>desinat.</strong></span> 
     </span>
    </p>
   </div>
   <div class='ocr_carea' id='block_1_52' title="bbox 872 5224 2372 5307">
    <p class='ocr_par' dir='ltr' id='par_1_52' title="bbox 872 5224 2372 5307">
     <span class='ocr_line' id='line_1_52' title="bbox 872 5224 2372 5307; baseline 0.008 -28"><span class='ocrx_word' id='word_1_376' title='bbox 872 5224 984 5280; x_wconf 76' lang='lat' dir='ltr'><strong>Hac</strong></span> <span class='ocrx_word' id='word_1_377' title='bbox 1029 5226 1163 5295; x_wconf 89' lang='lat' dir='ltr'><strong>ipsa,</strong></span> <span class='ocrx_word' id='word_1_378' title='bbox 1208 5233 1270 5281; x_wconf 91' lang='lat' dir='ltr'><strong>ut</strong></span> <span class='ocrx_word' id='word_1_379' title='bbox 1321 5234 1569 5297; x_wconf 86' lang='lat' dir='ltr'><strong>putatur,</strong></span> <span class='ocrx_word' id='word_1_380' title='bbox 1624 5227 1798 5284; x_wconf 91' lang='lat' dir='ltr'><strong>hieme</strong></span> <span class='ocrx_word' id='word_1_381' title='bbox 1845 5232 2117 5300; x_wconf 89' lang='lat' dir='ltr'><strong>epistolam</strong></span> <span class='ocrx_word' id='word_1_382' title='bbox 2166 5237 2372 5307; x_wconf 91' lang='lat' dir='ltr'><strong>accepit</strong></span> 
     </span>
    </p>
   </div>
   <div class='ocr_carea' id='block_1_53' title="bbox 802 5314 2371 5392">
    <p class='ocr_par' dir='ltr' id='par_1_53' title="bbox 802 5314 2371 5392">
     <span class='ocr_line' id='line_1_53' title="bbox 802 5314 2371 5392; baseline 0.01 -23"><span class='ocrx_word' id='word_1_383' title='bbox 802 5314 1063 5371; x_wconf 86' lang='lat' dir='ltr'><strong>Theodoti</strong></span> <span class='ocrx_word' id='word_1_384' title='bbox 1113 5317 1342 5386; x_wconf 86' lang='lat' dir='ltr'><strong>diaconi,</strong></span> <span class='ocrx_word' id='word_1_385' title='bbox 1382 5320 1471 5390; x_wconf 89' lang='lat' dir='ltr'><strong>qui</strong></span> <span class='ocrx_word' id='word_1_386' title='bbox 1495 5334 1838 5392; x_wconf 81' lang='lat' dir='ltr'><strong>summopere</strong></span> <span class='ocrx_word' id='word_1_387' title='bbox 1867 5324 2011 5378; x_wconf 92' lang='lat' dir='ltr'><strong>illum</strong></span> <span class='ocrx_word' id='word_1_388' title='bbox 2063 5327 2289 5383; x_wconf 87' lang='lat' dir='ltr'><strong>invisere</strong></span> <span class='ocrx_word' id='word_1_389' title='bbox 2317 5338 2371 5385; x_wconf 90' lang='lat' dir='ltr'><strong>et</strong></span> 
     </span>
    </p>
   </div>
   <div class='ocr_carea' id='block_1_54' title="bbox 799 5407 2370 5486">
    <p class='ocr_par' dir='ltr' id='par_1_54' title="bbox 799 5407 2370 5486">
     <span class='ocr_line' id='line_1_54' title="bbox 799 5407 2370 5486; baseline 0.007 -25"><span class='ocrx_word' id='word_1_390' title='bbox 799 5407 1065 5463; x_wconf 79' lang='lat' dir='ltr'><strong>Cucusum</strong></span> <span class='ocrx_word' id='word_1_391' title='bbox 1108 5408 1371 5478; x_wconf 79' lang='lat' dir='ltr'><strong>proficisci</strong></span> <span class='ocrx_word' id='word_1_392' title='bbox 1397 5412 1664 5482; x_wconf 89' lang='lat' dir='ltr'><strong>cupiebat,</strong></span> <span class='ocrx_word' id='word_1_393' title='bbox 1711 5413 1807 5469; x_wconf 93' lang='lat' dir='ltr'><strong>sed</strong></span> <span class='ocrx_word' id='word_1_394' title='bbox 1859 5413 2136 5470; x_wconf 88' lang='lat' dir='ltr'><strong>hibernum</strong></span> <span class='ocrx_word' id='word_1_395' title='bbox 2166 5426 2370 5486; x_wconf 87' lang='lat' dir='ltr'><strong>tempus</strong></span> 
     </span>
    </p>
   </div>
   <div class='ocr_carea' id='block_1_55' title="bbox 799 5498 2372 5574">
    <p class='ocr_par' dir='ltr' id='par_1_55' title="bbox 799 5498 2372 5574">
     <span class='ocr_line' id='line_1_55' title="bbox 799 5498 2372 5574; baseline 0.008 -24"><span class='ocrx_word' id='word_1_396' title='bbox 799 5506 855 5550; x_wconf 87' lang='lat' dir='ltr'><strong>et</strong></span> <span class='ocrx_word' id='word_1_397' title='bbox 880 5498 1209 5567; x_wconf 83' lang='lat' dir='ltr'><strong>negotiorum</strong></span> <span class='ocrx_word' id='word_1_398' title='bbox 1238 5499 1521 5557; x_wconf 86' lang='lat' dir='ltr'><strong>difficultas</strong></span> <span class='ocrx_word' id='word_1_399' title='bbox 1549 5503 1927 5574; x_wconf 87' lang='lat' dir='ltr'><strong>impedimento</strong></span> <span class='ocrx_word' id='word_1_400' title='bbox 1968 5504 2196 5561; x_wconf 88' lang='lat' dir='ltr'><strong>fuerant.</strong></span> <span class='ocrx_word' id='word_1_401' title='bbox 2241 5507 2372 5563; x_wconf 87' lang='lat' dir='ltr'><strong>Huic</strong></span> 
     </span>
    </p>
   </div>
   <div class='ocr_carea' id='block_1_56' title="bbox 802 5587 2367 5669">
    <p class='ocr_par' dir='ltr' id='par_1_56' title="bbox 802 5587 2367 5669">
     <span class='ocr_line' id='line_1_56' title="bbox 802 5587 2367 5669; baseline 0.008 -29"><span class='ocrx_word' id='word_1_402' title='bbox 802 5587 1081 5657; x_wconf 85' lang='lat' dir='ltr'><strong>epistolam</strong></span> <span class='ocrx_word' id='word_1_403' title='bbox 1106 5590 1192 5645; x_wconf 91' lang='lat' dir='ltr'><strong>ille</strong></span> <span class='ocrx_word' id='word_1_404' title='bbox 1210 5593 1352 5648; x_wconf 87' lang='lat' dir='ltr'><strong>misit</strong></span> <span class='ocrx_word' id='word_1_405' title='bbox 1372 5593 1460 5661; x_wconf 71' lang='grc'><strong>44,</strong></span> <span class='ocrx_word' id='word_1_406' title='bbox 1478 5601 1643 5664; x_wconf 91' lang='lat' dir='ltr'><strong>utque</strong></span> <span class='ocrx_word' id='word_1_407' title='bbox 1661 5607 1900 5653; x_wconf 84' lang='lat' dir='ltr'><strong>suaserat</strong></span> <span class='ocrx_word' id='word_1_408' title='bbox 1919 5598 2020 5669; x_wconf 91' lang='lat' dir='ltr'><strong>ipsi</strong></span> <span class='ocrx_word' id='word_1_409' title='bbox 2041 5596 2367 5663; x_wconf 84' lang='lat' dir='ltr'><strong>Theodotus,</strong></span> 
     </span>
    </p>
   </div>
   <div class='ocr_carea' id='block_1_57' title="bbox 799 5678 2366 5757">
    <p class='ocr_par' dir='ltr' id='par_1_57' title="bbox 799 5678 2366 5757">
     <span class='ocr_line' id='line_1_57' title="bbox 799 5678 2366 5757; baseline 0.006 -23"><span class='ocrx_word' id='word_1_410' title='bbox 799 5678 868 5736; x_wconf 85' lang='lat' dir='ltr'><strong>ad</strong></span> <span class='ocrx_word' id='word_1_411' title='bbox 898 5680 1152 5751; x_wconf 80' lang='lat' dir='ltr'><strong>plunimos</strong></span> <span class='ocrx_word' id='word_1_412' title='bbox 1170 5683 1305 5739; x_wconf 90' lang='lat' dir='ltr'><strong>alios</strong></span> <span class='ocrx_word' id='word_1_413' title='bbox 1330 5686 1582 5755; x_wconf 89' lang='lat' dir='ltr'><strong>scripsit;</strong></span> <span class='ocrx_word' id='word_1_414' title='bbox 1624 5702 1729 5743; x_wconf 86' lang='lat' dir='ltr'><strong>non</strong></span> <span class='ocrx_word' id='word_1_415' title='bbox 1754 5700 1930 5746; x_wconf 87' lang='lat' dir='ltr'><strong>autem</strong></span> <span class='ocrx_word' id='word_1_416' title='bbox 1956 5692 2021 5747; x_wconf 90' lang='lat' dir='ltr'><strong>ad</strong></span> <span class='ocrx_word' id='word_1_417' title='bbox 2052 5689 2366 5757; x_wconf 90' lang='lat' dir='ltr'><strong>Carteriam,</strong></span> 
     </span>
    </p>
   </div>
   <div class='ocr_carea' id='block_1_58' title="bbox 800 5772 2369 5858">
    <p class='ocr_par' dir='ltr' id='par_1_58' title="bbox 800 5772 2369 5858">
     <span class='ocr_line' id='line_1_58' title="bbox 800 5772 2369 5858; baseline 0.011 -32"><span class='ocrx_word' id='word_1_418' title='bbox 800 5786 958 5841; x_wconf 86' lang='lat' dir='ltr'><strong>quam</strong></span> <span class='ocrx_word' id='word_1_419' title='bbox 984 5772 1191 5830; x_wconf 62' lang='lat' dir='ltr'><strong>ceteris</strong></span> <span class='ocrx_word' id='word_1_420' title='bbox 1226 5775 1539 5847; x_wconf 82' lang='lat' dir='ltr'><strong>adjunxerat</strong></span> <span class='ocrx_word' id='word_1_421' title='bbox 1566 5779 1887 5849; x_wconf 88' lang='lat' dir='ltr'><strong>Theodotus,</strong></span> <span class='ocrx_word' id='word_1_422' title='bbox 1915 5786 2037 5856; x_wconf 91' lang='lat' dir='ltr'><strong>quia</strong></span> <span class='ocrx_word' id='word_1_423' title='bbox 2067 5801 2237 5858; x_wconf 88' lang='lat' dir='ltr'><strong>nuper</strong></span> <span class='ocrx_word' id='word_1_424' title='bbox 2271 5788 2369 5858; x_wconf 91' lang='lat' dir='ltr'><strong>ipsi</strong></span> 
     </span>
    </p>
   </div>
   <div class='ocr_carea' id='block_1_59' title="bbox 800 5864 2372 5950">
    <p class='ocr_par' dir='ltr' id='par_1_59' title="bbox 800 5864 2372 5950">
     <span class='ocr_line' id='line_1_59' title="bbox 800 5864 2372 5950; baseline 0.01 -29"><span class='ocrx_word' id='word_1_425' title='bbox 800 5864 981 5923; x_wconf 88' lang='lat' dir='ltr'><strong>literas</strong></span> <span class='ocrx_word' id='word_1_426' title='bbox 1002 5870 1236 5937; x_wconf 88' lang='lat' dir='ltr'><strong>miserat,</strong></span> <span class='ocrx_word' id='word_1_427' title='bbox 1267 5880 1321 5927; x_wconf 92' lang='lat' dir='ltr'><strong>et</strong></span> <span class='ocrx_word' id='word_1_428' title='bbox 1344 5872 1464 5944; x_wconf 87' lang='lat' dir='ltr'><strong>quia</strong></span> <span class='ocrx_word' id='word_1_429' title='bbox 1491 5872 1749 5931; x_wconf 88' lang='lat' dir='ltr'><strong>didicerat</strong></span> <span class='ocrx_word' id='word_1_430' title='bbox 1774 5875 1914 5932; x_wconf 88' lang='lat' dir='ltr'><strong>illam</strong></span> <span class='ocrx_word' id='word_1_431' title='bbox 1942 5879 2150 5950; x_wconf 84' lang='lat' dir='ltr'><strong>longam</strong></span> <span class='ocrx_word' id='word_1_432' title='bbox 2189 5881 2372 5937; x_wconf 89' lang='lat' dir='ltr'><strong>iniisse</strong></span> 
     </span>
    </p>
   </div>
   <div class='ocr_carea' id='block_1_60' title="bbox 802 5957 2371 6039">
    <p class='ocr_par' dir='ltr' id='par_1_60' title="bbox 802 5957 2371 6039">
     <span class='ocr_line' id='line_1_60' title="bbox 802 5957 2371 6039; baseline 0.01 -27"><span class='ocrx_word' id='word_1_433' title='bbox 802 5957 1280 6031; x_wconf 67' lang='lat' dir='ltr'><strong>peregrinationem</strong></span> <span class='ocrx_word' id='word_1_434' title='bbox 1306 5978 1321 6032; x_wconf 89' lang='lat'><strong>;</strong></span> <span class='ocrx_word' id='word_1_435' title='bbox 1350 5974 1694 6039; x_wconf 81' lang='lat' dir='ltr'><strong>precaturque</strong></span> <span class='ocrx_word' id='word_1_436' title='bbox 1718 5966 2045 6025; x_wconf 87' lang='lat' dir='ltr'><strong>Theodotum</strong></span> <span class='ocrx_word' id='word_1_437' title='bbox 2076 5981 2133 6027; x_wconf 89' lang='lat' dir='ltr'><strong>ut</strong></span> <span class='ocrx_word' id='word_1_438' title='bbox 2153 5971 2371 6028; x_wconf 75' lang='lat' dir='ltr'><strong>Marcel-</strong></span> 
     </span>
    </p>
   </div>
   <div class='ocr_carea' id='block_1_61' title="bbox 1888 559 2988 638">
    <p class='ocr_par' dir='ltr' id='par_1_61' title="bbox 1888 559 2988 638">
     <span class='ocr_line' id='line_1_61' title="bbox 1888 559 2988 638; baseline 0.012 -26"><span class='ocrx_word' id='word_1_439' title='bbox 1888 559 1944 613; x_wconf 86' lang='lat' dir='ltr'><strong>S.</strong></span> <span class='ocrx_word' id='word_1_440' title='bbox 1986 559 2263 617; x_wconf 73' lang='lat' dir='ltr'><strong>JOANNIS</strong></span> <span class='ocrx_word' id='word_1_441' title='bbox 2299 561 2767 623; x_wconf 71' lang='lat' dir='ltr'><strong>CIIBYSOSTOMI</strong></span> <span class='ocrx_word' id='word_1_442' title='bbox 2808 568 2988 638; x_wconf 68' lang='lat' dir='ltr'><strong>VITA,</strong></span> 
     </span>
    </p>
   </div>
   <div class='ocr_carea' id='block_1_62' title="bbox 3977 584 4078 638">
    <p class='ocr_par' dir='ltr' id='par_1_62' title="bbox 3977 584 4078 638">
     <span class='ocr_line' id='line_1_62' title="bbox 3977 584 4078 638; baseline 0.02 -3"><span class='ocrx_word' id='word_1_443' title='bbox 3977 584 4078 638; x_wconf 63' lang='lat'><strong>258</strong></span> 
     </span>
    </p>
   </div>
   <div class='ocr_carea' id='block_1_63' title="bbox 2516 680 4077 765">
    <p class='ocr_par' dir='ltr' id='par_1_63' title="bbox 2516 680 4077 765">
     <span class='ocr_line' id='line_1_63' title="bbox 2516 680 4077 765; baseline 0.013 -31"><span class='ocrx_word' id='word_1_444' title='bbox 2516 680 2715 739; x_wconf 87' lang='lat' dir='ltr'><strong>lianum</strong></span> <span class='ocrx_word' id='word_1_445' title='bbox 2744 697 2793 740; x_wconf 91' lang='lat' dir='ltr'><strong>et</strong></span> <span class='ocrx_word' id='word_1_446' title='bbox 2820 686 3034 742; x_wconf 89' lang='lat' dir='ltr'><strong>fratrem</strong></span> <span class='ocrx_word' id='word_1_447' title='bbox 3064 696 3360 759; x_wconf 85' lang='lat' dir='ltr'><strong>conveniat,</strong></span> <span class='ocrx_word' id='word_1_448' title='bbox 3388 705 3440 751; x_wconf 90' lang='lat' dir='ltr'><strong>et</strong></span> <span class='ocrx_word' id='word_1_449' title='bbox 3470 711 3588 749; x_wconf 88' lang='lat' dir='ltr'><strong>cum</strong></span> <span class='ocrx_word' id='word_1_450' title='bbox 3619 695 3720 749; x_wconf 81' lang='lat' dir='ltr'><strong>illis</strong></span> <span class='ocrx_word' id='word_1_451' title='bbox 3742 708 3882 765; x_wconf 82' lang='lat' dir='ltr'><strong>agat,</strong></span> <span class='ocrx_word' id='word_1_452' title='bbox 3922 714 3997 763; x_wconf 89' lang='lat' dir='ltr'><strong>ul,</strong></span> <span class='ocrx_word' id='word_1_453' title='bbox 4036 706 4077 755; x_wconf 60' lang='lat' dir='ltr'><strong>si</strong></span> 
     </span>
    </p>
   </div>
   <div class='ocr_carea' id='block_1_64' title="bbox 2511 778 4080 859">
    <p class='ocr_par' dir='ltr' id='par_1_64' title="bbox 2511 778 4080 859">
     <span class='ocr_line' id='line_1_64' title="bbox 2511 778 4080 859; baseline 0.015 -34"><span class='ocrx_word' id='word_1_454' title='bbox 2511 778 2722 842; x_wconf 88' lang='lat' dir='ltr'><strong>quando</strong></span> <span class='ocrx_word' id='word_1_455' title='bbox 2742 778 2989 833; x_wconf 57' lang='lat' dir='ltr'><strong>Carteria‘,</strong></span> <span class='ocrx_word' id='word_1_456' title='bbox 3014 786 3266 852; x_wconf 88' lang='lat' dir='ltr'><strong>scribant,</strong></span> <span class='ocrx_word' id='word_1_457' title='bbox 3300 804 3357 843; x_wconf 91' lang='lat' dir='ltr'><strong>se</strong></span> <span class='ocrx_word' id='word_1_458' title='bbox 3393 788 3529 859; x_wconf 91' lang='lat' dir='ltr'><strong>apud</strong></span> <span class='ocrx_word' id='word_1_459' title='bbox 3561 789 3701 842; x_wconf 90' lang='lat' dir='ltr'><strong>illam</strong></span> <span class='ocrx_word' id='word_1_460' title='bbox 3742 802 3982 859; x_wconf 83' lang='lat' dir='ltr'><strong>purgent,</strong></span> <span class='ocrx_word' id='word_1_461' title='bbox 4024 807 4080 851; x_wconf 91' lang='lat' dir='ltr'><strong>ut</strong></span> 
     </span>
    </p>
   </div>
   <div class='ocr_carea' id='block_1_65' title="bbox 2510 868 4077 950">
    <p class='ocr_par' dir='ltr' id='par_1_65' title="bbox 2510 868 4077 950">
     <span class='ocr_line' id='line_1_65' title="bbox 2510 868 4077 950; baseline 0.013 -32"><span class='ocrx_word' id='word_1_462' title='bbox 2510 868 2596 934; x_wconf 88' lang='lat' dir='ltr'><strong>qui</strong></span> <span class='ocrx_word' id='word_1_463' title='bbox 2626 885 2726 924; x_wconf 95' lang='lat' dir='ltr'><strong>non</strong></span> <span class='ocrx_word' id='word_1_464' title='bbox 2760 888 2849 941; x_wconf 88' lang='lat' dir='ltr'><strong>per</strong></span> <span class='ocrx_word' id='word_1_465' title='bbox 2879 872 3243 943; x_wconf 76' lang='lat' dir='ltr'><strong>negligentiam</strong></span> <span class='ocrx_word' id='word_1_466' title='bbox 3276 884 3515 937; x_wconf 75' lang='lat' dir='ltr'><strong>tacuerit.</strong></span> <span class='ocrx_word' id='word_1_467' title='bbox 3553 879 3724 950; x_wconf 85' lang='lat' dir='ltr'><strong>Epist.</strong></span> <span class='ocrx_word' id='word_1_468' title='bbox 3754 894 3882 934; x_wconf 90' lang='lat' dir='ltr'><strong>vero</strong></span> <span class='ocrx_word' id='word_1_469' title='bbox 3906 882 3977 937; x_wconf 69' lang='grc'><strong>43</strong></span> <span class='ocrx_word' id='word_1_470' title='bbox 4012 886 4077 938; x_wconf 92' lang='lat' dir='ltr'><strong>ad</strong></span> 
     </span>
    </p>
   </div>
   <div class='ocr_carea' id='block_1_66' title="bbox 2508 956 4078 1043">
    <p class='ocr_par' dir='ltr' id='par_1_66' title="bbox 2508 956 4078 1043">
     <span class='ocr_line' id='line_1_66' title="bbox 2508 956 4078 1043; baseline 0.01 -32"><span class='ocrx_word' id='word_1_471' title='bbox 2508 956 2809 1016; x_wconf 83' lang='lat' dir='ltr'><strong>Bassianam</strong></span> <span class='ocrx_word' id='word_1_472' title='bbox 2829 964 3145 1033; x_wconf 88' lang='lat' dir='ltr'><strong>misit,quam</strong></span> <span class='ocrx_word' id='word_1_473' title='bbox 3166 974 3338 1037; x_wconf 68' lang='lat' dir='ltr'><strong>arguit</strong></span> <span class='ocrx_word' id='word_1_474' title='bbox 3358 977 3493 1043; x_wconf 89' lang='lat' dir='ltr'><strong>quod</strong></span> <span class='ocrx_word' id='word_1_475' title='bbox 3516 975 3612 1030; x_wconf 87' lang='lat' dir='ltr'><strong>sibi</strong></span> <span class='ocrx_word' id='word_1_476' title='bbox 3631 974 3810 1028; x_wconf 88' lang='lat' dir='ltr'><strong>literas</strong></span> <span class='ocrx_word' id='word_1_477' title='bbox 3834 986 3939 1027; x_wconf 93' lang='lat' dir='ltr'><strong>non</strong></span> <span class='ocrx_word' id='word_1_478' title='bbox 3962 974 4078 1027; x_wconf 84' lang='lat' dir='ltr'><strong>mit-</strong></span> 
     </span>
    </p>
   </div>
   <div class='ocr_carea' id='block_1_67' title="bbox 2508 1053 4075 1134">
    <p class='ocr_par' dir='ltr' id='par_1_67' title="bbox 2508 1053 4075 1134">
     <span class='ocr_line' id='line_1_67' title="bbox 2508 1053 4075 1134; baseline 0.009 -35"><span class='ocrx_word' id='word_1_479' title='bbox 2508 1055 2601 1114; x_wconf 88' lang='lat' dir='ltr'><strong>tat,</strong></span> <span class='ocrx_word' id='word_1_480' title='bbox 2626 1053 2765 1121; x_wconf 85' lang='lat' dir='ltr'><strong>quod</strong></span> <span class='ocrx_word' id='word_1_481' title='bbox 2792 1063 2960 1106; x_wconf 88' lang='lat' dir='ltr'><strong>tamen</strong></span> <span class='ocrx_word' id='word_1_482' title='bbox 2981 1054 3131 1110; x_wconf 86' lang='lat' dir='ltr'><strong>facile</strong></span> <span class='ocrx_word' id='word_1_483' title='bbox 3158 1064 3463 1128; x_wconf 87' lang='lat' dir='ltr'><strong>possit,cum</strong></span> <span class='ocrx_word' id='word_1_484' title='bbox 3484 1077 3677 1134; x_wconf 71' lang='lat' dir='ltr'><strong>prmsto</strong></span> <span class='ocrx_word' id='word_1_485' title='bbox 3698 1064 3886 1118; x_wconf 88' lang='lat' dir='ltr'><strong>habeat</strong></span> <span class='ocrx_word' id='word_1_486' title='bbox 3901 1062 4075 1117; x_wconf 83' lang='lat' dir='ltr'><strong>Theo-</strong></span> 
     </span>
    </p>
   </div>
   <div class='ocr_carea' id='block_1_68' title="bbox 2505 1137 4069 1223">
    <p class='ocr_par' dir='ltr' id='par_1_68' title="bbox 2505 1137 4069 1223">
     <span class='ocr_line' id='line_1_68' title="bbox 2505 1137 4069 1223; baseline 0.012 -34"><span class='ocrx_word' id='word_1_487' title='bbox 2505 1137 2686 1195; x_wconf 90' lang='lat' dir='ltr'><strong>dotum</strong></span> <span class='ocrx_word' id='word_1_488' title='bbox 2715 1143 3007 1209; x_wconf 81' lang='lat' dir='ltr'><strong>diaconum,</strong></span> <span class='ocrx_word' id='word_1_489' title='bbox 3026 1146 3111 1213; x_wconf 91' lang='lat' dir='ltr'><strong>qui</strong></span> <span class='ocrx_word' id='word_1_490' title='bbox 3144 1150 3384 1205; x_wconf 85' lang='lat' dir='ltr'><strong>mittendi</strong></span> <span class='ocrx_word' id='word_1_491' title='bbox 3415 1154 3711 1211; x_wconf 77' lang='lat' dir='ltr'><strong>facultatem</strong></span> <span class='ocrx_word' id='word_1_492' title='bbox 3735 1156 3858 1210; x_wconf 90' lang='lat' dir='ltr'><strong>dare</strong></span> <span class='ocrx_word' id='word_1_493' title='bbox 3883 1155 4069 1223; x_wconf 88' lang='lat' dir='ltr'><strong>possit.</strong></span> 
     </span>
    </p>
   </div>
   <div class='ocr_carea' id='block_1_69' title="bbox 2577 1237 4064 1318">
    <p class='ocr_par' dir='ltr' id='par_1_69' title="bbox 2577 1237 4064 1318">
     <span class='ocr_line' id='line_1_69' title="bbox 2577 1237 4064 1318; baseline 0.006 -28"><span class='ocrx_word' id='word_1_494' title='bbox 2577 1237 2685 1293; x_wconf 85' lang='lat' dir='ltr'><strong>iloc</strong></span> <span class='ocrx_word' id='word_1_495' title='bbox 2708 1241 2822 1309; x_wconf 92' lang='lat' dir='ltr'><strong>ipso</strong></span> <span class='ocrx_word' id='word_1_496' title='bbox 2849 1257 2987 1297; x_wconf 91' lang='lat' dir='ltr'><strong>anno</strong></span> <span class='ocrx_word' id='word_1_497' title='bbox 3011 1243 3163 1313; x_wconf 91' lang='lat' dir='ltr'><strong>epist.</strong></span> <span class='ocrx_word' id='word_1_498' title='bbox 3190 1246 3289 1299; x_wconf 70' lang='grc'><strong>148</strong></span> <span class='ocrx_word' id='word_1_499' title='bbox 3319 1250 3458 1301; x_wconf 84' lang='lat' dir='ltr'><strong>misit</strong></span> <span class='ocrx_word' id='word_1_500' title='bbox 3484 1251 3549 1303; x_wconf 87' lang='lat' dir='ltr'><strong>ad</strong></span> <span class='ocrx_word' id='word_1_501' title='bbox 3573 1250 3863 1318; x_wconf 84' lang='lat' dir='ltr'><strong>episcopos,</strong></span> <span class='ocrx_word' id='word_1_502' title='bbox 3879 1246 4064 1317; x_wconf 82' lang='lat' dir='ltr'><strong>Cyria-</strong></span> 
     </span>
    </p>
   </div>
   <div class='ocr_carea' id='block_1_70' title="bbox 2504 1328 4067 1409">
    <p class='ocr_par' dir='ltr' id='par_1_70' title="bbox 2504 1328 4067 1409">
     <span class='ocr_line' id='line_1_70' title="bbox 2504 1328 4067 1409; baseline 0.008 -31"><span class='ocrx_word' id='word_1_503' title='bbox 2504 1340 2645 1394; x_wconf 90' lang='lat' dir='ltr'><strong>cum,</strong></span> <span class='ocrx_word' id='word_1_504' title='bbox 2689 1328 3031 1396; x_wconf 89' lang='lat' dir='ltr'><strong>Demetrium,</strong></span> <span class='ocrx_word' id='word_1_505' title='bbox 3071 1332 3380 1397; x_wconf 82' lang='lat' dir='ltr'><strong>Palladium,</strong></span> <span class='ocrx_word' id='word_1_506' title='bbox 3408 1337 3699 1408; x_wconf 83' lang='lat' dir='ltr'><strong>Eulysium,</strong></span> <span class='ocrx_word' id='word_1_507' title='bbox 3731 1340 3818 1409; x_wconf 93' lang='lat' dir='ltr'><strong>qui</strong></span> <span class='ocrx_word' id='word_1_508' title='bbox 3845 1339 4067 1392; x_wconf 83' lang='lat' dir='ltr'><strong>Romam</strong></span> 
     </span>
    </p>
   </div>
   <div class='ocr_carea' id='block_1_71' title="bbox 2502 1416 4069 1492">
    <p class='ocr_par' dir='ltr' id='par_1_71' title="bbox 2502 1416 4069 1492">
     <span class='ocr_line' id='line_1_71' title="bbox 2502 1416 4069 1492; baseline 0.01 -25"><span class='ocrx_word' id='word_1_509' title='bbox 2502 1416 2869 1487; x_wconf 81' lang='lat' dir='ltr'><strong>confugerant,</strong></span> <span class='ocrx_word' id='word_1_510' title='bbox 2896 1432 2947 1477; x_wconf 91' lang='lat' dir='ltr'><strong>et</strong></span> <span class='ocrx_word' id='word_1_511' title='bbox 2971 1421 3037 1477; x_wconf 92' lang='lat' dir='ltr'><strong>de</strong></span> <span class='ocrx_word' id='word_1_512' title='bbox 3065 1424 3251 1492; x_wconf 89' lang='lat' dir='ltr'><strong>quibus</strong></span> <span class='ocrx_word' id='word_1_513' title='bbox 3283 1440 3401 1477; x_wconf 80' lang='lat' dir='ltr'><strong>mox</strong></span> <span class='ocrx_word' id='word_1_514' title='bbox 3425 1429 3622 1481; x_wconf 90' lang='lat' dir='ltr'><strong>mentio</strong></span> <span class='ocrx_word' id='word_1_515' title='bbox 3648 1429 3942 1484; x_wconf 89' lang='lat' dir='ltr'><strong>habebitur.</strong></span> <span class='ocrx_word' id='word_1_516' title='bbox 3962 1428 4069 1483; x_wconf 80' lang='lat' dir='ltr'><strong>Hos</strong></span> 
     </span>
    </p>
   </div>
   <div class='ocr_carea' id='block_1_72' title="bbox 2502 1512 4061 1586">
    <p class='ocr_par' dir='ltr' id='par_1_72' title="bbox 2502 1512 4061 1586">
     <span class='ocr_line' id='line_1_72' title="bbox 2502 1512 4061 1586; baseline 0.01 -26"><span class='ocrx_word' id='word_1_517' title='bbox 2502 1523 2630 1564; x_wconf 92' lang='lat' dir='ltr'><strong>vero</strong></span> <span class='ocrx_word' id='word_1_518' title='bbox 2658 1512 2842 1569; x_wconf 89' lang='lat' dir='ltr'><strong>beatos</strong></span> <span class='ocrx_word' id='word_1_519' title='bbox 2868 1526 2920 1569; x_wconf 90' lang='lat' dir='ltr'><strong>et</strong></span> <span class='ocrx_word' id='word_1_520' title='bbox 2941 1526 3019 1569; x_wconf 91' lang='lat' dir='ltr'><strong>ter</strong></span> <span class='ocrx_word' id='word_1_521' title='bbox 3045 1516 3226 1570; x_wconf 86' lang='lat' dir='ltr'><strong>beatos</strong></span> <span class='ocrx_word' id='word_1_522' title='bbox 3252 1517 3394 1581; x_wconf 90' lang='lat' dir='ltr'><strong>dicit,</strong></span> <span class='ocrx_word' id='word_1_523' title='bbox 3420 1519 3489 1571; x_wconf 92' lang='lat' dir='ltr'><strong>ob</strong></span> <span class='ocrx_word' id='word_1_524' title='bbox 3515 1520 3755 1586; x_wconf 89' lang='lat' dir='ltr'><strong>sudores,</strong></span> <span class='ocrx_word' id='word_1_525' title='bbox 3780 1537 4061 1585; x_wconf 68' lang='lat' dir='ltr'><strong>aerumnas,</strong></span> 
     </span>
    </p>
   </div>
   <div class='ocr_carea' id='block_1_73' title="bbox 2502 1600 4065 1676">
    <p class='ocr_par' dir='ltr' id='par_1_73' title="bbox 2502 1600 4065 1676">
     <span class='ocr_line' id='line_1_73' title="bbox 2502 1600 4065 1676; baseline 0.009 -24"><span class='ocrx_word' id='word_1_526' title='bbox 2502 1600 2709 1659; x_wconf 88' lang='lat' dir='ltr'><strong>labores</strong></span> <span class='ocrx_word' id='word_1_527' title='bbox 2738 1614 2792 1660; x_wconf 90' lang='lat' dir='ltr'><strong>et</strong></span> <span class='ocrx_word' id='word_1_528' title='bbox 2816 1608 3064 1675; x_wconf 89' lang='lat' dir='ltr'><strong>pericula,</strong></span> <span class='ocrx_word' id='word_1_529' title='bbox 3094 1623 3213 1675; x_wconf 83' lang='lat' dir='ltr'><strong>quae</strong></span> <span class='ocrx_word' id='word_1_530' title='bbox 3244 1623 3339 1676; x_wconf 91' lang='lat' dir='ltr'><strong>pro</strong></span> <span class='ocrx_word' id='word_1_531' title='bbox 3365 1609 3609 1663; x_wconf 89' lang='lat' dir='ltr'><strong>omnibus</strong></span> <span class='ocrx_word' id='word_1_532' title='bbox 3632 1611 3775 1665; x_wconf 89' lang='lat' dir='ltr'><strong>orbis</strong></span> <span class='ocrx_word' id='word_1_533' title='bbox 3817 1614 4065 1668; x_wconf 82' lang='lat' dir='ltr'><strong>Ecclesiis</strong></span> 
     </span>
    </p>
   </div>
   <div class='ocr_carea' id='block_1_74' title="bbox 2499 1692 4062 1765">
    <p class='ocr_par' dir='ltr' id='par_1_74' title="bbox 2499 1692 4062 1765">
     <span class='ocr_line' id='line_1_74' title="bbox 2499 1692 4062 1765; baseline 0.006 -20"><span class='ocrx_word' id='word_1_534' title='bbox 2499 1692 2769 1748; x_wconf 90' lang='lat' dir='ltr'><strong>subierant</strong></span> <span class='ocrx_word' id='word_1_535' title='bbox 2810 1714 2823 1749; x_wconf 92' lang='lat'>:</span> <span class='ocrx_word' id='word_1_536' title='bbox 2865 1712 2963 1765; x_wconf 89' lang='lat' dir='ltr'><strong>qua</strong></span> <span class='ocrx_word' id='word_1_537' title='bbox 3011 1698 3076 1751; x_wconf 90' lang='lat' dir='ltr'><strong>de</strong></span> <span class='ocrx_word' id='word_1_538' title='bbox 3102 1712 3259 1750; x_wconf 91' lang='lat' dir='ltr'><strong>causa</strong></span> <span class='ocrx_word' id='word_1_539' title='bbox 3300 1697 3457 1750; x_wconf 90' lang='lat' dir='ltr'><strong>etiam</strong></span> <span class='ocrx_word' id='word_1_540' title='bbox 3505 1697 3573 1751; x_wconf 90' lang='lat' dir='ltr'><strong>ab</strong></span> <span class='ocrx_word' id='word_1_541' title='bbox 3614 1699 3872 1755; x_wconf 85' lang='lat' dir='ltr'><strong>universis</strong></span> <span class='ocrx_word' id='word_1_542' title='bbox 3920 1716 4062 1755; x_wconf 76' lang='lat' dir='ltr'><strong>sana:</strong></span> 
     </span>
    </p>
   </div>
   <div class='ocr_carea' id='block_1_75' title="bbox 2498 1786 4061 1857">
    <p class='ocr_par' dir='ltr' id='par_1_75' title="bbox 2498 1786 4061 1857">
     <span class='ocr_line' id='line_1_75' title="bbox 2498 1786 4061 1857; baseline 0.006 -20"><span class='ocrx_word' id='word_1_543' title='bbox 2498 1786 2692 1840; x_wconf 90' lang='lat' dir='ltr'><strong>mentis</strong></span> <span class='ocrx_word' id='word_1_544' title='bbox 2735 1787 3032 1842; x_wconf 88' lang='lat' dir='ltr'><strong>hominibus</strong></span> <span class='ocrx_word' id='word_1_545' title='bbox 3078 1789 3501 1853; x_wconf 89' lang='lat' dir='ltr'><strong>celebrabantur,</strong></span> <span class='ocrx_word' id='word_1_546' title='bbox 3544 1799 3598 1843; x_wconf 91' lang='lat' dir='ltr'><strong>et</strong></span> <span class='ocrx_word' id='word_1_547' title='bbox 3639 1790 3864 1857; x_wconf 88' lang='lat' dir='ltr'><strong>amplam</strong></span> <span class='ocrx_word' id='word_1_548' title='bbox 3894 1807 3922 1844; x_wconf 90' lang='lat' dir='ltr'><strong>a</strong></span> <span class='ocrx_word' id='word_1_549' title='bbox 3955 1792 4061 1847; x_wconf 88' lang='lat' dir='ltr'><strong>Deo</strong></span> 
     </span>
    </p>
   </div>
   <div class='ocr_carea' id='block_1_76' title="bbox 2494 1877 4060 1952">
    <p class='ocr_par' dir='ltr' id='par_1_76' title="bbox 2494 1877 4060 1952">
     <span class='ocr_line' id='line_1_76' title="bbox 2494 1877 4060 1952; baseline 0.006 -24"><span class='ocrx_word' id='word_1_550' title='bbox 2494 1877 2795 1932; x_wconf 88' lang='lat' dir='ltr'><strong>mercedem</strong></span> <span class='ocrx_word' id='word_1_551' title='bbox 2820 1890 2972 1933; x_wconf 88' lang='lat' dir='ltr'><strong>erant</strong></span> <span class='ocrx_word' id='word_1_552' title='bbox 2993 1882 3274 1949; x_wconf 91' lang='lat' dir='ltr'><strong>accepturi.</strong></span> <span class='ocrx_word' id='word_1_553' title='bbox 3303 1880 3436 1935; x_wconf 88' lang='lat' dir='ltr'><strong>Dicit</strong></span> <span class='ocrx_word' id='word_1_554' title='bbox 3459 1889 3633 1934; x_wconf 91' lang='lat' dir='ltr'><strong>autem</strong></span> <span class='ocrx_word' id='word_1_555' title='bbox 3653 1881 3929 1952; x_wconf 77' lang='lat' dir='ltr'><strong>Cyriacum</strong></span> <span class='ocrx_word' id='word_1_556' title='bbox 3950 1882 4060 1937; x_wconf 83' lang='lat' dir='ltr'><strong>dia-</strong></span> 
     </span>
    </p>
   </div>
   <div class='ocr_carea' id='block_1_77' title="bbox 2494 1970 4057 2040">
    <p class='ocr_par' dir='ltr' id='par_1_77' title="bbox 2494 1970 4057 2040">
     <span class='ocr_line' id='line_1_77' title="bbox 2494 1970 4057 2040; baseline 0.004 -21"><span class='ocrx_word' id='word_1_557' title='bbox 2494 1979 2706 2029; x_wconf 91' lang='lat' dir='ltr'><strong>conum,</strong></span> <span class='ocrx_word' id='word_1_558' title='bbox 2735 1972 2826 2038; x_wconf 86' lang='lat' dir='ltr'><strong>qui</strong></span> <span class='ocrx_word' id='word_1_559' title='bbox 2852 1970 3071 2024; x_wconf 81' lang='lat' dir='ltr'><strong>Romam</strong></span> <span class='ocrx_word' id='word_1_560' title='bbox 3105 1971 3439 2039; x_wconf 76' lang='lat' dir='ltr'><strong>navigaturus</strong></span> <span class='ocrx_word' id='word_1_561' title='bbox 3466 1979 3601 2035; x_wconf 89' lang='lat' dir='ltr'><strong>erat,</strong></span> <span class='ocrx_word' id='word_1_562' title='bbox 3633 1987 3772 2025; x_wconf 91' lang='lat' dir='ltr'><strong>nunc</strong></span> <span class='ocrx_word' id='word_1_563' title='bbox 3800 1973 4057 2040; x_wconf 78' lang='lat' dir='ltr'><strong>proﬁcisci</strong></span> 
     </span>
    </p>
   </div>
   <div class='ocr_carea' id='block_1_78' title="bbox 2495 2061 4056 2131">
    <p class='ocr_par' dir='ltr' id='par_1_78' title="bbox 2495 2061 4056 2131">
     <span class='ocr_line' id='line_1_78' title="bbox 2495 2061 4056 2131; baseline 0.003 -20"><span class='ocrx_word' id='word_1_564' title='bbox 2495 2072 2598 2112; x_wconf 92' lang='lat' dir='ltr'><strong>non</strong></span> <span class='ocrx_word' id='word_1_565' title='bbox 2622 2061 2880 2129; x_wconf 90' lang='lat' dir='ltr'><strong>potuisse,</strong></span> <span class='ocrx_word' id='word_1_566' title='bbox 2904 2062 3041 2131; x_wconf 89' lang='lat' dir='ltr'><strong>quod</strong></span> <span class='ocrx_word' id='word_1_567' title='bbox 3067 2064 3232 2116; x_wconf 91' lang='lat' dir='ltr'><strong>multo</strong></span> <span class='ocrx_word' id='word_1_568' title='bbox 3258 2061 3441 2115; x_wconf 90' lang='lat' dir='ltr'><strong>labore</strong></span> <span class='ocrx_word' id='word_1_569' title='bbox 3460 2061 3733 2115; x_wconf 92' lang='lat' dir='ltr'><strong>confectus</strong></span> <span class='ocrx_word' id='word_1_570' title='bbox 3755 2071 3922 2117; x_wconf 92' lang='lat' dir='ltr'><strong>esset.</strong></span> <span class='ocrx_word' id='word_1_571' title='bbox 3952 2063 4056 2118; x_wconf 79' lang='lat' dir='ltr'><strong>Sed</strong></span> 
     </span>
    </p>
   </div>
   <div class='ocr_carea' id='block_1_79' title="bbox 2493 2146 4059 2221">
    <p class='ocr_par' dir='ltr' id='par_1_79' title="bbox 2493 2146 4059 2221">
     <span class='ocr_line' id='line_1_79' title="bbox 2493 2146 4059 2221; baseline 0.002 -19"><span class='ocrx_word' id='word_1_572' title='bbox 2493 2146 2749 2205; x_wconf 85' lang='lat' dir='ltr'><strong>Joannem</strong></span> <span class='ocrx_word' id='word_1_573' title='bbox 2773 2152 3135 2221; x_wconf 85' lang='lat' dir='ltr'><strong>presbyterum</strong></span> <span class='ocrx_word' id='word_1_574' title='bbox 3166 2158 3219 2205; x_wconf 90' lang='lat' dir='ltr'><strong>et</strong></span> <span class='ocrx_word' id='word_1_575' title='bbox 3243 2151 3461 2205; x_wconf 88' lang='lat' dir='ltr'><strong>Paulum</strong></span> <span class='ocrx_word' id='word_1_576' title='bbox 3487 2151 3788 2217; x_wconf 89' lang='lat' dir='ltr'><strong>diaconum,</strong></span> <span class='ocrx_word' id='word_1_577' title='bbox 3816 2166 3935 2205; x_wconf 90' lang='lat' dir='ltr'><strong>eum</strong></span> <span class='ocrx_word' id='word_1_578' title='bbox 3964 2168 4059 2205; x_wconf 83' lang='lat' dir='ltr'><strong>un-</strong></span> 
     </span>
    </p>
   </div>
   <div class='ocr_carea' id='block_1_80' title="bbox 2493 2237 4057 2309">
    <p class='ocr_par' dir='ltr' id='par_1_80' title="bbox 2493 2237 4057 2309">
     <span class='ocr_line' id='line_1_80' title="bbox 2493 2237 4057 2309; baseline 0.003 -19"><span class='ocrx_word' id='word_1_579' title='bbox 2493 2237 2652 2308; x_wconf 89' lang='lat' dir='ltr'><strong>dique</strong></span> <span class='ocrx_word' id='word_1_580' title='bbox 2696 2251 3033 2305; x_wconf 82' lang='lat' dir='ltr'><strong>vexarentur,</strong></span> <span class='ocrx_word' id='word_1_581' title='bbox 3063 2250 3117 2295; x_wconf 90' lang='lat' dir='ltr'><strong>et</strong></span> <span class='ocrx_word' id='word_1_582' title='bbox 3143 2256 3399 2309; x_wconf 89' lang='lat' dir='ltr'><strong>nusquam</strong></span> <span class='ocrx_word' id='word_1_583' title='bbox 3427 2240 3719 2296; x_wconf 90' lang='lat' dir='ltr'><strong>consistere</strong></span> <span class='ocrx_word' id='word_1_584' title='bbox 3760 2240 3843 2295; x_wconf 87' lang='lat' dir='ltr'><strong>vel</strong></span> <span class='ocrx_word' id='word_1_585' title='bbox 3865 2239 4057 2295; x_wconf 86' lang='lat' dir='ltr'><strong>delite-</strong></span> 
     </span>
    </p>
   </div>
   <div class='ocr_carea' id='block_1_81' title="bbox 2492 2329 4057 2399">
    <p class='ocr_par' dir='ltr' id='par_1_81' title="bbox 2492 2329 4057 2399">
     <span class='ocr_line' id='line_1_81' title="bbox 2492 2329 4057 2399; baseline 0.002 -19"><span class='ocrx_word' id='word_1_586' title='bbox 2492 2340 2645 2382; x_wconf 89' lang='lat' dir='ltr'><strong>scere</strong></span> <span class='ocrx_word' id='word_1_587' title='bbox 2671 2337 2907 2397; x_wconf 91' lang='lat' dir='ltr'><strong>possent,</strong></span> <span class='ocrx_word' id='word_1_588' title='bbox 2937 2329 3157 2383; x_wconf 84' lang='lat' dir='ltr'><strong>Romam</strong></span> <span class='ocrx_word' id='word_1_589' title='bbox 3186 2331 3328 2399; x_wconf 92' lang='lat' dir='ltr'><strong>ipsos</strong></span> <span class='ocrx_word' id='word_1_590' title='bbox 3352 2330 3499 2385; x_wconf 87' lang='lat' dir='ltr'><strong>adire</strong></span> <span class='ocrx_word' id='word_1_591' title='bbox 3528 2339 3739 2385; x_wconf 89' lang='lat' dir='ltr'><strong>coactos</strong></span> <span class='ocrx_word' id='word_1_592' title='bbox 3763 2330 3943 2396; x_wconf 90' lang='lat' dir='ltr'><strong>fuisse,</strong></span> <span class='ocrx_word' id='word_1_593' title='bbox 3966 2345 4057 2383; x_wconf 88' lang='lat' dir='ltr'><strong>ro-</strong></span> 
     </span>
    </p>
   </div>
   <div class='ocr_carea' id='block_1_82' title="bbox 2491 2420 3546 2489">
    <p class='ocr_par' dir='ltr' id='par_1_82' title="bbox 2491 2420 3546 2489">
     <span class='ocr_line' id='line_1_82' title="bbox 2491 2420 3546 2489; baseline 0.006 -21"><span class='ocrx_word' id='word_1_594' title='bbox 2491 2425 2681 2486; x_wconf 85' lang='lat' dir='ltr'><strong>gatque</strong></span> <span class='ocrx_word' id='word_1_595' title='bbox 2706 2433 2824 2473; x_wconf 90' lang='lat' dir='ltr'><strong>cum</strong></span> <span class='ocrx_word' id='word_1_596' title='bbox 2849 2421 3070 2473; x_wconf 89' lang='lat' dir='ltr'><strong>caritate</strong></span> <span class='ocrx_word' id='word_1_597' title='bbox 3097 2420 3238 2489; x_wconf 89' lang='lat' dir='ltr'><strong>ipsos</strong></span> <span class='ocrx_word' id='word_1_598' title='bbox 3262 2421 3546 2489; x_wconf 77' lang='lat' dir='ltr'><strong>excipiant.</strong></span> 
     </span>
    </p>
   </div>
   <div class='ocr_carea' id='block_1_83' title="bbox 2559 2506 4051 2575">
    <p class='ocr_par' dir='ltr' id='par_1_83' title="bbox 2559 2506 4051 2575">
     <span class='ocr_line' id='line_1_83' title="bbox 2559 2506 4051 2575; baseline 0.002 -16"><span class='ocrx_word' id='word_1_599' title='bbox 2559 2506 2793 2563; x_wconf 74' lang='lat' dir='ltr'><strong>Arsacias</strong></span> <span class='ocrx_word' id='word_1_600' title='bbox 2813 2509 3041 2575; x_wconf 84' lang='lat' dir='ltr'><strong>moritur,</strong></span> <span class='ocrx_word' id='word_1_601' title='bbox 3064 2519 3110 2563; x_wconf 85' lang='lat' dir='ltr'><strong>et</strong></span> <span class='ocrx_word' id='word_1_602' title='bbox 3126 2510 3316 2565; x_wconf 76' lang='lat' dir='ltr'><strong>Atticus</strong></span> <span class='ocrx_word' id='word_1_603' title='bbox 3334 2510 3387 2563; x_wconf 84' lang='lat' dir='ltr'><strong>in</strong></span> <span class='ocrx_word' id='word_1_604' title='bbox 3411 2510 3577 2565; x_wconf 77' lang='lat' dir='ltr'><strong>sedem</strong></span> <span class='ocrx_word' id='word_1_605' title='bbox 3594 2508 3651 2564; x_wconf 88' lang='lat' dir='ltr'><strong>C.</strong></span> <span class='ocrx_word' id='word_1_606' title='bbox 3669 2508 3737 2564; x_wconf 89' lang='lat' dir='ltr'><strong>P.</strong></span> <span class='ocrx_word' id='word_1_607' title='bbox 3758 2509 4051 2563; x_wconf 77' lang='lat' dir='ltr'><strong>intruditur.</strong></span> 
     </span>
    </p>
   </div>
   <div class='ocr_carea' id='block_1_84' title="bbox 2490 2598 4053 2671">
    <p class='ocr_par' dir='ltr' id='par_1_84' title="bbox 2490 2598 4053 2671">
     <span class='ocr_line' id='line_1_84' title="bbox 2490 2598 4053 2671; baseline 0.001 -19"><span class='ocrx_word' id='word_1_608' title='bbox 2490 2598 2693 2653; x_wconf 91' lang='lat' dir='ltr'><strong>—Jam</strong></span> <span class='ocrx_word' id='word_1_609' title='bbox 2737 2598 2805 2654; x_wconf 91' lang='lat' dir='ltr'><strong>ad</strong></span> <span class='ocrx_word' id='word_1_610' title='bbox 2842 2600 2944 2654; x_wconf 90' lang='lat' dir='ltr'><strong>alia</strong></span> <span class='ocrx_word' id='word_1_611' title='bbox 2985 2616 3303 2665; x_wconf 88' lang='lat' dir='ltr'><strong>evocamur,</strong></span> <span class='ocrx_word' id='word_1_612' title='bbox 3334 2617 3452 2671; x_wconf 68' lang='lat' dir='ltr'><strong>quas</strong></span> <span class='ocrx_word' id='word_1_613' title='bbox 3491 2601 3591 2655; x_wconf 91' lang='lat' dir='ltr'><strong>etsi</strong></span> <span class='ocrx_word' id='word_1_614' title='bbox 3620 2615 3837 2670; x_wconf 89' lang='lat' dir='ltr'><strong>prorsus</strong></span> <span class='ocrx_word' id='word_1_615' title='bbox 3876 2616 4053 2654; x_wconf 90' lang='lat' dir='ltr'><strong>rerum</strong></span> 
     </span>
    </p>
   </div>
   <div class='ocr_carea' id='block_1_85' title="bbox 2487 2688 4055 2758">
    <p class='ocr_par' dir='ltr' id='par_1_85' title="bbox 2487 2688 4055 2758">
     <span class='ocr_line' id='line_1_85' title="bbox 2487 2688 4055 2758; baseline 0.001 -16"><span class='ocrx_word' id='word_1_616' title='bbox 2487 2688 2675 2744; x_wconf 89' lang='lat' dir='ltr'><strong>faciem</strong></span> <span class='ocrx_word' id='word_1_617' title='bbox 2701 2706 2804 2745; x_wconf 91' lang='lat' dir='ltr'><strong>non</strong></span> <span class='ocrx_word' id='word_1_618' title='bbox 2845 2702 3135 2758; x_wconf 88' lang='lat' dir='ltr'><strong>mutavere,</strong></span> <span class='ocrx_word' id='word_1_619' title='bbox 3184 2693 3345 2747; x_wconf 90' lang='lat' dir='ltr'><strong>multa</strong></span> <span class='ocrx_word' id='word_1_620' title='bbox 3388 2693 3640 2746; x_wconf 81' lang='lat' dir='ltr'><strong>induxere</strong></span> <span class='ocrx_word' id='word_1_621' title='bbox 3686 2707 3842 2747; x_wconf 91' lang='lat' dir='ltr'><strong>nova.</strong></span> <span class='ocrx_word' id='word_1_622' title='bbox 3877 2691 4055 2745; x_wconf 90' lang='lat' dir='ltr'><strong>Tertio</strong></span> 
     </span>
    </p>
   </div>
   <div class='ocr_carea' id='block_1_86' title="bbox 2486 2780 4053 2850">
    <p class='ocr_par' dir='ltr' id='par_1_86' title="bbox 2486 2780 4053 2850">
     <span class='ocr_line' id='line_1_86' title="bbox 2486 2780 4053 2850; baseline 0.001 -18"><span class='ocrx_word' id='word_1_623' title='bbox 2486 2794 2714 2850; x_wconf 85' lang='lat' dir='ltr'><strong>namque</strong></span> <span class='ocrx_word' id='word_1_624' title='bbox 2751 2781 2868 2835; x_wconf 90' lang='lat' dir='ltr'><strong>idus</strong></span> <span class='ocrx_word' id='word_1_625' title='bbox 2895 2781 3208 2838; x_wconf 89' lang='lat' dir='ltr'><strong>Novembris</strong></span> <span class='ocrx_word' id='word_1_626' title='bbox 3253 2783 3523 2848; x_wconf 85' lang='lat' dir='ltr'><strong>Arsacins,</strong></span> <span class='ocrx_word' id='word_1_627' title='bbox 3553 2783 3640 2850; x_wconf 90' lang='lat' dir='ltr'><strong>qui</strong></span> <span class='ocrx_word' id='word_1_628' title='bbox 3677 2780 4053 2835; x_wconf 88' lang='lat' dir='ltr'><strong>Constantino-</strong></span> 
     </span>
    </p>
   </div>
   <div class='ocr_carea' id='block_1_87' title="bbox 2484 2869 4053 2941">
    <p class='ocr_par' dir='ltr' id='par_1_87' title="bbox 2484 2869 4053 2941">
     <span class='ocr_line' id='line_1_87' title="bbox 2484 2869 4053 2941; baseline 0 -19"><span class='ocrx_word' id='word_1_629' title='bbox 2484 2870 2769 2938; x_wconf 88' lang='lat' dir='ltr'><strong>politanam</strong></span> <span class='ocrx_word' id='word_1_630' title='bbox 2813 2871 2995 2925; x_wconf 92' lang='lat' dir='ltr'><strong>sedem</strong></span> <span class='ocrx_word' id='word_1_631' title='bbox 3034 2873 3331 2936; x_wconf 89' lang='lat' dir='ltr'><strong>invaserat,</strong></span> <span class='ocrx_word' id='word_1_632' title='bbox 3374 2887 3470 2927; x_wconf 90' lang='lat' dir='ltr'><strong>seu</strong></span> <span class='ocrx_word' id='word_1_633' title='bbox 3511 2873 3687 2941; x_wconf 90' lang='lat' dir='ltr'><strong>potius</strong></span> <span class='ocrx_word' id='word_1_634' title='bbox 3731 2870 3781 2923; x_wconf 91' lang='lat' dir='ltr'><strong>in</strong></span> <span class='ocrx_word' id='word_1_635' title='bbox 3811 2884 3929 2924; x_wconf 91' lang='lat' dir='ltr'><strong>eam</strong></span> <span class='ocrx_word' id='word_1_636' title='bbox 3973 2869 4053 2923; x_wconf 90' lang='lat' dir='ltr'><strong>in-</strong></span> 
     </span>
    </p>
   </div>
   <div class='ocr_carea' id='block_1_88' title="bbox 2483 2960 4051 3032">
    <p class='ocr_par' dir='ltr' id='par_1_88' title="bbox 2483 2960 4051 3032">
     <span class='ocr_line' id='line_1_88' title="bbox 2483 2960 4051 3032; baseline 0.001 -19"><span class='ocrx_word' id='word_1_637' title='bbox 2483 2960 2672 3014; x_wconf 91' lang='lat' dir='ltr'><strong>ductus</strong></span> <span class='ocrx_word' id='word_1_638' title='bbox 2713 2960 2903 3027; x_wconf 89' lang='lat' dir='ltr'><strong>fuerat,</strong></span> <span class='ocrx_word' id='word_1_639' title='bbox 2934 2962 3099 3017; x_wconf 89' lang='lat' dir='ltr'><strong>obiit:</strong></span> <span class='ocrx_word' id='word_1_640' title='bbox 3132 2962 3212 3016; x_wconf 85' lang='lat' dir='ltr'><strong>vir</strong></span> <span class='ocrx_word' id='word_1_641' title='bbox 3235 2978 3390 3032; x_wconf 92' lang='lat' dir='ltr'><strong>quem</strong></span> <span class='ocrx_word' id='word_1_642' title='bbox 3437 2962 3677 3016; x_wconf 91' lang='lat' dir='ltr'><strong>laudibus</strong></span> <span class='ocrx_word' id='word_1_643' title='bbox 3715 2962 3917 3016; x_wconf 79' lang='lat' dir='ltr'><strong>extollit</strong></span> <span class='ocrx_word' id='word_1_644' title='bbox 3949 2960 4051 3015; x_wconf 89' lang='lat' dir='ltr'><strong>So-</strong></span> 
     </span>
    </p>
   </div>
   <div class='ocr_carea' id='block_1_89' title="bbox 2483 3049 4052 3121">
    <p class='ocr_par' dir='ltr' id='par_1_89' title="bbox 2483 3049 4052 3121">
     <span class='ocr_line' id='line_1_89' title="bbox 2483 3049 4052 3121; baseline 0.003 -20"><span class='ocrx_word' id='word_1_645' title='bbox 2483 3057 2655 3104; x_wconf 87' lang='lat' dir='ltr'><strong>crates</strong></span> <span class='ocrx_word' id='word_1_646' title='bbox 2675 3051 2845 3121; x_wconf 83' lang='lat' dir='ltr'><strong>(Socr.</strong></span> <span class='ocrx_word' id='word_1_647' title='bbox 2871 3052 2908 3105; x_wconf 85' lang='grc' dir='ltr'><strong>ι.</strong></span> <span class='ocrx_word' id='word_1_648' title='bbox 2934 3051 2987 3105; x_wconf 89' lang='grc'><strong>6.</strong></span> <span class='ocrx_word' id='word_1_649' title='bbox 3015 3068 3060 3105; x_wconf 89' lang='lat' dir='ltr'><strong>c.</strong></span> <span class='ocrx_word' id='word_1_650' title='bbox 3081 3051 3174 3120; x_wconf 75' lang='lat'><strong>20)</strong></span> <span class='ocrx_word' id='word_1_651' title='bbox 3194 3068 3209 3117; x_wconf 93' lang='lat'><strong>;</strong></span> <span class='ocrx_word' id='word_1_652' title='bbox 3232 3051 3564 3107; x_wconf 82' lang='lat' dir='ltr'><strong>Sozomenus</strong></span> <span class='ocrx_word' id='word_1_653' title='bbox 3599 3065 3727 3106; x_wconf 89' lang='lat' dir='ltr'><strong>vero</strong></span> <span class='ocrx_word' id='word_1_654' title='bbox 3746 3050 3873 3105; x_wconf 91' lang='lat' dir='ltr'><strong>dicit</strong></span> <span class='ocrx_word' id='word_1_655' title='bbox 3888 3049 4052 3105; x_wconf 79' lang='lat' dir='ltr'><strong>fuisse</strong></span> 
     </span>
    </p>
   </div>
   <div class='ocr_carea' id='block_1_90' title="bbox 2485 3138 4049 3210">
    <p class='ocr_par' dir='ltr' id='par_1_90' title="bbox 2485 3138 4049 3210">
     <span class='ocr_line' id='line_1_90' title="bbox 2485 3138 4049 3210; baseline 0.001 -18"><span class='ocrx_word' id='word_1_656' title='bbox 2485 3138 2634 3193; x_wconf 90' lang='lat' dir='ltr'><strong>illum</strong></span> <span class='ocrx_word' id='word_1_657' title='bbox 2680 3151 3015 3195; x_wconf 90' lang='lat' dir='ltr'><strong>mansuetum</strong></span> <span class='ocrx_word' id='word_1_658' title='bbox 3054 3148 3110 3195; x_wconf 90' lang='lat' dir='ltr'><strong>et</strong></span> <span class='ocrx_word' id='word_1_659' title='bbox 3147 3141 3486 3210; x_wconf 88' lang='lat' dir='ltr'><strong>religiosum,</strong></span> <span class='ocrx_word' id='word_1_660' title='bbox 3528 3139 3621 3193; x_wconf 67' lang='lat' dir='ltr'><strong>sal</strong></span> <span class='ocrx_word' id='word_1_661' title='bbox 3659 3139 3863 3193; x_wconf 91' lang='lat' dir='ltr'><strong>laudem</strong></span> <span class='ocrx_word' id='word_1_662' title='bbox 3906 3140 4049 3193; x_wconf 86' lang='lat' dir='ltr'><strong>illam</strong></span> 
     </span>
    </p>
   </div>
   <div class='ocr_carea' id='block_1_91' title="bbox 2485 3230 4050 3302">
    <p class='ocr_par' dir='ltr' id='par_1_91' title="bbox 2485 3230 4050 3302">
     <span class='ocr_line' id='line_1_91' title="bbox 2485 3230 4050 3302; baseline -0.001 -17"><span class='ocrx_word' id='word_1_663' title='bbox 2485 3230 2743 3287; x_wconf 86' lang='lat' dir='ltr'><strong>minuisse</strong></span> <span class='ocrx_word' id='word_1_664' title='bbox 2780 3232 3003 3287; x_wconf 90' lang='lat' dir='ltr'><strong>clericos</strong></span> <span class='ocrx_word' id='word_1_665' title='bbox 3052 3232 3340 3302; x_wconf 89' lang='lat' dir='ltr'><strong>quosdam,</strong></span> <span class='ocrx_word' id='word_1_666' title='bbox 3384 3232 3475 3302; x_wconf 90' lang='lat' dir='ltr'><strong>qui</strong></span> <span class='ocrx_word' id='word_1_667' title='bbox 3521 3232 3697 3286; x_wconf 90' lang='lat' dir='ltr'><strong>omnia</strong></span> <span class='ocrx_word' id='word_1_668' title='bbox 3738 3245 3836 3301; x_wconf 91' lang='lat' dir='ltr'><strong>pro</strong></span> <span class='ocrx_word' id='word_1_669' title='bbox 3885 3230 4050 3284; x_wconf 91' lang='lat' dir='ltr'><strong>lubito</strong></span> 
     </span>
    </p>
   </div>
   <div class='ocr_carea' id='block_1_92' title="bbox 2483 3320 4047 3393">
    <p class='ocr_par' dir='ltr' id='par_1_92' title="bbox 2483 3320 4047 3393">
     <span class='ocr_line' id='line_1_92' title="bbox 2483 3320 4047 3393; baseline -0.001 -17"><span class='ocrx_word' id='word_1_670' title='bbox 2483 3321 2711 3392; x_wconf 88' lang='lat' dir='ltr'><strong>agebant</strong></span> <span class='ocrx_word' id='word_1_671' title='bbox 2732 3320 2964 3391; x_wconf 73' lang='lat' dir='ltr'><strong>(Sozam.</strong></span> <span class='ocrx_word' id='word_1_672' title='bbox 2996 3323 3034 3377; x_wconf 88' lang='grc' dir='ltr'><strong>ι.</strong></span> <span class='ocrx_word' id='word_1_673' title='bbox 3053 3321 3106 3376; x_wconf 84' lang='lat'><strong>8.</strong></span> <span class='ocrx_word' id='word_1_674' title='bbox 3129 3338 3179 3375; x_wconf 78' lang='grc' dir='ltr'><strong>ε.</strong></span> <span class='ocrx_word' id='word_1_675' title='bbox 3202 3321 3295 3393; x_wconf 79' lang='lat'><strong>27)</strong></span> <span class='ocrx_word' id='word_1_676' title='bbox 3319 3338 3334 3375; x_wconf 90' lang='lat'><strong>:</strong></span> <span class='ocrx_word' id='word_1_677' title='bbox 3357 3337 3541 3376; x_wconf 89' lang='lat' dir='ltr'><strong>verum</strong></span> <span class='ocrx_word' id='word_1_678' title='bbox 3568 3320 3781 3375; x_wconf 88' lang='lat' dir='ltr'><strong>infamia</strong></span> <span class='ocrx_word' id='word_1_679' title='bbox 3822 3320 4047 3390; x_wconf 89' lang='lat' dir='ltr'><strong>quadam</strong></span> 
     </span>
    </p>
   </div>
   <div class='ocr_carea' id='block_1_93' title="bbox 2482 3410 4050 3484">
    <p class='ocr_par' dir='ltr' id='par_1_93' title="bbox 2482 3410 4050 3484">
     <span class='ocr_line' id='line_1_93' title="bbox 2482 3410 4050 3484; baseline -0.001 -18"><span class='ocrx_word' id='word_1_680' title='bbox 2482 3421 2698 3468; x_wconf 88' lang='lat' dir='ltr'><strong>notasse</strong></span> <span class='ocrx_word' id='word_1_681' title='bbox 2738 3413 2883 3467; x_wconf 92' lang='lat' dir='ltr'><strong>illum</strong></span> <span class='ocrx_word' id='word_1_682' title='bbox 2926 3428 3011 3479; x_wconf 89' lang='lat' dir='ltr'><strong>ea,</strong></span> <span class='ocrx_word' id='word_1_683' title='bbox 3040 3428 3157 3482; x_wconf 84' lang='lat' dir='ltr'><strong>quae</strong></span> <span class='ocrx_word' id='word_1_684' title='bbox 3195 3422 3379 3467; x_wconf 90' lang='lat' dir='ltr'><strong>contra</strong></span> <span class='ocrx_word' id='word_1_685' title='bbox 3421 3412 3782 3484; x_wconf 88' lang='lat' dir='ltr'><strong>Chrysostomi</strong></span> <span class='ocrx_word' id='word_1_686' title='bbox 3819 3410 4050 3465; x_wconf 90' lang='lat' dir='ltr'><strong>fautores</strong></span> 
     </span>
    </p>
   </div>
   <div class='ocr_carea' id='block_1_94' title="bbox 2481 3502 4047 3576">
    <p class='ocr_par' dir='ltr' id='par_1_94' title="bbox 2481 3502 4047 3576">
     <span class='ocr_line' id='line_1_94' title="bbox 2481 3502 4047 3576; baseline -0.004 -14"><span class='ocrx_word' id='word_1_687' title='bbox 2481 3515 2628 3576; x_wconf 87' lang='lat' dir='ltr'><strong>gesta</strong></span> <span class='ocrx_word' id='word_1_688' title='bbox 2641 3514 2783 3561; x_wconf 90' lang='lat' dir='ltr'><strong>sunt.</strong></span> <span class='ocrx_word' id='word_1_689' title='bbox 2811 3506 2879 3560; x_wconf 87' lang='lat' dir='ltr'><strong>At</strong></span> <span class='ocrx_word' id='word_1_690' title='bbox 2896 3505 3064 3559; x_wconf 87' lang='lat' dir='ltr'><strong>deliro</strong></span> <span class='ocrx_word' id='word_1_691' title='bbox 3085 3505 3197 3559; x_wconf 89' lang='lat' dir='ltr'><strong>seni</strong></span> <span class='ocrx_word' id='word_1_692' title='bbox 3211 3520 3316 3559; x_wconf 91' lang='lat' dir='ltr'><strong>non</strong></span> <span class='ocrx_word' id='word_1_693' title='bbox 3337 3519 3429 3558; x_wconf 89' lang='lat' dir='ltr'><strong>sua</strong></span> <span class='ocrx_word' id='word_1_694' title='bbox 3450 3503 3692 3567; x_wconf 88' lang='lat' dir='ltr'><strong>fortasse,</strong></span> <span class='ocrx_word' id='word_1_695' title='bbox 3712 3503 3805 3558; x_wconf 89' lang='lat' dir='ltr'><strong>sed</strong></span> <span class='ocrx_word' id='word_1_696' title='bbox 3825 3502 4047 3556; x_wconf 80' lang='lat' dir='ltr'><strong>aliorum</strong></span> 
     </span>
    </p>
   </div>
   <div class='ocr_carea' id='block_1_95' title="bbox 2482 3592 4045 3662">
    <p class='ocr_par' dir='ltr' id='par_1_95' title="bbox 2482 3592 4045 3662">
     <span class='ocr_line' id='line_1_95' title="bbox 2482 3592 4045 3662; baseline -0.004 -11"><span class='ocrx_word' id='word_1_697' title='bbox 2482 3597 2750 3662; x_wconf 88' lang='lat' dir='ltr'><strong>facinora,</strong></span> <span class='ocrx_word' id='word_1_698' title='bbox 2798 3597 2932 3650; x_wconf 91' lang='lat' dir='ltr'><strong>hanc</strong></span> <span class='ocrx_word' id='word_1_699' title='bbox 2958 3605 3135 3650; x_wconf 89' lang='lat' dir='ltr'><strong>notam</strong></span> <span class='ocrx_word' id='word_1_700' title='bbox 3166 3596 3431 3649; x_wconf 82' lang='lat' dir='ltr'><strong>invexere.</strong></span> <span class='ocrx_word' id='word_1_701' title='bbox 3479 3593 3605 3649; x_wconf 89' lang='lat' dir='ltr'><strong>Utut</strong></span> <span class='ocrx_word' id='word_1_702' title='bbox 3630 3607 3716 3647; x_wconf 91' lang='lat' dir='ltr'><strong>res</strong></span> <span class='ocrx_word' id='word_1_703' title='bbox 3741 3601 3842 3659; x_wconf 88' lang='lat' dir='ltr'><strong>est,</strong></span> <span class='ocrx_word' id='word_1_704' title='bbox 3876 3592 4045 3647; x_wconf 64' lang='lat' dir='ltr'><strong>Graeci</strong></span> 
     </span>
    </p>
   </div>
   <div class='ocr_carea' id='block_1_96' title="bbox 2482 3683 4043 3751">
    <p class='ocr_par' dir='ltr' id='par_1_96' title="bbox 2482 3683 4043 3751">
     <span class='ocr_line' id='line_1_96' title="bbox 2482 3683 4043 3751; baseline -0.006 -8"><span class='ocrx_word' id='word_1_705' title='bbox 2482 3689 2628 3743; x_wconf 92' lang='lat' dir='ltr'><strong>illum</strong></span> <span class='ocrx_word' id='word_1_706' title='bbox 2662 3690 2715 3743; x_wconf 90' lang='lat' dir='ltr'><strong>in</strong></span> <span class='ocrx_word' id='word_1_707' title='bbox 2751 3688 2965 3743; x_wconf 66' lang='lat' dir='ltr'><strong>liena-is</strong></span> <span class='ocrx_word' id='word_1_708' title='bbox 2989 3688 3097 3742; x_wconf 92' lang='lat' dir='ltr'><strong>suis</strong></span> <span class='ocrx_word' id='word_1_709' title='bbox 3122 3696 3421 3741; x_wconf 89' lang='lat' dir='ltr'><strong>sanctorum</strong></span> <span class='ocrx_word' id='word_1_710' title='bbox 3451 3698 3671 3739; x_wconf 91' lang='lat' dir='ltr'><strong>numero</strong></span> <span class='ocrx_word' id='word_1_711' title='bbox 3693 3683 4043 3751; x_wconf 70' lang='lat' dir='ltr'><strong>adscr-ipsete.</strong></span> 
     </span>
    </p>
   </div>
   <div class='ocr_carea' id='block_1_97' title="bbox 2481 3772 4045 3847">
    <p class='ocr_par' dir='ltr' id='par_1_97' title="bbox 2481 3772 4045 3847">
     <span class='ocr_line' id='line_1_97' title="bbox 2481 3772 4045 3847; baseline -0.004 -14"><span class='ocrx_word' id='word_1_712' title='bbox 2481 3778 2665 3834; x_wconf 74' lang='lat' dir='ltr'><strong>Tanta:</strong></span> <span class='ocrx_word' id='word_1_713' title='bbox 2691 3779 2833 3833; x_wconf 91' lang='lat' dir='ltr'><strong>sedis</strong></span> <span class='ocrx_word' id='word_1_714' title='bbox 2859 3793 2922 3832; x_wconf 91' lang='lat' dir='ltr'><strong>ac</strong></span> <span class='ocrx_word' id='word_1_715' title='bbox 2960 3776 3231 3847; x_wconf 82' lang='lat' dir='ltr'><strong>dignitatis</strong></span> <span class='ocrx_word' id='word_1_716' title='bbox 3274 3776 3594 3845; x_wconf 70' lang='lat' dir='ltr'><strong>occupanda:</strong></span> <span class='ocrx_word' id='word_1_717' title='bbox 3622 3773 3868 3843; x_wconf 91' lang='lat' dir='ltr'><strong>cupidine</strong></span> <span class='ocrx_word' id='word_1_718' title='bbox 3903 3772 4045 3827; x_wconf 90' lang='lat' dir='ltr'><strong>ducti</strong></span> 
     </span>
    </p>
   </div>
   <div class='ocr_carea' id='block_1_98' title="bbox 2477 3866 4046 3942">
    <p class='ocr_par' dir='ltr' id='par_1_98' title="bbox 2477 3866 4046 3942">
     <span class='ocr_line' id='line_1_98' title="bbox 2477 3866 4046 3942; baseline -0.004 -16"><span class='ocrx_word' id='word_1_719' title='bbox 2477 3871 2708 3942; x_wconf 89' lang='lat' dir='ltr'><strong>plurimi,</strong></span> <span class='ocrx_word' id='word_1_720' title='bbox 2738 3869 3010 3925; x_wconf 89' lang='lat' dir='ltr'><strong>machinas</strong></span> <span class='ocrx_word' id='word_1_721' title='bbox 3034 3884 3220 3924; x_wconf 90' lang='lat' dir='ltr'><strong>omnes</strong></span> <span class='ocrx_word' id='word_1_722' title='bbox 3261 3867 3535 3923; x_wconf 91' lang='lat' dir='ltr'><strong>intendere</strong></span> <span class='ocrx_word' id='word_1_723' title='bbox 3564 3885 3577 3920; x_wconf 94' lang='lat'>:</span> <span class='ocrx_word' id='word_1_724' title='bbox 3608 3866 3924 3936; x_wconf 84' lang='lat' dir='ltr'><strong>demumque</strong></span> <span class='ocrx_word' id='word_1_725' title='bbox 3948 3867 4046 3922; x_wconf 83' lang='lat' dir='ltr'><strong>At-</strong></span> 
     </span>
    </p>
   </div>
   <div class='ocr_carea' id='block_1_99' title="bbox 2478 3956 4045 4034">
    <p class='ocr_par' dir='ltr' id='par_1_99' title="bbox 2478 3956 4045 4034">
     <span class='ocr_line' id='line_1_99' title="bbox 2478 3956 4045 4034; baseline -0.006 -16"><span class='ocrx_word' id='word_1_726' title='bbox 2478 3964 2614 4019; x_wconf 91' lang='lat' dir='ltr'><strong>ticus</strong></span> <span class='ocrx_word' id='word_1_727' title='bbox 2663 3963 2968 4034; x_wconf 85' lang='lat' dir='ltr'><strong>presbyter,</strong></span> <span class='ocrx_word' id='word_1_728' title='bbox 3012 3976 3079 4016; x_wconf 79' lang='lat' dir='ltr'><strong>ex</strong></span> <span class='ocrx_word' id='word_1_729' title='bbox 3127 3958 3481 4015; x_wconf 86' lang='lat' dir='ltr'><strong>ambientibus</strong></span> <span class='ocrx_word' id='word_1_730' title='bbox 3524 3973 3680 4021; x_wconf 92' lang='lat' dir='ltr'><strong>unus,</strong></span> <span class='ocrx_word' id='word_1_731' title='bbox 3731 3956 3821 4026; x_wconf 90' lang='lat' dir='ltr'><strong>qui</strong></span> <span class='ocrx_word' id='word_1_732' title='bbox 3864 3964 4045 4011; x_wconf 91' lang='lat' dir='ltr'><strong>contra</strong></span> 
     </span>
    </p>
   </div>
   <div class='ocr_carea' id='block_1_100' title="bbox 2477 4048 4045 4126">
    <p class='ocr_par' dir='ltr' id='par_1_100' title="bbox 2477 4048 4045 4126">
     <span class='ocr_line' id='line_1_100' title="bbox 2477 4048 4045 4126; baseline -0.007 -15"><span class='ocrx_word' id='word_1_733' title='bbox 2477 4055 2735 4111; x_wconf 81' lang='lat' dir='ltr'><strong>Joannem</strong></span> <span class='ocrx_word' id='word_1_734' title='bbox 2777 4055 3216 4126; x_wconf 83' lang='lat' dir='ltr'><strong>Chrysostomum</strong></span> <span class='ocrx_word' id='word_1_735' title='bbox 3258 4052 3563 4123; x_wconf 91' lang='lat' dir='ltr'><strong>episcopum</strong></span> <span class='ocrx_word' id='word_1_736' title='bbox 3607 4064 3781 4113; x_wconf 91' lang='lat' dir='ltr'><strong>suum,</strong></span> <span class='ocrx_word' id='word_1_737' title='bbox 3831 4063 3951 4103; x_wconf 92' lang='lat' dir='ltr'><strong>eum</strong></span> <span class='ocrx_word' id='word_1_738' title='bbox 3990 4048 4045 4101; x_wconf 90' lang='lat' dir='ltr'><strong>in</strong></span> 
     </span>
    </p>
   </div>
   <div class='ocr_carea' id='block_1_101' title="bbox 2477 4138 4045 4216">
    <p class='ocr_par' dir='ltr' id='par_1_101' title="bbox 2477 4138 4045 4216">
     <span class='ocr_line' id='line_1_101' title="bbox 2477 4138 4045 4216; baseline -0.007 -15"><span class='ocrx_word' id='word_1_739' title='bbox 2477 4147 2721 4201; x_wconf 77' lang='lat' dir='ltr'><strong>exsilium</strong></span> <span class='ocrx_word' id='word_1_740' title='bbox 2762 4146 3064 4216; x_wconf 89' lang='lat' dir='ltr'><strong>pelleretur,</strong></span> <span class='ocrx_word' id='word_1_741' title='bbox 3106 4144 3273 4198; x_wconf 88' lang='lat' dir='ltr'><strong>multa</strong></span> <span class='ocrx_word' id='word_1_742' title='bbox 3303 4150 3559 4207; x_wconf 84' lang='lat' dir='ltr'><strong>moverat,</strong></span> <span class='ocrx_word' id='word_1_743' title='bbox 3587 4141 3787 4195; x_wconf 88' lang='lat' dir='ltr'><strong>electus</strong></span> <span class='ocrx_word' id='word_1_744' title='bbox 3830 4138 4045 4192; x_wconf 86' lang='lat' dir='ltr'><strong>ordina-</strong></span> 
     </span>
    </p>
   </div>
   <div class='ocr_carea' id='block_1_102' title="bbox 2479 4230 4046 4309">
    <p class='ocr_par' dir='ltr' id='par_1_102' title="bbox 2479 4230 4046 4309">
     <span class='ocr_line' id='line_1_102' title="bbox 2479 4230 4046 4309; baseline -0.008 -16"><span class='ocrx_word' id='word_1_745' title='bbox 2479 4246 2667 4309; x_wconf 90' lang='lat' dir='ltr'><strong>tusque</strong></span> <span class='ocrx_word' id='word_1_746' title='bbox 2707 4238 2845 4293; x_wconf 88' lang='lat' dir='ltr'><strong>fuit:</strong></span> <span class='ocrx_word' id='word_1_747' title='bbox 2890 4237 2972 4292; x_wconf 91' lang='lat' dir='ltr'><strong>vir</strong></span> <span class='ocrx_word' id='word_1_748' title='bbox 3023 4235 3333 4299; x_wconf 88' lang='lat' dir='ltr'><strong>industrius,</strong></span> <span class='ocrx_word' id='word_1_749' title='bbox 3377 4232 3717 4287; x_wconf 89' lang='lat' dir='ltr'><strong>mediocriter</strong></span> <span class='ocrx_word' id='word_1_750' title='bbox 3754 4230 3940 4284; x_wconf 91' lang='lat' dir='ltr'><strong>doctus</strong></span> <span class='ocrx_word' id='word_1_751' title='bbox 3990 4236 4046 4282; x_wconf 88' lang='lat' dir='ltr'><strong>et</strong></span> 
     </span>
    </p>
   </div>
   <div class='ocr_carea' id='block_1_103' title="bbox 2479 4325 4045 4402">
    <p class='ocr_par' dir='ltr' id='par_1_103' title="bbox 2479 4325 4045 4402">
     <span class='ocr_line' id='line_1_103' title="bbox 2479 4325 4045 4402; baseline -0.01 -15"><span class='ocrx_word' id='word_1_752' title='bbox 2479 4332 2754 4402; x_wconf 90' lang='lat' dir='ltr'><strong>eloquens,</strong></span> <span class='ocrx_word' id='word_1_753' title='bbox 2786 4344 2910 4400; x_wconf 84' lang='lat' dir='ltr'><strong>erga</strong></span> <span class='ocrx_word' id='word_1_754' title='bbox 2935 4343 3030 4385; x_wconf 89' lang='lat' dir='ltr'><strong>eos</strong></span> <span class='ocrx_word' id='word_1_755' title='bbox 3058 4337 3255 4393; x_wconf 89' lang='lat' dir='ltr'><strong>autem,</strong></span> <span class='ocrx_word' id='word_1_756' title='bbox 3284 4325 3373 4396; x_wconf 91' lang='lat' dir='ltr'><strong>qui</strong></span> <span class='ocrx_word' id='word_1_757' title='bbox 3402 4332 3579 4394; x_wconf 89' lang='lat' dir='ltr'><strong>partes</strong></span> <span class='ocrx_word' id='word_1_758' title='bbox 3603 4336 3724 4376; x_wconf 90' lang='lat' dir='ltr'><strong>suas</strong></span> <span class='ocrx_word' id='word_1_759' title='bbox 3750 4335 3857 4375; x_wconf 91' lang='lat' dir='ltr'><strong>non</strong></span> <span class='ocrx_word' id='word_1_760' title='bbox 3873 4328 4045 4375; x_wconf 91' lang='lat' dir='ltr'><strong>secta-</strong></span> 
     </span>
    </p>
   </div>
   <div class='ocr_carea' id='block_1_104' title="bbox 2476 4419 3274 4487">
    <p class='ocr_par' dir='ltr' id='par_1_104' title="bbox 2476 4419 3274 4487">
     <span class='ocr_line' id='line_1_104' title="bbox 2476 4419 3274 4487; baseline -0.01 -8"><span class='ocrx_word' id='word_1_761' title='bbox 2476 4424 2687 4487; x_wconf 88' lang='lat' dir='ltr'><strong>bantur,</strong></span> <span class='ocrx_word' id='word_1_762' title='bbox 2717 4422 2909 4478; x_wconf 90' lang='lat' dir='ltr'><strong>ardens</strong></span> <span class='ocrx_word' id='word_1_763' title='bbox 2931 4430 2985 4476; x_wconf 91' lang='lat' dir='ltr'><strong>et</strong></span> <span class='ocrx_word' id='word_1_764' title='bbox 3006 4419 3274 4475; x_wconf 92' lang='lat' dir='ltr'><strong>terribilis.</strong></span> 
     </span>
    </p>
   </div>
   <div class='ocr_carea' id='block_1_105' title="bbox 2548 4502 4042 4584">
    <p class='ocr_par' dir='ltr' id='par_1_105' title="bbox 2548 4502 4042 4584">
     <span class='ocr_line' id='line_1_105' title="bbox 2548 4502 4042 4584; baseline -0.009 -16"><span class='ocrx_word' id='word_1_765' title='bbox 2548 4514 2789 4584; x_wconf 77' lang='lat' dir='ltr'><strong>Episcopi</strong></span> <span class='ocrx_word' id='word_1_766' title='bbox 2821 4511 3031 4581; x_wconf 80' lang='lat' dir='ltr'><strong>plurimi</strong></span> <span class='ocrx_word' id='word_1_767' title='bbox 3055 4509 3271 4562; x_wconf 83' lang='lat' dir='ltr'><strong>Romam</strong></span> <span class='ocrx_word' id='word_1_768' title='bbox 3296 4504 3610 4577; x_wconf 83' lang='lat' dir='ltr'><strong>confugiunt.</strong></span> <span class='ocrx_word' id='word_1_769' title='bbox 3634 4532 3707 4545; x_wconf 90' lang='lat'><strong>--</strong></span> <span class='ocrx_word' id='word_1_770' title='bbox 3731 4502 3810 4557; x_wconf 81' lang='lat' dir='ltr'><strong>Ex</strong></span> <span class='ocrx_word' id='word_1_771' title='bbox 3828 4502 4042 4557; x_wconf 84' lang='lat' dir='ltr'><strong>Oriente</strong></span> 
     </span>
    </p>
   </div>
   <div class='ocr_carea' id='block_1_106' title="bbox 2478 4592 4043 4667">
    <p class='ocr_par' dir='ltr' id='par_1_106' title="bbox 2478 4592 4043 4667">
     <span class='ocr_line' id='line_1_106' title="bbox 2478 4592 4043 4667; baseline -0.009 -8"><span class='ocrx_word' id='word_1_772' title='bbox 2478 4605 2703 4659; x_wconf 82' lang='lat' dir='ltr'><strong>Romam</strong></span> <span class='ocrx_word' id='word_1_773' title='bbox 2727 4601 2876 4655; x_wconf 91' lang='lat' dir='ltr'><strong>multi</strong></span> <span class='ocrx_word' id='word_1_774' title='bbox 2901 4600 3224 4654; x_wconf 86' lang='lat' dir='ltr'><strong>advenerant</strong></span> <span class='ocrx_word' id='word_1_775' title='bbox 3243 4594 3476 4667; x_wconf 80' lang='lat' dir='ltr'><strong>(Pallad.</strong></span> <span class='ocrx_word' id='word_1_776' title='bbox 3506 4612 3559 4664; x_wconf 85' lang='lat' dir='ltr'><strong>p.</strong></span> <span class='ocrx_word' id='word_1_777' title='bbox 3585 4592 3675 4659; x_wconf 77' lang='lat'><strong>26,</strong></span> <span class='ocrx_word' id='word_1_778' title='bbox 3704 4593 3821 4664; x_wconf 74' lang='lat'><strong>27),</strong></span> <span class='ocrx_word' id='word_1_779' title='bbox 3850 4600 3958 4646; x_wconf 90' lang='lat' dir='ltr'><strong>tum</strong></span> <span class='ocrx_word' id='word_1_780' title='bbox 3984 4601 4043 4645; x_wconf 91' lang='lat' dir='ltr'><strong>ut</strong></span> 
     </span>
    </p>
   </div>
   <div class='ocr_carea' id='block_1_107' title="bbox 2476 4684 4039 4764">
    <p class='ocr_par' dir='ltr' id='par_1_107' title="bbox 2476 4684 4039 4764">
     <span class='ocr_line' id='line_1_107' title="bbox 2476 4684 4039 4764; baseline -0.008 -16"><span class='ocrx_word' id='word_1_781' title='bbox 2476 4694 2595 4764; x_wconf 89' lang='lat' dir='ltr'><strong>fuga</strong></span> <span class='ocrx_word' id='word_1_782' title='bbox 2628 4691 2895 4748; x_wconf 87' lang='lat' dir='ltr'><strong>securitati</strong></span> <span class='ocrx_word' id='word_1_783' title='bbox 2924 4704 3035 4745; x_wconf 70' lang='lat' dir='ltr'><strong>suae</strong></span> <span class='ocrx_word' id='word_1_784' title='bbox 3058 4688 3424 4753; x_wconf 91' lang='lat' dir='ltr'><strong>consulerent,</strong></span> <span class='ocrx_word' id='word_1_785' title='bbox 3452 4694 3564 4740; x_wconf 91' lang='lat' dir='ltr'><strong>tum</strong></span> <span class='ocrx_word' id='word_1_786' title='bbox 3589 4694 3647 4740; x_wconf 92' lang='lat' dir='ltr'><strong>ut</strong></span> <span class='ocrx_word' id='word_1_787' title='bbox 3675 4684 4039 4739; x_wconf 87' lang='lat' dir='ltr'><strong>Innocentium</strong></span> 
     </span>
    </p>
   </div>
   <div class='ocr_carea' id='block_1_108' title="bbox 2475 4774 4039 4854">
    <p class='ocr_par' dir='ltr' id='par_1_108' title="bbox 2475 4774 4039 4854">
     <span class='ocr_line' id='line_1_108' title="bbox 2475 4774 4039 4854; baseline -0.01 -14"><span class='ocrx_word' id='word_1_788' title='bbox 2475 4785 2672 4854; x_wconf 87' lang='lat' dir='ltr'><strong>Papam</strong></span> <span class='ocrx_word' id='word_1_789' title='bbox 2700 4783 2767 4838; x_wconf 88' lang='lat' dir='ltr'><strong>de</strong></span> <span class='ocrx_word' id='word_1_790' title='bbox 2795 4780 3183 4838; x_wconf 87' lang='lat' dir='ltr'><strong>calamitatibus</strong></span> <span class='ocrx_word' id='word_1_791' title='bbox 3201 4821 3215 4845; x_wconf 90' lang='lat'><strong>,</strong></span> <span class='ocrx_word' id='word_1_792' title='bbox 3245 4794 3363 4849; x_wconf 76' lang='lat' dir='ltr'><strong>qua:</strong></span> <span class='ocrx_word' id='word_1_793' title='bbox 3385 4776 3709 4833; x_wconf 87' lang='lat' dir='ltr'><strong>Orientalem</strong></span> <span class='ocrx_word' id='word_1_794' title='bbox 3748 4774 4039 4830; x_wconf 73' lang='lat' dir='ltr'><strong>Ecclesium</strong></span> 
     </span>
    </p>
   </div>
   <div class='ocr_carea' id='block_1_109' title="bbox 2475 4863 4041 4941">
    <p class='ocr_par' dir='ltr' id='par_1_109' title="bbox 2475 4863 4041 4941">
     <span class='ocr_line' id='line_1_109' title="bbox 2475 4863 4041 4941; baseline -0.01 -11"><span class='ocrx_word' id='word_1_795' title='bbox 2475 4874 2816 4941; x_wconf 80' lang='lat' dir='ltr'><strong>divexabant,</strong></span> <span class='ocrx_word' id='word_1_796' title='bbox 2861 4873 3223 4937; x_wconf 87' lang='lat' dir='ltr'><strong>informarent,</strong></span> <span class='ocrx_word' id='word_1_797' title='bbox 3261 4878 3419 4938; x_wconf 87' lang='lat' dir='ltr'><strong>atque</strong></span> <span class='ocrx_word' id='word_1_798' title='bbox 3442 4884 3565 4924; x_wconf 90' lang='lat' dir='ltr'><strong>eum</strong></span> <span class='ocrx_word' id='word_1_799' title='bbox 3592 4878 3651 4922; x_wconf 92' lang='lat' dir='ltr'><strong>ut</strong></span> <span class='ocrx_word' id='word_1_800' title='bbox 3691 4864 3921 4922; x_wconf 81' lang='lat' dir='ltr'><strong>remedia</strong></span> <span class='ocrx_word' id='word_1_801' title='bbox 3947 4863 4041 4916; x_wconf 85' lang='lat' dir='ltr'><strong>ad-</strong></span> 
     </span>
    </p>
   </div>
   <div class='ocr_carea' id='block_1_110' title="bbox 2476 4955 4036 5036">
    <p class='ocr_par' dir='ltr' id='par_1_110' title="bbox 2476 4955 4036 5036">
     <span class='ocr_line' id='line_1_110' title="bbox 2476 4955 4036 5036; baseline -0.013 -13"><span class='ocrx_word' id='word_1_802' title='bbox 2476 4969 2680 5023; x_wconf 91' lang='lat' dir='ltr'><strong>hiberet</strong></span> <span class='ocrx_word' id='word_1_803' title='bbox 2700 4966 3028 5021; x_wconf 88' lang='lat' dir='ltr'><strong>indueerent.</strong></span> <span class='ocrx_word' id='word_1_804' title='bbox 3057 4962 3330 5036; x_wconf 88' lang='lat' dir='ltr'><strong>Cyriacus,</strong></span> <span class='ocrx_word' id='word_1_805' title='bbox 3348 4958 3714 5032; x_wconf 87' lang='lat' dir='ltr'><strong>Synnadorum</strong></span> <span class='ocrx_word' id='word_1_806' title='bbox 3739 4955 4036 5023; x_wconf 87' lang='lat' dir='ltr'><strong>episcopus,</strong></span> 
     </span>
    </p>
   </div>
   <div class='ocr_carea' id='block_1_111' title="bbox 2474 5044 4038 5129">
    <p class='ocr_par' dir='ltr' id='par_1_111' title="bbox 2474 5044 4038 5129">
     <span class='ocr_line' id='line_1_111' title="bbox 2474 5044 4038 5129; baseline -0.012 -12"><span class='ocrx_word' id='word_1_807' title='bbox 2474 5062 2631 5116; x_wconf 90' lang='lat' dir='ltr'><strong>nullis</strong></span> <span class='ocrx_word' id='word_1_808' title='bbox 2650 5062 2937 5116; x_wconf 90' lang='lat' dir='ltr'><strong>instructus</strong></span> <span class='ocrx_word' id='word_1_809' title='bbox 2962 5057 3220 5129; x_wconf 92' lang='lat' dir='ltr'><strong>epistolis,</strong></span> <span class='ocrx_word' id='word_1_810' title='bbox 3243 5056 3339 5111; x_wconf 90' lang='lat' dir='ltr'><strong>sed</strong></span> <span class='ocrx_word' id='word_1_811' title='bbox 3364 5055 3564 5109; x_wconf 88' lang='lat' dir='ltr'><strong>adeam</strong></span> <span class='ocrx_word' id='word_1_812' title='bbox 3581 5063 3693 5105; x_wconf 91' lang='lat' dir='ltr'><strong>rem</strong></span> <span class='ocrx_word' id='word_1_813' title='bbox 3715 5044 4038 5101; x_wconf 89' lang='lat' dir='ltr'><strong>tractandam</strong></span> 
     </span>
    </p>
   </div>
   <div class='ocr_carea' id='block_1_112' title="bbox 2473 5134 4036 5219">
    <p class='ocr_par' dir='ltr' id='par_1_112' title="bbox 2473 5134 4036 5219">
     <span class='ocr_line' id='line_1_112' title="bbox 2473 5134 4036 5219; baseline -0.013 -11"><span class='ocrx_word' id='word_1_814' title='bbox 2473 5153 2715 5217; x_wconf 91' lang='lat' dir='ltr'><strong>idoneus,</strong></span> <span class='ocrx_word' id='word_1_815' title='bbox 2746 5151 2975 5207; x_wconf 89' lang='lat' dir='ltr'><strong>edictum</strong></span> <span class='ocrx_word' id='word_1_816' title='bbox 3022 5148 3301 5219; x_wconf 90' lang='lat' dir='ltr'><strong>lmperiale</strong></span> <span class='ocrx_word' id='word_1_817' title='bbox 3335 5141 3667 5205; x_wconf 89' lang='lat' dir='ltr'><strong>ostendebat,</strong></span> <span class='ocrx_word' id='word_1_818' title='bbox 3709 5151 3813 5207; x_wconf 90' lang='lat' dir='ltr'><strong>quo</strong></span> <span class='ocrx_word' id='word_1_819' title='bbox 3856 5134 4036 5189; x_wconf 86' lang='lat' dir='ltr'><strong>edice-</strong></span> 
     </span>
    </p>
   </div>
   <div class='ocr_carea' id='block_1_113' title="bbox 2473 5228 4031 5314">
    <p class='ocr_par' dir='ltr' id='par_1_113' title="bbox 2473 5228 4031 5314">
     <span class='ocr_line' id='line_1_113' title="bbox 2473 5228 4031 5314; baseline -0.013 -13"><span class='ocrx_word' id='word_1_820' title='bbox 2473 5246 2646 5313; x_wconf 89' lang='lat' dir='ltr'><strong>batur,</strong></span> <span class='ocrx_word' id='word_1_821' title='bbox 2676 5255 2735 5300; x_wconf 88' lang='lat' dir='ltr'><strong>ut</strong></span> <span class='ocrx_word' id='word_1_822' title='bbox 2773 5243 3011 5314; x_wconf 88' lang='lat' dir='ltr'><strong>quisquis</strong></span> <span class='ocrx_word' id='word_1_823' title='bbox 3048 5258 3168 5297; x_wconf 91' lang='lat' dir='ltr'><strong>cum</strong></span> <span class='ocrx_word' id='word_1_824' title='bbox 3209 5237 3504 5307; x_wconf 80' lang='lat' dir='ltr'><strong>Theophila</strong></span> <span class='ocrx_word' id='word_1_825' title='bbox 3524 5276 3540 5300; x_wconf 95' lang='lat'><strong>,</strong></span> <span class='ocrx_word' id='word_1_826' title='bbox 3571 5231 3789 5287; x_wconf 81' lang='lat' dir='ltr'><strong>Arsacio</strong></span> <span class='ocrx_word' id='word_1_827' title='bbox 3821 5238 3875 5283; x_wconf 93' lang='lat' dir='ltr'><strong>et</strong></span> <span class='ocrx_word' id='word_1_828' title='bbox 3902 5228 4031 5282; x_wconf 83' lang='lat' dir='ltr'><strong>Por-</strong></span> 
     </span>
    </p>
   </div>
   <div class='ocr_carea' id='block_1_114' title="bbox 2472 5326 4031 5423">
    <p class='ocr_par' dir='ltr' id='par_1_114' title="bbox 2472 5326 4031 5423">
     <span class='ocr_line' id='line_1_114' title="bbox 2472 5326 4031 5423; baseline -0.013 -31"><span class='ocrx_word' id='word_1_829' title='bbox 2472 5338 2660 5408; x_wconf 89' lang='lat' dir='ltr'><strong>phyrio</strong></span> <span class='ocrx_word' id='word_1_830' title='bbox 2696 5349 2803 5390; x_wconf 93' lang='lat' dir='ltr'><strong>non</strong></span> <span class='ocrx_word' id='word_1_831' title='bbox 2834 5333 3272 5396; x_wconf 88' lang='lat' dir='ltr'><strong>communicaret,</strong></span> <span class='ocrx_word' id='word_1_832' title='bbox 3304 5329 3371 5383; x_wconf 91' lang='lat' dir='ltr'><strong>ab</strong></span> <span class='ocrx_word' id='word_1_833' title='bbox 3400 5326 3704 5423; x_wconf 77' lang='lat' dir='ltr'><strong>episcopatu</strong></span> <span class='ocrx_word' id='word_1_834' title='bbox 3732 5330 4031 5423; x_wconf 79' lang='lat' dir='ltr'><strong>arceretur,</strong></span> 
     </span>
    </p>
   </div>
   <div class='ocr_carea' id='block_1_115' title="bbox 2472 5414 4033 5498">
    <p class='ocr_par' dir='ltr' id='par_1_115' title="bbox 2472 5414 4033 5498">
     <span class='ocr_line' id='line_1_115' title="bbox 2472 5414 4033 5498; baseline -0.011 -14"><span class='ocrx_word' id='word_1_835' title='bbox 2472 5439 2524 5484; x_wconf 93' lang='lat' dir='ltr'><strong>et</strong></span> <span class='ocrx_word' id='word_1_836' title='bbox 2548 5426 2800 5498; x_wconf 89' lang='lat' dir='ltr'><strong>quidquid</strong></span> <span class='ocrx_word' id='word_1_837' title='bbox 2843 5441 2999 5494; x_wconf 89' lang='lat' dir='ltr'><strong>opum</strong></span> <span class='ocrx_word' id='word_1_838' title='bbox 3026 5425 3111 5480; x_wconf 91' lang='lat' dir='ltr'><strong>vel</strong></span> <span class='ocrx_word' id='word_1_839' title='bbox 3148 5421 3455 5478; x_wconf 87' lang='lat' dir='ltr'><strong>facultatum</strong></span> <span class='ocrx_word' id='word_1_840' title='bbox 3492 5414 3712 5469; x_wconf 82' lang='lat' dir='ltr'><strong>haberet</strong></span> <span class='ocrx_word' id='word_1_841' title='bbox 3750 5414 4033 5467; x_wconf 86' lang='lat' dir='ltr'><strong>amitteret.</strong></span> 
     </span>
    </p>
   </div>
   <div class='ocr_carea' id='block_1_116' title="bbox 2473 5504 4032 5587">
    <p class='ocr_par' dir='ltr' id='par_1_116' title="bbox 2473 5504 4032 5587">
     <span class='ocr_line' id='line_1_116' title="bbox 2473 5504 4032 5587; baseline -0.01 -15"><span class='ocrx_word' id='word_1_842' title='bbox 2473 5519 2599 5573; x_wconf 83' lang='lat' dir='ltr'><strong>Post</strong></span> <span class='ocrx_word' id='word_1_843' title='bbox 2633 5533 2753 5571; x_wconf 91' lang='lat' dir='ltr'><strong>eum</strong></span> <span class='ocrx_word' id='word_1_844' title='bbox 2782 5517 3044 5587; x_wconf 86' lang='lat' dir='ltr'><strong>Eulysius,</strong></span> <span class='ocrx_word' id='word_1_845' title='bbox 3080 5517 3328 5584; x_wconf 76' lang='lat' dir='ltr'><strong>Apamea:</strong></span> <span class='ocrx_word' id='word_1_846' title='bbox 3374 5510 3425 5561; x_wconf 93' lang='lat' dir='ltr'><strong>in</strong></span> <span class='ocrx_word' id='word_1_847' title='bbox 3453 5504 3693 5574; x_wconf 89' lang='lat' dir='ltr'><strong>Bithynia</strong></span> <span class='ocrx_word' id='word_1_848' title='bbox 3732 5504 4032 5574; x_wconf 87' lang='lat' dir='ltr'><strong>episcopus,</strong></span> 
     </span>
    </p>
   </div>
   <div class='ocr_carea' id='block_1_117' title="bbox 2472 5595 4035 5677">
    <p class='ocr_par' dir='ltr' id='par_1_117' title="bbox 2472 5595 4035 5677">
     <span class='ocr_line' id='line_1_117' title="bbox 2472 5595 4035 5677; baseline -0.008 -14"><span class='ocrx_word' id='word_1_849' title='bbox 2472 5609 2616 5664; x_wconf 90' lang='lat' dir='ltr'><strong>venit</strong></span> <span class='ocrx_word' id='word_1_850' title='bbox 2642 5625 2658 5662; x_wconf 91' lang='lat'><strong>:</strong></span> <span class='ocrx_word' id='word_1_851' title='bbox 2682 5608 2768 5677; x_wconf 88' lang='lat' dir='ltr'><strong>qui</strong></span> <span class='ocrx_word' id='word_1_852' title='bbox 2798 5607 2977 5662; x_wconf 89' lang='lat' dir='ltr'><strong>literas</strong></span> <span class='ocrx_word' id='word_1_853' title='bbox 3004 5604 3259 5661; x_wconf 81' lang='lat' dir='ltr'><strong>aﬂ‘erebat</strong></span> <span class='ocrx_word' id='word_1_854' title='bbox 3282 5596 3582 5669; x_wconf 90' lang='lat' dir='ltr'><strong>quindecim</strong></span> <span class='ocrx_word' id='word_1_855' title='bbox 3608 5595 3973 5667; x_wconf 88' lang='lat' dir='ltr'><strong>episcoporum</strong></span> <span class='ocrx_word' id='word_1_856' title='bbox 4004 5613 4035 5651; x_wconf 89' lang='lat' dir='ltr'><strong>e</strong></span> 
     </span>
    </p>
   </div>
   <div class='ocr_carea' id='block_1_118' title="bbox 2474 5687 4034 5771">
    <p class='ocr_par' dir='ltr' id='par_1_118' title="bbox 2474 5687 4034 5771">
     <span class='ocr_line' id='line_1_118' title="bbox 2474 5687 4034 5771; baseline -0.006 -17"><span class='ocrx_word' id='word_1_857' title='bbox 2474 5699 2685 5771; x_wconf 86' lang='lat' dir='ltr'><strong>Synodo</strong></span> <span class='ocrx_word' id='word_1_858' title='bbox 2704 5700 2944 5765; x_wconf 90' lang='lat' dir='ltr'><strong>Joannis,</strong></span> <span class='ocrx_word' id='word_1_859' title='bbox 2963 5708 3018 5753; x_wconf 90' lang='lat' dir='ltr'><strong>et</strong></span> <span class='ocrx_word' id='word_1_860' title='bbox 3033 5694 3217 5767; x_wconf 83' lang='lat' dir='ltr'><strong>Optimi</strong></span> <span class='ocrx_word' id='word_1_861' title='bbox 3244 5689 3388 5746; x_wconf 89' lang='lat' dir='ltr'><strong>senis</strong></span> <span class='ocrx_word' id='word_1_862' title='bbox 3410 5687 3610 5759; x_wconf 85' lang='lat' dir='ltr'><strong>Anysii,</strong></span> <span class='ocrx_word' id='word_1_863' title='bbox 3631 5687 4034 5744; x_wconf 84' lang='lat' dir='ltr'><strong>Thessalonices</strong></span> 
     </span>
    </p>
   </div>
   <div class='ocr_carea' id='block_1_119' title="bbox 2474 5780 4032 5861">
    <p class='ocr_par' dir='ltr' id='par_1_119' title="bbox 2474 5780 4032 5861">
     <span class='ocr_line' id='line_1_119' title="bbox 2474 5780 4032 5861; baseline -0.01 -14"><span class='ocrx_word' id='word_1_864' title='bbox 2474 5792 2726 5861; x_wconf 86' lang='lat' dir='ltr'><strong>episcopi,</strong></span> <span class='ocrx_word' id='word_1_865' title='bbox 2755 5800 2811 5845; x_wconf 87' lang='lat' dir='ltr'><strong>et</strong></span> <span class='ocrx_word' id='word_1_866' title='bbox 2834 5797 3150 5860; x_wconf 68' lang='lat' dir='ltr'><strong>praesentem</strong></span> <span class='ocrx_word' id='word_1_867' title='bbox 3187 5792 3242 5838; x_wconf 93' lang='lat' dir='ltr'><strong>et</strong></span> <span class='ocrx_word' id='word_1_868' title='bbox 3281 5780 3510 5849; x_wconf 89' lang='lat' dir='ltr'><strong>priorem</strong></span> <span class='ocrx_word' id='word_1_869' title='bbox 3547 5780 3707 5836; x_wconf 90' lang='lat' dir='ltr'><strong>totius</strong></span> <span class='ocrx_word' id='word_1_870' title='bbox 3730 5780 4032 5836; x_wconf 87' lang='lat' dir='ltr'><strong>Constanti-</strong></span> 
     </span>
    </p>
   </div>
   <div class='ocr_carea' id='block_1_120' title="bbox 2476 5872 4030 5953">
    <p class='ocr_par' dir='ltr' id='par_1_120' title="bbox 2476 5872 4030 5953">
     <span class='ocr_line' id='line_1_120' title="bbox 2476 5872 4030 5953; baseline -0.01 -15"><span class='ocrx_word' id='word_1_871' title='bbox 2476 5884 2683 5953; x_wconf 89' lang='lat' dir='ltr'><strong>nopolis</strong></span> <span class='ocrx_word' id='word_1_872' title='bbox 2709 5882 3060 5950; x_wconf 89' lang='lat' dir='ltr'><strong>direptionem</strong></span> <span class='ocrx_word' id='word_1_873' title='bbox 3088 5874 3447 5930; x_wconf 84' lang='lat' dir='ltr'><strong>testificantes.</strong></span> <span class='ocrx_word' id='word_1_874' title='bbox 3479 5873 3705 5943; x_wconf 82' lang='lat' dir='ltr'><strong>Anysius</strong></span> <span class='ocrx_word' id='word_1_875' title='bbox 3732 5888 3861 5928; x_wconf 86' lang='lat' dir='ltr'><strong>vero</strong></span> <span class='ocrx_word' id='word_1_876' title='bbox 3882 5872 4030 5927; x_wconf 79' lang='lat' dir='ltr'><strong>dice-</strong></span> 
     </span>
    </p>
   </div>
   <div class='ocr_carea' id='block_1_121' title="bbox 2476 5964 3798 6044">
    <p class='ocr_par' dir='ltr' id='par_1_121' title="bbox 2476 5964 3798 6044">
     <span class='ocr_line' id='line_1_121' title="bbox 2476 5964 3798 6044; baseline -0.009 -14"><span class='ocrx_word' id='word_1_877' title='bbox 2476 5975 2565 6030; x_wconf 88' lang='lat' dir='ltr'><strong>hat</strong></span> <span class='ocrx_word' id='word_1_878' title='bbox 2584 5989 2642 6030; x_wconf 91' lang='lat' dir='ltr'><strong>se</strong></span> <span class='ocrx_word' id='word_1_879' title='bbox 2660 5972 2857 6044; x_wconf 85' lang='lat' dir='ltr'><strong>judicio</strong></span> <span class='ocrx_word' id='word_1_880' title='bbox 2885 5969 3141 6025; x_wconf 71' lang='lat' dir='ltr'><strong>Romana:</strong></span> <span class='ocrx_word' id='word_1_881' title='bbox 3172 5964 3422 6022; x_wconf 63' lang='lat' dir='ltr'><strong>Ecclesia</strong></span> <span class='ocrx_word' id='word_1_882' title='bbox 3443 5967 3798 6035; x_wconf 90' lang='lat' dir='ltr'><strong>acquiescere.</strong></span> 
     </span>
    </p>
   </div>
  </div>
