4506 6712
459 551 566 608 illi)

529 666 722 738 Elapso
772 684 957 724 mense
1007 666 1232 722 accessit
1283 661 1580 726 Palladius,
1639 662 2030 731 HelenOpoleos

459 772 744 829 episcopus
764 800 778 823 ,
808 775 866 813 se
910 760 1139 812 furorem
1168 755 1508 821 magistratus
1534 752 1832 807 declinandi
1870 763 2029 804 causa

457 849 657 918 fugisse
685 863 928 911 narrans,
951 854 1005 899 et
1026 860 1143 913 qua:
1167 851 1291 897 tunc
1314 843 1428 896 dira
1455 845 1838 898 exercebantur
1862 841 2029 908 signi-

457 941 641 997 ficans.
665 944 793 997 Post
822 938 1112 994 Palladium
1145 937 1289 990 venit
1321 936 1620 992 Germanus
1649 937 1954 1006 presbyter,
1976 942 2030 986 et

457 1046 578 1086 cum
612 1033 698 1086 illo
722 1030 1007 1085 Cassianus
1031 1027 1316 1092 diaconus,
1347 1027 1396 1080 in
1437 1039 1547 1082 toto
1572 1029 1700 1082 orbe
1729 1022 2028 1078 Christiano

457 1123 836 1178 celeberrimus
867 1135 878 1169 :
904 1117 994 1188 qui
1015 1118 1193 1172 literas
1215 1117 1501 1173 alferebant
1526 1118 1690 1171 totius
1707 1113 1843 1166 Cleri
1868 1111 2028 1165 Joan-

459 1215 544 1268 nis
575 1209 960 1278 Chrysostomi,
1009 1209 1348 1264 testificantes
1391 1210 1696 1278 episcopum
1741 1217 1892 1255 suum
1945 1211 2025 1274 ty-

459 1301 674 1355 rannice
705 1299 754 1350 in
792 1298 1036 1351 exsilium
1074 1309 1246 1352 actum
1280 1314 1398 1354 esse
1425 1313 1518 1368 per
1539 1292 1822 1347 factionem
1850 1291 2027 1346 Acacii

459 1389 1086 1460 Berteensisﬂheophili
1140 1389 1512 1451 Alexandrini,
1564 1383 1805 1437 Antiochi
1855 1382 2028 1436 Ptole-

459 1481 681 1545 maidos,
711 1490 764 1534 et
784 1481 1052 1536 Severiani
1078 1481 1418 1537 Gabalorum.
1448 1474 1528 1529 Ad
1560 1473 1674 1527 hmc
1702 1473 2025 1528 breviculum

458 1571 825 1637 ostenderunt,
848 1587 951 1642 quo
978 1573 1204 1642 pretiosa
1232 1585 1352 1622 vasa
1381 1564 1705 1620 tradiderant
1729 1579 1908 1619 coram
1935 1564 2026 1631 ju-

456 1660 684 1726 dicibus,
707 1661 892 1716 Studio
922 1660 1180 1716 Pratfccto
1220 1657 1389 1722 urbis,
1422 1653 1747 1724 Eutychiano
1770 1652 2026 1708 Praefecto

457 1751 733 1817 Prmtorii,
780 1752 985 1807 Joanne
1038 1749 1240 1804 Comite
1290 1746 1697 1810 thesaurorum,
1752 1741 2026 1798 Eustathio

455 1843 732 1911 Quaastore
761 1854 814 1898 et
839 1840 1156 1904 Tabulariis,
1185 1837 1240 1890 in
1265 1850 1415 1900 auro,
1450 1845 1665 1904 argento
1685 1844 1740 1890 et
1766 1834 2021 1898 vestibus,

455 1935 772 1988 calumniam
797 1932 988 1987 Joanni
1025 1929 1278 1998 episcopo
1311 1924 1585 1980 confictam
1631 1925 2020 1996 propulsantes.

455 2027 569 2090 Qua
595 2026 664 2079 de
698 2039 753 2078 re
781 2034 956 2077 actum
982 2028 1083 2084 est,
1110 2032 1228 2072 cum
1258 2015 1326 2072 de
1353 2017 1658 2086 expulsione
1676 2013 2017 2086 Chryostomi

453 2117 618 2170 verba
645 2116 883 2170 fecimus.

525 2209 651 2262 Post
679 2207 798 2260 illos
827 2203 1006 2268 rediit,
1041 2202 1129 2270 qui
1150 2200 1259 2271 jam
1298 2211 1418 2256 ante
1455 2209 1669 2254 venerat
1703 2197 2019 2264 Demetrius,

454 2295 784 2351 I’essinuntis
828 2293 1140 2361 episcopus,
1185 2290 1275 2360 qui
1329 2289 1598 2345 Orientem
1649 2295 2020 2358 percurrerat,

457 2386 752 2456 praedicans
787 2383 1150 2437 Romanorum
1189 2381 1614 2436 communionem
1657 2392 1776 2431 cum
1820 2377 2024 2429 Joanne

452 2478 722 2546 episcopo,
753 2474 979 2528 ostensis
996 2473 1284 2527 Innocentii
1302 2471 1456 2539 Papae
1477 2469 1677 2532 literis;
1702 2477 1824 2521 tunc
1846 2475 2025 2519 autem

451 2567 678 2620 atl‘erens
709 2565 886 2620 literas
909 2563 1272 2634 episcoporum
1298 2560 1489 2625 Cariae,
1521 2559 1609 2627 qui
1634 2557 1852 2611 Joannis
1876 2570 2025 2610 com-

453 2659 763 2712 munionem
799 2656 1281 2726 amplectebantur,
1313 2653 1549 2720 aliasque
1593 2648 2022 2719 presbyterorum

453 2751 782 2817 Antiochiae,
823 2751 914 2820 qui
944 2749 1232 2803 Romanam
1275 2745 1606 2813 disciplinam
1649 2743 2021 2813 sequebantur,

453 2841 906 2911 dcplorabantque
956 2838 1234 2910 Porphyrii
1283 2835 1666 2891 ordinationem
1713 2842 1894 2889 contra
1934 2833 2023 2902 jus

453 2931 638 3001 fasque
662 2930 880 2985 inducti.

523 3025 652 3080 Post
674 3024 790 3078 illos
817 3035 1004 3079 omnes
1023 3021 1170 3077 venit
1195 3019 1525 3074 Domitianus
1547 3017 1841 3089 presbyter,
1875 3031 2023 3071 oeco~

454 3130 645 3169 nomus
691 3115 942 3169 Ecclesia:
991 3111 1621 3182 Constantinopolitanae,
1676 3118 1732 3164 et
1780 3109 2023 3179 Vallagas

452 3205 686 3275 quidam,
718 3204 992 3274 presbyter
1016 3203 1317 3267 Nisibenus,
1337 3216 1556 3255 narrans
1582 3199 2020 3253 monasteriorum

451 3295 840 3366 MeSOpotamia:
868 3292 1226 3348 afflictionem.
1259 3293 1320 3346 Ili
1349 3292 1504 3346 etiam
1541 3290 1873 3359 protulerunt
1897 3296 2018 3343 acta

452 3387 629 3457 Optati
655 3384 927 3448 Przefecti,
959 3385 1010 3437 in
1036 3384 1183 3454 queis
1203 3382 1471 3437 ferebatur
1498 3381 1748 3435 honestas
1775 3379 2024 3434 mulieres

451 3492 520 3531 ex
543 3490 740 3545 genere
766 3474 1045 3529 consulum
1083 3471 1408 3527 diaconissas
1438 3470 1690 3524 Ecclesiae
1715 3467 2023 3524 Constanti-

452 3568 791 3638 n0politanze,
820 3566 873 3619 in
895 3565 1063 3619 oculis
1081 3563 1256 3633 populi
1279 3561 1346 3616 ad
1372 3577 1492 3616 eum
1517 3561 1790 3626 adductas,
1813 3570 2024 3616 coactas

449 3659 616 3714 fuisse
640 3667 730 3712 aut
759 3672 881 3712 cum
908 3656 1126 3710 Arsacio
1154 3654 1578 3719 communicare,
1611 3663 1702 3707 aut
1729 3653 1859 3708 fisco
1896 3653 2023 3707 dare

450 3753 706 3808 ducentas
753 3750 868 3805 auri
909 3749 1087 3803 libras.
1118 3748 1322 3802 Asceta:
1348 3761 1557 3816 quoque
1583 3756 1636 3800 et
1676 3745 1902 3814 virgines
1929 3744 2024 3798 ad-

448 3852 620 3908 erant,
638 3840 976 3897 ostendentes
991 3839 1189 3894 sulcata
1204 3837 1370 3894 latera
1389 3837 1442 3891 in
1459 3837 1705 3907 equuleo,
1726 3846 1778 3890 et
1799 3836 1852 3890 in
1875 3845 2020 3906 tergo

450 3935 730 3990 verberum
760 3943 932 3988 notas.

521 4025 806 4081 Innocentii
847 4025 1006 4096 Papa:
1035 4026 1212 4083 (item.
1234 4055 1307 4066 —
1331 4025 1422 4080 llis
1443 4025 1742 4095 conspectis
1774 4025 2022 4080 omnibus

452 4119 791 4175 Innocentius
810 4119 947 4188 Papa
987 4117 1389 4188 Chrysostomo,
1412 4132 1440 4170 a
1466 4132 1570 4187 quo
1596 4117 1778 4172 literas
1802 4131 2022 4184 accepe-

451 4218 554 4273 rat,
576 4210 866 4278 rescripsit,
883 4216 938 4261 et
951 4207 1018 4262 ad
1038 4208 1344 4276 patientiam
1359 4208 1412 4262 in
1429 4216 1572 4262 tanta
1589 4205 1863 4262 subeunda
1877 4207 2022 4259 cala-

451 4307 634 4357 mitate
656 4303 960 4356 cohortatus
987 4310 1069 4356 est
1097 4299 1328 4368 (Sozam.
1357 4301 1394 4354 ι.
1435 4301 1490 4356 8.
1529 4316 1576 4354 c.
1603 4299 1719 4370 26).
1749 4299 2022 4370 Episcopis

450 4393 636 4457 etiam,
673 4391 1022 4462 presbyteris,
1064 4391 1300 4446 diaconis
1333 4399 1388 4444 et
1427 4391 1680 4446 universo
1721 4390 1875 4445 Clero
1916 4390 2020 4443 Ec-

449 4485 624 4537 clesia:
653 4481 1270 4552 Constantinopolitanre,
1298 4483 1387 4552 qui
1413 4481 1514 4536 sibi
1540 4483 1718 4536 literas
1747 4482 2016 4544 miserant,

448 4589 545 4642 per
567 4573 890 4626 Germanum
934 4574 1298 4643 presbyterum
1323 4583 1378 4627 et
1401 4574 1706 4627 Cassianum
1741 4572 2018 4625 diaconum

451 4662 744 4729 respondit,
777 4671 979 4715 tantum
1017 4664 1212 4716 malum
1265 4665 1364 4718 sibi
1396 4663 1683 4717 renuntiari
1722 4663 1935 4724 dicens,
1965 4669 2020 4714 ut

449 4755 562 4809 sola
592 4753 857 4823 patientia:
894 4753 1255 4807 consolatione
1291 4756 1464 4808 sanari
1498 4769 1650 4822 posse
1693 4761 1852 4820 putet.
1883 4751 2017 4804 Tum

447 4859 564 4908 eos,
603 4845 692 4912 qui
717 4858 822 4897 non
850 4842 1085 4896 auditum
1126 4843 1383 4897 Joannem
1420 4845 1826 4906 damnaverunt,
1859 4854 1916 4896 ut
1941 4843 2018 4897 fa-

448 4936 727 4990 cinorosos
759 4933 1020 5003 improbat
1050 4950 1065 4987 :
1097 4935 1558 5002 necessariumque
1587 4949 1706 4988 esse
1734 4935 1807 4987 ait
1848 4935 2020 5005 Syno-

445 5027 572 5081 dum
595 5042 804 5096 cogere,
827 5042 944 5097 quae
961 5025 1026 5080 de
1044 5033 1185 5079 tanta
1211 5040 1269 5078 re
1292 5026 1455 5093 possit
1470 5025 1778 5078 decernere.
1803 5026 1872 5080 Se
1887 5041 2016 5080 vero

446 5120 647 5184 omnia,
691 5133 811 5187 qua:
842 5118 940 5186 ipsi
968 5117 1272 5182 narrabant,
1301 5115 1566 5169 audivisse
1603 5115 1732 5170 dicit
1773 5133 1801 5169 a
1833 5119 2014 5187 coepi-

446 5212 623 5280 scopis
643 5211 752 5264 suis
774 5211 1059 5277 Demetrio,
1083 5209 1323 5280 Cyriaco,
1344 5206 1558 5280 Eulysio
1582 5217 1635 5263 et
1652 5208 1904 5278 Palladio,
1924 5211 2016 5280 qui

444 5313 570 5358 tunc
590 5304 772 5358 Roma}
794 5311 968 5357 erant.

514 5395 840 5450 Innocentius
873 5393 1020 5461 Papa
1053 5405 1098 5448 et
1129 5394 1388 5449 Honorius
1417 5394 1555 5464 Imp.
1596 5395 1860 5466 Synodum
1885 5415 2017 5450 mcu-

445 5489 689 5541 mmicam
705 5487 943 5540 celebrari
969 5488 1195 5554 cupiunt.
1215 5518 1285 5526 —
1310 5490 1381 5543 De
1402 5488 1636 5543 Concilio
1658 5489 1813 5558 igitur
1837 5489 2013 5546 (Ecu-

445 5579 654 5632 menico
678 5579 917 5650 cogendo
938 5578 1003 5633 ad
1034 5579 1324 5634 Honorium
1349 5583 1722 5651 Imperatorem
1752 5594 1878 5639 tunc
1909 5587 2013 5639 Ita-

445 5683 633 5721 vennae
671 5682 970 5726 versantem
997 5671 1224 5740 scripsit.
1256 5672 1354 5739 Qui
1385 5690 1496 5727 rem
1524 5690 1862 5745 summopere
1893 5693 2016 5745 pro-

445 5757 1174 5826 bansjussitOccidentalium
1196 5761 1464 5832 Synodum
1495 5766 1632 5832 cogi.
1653 5765 1830 5820 Coacti
1858 5767 2015 5836 igitur

445 5848 678 5916 epimpi
705 5850 884 5914 Italize,
917 5864 973 5908 ut
1000 5856 1072 5908 ait
1099 5855 1359 5912 Palladius
1391 5856 1620 5924 (cazterae
1659 5873 1888 5927 namque
1915 5860 2015 5916 Oc-

445 5939 668 5994 cidentis
711 5942 992 6009 provincia:
1020 5956 1071 6000 et
1111 5948 1350 6019 regiones
1381 5949 1869 6019 septentrionalium
1914 5969 2009 6008 na-

1614 549 1792 605 XUNC
1833 547 2094 604 PRIMUM
2127 546 2514 604 ADORNATA.

3600 549 3702 604 250

2145 671 2344 715 tionum
2375 659 2734 714 invasionibus
2764 661 3092 728 laborantes,
3129 660 3214 714 vix
3241 669 3481 728 poterant
3508 660 3562 715 in
3603 660 3703 716 Ita-

2139 750 2260 804 liam
2287 750 2564 820 episcopos
2589 765 2714 805 suos
2743 751 2974 819 mittere)
3004 769 3019 807 :
3051 767 3152 804 una
3185 750 3282 804 fuit
3301 760 3475 804 autem
3505 752 3705 821 episco-

2138 855 2323 909 porum
2351 841 2649 906 sententia;
2680 841 2928 894 nimirum
2961 850 3018 894 ut
3047 850 3193 894 tanto
3238 841 3382 894 malo
3411 841 3701 895 remedium

2135 929 2433 992 afferretur,
2467 931 2824 984 necessarium
2852 945 2969 984 esse
2997 929 3287 984 Concilium
3316 931 3701 986 mcumenicum

2135 1020 2552 1074 Occidentalium
2580 1021 2734 1076 simul
2761 1032 2814 1076 et
2841 1022 3207 1084 Orientalium,
3233 1032 3286 1076 et
3309 1023 3703 1080 Thessalonica:

2135 1109 2474 1164 indicendum
2520 1125 2657 1174 esse,
2700 1121 2756 1165 ut
2795 1111 3000 1167 facilius
3037 1112 3268 1169 Orientis
3310 1123 3366 1166 et
3403 1113 3704 1170 Occidentis

2134 1200 2391 1271 praesules
2415 1201 2505 1255 illo
2543 1217 2823 1258 accurrere
2853 1192 3112 1272 possentf
3136 1205 3228 1259 His
3260 1207 3554 1260 assentiens
3596 1206 3702 1260 Ho-

2133 1295 2336 1358 norius,
2365 1293 2606 1347 Romano
2634 1294 2876 1350 Pontifici
2906 1295 3212 1350 Innocentio
3239 1298 3472 1368 scripsit,
3507 1307 3564 1352 ut
3590 1301 3701 1367 epi-

2131 1399 2320 1454 scopos
2336 1384 2568 1454 quinque
2581 1383 3074 1456 Constantinopolin
3091 1387 3341 1454 mitteret,
3362 1388 3702 1458 presbyteros

2130 1481 2284 1547 duos,
2315 1492 2368 1537 et
2406 1481 2706 1549 diaconum,
2735 1482 2824 1553 qui
2871 1496 3019 1538 suam
3059 1481 3124 1536 ad
3155 1480 3374 1536 fratrem
3417 1482 3699 1536 Arcadium

2131 1573 2408 1640 epistolam
2434 1572 2706 1627 afferrent.

2202 1663 2493 1730 Epistolam
2522 1663 2679 1731 igitur
2703 1662 2930 1716 Arcadio
2969 1663 3116 1716 fratri
3142 1663 3384 1732 scripsit,
3414 1678 3571 1732 quam
3601 1663 3698 1730 ipsi

2132 1754 2344 1806 tertiam
2375 1769 2436 1807 ea
2473 1753 2539 1807 de
2566 1769 2626 1808 re
2669 1753 2882 1809 mittere
2926 1753 3082 1821 dicit,
3129 1766 3382 1826 rogatque
3418 1757 3700 1826 episcopos

2129 1842 2426 1897 Orientales
2458 1852 2610 1898 curet
2642 1843 3032 1900 Thessalonicae
3069 1846 3413 1915 congregari,
3440 1857 3700 1915 cogatque

2131 1933 2515 2003 Theophilum,
2543 1936 2632 2003 qui
2673 1936 2909 1988 omnium
2953 1937 3211 1991 malorum
3255 1950 3411 1990 causa
3460 1951 3579 1990 esse
3620 1937 3698 1987 fc-

2129 2024 2376 2086 rebatur,
2431 2023 2668 2078 Concilio
2717 2024 2926 2079 adesse.
2975 2025 3048 2078 Se
3092 2026 3290 2095 legatos
3342 2025 3439 2094 ipsi
3491 2025 3700 2079 mittere

2128 2114 2325 2182 probos
2353 2124 2407 2169 et
2433 2115 2542 2169 veri
2591 2123 2832 2168 amantes
2852 2156 2866 2177 ,
2894 2129 3028 2183 quos
3065 2122 3123 2168 ut
3151 2115 3283 2169 bene
3324 2115 3547 2183 excipiat
3575 2116 3699 2168 hor-

2130 2213 2290 2257 tatur.
2337 2204 2439 2272 Qui
2486 2220 2612 2259 vero
2658 2205 2805 2258 missi
2847 2205 2996 2259 fuere
3036 2205 3216 2274 legati,
3267 2214 3420 2258 erant
3465 2205 3697 2273 episcopi

2127 2292 2398 2359 IEmilius,
2420 2294 2729 2366 Cythegius,
2753 2294 3079 2350 Gaudentius
3092 2305 3146 2350 et
3167 2295 3463 2359 Marianus;
3484 2295 3698 2364 quintus

2129 2395 2304 2438 autem
2331 2401 2362 2438 a
2403 2386 2639 2439 Palladio
2679 2401 2786 2439 non
2813 2387 3156 2441 nominatur:
3185 2388 3478 2458 presbyteri
3518 2396 3696 2442 autem

2130 2474 2236 2528 duo
2259 2463 2410 2528 Erant
2435 2473 2835 2530 Valentinianus
2863 2487 2916 2530 et
2941 2477 3263 2532 Bonifacius.

2201 2565 2431 2635 Anysius
2459 2565 2537 2618 vir
2556 2565 2664 2634 jam
2691 2578 2852 2620 senex
2877 2575 2930 2622 et
2957 2569 3173 2637 probus,
3210 2569 3487 2637 episcopus
3523 2569 3696 2623 Thes-

2130 2655 2508 2722 salonicensis,
2527 2657 2708 2711 literas
2739 2656 2955 2728 Eulysio
2990 2657 3228 2724 dederat,
3259 2669 3315 2712 ut
3344 2660 3586 2724 vidimus,
3616 2659 3700 2713 ln-

2127 2747 2377 2800 nocentio
2409 2746 2562 2816 Papae
2590 2747 2909 2815 afferendas,
2940 2749 3090 2818 queis
3118 2765 3175 2804 se
3203 2765 3297 2818 pro
3317 2748 3697 2820 Chrysostomo

2127 2850 2269 2895 stare
2295 2841 2693 2895 testificabatur.
2737 2841 2871 2895 Huic
2899 2855 3132 2896 summas
3155 2844 3348 2912 gratias
3387 2843 3492 2911 egit
3521 2841 3700 2912 Chry-

2126 2940 2393 2986 sostomus
2440 2931 2492 2986 in
2541 2932 2769 3000 epistola
2808 2932 2931 2988 I62.
2978 2931 3109 2986 Eam
3159 2933 3358 2986 tardius
3400 2947 3556 3001 quam
3605 2947 3698 3000 par

2126 3021 2315 3078 fuisset
2357 3038 2416 3077 se
2451 3025 2658 3078 misisse
2702 3023 3047 3090 testificatur,
3074 3024 3143 3077 ob
3189 3023 3290 3076 loci
3337 3023 3696 3076 solitudinem.

2127 3113 2419 3182 Virumque
2465 3114 2644 3168 laudat
2671 3128 2700 3166 a
2727 3112 3033 3168 fortitudine
3070 3121 3125 3167 et
3163 3114 3478 3175 constantia,
3516 3111 3697 3165 horta-

2128 3214 2320 3273 turque
2361 3213 2417 3258 ut
2462 3205 2575 3274 pari
2619 3205 2812 3259 virtute
2851 3213 3036 3275 pergat
3065 3205 3353 3259 Ecclesiam
3392 3203 3694 3259 defendere.

2127 3296 2418 3365 Epistolam
2445 3311 2656 3367 quoque
2686 3297 2788 3352 I63
2816 3297 2958 3351 misit
2985 3296 3050 3350 ad
3080 3297 3356 3366 episcopos
3381 3311 3565 3350 omnes
3585 3296 3698 3350 Ma-

2126 3389 2385 3456 cedoniae,
2417 3389 2601 3444 eadem
2628 3389 2794 3444 ferme
2835 3389 2946 3457 ipsa
2973 3387 3246 3442 ferentem.
3280 3387 3492 3441 Illorum
3519 3396 3698 3441 autent

2128 3481 2375 3536 undecim
2403 3481 2455 3535 in
2499 3480 2650 3534 titulo
2700 3481 2914 3534 nomina
2954 3478 3172 3549 profert,
3214 3494 3508 3549 agmenque
3554 3478 3699 3533 ducit

2127 3573 2360 3645 Anysius
2412 3571 2941 3636 Thessalonicensis;
2998 3571 3065 3624 ad
3131 3580 3457 3639 caeterosque
3511 3585 3697 3625 omnes

2126 3665 2286 3719 etiam
2331 3678 2440 3718 non
2486 3662 2784 3717 nominatos
2833 3661 3096 3732 dirigitur.
3147 3660 3436 3729 Epistolam
3487 3675 3699 3730 quoque

2129 3753 2228 3808 I64
2256 3753 2399 3808 misit
2427 3751 2496 3806 ad
2521 3751 2878 3806 Alexandrum
2898 3792 2912 3817 ,
2944 3749 3182 3805 Corinthi
3212 3751 3541 3820 episcOpum,
3565 3751 3701 3804 ami-

2126 3844 2251 3900 citia
2288 3842 2390 3898 sibi
2427 3843 2768 3911 coniunctum
2789 3883 2804 3908 ,
2851 3841 2918 3896 de
2946 3856 3052 3912 quo
3090 3851 3267 3897 tamen
3293 3841 3530 3910 queritur
3558 3841 3700 3912 quod

2124 3937 2306 3991 literas
2337 3933 2510 3988 nullas
2539 3933 2608 3988 ad
2635 3947 2694 3988 se
2725 3933 2919 3987 mittat.

2194 4029 2581 4101 Chrysostomus
2604 4028 2902 4084 Isaurorum
2936 4018 3303 4083 incursionibus
3339 4028 3532 4097 cogitur
3555 4028 3698 4081 sedes

2125 4133 2320 4175 mutare
2348 4130 2396 4174 et
2420 4121 2710 4175 Arabismm
2730 4125 3019 4192 confugere.
3044 4149 3115 4160 —
3137 4119 3253 4174 Jam
3280 4119 3370 4174 diu
3399 4121 3697 4174 Isaurorum

2126 4212 2458 4268 incursiones
2483 4213 2756 4283 regionem
2783 4212 2928 4266 illam
2958 4220 3011 4266 et
3032 4213 3209 4266 omnia
3237 4212 3438 4266 circum
3470 4212 3580 4266 loca
3613 4212 3696 4264 in-

2125 4303 2258 4359 festa
2294 4303 2603 4359 habuerant.
2634 4302 2830 4358 Verum
2873 4317 3011 4356 anno
3046 4301 3152 4356 405
3183 4310 3438 4367 vertente,
3467 4311 3521 4356 et
3551 4302 3699 4356 initio

2126 4395 2400 4464 sequentis
2439 4394 2561 4460 406,
2597 4394 2751 4463 longe
2785 4393 2961 4446 acrius
3010 4391 3287 4455 institere;
3328 4400 3524 4444 etcum
3557 4391 3698 4457 peri-

2123 4483 2298 4540 culum
2341 4492 2485 4537 esset
2513 4499 2578 4536 ne
2613 4482 2896 4546 Cucusum,
2947 4496 3052 4534 non
3095 4481 3165 4534 ita
3207 4482 3465 4534 munitum
3498 4481 3690 4544 locum,

2123 4574 2432 4629 invaderent
2477 4580 2854 4641 caperentque,
2897 4571 3128 4626 Joannes
3174 4579 3356 4626 noster
3403 4570 3470 4623 ad
3519 4569 3694 4638 fugam

2127 4665 2509 4736 capessendam
2551 4673 2766 4719 coactus
2812 4673 2936 4720 est:
2982 4679 3045 4718 ac
3092 4663 3390 4718 securitatis
3431 4677 3588 4716 causa
3642 4663 3694 4716 in

2122 4761 2412 4830 asperrima
2456 4761 2633 4816 hieme
2671 4761 2788 4815 loca
2842 4759 3065 4816 subinde
3111 4761 3482 4822 commutavit,
3524 4761 3592 4814 ita
3639 4770 3696 4814 ut

2122 4852 2283 4907 modo
2308 4853 2363 4906 in
2391 4853 2630 4916 urbibus,
2663 4852 2823 4906 modo
2853 4852 2903 4906 in
2934 4861 3091 4905 terra:
3120 4850 3353 4904 faucibus
3376 4860 3428 4904 et
3450 4850 3690 4916 saltibus,

2123 4946 2327 5000 versari
2383 4945 2808 5014 compelleretur.
2864 4941 3205 5012 Tandemque
3265 4943 3563 4996 Isaurorum
3611 4952 3694 4996 tu-

2121 5035 2289 5089 multu
2318 5037 2572 5102 tantisper
2596 5033 2796 5097 sedato,
2828 5032 2941 5086 loca
2968 5031 3176 5086 deserta
3201 5033 3528 5102 relinquens,
3561 5033 3694 5086 Ara-

2122 5126 2320 5179 bissum
2343 5123 2594 5193 confugit,
2621 5125 2672 5177 in
2707 5139 2812 5193 quo
2836 5123 3030 5193 oppido
3072 5138 3167 5177 arx
3194 5133 3307 5178 erat
3335 5123 3548 5192 reliquis
3573 5139 3689 5176 om-

2122 5217 2276 5270 nibus
2302 5217 2489 5269 vicinis
2515 5216 2648 5270 locis
2675 5217 2852 5280 tutior,
2879 5217 2931 5270 in
2953 5231 3076 5270 arce
3102 5225 3277 5269 autem
3304 5215 3458 5270 sedes
3485 5215 3682 5280 habuit,

2121 5311 2172 5362 in
2200 5308 2393 5377 Oppido
2418 5310 2557 5364 enim
2589 5319 2701 5365 tuto
2730 5310 2929 5364 versari
2953 5323 3056 5362 non
3082 5317 3305 5376 poterat.

2190 5400 2315 5454 Haec
2347 5399 3276 5470 porronarratipseJoannesnoster
3293 5401 3345 5454 in
3367 5401 3584 5469 epistola
3619 5399 3688 5453 69

2119 5491 2184 5544 ad
2234 5491 2507 5566 Nipolaum
2550 5492 2937 5562 presbyterum.
2994 5490 3156 5544 Addit
3205 5501 3378 5544 autem
3423 5504 3542 5545 esse
3587 5491 3685 5545 sibi

2121 5583 2258 5637 hanc
2286 5582 2467 5638 sedem
2516 5583 2657 5637 omni
2693 5596 2907 5636 carcere
2952 5581 3289 5636 deteriorem.
3331 5581 3684 5650 Prmterquam

2119 5677 2258 5749 quod
2289 5678 2431 5732 enim
2479 5677 2641 5732 Isauri
2679 5675 2912 5744 quotidie
2931 5675 3105 5729 omnia
3147 5673 3487 5740 invadebant,
3528 5683 3686 5743 atque

2119 5770 2225 5841 igni
2273 5780 2325 5824 et
2367 5771 2510 5826 ferro
2557 5779 2663 5823 tum
2715 5767 2957 5834 aedificia,
2997 5778 3104 5822 tum
3152 5781 3372 5837 corpora
3418 5766 3681 5830 delebant,

2119 5864 2308 5918 famem
2352 5865 2542 5929 etiam,
2586 5877 2743 5933 quam
2785 5873 2840 5916 et
2881 5862 2981 5916 loci
3025 5862 3262 5930 angustia
3307 5870 3356 5914 et
3402 5858 3685 5912 multitudo

2123 5971 2306 6009 eorum
2348 5957 2436 6027 qui
2482 5957 2570 6012 illo
2630 5953 3020 6025 confugiebant,
3073 5953 3392 6018 minabatur,
3430 5950 3678 6020 pertinie-
