4506 6712
828 581 925 634 ε’ῖῖ
1840 581 1893 633 S.
1932 577 2208 634 IOANNIS
2244 574 2717 633 CIIIIYSOSTINI
2759 576 2936 643 VITA,

826 697 1007 749 scebat
1055 694 1161 748 ille.
1206 695 1283 748 Ad
1332 696 1441 748 lucc
1488 709 1613 749 vero
1662 694 1891 747 diuturni
1925 693 2092 748 morbi
2142 708 2297 763 quem
2342 702 2394 745 et

827 787 998 841 hiems
1036 796 1093 841 et
1130 797 1381 855 perpetua
1414 790 1530 855 l'uga
1580 796 1889 855 pepererat,
1918 785 2015 839 etsi
2049 786 2156 854 jam
2186 784 2395 839 sedatus

824 882 961 941 erat,
992 884 1164 931 tamen
1210 876 1459 944 reliquias
1501 876 1673 930 adhuc
1710 877 1797 929 ille
1836 875 2260 929 circumferebat.
2290 872 2393 925 Vix

824 979 1001 1024 autem
1029 970 1308 1039 quisquam
1336 968 1399 1021 ad
1432 970 1575 1023 illum
1606 984 1906 1023 commeare
1948 968 2209 1031 audebat,
2255 965 2393 1033 quod

823 1060 922 1113 vim
974 1060 1203 1129 undique
1246 1060 1544 1114 interclusa:
1582 1068 1776 1113 essent.
1829 1058 2027 1113 Eadem
2071 1061 2240 1113 ferme
2282 1058 2392 1126 ipsa

824 1149 1019 1217 repetit
1048 1151 1098 1203 in
1129 1150 1350 1219 cpistola
1380 1152 1447 1203 70
1472 1150 1535 1202 ad
1568 1149 1949 1219 Aphthoninm,
1979 1149 2309 1203 Theodotum
2340 1156 2394 1200 et

823 1236 1096 1293 Chmream
1142 1239 1479 1309 presbyteros
1526 1248 1579 1293 et
1623 1237 1931 1304 monachos,
1973 1239 2095 1307 quid
2142 1238 2207 1292 ad
2248 1237 2393 1290 illum

825 1331 1084 1400 proﬁcisci
1129 1331 1509 1401 pcr0ptabant;
1541 1332 1633 1385 sed
1672 1332 1790 1400 quia
1838 1331 1889 1384 in
1921 1333 2009 1385 tali
2055 1346 2231 1385 rerum
2261 1344 2391 1381 con—

824 1420 1023 1475 ditione
1051 1420 1177 1475 illud
1208 1422 1307 1477 iter
1332 1424 1523 1492 suscipi
1553 1422 1761 1476 nonnisi
1788 1437 1909 1475 cum
1948 1421 2132 1493 grandi
2162 1420 2394 1487 periculo

826 1522 1053 1581 poterat,
1077 1513 1319 1569 hortatur
1348 1517 1468 1571 illos
1491 1526 1547 1570 ut
1574 1517 1673 1571 sibi
1703 1531 1797 1587 per
1824 1516 2036 1569 crebras
2065 1513 2245 1566 literas
2267 1525 2393 1563 con-

826 1604 1134 1656 solutionem
1164 1606 1386 1671 pariant.

896 1693 952 1746 In
989 1694 1211 1765 epistola
1253 1712 1382 1753 vero
1430 1698 1527 1752 127
1566 1698 1631 1753 ad
1672 1697 1946 1765 Polybium
1994 1695 2085 1761 ait,
2141 1693 2242 1748 sibi
2282 1692 2392 1763 jam

826 1783 987 1839 adimi
1038 1785 1310 1841 literarum
1360 1792 1601 1844 solatium
1640 1805 1732 1858 per
1777 1789 1911 1842 nivis
1954 1787 2221 1856 ingentem
2252 1788 2389 1851 vim,

827 1889 947 1945 qua:
992 1876 1104 1929 vias
1148 1892 1335 1931 omnes
1389 1881 1781 1939 intercluserant;
1830 1876 1925 1931 sed
1978 1877 2145 1945 magis
2194 1877 2391 1929 invium

828 1962 1356 2037 iuaccessibilemque
1372 1968 1521 2023 reddi
1540 1970 1714 2023 locum
1730 1970 1797 2023 ah
1817 1964 2114 2021 Isaurorum
2155 1975 2355 2020 terrore
2374 1981 2388 2031 ;

823 2058 911 2119 qui
937 2066 1116 2107 tantus
1142 2066 1274 2115 erat,
1312 2065 1366 2108 ut
1390 2071 1547 2109 nemo
1567 2058 1710 2111 domi
1741 2072 1956 2111 manere
1985 2056 2233 2119 auderet,
2272 2070 2389 2109 om-

823 2156 1023 2212 nesque
1052 2144 1385 2215 aufugerent,
1411 2146 1481 2200 ita
1510 2156 1566 2200 ut
1591 2148 1749 2201 urbes
1780 2159 1901 2201 tunc
1930 2148 2156 2216 parietes
2186 2155 2390 2200 tantum

822 2241 875 2285 et
901 2241 1035 2286 tecta
1080 2244 1278 2297 essent,
1318 2244 1583 2304 prmrupta
1620 2246 1795 2290 autem
1838 2245 1891 2289 et
1936 2236 2101 2289 saltus
2143 2236 2195 2289 in
2231 2234 2389 2289 urbes

819 2331 1172 2377 mutarentur.
1217 2322 1417 2378 Tantus
1458 2326 1659 2379 scilicet
1702 2336 1815 2379 erat
1854 2326 2151 2379 Isaurorum
2198 2325 2384 2379 furor:

819 2409 951 2467 alios
982 2412 1292 2482 jugulahant
1327 2415 1410 2470 vel
1454 2416 1852 2480 comburebant,
1895 2416 2029 2470 alios
2074 2432 2141 2471 ex
2166 2416 2389 2485 captivis

817 2517 1001 2559 servos
1045 2506 1363 2562 efficiebant.
1412 2508 1791 2562 Adolesceutes
1842 2522 2052 2577 quoque
2095 2510 2145 2561 in
2201 2507 2389 2563 mediis

818 2597 1062 2651 noctibus
1100 2599 1347 2669 aufugcre
1385 2602 1554 2655 coacti
1597 2601 1647 2654 in
1695 2600 1891 2653 nivium
1921 2600 2168 2670 congerie
2194 2600 2389 2671 frigore

817 2686 1213 2756 obrigescentes
1263 2691 1643 2744 moriebantur.
1700 2690 1985 2759 Superiora
2038 2690 2247 2745 brevius
2302 2707 2389 2745 re-

816 2788 1000 2833 censet
1026 2780 1076 2832 in
1121 2781 1345 2849 epistola
1386 2781 1484 2835 151
1529 2780 1597 2835 ad
1629 2781 1889 2851 Elpidium
1925 2781 2250 2851 episcopum,
2284 2782 2385 2834 ait-

815 2882 919 2935 que
953 2883 1010 2921 se
1043 2869 1195 2924 sedes
1228 2871 1422 2939 smpius
1450 2872 1754 2936 mutavisse,
1786 2886 1955 2940 neque
1984 2872 2033 2924 in
2061 2871 2299 2935 castello,
2330 2871 2384 2924 in

815 2972 918 3025 quo
945 2967 1066 3013 tunc
1090 2960 1242 3029 quasi
1270 2959 1323 3013 in
1353 2974 1569 3015 carcere
1596 2961 1829 3015 inclusus
1850 2961 2115 3026 manebat,
2144 2960 2272 3013 satis
2301 2969 2383 3013 tu-

816 3058 924 3102 tum
949 3064 1067 3105 esse
1096 3067 1111 3106 :
1157 3050 1320 3106 Isauri
1362 3068 1587 3123 namque
1618 3052 1918 3123 hujusmodi
1956 3068 2105 3108 arces
2138 3051 2385 3107 obsidere

815 3156 920 3194 non
944 3142 1273 3198 dubitabant.
1305 3143 1639 3216 Quapropter
1666 3146 1799 3215 petit
1823 3154 1881 3199 ut
1908 3144 2147 3213 ignoscat
2174 3144 2309 3211 sibi,
2339 3144 2385 3198 si

812 3247 935 3286 τωο
966 3234 1062 3305 ipsi
1089 3235 1267 3290 literas
1301 3240 1493 3300 mittat,
1526 3246 1781 3306 rogatque
1815 3234 2123 3305 frequenter
2148 3234 2235 3288 ille
2255 3275 2271 3302 ,
2299 3233 2384 3290 cui

812 3324 1023 3392 licebat,
1052 3325 1104 3380 id
1130 3326 1365 3382 tnuneris
1385 3337 1721 3397 exsequatur.

882 3418 1143 3480 Epistulas
1166 3419 1290 3474 item
1313 3419 1443 3473 duas
1463 3417 1674 3487 scripsit
1695 3418 1762 3473 67
1791 3427 1843 3472 et
1873 3416 1939 3471 63
1962 3415 2028 3470 ad
2050 3414 2379 3470 Theodotum

810 3510 1091 3564 diaconum
1116 3511 1215 3565 sibi
1241 3511 1679 3574 addictissimum,
1710 3512 1760 3564 in
1788 3525 2009 3580 quarum
2028 3510 2191 3562 altera
2213 3508 2339 3563 dicit
2363 3524 2377 3561 :

813 3600 907 3653 Tct
946 3602 1197 3656 Armenia:
1243 3602 1378 3654 mala
1418 3612 1533 3654 sunt
1558 3643 1572 3665 ,
1610 3618 1667 3653 ac
1698 3612 1961 3671 tempestas
2005 3601 2164 3655 altera
2215 3600 2381 3653 omnia

810 3694 1000 3759 excepit
1044 3707 1063 3744 :
1104 3708 1221 3745 nam
1265 3708 1575 3761 quocumque
1618 3693 1816 3744 tandem
1864 3692 2123 3761 quisquam
2172 3690 2377 3750 uenerit,

813 3792 1039 3836 rrumtos
1086 3792 1364 3847 torrentes,
1417 3783 1714 3835 cadaverum
1768 3784 1997 3852 agmina,
2046 3782 2221 3833 domos
2271 3784 2379 3834 solo

809 3882 1049 3940 agitatas,
1075 3873 1217 3925 urbes
1268 3889 1459 3927 eversas
1506 3875 1783 3944 perspiciet.
1826 3872 2013 3942 Oppidi
2041 3881 2214 3926 autem
2240 3872 2375 3926 Ara-

810 3962 936 4016 bissi
977 3965 1256 4034 episcopus
1304 3974 1419 4020 erat
1468 3966 1676 4021 Otreins
1716 3966 2094 4037 Chrysostomo
2146 3966 2376 4021 amicitia

809 4055 1138 4119 eoajuuctus,
1183 4064 1238 4110 ιιι
1265 4055 1512 4126 liquctex
1545 4057 1764 4126 epistola
1810 4059 1909 4112 1Ξῦ
1934 4057 1998 4111 ad
2025 4057 2292 4111 Rufinum.
2318 4056 2375 4111 In

809 4146 1025 4213 epistola
1048 4148 1147 4203 155
1175 4147 1449 4203 Theodoto
1470 4149 1689 4204 diacono
1706 4152 1898 4219 gratias
1922 4166 2103 4219 agens,
2126 4150 2267 4219 quod
2295 4150 2377 4204 sui

807 4238 1066 4293 inviscndi
1095 4253 1254 4293 causa
1275 4240 1383 4309 jam
1414 4242 1463 4294 in
1489 4244 1779 4311 asperrima
1817 4242 1990 4295 hieme
2025 4243 2291 4305 venisset,
2324 4252 2377 4297 et

807 4329 945 4393 quod
974 4330 1206 4385 secundo
1236 4332 1543 4386 Arabissum
1574 4342 1826 4387 venturus
1855 4334 2058 4398 fuisset,
2091 4335 2189 4387 nisi
2212 4333 2375 4387 Isauri

808 4419 919 4470 vias
951 4419 1362 4487 prmclusissent,
1409 4436 1465 4476 se
1494 4422 1705 4492 quidem
1744 4436 1931 4492 magna
1963 4426 2138 4493 quiete
2176 4432 2229 4477 et
2268 4424 2376 4476 otio

807 4506 908 4561 frui
940 4509 1035 4575 ait,
1068 4518 1347 4581 tamenque
1384 4512 1712 4568 obsidionem
1754 4514 1805 4567 in
1838 4515 1954 4567 dies
1984 4514 2368 4583 ingravescere.

805 4596 924 4652 Jun:
952 4640 968 4667 ,
1036 4600 1236 4670 inquit,
1278 4604 1442 4655 media
1480 4615 1619 4658 nocte
1669 4615 1849 4676 praeter
1884 4623 2077 4659 omnem
2118 4616 2375 4675 exspecta-

808 4689 991 4743 tionem
1039 4701 1367 4745 trcceutorum
1413 4691 1710 4746 Isaurorum
1746 4712 1923 4765 agmen
1961 4696 2203 4765 oppidum
2258 4714 2373 4767 per-

808 4779 1042 4843 cursavit,
1075 4797 1289 4849 peucquc
1332 4797 1424 4834 nos
1458 4784 1603 4852 cepit.
1632 4782 1785 4837 Putat
1836 4799 1888 4835 v.
1911 4784 1981 4837 cl.
2011 4785 2376 4839 Tillemontius

810 4872 892 4927 bis
918 4872 1197 4940 significari
1228 4872 1529 4927 Isaurorum
1561 4873 1688 4927 illud
1716 4890 1903 4944 agmen
1937 4860 2266 4943 ineppidum
2296 4876 2377 4928 in-

806 4978 1047 5032 gressum
1080 4964 1273 5027 fuisse;
1303 4965 1439 5034 quod
1469 4976 1642 5019 tamen
1670 4980 1773 5021 non
1805 4965 2013 5019 videtur
2037 4965 2266 5019 Joannes
2294 4963 2377 5019 his

806 5055 986 5109 verbis
1011 5056 1329 5125 significare.
1362 5056 1491 5125 Ima,
1522 5060 1567 5112 si
1611 5059 1662 5113 in
1704 5060 1955 5130 oppidum
1997 5059 2220 5129 ingressi
2249 5058 2377 5112 fuis-

807 5154 955 5208 sent,
990 5146 1164 5201 eiedes
1200 5146 1338 5201 haud
1375 5147 1562 5213 dubie,
1585 5148 1940 5219 direptiones,
1986 5153 2191 5222 aliaque
2238 5151 2374 5205 mala

809 5237 1147 5307 intulissent,
1191 5254 1311 5309 qua:
1344 5239 1754 5313 Chrysostomus
1802 5243 2099 5299 describere
2140 5258 2242 5299 non
2282 5259 2374 5298 ne-

811 5327 1081 5397 glexissct.

881 5419 938 5473 In
960 5421 1178 5491 epistola
1206 5437 1333 5479 vero
1360 5424 1428 5479 70
1452 5426 1524 5480 ait
1551 5440 1608 5481 se
1627 5440 1746 5481 cum
1784 5423 1930 5495 gravi
1957 5424 2193 5493 corporis
2219 5426 2374 5493 aegri-

812 5510 993 5568 tudine
1018 5514 1327 5571 conllictari.
1374 5518 1441 5572 At
1488 5519 1538 5573 in
1584 5519 1801 5589 epistola
1854 5517 1947 5572 151
2006 5516 2071 5572 ad
2114 5516 2374 5585 Elpidium

810 5618 1021 5673 gravem
1047 5605 1171 5662 dicit
1191 5609 1475 5664 accessisse
1496 5612 1755 5677 morbum,
1776 5611 1927 5680 cujus
1942 5606 2114 5664 adhuc
2129 5607 2377 5677 reliquias

810 5692 1213 5750 circumferebat
1239 5714 1252 5750 :
1284 5697 1423 5767 quod
1468 5700 1635 5767 ipsum
1662 5700 1787 5754 dicit
1814 5702 1864 5755 in
1892 5699 2113 5769 epistola
2153 5697 2273 5754 158.
2298 5698 2377 5753 Ad

811 5780 1172 5855 Olympiadem
1200 5801 1328 5843 vero
1356 5788 1592 5843 scribens
1616 5791 1886 5859 epistolam
1915 5790 1981 5844 15
2006 5792 2096 5853 ait,
2119 5804 2180 5844 se
2205 5804 2235 5843 e
2256 5804 2378 5857 gra-

815 5874 1027 5936 vissimo
1050 5880 1330 5934 emersisse
1360 5880 1565 5945 morbo,
1596 5882 1688 5937 sed
1732 5882 1899 5937 morbi
1932 5880 2179 5949 reliquias
2204 5879 2381 5934 adhuc

813 5964 1146 6024 circumferre
1171 5988 1184 6025 :
1214 5980 1269 6027 et
1297 5970 1481 6026 adesse
1510 5972 1607 6026 sibi
1633 5973 1843 6046 quidem
1870 5971 2101 6027 medicos
2126 5970 2376 6039 optimos,

3968 589 4070 644 Ξῧὲ

2504 692 2596 742 sed
2616 690 3030 743 necessariarum
3051 705 3225 745 rerum
3242 693 3488 763 inopiam,
3510 692 3778 747 medicina:
3795 698 4069 755 utilitatem

2504 782 2851 848 labefactare;
2884 797 2981 837 nec
3009 785 3165 838 modo
3194 788 3380 843 abesse
3411 787 3791 841 medicamenta
3822 799 4063 847 exteras-

2503 889 2607 941 que
2649 891 2753 938 res,
2786 890 2965 929 verum
2995 875 3153 928 etiam
3200 876 3391 934 famem
3431 888 3485 934 et
3530 890 3725 948 pestem
3757 879 4064 945 imminere;

2504 963 2722 1033 lnecque
2770 966 2904 1019 mala
2934 965 3231 1021 Isaurorum
3281 972 3607 1027 incursiones
3645 973 3941 1040 parturire,
3980 978 4068 1043 qui

2501 1070 2685 1109 omnes
2711 1058 2819 1110 vias
2846 1055 3270 1125 intercluderent,
3302 1059 3529 1132 hincque
3577 1063 3859 1133 periculum
3901 1066 4068 1118 creari

2503 1143 2565 1195 iis
2592 1146 2680 1213 qui
2720 1148 2818 1201 iter
2860 1147 3106 1201 facerent.
3139 1150 3494 1207 Andronicum
3520 1157 3658 1209 enim
3687 1153 3964 1224 quemdam
3995 1155 4069 1207 ait

2501 1234 2551 1286 in
2580 1235 2785 1291 illorum
2817 1254 3000 1294 manus
3021 1239 3287 1307 incidisse,
3310 1250 3465 1311 atque
3492 1246 3558 1298 ab
3580 1247 3642 1300 iis
3668 1246 3965 1316 spoliatum,
3991 1251 4068 1300 sic

2502 1328 2702 1381 salvum
2732 1340 2907 1386 tamen
2930 1334 3177 1387 evasisse.

2572 1417 2892 1475 Constantius
2949 1424 3198 1493 presbyter
3248 1424 3302 1477 in
3360 1420 3580 1493 Cyprum
3628 1428 3776 1498 fugit.
3826 1460 3897 1469 —
3946 1429 4061 1484 Non

2500 1506 2602 1576 ipsi
2647 1523 2859 1579 semper
2909 1523 3103 1583 prmsto
3132 1515 3274 1567 fuere
3320 1514 3505 1567 medici
3540 1532 3553 1566 :
3586 1531 3705 1569 nam
3750 1519 3801 1573 in
3844 1520 4061 1587 epistola

2500 1599 2601 1651 105
2652 1599 2718 1651 ad
2764 1598 3087 1657 Chalcidiam
3133 1604 3205 1657 ait
3245 1618 3302 1657 se
3351 1603 3671 1657 medicorum
3720 1608 3929 1673 penuria
3983 1610 4062 1661 Ia.-

2500 1691 2707 1744 horare.
2741 1692 2864 1747 Ilaec
2893 1711 3018 1749 vero
3046 1696 3309 1750 Chalcidia
3332 1695 3521 1749 virtute
3546 1695 3795 1763 singulari
3825 1701 4061 1765 pra-dita,

2498 1798 2616 1850 qua:
2647 1798 2861 1852 magnas
2900 1803 2993 1855 per
3020 1788 3176 1841 vitam
3202 1804 3348 1841 suam
3375 1801 3636 1841 aerumnas
3662 1803 3811 1856 passa
3859 1789 4056 1853 fuerat,

2498 1872 2551 1925 in
2580 1875 2813 1927 omnium
2834 1878 3195 1943 gravissimam
3222 1887 3343 1932 tunc
3368 1878 3640 1932 inciderat.
3666 1879 3806 1931 Illam
3833 1894 3958 1933 vero
3978 1896 4060 1932 so-

2497 1962 2636 2017 latur
2658 1962 3088 2035 Chrysostomus,
3128 1966 3266 2022 fluxa
3291 1983 3409 2023 esse
3460 1970 3737 2037 prmsentia
3783 1979 3890 2023 tum
3924 1970 4058 2024 bona

2496 2060 2605 2105 tum
2635 2055 2770 2109 mala
2801 2057 3001 2121 dicens,
3024 2067 3077 2112 et
3104 2073 3363 2112 atrumnas
3386 2067 3581 2127 quanto
3608 2060 3873 2127 graviores
3900 2070 4058 2127 sunt,

2497 2151 2643 2197 tanto
2668 2146 2869 2213 majora
2896 2148 3108 2216 praemia
3126 2156 3177 2200 et
3196 2162 3417 2201 coronas
3440 2148 3740 2202 conciliare.
3772 2150 3915 2205 lianc
3934 2166 4061 2205 vero

2496 2248 2685 2287 novam
2716 2235 3003 2291 Chalcidis:
3028 2252 3317 2291 aerumnam
3347 2251 3464 2291 esse
3499 2251 3654 2305 posse
3683 2239 3919 2307 opinatur
3950 2238 4059 2295 Til-

2494 2325 2779 2381 lemontius
2804 2328 3090 2382 Constantii
3120 2329 3410 2399 presbyteri
3438 2329 3539 2384 sibi
3563 2329 3977 2397 conjunctissimi
4006 2344 4060 2387 et

2492 2414 2776 2471 Chalcidia:
2800 2418 2990 2472 addicti
3026 2433 3202 2472 casum
3234 2419 3397 2485 illum,
3429 2420 3517 2489 qui
3555 2435 3582 2472 a
3612 2420 3843 2476 Palladio
3873 2439 4058 2476 narra-

2494 2513 2579 2559 tur
2608 2505 2853 2575 (Pattud.
2883 2508 3110 2578 Dialog.)
3147 2527 3160 2562 :
3187 2523 3307 2564 cum
3336 2510 3578 2565 videlicet
3602 2511 3923 2583 Porphyrius
3950 2518 4057 2568 An-

2493 2597 2788 2665 tiochenns,
2818 2615 2954 2669 :cgre
2994 2600 3177 2654 videns
3223 2601 3369 2655 illum
3413 2602 3482 2656 ob
3532 2604 3845 2673 singularem
3888 2610 4054 2676 pieta-

2492 2695 2597 2741 tem
2624 2690 2676 2742 in
2718 2691 2884 2756 pretio
2931 2689 3140 2756 haberi,
3184 2692 3417 2759 pecuniis
3445 2692 3741 2762 impetravit
3770 2694 4055 2765 Imperato-

2491 2778 2595 2832 rias
2626 2780 2822 2844 literas,
2848 2782 3001 2850 queis
3029 2782 3116 2836 ille
3142 2790 3199 2836 ut
3227 2784 3403 2852 populi
3435 2787 3767 2852 perturbator
3796 2788 3847 2841 in
3879 2790 4052 2843 Uasim

2489 2869 2836 2939 relegabatur.
2868 2871 3017 2938 Quod
3046 2881 3103 2926 ut
3143 2874 3353 2927 rescivit
3380 2874 3735 2941 Constantius,
3768 2880 4051 2933 amicorum

2489 2960 2726 3015 subsidio
2750 2963 2800 3016 in
2830 2962 3063 3033 Cyprum
3086 2963 3302 3033 aufugit.

2560 3052 2866 3108 Theodotus
2890 3068 3015 3108 vero
3054 3054 3306 3110 diaconus
3346 3053 3724 3127 Chrysostomo
3758 3060 4049 3117 addietissi-

2488 3156 2627 3207 mus,
2657 3141 2724 3196 de
2752 3158 2856 3211 quo
2876 3158 3033 3212 supra
3060 3144 3403 3213 loquebamur
3422 3186 3435 3207 ,
3464 3147 3514 3199 in
3544 3150 3832 3215 asperrima
3882 3151 4050 3205 hieme

2489 3232 2660 3300 ipsum
2713 3232 2975 3288 invisurus
3017 3234 3320 3288 Arabissum
3365 3246 3611 3298 venerat,
3657 3247 3813 3306 atque
3862 3238 4049 3293 iterum

2487 3331 2740 3377 venturus
2767 3332 2913 3390 erat,
2950 3324 3051 3377 nisi
3093 3324 3254 3379 Isauri
3282 3325 3393 3379 vias
3420 3327 3825 3394 prznclusissent.
3851 3328 4049 3384 Eodem

2486 3414 2697 3469 circiter
2736 3424 2972 3484 tempore
2997 3424 3050 3469 et
3081 3413 3303 3469 fortasse
3332 3431 3449 3469 cum
3490 3416 3763 3471 Theodoto
3790 3418 4045 3486 diacono,

2484 3504 2551 3560 ad
2578 3505 3014 3576 Chrysostomum
3037 3506 3179 3561 venit
3199 3506 3501 3561 Theodotus
3523 3508 3656 3562 alter
3671 3509 3838 3564 lector
3857 3508 4045 3582 (Epist.

2486 3595 2601 3667 61),
2634 3597 2775 3651 filius
2801 3597 3059 3652 Theodoti
3087 3614 3150 3652 ex
3178 3598 3558 3662 consularibus,
3590 3616 3746 3670 quem
3773 3612 3923 3672 pater
3947 3603 4046 3656 mi-

2483 3699 2626 3745 serat
2643 3690 2708 3744 ad
2734 3689 3190 3761 Chrysostomum,
3216 3700 3273 3743 ut
3299 3690 3464 3759 ipsius
3483 3689 3718 3745 doctrina
3735 3701 3787 3746 et
3807 3693 4047 3761 exemplo

2483 3780 2535 3835 in
2565 3795 2687 3834 vera
2714 3779 3072 3848 pltilOSOphia,
3103 3794 3260 3849 (piam
3308 3778 3682 3849 profitebatur,
3711 3781 3919 3836 radices
3948 3798 4043 3849 p0-

2480 3886 2608 3926 nere
2650 3871 2884 3935 valeret;
2930 3870 3221 3939 eodemque
3268 3878 3503 3938 tempore
3544 3869 3847 3924 Theodotus
3901 3880 4046 3939 pater

2479 3976 2697 4016 munera
2718 3961 3097 4031 Chrysostomo
3126 3960 3301 4026 misit,
3340 3958 3753 4029 precabaturque
3781 3960 3925 4014 illum
3944 4001 3960 4025 ,
3989 3970 4044 4014 ut

2480 4052 2644 4107 filium
2676 4066 2829 4106 suum
2856 4050 2992 4121 apud
3022 4066 3080 4106 se
3108 4052 3378 4105 retineret.
3408 4050 3696 4119 Respondit
3724 4066 3853 4105 vero
3880 4050 4041 4105 Joan-

2481 4159 2576 4198 nes
2604 4152 2785 4197 noster
2821 4157 2879 4197 se
2910 4143 3019 4213 jam
3062 4158 3091 4196 a
3119 4142 3392 4197 Theodoto
3419 4152 3617 4197 tantum
3658 4157 3846 4196 munus
3887 4156 4041 4196 acce-

2480 4236 2652 4305 pisse,
2683 4250 2803 4289 cum
2844 4234 3005 4289 filium
3040 4250 3191 4290 suum
3232 4243 3372 4289 tanta
3406 4236 3600 4288 virtute
3643 4234 3915 4301 prreditum
3942 4234 4038 4286 sibi

2480 4330 2657 4394 misit,
2690 4337 2744 4382 ut
2770 4344 3103 4397 summopere
3148 4327 3403 4391 miretur,
3445 4325 3582 4393 quod
3612 4325 3728 4377 aliis
3752 4338 3955 4392 quoque
3984 4338 4042 4377 se

2481 4421 2785 4475 muneribus
2830 4420 3100 4475 cumulare
3144 4418 3414 4470 voluerit:
3457 4421 3777 4482 quapropter
3822 4427 4038 4466 munera

2479 4513 2666 4568 isthaec
2703 4513 2799 4582 ipsi
2840 4511 3075 4573 remisit;
3116 4510 3277 4561 lilium
3308 4520 3432 4559 vero
3466 4508 3580 4571 ejus
3619 4518 3675 4557 se
3698 4502 4041 4558 libentissime

2479 4614 2804 4658 retenturum
2834 4602 2993 4655 fuisse
3013 4600 3163 4661 dixit,
3192 4596 3283 4649 sed
3314 4596 3431 4664 quia
3460 4594 3621 4647 Isauri
3644 4595 3816 4647 omnia
3843 4596 4039 4649 circum

2480 4693 2621 4748 ferro
2666 4694 2888 4761 igneque
2925 4689 3310 4759 pOpulabantur
3332 4727 3347 4749 ,
3381 4686 3597 4755 ipseque
3634 4685 3865 4754 quotidie
3888 4686 4040 4741 sedes

2481 4793 2685 4838 mutare
2721 4782 3040 4851 cogebatur,
3085 4778 3203 4833 ideo
3229 4793 3289 4833 se
3324 4779 3465 4832 illum
3506 4776 3780 4833 Theodoto
3821 4776 4042 4831 diacono

2479 4873 2707 4934 misisse,
2734 4869 3111 4939 mandasseque
3141 4868 3213 4922 illi
3233 4878 3289 4923 ut
3310 4867 3568 4923 Theodoti
3598 4868 3808 4923 lectoris
3832 4869 4041 4921 assidue

2480 4977 2658 5017 curam
2682 4971 2920 5032 gereret,
2966 4962 3018 5016 in
3059 4960 3215 5032 idque
3252 4976 3441 5032 magno
3466 4960 3639 5016 studio
3682 4970 3737 5013 et
3771 4959 4038 5027 diligentia

2480 5055 2825 5110 incumberet.

2550 5145 2795 5201 Theodoti
2824 5147 3016 5202 lectori:
3042 5147 3266 5201 historia.
3292 5172 3364 5187 ——
3391 5142 3691 5198 Theodotus
3739 5149 3913 5193 autem
3963 5138 4039 5192 le-

2480 5249 2595 5295 ctor
2622 5249 2800 5309 postea
2830 5238 2967 5308 apud
2996 5238 3431 5308 Chrysostomum
3454 5248 3571 5287 sese
3606 5228 3874 5283 excusavit
3901 5227 4039 5296 quod

2478 5332 2545 5386 ab
2576 5332 2666 5385 illa
2691 5332 2997 5385 secessisset
3025 5345 3037 5379 :
3070 5328 3335 5381 discessus
3363 5336 3489 5377 vero
3516 5334 3727 5375 causam
3775 5318 3935 5372 fuisse
3958 5318 4039 5370 di-

2479 5425 2649 5488 cebat,
2684 5432 2791 5476 tum
2813 5419 2949 5490 quod
2970 5419 3240 5472 oculorum
3271 5413 3571 5470 inﬁrmitate
3609 5410 3901 5472 laboraret,
3932 5417 4038 5462 tum

2481 5515 2620 5585 quod
2651 5515 2867 5568 nimium
2895 5510 3055 5579 frigus
3082 5510 3453 5565 extimesceret
3478 5519 3492 5555 :
3521 5500 3727 5555 dicebat
3753 5498 3910 5552 etiam
3941 5499 4037 5553 ali-

2480 5619 2613 5675 quos
2638 5617 2757 5658 esse
2786 5602 2873 5671 qui
2901 5601 2999 5655 sibi
3029 5600 3244 5655 insidias
3269 5600 3553 5653 struerent,
3582 5588 3631 5642 id
3653 5597 3753 5654 est,
3782 5597 3839 5642 ut
3861 5604 3924 5643 ex
3953 5605 4040 5643 se-

2482 5692 2763 5763 quentibus
2783 5692 2965 5762 liquet,
2991 5691 3080 5761 qui
3106 5698 3309 5761 patrcm
3339 5698 3491 5738 suum
3526 5679 3801 5734 adversum
3827 5694 3885 5735 se
3912 5695 4040 5735 cou-

2482 5788 2722 5841 citarent.
2765 5785 2990 5856 Reponit
3023 5782 3433 5853 ChrysoStomus
3467 5775 3519 5828 iu
3564 5773 3780 5841 epistola
3819 5775 3954 5838 I56,
3982 5787 4039 5826 se

2483 5876 2811 5931 Theodotum
2852 5876 2999 5945 quasi
3047 5877 3361 5941 prmscntem
3392 5878 3600 5933 semper
3629 5864 3853 5931 habere,
3883 5874 4039 5933 atque

2484 5966 2661 6021 animo
2687 5966 3000 6037 complecti;
3031 5963 3375 6027 hortaturque
3404 5956 3549 6012 illum
3576 5966 3635 6013 ut
3661 5956 3795 6012 mala
3818 5968 4035 6026 quaequo
