4506 6706
428 593 537 648 2:3

433 709 711 779 pnesentia
728 702 1147 774 spernat,utpote
1159 692 1439 757 llnxa,quae
1451 697 1660 779 semper
1676 678 2010 779 manentibus

437 773 669 867 praemiis
695 773 1105 860 compensentur
1126 821 1141 846 ,
1169 791 1328 848 atque
1352 785 1409 831 ut
1435 774 1647 830 assidue
1676 773 2008 867 Scripturam

434 860 637 944 sacram
680 888 852 952 legat,
880 883 1133 946 quantum
1159 885 1252 940 per
1278 867 1549 922 oculorum
1593 860 2011 952 imbecillitatem

436 980 631 1035 licebit.
673 947 803 1028 Cum
846 980 1008 1036 porro
1035 962 1281 1018 maeroris
1309 974 1483 1014 causae
1520 953 1797 1011 Theodoto
1826 947 2010 1002 lectori

436 1083 648 1138 semper
677 1065 1066 1121 increscerent,
1112 1053 1275 1124 patris
1318 1060 1375 1106 ut
1420 1052 1624 1104 videtur
1668 1048 2011 1138 exasperatus

438 1131 645 1215 animus
684 1164 739 1208 et
773 1150 1045 1205 ocalorum
1094 1146 1457 1209 imbecillitas;
1504 1141 1587 1193 his
1626 1136 1694 1192 de
1729 1133 1903 1188 causis
1944 1131 2011 1184 ad

436 1250 889 1316 Chrysostomum
908 1234 1270 1308 seripsit:qui
1309 1250 1373 1290 ea
1402 1246 1503 1303 qua
1533 1242 1628 1297 par
1665 1234 1778 1279 erat
1820 1236 2013 1316 conso-

439 1314 635 1392 latione
660 1334 808 1387 illum
835 1330 1089 1385 recreavit
1116 1331 1168 1384 in
1207 1326 1430 1397 epistola
1460 1319 1564 1375 109.
1593 1337 1607 1372 :
1646 1319 1783 1371 circa
1826 1314 2012 1369 oculo-

437 1444 557 1483 rum
588 1424 997 1480 invaletudincm
1026 1424 1267 1477 hortatur
1291 1419 1442 1472 illum
1471 1421 1526 1467 ut
1556 1411 1789 1465 medicos
1813 1423 2013 1464 consu-

441 1523 535 1586 lat,
562 1530 616 1574 et
642 1518 709 1573 ad
730 1533 840 1573 rem
871 1526 1068 1572 tantam
1090 1511 1356 1582 advigilet.
1379 1506 1521 1562 Patri
1550 1503 1686 1558 haud
1707 1504 1864 1557 dubie
1884 1499 2016 1555 scri-

442 1614 547 1683 psit
572 1609 1002 1682 Chrysostomus,
1035 1616 1091 1661 ut
1120 1606 1265 1659 illum
1295 1615 1415 1656 cum
1448 1598 1555 1651 ﬁlio
1596 1598 1831 1667 pacatius
1858 1607 2015 1665 agere

441 1714 671 1761 curaret.
694 1705 825 1771 Quae
843 1716 931 1756 res
960 1716 1025 1755 ex
1055 1707 1176 1751 voto
1198 1692 1361 1749 cessit
1390 1691 1487 1758 illi,
1519 1698 1576 1744 ut
1620 1691 1781 1760 liquet
1810 1705 1874 1744 ex
1905 1687 2017 1757 epi-

441 1794 577 1848 stola
618 1794 737 1848 141.
781 1791 912 1845 Nam
955 1803 1078 1844 cum
1107 1783 1411 1839 Theodotus
1454 1781 1619 1836 lector
1636 1781 2017 1852 Chrysostomo

442 1885 820 1954 scripsissetse
842 1897 872 1936 a
900 1891 1048 1950 patre
1077 1875 1371 1931 honoriﬁce
1399 1883 1674 1943 evceptum
1700 1872 1891 1939 fuisse;
1927 1871 2018 1926 illo

443 1974 718 2029 Theodoto
758 1969 1087 2027 exconsulari
1133 1964 1265 2035 patri
1310 1964 1601 2033 rescripsit,
1628 1964 1823 2033 gratias
1856 1975 2019 2032 agens

444 2066 584 2135 quod
614 2081 723 2119 rem
755 2064 828 2118 ita
850 2057 1243 2129 composuerit,
1273 2055 1611 2126 hortaturque
1639 2055 1787 2110 illum
1816 2063 1873 2108 ut
1895 2069 2018 2108 cum

447 2158 560 2226 pari
588 2155 778 2211 affectu
802 2153 1056 2219 deinceps
1083 2147 1349 2217 procedat.

519 2246 766 2300 Armenia:
794 2243 928 2295 mala
956 2251 1163 2308 quanta.
1186 2268 1256 2279 -—
1279 2238 1550 2292 Theodoto
1588 2238 1746 2291 etiam
1795 2237 2020 2290 diacono

449 2334 756 2389 ﬁdelissimo
784 2344 881 2384 suo
909 2328 1137 2397 scripsit,
1168 2339 1437 2398 postquam
1478 2330 1523 2382 is
1546 2326 1798 2380 Arabisso
1817 2325 2022 2378 disces-

447 2433 610 2489 serat,
640 2437 697 2477 se
723 2421 961 2477 absentia
988 2419 1151 2489 ipsius
1192 2421 1422 2474 maxime
1450 2417 1685 2488 torqueri
1714 2416 2019 2478 declarans,

448 2522 527 2568 tot
552 2527 740 2583 nempe
760 2512 914 2566 malis
942 2511 1345 2579 circumseptum
1379 2506 1577 2579 (Epist.
1609 2506 1740 2576 67).
1773 2506 2024 2574 Queritur

448 2605 610 2658 etiam
630 2618 687 2658 se
704 2602 1089 2672 infrequentius
1113 2601 1295 2655 literas
1318 2599 1494 2653 abillo
1512 2598 1740 2653 directas
1756 2598 2018 2667 accipere;

447 2697 641 2753 fatetur
666 2706 843 2751 tamen
874 2694 1164 2749 tabellariis
1192 2692 1504 2747 interclusas
1527 2706 1649 2747 esse
1686 2691 1800 2745 vias
1828 2707 1842 2744 :
1874 2699 2024 2761 rogat

449 2803 599 2858 ergo.
627 2788 671 2841 si
699 2787 996 2857 pauciores,
1027 2786 1290 2856 longiores
1328 2784 1515 2838 saltem
1545 2784 1797 2853 epistolas
1825 2783 2019 2837 mittat.

453 2878 508 2933 In
539 2879 777 2948 sequenti
806 2886 982 2932 autem
1013 2877 1081 2931 68
1106 2892 1165 2931 se
1187 2875 1319 2930 duas
1343 2874 1459 2944 ejus
1482 2874 1733 2943 epistolas
1754 2873 2023 2942 accepisse

447 2970 522 3022 ait
545 2984 666 3024 cum
689 2966 887 3037 ingenti
926 2967 1135 3032 laetitia,
1165 2974 1296 3020 etut
1327 2964 1636 3035 frequenter
1668 2964 1720 3017 id
1746 2963 1901 3018 faciat
1927 2978 2023 3017 co-

447 3060 707 3114 hortatur.
732 3059 866 3113 llinc
885 3066 1078 3126 quanta
1104 3063 1285 3110 essent
1303 3054 1569 3109 Armenia:
1594 3054 1729 3106 mala
1751 3052 2022 3107 describit.

448 3150 527 3205 lbi
562 3160 685 3204 tunc
711 3149 895 3203 videre
939 3156 1054 3202 erat
1093 3154 1341 3200 cruentos
1367 3151 1662 3210 torrentes,
1707 3142 2023 3198 cadaverum

446 3240 675 3310 agmina.
696 3239 884 3293 domos
914 3237 1027 3291 solo
1052 3245 1307 3305 aequatas,
1333 3233 1493 3288 urbes
1520 3249 1755 3289 eversas.
1780 3234 1890 3289 Sub
1912 3234 2026 3289 haec

448 3342 627 3386 autem
668 3330 973 3385 Theodotus
996 3343 1207 3398 quoque
1241 3334 1563 3396 conquestus
1587 3334 1698 3389 est,
1728 3325 1867 3394 quod
1897 3340 2028 3395 pau-

448 3423 625 3477 ciores
652 3435 765 3492 ipse
799 3417 1165 3490 Chrysostomi
1196 3417 1375 3471 literas
1417 3415 1698 3485 acciperet.
1730 3415 2027 3484 Respondit

448 3514 540 3568 ille
582 3514 634 3566 in
669 3514 826 3582 epist.
853 3512 985 3574 157,
1026 3509 1354 3564 Theodotum
1394 3506 1611 3562 totidem
1656 3507 1873 3574 literas,
1918 3523 2023 3562 una

447 3606 623 3660 minus
654 3619 683 3657 a
708 3618 766 3657 se
793 3602 1082 3670 accepisse,
1105 3608 1232 3669 quot
1260 3599 1373 3667 ipse
1407 3605 1702 3666 acceperat.
1731 3597 1809 3652 De
1827 3606 2023 3652 caetero

448 3696 689 3751 hortatur
718 3705 775 3748 ut
796 3708 954 3762 quam
984 3690 1275 3760 saepissime
1308 3688 1503 3758 poterit
1525 3688 1592 3743 ad
1630 3702 1691 3743 se
1709 3689 1932 3754 scribat;
1976 3689 2022 3742 si

447 3795 624 3841 autem
656 3786 737 3840 vel
766 3785 891 3838 anni
931 3790 1218 3852 tempestas
1256 3780 1339 3836 vel
1367 3780 1665 3835 Isaurorum
1696 3779 1940 3837 incursus
1970 3780 2023 3834 id

449 3876 785 3946 prohibeant,
816 3888 937 3929 cum
956 3872 1071 3941 ejus
1099 3872 1307 3926 animus
1321 3871 1419 3925 sibi
1447 3871 1756 3940 exploratus
1778 3872 1866 3933 sit,
1899 3870 2023 3925 hinc

447 3984 507 4023 se
522 3967 751 4036 amplam
770 3964 1005 4021 diuturni
1022 3961 1220 4017 silentii
1239 3960 1656 4016 consolationem
1681 3971 2021 4032 accepturum

447 4073 587 4112 esse.

520 4147 779 4200 i’lurimas
806 4158 1017 4214 quoque
1040 4143 1193 4209 alias,
1222 4142 1457 4197 Arabissi
1488 4142 1743 4208 inclusus,
1775 4142 2026 4213 epistolas

447 4239 695 4308 scripsit.
722 4238 772 4291 in
805 4236 956 4305 queis
982 4236 1047 4290 ad
1076 4235 1315 4289 diversos
1346 4235 1531 4287 eadem
1556 4232 1725 4288 ferme
1753 4244 2021 4298 recenset,

448 4345 508 4385 se
553 4343 742 4398 nempe
770 4328 1031 4383 inclusum
1081 4325 1153 4379 ibi
1200 4339 1439 4391 manere,
1465 4338 1584 4377 cum
1628 4324 2026 4394 a'gritudinibus

449 4419 761 4485 conflictari,
789 4418 998 4473 Isauros
1017 4418 1194 4472 omnia
1223 4419 1422 4472 circum
1447 4416 1777 4487 depopulari,
1808 4416 2020 4484 oppida,

450 4512 596 4565 vicos
620 4517 674 4564 et
689 4523 907 4577 campos
930 4509 1159 4562 humano
1184 4509 1439 4578 sanguine
1467 4517 1745 4562 cruentare
1765 4547 1779 4571 ,
1810 4507 1921 4560 vias
1948 4506 2027 4560 in-

452 4600 709 4657 terclusas
732 4612 871 4661 esse,
902 4598 972 4650 ita
1011 4604 1069 4649 ut
1108 4597 1290 4650 literas
1314 4597 1401 4651 vel
1441 4598 1651 4651 mittere
1678 4596 1762 4650 vel
1789 4597 2026 4665 recipere

453 4692 721 4749 rarissime
747 4688 937 4759 possit.
958 4686 1058 4741 Ubi
1082 4686 1387 4741 consideres
1406 4688 1585 4753 velim,
1612 4701 1769 4757 quam
1798 4686 2026 4740 nefando

450 4784 577 4840 odio
600 4788 657 4837 et
682 4781 850 4834 livore
889 4776 1087 4831 inimici
1111 4777 1226 4843 ejus
1250 4776 1391 4829 ducti
1417 4776 1608 4831 fuerint
1644 4794 1657 4830 :
1689 4790 1859 4845 neque
1883 4777 2025 4829 enim

451 4876 582 4929 satis
609 4872 844 4927 habuere
864 4869 1010 4923 illum
1039 4882 1105 4922 ex
1136 4866 1264 4921 sede
1292 4882 1382 4919 sua
1405 4866 1688 4935 depulisse,
1718 4867 1812 4921 sed
1838 4868 1892 4920 in
1912 4868 2025 4921 loca

455 4965 545 5018 illa
570 4962 801 5024 deserta,
833 4956 1221 5013 incursionibus
1243 4956 1583 5010 barbarorum
1606 4954 1864 5011 funestata
1887 4997 1903 5022 ,
1934 4959 2029 5012 ab-

454 5053 575 5106 duci
601 5063 872 5105 curavere.
896 5048 1007 5102 lmo
1034 5060 1180 5109 vero,
1213 5046 1333 5113 quia
1358 5045 1483 5098 tanti
1503 5045 1599 5098 viri
1630 5045 1764 5098 fama
1794 5055 1847 5099 ct
1876 5061 2029 5099 sanc-

454 5141 673 5197 timonia
694 5142 998 5195 innumeros
1022 5136 1073 5189 in
1101 5135 1214 5190 loca
1236 5136 1323 5189 illa
1347 5146 1449 5189 tam
1475 5135 1656 5207 procul
1680 5137 1844 5205 posita
1861 5146 2027 5190 attra-

456 5236 617 5290 hebat
636 5276 651 5301 ,
700 5235 753 5287 in
780 5240 1063 5291 extremos,
1087 5238 1144 5281 ut
1171 5244 1294 5282 mox
1321 5229 1634 5291 videbimus,
1663 5228 1872 5298 imperii
1895 5228 2027 5283 ﬁnes

459 5328 605 5379 illum
634 5334 818 5396 postea
843 5320 1112 5377 amandari
1142 5336 1413 5373 curavere.
1440 5321 1693 5376 Arabisso
1722 5330 1895 5375 autem
1926 5321 2028 5376 Cu-

457 5431 643 5469 cusnm
682 5416 905 5470 rediisse
931 5420 1141 5482 putatur
1164 5424 1303 5463 anno
1328 5410 1452 5464 406.

529 5504 913 5575 Chrysoslomus
941 5504 1007 5557 ad
1036 5502 1381 5557 Occidentales
1407 5502 1685 5573 Episwpos
1716 5504 1884 5559 literas
1910 5506 2028 5559 mit—

462 5594 541 5647 tit.
562 5622 635 5632 —
657 5594 787 5648 Cum
817 5609 979 5665 porro
1017 5593 1178 5648 sciret
1222 5590 1631 5661 Chrysostomus
1668 5592 2033 5649 Occidentales

461 5685 740 5754 episcopos
760 5699 789 5737 a
822 5686 1061 5754 partibus
1090 5685 1200 5739 suis
1220 5692 1381 5747 stare,
1414 5691 1467 5737 et
1490 5698 1552 5738 ea
1579 5699 1697 5753 qua:
1731 5684 2035 5741 Constanti-

463 5777 641 5849 nopoli
662 5784 716 5832 et
741 5776 791 5830 in
817 5777 1127 5846 expulsione
1151 5792 1248 5832 sua
1273 5786 1327 5832 et
1347 5786 1526 5846 postea
1552 5787 1694 5845 gesta
1717 5776 1924 5832 fuerant
1944 5795 2039 5834 ve-

467 5870 742 5925 hementer
766 5867 1064 5937 improbare
1083 5908 1097 5934 ,
1128 5869 1378 5939 epistolas
1403 5868 1539 5924 bene
1568 5867 1757 5922 multas
1796 5868 1862 5922 ad
1908 5884 2033 5925 eos-

466 5964 587 6020 dem
614 5962 891 6031 episc0pos
918 5959 1079 6025 misit,
1110 5969 1162 6015 et
1190 5960 1401 6029 quidem
1441 5975 1536 6031 per
1574 5958 1852 6016 Evethium
1911 5977 2033 6031 pre.

1554 565 1731 624 NUNC
1766 558 2029 620 PRIMUM
2057 556 2447 614 ADORNATA.

3576 560 3682 616 233-5

2118 676 2411 747 sbyterum,
2438 688 2596 744 quem
2639 675 2692 729 in
2736 674 3101 731 Occidentales
3142 684 3321 746 partes
3360 677 3520 731 misit.
3548 681 3679 747 Qua:

2115 767 2219 822 152
2246 765 2548 820 inscribitur
2567 808 2581 829 ,
2608 766 2671 819 ad
2698 767 2975 836 episcopos
3005 767 3161 820 missa
3189 765 3514 836 signiﬁcatur
3536 809 3552 833 ,
3585 784 3682 824 nec

2115 856 2165 909 in
2192 856 2343 909 titulo
2380 854 2742 910 Occidentales
2790 864 3173 910 memorantur.
3203 855 3309 911 Sed
3352 874 3381 912 a
3426 859 3684 928 principio

2113 946 2179 1000 ad
2200 944 2564 1002 Occidentales
2591 946 2744 1016 dirigi
2767 947 3029 1002 indicatur
3055 945 3140 1002 his
3164 948 3339 1002 verbis
3370 965 3385 1003 :
3417 949 3483 1002 Et
3514 952 3685 1016 priva-

2114 1036 2203 1089 tim
2239 1034 2451 1104 singulis
2475 1044 2522 1090 et
2546 1038 2812 1091 universim
2841 1040 3068 1093 omnibus
3092 1041 3282 1110 gratias
3323 1040 3460 1093 vobis
3492 1042 3686 1111 deferre

2114 1127 2371 1189 debemus,
2399 1143 2498 1179 non
2528 1144 2618 1181 nos
2647 1127 2911 1194 duntaxat,
2938 1132 3024 1183 sed
3042 1133 3188 1185 etiam
3213 1149 3384 1187 omnes
3408 1131 3688 1188 Orientales

2113 1217 2351 1287 episcopi,
2377 1217 2685 1271 diversarum
2709 1220 2908 1273 urbium
2934 1222 3122 1284 clerici,
3147 1239 3205 1275 ac
3233 1223 3351 1277 laici
3378 1225 3515 1278 vario
3538 1225 3688 1277 modo

2115 1310 2281 1377 pulsi,
2307 1310 2440 1380 quod
2467 1320 2676 1379 paterna
2713 1312 2902 1365 viscera
2929 1312 3242 1378 exhibentes,
3283 1316 3435 1368 vicem
3466 1325 3689 1369 nostram

2115 1399 2376 1464 doluistis,
2406 1402 2697 1472 fortiterque
2721 1403 2945 1456 stetistis.
2977 1404 3337 1473 llortatnrque
3380 1405 3501 1458 illos
3543 1414 3599 1458 ut
3636 1404 3688 1459 in

2116 1493 2303 1560 emptis
2333 1494 2637 1561 pcrsistant.
2664 1494 2720 1549 ln
2746 1496 3088 1564 sequentibus
3126 1512 3335 1568 quoque
3366 1497 3605 1568 epistolis
3623 1499 3689 1552 ad

2119 1582 2334 1637 eosdem
2366 1584 2543 1638 missis
2566 1585 2668 1639 155
2692 1595 2745 1639 ct
2772 1587 2896 1652 154,
2930 1596 2988 1640 ut
3014 1588 3253 1643 ear-idem
3283 1606 3495 1660 semper
3541 1592 3592 1644 in
3633 1607 3692 1645 re

2120 1684 2363 1743 suscepta
2412 1675 2763 1731 fortitudinem
2789 1678 3077 1733 exhibeant
3116 1680 3376 1746 obsecrat,
3399 1690 3451 1735 et
3486 1692 3694 1751 pertur-

2119 1762 2387 1819 bationem
2415 1764 2579 1831 illam,
2610 1781 2727 1835 qua:
2752 1766 3045 1824 Orientales
3092 1767 3355 1826 Ecclesias
3398 1772 3688 1837 invaserat,

2120 1854 2311 1910 sedare
2335 1865 2614 1911 conentur.

2191 1945 2335 2001 Inter
2353 1947 2631 2017 episcopos
2650 1956 2824 2001 autem
2854 1948 2993 2015 illos,
3017 1950 3106 2019 qui
3125 1949 3488 2021 Chrysostomi
3518 1964 3694 2022 partes

2120 2035 2347 2104 amplexi
2398 2035 2639 2103 fuerant,
2685 2037 2951 2093 eminebat
3002 2038 3373 2107 Chromatius,
3418 2040 3697 2112 episcopus

2121 2125 2502 2194 Aquileiensis,
2535 2127 2624 2195 qui
2656 2128 2778 2181 tuba
2804 2129 3017 2193 clarius,
3050 2129 3468 2199 inquitJoannes
3491 2140 3693 2198 noster,

2125 2228 2225 2281 pro
2250 2229 2407 2267 causa
2429 2216 2593 2283 ipsius
2622 2226 2675 2269 et
2699 2227 2883 2271 contra
2910 2220 3241 2277 adversarios
3281 2236 3406 2278 suos
3433 2223 3695 2277 declama-

2123 2305 2232 2358 bat.
2265 2304 2433 2375 llujus
2460 2317 2745 2377 conspectu
2768 2319 2926 2378 atque
2953 2324 3241 2381 congressu
3264 2312 3362 2367 frni
3388 2316 3697 2383 peroptahat

2127 2394 2575 2468 Chrysostomus;
2604 2400 2695 2455 sed
2730 2402 2851 2471 quia
2884 2402 3007 2457 illud
3039 2404 3293 2473 temporis
3334 2406 3568 2459 conditio
3595 2424 3698 2462 non

2125 2486 2350 2554 ferebat,
2375 2489 2653 2543 Evethium
2676 2490 3069 2562 presbyterum,
3096 2494 3186 2563 qui
3205 2493 3306 2549 sibi
3326 2509 3356 2547 a
3380 2495 3542 2550 latere
3561 2512 3699 2549 sem-

2125 2596 2224 2648 per
2246 2581 2440 2647 stabat,
2471 2581 2539 2635 ad
2580 2581 2729 2636 illum
2758 2583 2930 2649 misit,
2972 2600 3194 2651 precans
3220 2595 3277 2640 ut
3303 2586 3533 2656 benigne
3559 2588 3699 2642 exci-

2125 2680 2298 2742 peret,
2331 2686 2394 2725 ac
2424 2672 2668 2727 redeunti
2699 2673 2878 2728 literas
2899 2674 3050 2729 daret
3084 2676 3181 2730 sibi
3207 2676 3543 2743 afferendas;
3590 2688 3700 2733 tum

2124 2764 2282 2818 etiam
2306 2805 2320 2830 ,
2350 2764 2395 2818 si
2435 2764 2741 2819 tabellarios
2782 2765 3012 2820 nancisci
3059 2775 3266 2835 posset,
3313 2766 3381 2822 de
3410 2769 3580 2822 salute
3605 2783 3701 2822 sua

2125 2856 2406 2909 certiorem
2448 2871 2506 2910 se
2532 2856 2745 2911 faceret.
2776 2856 2874 2911 llic
2912 2871 3038 2911 vero
3072 2857 3408 2912 Chromatius
3432 2860 3497 2911 ad
3540 2858 3699 2913 Joan-

2128 2962 2251 3001 nem
2288 2957 2528 3001 nostrum
2568 2949 2815 3018 scripsit,
2847 2958 2903 3003 ut
2928 2958 3188 3003 memorat
3227 2950 3493 3005 Palladius
3537 2952 3588 3005 in
3612 2951 3700 3006 Vi-

2128 3047 2179 3091 ta
2239 3036 2621 3108 Chrysostomi.
2683 3039 2851 3108 Hujus
2904 3040 3064 3093 etiam
3125 3042 3325 3094 mentio
3376 3041 3602 3096 habetur
3647 3042 3698 3095 in

2125 3128 2282 3197 epist.
2332 3128 2622 3183 Innocentii
2664 3129 2731 3182 ad
2780 3129 3236 3200 Chrysostonmm.
3290 3131 3441 3185 Hunc
3491 3147 3699 3202 quoque

2125 3218 2490 3274 Chromatium
2539 3222 2932 3291 Aquileiensem
2980 3222 3274 3279 honoriﬁce
3320 3240 3699 3282 commemorat

2127 3308 2481 3380 Hieronymus
2506 3311 2814 3380 praefatione
2844 3312 2897 3367 in
2929 3312 3127 3367 librum
3169 3313 3609 3386 Paralipomenon
3649 3328 3700 3373 et

2128 3403 2180 3456 in
2208 3404 2428 3472 epistola
2454 3403 2543 3459 66.

2196 3495 2473 3566 Episcopis
2500 3497 2659 3551 etiam
2689 3495 3151 3561 Occidentalibus,
3188 3498 3278 3567 qui
3315 3499 3380 3553 ad
3417 3500 3697 3554 Arcadium

2127 3586 2259 3656 Imp.
2288 3586 2508 3641 Concilii
2536 3588 2847 3642 tecumenici
2875 3588 3175 3657 postulandi
3195 3604 3351 3643 causa
3380 3591 3660 3646 veniebant
3682 3633 3695 3654 ,

2126 3691 2221 3745 per
2246 3677 2525 3733 Evethium
2556 3679 2921 3749 presbyterum
2950 3680 3200 3749 epistolas
3234 3681 3377 3735 misit
3403 3681 3528 3746 156,
3558 3683 3659 3737 157
3681 3726 3696 3749 ,

2126 3766 2250 3833 158,
2276 3768 2398 3832 159,
2428 3768 2613 3823 iisdem
2642 3784 2778 3839 pene
2802 3770 2978 3825 verbis
3003 3780 3310 3840 conceptas,
3340 3771 3695 3827 fortitudinem

2124 3856 2380 3924 laudans,
2413 3873 2774 3929 precatusque,
2807 3868 2865 3914 ut
2896 3863 3159 3915 constanti
3202 3863 3380 3916 animo
3419 3862 3471 3917 in
3502 3879 3559 3918 re
3590 3873 3695 3917 tam

2124 3950 2262 4005 bene
2282 3959 2453 4020 empta
2482 3961 2839 4020 perseverent.
2868 3952 2949 4006 Ad
2979 3953 3091 4007 hare
3117 3968 3243 4008 vero
3267 3955 3543 4023 epistolam
3568 3957 3699 4011 scri-

2126 4042 2234 4112 psit
2258 4042 2360 4097 160
2386 4040 2639 4113 EpiscOpo
2658 4086 2673 4109 ,
2700 4046 2785 4114 qui
2813 4046 2874 4098 ab
2904 4044 3173 4100 Occidente
3200 4056 3399 4101 venerat
3416 4089 3431 4114 ,
3475 4047 3543 4102 ita
3574 4065 3699 4103 con-

2128 4133 2417 4198 cinnatam,
2446 4144 2503 4188 ut
2532 4144 2714 4205 posset
2738 4136 2959 4206 singulis
2987 4137 3412 4194 Occidentalibus
3440 4143 3701 4212 episcopis

2128 4224 2327 4281 oﬁ‘erri.
2357 4226 2686 4299 Presbyteris
2707 4230 2861 4283 etiam
2883 4230 3157 4297 Romanis,
3187 4233 3277 4300 qui
3300 4247 3419 4286 cum
3440 4234 3701 4304 episcOpis

2129 4316 2181 4369 in
2209 4315 2478 4371 Orientem
2500 4327 2775 4383 venerant,
2806 4320 2985 4373 literas
3007 4322 3150 4375 misit
3176 4337 3262 4390 ep.
3297 4322 3416 4383 161,
3443 4338 3536 4391 per
3555 4339 3673 4379 eum

2128 4405 2248 4460 dem
2279 4406 2555 4461 Evethium
2587 4408 2903 4463 afferendas.
2934 4410 3030 4477 Qui
3063 4410 3314 4466 Evethius
3348 4413 3507 4467 etiam
3538 4428 3686 4482 pecn-

2127 4497 2309 4551 liarem
2338 4497 2614 4565 epistolam
2647 4498 2747 4554 162
2770 4498 2837 4554 ad
2868 4500 3145 4572 Anysium,
3173 4500 3700 4559 Thessalonicensem

2128 4588 2456 4657 episcopum,
2482 4589 2681 4655 attulit,
2715 4590 3063 4660 similiterque
3090 4591 3309 4645 alteram
3338 4593 3441 4647 165
3465 4593 3531 4648 ad
3554 4594 3701 4666 Any-

2131 4680 2265 4735 sium
2292 4690 2621 4750 czeterosque
2664 4696 2849 4736 omnes
2875 4682 3195 4737 Macedoniae
3232 4683 3540 4753 episcopos,
3567 4699 3702 4754 quo-

2129 4787 2246 4825 rum
2274 4770 2518 4826 undecim
2548 4772 2921 4837 nominantur;
2958 4781 3010 4827 et
3038 4787 3153 4827 eam
3181 4774 3418 4843 insuper,
3445 4790 3561 4843 quae
3602 4776 3704 4829 ibi

2132 4864 2468 4929 inscribitur,
2496 4864 2562 4917 ad
2593 4863 2952 4918 Alexandrum
2996 4865 3243 4920 Corinthi
3271 4868 3575 4935 episcopum
3593 4909 3608 4934 ,
3635 4868 3702 4923 de

2131 4969 2235 5022 quo
2260 4954 2427 5007 amice
2448 4954 2701 5022 queritur,
2732 4954 2873 5022 quod
2903 4955 3000 5008 sibi
3033 4955 3216 5009 literas
3237 4956 3410 5012 nullas
3437 4958 3629 5012 mittat.

2202 5045 2477 5114 Episcopis
2504 5046 2664 5099 etiam
2713 5047 2815 5103 illis
2854 5048 3247 5115 Orientalibus,
3291 5052 3378 5119 qui
3425 5051 3504 5105 sui
3549 5065 3701 5104 causa

2133 5136 2355 5190 Romam
2386 5151 2443 5190 se
2469 5138 2834 5202 contulerant,
2875 5146 2929 5194 et
2964 5156 3083 5193 cum
3117 5140 3541 5195 Occidentalibus
3588 5145 3702 5208 epi-

2133 5229 2308 5295 scopis
2333 5227 2399 5282 ad
2424 5228 2798 5297 Imperatorem
2820 5229 3100 5283 Arcadium
3120 5230 3433 5300 migrabant,
3458 5232 3707 5299 epiStolas

2134 5320 2278 5374 misit
2299 5321 2421 5386 165,
2454 5321 2555 5376 166
2580 5331 2633 5374 et
2663 5322 2761 5375 167
2794 5338 2808 5372 :
2840 5336 2971 5390 quas
2998 5322 3170 5377 eidem
3217 5323 3439 5377 Evethio
3484 5324 3706 5395 presby-

2137 5417 2251 5463 tero
2282 5410 2409 5479 ipsis
2440 5408 2723 5463 tradendas
2752 5410 3101 5482 consignarit.
3135 5410 3431 5466 Gaudentio
3458 5428 3667 5483 quoque

2136 5499 2385 5553 Brixiano
2410 5498 2689 5569 episcopo,
2736 5515 2891 5569 quem
2917 5500 3026 5570 jam
3054 5500 3176 5554 olim
3222 5511 3477 5569 noverat,
3508 5503 3707 5570 episto-

2138 5590 2241 5644 lam
2270 5590 2368 5645 181
2396 5590 2628 5660 scripsit,
2652 5590 2936 5662 laudatque
2971 5592 3116 5646 illum
3147 5606 3176 5645 a
3198 5594 3492 5647 constantia
3514 5602 3566 5646 et
3597 5592 3706 5647 for-

2142 5681 2365 5736 titudine
2388 5690 2545 5751 atque
2582 5698 2613 5736 a
2648 5684 3072 5753 perseverantia,
3100 5692 3154 5740 et
3181 5685 3361 5755 paucis
3387 5683 3581 5739 indicat
3598 5684 3708 5754 jam

2141 5773 2207 5828 de
2236 5788 2409 5826 rerum
2436 5788 2642 5830 summa
2667 5776 2771 5846 agi.

2214 5868 2391 5941 Legati
2448 5870 2623 5939 itaque
2670 5867 2915 5939 (Pallad.
2959 5866 3217 5939 Dialog.),
3249 5866 3492 5923 Afmilius
3546 5869 3687 5923 Bene

2148 5967 2288 6020 venti
2315 5963 2617 6034 episcopus,
2642 5960 2946 6031 Cythcgius,
2973 5958 3315 6017 Gaudentius.
3348 5960 3625 6024 Marianus,
3660 5969 3706 6019 tl
