4506 6730
868 599 970 655 255

866 714 1001 769 alius
1026 711 1177 783 cujus
1223 726 1413 767 nomen
1464 724 1772 781 expressum
1815 722 1921 763 non
1973 708 2101 777 fuit;
2148 711 2440 781 presbyteri

867 817 996 859 vero
1016 803 1407 860 Valentinianus
1424 811 1477 857 et
1493 802 1809 865 Bonifacius,
1839 810 1891 856 et
1914 800 2168 858 diaconus
2190 817 2341 867 unus,
2362 818 2443 857 ac-

867 898 1219 969 ceptisliteris
1238 898 1455 953 Honorii
1489 898 1845 967 Imperatoris,
1875 897 2165 954 Innocentii
2196 908 2249 954 et
2286 897 2444 951 Italo-

868 1003 984 1043 rum
1024 989 1415 1059 episcoporum,
1465 988 1755 1043 Cbromatii
1802 988 2178 1057 Aquileiensis,
2232 989 2441 1043 Venerii

868 1077 1276 1134 Mediolanensis
1305 1087 1360 1133 et
1379 1079 1626 1141 aliorum,
1650 1078 1888 1131 instructi
1910 1079 2069 1132 etiam
2094 1078 2443 1134 commonito-

864 1173 948 1226 rio
969 1171 1167 1243 Synodi
1190 1171 1563 1237 Occidentalis,
1588 1170 1758 1225 Roma
1787 1169 2008 1239 profecti
2034 1180 2159 1226 sunt
2197 1185 2298 1225 una
2320 1185 2440 1224 cum

864 1263 1105 1334 Cyriaeo,
1136 1264 1423 1331 Demetrio,
1454 1262 1693 1318 Palladio
1718 1270 1772 1316 et
1789 1261 2011 1334 Eulysio
2031 1262 2296 1332 episcopis
2323 1259 2441 1315 Ori-

863 1353 1142 1420 entalibus,
1169 1353 1259 1424 qui
1286 1352 1852 1422 Constantinopolitani
1901 1353 2103 1406 dissidii
2133 1366 2290 1406 causa
2332 1349 2441 1403 Ro-

865 1461 1005 1500 mam
1036 1454 1315 1500 venerant.
1347 1444 1416 1500 Ut
1440 1453 1616 1499 autem
1646 1459 1712 1499 ex
1741 1444 1961 1500 Palladii
1982 1444 2142 1499 dictis
2183 1440 2437 1510 liquidum

862 1547 949 1589 est
983 1535 1213 1605 (Pallad.
1248 1530 1501 1605 Dialog.),
1534 1533 1771 1588 nondum
1811 1532 2046 1587 sciebant
2094 1531 2167 1585 illi
2205 1530 2439 1585 Atticum

862 1640 983 1699 post
1008 1628 1207 1682 Arsacii
1233 1638 1460 1683 mortem
1482 1628 1665 1684 sedem
1684 1627 2322 1695 ConstantinOpolitanam
2360 1629 2441 1682 in-

860 1720 1087 1776 vasisse.
1118 1720 1175 1775 In
1203 1720 1609 1775 commonitorio
1637 1728 1812 1773 autem
1840 1718 2192 1774 Occidentalis
2240 1720 2437 1790 Synodi

862 1808 1154 1871 dicebatur,
1177 1808 1435 1863 Joannem
1467 1808 1520 1861 in
1532 1807 1787 1876 judicium
1810 1808 2063 1863 accedere
2088 1823 2192 1863 non
2221 1808 2434 1873 debere,

861 1900 965 1956 nisi
993 1899 1139 1969 prius
1156 1899 1255 1969 ipsi
1286 1898 1533 1953 restituta
1562 1897 1750 1953 fuisset
1780 1907 1835 1953 et
1858 1899 2095 1953 Ecclesia
2120 1908 2174 1953 et
2214 1915 2439 1952 commu-

857 1992 977 2044 nio:
998 1990 1120 2060 jure
1137 2003 1367 2062 namque
1395 1988 1821 2058 conquerebatur
1845 1987 1955 2055 ille,
2000 1987 2140 2057 quod
2167 1995 2221 2042 et
2243 1987 2437 2041 absens

857 2091 912 2137 et
938 2080 1134 2136 indicta
1159 2094 1315 2136 causa
1344 2081 1623 2136 damnatus
1644 2079 1851 2134 fuisset.

927 2171 1170 2240 Episcopi
1194 2170 1255 2223 ab
1284 2169 1513 2223 Honorio
1543 2168 1681 2238 Imp.
1720 2168 1787 2221 ad
1810 2167 2082 2221 Arcadium
2109 2168 2268 2235 missi,
2302 2169 2435 2224 male

858 2261 1186 2331 excipiuntur.
1206 2289 1279 2300 —
1298 2258 1602 2315 Conscensa
1631 2259 1789 2330 igitur
1810 2258 1932 2312 navi
1959 2273 2143 2313 versus
2171 2258 2433 2314 Graeciam

860 2353 977 2407 vela
999 2350 1280 2416 dederunt,
1311 2365 1538 2421 cumque
1575 2349 1684 2419 jam
1710 2363 1875 2419 prope
1903 2348 2232 2404 Athenarum
2258 2350 2434 2404 littora

856 2443 1242 2514 pervenissent,
1287 2457 1318 2496 a
1347 2441 1556 2496 tribuno
1600 2439 1826 2510 quodam
1866 2439 2066 2495 detenti
2119 2439 2288 2508 fuere,
2346 2442 2435 2510 qui

853 2535 1218 2593 centurionem
1234 2535 1336 2589 illis
1350 2533 1611 2603 adjunxit,
1627 2534 1833 2602 jussum
1850 2532 2101 2588 cohibere
2118 2548 2185 2588 ne
2204 2533 2435 2589 Thessa-

855 2629 1106 2694 lonicam,
1128 2642 1235 2697 quo
1258 2641 1317 2682 se
1336 2626 1581 2682 conferre
1610 2635 1767 2695 atque
1783 2626 1983 2695 Anysio
2006 2625 2185 2679 literas
2209 2624 2335 2680 dare
2351 2640 2436 2679 vo-

857 2719 1057 2784 lebant,
1076 2717 1402 2786 appellerent
1429 2714 1661 2768 (Pallad.
1684 2714 1879 2784 supra).
1897 2714 2183 2783 Conjectos
2201 2715 2356 2783 igitur
2379 2714 2431 2768 in

854 2809 1059 2878 navigia
1077 2802 1184 2857 duo
1198 2805 1719 2875 dimisit.lngruente
1730 2810 1909 2857 autem
1930 2811 2091 2858 vento
2108 2802 2428 2866 vehementi,

853 2898 1077 2969 Egcum
1105 2912 1252 2952 mare
1280 2905 1333 2950 et
1362 2895 1495 2950 freta
1528 2896 1643 2950 sine
1668 2894 1788 2948 cibo
1814 2896 2155 2964 trajecerunt,
2183 2903 2237 2948 et
2264 2899 2432 2948 tertiae

852 2991 957 3045 diei
983 2989 1113 3044 hora
1140 2988 1450 3043 duodecima
1500 2985 1723 3055 (Pallad.
1754 2984 2006 3057 Dialog.).
2052 2985 2430 3041 Constantino-

852 3081 998 3152 polin
1014 3081 1261 3151 appulere
1289 3094 1454 3150 prope
1483 3078 1839 3133 suburbanum
1862 3078 2103 3131 Victoris.
2132 3077 2227 3133 Ubi
2244 3076 2432 3132 retenti

850 3174 921 3227 ab
960 3172 1293 3229 exactoribus
1317 3181 1582 3240 portuum,
1610 3169 1760 3239 jussu
1790 3168 2061 3239 cujusdam
2083 3170 2180 3223 sibi
2227 3169 2432 3238 ignoti,

848 3276 995 3323 retro
1014 3266 1407 3330 discesserunt,
1439 3274 1493 3318 et
1532 3264 1717 3319 inclusi
1756 3262 1901 3318 fuere
1952 3264 2005 3317 in
2044 3278 2166 3318 arce
2205 3263 2431 3333 quadam

844 3359 1091 3413 Thraciae
1112 3359 1395 3424 maritima,
1418 3358 1500 3413 cui
1519 3372 1710 3412 nomen
1730 3357 1928 3429 Athyra
1944 3373 1960 3423 ;
1977 3357 2198 3411 Romani
2218 3359 2429 3428 quidem

849 3454 906 3505 in
931 3464 1034 3504 una
1074 3449 1389 3504 domuncula
1417 3487 1432 3513 ,
1456 3448 1492 3502 ii
1509 3457 1682 3502 autem
1700 3449 1787 3516 qui
1813 3461 1933 3501 cum
1956 3446 2177 3519 Cyriaco
2203 3459 2353 3503 erant
2378 3449 2429 3505 in

850 3542 1082 3597 diversis
1110 3540 1393 3610 separatim
1415 3581 1430 3607 ,
1452 3539 1665 3610 illicque
1703 3542 1875 3595 vexati
1899 3548 2059 3605 sunt,
2088 3539 2157 3593 ita
2175 3549 2231 3593 ut
2258 3555 2324 3596 ne
2347 3538 2428 3594 fa-

850 3635 1026 3689 mulus
1050 3632 1262 3703 quidem
1292 3639 1485 3701 praesto
1518 3640 1678 3697 esset,
1700 3633 1789 3702 qui
1820 3633 1924 3687 illis
1944 3632 2284 3687 ministraret.

921 3727 1011 3780 Ait
1058 3739 1220 3795 porro
1262 3724 1590 3779 Sozomenus
1630 3721 1860 3794 (Sozam.
1892 3725 1930 3778 ι.
1960 3723 2013 3778 8.
2049 3740 2094 3777 c.
2119 3724 2233 3794 28),
2263 3723 2426 3778 Joan-

856 3817 942 3872 nis
968 3816 1303 3871 adversarios
1328 3814 1635 3884 lmperatori
1670 3815 1919 3882 Arcadio,
1947 3816 2164 3870 credulo
2195 3817 2350 3870 nimis
2373 3826 2429 3872 et

850 3906 1137 3972 imbecillo,
1177 3906 1428 3970 suasisse,
1453 3904 1503 3958 id
1530 3905 1582 3959 in
1604 3906 1980 3960 contumeliam
2019 3905 2303 3961 Orientalis
2320 3906 2425 3960 lm-

850 3996 981 4067 perii
1011 3995 1204 4050 factum
1231 4008 1385 4057 esse;
1419 4002 1576 4063 atque
1628 3993 1753 4049 hinc
1800 3994 2041 4049 evenisse
2090 4006 2145 4048 ut
2185 3995 2259 4048 illi
2303 4010 2424 4049 cum

852 4087 1135 4158 ignominia
1154 4086 1566 4152 dimitterentur,
1598 4087 1827 4142 Joannes
1878 4094 2053 4140 autem
2102 4086 2331 4156 longius,
2372 4087 2426 4140 in

852 4176 1106 4250 oppidum
1129 4175 1334 4231 scilicet
1356 4175 1679 4245 Pytiuntem,
1710 4173 2106 4229 transferretur.

938 4270 985 4324 A
1010 4268 1197 4338 legatis
1222 4281 1348 4321 vero
1386 4265 1642 4321 Romanis
1664 4267 1915 4335 petebant
1953 4265 2008 4329 ii,
2045 4264 2133 4334 qui
2163 4274 2269 4319 tam
2314 4264 2427 4321 dire

853 4360 975 4419 illos
999 4359 1283 4424 vexabant,
1326 4359 1506 4413 literas
1551 4358 1889 4428 Imperatoris
1935 4367 1989 4412 et
2034 4359 2422 4428 episc0porum.

853 4449 1260 4522 Responderunt
1284 4449 1381 4515 illi,
1428 4464 1486 4504 se
1529 4449 1740 4503 nonnisi
1771 4448 2080 4518 Imperatori
2106 4447 2205 4517 ipsi
2231 4456 2285 4503 et
2307 4448 2421 4517 epi-

857 4543 1034 4610 scepis
1072 4556 1226 4610 posse
1250 4541 1431 4595 literas
1451 4540 1568 4594 illas
1594 4539 1745 4597 dare.
1772 4540 1907 4593 Cum
1928 4553 2056 4593 vero
2085 4538 2426 4607 persisterent

860 4634 938 4689 illi
964 4641 1238 4702 negantes,
1271 4632 1414 4686 venit
1434 4632 1605 4700 primo
1634 4630 1891 4686 Patricius
1912 4631 2168 4695 notarius,
2199 4637 2308 4683 tum
2336 4630 2424 4683 alii

856 4724 1084 4793 idipsum
1110 4730 1374 4791 petentes,
1390 4723 1709 4790 demumque
1730 4722 2043 4776 Valerianus
2058 4720 2336 4788 Cappadox
2359 4735 2425 4774 ex

856 4816 1081 4870 militum
1113 4828 1355 4876 numero,
1385 4812 1514 4867 laeso
1532 4812 1749 4865 Mariani
1777 4812 2013 4880 episcopi
2058 4812 2270 4881 pollice,
2319 4810 2424 4863 lm-

856 4904 1115 4975 peratoris
1140 4912 1194 4957 et
1222 4903 1444 4956 aliorum
1470 4901 1652 4955 literas
1676 4901 1774 4969 ipsi
1796 4900 2032 4954 abstulit.

931 4992 1189 5050 Postridie
1208 5002 1384 5047 autem
1413 4991 1498 5047 vel
1524 4991 1679 5046 aulici
1703 4989 2062 5060 Imperatoris,
2094 4989 2175 5043 vel
2206 4990 2320 5059 ipse
2341 4988 2428 5042 At-

858 5086 1015 5149 ticus,
1041 5083 1299 5137 miserunt
1327 5084 1405 5136 eis
1423 5082 1513 5153 qui
1541 5083 1640 5135 tria
1670 5082 1832 5135 millia
1858 5081 2231 5135 numismatum
2263 5078 2425 5135 offer-

858 5183 996 5238 rent,
1018 5174 1063 5229 si
1080 5188 1200 5228 cum
1229 5172 1404 5227 Attico
1429 5173 1820 5227 communicare
1851 5172 2068 5234 vellent,
2093 5181 2146 5224 et
2174 5170 2239 5225 de
2263 5170 2425 5225 Joan-

858 5266 941 5321 nis
962 5264 1160 5335 judicio
1180 5271 1435 5319 tacerent.
1466 5261 1557 5316 His
1583 5261 1814 5329 rejectis,
1845 5260 1919 5313 illi
1964 5260 2029 5312 ad
2079 5275 2261 5327 preces
2297 5276 2425 5315 con-

860 5358 998 5410 versi
1026 5365 1167 5423 sunt,
1191 5364 1247 5409 ut
1272 5368 1391 5409 cum
1418 5352 1551 5407 nihil
1578 5348 2025 5422 possentpacilice
2054 5364 2324 5418 peragere,
2358 5350 2427 5403 ob

862 5455 1058 5503 tantam
1080 5447 1277 5502 scilicet
1297 5444 1757 5509 inhumanitatem,
1781 5441 2051 5496 Ecclesias
2089 5454 2213 5493 suas
2267 5455 2427 5508 repe—

866 5548 974 5597 tere
1002 5540 1116 5595 sine
1146 5538 1381 5607 periculo
1403 5545 1635 5607 possent.
1662 5534 1826 5605 qutte
1856 5534 2001 5603 ipsis,
2032 5532 2203 5602 inquit
2254 5531 2427 5585 Palla-

859 5633 997 5699 dius,
1045 5631 1203 5685 variis
1240 5628 1652 5686 revelationibus
1694 5626 2014 5682 declaratum
2063 5624 2198 5690 fuit;
2255 5624 2327 5678 ita
2372 5632 2428 5678 ut

862 5725 1014 5778 etiam
1059 5723 1282 5779 diacono
1311 5719 1371 5777 S.
1402 5717 1644 5776 Emmelii
1680 5716 1864 5783 Paulo,
1891 5718 2005 5769 viro
2051 5716 2334 5770 mitissimo
2373 5726 2427 5769 et

860 5816 1122 5887 prudenti,
1142 5815 1335 5872 Paulus
1352 5811 1619 5883 apostolus
1637 5806 1957 5880 apparuerit.
1980 5806 2429 5877 Valerianusergo

863 5909 1101 5963 tribunus
1127 5909 1243 5963 illos
1265 5908 1316 5963 in
1351 5903 1612 5976 putridam
1640 5915 1829 5955 navem
1871 5898 2115 5962 immisit,
2159 5898 2424 5961 mercede,

864 6015 916 6061 ut
937 6013 1117 6057 rumor
1142 6009 1270 6065 erat,
1302 5997 1553 6053 uauclero
1582 5993 1723 6060 data,
1747 5990 2131 6061 utnavigantes
2153 5988 2270 6043 illos
2301 6002 2425 6057 per-

1953 596 2010 651 S.
2048 596 2323 654 JOANNIS
2359 597 2827 662 CHRYSOSTOMI
2864 606 3043 675 VITA,

4016 624 4115 680 εδδ

2555 713 2726 784 deret,
2756 720 3016 789 adjunctls
3044 722 3203 777 etiam
3236 726 3417 796 viginti
3442 726 3696 783 militibus
3724 745 3739 782 :
3771 728 3847 783 sic
3868 730 3986 786 illos
4006 748 4116 788 sta-

2552 806 2643 860 tim
2672 810 2887 882 Athyris
2908 812 3127 880 expulit.
3166 813 3297 870 Cum
3345 827 3490 873 tanto
3516 819 3673 890 igitur
3703 820 3936 888 periculo
3962 826 4116 877 navi-

2551 911 2739 968 gantes
2766 904 3110 974 Lampsacum
3136 909 3473 977 appulerunt,
3516 920 3574 967 et
3602 921 3798 966 mutata
3825 912 3947 965 navi
3973 913 4115 965 vice-

2550 990 2691 1045 simo
2718 993 2807 1049 die
2837 995 3161 1066 Ilydruntem
3188 1002 3507 1068 applicuere.
3534 1002 3641 1057 Nec
3673 1002 3939 1072 quidpiam
3976 1002 4113 1055 edis-

2550 1094 2672 1135 cere
2693 1093 2911 1151 potuere
2940 1086 3021 1140 vel
3048 1086 3115 1140 de
3141 1087 3297 1143 beato
3325 1092 3530 1148 Joanne
3555 1095 3633 1148 vel
3662 1094 3729 1149 de
3755 1103 3977 1164 quatuor
4001 1094 4115 1147 Ori-

2549 1176 2810 1230 entalibus
2848 1180 3107 1248 episcopis
3122 1179 3210 1247 qui
3240 1196 3419 1235 secum
3444 1184 3611 1238 Roma
3629 1195 3901 1240 venerant.

2620 1264 2747 1319 Cum
2776 1271 3020 1340 episcopis
3050 1268 3386 1325 Orientalibus
3416 1274 3579 1327 Roma
3602 1277 3919 1332 redeuntibus
3942 1296 4112 1348 asper-

2547 1358 2671 1410 rime
2707 1369 2871 1414 actum
2902 1371 2993 1417 est.
3019 1393 3087 1403 —
3112 1362 3259 1429 Quod
3313 1373 3517 1431 spectat
3561 1367 3626 1419 ad
3672 1369 3945 1440 episcOpos
3995 1372 4114 1425 illos

2548 1446 2861 1514 Orientales,
2899 1468 3079 1506 rumor
3104 1452 3279 1506 statim
3310 1452 3406 1505 fuit
3434 1454 3553 1507 illos
3586 1455 3636 1507 in
3674 1473 3818 1511 mare
3840 1461 4112 1515 demersos

2547 1536 2707 1591 fuisse
2737 1537 2983 1608 (Pallad.
3014 1543 3243 1613 Dialog.)
3267 1559 3281 1607 ;
3309 1552 3359 1596 at
3390 1543 3507 1597 illos
3538 1544 3588 1596 in
3637 1554 3867 1599 extrema
3902 1549 4108 1618 Imperii

2552 1638 2603 1681 et
2652 1629 2791 1698 apud
2836 1630 3087 1688 barbaros
3113 1636 3379 1705 ablegatos
3405 1633 3567 1688 fuisse
3594 1634 3977 1704 deprehensum
4009 1654 4107 1695 est.

2546 1717 2674 1771 Nam
2719 1730 2776 1772 ut
2805 1722 3018 1790 quidam
3058 1725 3311 1780 diaconus
3362 1726 3647 1791 retulerat,
3676 1726 3926 1797 Cyriacus
3952 1730 4109 1783 Eme-

2555 1823 2714 1863 senus
2754 1810 3052 1883 Palmyram
3081 1816 3268 1870 ductus
3297 1817 3347 1870 in
3388 1817 3667 1871 Persarum
3710 1819 3927 1872 castello
3975 1830 4107 1885 erat,

2543 1898 2807 1967 octoginta
2846 1902 3160 1959 milliaribus
3202 1906 3337 1959 ultra
3368 1906 3641 1970 Emesam;
3696 1907 3941 1978 Eulysius
3962 1925 4109 1973 vero,

2542 1988 2851 2045 Bostror’um
2897 1993 3197 2063 episcopus,
3244 1998 3298 2050 in
3343 1998 3558 2052 castello
3585 1998 3838 2064 Arabum,
3882 2000 4112 2068 Misphas

2540 2076 2702 2144 dicto,
2726 2080 2883 2133 trium
2905 2082 3109 2136 dierum
3133 2085 3321 2140 itinere
3340 2087 3539 2141 Bostris
3562 2085 3819 2154 distante;
3845 2088 4112 2145 Palladius

2540 2168 2750 2240 Syenen
2789 2173 2842 2227 in
2896 2174 3086 2230 vicinia
3117 2176 3444 2249 Blemmyum
3481 2186 3531 2231 et
3552 2176 3877 2248 Ethiopum,
3923 2179 4107 2236 Deme-

2542 2265 2677 2319 trius
2707 2268 2758 2319 in
2786 2266 2909 2322 Oasi
2950 2268 3232 2325 Mazicibus
3250 2271 3506 2339 proxima.

2614 2360 2655 2413 Α
2681 2360 2935 2416 militibus
2962 2372 3135 2418 autem
3157 2405 3171 2429 ,
3204 2365 3289 2433 qui
3308 2379 3398 2417 eos
3428 2364 3478 2417 in
3512 2364 3774 2434 assignata
3798 2365 3913 2421 loca
3940 2366 4106 2423 dedw

2546 2464 2695 2518 xere,
2727 2460 2830 2505 tam
2852 2468 3042 2525 aspere
3067 2454 3229 2509 habiti
3251 2462 3393 2520 sunt,
3415 2463 3473 2509 ut
3492 2456 3627 2510 mori
3650 2459 4105 2527 praeoptavissent.

2542 2542 2801 2599 Pecunias
2820 2546 2983 2611 enim,
3026 2562 3154 2617 quas
3190 2556 3542 2615 sumpserant,
3589 2549 3831 2619 abreptas
3861 2551 4000 2606 inter
4045 2567 4108 2608 se

2540 2634 2716 2700 partiti
2734 2642 2871 2696 sunt,
2894 2642 2947 2688 et
2966 2634 3018 2689 in
3036 2636 3154 2689 vilia
3172 2636 3402 2704 jumenta
3422 2636 3561 2706 ipsos
3580 2640 3938 2707 conjicientes,
3960 2641 4107 2697 bidui

2539 2720 2645 2775 iter
2665 2736 2772 2776 uno
2798 2721 2883 2777 die
2911 2724 3262 2779 conficiebant
3290 2726 3455 2779 multa
3500 2735 3655 2782 nocte
3690 2728 3807 2783 illos
3837 2731 3887 2783 in
3923 2731 4106 2786 diver-

2538 2814 2679 2866 soria
2711 2814 3073 2879 immittentes,
3114 2825 3168 2870 et
3209 2832 3415 2871 summo
3441 2833 3596 2873 mane
3622 2829 3744 2874 ante
3773 2821 3941 2876 lucem
3974 2837 4106 2893 pro-

2540 2903 2702 2958 Iicisci
2730 2913 2998 2975 cogentes,
3030 2907 3097 2960 ita
3126 2915 3183 2961 ut
3219 2922 3286 2961 ne
3312 2909 3533 2964 miseras
3558 2909 3767 2980 quidem
3793 2926 3944 2967 escas
3989 2923 4104 2968 sto-

2540 2993 2761 3049 machus
2781 2996 3014 3051 retinere
3038 3007 3236 3066 posset.
3269 2998 3533 3068 Turpibus
3549 3001 3705 3055 etiam
3733 3010 3786 3056 et
3813 3002 4106 3059 inhonestis

2539 3085 2714 3140 verbis
2742 3086 2861 3141 illos
2898 3086 3154 3157 impetere
3191 3104 3298 3143 non
3328 3090 3583 3145 timebant
3614 3108 3628 3144 :
3672 3092 3907 3148 Palladio
3942 3096 4103 3149 etiam

2539 3175 2792 3230 famulum
2813 3178 3176 3244 abstulerunt,
3222 3180 3327 3234 vim
3354 3181 3453 3249 ipsi
3484 3179 3772 3236 inferentes
3803 3191 3860 3237 ut
3884 3185 4103 3239 tabellas

2538 3266 2845 3335 deponeret.
2878 3268 3198 3323 Demetrium
3231 3280 3407 3325 autem
3437 3286 3571 3324 unus
3597 3286 3663 3325 ex
3692 3262 4000 3328 ductoribus
4029 3275 4103 3328 ita

2537 3359 2770 3425 vexavit,
2797 3370 2855 3414 ut
2873 3373 2993 3414 cum
3018 3360 3255 3415 Zibinam
3286 3362 3449 3416 multa
3479 3372 3633 3417 nocte
3649 3365 3966 3433 pervenerit,
3994 3373 4103 3419 sta-

2538 3452 2629 3505 tim
2659 3452 2748 3507 ille
2777 3453 3101 3522 gravissimis
3131 3463 3243 3508 toto
3271 3469 3493 3523 corpore
3526 3455 3792 3511 doloribus
3816 3458 4099 3522 cruciatus,

2534 3542 2744 3597 vivendi
2776 3542 2934 3597 linem
2960 3542 3145 3598 fecerit
3172 3560 3185 3595 :
3214 3544 3283 3596 ita
3314 3552 3371 3597 ut
3398 3543 3484 3612 qui
3514 3544 3626 3598 haec
3654 3543 3893 3599 viderunt
3913 3561 4104 3600 omnes

2536 3633 2627 3686 Dei
2657 3632 2941 3688 vindictam
2971 3643 3339 3702 agnoscerent.
3369 3632 3635 3687 Palladius
3664 3649 3788 3688 vero
3821 3634 3930 3703 jam
3956 3650 4101 3706 prae-

2534 3722 2744 3778 dixerat
2769 3738 2785 3778 :
2817 3724 2873 3778 In
2900 3723 3002 3777 hoc
3027 3723 3219 3777 itinere
3241 3723 3610 3777 miserabiliter
3634 3724 3851 3792 peribis.

2606 3814 2661 3867 In
2692 3822 2838 3867 tanto
2878 3814 3066 3867 itinere
3104 3820 3316 3866 sanctos
3353 3811 3494 3866 viros
3530 3812 3780 3868 Ecclesiis
3816 3815 4101 3885 appropin-

2534 3917 2698 3971 quare
2727 3918 2830 3955 non
2863 3901 3127 3965 sinebant,
3149 3901 3242 3955 sed
3267 3900 3554 3955 diversoria
3584 3903 3850 3971 petebant,
3874 3905 3959 3958 ubi
3982 3919 4101 3960 me-

2536 3994 2791 4048 retricum
2815 4001 2966 4046 erant
2990 3994 3198 4061 agmina
3224 3992 3309 4047 vel
3333 4007 3610 4063 synagoga:
3645 3993 4098 4051 Samaritanorum

2542 4091 2631 4137 attt
2661 4081 2983 4146 Judmorum,
3015 4082 3278 4152 praecipue
3305 4092 3479 4136 autem
3509 4084 3681 4147 Tarsi,
3710 4084 3799 4138 ubi
3830 4085 3881 4137 iu
3926 4100 4099 4153 angu-

2536 4179 2665 4232 stias
2686 4176 2879 4230 redacti
2906 4184 3045 4230 sunt.
3062 4174 3206 4231 Unus
3226 4191 3351 4231 vero
3374 4191 3439 4231 ex
3455 4175 3717 4246 episcopis
3740 4176 3872 4229 alios
3899 4177 4101 4231 solatus

2534 4276 2634 4332 est,
2664 4266 2844 4320 dicens
2867 4265 2949 4320 his
2975 4266 3220 4320 omnibus
3243 4266 3404 4321 Deum
3423 4266 3587 4334 gloria
3614 4263 3772 4325 affici,
3802 4263 4101 4334 multasque

2531 4376 2597 4414 ex
2628 4360 2730 4413 illis
2747 4358 3134 4423 meretricibus,
3152 4373 3272 4427 qua:
3288 4358 3341 4410 in
3363 4356 3453 4409 Dei
3478 4356 3798 4408 oblivionem
3812 4366 4065 4410 venerant
4080 4398 4097 4420 ,

2531 4461 2623 4506 aut
2649 4467 2770 4507 eum
2801 4466 2868 4505 ne
2891 4459 3081 4505 norant
3106 4448 3340 4517 quidem,
3358 4446 3758 4516 visisepiseopis
3776 4447 3845 4502 ita
3863 4450 4097 4514 vexatis,

2532 4541 2584 4595 in
2614 4542 2859 4595 timorem
2883 4540 2978 4593 Dei
3006 4538 3238 4602 venisse,
3263 4545 3315 4589 et
3336 4534 3471 4589 forte
3491 4550 3773 4591 conversas
3803 4537 3987 4593 fuisse.

2604 4630 2851 4698 Plerique
2910 4635 3085 4681 autem
3142 4640 3208 4680 ex
3255 4625 3520 4694 episcopis
3571 4625 3810 4697 (Pallad.
3840 4629 4094 4699 DiaIOg.),

2532 4721 2621 4789 qui
2678 4717 2979 4786 Theophilo
3007 4716 3310 4782 ha‘rebaut,
3370 4730 3475 4770 non
3522 4717 3681 4771 modo
3716 4718 4095 4774 humanitatem

2534 4809 2733 4863 nullam
2760 4822 2885 4877 erga
2908 4806 3187 4877 episcopos
3228 4806 3346 4861 illos
3374 4806 3759 4871 exhibuerunt,
3797 4808 3890 4863 sed
3935 4809 4094 4863 etiam

2535 4898 2844 4953 muneribus
2870 4897 3214 4967 prmtorianos
3234 4898 3551 4954 induxerunt
3572 4907 3629 4953 ut
3642 4914 3761 4952 cum
3786 4899 3890 4951 illis
3909 4911 4097 4966 aspere

2532 4997 2768 5060 agerent.
2815 4987 2914 5056 Qui
2946 5000 3120 5044 autem
3149 4991 3415 5060 praecipue
3440 4990 3562 5044 huic
3585 4987 3851 5042 vexationi
3878 5000 4093 5055 operam

2532 5082 2751 5147 dedere,
2775 5090 2926 5135 erant
2951 5082 3187 5151 episcopi
3218 5081 3373 5136 Tarsi
3398 5090 3452 5137 et
3481 5078 3801 5142 Antiochia,
3846 5076 4098 5146 Eulogius

2531 5173 2789 5230 Caesarem
2825 5173 3150 5237 Palaestinae;
3205 5183 3326 5229 ante
3370 5187 3556 5228 omnes
3606 5180 3780 5224 autem
3818 5169 4098 5238 episcopus

2532 5266 2775 5336 Ancyrm,
2808 5273 2862 5318 et
2884 5263 3194 5318 Ammonius
3220 5264 3443 5329 Pelusii,
3489 5261 3709 5330 quitum
3753 5258 3927 5325 donis,
3982 5268 4093 5315 tum

2534 5358 2692 5412 minis
2726 5356 2924 5410 milites
2952 5354 3205 5409 adversus
3244 5371 3338 5410 eos
3378 5354 3544 5422 magis
3572 5351 3983 5420 exasperabant,
4036 5367 4095 5409 ut

2532 5461 2600 5501 ne
2623 5446 2775 5499 laicis
2804 5444 3015 5514 quidem
3049 5445 3166 5500 illos
3194 5446 3438 5515 excipere
3465 5442 3760 5497 volentibus
3796 5442 3847 5496 id
3882 5446 4096 5513 permit-

2535 5544 2728 5589 terent.

2604 5624 2772 5680 Secus
2794 5633 2967 5679 autem
3006 5625 3177 5681 fecere
3220 5625 3310 5678 alii
3365 5623 3618 5693 episcopi,
3659 5623 3747 5693 qui
3791 5640 3820 5680 a
3860 5627 4093 5683 Palladio

2534 5730 2653 5770 cum
2684 5714 2838 5770 laude
2864 5723 3379 5778 commemorantur;
3413 5728 3602 5783 nempe
3630 5713 3976 5787 Cappadociae
4004 5736 4093 5775 εει

2535 5806 2718 5861 cundce
2748 5808 3003 5877 episcopi,
3035 5808 3126 5875 qui
3155 5820 3276 5859 cum
3306 5804 3554 5875 lacrymis
3580 5809 3853 5866 exsulibus
3892 5813 4095 5879 episco-

2534 5898 2616 5966 pis
2642 5898 2984 5952 condoluere.
3010 5896 3152 5950 Inter
3178 5908 3273 5948 eos
3294 5903 3468 5949 autem
3494 5898 3830 5955 eminuerunt
3848 5900 4093 5955 Theodo-

2541 6003 2651 6056 rus,
2687 5988 2989 6061 Tyanorum
3034 5984 3337 6054 episcopus,
3376 5986 3658 6058 Bosporius
3696 5991 3959 6055 Coloniae,
4009 6003 4097 6057 qui
