4506 6704
410 560 519 617 ρετ

412 674 874 745 quadragesimum
912 679 1157 726 octavum
1190 677 1390 718 annum
1427 662 1482 715 in
1519 666 1825 729 episcopatu
1865 673 1991 728 age-

414 764 534 828 bat;
561 763 816 833 Serapion
846 754 1169 819 Ostracinaz,
1214 752 1303 822 qui
1340 752 1408 805 ab
1440 750 1594 802 annis
1645 748 1990 819 quadraginta

415 858 651 926 quinque
677 849 977 924 episcOpale
1000 859 1189 899 munus
1206 842 1444 913 gerebat.
1468 839 1532 895 Hi
1558 840 1611 894 in
1626 850 1829 910 partem
1850 853 1992 893 mru-

420 961 690 1011 lanarum,
744 940 896 1011 queis
927 946 1053 990 tunc
1079 934 1442 990 obruebantur
1483 932 1694 987 exsules
1737 927 1993 999 episcopi,

430 1033 881 1097 :ommiseratione
909 1044 1006 1083 sua
1022 1034 1301 1091 venerunt,
1330 1036 1387 1080 ut
1410 1026 1461 1080 in
1502 1035 1703 1098 partem
1745 1020 1995 1093 prmmio-

424 1145 543 1187 illi!)
574 1130 627 1181 in
653 1125 829 1178 futuro
844 1120 1041 1191 judicio
1056 1118 1479 1173 admitterentur.

493 1219 646 1274 Attici
674 1218 726 1269 in
753 1214 919 1269 sedem
947 1212 1006 1269 Ο.
1038 1212 1107 1268 Ρ.
1137 1213 1320 1267 intrusi
1383 1211 1666 1266 molimina.
1693 1237 1767 1249 —
1793 1204 2000 1259 Atticus

434 1326 578 1370 vero,
606 1306 844 1361 omnium
884 1315 1069 1361 contra
1107 1305 1366 1362 Joannem
1408 1301 1743 1357 moliminum
1778 1295 1997 1363 artifex,

424 1417 547 1458 eum
578 1399 781 1454 videret
808 1399 1074 1454 neminem
1103 1397 1215 1453 fere
1248 1392 1599 1451 Orientalium
1629 1390 2001 1458 episcoporum

424 1507 607 1546 secum
639 1490 1035 1546 communicare
1060 1488 1214 1552 velle,
1244 1486 1350 1538 imo
1369 1496 1497 1536 vero
1512 1479 1580 1534 ab
1594 1494 1651 1534 se
1671 1486 2002 1548 segregatum

432 1598 651 1638 manere
676 1583 929 1654 populum
953 1573 1599 1644 Constantinopolitanum
1620 1612 1635 1636 ,
1700 1569 1892 1625 Joanni
1946 1578 2003 1624 ut

427 1675 650 1739 antistiti
680 1689 779 1729 suo
803 1670 1221 1727 addietissimum
1235 1664 1468 1739 (Pallad.
1493 1661 1751 1735 Dialog.);
1768 1661 2006 1732 Scriptu-

428 1781 607 1820 rarnm
624 1778 893 1820 sacrarum
917 1761 1203 1829 legumque
1229 1756 1532 1811 divinarum
1559 1769 1751 1823 expers
1770 1769 1892 1808 cum
1915 1768 2006 1808 es-

429 1866 534 1924 set,
564 1858 632 1910 ab
658 1856 981 1923 imperatore
1008 1852 1188 1906 literas
1215 1850 1537 1920 impetravit,
1568 1856 1624 1902 ut
1652 1846 1735 1902 vel
1761 1845 2008 1900 nolentes

430 1948 497 2001 ad
521 1962 579 2001 se
604 1943 840 1999 converti
860 1950 1093 2012 cogeret.
1126 1942 1463 2012 Rescriptum
1493 1947 1673 1995 autem
1719 1937 2008 2008 Imperato-

430 2038 508 2093 ris
548 2036 663 2090 haec
697 2031 938 2087 ferebat:
971 2033 1033 2087 Si
1072 2034 1182 2103 quis
1211 2033 1561 2102 episcOporum
1602 2047 1705 2085 non
1733 2029 2009 2083 communi-

431 2137 511 2181 cat
530 2142 643 2180 cum
670 2123 966 2193 Theophila,
995 2123 1283 2194 Porpltyrio
1313 2133 1359 2176 et
1386 2122 1551 2176 Attico
1568 2162 1583 2185 ,
1636 2119 1869 2175 Ecclesia
1891 2120 2008 2189 qui-

431 2217 547 2270 dem
574 2214 824 2285 ejiciatur,
853 2222 945 2266 eta
974 2214 1193 2283 propriis
1234 2209 1556 2281 facultatibus
1591 2210 1843 2280 abigatur.
1899 2209 2012 2262 Hoc

432 2308 646 2378 publice
676 2307 933 2375 prolatum
959 2305 1188 2360 edictum
1216 2302 1266 2356 id
1296 2301 1494 2367 eil'eeit,
1518 2310 1578 2353 ut
1604 2302 1640 2355 ii
1664 2301 1753 2369 qui
1789 2298 2011 2352 faculta-

434 2400 577 2454 tibus
602 2398 896 2468 pollebant,
922 2398 1048 2467 ipsis
1065 2397 1228 2453 etiam
1249 2393 1396 2448 inviti
1417 2393 1899 2461 conjungerentur:
1925 2388 2015 2442 alii

433 2492 779 2561 pauperiores
808 2499 861 2544 et
878 2491 929 2544 in
955 2504 1083 2543 sana
1111 2486 1218 2542 fide
1242 2484 1584 2549 inﬁrmiores,
1607 2483 1870 2538 donorum
1897 2482 2016 2551 pol-

432 2581 814 2635 licitationibus
838 2578 1013 2633 allecti
1033 2577 1099 2633 ad
1118 2578 1264 2646 ipsos
1282 2581 1658 2630 accesserunt:
1687 2572 1777 2627 alii
1799 2586 2013 2644 genere,

443 2670 808 2738 facultatibus,
839 2680 892 2725 et
915 2667 1245 2740 corruptibili
1282 2666 1453 2737 gloria
1493 2664 1846 2736 posthabitis,
1894 2663 2016 2734 fuga

435 2763 539 2816 sibi
561 2762 969 2816 consuluerunt:
989 2776 1054 2816 ex
1078 2761 1142 2814 iis
1158 2757 1374 2829 quidam
1392 2758 1616 2811 Romam
1632 2754 2007 2827 confugerunt,

434 2855 529 2909 alii
556 2854 623 2908 ad
660 2862 893 2920 montes,
943 2853 1031 2907 alii
1062 2853 1117 2905 in
1152 2852 1469 2905 Ascetarum
1511 2848 1860 2904 monasteria.
1908 2846 2018 2902 Nec

432 2945 692 3000 adversus
726 2946 1009 3014 episcopos
1038 2942 1200 2998 modo
1221 2942 1453 2997 edictum
1480 2942 1735 2996 emissum
1771 2941 1891 3006 fuit,
1922 2940 2017 2995 sed

433 3035 581 3090 aliud
608 3036 769 3090 etiam
786 3041 975 3088 contra
1003 3033 1167 3087 laicos
1208 3030 1294 3087 bis
1335 3032 1511 3087 verbis
1552 3045 1904 3101 expressum,
1962 3037 2021 3084 ut

434 3124 707 3189 videlicet,
754 3124 799 3177 si
827 3124 917 3193 qui
960 3138 1084 3180 cum
1113 3122 1425 3178 memoratis
1450 3136 1609 3192 supra
1637 3135 1743 3175 non
1773 3134 2017 3175 commu-

435 3217 697 3281 nicarent,
720 3217 805 3285 qui
830 3215 1221 3287 indignitatibus
1266 3223 1429 3269 essent
1471 3213 1753 3279 constituti,
1795 3228 1888 3266 suo
1927 3212 2021 3266 ho-

437 3324 561 3360 nore
576 3316 621 3361 et
638 3307 881 3378 dignitate
897 3306 1211 3374 excederent,
1233 3306 1411 3360 milites
1426 3305 1686 3376 cingulum
1702 3304 1984 3358 amitterent
1999 3320 2019 3359 :

436 3400 631 3469 reliqua
656 3401 793 3468 plebs
821 3409 970 3469 atque
994 3399 1199 3469 opiﬁces
1221 3438 1233 3462 ,
1283 3397 1425 3468 graui
1453 3398 1569 3450 auri
1618 3396 1839 3467 pondere
1884 3396 2018 3450 mul-

437 3496 578 3558 ctati,
609 3493 919 3564 subiacerent
947 3492 1148 3547 exsilio.

510 3584 751 3655 Episcopi
780 3584 926 3637 multi
949 3583 1113 3637 vexati
1136 3592 1182 3636 et
1204 3582 1402 3638 sedibus
1426 3583 1582 3654 pulsi.
1608 3612 1681 3626 —
1728 3583 2018 3652 Postquam

441 3678 615 3733 edicta
648 3674 951 3746 huiusmodi
980 3673 1308 3745 promulgata
1339 3673 1512 3743 fuere,
1538 3674 1687 3729 multi
1706 3690 1802 3745 per
1828 3673 2021 3729 Orien-

441 3780 548 3821 tem
600 3766 759 3819 variis
804 3764 977 3820 modis
1000 3759 1180 3815 vexati
1220 3763 1467 3835 pulsique
1522 3763 1671 3820 fuere
1701 3761 1932 3836 (Pallad.
1963 3766 2019 3817 in

439 3856 648 3927 Dialog.
691 3853 889 3925 supra).
919 3854 1167 3924 Episcopi
1201 3854 1312 3924 qui,
1339 3864 1395 3908 ut
1423 3854 1674 3921 diximus,
1724 3853 1882 3908 minis
1932 3853 2017 3907 vel

447 3945 703 4000 arumnis
721 3959 751 3998 a
779 3944 960 4000 debito
976 3943 1154 3999 ofﬁcio
1174 3944 1409 3999 amoveri
1438 3959 1545 3998 non
1566 3953 1833 4013 poterant,
1864 3942 2019 3997 aufu-

440 4048 591 4107 gere.
635 4034 902 4091 Palladius
932 4034 1342 4105 Helenopoleos,
1373 4049 1479 4105 quo
1527 4042 1743 4088 auctore
1793 4041 1848 4087 et
1882 4031 2018 4089 duce

437 4126 556 4180 base
586 4124 887 4190 scribimus,
909 4125 1129 4179 Romam
1156 4136 1216 4179 se
1246 4126 1467 4195 recepit,
1496 4124 1581 4179 ubi
1614 4132 1733 4193 post
1763 4123 2019 4195 Chrysos-

440 4217 570 4271 torni
613 4225 838 4271 mortem
878 4215 1092 4271 advenit
1135 4230 1275 4270 anno
1318 4215 1443 4270 407.
1497 4213 1687 4268 Rhodo
1737 4215 2018 4284 episcopus

435 4307 579 4362 Asia:
607 4306 893 4379 Mitylenen
910 4306 1113 4377 aufugit
1141 4325 1156 4361 :
1187 4306 1387 4371 Brisso,
1416 4305 1580 4360 frater
1604 4305 1825 4360 Palladii
1861 4306 2020 4361 Hele-

436 4396 737 4468 n0politani
758 4439 774 4464 ,
818 4398 1057 4452 Ecclesia
1088 4413 1181 4452 sua
1209 4397 1347 4452 ultro
1384 4397 1655 4461 derelicta,
1691 4394 1760 4450 ad
1787 4397 2016 4466 agellum

436 4502 594 4542 suum
616 4502 675 4542 se
702 4488 927 4557 recepit,
956 4488 1046 4542 ubi
1089 4497 1284 4543 terram
1311 4487 1543 4558 propriis
1567 4486 1817 4542 manibus
1851 4503 2017 4543 exco-

436 4580 537 4634 luit
562 4596 574 4632 :
610 4578 859 4643 Hilarius,
887 4578 969 4632 vir
988 4589 1203 4634 sanctus
1230 4588 1285 4636 et
1304 4595 1489 4645 senex,
1512 4579 1567 4633 in
1610 4578 1855 4634 intimum
1873 4579 2016 4633 Pon-

437 4678 548 4723 tum
575 4667 757 4738 pulsus
786 4677 888 4732 est,
915 4668 1082 4736 plagis
1106 4670 1373 4734 concisus,
1417 4685 1527 4724 non
1575 4684 1604 4723 a
1629 4668 1832 4740 judice,
1860 4670 1956 4725 sed
1984 4685 2017 4724 a

434 4758 617 4814 Clero.
652 4757 700 4811 ls
726 4756 910 4812 decem
938 4765 993 4811 et
1019 4766 1143 4811 octo
1171 4773 1343 4814 annos
1370 4768 1734 4832 transegerat,
1788 4775 1896 4815 non
1924 4777 2018 4830 pa-

436 4866 562 4905 nem
583 4849 768 4914 edens,
801 4848 897 4903 sed
920 4848 1067 4903 olera
1091 4857 1293 4903 tantum
1329 4860 1385 4905 et
1428 4851 1753 4907 frumentum
1781 4860 2015 4907 coctum.

435 4941 703 4996 Antonius
747 4954 876 4994 vero
933 4939 1290 5008 episcopusin
1333 4942 1609 5011 speluncis
1625 4942 2017 5002 Palaestinmse-

437 5030 614 5100 ipsum
632 5030 896 5085 conclusit
927 5047 940 5083 :
974 5028 1289 5083 Timotheus
1318 5030 1604 5100 Maronea},
1632 5040 1686 5086 et
1706 5031 1936 5088 Joannes
1961 5037 2014 5088 in

436 5120 603 5195 Lydia
633 5124 937 5194 episcopus,
962 5122 1013 5175 in
1039 5119 1406 5179 Macedoniam
1456 5138 1513 5178 se
1568 5123 1834 5192 recepisse
1881 5123 2019 5179 dice-

436 5214 665 5269 bantur:
696 5215 984 5285 Gregorius
1028 5215 1081 5267 in
1124 5211 1291 5283 Lydia
1338 5215 1641 5285 episcopus,
1682 5215 1734 5268 in
1788 5214 2015 5286 Phrygia

436 5321 556 5361 esse
575 5308 911 5362 narrabatur.
931 5306 1262 5375 Lampetium
1283 5304 1532 5361 dicebant
1575 5308 1627 5360 in
1680 5304 1873 5375 oppido
1915 5306 2019 5378 Ly-

435 5396 538 5449 diae
566 5413 705 5463 esse,
733 5398 823 5452 ubi
849 5397 1069 5466 juvante
1093 5410 1149 5448 se
1178 5395 1410 5463 quodam
1440 5395 1747 5451 Eleutherio
1778 5395 2017 5452 lectioni-

437 5486 537 5539 bus
563 5502 781 5555 cperam
808 5488 987 5542 dabat.
1014 5484 1282 5556 Eugenius
1313 5486 1363 5539 in
1394 5488 1561 5555 patria
1579 5501 1672 5541 sua
1694 5501 1751 5541 se
1772 5488 2015 5543 contine-

436 5574 566 5630 bat:
602 5577 860 5643 Elpidius,
892 5594 1113 5649 magnus
1157 5576 1243 5629 ille
1287 5574 1568 5631 Laodicea:
1607 5578 1775 5649 Syriae
1819 5578 2018 5647 cpisco-

436 5681 558 5736 pus,
586 5675 635 5719 et
668 5666 874 5737 Pappus
902 5685 995 5738 per
1024 5678 1190 5722 totum
1240 5666 1530 5723 triennium
1559 5668 1806 5739 precibus
1832 5685 2017 5725 vacan-

439 5770 520 5813 tes
544 5755 613 5811 de
642 5758 781 5811 scala
812 5758 1000 5814 domus
1025 5774 1136 5813 suae
1166 5772 1269 5812 non
1302 5757 1696 5814 descenderunt
1722 5776 1735 5812 :
1788 5757 2018 5814 lleracli-

437 5849 534 5903 des
555 5846 814 5917 Ephesius
844 5863 935 5916 per
959 5847 1363 5919 quadriennium
1384 5849 1703 5906 Nicomedia:
1725 5848 1782 5905 in
1798 5863 2013 5909 carcere

439 5940 685 5999 inclusus
715 5941 933 5997 mansit.

1578 542 1757 603 NUNC
1794 543 2055 602 PRIMUM
2092 538 2485 597 ADORNATA.

2171 650 2457 723 Presbyteri
2509 661 2554 706 et
2596 651 2829 707 monachi
2875 653 3007 708 male
3060 651 3273 723 excepti.
3307 680 3376 692 —
3426 647 3674 720 Epimpi

2104 756 2283 801 autem
2316 745 2425 811 illi,
2470 745 2636 815 inquit
2660 743 2966 810 Palladius,
3002 744 3091 812 qui
3123 759 3232 814 pra:
3258 751 3401 797 metu
3428 741 3494 795 ad
3521 742 3678 794 Attici

2108 849 2285 906 partes
2312 837 2649 903 transierant,
2688 837 2745 891 in
2769 835 2901 891 alias
2948 834 3185 889 Thracia:
3215 833 3480 890 Ecclesias
3505 841 3679 886 trans-

2104 929 2190 983 lati
2221 938 2366 993 sunt,
2408 928 2582 983 Attico
2608 943 2802 998 nempe
2829 926 2879 981 vi
2904 934 3127 981 extorta:
3150 925 3360 979 illorum
3388 922 3681 979 adhmsioni

2103 1038 2207 1076 non
2223 1020 2356 1076 satis
2375 1018 2587 1073 ﬁdente.
2602 1018 2904 1073 Anatolium
2917 1018 3224 1087 episcopum
3241 1014 3615 1070 dicebantesse
3628 1012 3682 1066 in

2103 1112 2310 1168 Galliis.
2348 1109 2786 1179 Presbyter-orum
2806 1123 2934 1162 vero
2961 1107 3050 1161 alii
3078 1108 3129 1160 in
3152 1103 3400 1160 Arabiam
3430 1111 3484 1157 et
3518 1102 3684 1156 Palu»

2104 1210 2296 1258 stinam
2326 1199 2594 1255 amandati
2620 1207 2764 1253 sunt.
2826 1197 3034 1268 Tigrius
3062 1199 3114 1252 in
3141 1194 3575 1267 Mes0potamiam
3598 1209 3684 1247 re-

2108 1296 2311 1366 legatus
2328 1302 2431 1360 est,
2458 1290 2794 1362 Philippusin
2826 1291 2996 1347 Ponto
3019 1289 3171 1347 exsul
3188 1289 3338 1355 obiit,
3360 1286 3689 1358 Theophilus

2107 1387 2160 1441 in
2191 1384 2555 1456 Paphlagonia
2584 1393 2739 1450 erat;
2768 1383 3002 1439 Joannes
3022 1423 3037 1447 ,
3086 1380 3465 1445 Ethriililius,
3510 1380 3689 1434 Caesa—

2117 1493 2224 1532 rea:
2252 1476 2634 1531 monasterium
2660 1473 2976 1527 construxit.
3009 1472 3337 1544 Stephanum
3366 1471 3418 1525 in
3441 1470 3689 1525 Arabiam

2110 1568 2401 1636 relegatum
2440 1574 2495 1619 et
2542 1563 2822 1619 custodum
2866 1564 3107 1618 manibus
3154 1564 3501 1630 abstractum,
3548 1562 3692 1618 Isau-

2112 1657 2158 1710 ri
2190 1655 2242 1708 in
2269 1655 2501 1709 Taurum
2539 1654 2856 1709 dimiserunt
2892 1672 2906 1707 :
2944 1653 3237 1709 Salustium
3283 1656 3335 1708 in
3373 1652 3531 1709 Creta
3571 1667 3692 1707 esse

2114 1744 2400 1801 dicebant:
2430 1744 2706 1815 Philippus
2732 1745 3024 1800 monachus
3056 1753 3116 1801 et
3143 1742 3429 1817 Presbyter
3470 1744 3692 1799 Schola-

2115 1853 2261 1903 rum,
2294 1835 2569 1891 dicebatur
2598 1836 2648 1889 in
2677 1834 2964 1905 Campania
2991 1845 3272 1907 mgrotare,
3309 1845 3365 1891 et
3392 1834 3695 1906 Stephanus

2114 1927 2375 1982 diaconus
2406 1926 2459 1980 in
2488 1923 2793 1980 Thebaidos
2818 1939 3031 1980 carcere
3059 1925 3304 1983 detineri.
3349 1925 3545 1980 Paulus
3579 1923 3697 1978 dia-

2116 2032 2313 2084 conus,
2343 2014 2640 2073 (Economi
2670 2015 2883 2084 adjutor
2902 2056 2917 2082 ,
2949 2015 3263 2070 narrabatur
3285 2016 3338 2068 in
3367 2014 3541 2069 Africa
3572 2028 3695 2069 ver-

2115 2113 2221 2165 sari
2247 2127 2264 2165 :
2291 2110 2428 2164 alius
2470 2109 2667 2164 Paulus
2708 2109 2967 2164 diaconus
3010 2107 3306 2163 Anastasis:
3352 2106 3699 2179 Jerosolymis

2116 2201 2454 2255 versabatur.
2500 2200 2773 2255 llelladius
2799 2201 3076 2273 presbyter
3105 2201 3294 2255 Palatii
3322 2200 3376 2255 in
3403 2199 3575 2271 agello
3604 2214 3701 2255 suo

2120 2290 2384 2360 Bithynia:
2410 2289 2571 2346 vitam
2598 2292 2807 2362 agebat.
2840 2293 2988 2347 Multi
3025 2293 3481 2363 Constantinopoli
3518 2293 3697 2348 dente.

2121 2383 2373 2450 scebant;
2400 2383 2489 2437 alii
2514 2384 2568 2439 in
2597 2385 2821 2454 patriam
2844 2384 3068 2456 quisque
3088 2399 3237 2439 suam
3261 2385 3518 2439 abierant.
3537 2385 3704 2441 Silva-

2123 2492 2243 2543 nus,
2269 2485 2485 2532 sanctus
2504 2478 2817 2548 episcopus,
2845 2478 2898 2533 in
2930 2476 3140 2532 Troade
3175 2477 3504 2547 piscabatur,
3542 2484 3598 2531 et
3638 2491 3704 2532 ex

2124 2567 2331 2636 piscatu
2360 2568 2523 2622 vitam
2551 2567 2651 2621 sibi
2680 2568 3040 2637 comparabat.
3068 2566 3367 2637 Stephanus
3391 2567 3705 2632 monachus,

2123 2658 2215 2728 qui
2236 2659 2601 2714 Romanorum
2630 2659 2883 2730 epistolas
2909 2658 3194 2726 detulerat,
3225 2675 3287 2715 ea
3308 2658 3376 2714 de
3396 2674 3557 2715 causa
3585 2674 3705 2713 vcr—

2129 2749 2370 2816 beratus,
2401 2751 2587 2805 decem
2617 2750 2894 2805 mensibus
2919 2749 3376 2820 Constantinopoli
3414 2750 3465 2804 in
3492 2764 3708 2804 carcere

2125 2843 2285 2895 vitam
2319 2843 2465 2911 egit:
2500 2858 2621 2898 cum
2671 2850 2849 2898 autem
2898 2843 3228 2913 propositum
3280 2842 3378 2912 ipsi
3417 2839 3604 2897 fuisset
3652 2850 3709 2897 ut

2124 2931 2302 2986 Attico
2326 2932 2576 2999 hazreret,
2596 2942 2651 2988 et
2677 2948 2783 2988 non
2813 2933 3191 3003 acquievisset,
3221 2933 3478 2988 lateribus
3508 2942 3562 2988 et
3609 2948 3708 3002 pe-

2124 3034 2274 3079 ctore
2300 3025 2616 3094 ungularum
2636 3027 2684 3078 vi
2712 3025 2973 3081 laceratus
3002 3034 3084 3080 est
3114 3025 3297 3094 :cujus
3327 3026 3405 3080 rei
3433 3025 3583 3080 testis
3610 3024 3709 3079 fuit

2125 3114 2239 3184 ipse
2268 3114 2554 3169 Palladius.
2594 3115 2902 3187 Stephanus
2933 3130 3061 3171 vero
3095 3115 3294 3171 Christi
3332 3114 3666 3187 providentia
3690 3155 3706 3181 ,

2133 3205 2186 3259 in
2212 3204 2445 3260 secunda
2473 3205 2698 3261 fortasse
2724 3206 3019 3261 certamina
3045 3216 3369 3273 reservatus,
3408 3215 3528 3276 post
3565 3205 3709 3261 deci~

2130 3311 2274 3349 mum
2296 3296 2585 3351 curationis
2604 3312 2713 3351 suae
2738 3312 2999 3365 mensem,
3031 3297 3301 3354 Pelusium
3324 3299 3591 3368 relegatus
3606 3308 3708 3353 est.

2125 3388 2477 3444 Provincialis
2531 3389 2744 3459 quidam
2792 3391 2948 3445 miles
2993 3407 3057 3445 ex
3088 3390 3284 3446 scholis
3330 3391 3604 3460 Palatinis,
3657 3402 3711 3447 ut

2123 3479 2345 3535 Joannis
2393 3479 2565 3535 fautor
2592 3492 2895 3547 accusatus,
2926 3490 3046 3552 post
3075 3483 3205 3537 varii
3225 3483 3437 3553 generis
3457 3483 3635 3554 plagas
3658 3492 3710 3539 et

2128 3570 2495 3627 atrocissimas
2516 3569 2843 3637 abrasiones,
2870 3572 3055 3627 Petras
3078 3573 3225 3628 exsul
3246 3574 3440 3628 missus
3463 3584 3565 3629 est.

2195 3663 2514 3733 Episcopum
2528 3663 2690 3718 alium
2708 3674 2966 3720 memorat
2980 3665 3237 3735 Synesius
3252 3666 3521 3738 (Synesius
3536 3665 3709 3737 Epist.

2123 3756 2192 3812 96
2221 3765 2264 3810 et
2289 3754 2359 3811 97
2383 3756 2400 3825 )
2422 3796 2437 3820 ,
2489 3756 2850 3812 Alexandrum
2900 3757 3432 3829 Basilinopolitanum
3455 3801 3473 3827 ,
3503 3761 3710 3833 Cyrene

2124 3847 2175 3901 in
2193 3847 2357 3919 Libya
2375 3857 2579 3915 natum,
2598 3849 2687 3919 qui
2701 3849 2912 3919 juvenis
2925 3852 3270 3907 monasticnm
3288 3852 3446 3907 vitam
3463 3868 3724 3909 exercue.

2124 3949 2225 4005 rat,
2246 3950 2534 4012 posteaque
2561 3942 2838 4014 presbyter
2851 3952 3058 3999 creatus
3074 3959 3193 3998 cum
3209 3945 3708 4016 ConstantinOpolin

2124 4031 2375 4095 venisset,
2394 4046 2424 4085 a
2440 4031 2842 4104 Chrysostomo,
2860 4035 2949 4105 qui
2975 4034 3090 4106 ejus
3117 4036 3367 4106 pietatem
3383 4046 3723 4108 ueteresque

2123 4122 2285 4176 animi
2337 4122 2489 4178 dotes
2541 4125 2705 4193 probe
2758 4135 3014 4192 noverat,
3070 4122 3449 4197 Basinopoleos
3498 4130 3708 4199 episco-

2124 4229 2224 4284 pus
2268 4224 2478 4270 creatus
2525 4214 2644 4270 fuit.
2689 4215 2820 4271 Cum
2869 4232 2998 4272 vero
3043 4217 3457 4289 Chrysostomus
3505 4235 3533 4273 a
3580 4220 3713 4276 sedo

2122 4319 2219 4359 sua
2268 4305 2449 4374 pulsus
2491 4306 2624 4372 fuit,
2677 4306 2791 4376 ejus
2836 4308 2925 4363 ille
2967 4309 3206 4378 partibus
3253 4325 3466 4378 semper
3514 4310 3706 4376 hazsit,

2124 4395 2349 4466 ideoque
2391 4407 2614 4451 vexatus
2642 4398 3023 4454 Ptolemaidem
3068 4400 3119 4452 in
3152 4400 3316 4471 Libya
3363 4418 3423 4457 se
3464 4404 3706 4472 recepit.

2123 4502 2296 4557 neque
2345 4503 2594 4558 umquam
2639 4504 2669 4543 a
2713 4487 3079 4561 Chrysostomi
3132 4492 3368 4563 partibus
3419 4492 3710 4550 abscedere

2122 4579 2307 4633 voluit.

2192 4669 2385 4726 Narrat
2438 4688 2564 4729 vero
2612 4672 2879 4729 Palladius
2909 4673 3141 4746 (Pallad.
3186 4674 3433 4748 Dialog.)
3488 4689 3712 4747 scopum

2122 4763 2379 4819 Ecclesia:
2433 4763 2689 4819 Romana:
2742 4764 2905 4820 fuisse
2964 4782 3069 4819 non
3132 4768 3528 4822 communicare
3588 4784 3710 4823 um-

2122 4873 2282 4926 quam
2333 4873 2454 4913 cum
2503 4857 2856 4912 Orientalibus
2908 4857 3208 4929 episcopis,
3238 4860 3533 4928 praesertim
3586 4876 3707 4917 cum

2124 4947 2441 5018 Theophila,
2473 4947 2642 5001 donec
2666 4946 2903 5003 dedisset
2932 4948 3190 5005 Dominus
3218 4950 3392 5005 locum
3423 4952 3710 5008 universaii

2123 5038 2339 5110 Synodo
2363 5082 2377 5106 ,
2406 5055 2524 5109 qua:
2567 5040 2876 5109 putrefactis
2918 5044 3172 5098 membris
3212 5058 3395 5098 eorum
3421 5086 3437 5111 ,
3465 5046 3553 5115 qui
3597 5044 3711 5101 hanc

2124 5137 2391 5197 patrarant
2414 5168 2428 5193 ,
2458 5128 2763 5185 mederetur
2795 5146 2809 5183 :
2842 5131 3092 5200 additque
3133 5136 3293 5187 etiam
3321 5143 3441 5203 post
3480 5143 3706 5189 mortem

2123 5219 2341 5275 Joannis
2365 5259 2379 5283 ,
2410 5219 2639 5288 viguisse
2670 5228 2845 5276 tamen
2875 5221 3018 5275 illam
3062 5221 3354 5279 lnnocentii
3389 5235 3442 5279 et
3483 5226 3707 5280 Romani

2123 5309 2343 5363 Concilii
2368 5308 2816 5377 declarationem,
2843 5311 2966 5381 quia
3011 5314 3067 5367 in
3112 5317 3508 5369 tantolumultu
3556 5317 3707 5371 multi

2125 5400 2319 5468 indigni
2350 5399 2417 5453 ad
2435 5400 2699 5456 Ecclesias
2714 5402 3048 5471 occupandas
3075 5405 3454 5460 involaverant.
3475 5407 3706 5477 ldipsnm

2122 5491 2253 5547 dicit
2276 5491 2641 5549 Theodoretus
2689 5492 3015 5563 (Theodoret.
3050 5498 3086 5550 ι.
3118 5497 3170 5551 5.
3202 5514 3248 5549 c.
3281 5497 3707 5570 54):adjicitque

2126 5584 2283 5637 etiam
2316 5592 2433 5651 post
2474 5594 2697 5638 mortem
2726 5586 2904 5657 magni
2952 5587 3185 5641 doctoris
3214 5590 3362 5644 orbis
3406 5600 3663 5647 terrarum
3691 5636 3707 5658 ,

2125 5673 2491 5729 Occidentales
2507 5676 2803 5745 episcopos,
2825 5678 3194 5746 episcoporum
3212 5679 3425 5751 Egypti
3451 5690 3505 5736 et
3520 5680 3709 5738 Orien-

2126 5765 2229 5829 tis,
2264 5763 2483 5833 Bospori
2531 5774 2584 5819 et
2632 5764 2911 5832 Thracias,
2956 5772 3381 5826 communionem
3430 5787 3535 5828 non
3582 5786 3709 5830 ante

2122 5851 2438 5921 admisisse,
2470 5870 2624 5925 quam
2670 5854 2831 5911 divini
2880 5858 3019 5912 illius
3048 5860 3144 5914 viri
3195 5876 3389 5919 nomen
3438 5880 3543 5922 una
3584 5881 3705 5923 cum

2123 5956 2328 6003 ('llzleflS
2350 5945 2610 6005 defunctis
2631 5949 2894 6021 episcopis
2906 5957 3340 6028 consignassent.
