4506 6702
860 562 965 616 259

918 678 1302 751 Cltrysostomus
1323 679 1612 733 Innocentio
1632 679 1791 748 Papa:
1814 678 1982 732 literas
2000 678 2167 731 mittit.
2184 708 2253 717 -—
2267 674 2431 743 Chry-

847 784 1117 827 Sustomus
1155 788 1273 825 cum
1302 771 1563 841 episcopis
1588 769 2015 826 Occidentalibus
2040 783 2252 823 causam
2280 780 2429 819 suam

776 864 797 923 Ἀ
850 863 1268 934 suscipientibus
1290 859 1495 925 scribit,
1525 860 1593 914 de
1622 858 1760 914 felici
1793 856 1872 911 rei
1900 857 2046 911 exitu
2075 856 2320 912 dubitare
2346 854 2425 909 vi-

850 960 1028 1024 detur,
1060 957 1203 1027 quod
1235 956 1547 1023 nequitiam,
1584 954 1898 1025 potentiam,
1929 952 2281 1022 pervicaciam
2334 949 2429 1004 ad-

852 1052 1213 1107 versariorum
1236 1066 1456 1106 suorum
1496 1048 1661 1119 probe
1688 1054 1891 1101 nosset.
1920 1046 2030 1101 Nec
2057 1046 2179 1101 ideo
2222 1043 2432 1098 minore

848 1158 979 1199 cura
1000 1155 1052 1199 et
1073 1143 1247 1197 studio
1262 1142 1327 1196 ad
1347 1156 1432 1195 res
1448 1137 1850 1209 componendas
1889 1138 2147 1193 utendum
2175 1151 2295 1193 esse
2320 1134 2435 1190 exi-

851 1238 1118 1296 stimabat,
1142 1243 1197 1288 ut
1219 1235 1399 1288 videre
1421 1233 1578 1287 estin
1606 1231 1833 1302 epistola
1853 1231 1919 1286 ad
1946 1229 2312 1285 innocentium
2338 1228 2437 1282 Pa-

850 1343 973 1398 pam
1007 1326 1093 1398 (Τ.
1143 1326 1197 1381 5.
1238 1342 1286 1380 c.
1327 1325 1477 1395 555),
1526 1322 1612 1377 cui
1665 1337 1908 1376 summas
1937 1323 2043 1391 agit
2069 1323 2269 1391 gratias
2293 1317 2437 1389 quod

846 1419 1019 1462 tantas
1060 1416 1399 1477 tempestates
1422 1448 1436 1472 ,
1469 1417 1644 1461 tantos
1672 1406 1863 1460 fluctus
1893 1421 1988 1475 pro
2013 1405 2213 1458 viribus
2238 1404 2427 1457 sedare

844 1509 1066 1555 conatus
1110 1501 1224 1554 sit:
1259 1502 1329 1556 ita
1376 1510 1470 1565 ut,
1516 1500 1561 1553 si
1608 1507 1828 1555 conatus
1874 1498 1989 1565 ejus
2030 1495 2211 1551 felices
2253 1496 2427 1550 exitus

846 1592 1187 1657 habuissent,
1217 1592 1328 1662 jam
1380 1599 1564 1663 pacata
1617 1590 1792 1645 omnia
1839 1596 2055 1652 essent,
2087 1595 2141 1641 et
2188 1587 2425 1641 Ecclesia

844 1686 1129 1754 tranquilla
1180 1700 1310 1754 pace
1365 1683 1651 1738 frueretur.
1708 1681 1983 1751 Rogatque
2034 1680 2181 1734 illum
2237 1694 2304 1734 ne
2356 1694 2423 1733 ex

842 1778 1273 1832 adversariorum
1339 1774 1518 1831 furore
1572 1776 1809 1830 animum
1864 1775 2241 1844 despondeat,
2306 1788 2427 1828 cum

844 1878 922 1921 tot
977 1866 1155 1921 videat
1208 1867 1432 1936 populos
1485 1867 1755 1936 dispersos
1787 1906 1802 1932 ,
1870 1866 2093 1921 clericos
2151 1873 2377 1919 vexatos
2408 1905 2423 1927 ,

842 1959 1123 2031 episcopos
1167 1957 1385 2013 sedibus
1431 1958 1610 2027 pulsos
1660 1975 1674 2011 :
1723 1966 1778 2011 et
1820 1965 2016 2027 quanto
2064 1956 2233 2025 major
2284 1964 2425 2008 tem-

843 2059 1023 2120 pestas
1066 2060 1167 2115 est,
1200 2058 1346 2104 tanto
1390 2050 1560 2119 majus
1604 2048 1834 2104 studium
1864 2047 2113 2101 adhibeat
2158 2054 2423 2115 precatur.

844 2143 1021 2211 Seque
1044 2142 1429 2211 frequentiores
1457 2141 1555 2211 ipsi
1601 2141 1779 2194 literas
1804 2140 2089 2193 missurum
2121 2136 2285 2192 fuisse
2311 2137 2421 2205 ait,

843 2234 945 2287 nisi
986 2232 1152 2287 Isauri
1194 2232 1466 2302 perpetuis
1512 2228 1902 2285 incursionibus
1948 2231 2060 2283 vias
2101 2228 2423 2283 interclude-

842 2333 981 2379 rent.

914 2416 1059 2469 Hanc
1083 2414 1362 2484 epistolam
1392 2414 1615 2468 Romam
1643 2412 1870 2466 attulere
1894 2409 2126 2466 Joannes
2149 2411 2427 2483 presbyter

841 2516 896 2562 et
924 2506 1116 2562 Paulus
1140 2507 1417 2571 diaconus,
1435 2515 1493 2560 ut
1518 2506 1569 2559 in
1601 2504 1689 2559 illa
1711 2503 1925 2571 dicitur,
1944 2518 2063 2573 quae
2089 2518 2174 2557 res
2199 2503 2430 2557 difficul-

845 2609 1007 2655 tatem
1049 2608 1229 2654 movet
1270 2613 1376 2653 non
1423 2609 1528 2652 tam
1559 2596 1715 2652 facile
1758 2595 2084 2650 solvendam.
2117 2594 2173 2648 lu
2203 2595 2426 2663 epistola

842 2693 983 2747 enim
1013 2693 1113 2747 {48
1139 2691 1205 2746 ad
1235 2691 1515 2762 Cyriacum
1540 2732 1556 2757 ,
1584 2690 1910 2746 Demetrium
1938 2699 1992 2745 et
2017 2697 2239 2744 (χρίει-οε
2262 2729 2278 2752 ,
2308 2701 2426 2757 qua:

841 2784 1038 2853 scripta
1068 2793 1281 2853 putatur
1307 2797 1448 2836 anno
1477 2782 1601 2846 405,
1632 2782 1705 2835 ait
1730 2780 2141 2849 Chrysostomus
2166 2778 2425 2833 Joannem

842 2874 1208 2946 presbyterum
1233 2884 1287 2930 et
1304 2873 1525 2929 Paulum
1549 2873 1830 2928 diaconum
1860 2877 1959 2927 iter
1975 2886 2178 2942 parare,
2199 2879 2257 2924 ut
2280 2870 2425 2940 ipsos

840 2967 1160 3020 conveniant
1212 2982 1227 3017 :
1280 2966 1327 3020 si
1381 2975 1556 3019 autem
1611 2980 1752 3019 anno
1802 2964 1908 3020 405
1961 2965 2095 3018 hanc
2147 2962 2425 3031 epistolam

841 3056 1117 3126 scripserit
1148 3054 1558 3127 Chrysostomus
1581 3095 1596 3119 ,
1626 3070 1730 3124 quo
1779 3064 1936 3125 pacto
1963 3053 2145 3109 dicere
2174 3052 2341 3122 possit
2367 3067 2427 3108 se

843 3147 1058 3200 tertium
1102 3161 1298 3200 annum
1343 3147 1396 3201 in
1423 3146 1611 3201 exsilio
1637 3160 1795 3215 agere
1819 3186 1834 3210 ,
1863 3146 1952 3214 qui
1984 3154 2106 3199 tunc
2136 3144 2426 3199 secundum

843 3250 1047 3294 tantum
1073 3238 1209 3294 inire
1235 3239 1748 3309 poterat?0pinatur
1775 3238 2143 3292 Tillemontius
2167 3237 2426 3293 Joannem

840 3342 891 3385 et
919 3330 1158 3398 Paulum,
1178 3331 1268 3401 qui
1297 3339 1420 3386 tunc
1446 3331 1549 3385 iter
1577 3330 1853 3399 parabant,
1873 3328 2256 3398 profectionem
2275 3344 2427 3384 suam

841 3422 895 3476 in
917 3435 1115 3475 annum
1136 3430 1445 3490 sequentem
1468 3420 1760 3475 distulisse.

910 3515 1040 3569 Alite
1067 3517 1178 3580 eius
1206 3514 1449 3586 epistolas.
1480 3544 1551 3553 —
1579 3512 1769 3569 Joanui
1814 3521 1991 3567 autem
2021 3513 2329 3584 presbytero
2374 3520 2428 3567 et

841 3604 1004 3659 Paulo
1031 3604 1254 3658 diacono
1290 3604 1568 3674 epistolam
1598 3602 1746 3657 dedit
1774 3601 1897 3668 168,
1931 3602 2137 3669 Probte,
2169 3613 2427 3658 matrona:

841 3693 1114 3760 Romamn,
1145 3692 1507 3760 adferendam,
1528 3697 1612 3748 cui
1639 3694 1758 3748 illos
1786 3694 2144 3759 commendat,
2176 3694 2426 3764 illamque

842 3794 899 3839 ut
926 3784 1252 3854 frequentius
1281 3785 1379 3839 sibi
1406 3785 1584 3840 literas
1608 3785 1781 3840 mittat
1807 3796 2073 3855 precatur.
2103 3785 2422 3856 Iisdemque,

842 3886 901 3929 ut
927 3885 1140 3944 putatur
1162 3917 1177 3941 ,
1206 3876 1455 3945 epistolas
1497 3888 1781 3946 sequentes
1810 3878 1910 3933 169
1939 3887 1993 3935 et
2023 3879 2125 3933 170
2169 3879 2382 3933 tradidit
2406 3920 2421 3945 ,

843 3982 1063 4034 quarum
1085 3967 1230 4037 prior
1244 3967 1465 4022 Julianae
1481 3976 1535 4022 et
1552 3968 1615 4022 iis
1632 3969 1859 4037 quicum
1890 3970 1977 4023 illa
1994 3980 2143 4025 erant
2158 3970 2424 4039 dirigitur,

848 4056 1038 4125 quibus
1064 4057 1258 4126 gratias
1282 4057 1427 4126 agit,
1459 4057 1600 4127 quod
1645 4059 1765 4113 illos
1788 4073 1973 4113 omnes
1997 4101 2011 4124 ,
2039 4074 2173 4128 quos
2201 4059 2427 4114 Romam

844 4150 1064 4203 miserat
1126 4149 1505 4218 benignissime
1558 4151 1905 4220 excepissent
1935 4192 1949 4214 ,
2018 4150 2263 4220 quodque
2318 4160 2427 4204 tam

844 4254 1016 4293 atavos
1054 4240 1307 4294 tumultus
1331 4282 1346 4306 ,
1373 4241 1462 4309 qui
1490 4250 1600 4294 tum
1642 4239 1936 4295 Ecclesiam
1962 4239 2285 4295 Orientalcm
2313 4242 2426 4310 agi-

847 4331 1045 4398 tabant,
1074 4348 1413 4405 compescere
1439 4334 1715 4389 studerent
1745 4350 1759 4386 :
1793 4332 2057 4403 posterior
2076 4349 2204 4390 vero
2232 4334 2426 4391 Italica:

847 4424 1148 4481 inscribitur
1170 4467 1184 4493 ,
1214 4442 1372 4496 quam
1400 4442 1431 4482 a
1460 4426 1767 4483 fortitudine
1791 4427 2063 4494 celebrat,
2090 4429 2231 4499 quod
2255 4445 2426 4499 neque

844 4518 1092 4574 sedanda:
1130 4517 1383 4574 Orientali
1428 4522 1728 4591 tempestati
1771 4523 2079 4577 incumbere
2118 4522 2424 4590 desineret;

845 4611 1093 4677 acuitque
1133 4610 1279 4664 illam
1304 4619 1365 4662 ut
1405 4610 1460 4663 in
1490 4610 1591 4665 hoc
1634 4619 1743 4665 tam
1787 4611 2053 4665 laudando
2083 4612 2257 4666 studio
2300 4629 2427 4682 per-

849 4706 1075 4753 severet.

918 4787 1150 4843 Diversis
1174 4803 1387 4859 quoque
1429 4803 1527 4858 per
1554 4786 1896 4845 Occidentem
1941 4790 2203 4861 episcopis
2248 4789 2430 4845 literas

850 4878 952 4931 hoc
987 4879 1198 4933 circiter
1224 4889 1461 4948 tempore
1490 4879 1671 4945 misit,
1702 4880 1785 4935 vel
1814 4891 1870 4935 ut
1892 4881 2091 4951 gratias
2127 4889 2309 4951 ageret
2333 4896 2430 4951 pro

851 4980 982 5035 pace
1022 4966 1075 5020 in
1106 4967 1342 5021 Ecclesia
1370 4967 1625 5024 Orientali
1652 4972 1976 5027 restituenda
2023 4972 2387 5029 laborantibus
2407 5016 2423 5041 ,

853 5058 936 5112 vel
966 5065 1020 5111 ut
1044 5066 1328 5113 acucretct
1350 5058 1415 5113 ad
1445 5070 1750 5115 constanter
1765 5064 2023 5131 agendum
2053 5064 2423 5123 inflammaret.

851 5148 999 5204 Talis
1026 5157 1109 5204 est
1136 5149 1356 5218 epistola
1393 5150 1486 5205 151
1520 5150 1586 5203 ad
1632 5152 1866 5205 Asellum
1910 5155 2213 5224 episcopum
2248 5175 2260 5210 :
2296 5159 2428 5214 tales

853 5239 1092 5309 epistola:
1133 5240 1274 5307 152,
1321 5241 1461 5306 155,
1506 5240 1647 5307 154,
1693 5239 1758 5294 ad
1804 5242 2081 5313 episcOpos
2122 5246 2430 5313 simpliciter

857 5330 1121 5400 inscriptae
1146 5372 1160 5394 ,
1189 5330 1240 5385 id
1283 5341 1402 5398 est,
1430 5341 1489 5387 ut
1525 5348 1590 5387 ex
1634 5332 1773 5388 serie
1814 5331 2016 5403 liquet,
2048 5333 2113 5387 ad
2154 5336 2431 5405 episc0pos

856 5422 1239 5479 Occidentales.
1291 5424 1481 5480 Iisdem
1531 5427 1689 5481 missa
1738 5425 1836 5480 fuit
1880 5425 2101 5494 epistula
2151 5425 2292 5490 181,
2342 5427 2431 5482 ubi

856 5512 985 5568 dicit
1032 5514 1151 5568 illos
1199 5516 1265 5569 ab
1310 5517 1553 5572 omnibus
1600 5517 1875 5587 pra‘dicari
1925 5526 2084 5587 atque
2132 5517 2428 5586 celebrari,

856 5602 996 5672 quod
1024 5604 1123 5658 etsi
1155 5613 1259 5658 tam
1295 5606 1448 5675 longe
1473 5607 1641 5661 dissiti
1667 5616 1818 5663 erant
1839 5650 1851 5674 ,
1885 5608 2093 5664 fortiter
2117 5622 2433 5678 strenueque

858 5697 1112 5752 adversus
1155 5697 1273 5752 illos
1301 5699 1388 5766 qui
1421 5697 1707 5751 Ecclesiam
1739 5701 2116 5768 perturbabant
2144 5702 2383 5757 steterint
2416 5721 2428 5758 :

866 5805 884 5837 ι
922 5787 1070 5854 Quod
1097 5788 1179 5853 si,
1220 5808 1238 5840 ι
1276 5788 1483 5859 inquit,
1522 5806 1540 5839 ι
1579 5788 1804 5844 necdum
1829 5792 2147 5861 importunae
2174 5808 2282 5848 sua:
2307 5809 2437 5849 con-

862 5882 1081 5936 tentioni
1123 5891 1175 5938 et
1216 5881 1412 5952 injuSIo
1443 5881 1581 5937 bello
1608 5880 1765 5936 linem
1798 5884 2071 5955 imponere
2096 5886 2279 5941 volunt
2302 5929 2315 5949 ,
2345 5889 2437 5959 qui

861 5974 1055 6030 horum
1078 5987 1108 6026 a
1137 5972 1393 6044 prin-ipio
1438 5974 1694 6030 malorum
1756 5985 2007 6034 auctores
2031 5974 2198 6048 fuere,
2249 5994 2315 6035 ne
2345 5994 2436 6032 vos

1894 565 1949 621 s.
1983 561 2264 620 JOANNIS
2292 556 2763 617 cnnvsosrom
2807 564 2987 632 Vl‘l‘A,

3992 576 4100 631 260

2540 679 2821 734 conturbet
2849 679 2995 746 illud,
3015 695 3149 737 neve
3172 685 3376 741 animos
3394 694 3598 741 vestros
3627 685 3892 740 debilitet:
3916 702 4109 757 quanto

2538 773 2679 827 enim
2708 775 2876 845 major
2903 774 3050 831 vobis
3092 778 3329 835 exoritur
3371 781 3519 836 labor
3544 823 3556 846 ,
3588 790 3732 834 tanto
3758 783 3915 835 etiam
3944 787 4109 855 major

2537 876 2734 919 corona
2757 875 3015 921 ﬂectetur.
3048 885 3066 919 ι

2610 954 2839 1014 Venerio
2865 973 3075 1027 quoque
3099 958 3479 1021 Mediolaneusi
3508 965 3649 1020 misit
3675 964 3953 1035 epistolam
3986 967 4103 1031 189..

2534 1052 2590 1098 et
2617 1046 2880 1119 llesychio
2913 1049 3188 1105 Salonensi
3233 1056 3286 1109 in
3314 1057 3566 1112 Dalmatia
3612 1059 3765 1128 epist.
3797 1058 3898 1112 185
3931 1077 3944 1112 :
3976 1076 4108 1128 quos

2536 1139 2758 1205 perinde
2789 1142 2964 1197 laudat
2990 1158 3019 1196 a
3050 1142 3243 1199 virtute
3270 1158 3323 1201 et
3347 1152 3640 1205 constantia
3664 1193 3678 1214 ,
3711 1160 3761 1205 et
3788 1149 4029 1204 hortatur
4055 1161 4109 1205 ut

2534 1241 2707 1298 cmpta
2760 1238 3014 1301 perlicere
3055 1243 3314 1305 satagant.
3364 1240 3710 1312 Summopere
3757 1242 4005 1312 praedicat
4049 1243 4103 1297 S.

2534 1321 2737 1377 Aurelii
2762 1324 3187 1395 Carthaginensis
3213 1330 3447 1400 episcopi
3473 1336 3738 1400 virtutem,
3758 1336 4105 1388 constantiam

2534 1420 2587 1464 ct
2604 1412 2850 1483 loquendi
2870 1416 3161 1471 libertatem
3188 1416 3240 1470 in
3268 1421 3489 1487 epistola
3514 1424 3613 1478 M9
3632 1442 3645 1477 :
3667 1440 3821 1494 quem
3847 1425 3944 1477 etsi
3964 1435 4106 1479 tanto

2534 1508 2795 1558 terrarum
2824 1507 3095 1562 intervallo
3121 1507 3187 1561 ab
3214 1523 3271 1563 se
3288 1510 3551 1581 dissitum,
3572 1515 3671 1570 sibi
3703 1527 3874 1569 tamen
3890 1517 4106 1571 caritate

2532 1594 3023 1662 conjunctissimum
3079 1613 3195 1654 esse
3249 1601 3550 1671 significat,
3608 1608 3677 1661 ita
3734 1617 3794 1660 ut
3843 1608 4106 1661 ferventer

2532 1683 2819 1742 admodum
2837 1704 3047 1744 causam
3065 1705 3211 1744 suam
3235 1690 3500 1762 defendat,
3524 1697 3865 1768 hortaturque
3888 1699 4031 1753 illum
4051 1708 4105 1754 ut

2532 1772 2585 1827 in
2610 1775 2710 1830 hoc
2733 1781 2983 1847 praeclaro
3002 1783 3292 1838 certamine
3314 1796 3633 1854 perseveret.

2601 1864 2783 1923 Libros
2824 1871 2951 1924 duos
2977 1872 3198 1939 egregios
3239 1876 3411 1929 scribit
3454 1879 3699 1948 mittitque
3742 1879 3809 1933 ad
3841 1879 4104 1953 Olympia-

2532 1954 2879 2013 dem—[loc
2916 1960 3119 2025 ultimo,
3160 1970 3218 2015 ut
3258 1973 3492 2033 putatur,
3510 1968 3682 2022 exsilii
3724 1970 3805 2023 sui
3846 1985 4004 2034 anno,
4037 1971 4096 2024 li-

2531 2042 2687 2101 brum
2718 2051 3031 2120 composuit,
3060 2053 3213 2120 cujus
3260 2056 3342 2109 vel
3396 2057 3575 2111 titulus
3627 2059 3771 2112 solus
3798 2058 4104 2115 Christiana:

2528 2137 2881 2207 philosophia:
2896 2154 3158 2194 summam
3176 2143 3549 2211 complectitur
3568 2162 3580 2198 :
3606 2142 3758 2210 Quod
3776 2148 3863 2215 qui
3886 2148 4107 2216 seipsum

2526 2247 2629 2286 non
2651 2231 2811 2299 (adit,
2835 2250 2977 2290 nemo
2999 2234 3182 2291 (rudere
3206 2240 3364 2306 possit
3392 2239 3477 2308 (Τ.
3506 2240 3558 2295 5.
3585 2255 3632 2293 c.
3654 2238 3807 2309 459).
3828 2240 3925 2296 llic
3949 2243 4106 2314 quid-

2532 2319 2657 2388 quid
2710 2321 2774 2374 ad
2824 2322 2966 2389 pium
3028 2322 3145 2375 vitae
3196 2323 3490 2377 institutum
3554 2324 3816 2392 pertinet,
3868 2328 4105 2395 apposite

2532 2409 2819 2478 profertur.
2848 2411 2977 2477 Quia
3010 2425 3135 2466 vero
3160 2413 3247 2467 vix
3272 2414 3577 2483 contingere
3620 2424 3827 2484 potest,
3854 2426 3910 2471 ut
3934 2418 4021 2487 qui
4051 2419 4103 2474 in

2533 2502 2612 2554 via
2642 2502 2826 2558 salutis
2870 2503 3103 2570 incedit,
3135 2507 3387 2560 aerumnis
3430 2520 3534 2561 non
3565 2516 3834 2576 prematur
3856 2550 3872 2576 ,
3896 2522 4103 2579 quantte

2532 2593 2771 2647 utilitatis
2789 2595 2893 2648 sint
2909 2609 3155 2649 aerumna:
3171 2605 3225 2649 et
3239 2597 3586 2664 calamitates,
3601 2607 3708 2652 tum
3725 2616 3787 2653 ex
3800 2599 4102 2670 Scripturis,

2532 2689 2641 2735 tum
2681 2698 2747 2738 ex
2786 2694 3085 2740 sanctorum
3114 2686 3362 2756 exemplo
3403 2688 3577 2756 palam
3622 2687 3763 2743 facit.
3795 2689 3921 2745 Post
3966 2692 4103 2746 hunc

2522 2774 2867 2831 continenter
2904 2776 3065 2831 alium
3111 2778 3302 2832 librum
3352 2777 3539 2842 edidit,
3581 2778 3733 2847 cujus
3759 2778 3943 2832 titulus
3974 2796 3986 2831 :
4023 2780 4098 2831 Ad

2522 2879 2609 2918 eos
2637 2866 2724 2934 qui
2752 2868 3085 2921 scandalizati
3114 2878 3231 2923 sunt
3259 2869 3319 2922 ob
3359 2868 3685 2923 adversitates
3721 2886 3835 2939 qua:
3875 2871 4096 2939 contige-

2520 2966 2660 3020 runt,
2688 2959 2961 3029 paputique
2981 2969 3025 3013 et
3054 2962 3323 3014 multorum
3338 2962 3654 3014 sacerdotum
3670 2962 4098 3031 persequutionem

2522 3065 2583 3103 ac
2609 3052 2996 3119 perversionem,
3043 3063 3145 3108 etc.
3181 3053 3269 3121 (Τ.
3320 3055 3375 3109 ’5.
3415 3071 3461 3107 ε.
3493 3053 3622 3123 479)
3659 3071 3671 3105 :
3700 3053 3790 3107 ubi
3819 3053 3959 3107 idem
3991 3051 4101 3106 fere

2530 3151 2899 3209 argumentum
2946 3144 3279 3212 persequitur
3322 3144 3460 3212 quod
3508 3144 3562 3196 in
3608 3142 3925 3212 praecedenti
3972 3141 4103 3195 libro

2532 3241 2869 3288 tractaverat.
2897 3235 3085 3305 Agitur
3126 3234 3215 3290 hic
3243 3236 3310 3290 de
3356 3234 3588 3289 ferendis
3630 3234 3789 3289 rebus
3829 3233 4101 3298 adversis,

2530 3325 2910 3396 cujuscumque
2939 3328 3149 3381 tandem
3192 3327 3403 3397 generis
3431 3326 3537 3379 sint
3561 3366 3576 3392 ,
3608 3324 3952 3394 exemploque
3979 3338 4101 3378 san-

2530 3428 2736 3472 ctorum
2765 3417 2970 3473 Veteris
2994 3417 3235 3488 Novique
3260 3417 3584 3472 Testamenti
3625 3417 3692 3471 ad
3722 3431 3837 3471 eam
3866 3431 3977 3470 rem
4020 3416 4102 3470 in-

2530 3510 2819 3565 stituuntur
2867 3510 3474 3580 ConstantinOpolitani,
3524 3509 3612 3579 qui
3659 3517 3783 3563 tunc
3810 3524 3841 3563 a
3868 3508 4104 3563 scelestis

2530 3603 2899 3673 perversisque
2950 3603 3251 3657 nominibus
3301 3601 3646 3656 vexabantur.
3700 3600 3779 3654 Ad
3830 3615 3925 3655 eos
3977 3614 4104 3654 vero

2528 3694 2759 3749 maxime
2784 3703 2989 3763 spectat
3011 3694 3203 3758 oratio,
3231 3694 3320 3762 qui
3347 3692 3541 3763 probos
3565 3692 3804 3747 videntes
3830 3707 3859 3745 a
3891 3692 4105 3746 seditio.

2529 3787 2605 3841 sis
2632 3785 2956 3855 nefariisque
2982 3786 3283 3840 hominibus
3311 3786 3507 3850 vexari,
3539 3784 3768 3839 divinam
3801 3786 4103 3839 incusarent

2529 3877 2940 3946 providentiam.
2985 3875 3214 3930 Atticum
3262 3888 3475 3941 autem,
3519 3875 3608 3945 qui
3654 3890 3685 3929 a
3730 3872 4103 3930 consceleratis

2530 3969 2584 4023 in
2628 3982 2991 4024 successorem
3032 3967 3235 4022 Arsacii
3277 3974 3552 4036 cooptatus
3595 3965 3801 4029 fuerat,
3846 3963 4103 4017 acerrime

2531 4059 2876 4129 perstringit,
2904 4073 3023 4113 cum
3064 4059 3137 4112 ait
3164 4073 3282 4128 cap.
3313 4058 3385 4113 20
3416 4076 3429 4112 :
3465 4058 3614 4112 Nihil
3642 4074 3759 4128 ergo
3784 4058 3987 4109 istorum
4019 4053 4103 4105 tibi

2532 4149 2836 4216 oﬂ'endiculo
2863 4152 2946 4217 sit,
2979 4167 3078 4204 non
3107 4152 3337 4206 sacerdos
3364 4152 3451 4206 ille
3475 4167 3610 4205 nunc
3636 4151 3951 4218 deprauatus,
3984 4146 4103 4214 lupo

2531 4244 2702 4313 quovis
2742 4245 2919 4298 swvius
2960 4245 3013 4298 in
3051 4261 3249 4315 gregem
3290 4245 3540 4298 insiliens.
3580 4241 3731 4296 Unde
3772 4239 4102 4306 comprobari

2531 4335 2748 4388 omnino
2776 4336 3003 4402 videtur,
3022 4334 3163 4389 hunc
3191 4336 3383 4388 librum
3415 4332 3612 4386 editum
3641 4330 3800 4382 fuisse
3829 4339 4100 4399 postquam

2530 4427 2687 4497 legati
2744 4427 3035 4483 Innocentii
3087 4427 3284 4493 Papaz,
3340 4422 3570 4491 episcopi
3624 4421 3956 4485 Orientales,
4013 4420 4103 4490 qui

2530 4534 2649 4573 cmn
2697 4519 2883 4589 legatis
2924 4526 3219 4578 venerant,
3264 4514 3458 4581 aliique
3502 4513 3651 4568 multi
3694 4513 3965 4583 episcOpi,
4014 4528 4103 4566 sa-

2533 4611 2777 4666 cerdoles
2799 4650 2815 4677 ,
2844 4607 3023 4663 clerici
3048 4648 3061 4672 ,
3088 4614 3143 4661 et
3166 4606 3398 4675 cujusvis
3431 4604 3640 4677 generis
3666 4614 3719 4662 et
3747 4605 4063 4662 conditionis
4086 4650 4101 4673 ,

2534 4702 2709 4755 Attico
2735 4708 2971 4764 auctore,
3002 4697 3138 4767 pulsi
3166 4697 3387 4768 direque
3409 4698 3580 4753 vexati
3612 4696 3839 4765 fuerant,
3864 4707 3921 4752 ut
3944 4711 4103 4767 supra

2533 4790 2779 4844 vidimus.

2606 4878 2856 4950 Epistula:
2898 4880 3129 4952 qurrdam
3176 4881 3243 4933 ad
3293 4878 3665 4951 Olyttrpiadem.
3694 4909 3765 4919 ——
3792 4879 3892 4932 Per
3937 4886 4103 4932 totum

2532 4980 2707 5028 aulem
2760 4988 2955 5027 annum
3010 4971 3112 5027 406
3162 4972 3437 5027 commoda
3487 4969 3789 5023 valetudine
3837 4968 4104 5022 fruebatur

2532 5062 2941 5135 Chrysostomus
2965 5105 2979 5125 ,
3013 5072 3068 5117 ut
3115 5064 3166 5116 in
3199 5062 3433 5130 Epistola
3477 5060 3543 5112 ad
3576 5058 3834 5126 Elpidium
3881 5060 3982 5112 142
4023 5070 4104 5114 sat

2535 5159 2807 5226 perSpicue
2826 5156 3074 5219 insinuat,
3091 5155 3179 5209 ubi
3195 5155 3267 5207 ait
3283 5170 3339 5207 se
3354 5156 3459 5221 jam
3481 5152 3554 5204 lsa
3564 5166 3777 5204 urorum
3796 5152 4105 5208 tumultibus

2534 5248 2811 5303 liberatum
2838 5289 2852 5313 ,
2900 5247 3009 5300 otio
3056 5261 3118 5299 ac
3163 5244 3340 5312 quiete
3386 5241 3485 5294 frui
3527 5252 3684 5311 atque
3729 5242 3780 5295 in
3822 5242 4105 5300 securitate

2533 5341 2745 5406 degere.
2787 5340 2844 5393 In
2886 5338 3061 5391 hieme
3102 5344 3275 5388 autem
3324 5342 3448 5387 tunc
3486 5334 3832 5400 versabatur,
3895 5348 4011 5402 quae
4050 5336 4102 5392 in

2534 5433 2783 5486 Armenia
2809 5428 3047 5496 asperior
3060 5440 3180 5481 esse
3207 5424 3427 5479 solebat.
3448 5424 3679 5479 Joannes
3694 5438 3821 5478 vero
3844 5423 4103 5482 imbecillo

2533 5535 2759 5590 corpore
2778 5517 3044 5586 pra-ditus,
3061 5516 3184 5569 dum
3205 5516 3367 5585 frigus
3388 5513 3761 5580 smviret,domi
3778 5528 3835 5569 se
3853 5526 4105 5586 perpetuo

2538 5612 2856 5676 includebat,
2874 5624 3099 5680 raroque
3123 5625 3154 5664 e
3181 5610 3362 5664 limine
3377 5608 3563 5678 pedem
3580 5606 3857 5673 efl‘erebat;
3881 5609 4103 5681 indeque

2538 5705 2734 5758 factum
2780 5709 2839 5755 ut
2879 5702 2930 5756 in
2970 5700 3144 5755 hieme
3187 5700 3273 5755 illa
3318 5701 3453 5753 bona
3482 5698 3781 5755 valetudine
3823 5702 4100 5757 frueretur.

2540 5794 2597 5849 1n
2624 5792 2846 5863 epistola
2874 5807 3083 5863 quoque
3106 5799 3290 5862 quarta
3318 5789 3383 5843 ad
3407 5787 3765 5861 Olympiadem
3793 5794 3864 5847 ait
3888 5810 3945 5848 se
3967 5794 4102 5847 bona

2540 5884 2840 5940 valetudine
2890 5883 3032 5950 frui,
3081 5893 3237 5951 atque
3285 5882 3337 5935 in
3386 5896 3571 5951 magna
3617 5886 3898 5939 securitate
3948 5898 4102 5945 esse;

2549 5974 2684 6029 adeo
2725 5988 2784 6032 ut
2827 5975 3059 6031 Armenii
3108 5973 3173 6029 ad
3222 5983 3487 6045 stuporem
3538 5990 3702 6049 usque
3747 5978 4101 6036 mirarentur.
