4506 6696
386 559 486 613 26f

389 677 532 750 quod
591 680 674 735 vir
727 680 862 738 adeo
926 677 1180 735 mibecilli
1237 675 1478 746 corporis
1510 716 1525 742 ,
1592 672 1979 730 intolerandam

391 774 602 843 frigoris
629 774 734 829 vim
778 774 1016 845 perferre
1043 779 1256 839 posset,
1289 784 1408 824 cum
1456 767 1491 821 ii
1537 767 1719 832 etiam,
1751 765 1842 837 qui
1891 764 1981 817 tali

392 866 555 920 hiemi
601 869 798 923 assueti
844 873 1036 928 erant,
1070 862 1193 918 hinc
1234 880 1339 919 non
1370 862 1637 932 vulgarem
1666 862 1716 914 in
1764 858 1980 913 modum

380 968 407 1004 a
426 957 754 1015 flicerentur.
784 953 1085 1026 Olympiadi
1119 965 1294 1009 autem
1324 968 1385 1007 se
1410 951 1620 1006 misisse
1646 951 1719 1006 ait
1746 949 1939 1003 librum
1965 987 1979 1011 ,

381 1062 496 1114 quo
542 1050 731 1119 probat
779 1045 1043 1099 neminem
1114 1044 1306 1099 lzedere
1356 1056 1511 1111 posse
1552 1056 1711 1107 etim,
1758 1037 1847 1109 qui
1893 1051 1979 1091 se-

390 1140 565 1209 ipsum
596 1156 700 1194 non
730 1137 893 1203 laedit,
923 1152 1127 1192 necnon
1156 1138 1320 1191 alium
1346 1134 1538 1188 librum
1575 1133 1801 1203 idipsum
1828 1144 1980 1185 com-

389 1234 746 1300 probantem,
779 1245 935 1299 quem
983 1240 1307 1299 postremum
1350 1241 1476 1280 eum
1519 1241 1637 1279 esse
1665 1225 1749 1279 cui
1796 1221 1981 1277 titulus

388 1332 512 1387 est,
548 1322 627 1374 Ad
672 1337 757 1375 eos
804 1321 889 1390 qui
934 1319 1265 1377 scandalizati
1310 1326 1466 1385 sunt,
1498 1326 1601 1372 etc.
1629 1358 1644 1384 ,
1688 1316 1798 1386 jam
1846 1313 1981 1368 nihil

389 1412 720 1467 dubitamus.

462 1502 642 1571 Neque
670 1502 878 1557 silentio
906 1500 1331 1573 prmtereundum
1376 1497 1425 1551 id
1454 1498 1592 1568 quod
1638 1496 1796 1566 paulo
1823 1504 1980 1547 antea

390 1591 692 1662 Olympiadi
736 1594 906 1660 dixit,
954 1609 1013 1648 se
1063 1605 1254 1659 nempe
1300 1597 1448 1644 certo
1496 1591 1548 1661 in
1595 1588 1780 1642 sedem
1828 1599 1979 1638 suam

391 1684 775 1739 restituendum
796 1685 927 1739 fore.
950 1684 1028 1737 En
1057 1682 1174 1750 ejus
1190 1681 1379 1735 verba:
1404 1680 1553 1747 Quod
1576 1680 1620 1733 si
1649 1679 1736 1731 tibi
1754 1676 1982 1729 maeroris

390 1789 596 1827 causam
624 1775 676 1828 id
704 1773 873 1840 affert,
892 1772 1027 1841 quod
1055 1788 1087 1823 a
1116 1771 1257 1824 nobis
1282 1772 1511 1841 sejuncta
1539 1770 1629 1834 sis,
1648 1769 1801 1838 hujus
1831 1766 1982 1819 etiam

390 1865 465 1918 rei
492 1865 661 1920 lectum
708 1867 861 1934 ﬁnem
907 1873 1159 1933 exspecta.
1190 1863 1349 1932 Atque
1395 1864 1489 1917 hoc
1534 1878 1636 1916 non
1684 1858 1982 1914 consolandi

389 1958 546 2010 animi
573 1957 647 2011 tui
672 1974 826 2011 causa
851 1973 983 2010 nunc
1009 1955 1145 2021 dico,
1164 1954 1251 2009 sed
1274 1955 1390 2023 quia
1414 1954 1731 2025 exploratum
1756 1952 1880 2005 mihi
1906 1960 1980 2005 est

390 2051 461 2103 ita
488 2052 616 2119 fore.
638 2049 777 2105 Nam
799 2052 893 2105 nisi
925 2051 995 2104 ita
1021 2050 1251 2119 futurum
1269 2058 1411 2110 esset,
1422 2048 1753 2119 jampridem,
1780 2048 1877 2101 nisi
1902 2063 1981 2101 me

390 2143 562 2208 opinio
586 2144 739 2214 fallit,
760 2161 849 2214 per
864 2142 986 2197 mihi
1002 2143 1170 2195 illatas
1185 2141 1494 2195 calamitates
1522 2158 1550 2195 e
1577 2142 1677 2195 vita
1701 2142 1975 2194 cessissem.

392 2230 462 2286 Ut
489 2234 620 2286 enim
635 2233 969 2286 etiumomnia
998 2246 1110 2302 qua!
1124 2229 1560 2298 Constantinopoli
1585 2246 1851 2299 perpessus
1865 2246 1979 2283 sum

389 2332 685 2390 prwteream
711 2363 727 2387 ,
758 2332 943 2391 quanta
966 2363 981 2387 ,
1015 2332 1276 2391 postquam
1306 2336 1368 2374 et
1395 2320 1517 2373 urbe
1543 2321 1767 2383 excessi,
1798 2320 1848 2372 in
1877 2328 1980 2372 tam

389 2411 543 2482 longo
568 2428 629 2465 ac
655 2414 862 2465 molesto
889 2413 1062 2465 itinere
1089 2412 1291 2482 pertuli,
1314 2426 1529 2481 quorum
1550 2412 1708 2463 multa
1734 2409 1983 2480 ejusmodi

390 2512 554 2570 erant,
585 2514 639 2557 ut
665 2513 878 2557 mortem
901 2502 1085 2570 afferre
1113 2512 1346 2573 possent;
1375 2512 1565 2573 quanta
1594 2511 1858 2573 postquam
1884 2502 1983 2555 huc

389 2594 520 2659 veni,
553 2604 741 2663 quanta
771 2604 1037 2666 postquam
1064 2590 1262 2648 Cucuso
1291 2594 1521 2664 migravi,
1553 2601 1741 2663 quanta
1771 2591 1984 2662 denique

388 2694 656 2755 postquam
703 2684 930 2739 Arabissi
972 2694 1312 2739 commoratus
1361 2701 1514 2750 sum,
1564 2684 1846 2754 intelligere
1891 2684 1983 2737 tibi

388 2777 522 2829 licet.
577 2775 651 2831 ita
707 2776 940 2846 putabat-
967 2776 1056 2832 ille
1105 2775 1603 2846 Constantinopolin
1655 2776 1755 2831 sibi
1810 2775 1976 2830 remi-

387 2867 647 2934 grandum
693 2881 833 2921 esse.
863 2866 1059 2922 Verum
1103 2867 1248 2932 alio,
1292 2882 1451 2938 quam
1499 2867 1784 2938 sperabat,
1816 2866 1977 2923 modo

390 2971 477 3011 res
496 2957 705 3012 cecidit.

463 3047 519 3100 ln
550 3047 653 3101 fine
693 3057 869 3103 autem
898 3049 1135 3119 epistola:
1164 3048 1200 3103 4
1226 3047 1294 3103 ad
1321 3047 1687 3120 Olympiadem
1716 3048 1830 3103 haec
1855 3049 1930 3102 ait
1962 3066 1977 3104 :

392 3137 472 3191 De
498 3137 706 3209 Pelagio
732 3142 974 3193 monacho
1000 3157 1184 3211 magno
1209 3140 1384 3194 dolore
1408 3140 1622 3208 affectus
1647 3157 1778 3195 sum.
1802 3139 1980 3211 Cogita

389 3231 545 3302 igitur
570 3242 690 3302 quot
715 3233 1008 3302 quantisque
1031 3233 1230 3287 coronis
1253 3234 1396 3303 digni
1421 3234 1633 3303 sintqui
1660 3234 1781 3305 forti
1809 3233 1979 3287 animo

390 3340 445 3377 in
491 3324 600 3377 acie
639 3332 879 3377 steterunt
902 3363 919 3388 ,
948 3341 1061 3377 cum
1102 3326 1233 3378 viros
1256 3365 1272 3391 ,
1301 3325 1386 3396 qui
1431 3335 1537 3379 tam
1580 3326 1664 3397 pie
1703 3340 1765 3379 ac
1805 3335 1982 3380 sancte

390 3423 627 3483 tantaque
640 3431 754 3467 cum
780 3416 1043 3470 tolerantia
1058 3416 1304 3482 vixerant,
1322 3417 1485 3487 abripi
1501 3427 1650 3487 atque
1675 3418 1727 3472 in
1744 3420 1978 3489 fraudem

388 3503 583 3573 iri-pelli
607 3506 881 3560 videamus.
903 3506 999 3561 llic
1024 3516 1238 3576 putatur
1266 3507 1348 3577 agi
1373 3507 1439 3562 de
1457 3507 1667 3578 Pelagio
1695 3506 1977 3562 haeresiar-

389 3593 489 3646 cha
513 3634 528 3658 ,
560 3594 647 3662 qui
678 3594 781 3648 hoc
810 3604 1050 3666 tempore
1075 3611 1288 3651 errores
1311 3612 1437 3652 suos
1461 3598 1599 3652 circa
1625 3598 1850 3668 gratiam
1880 3597 1974 3652 Dei

390 3684 660 3753 publicare
678 3687 860 3754 cmpit.

462 3777 606 3832 Inter
631 3778 885 3847 epistolas
912 3778 1299 3850 Chrysostomi,
1328 3796 1461 3851 quas
1489 3780 1625 3837 bene
1649 3782 1839 3836 multas
1863 3779 1971 3849 jam

391 3869 801 3923 memoravimus
823 3910 841 3935 ,
870 3869 990 3924 alite
1018 3870 1261 3940 quaadam
1308 3878 1471 3940 sunt,
1500 3888 1620 3943 qua:
1662 3871 1861 3926 nullam
1891 3870 1976 3925 vel

393 3962 649 4032 temporis
674 3962 754 4017 vel
781 3962 1077 4017 occasionis
1104 3978 1209 4032 qua
1249 3962 1389 4019 data:
1417 3965 1567 4019 fuere
1589 4005 1606 4031 ,
1638 3972 1821 4019 notam
1867 3979 1978 4033 prie

393 4070 452 4110 se
495 4054 690 4109 ferunt.
741 4053 1053 4124 llujusmodi
1101 4061 1225 4109 sunt
1269 4055 1429 4124 epist.
1472 4054 1543 4110 56
1588 4054 1655 4110 ad
1703 4054 1976 4109 Maronem

392 4148 677 4217 quemdam
727 4146 1098 4218 presbyterum
1146 4155 1201 4201 et
1230 4146 1548 4201 monachum
1574 4188 1588 4211 ,
1620 4147 1707 4202 cui
1753 4148 1978 4201 sincerae

391 4239 777 4295 benevolentia:
802 4241 948 4311 signa
976 4239 1197 4309 profert,
1223 4238 1456 4308 dicitque
1483 4253 1543 4294 se
1566 4239 1636 4293 ob
1666 4239 1976 4294 tabellario-

393 4346 510 4385 rum
542 4334 816 4401 penuriam
858 4333 1029 4387 rarins
1072 4333 1170 4402 ipsi
1214 4331 1395 4387 literas
1422 4332 1551 4386 dare
1575 4373 1589 4396 ,
1619 4339 1673 4387 et
1699 4347 1794 4400 pro
1824 4346 1974 4385 more

391 4430 545 4492 rogat
570 4422 635 4475 de
662 4423 962 4478 valetudine
987 4439 1081 4479 sua
1103 4424 1385 4479 certiorem
1412 4438 1471 4479 se
1492 4422 1666 4478 faciat.
1695 4422 1973 4492 Ejusmodi

393 4522 518 4568 sunt
543 4514 703 4568 etiam
747 4515 973 4583 epistola
1000 4517 1070 4570 46
1098 4516 1167 4571 ad
1210 4516 1457 4570 Ruﬁnum
1482 4556 1498 4581 ,
1545 4514 1765 4584 epistola
1795 4514 1863 4569 58
1906 4513 1973 4568 ad

394 4602 750 4661 Theodosium
778 4618 844 4656 ex
875 4604 1105 4658 Ducibus
1129 4621 1142 4667 ;
1172 4606 1327 4672 epist.
1370 4606 1440 4660 65
1466 4605 1531 4660 ad
1558 4605 1974 4675 Tranquillinum

394 4691 715 4767 quemdam;
761 4692 917 4759 epist.
967 4693 1027 4746 7i
1080 4692 1145 4746 ad
1189 4692 1490 4759 Malchum,
1538 4710 1694 4765 quem
1744 4694 1813 4750 ob
1855 4695 1977 4749 filim

396 4794 621 4840 mortem
650 4790 897 4837 moestum
923 4783 1162 4848 solatur;
1191 4799 1278 4853 ep.
1306 4784 1376 4838 92
1398 4786 1466 4839 ad
1492 4788 1728 4857 Moysem
1760 4787 1978 4857 presby-

398 4887 592 4940 terum,
610 4874 698 4944 qui
717 4873 1007 4927 monachus
1036 4872 1198 4928 fuisse
1213 4873 1449 4928 ferturin
1466 4877 1693 4945 quadam
1722 4879 1974 4945 regione;

395 4968 556 5035 epist.
589 4965 685 5019 171
733 4962 800 5016 ad
842 4962 1095 5017 Montium
1122 5005 1136 5029 ,
1169 4964 1327 5033 epist.
1360 4965 1462 5019 187
1507 4965 1575 5019 ad
1618 4965 1933 5034 Procopium
1957 5008 1973 5033 ,

398 5058 503 5114 195
553 5057 619 5112 ad
664 5054 1047 5121 Claudianum,
1093 5055 1193 5110 201
1243 5056 1309 5111 ad
1357 5057 1700 5123 Herculium,
1753 5057 1858 5113 209
1908 5059 1974 5113 ad

395 5151 743 5214 Salvionem,
795 5146 933 5218 quod
986 5163 1180 5203 nomen
1230 5150 1379 5206 varie
1429 5151 1682 5221 scriptum
1736 5150 1973 5220 legitur:

394 5243 484 5295 alii
530 5242 672 5297 enim
703 5240 933 5297 Salbioni
962 5237 1197 5305 habent,
1242 5242 1331 5296 alii
1375 5258 1599 5298 numero
1639 5244 1821 5315 plures
1848 5242 1976 5297 Gal-

395 5332 533 5384 bioni
554 5373 569 5396 ,
599 5332 871 5405 fateorque
894 5347 981 5388 me
1008 5331 1074 5386 ad
1103 5332 1241 5387 hanc
1281 5335 1664 5404 praeferendam
1693 5338 1974 5393 lectionem

396 5422 751 5490 propendere.

469 5509 762 5579 Epistolarn
780 5530 910 5571 vero
930 5516 997 5571 ad
1021 5514 1305 5570 Cmsarium
1328 5519 1645 5573 monachum
1670 5521 1720 5575 in
1748 5522 1981 5579 secundo

396 5618 496 5657 suo
520 5603 748 5671 exsilio,
778 5616 837 5661 ut
877 5609 1045 5665 fertur
1080 5611 1133 5665 in
1163 5610 1347 5678 titulo,
1393 5625 1423 5664 a
1473 5611 1541 5665 Β.
1597 5612 1658 5668 Ρ.
1708 5615 1976 5685 chuien,

398 5697 514 5748 viro
539 5693 668 5749 mihi
700 5697 1044 5766 amicissimo,
1071 5703 1179 5771 jam
1208 5700 1564 5771 reprobatam,
1584 5707 1976 5773 supposititiam

400 5803 520 5845 esse
540 5784 777 5858 pluribus
804 5788 1144 5855 probavimus
1171 5794 1224 5847 in
1254 5793 1450 5849 Monito
1477 5792 1643 5848 Tomo
1665 5793 1835 5849 '5.col.
1852 5795 1977 5853 747,

470 5879 811 5950 Chrysostomi
851 5879 1039 5932 inimici
1084 5883 1239 5938 livore
1276 5886 1491 5956 correpti
1518 5886 1661 5940 illum
1684 5885 1974 5941 Arabissum

395 5979 441 6017 et
465 5975 645 6035 postea
665 5964 967 6037 Pitynntrm
996 5975 1260 6028 uitiandaii
1299 5990 1498 6032 curant.
1540 6010 1605 6019 ——
1647 5978 1746 6033 Per
1791 5980 1975 6033 Oricu-

1524 557 1702 615 δωΝο
1741 555 2004 615 PRIMUM
2042 555 2442 613 ADOIL‘MTL

3571 563 3679 621 262

2095 679 2197 725 tem
2222 686 2390 724 manu
2421 670 2677 726 volitabat
2703 667 2925 725 Joannis
2949 671 3118 725 nostri
3141 668 3277 727 fama
3297 715 3311 740 ,
3344 676 3433 745 qui
3484 677 3678 732 Cucusi

2088 774 2139 816 et
2163 772 2347 817 oostea
2376 763 2613 818 Arabissi
2660 764 2837 829 exsul,
2868 779 3054 820 omnes
3101 766 3300 821 circum
3359 769 3585 839 p0pulos
3622 779 3676 824 et

2089 869 2226 923 pane
2252 865 2306 909 ct
2343 856 2517 909 verbo
2544 857 2633 910 Dei
2665 865 2905 926 paverat.
2932 855 3282 913 Conﬂuebant
3322 862 3450 914 item
3503 862 3681 917 Antio

2087 945 2244 1000 cheni
2264 946 2381 1009 eius
2406 946 2666 1002 iuvisendi
2694 962 2885 1013 causa,
2918 958 2972 1003 et
2991 950 3294 1004 Antiochia:
3336 952 3452 1019 ejus
3477 955 3681 1007 sancti-

2088 1048 2168 1094 tas
2205 1039 2612 1109 prmdicabatur.
2641 1041 2767 1095 llaec
2794 1041 2909 1111 ejus
2940 1042 3279 1097 adversarios
3328 1044 3679 1112 mordebant,

2085 1144 2248 1203 atque
2269 1135 2482 1189 invidi-.e
2505 1134 2715 1191 flamma
2737 1139 2949 1192 accensi
2977 1138 3299 1194 Severianus
3346 1147 3401 1195 et
3434 1140 3679 1212 Porphy-

2088 1231 2225 1295 rius,
2258 1246 2323 1285 ac
2370 1231 2585 1301 quidam
2614 1232 2704 1287 alii
2731 1231 2968 1301 episcopi
3014 1233 3216 1304 Syriaa,
3253 1244 3308 1289 ut
3348 1236 3454 1289 alio
3500 1244 3678 1289 trans~

2086 1318 2313 1375 ferretur
2366 1320 2543 1375 moliri
2591 1331 2868 1392 coeperunt
2900 1321 3136 1392 (Pallad.
3188 1323 3444 1395 Dialog.).
3482 1326 3681 1381 Clerici

2084 1424 2296 1481 quoque
2342 1412 2430 1481 qui
2483 1412 2603 1465 illos
2656 1414 2996 1467 sectabantur
3045 1412 3341 1469 mirabundi
3389 1417 3678 1472 dicebant:

2099 1500 2267 1555 Videte
2310 1512 2565 1556 mortuum
2608 1503 2910 1570 terribilem,
2942 1503 3077 1557 vivos
3130 1505 3434 1574 victoresque
3481 1517 3675 1560 terren-

2086 1600 2202 1655 tem,
2232 1602 2285 1644 ut
2312 1610 2493 1661 pueros
2518 1600 2707 1645 terrent
2736 1593 2904 1646 laruae.
2934 1592 3133 1662 Papia!
3168 1592 3205 1646 ii
3227 1594 3313 1664 qui
3348 1594 3674 1648 stecularibus

2088 1682 2410 1750 potestatibus
2442 1694 2592 1753 atque
2639 1683 2985 1738 ecclesiasticis
3031 1686 3212 1754 opibus
3263 1686 3506 1739 succincti
3553 1695 3672 1739 sunt

2091 1786 2207 1824 cum
2228 1781 2471 1841 potestate
2489 1785 2537 1827 et
2563 1790 2677 1827 cum
2708 1790 2876 1827 rerum
2896 1775 3106 1844 imperio
3125 1816 3140 1841 ,
3165 1776 3473 1829 sacerdotem
3490 1774 3682 1843 solum,

2087 1873 2375 1929 extorrem,
2396 1879 2605 1933 corpore
2632 1866 2895 1932 inﬁrmum
2913 1904 2928 1929 ,
2957 1865 3179 1918 exsulem
3208 1867 3380 1919 timent
3414 1876 3461 1920 et
3492 1867 3683 1936 pallent

2086 1954 2379 2009 titubantes.
2410 1953 2467 2009 Id
2498 1970 2619 2009 cum
2652 1956 2728 2009 illi
2755 1955 2900 2011 ferre
2922 1970 3027 2009 non
3060 1956 3199 2009 ultra
3224 1966 3478 2026 possent,
3507 1957 3682 2026 impe-

2091 2059 2299 2104 trarunt
2326 2058 2384 2103 ut
2409 2048 2721 2103 Arabissum
2745 2048 3145 2114 transferretur,
3176 2048 3226 2102 id
3258 2058 3508 2103 curantes
3533 2048 3683 2102 vide-

2084 2140 2241 2204 licet,
2276 2149 2332 2194 ut
2358 2141 2406 2192 vi
2433 2138 2782 2193 vexationum
2805 2139 2973 2192 virum
3004 2149 3111 2193 tam
3138 2137 3351 2193 infirmo
3379 2153 3605 2208 corpore
3631 2138 3683 2193 in

2090 2231 2362 2286 interitum
2388 2230 2740 2286 deducerent.
2763 2228 2896 2285 Cum
2916 2240 3093 2285 autem
3138 2246 3245 2285 non
3276 2230 3453 2285 minus
3503 2230 3684 2300 splen-

2086 2320 2237 2375 deret
2264 2322 2494 2387 virtute,
2526 2330 2582 2376 et
2631 2320 2775 2391 paria
2835 2328 3120 2390 praestaret
3172 2319 3409 2374 Ambissi
3456 2320 3524 2374 iis
3568 2337 3686 2389 quae

2087 2410 2277 2466 Cucusi
2305 2410 2413 2480 jam
2431 2410 2702 2476 ediderat,
2740 2426 2930 2465 rursus
2968 2410 3037 2466 ab
3064 2409 3185 2464 aula
3214 2409 3558 2479 imperatoria
3602 2425 3686 2465 re-

2087 2502 2345 2570 scriptum
2394 2502 2572 2555 acrius
2612 2501 2992 2572 impetrarunt,
3020 2510 3079 2556 ut
3128 2501 3268 2556 intra
3310 2500 3682 2556 brevissimum

2091 2600 2299 2662 tempus
2368 2592 2694 2662 assignatum
2754 2592 3058 2663 Pityuntem
3128 2592 3433 2658 duceretur,
3506 2592 3683 2647 locum

2086 2683 2321 2754 regionis
2349 2683 2650 2737 Tzanorum
2711 2683 3166 2752 desertissimum,
3195 2683 3265 2739 ad
3314 2684 3440 2739 litus
3477 2684 3681 2741 Pontici

2084 2776 2247 2829 maris
2293 2775 2474 2829 situm.

2156 2865 2348 2920 Milites
2377 2875 2552 2919 autem
2585 2863 2824 2920 Praefecti
2870 2864 3160 2932 Prmtorio,
3193 2866 3283 2936 qui
3326 2866 3470 2921 illum
3508 2865 3675 2923 duce-

2084 2956 2249 3023 bant,
2272 2957 2326 3011 in
2349 2957 2435 3011 via
2462 2957 2633 3028 ipsum
2662 2957 2895 3012 maxime
2915 2966 3163 3027 urgentes
3183 2998 3198 3021 ,
3225 2957 3474 3012 dicebant
3515 2958 3569 3013 id
3617 2973 3678 3015 se

2090 3046 2291 3102 habere
2312 3048 2364 3102 in
2399 3046 2698 3112 mandatis;
2727 3048 2798 3101 ita
2826 3054 2885 3102 ut
2906 3047 3315 3117 intelligeretur,
3356 3048 3400 3102 si
3431 3058 3537 3103 tam
3566 3049 3683 3105 dire

2084 3149 2307 3197 vexatus
2323 3142 2374 3196 in
2398 3142 2481 3194 via
2496 3148 2795 3195 moreretur
2811 3138 3064 3205 Joannes,
3085 3140 3203 3194 illos
3224 3141 3288 3194 ad
3306 3141 3538 3210 majores
3555 3156 3682 3210 gra-

2085 3231 2185 3287 dus
2205 3230 2508 3287 evehendos
2537 3246 2676 3286 esse.
2711 3231 2858 3287 Unus
2886 3238 3060 3285 tamen
3088 3246 3153 3285 ex
3183 3232 3303 3293 illis.
3333 3232 3401 3287 de
3421 3234 3673 3301 pruzscnli

2085 3324 2271 3379 militia
2310 3324 2487 3379 minus
2528 3323 2821 3391 sollicitus,
2857 3324 3092 3393 aliquam
3120 3324 3198 3378 illi
3227 3324 3411 3379 furtim
3450 3324 3677 3381 exhibe-

2082 3414 2176 3469 bat
2221 3414 2625 3469 humanitatem.
2651 3414 2800 3469 Alter
2827 3423 3004 3469 autem
3042 3429 3209 3484 usque
3246 3413 3381 3470 adeo
3420 3413 3571 3471 ferox
3621 3427 3677 3471 et

2080 3522 2243 3577 asper
2261 3515 2396 3574 erat,
2421 3515 2477 3561 ut
2498 3505 2802 3573 blanditias,
2833 3506 2984 3576 queis
3010 3521 3069 3562 se
3093 3515 3433 3563 occurrentes
3460 3508 3675 3578 quidam

2082 3597 2442 3666 precabantur
2470 3605 2529 3651 ut
2552 3607 2739 3652 sancto
2768 3605 3048 3667 parceret,
3076 3613 3174 3668 pro
3204 3598 3411 3667 injuriis
3450 3598 3675 3655 haberet

2079 3688 2209 3742 illud
2236 3704 2399 3743 unum
2420 3696 2667 3758 satagens
2686 3698 2740 3743 ut
2767 3690 2904 3744 mala
2929 3700 3101 3744 morte
3125 3690 3385 3746 Joannem
3432 3706 3654 3750 necaret

2082 3782 2215 3837 Cum
2248 3782 2419 3852 pluvia
2449 3782 2740 3837 vehemens
2759 3782 3070 3850 decideret,
3102 3784 3155 3837 id
3178 3785 3308 3838 nihil
3339 3799 3534 3841 curans
3553 3801 3679 3856 pro-

2082 3871 2559 3937 iiciscebaturille;
2588 3872 2661 3927 ita
2688 3882 2745 3926 ut
2770 3872 2821 3926 in
2843 3872 3005 3928 dorso
3025 3884 3080 3928 et
3100 3873 3151 3928 in
3180 3884 3396 3944 pectore
3420 3892 3674 3947 aquarum

2082 3965 2178 4018 rivi
2205 3964 2575 4020 decurrerent.
2615 3965 2885 4035 Ingentem
2939 3982 3121 4020 rursus
3166 3968 3293 4021 solis
3336 3977 3522 4024 :estum
3578 3986 3675 4040 pro

2082 4052 2289 4109 deliciis
2309 4053 2568 4121 habebat,
2596 4069 2717 4108 cum
2740 4062 2919 4109 nosset
2939 4054 2996 4107 Β.
3029 4054 3247 4111 Joannis
3272 4067 3430 4127 caput
3448 4100 3466 4127 ,
3491 4059 3673 4117 Elisa-i

2083 4146 2251 4201 instar
2273 4147 2516 4215 calvum,
2544 4156 2677 4201 testu
2701 4147 2903 4201 vexari.
2955 4145 3011 4200 In
3066 4148 3195 4202 urbe
3244 4158 3337 4203 aut
3385 4151 3534 4215 vico,
3580 4153 3672 4208 ubi

2082 4237 2395 4293 balneorum
2422 4238 2671 4293 solatium
2692 4247 2869 4302 esset,
2896 4254 2964 4293 ne
2986 4249 3259 4296 momento
3288 4242 3503 4311 quidem
3547 4259 3672 4314 per-

2082 4327 2329 4381 mittebat
2352 4328 2531 4382 infelix
2554 4329 2643 4383 ille
2664 4328 2924 4383 Joannem
2952 4329 3170 4383 morari.

2151 4419 2208 4473 In
2237 4418 2321 4473 his
2346 4420 2626 4485 omnibus,
2661 4420 2830 4489 inquit
2865 4418 3132 4473 Palladius
3165 4419 3255 4487 (id
3274 4429 3389 4484 est,
3413 4422 3466 4475 ni
3494 4420 3668 4487 fallor,

2079 4513 2133 4568 in
2160 4512 2347 4566 itinere
2369 4511 2679 4565 Arabissum
2701 4551 2715 4574 ,
2741 4510 2829 4564 ubi
2856 4525 2950 4579 per
2973 4510 3187 4580 aliquod
3215 4519 3426 4581 tempus
3450 4514 3668 4581 mansit,

2080 4615 2134 4660 et
2160 4604 2214 4658 in
2236 4604 2425 4658 itinere
2448 4603 2705 4658 Arabisso
2727 4601 3071 4674 Pityuntem)
3100 4618 3195 4673 per
3220 4613 3330 4659 tres
3358 4620 3570 4661 menses
3589 4606 3672 4660 vir

2083 4704 2327 4760 sanctus,
2358 4693 2728 4749 difficillimum
2779 4694 2909 4749 illud
2954 4695 3056 4750 iter
3096 4697 3477 4765 agens,velnti
3522 4698 3671 4755 sidus

2083 4801 2371 4842 coruscans
2422 4786 2724 4856 perstabat.
2758 4786 2926 4854 inquit
2954 4785 3254 4844 Palladius.
3301 4785 3505 4842 habens
3548 4803 3670 4843 cor-

2084 4879 2362 4948 pusculum
2390 4888 2445 4931 ut
2466 4893 2677 4946 pomum
2706 4877 2755 4928 in
2779 4875 3039 4942 supremis
3060 4874 3223 4930 ramis
3250 4891 3281 4930 a
3308 4876 3424 4932 sole
3447 4879 3667 4936 rubens.

2085 4968 2214 5024 Cum
2235 4978 2411 5023 autem
2442 4967 2687 5022 Comanis
2715 4966 3236 5036 appropinquassent
3255 5009 3269 5032 ,
3302 4969 3498 5039 raptim
3528 4987 3670 5043 prte-

2084 5060 2363 5128 tergressi,
2392 5069 2539 5112 extra
2569 5072 2750 5111 muros
2777 5056 2828 5111 in
2859 5059 3117 5130 martyrio
3164 5060 3398 5130 quinque
3443 5071 3535 5116 aut
3577 5078 3669 5117 sex

2081 5152 2314 5206 millibus
2331 5151 2561 5206 distante
2588 5162 2921 5207 manserunt.
2940 5152 3139 5207 Eadem
3170 5154 3280 5223 ipsa
3311 5163 3464 5208 nocte
3502 5169 3671 5224 appa-

2082 5247 2190 5298 ruit
2214 5243 2404 5299 Joanni
2450 5244 2551 5299 loci
2583 5245 2724 5299 illius
2753 5254 2954 5316 martyr
2984 5245 3195 5299 nomine
3227 5244 3544 5311 Basiliscus,
3578 5248 3669 5317 qui

2084 5336 2370 5405 episcOpus
2388 5334 2743 5391 Cumanorqu
2772 5351 2891 5390 cum
2917 5344 3089 5399 esset,
3121 5334 3430 5404 martyrium
3480 5351 3674 5406 passus

2086 5438 2169 5483 eSt
2195 5426 2518 5483 Nicomedia:
2547 5428 2598 5481 in
2626 5426 2871 5496 Bithynia
2908 5424 3005 5478 sub
3043 5425 3364 5489 Maximino,
3395 5443 3501 5482 una
3546 5443 3670 5483 cum

2087 5520 2351 5581 Luciano,
2387 5519 2693 5589 presbytero
2718 5515 3079 5583 Antiocheno;
3111 5517 3350 5587 dixitque
3398 5517 3504 5585 illi,
3538 5518 3661 5572 Con-

2086 5613 2219 5683 ﬁde,
2251 5615 2406 5682 frater
2431 5609 2693 5674 Joannes;
2719 5609 2942 5662 crastina
2969 5608 3103 5663 enim
3151 5610 3233 5664 die
3282 5609 3663 5669 simulerimus.

2085 5704 2611 5768 Narrabantautem,
2639 5701 2849 5755 cuidam
2886 5703 3046 5756 etiam
3100 5703 3412 5774 presbytero
3466 5704 3661 5757 ibidem

2086 5794 2318 5850 manenti
2347 5793 2687 5864 praedixisse:
2713 5792 2845 5848 Para
2872 5794 3046 5850 locum
3090 5794 3235 5849 fratri
3272 5794 3489 5856 Joanni;
3520 5796 3668 5852 venit

2087 5888 2249 5945 enim.

2155 5979 2240 6034 Jo-
2270 5976 2649 6049 C/n'ysostomus
2677 5977 2913 6035 Comanis
2944 5982 2992 6034 in
3021 5979 3178 6034 l‘ontc
3201 5979 3425 6033 tllCl‘llltl‘.
3454 6014 3511 6020 »—-
3530 5975 3663 6033 Ora-
