4506 6710
400 581 505 638 265

717 701 862 757 Anno
881 701 1007 763 587.
1046 702 1261 773 secundo
1288 702 1675 773 presbyteratus.

398 840 443 895 Τ
474 769 654 896 ῐίιῆηιο
684 772 769 827 die
796 774 919 827 anni
975 773 1077 827 587
1125 772 1264 827 dicta
1289 769 1538 827 Ilomilia
1576 776 1627 827 in
1683 771 1965 827 Kalendas.

471 913 565 969 Die
593 913 635 969 II
659 912 895 969 Januarii
918 910 1092 964 habita
1118 911 1338 966 Ilomilia
1363 912 1465 965 Ide
1478 913 1674 968 Lazaro
1693 922 1747 967 et
1774 910 1966 971 Divite;

400 993 696 1052 postquam
721 980 1122 1052 deindgsecuta
1153 993 1233 1037 est
1252 984 1503 1049 secunda,
1536 1000 1599 1038 ac
1619 984 1779 1037 etiam
1812 990 1966 1035 tertia

403 1068 590 1109 mense
606 1052 875 1107 Januario.
900 1051 963 1104 T.
986 1051 1025 1104 I.

476 1124 569 1177 Die
602 1124 663 1175 VI
686 1121 922 1177 Januarii
949 1122 1311 1175 verisimiliter
1334 1122 1470 1176 dicta
1499 1123 1721 1178 Ilomilia
1756 1122 1807 1175 in
1835 1120 1964 1189 Epi-

399 1191 768 1263 phaniamL'I‘.
800 1190 868 1263 Il.
898 1206 957 1243 ac
980 1194 1233 1263 postridie
1286 1192 1337 1263 in
1386 1192 1440 1246 S.
1474 1194 1783 1248 Luciauum.
1813 1192 1874 1245 T.

472 1264 567 1316 Die
601 1259 765 1332 XXIV
792 1260 1024 1315 Januarii
1053 1263 1182 1315 dicit
1214 1263 1264 1315 in
1286 1262 1514 1317 Laudem
1537 1263 1593 1318 S.
1624 1260 1967 1332 Babylze._T.

399 1332 466 1455 Illb.
498 1346 560 1385 ac
588 1331 746 1399 paqu
767 1340 885 1400 post
924 1333 974 1385 in
1004 1332 1211 1386 Iaudem
1239 1332 1571 1388 S.Jttventini
1596 1341 1649 1387 et
1676 1330 1967 1386 biaxinlini.

475 1471 601 1544 Post
629 1470 743 1544 illas
769 1472 835 1544 de
862 1472 1185 1544 martyribus
1204 1472 1506 1544 conciones,
1529 1471 1691 1544 habet
1725 1477 1971 1544 quartam

400 1540 682 1594 Homiliam
700 1542 766 1596 de
783 1542 979 1596 Lazaro
999 1540 1052 1596 et
1082 1543 1270 1595 Divite.
1297 1541 1359 1595 Τ.
1386 1543 1423 1596 l.
1451 1543 1641 1597 deinde
1658 1550 1837 1593 secuta
1863 1540 1971 1592 llo-

401 1609 546 1663 milia
571 1609 623 1663 iu
654 1611 779 1665 illud
806 1613 1063 1679 Apostoli,
1090 1610 1168 1663 De
1193 1612 1566 1677 dormientibus,
1595 1621 1701 1665 etc.
1733 1610 1797 1663 T.
1823 1609 1861 1661 I.

475 1680 651 1734 Mense
670 1678 962 1736 Februario
985 1678 1395 1750 Chrysostomus
1440 1684 1633 1735 iterum
1682 1682 1972 1734 Anomteos

406 1749 723 1819 impugnare
747 1752 950 1819 incipit.
977 1749 1138 1820 Dicta:
1171 1760 1292 1803 tunc
1321 1751 1561 1805 Ilomilia:
1582 1750 1820 1820 quinque,
1839 1765 1969 1803 con-

403 1828 487 1873 tra
514 1821 799 1875 Anommos
824 1821 924 1873 hoc
945 1819 1132 1873 ordine
1160 1836 1176 1872 :
1209 1822 1378 1886 primo
1404 1819 1649 1888 septima.
1694 1820 1757 1872 Τ.
1808 1819 1846 1871 Ι.
1888 1834 1971 1873 se-

401 1889 576 1943 cundo
600 1891 725 1943 alia.
755 1890 815 1942 Τ.
850 1888 934 1942 Vl.
968 1897 1077 1941 tum
1100 1898 1307 1953 octava,
1336 1905 1493 1952 nona,
1522 1900 1575 1944 et
1618 1898 1736 1960 post
1764 1890 1969 1960 aliquas

401 1961 537 2013 forte
564 1960 770 2014 decima
797 1968 981 2012 contra
1010 1961 1320 2013 Anommos.
1354 1960 1415 2013 T.
1447 1961 1486 2013 I.

474 2031 621 2084 Inter
647 2030 928 2098 praedictas
959 2030 1131 2083 media
1172 2030 1270 2083 fuit
1308 2029 1536 2084 Ilomilia
1586 2029 1654 2083 de
1707 2029 1964 2083 Rcsurre-

400 2099 577 2153 ctione
605 2110 954 2153 mortuorum.
980 2099 1042 2152 Τ.
1074 2101 1138 2154 II.
1167 2100 1300 2154 forte
1327 2101 1485 2154 etiam
1516 2100 1742 2153 Humilia
1781 2099 1846 2154 de
1879 2100 1970 2153 Vi-

400 2168 539 2221 duis.
570 2168 633 2223 T.
666 2168 749 2222 III.
779 2185 962 2223 mense
984 2168 1276 2224 Februario
1299 2170 1523 2238 ﬁgenda.

473 2238 653 2292 Mense
684 2239 973 2293 Februario
991 2241 1150 2292 etiam
1176 2239 1399 2308 ﬁgenda:
1429 2239 1653 2294 Homilia
1692 2239 1744 2293 in
1790 2239 1971 2294 Terra:

401 2316 627 2372 motum,
650 2308 861 2378 aliaque
884 2309 1020 2362 hanc
1042 2324 1297 2378 sequens.
1324 2311 1386 2362 Τ.
1422 2310 1461 2363 I.

475 2378 613 2431 Ante
634 2377 1103 2441 Quadragesimam
1124 2377 1308 2431 habita
1337 2380 1560 2432 Ilomilia
1589 2390 1773 2434 contra
1797 2379 1971 2445 Quar-

404 2446 792 2509 todecimanos,
821 2447 954 2499 alias
991 2449 1145 2500 tertia
1176 2458 1360 2502 contra
1410 2448 1624 2505 Jud.t-os
1680 2452 1971 2503 nominata.

403 2514 465 2569 T.
504 2515 541 2567 I.
566 2516 678 2569 sive
700 2517 839 2569 circa
870 2515 1027 2570 ﬁnem
1059 2517 1356 2572 Februarii.

471 2585 626 2639 Circa
650 2586 808 2639 ﬁnem
838 2585 1111 2642 Februarii
1133 2599 1226 2643 aut
1253 2591 1457 2643 initium
1488 2589 1678 2648 Martii.
1708 2588 1848 2643 dicta
1870 2586 1975 2639 IIo-

402 2656 550 2709 miIia
581 2657 631 2708 in
658 2658 743 2711 illa
767 2658 1009 2726 Apostoli
1035 2660 1101 2713 ad
1147 2660 1487 2715 Timotheum
1539 2662 1721 2725 verba,
1772 2657 1975 2710 Modico

401 2727 517 2778 vino
543 2735 699 2783 utere.
725 2739 830 2781 etc.
859 2728 923 2781 T.
954 2727 1015 2781 II.

472 2796 849 2867 Circainitium
876 2797 1045 2851 Martii
1099 2808 1283 2852 exorta
1335 2800 1629 2854 Antiochiae
1657 2798 1971 2867 gravissima

401 2866 611 2931 seditio,
668 2869 846 2937 inqua
875 2868 1095 2938 dejectte
1128 2878 1253 2923 stmt
1299 2869 1584 2925 Theodosii
1633 2866 1972 2937 Imperatoris

404 2948 613 2992 statum.

478 3006 700 3060 Ilomilia
733 3006 899 3074 prima
926 3016 1047 3075 post
1075 3008 1217 3061 illam
1258 3009 1607 3075 seditionem,
1654 3018 1838 3063 vocata
1884 3023 1971 3063 se.

406 3076 581 3147 cunila
613 3077 678 3130 de
704 3078 919 3130 Statuis.
949 3078 1011 3131 T.
1042 3077 1105 3131 Il.
1134 3079 1276 3132 dicta
1304 3089 1386 3133 est
1408 3081 1589 3147 paucis
1618 3079 1807 3133 diebus
1849 3089 1977 3132 ante

404 3145 907 3214 Quadragesimam;
937 3148 1130 3201 deinde
1159 3150 1277 3201 alia:
1301 3145 1619 3204 hoc‘ordine
1645 3166 1659 3201 :
1696 3148 1968 3201 Dominica

406 3226 533 3269 aute
562 3215 1029 3284 Quadragesimam
1057 3232 1149 3271 seu
1181 3218 1298 3272 XIV
1332 3220 1523 3284 Martii,
1554 3221 1706 3273 tertia
1729 3218 1975 3282 Ilomilia;

406 3292 523 3357 tum
550 3296 760 3353 quarta,
791 3288 995 3357 quinta,
1028 3296 1197 3354 sexta,
1226 3289 1473 3357 septima,
1505 3298 1713 3352 octava,
1739 3289 1977 3342 decima-

405 3356 630 3426 quinta,
657 3370 781 3426 Asex
808 3355 1013 3426 diebus
1056 3355 1504 3426 consequentibus
1545 3360 1729 3426 prima:
1784 3358 1980 3413 hebdoo

404 3424 601 3477 madas.
655 3424 857 3479 Deinde
876 3426 962 3480 die
989 3426 1124 3480 qute
1147 3424 1416 3495 sequentis
1442 3424 1783 3483 hebdomadas
1814 3442 1975 3489 nona,

405 3502 462 3546 et
482 3496 739 3561 postridie
766 3495 993 3558 decima,
1043 3504 1162 3563 post
1202 3512 1360 3565 quam
1408 3499 1573 3552 nimio
1614 3498 1979 3552 Antiocheno-

405 3578 527 3617 rum
564 3572 773 3618 terrore
795 3579 1006 3620 cessare
1033 3566 1241 3633 cogitur
1268 3566 1514 3621 Sanctus.
1543 3568 1815 3622 Prioribus
1837 3568 1976 3621 illius

405 3633 1121 3705 hebdomadgediebusidicta
1149 3635 1461 3690 Catecbesis
1484 3639 1677 3705 prima.
1706 3636 1770 3691 T.
1805 3637 1869 3691 11.

480 3703 575 3757 Die
602 3702 770 3756 XXVI
816 3743 832 3767 ,
858 3711 949 3757 aut
971 3704 1186 3759 XXVIII
1210 3706 1382 3761 Martii
1406 3748 1419 3767 ,
1446 3702 1619 3761 habita
1641 3714 1723 3761 est
1750 3706 1977 3760 Humilia

403 3772 611 3846 decima
637 3781 783 3846 sexta
807 3812 822 3837 ,
850 3774 1074 3846 necdum
1098 3774 1362 3846 inchoatis
1380 3776 1586 3843 iudiciis
1609 3793 1623 3841 ;
1645 3785 1766 3846 post
1783 3777 1977 3845 judicia

404 3856 537 3916 vero
564 3841 769 3916 decima
798 3843 1019 3916 septima
1047 3843 1259 3916 ﬁgenda
1293 3841 1391 3916 est
1416 3847 1502 3900 die
1534 3848 1569 3899 2
1601 3841 1691 3900 aut
1727 3849 1760 3901 5
1783 3841 1981 3916 Aprilis

411 3911 533 3983 (uti
570 3921 624 3966 et
658 3910 976 3983 Catecltesis
1000 3910 1292 3983 secunda).
1334 3915 1395 3968 T.
1430 3916 1490 3969 II.
1524 3924 1632 3970 tum
1663 3910 1863 3971 decima
1894 3931 1984 3969 oc—

406 3981 530 4036 tava
554 3982 869 4055 ,‘undeeima
894 3981 1260 4055 ,_duodecima
1283 4025 1297 4050 ,
1327 3983 1533 4040 decima
1565 3986 1716 4042 tertia
1740 4028 1754 4055 ,
1792 4001 1983 4042 conse-

407 4053 693 4122 quentibus
717 4052 899 4105 diebus
924 4050 1134 4105 habitze.

481 4121 684 4192 Deinde
712 4130 830 4191 post
859 4138 1015 4175 unum
1054 4122 1240 4176 saltem
1270 4132 1361 4177 aut
1389 4124 1567 4192 plures
1594 4125 1710 4180 dies
1737 4127 1874 4181 dicta
1905 4134 1988 4181 est

405 4189 612 4261 decima
634 4189 838 4261 quarta.
862 4192 1010 4245 Circa
1036 4192 1359 4247 Dominieam
1382 4189 1681 4248 Palmarum
1707 4207 1799 4249 aut
1819 4198 1870 4249 in
1896 4197 1985 4251 illa

407 4262 523 4328 ipsa
555 4260 823 4315 Dominica
850 4301 865 4325 ,
893 4261 1057 4315 XVIII
1082 4264 1271 4332 Aprilis
1292 4305 1308 4330 ,
1336 4264 1509 4317 habita
1532 4264 1758 4319 Ilomilia
1779 4265 1982 4320 decima

412 4345 553 4384 nona
578 4370 594 4394 ,
624 4341 743 4399 post
780 4332 1022 4385 morbum
1065 4332 1265 4387 Sancti.
1314 4333 1509 4387 Deinde
1554 4335 1606 4388 in
1656 4334 1983 4390 hebdomada

407 4406 630 4475 sancta_,
662 4401 821 4475 di_cta__
846 4402 1098 4475 vigesima
1123 4405 1306 4475 ,Aalias
1337 4404 1587 4475 vigesima
1628 4405 1879 4459 secunda.
1924 4404 1981 4459 In

409 4468 551 4545 festo
580 4467 823 4545 Paschali
847 4467 987 4545 ,__XV
1018 4473 1210 4545 Aprilis
1234 4514 1259 4545 ,γ
1282 4467 1418 4529 dicta
1446 4475 1693 4543 vigesima
1719 4476 1910 4545 prima.

482 4538 608 4617 Post
626 4537 825 4617 Pascha
850 4537 1080 4617 Sanctus
1092 4537 1346 4617 Homilias
1362 4537 1617 4617 quasdam
1629 4537 1807 4599 habuit
1828 4544 1985 4617 modo

412 4607 652 4680 perditas
670 4623 684 4668 ;
703 4607 906 4680 deinde
928 4625 1111 4680 mense
1136 4612 1272 4680 Majo
1300 4622 1353 4667 et
1378 4607 1551 4669 'Junio
1597 4615 1885 4669 Sermones
1918 4615 1985 4670 de

407 4676 583 4756 Anna.
612 4676 671 4728 Τ.
829 4693 898 4756 ςιξ
940 4679 1127 4756 quibus
1165 4676 1449 4756 supersunt
1486 4686 1719 4756 quinque
1742 4727 1756 4749 ρ
1778 4686 1989 4741 amissis

409 4747 531 4801 aliis
556 4761 673 4799 cum
703 4745 923 4799 Ilomilia
956 4745 1005 4799 in
1033 4745 1345 4803 Pentecoste
1371 4745 1532 4807 dicta'.

484 4817 635 4871 Circa
676 4814 833 4869 ﬁnem
864 4815 1048 4882 Junii,
1090 4818 1315 4872 Sanctus
1352 4822 1539 4874 morbo
1579 4825 1707 4877 satis
1740 4824 1988 4879 diuturno

411 4894 689 4955 correptus
728 4895 827 4939 est.
867 4885 993 4939 Post
1031 4888 1271 4941 morbum
1318 4905 1445 4943 vero
1478 4892 1617 4946 dicta
1658 4894 1880 4946 Ilomilia
1920 4894 1989 4948 de

412 4959 609 5011 Decem
638 4955 857 5009 millium
887 4955 1146 5011 debitore.
1175 4958 1237 5012 T.
1268 4959 1352 5012 Ill.
1382 4969 1489 5013 tum
1516 4970 1620 5015 tres
1643 4962 1760 5015 διὶεε
1788 4964 1854 5016 de
1883 4965 1986 5017 Da-

410 5028 553 5081 vide.
589 5026 651 5080 T.
684 5024 771 5079 IV.
800 5023 915 5078 Non
946 5026 1035 5078 diu
1062 5038 1180 5095 post
1204 5030 1382 5083 habita
1416 5031 1621 5085 videtur
1658 5032 1879 5086 Ilomilia
1919 5032 1987 5088 de

408 5098 705 5151 Dilectione
732 5095 1082 5150 inimicorum.
1111 5098 1174 5151 Τ.
1205 5099 1291 5153 III.

484 5167 637 5220 Circa
665 5180 899 5221 mensem
937 5168 1230 5235 Augustum
1272 5170 1443 5223 editus
1482 5170 1641 5225 Liber
1671 5181 1852 5226 contra
1892 5172 1988 5227 Ju-

409 5234 561 5358 gmos
597 5245 651 5292 et
688 5236 910 5308 gentiles
946 5235 1011 5289 ad
1034 5234 1373 5306 probandam
1410 5242 1602 5297 Christi
1638 5242 1986 5300 divinitatem.

450 5440 462 5451 .
494 5373 696 5430 Deinde
723 5373 1229 5454 men_se_Septembri
1254 5386 1308 5433 et
1326 5378 1539 5454 Detuliri
1563 5384 1794 5454 quinque
1814 5392 1993 5454 poste-

414 5446 591 5495 riores
620 5455 805 5498 contra
834 5446 1044 5501 Judreos
1072 5448 1342 5502 orationes
1370 5450 1545 5506 dictae.
1574 5446 1638 5507 T.
1668 5454 1707 5508 l.

485 5509 611 5633 Po'si‘t
631 5515 861 5633 taedium
884 5517 1166 5573 Octobrem
1197 5517 1374 5573 habita
1399 5519 1623 5577 Ilomilia
1648 5525 1697 5578 in
1722 5524 1993 5581 Psalmum

410 5595 525 5635 XLI.
557 5595 621 5633 1⁷.
661 5595 689 5633 V
706 5620 719 5633 .

488 5650 567 5731 Ab
602 5648 816 5734 Octobri
854 5654 971 5734 fere
1003 5658 1157 5734 ﬁnito
1203 5659 1991 5734 usque__ad__Quadragesimam

414 5724 538 5802 anni
560 5724 829 5806 sequentis
850 5724 984 5781 forte
1003 5728 1196 5806 habita;
1215 5724 1336 5806 sunt
1358 5724 1595 5785 Ilomilia:
1617 5732 1697 5785 lue
1718 5724 1951 5806 qvuinque
1976 5756 1989 5791 :

458 5792 588 5872 rimo
630 5790 697 5872 de
736 5790 1107 5872 I‘IleemOsyna.
1263 5802 1350 5855 III.
1404 5810 1513 5872 tum
1565 5811 1672 5856 tres
1720 5790 1769 5857 III
1816 5790 1992 5863 Iolcuin

440 5862 607 5941 ‘auli,
642 5859 893 5941 liabeutes
918 5859 1439 5941 cuiiidciu_Spiritunt.
1461 5871 1541 5926 Ib.
1564 5888 1626 5927 ac
1651 5873 1862 5929 demqu
1882 5859 1992 5933 alia

413 5931 812 6064 Liidillae‘fayll’i
862 5936 1024 5989 verba
1052 5976 1066 6002 ,
1125 5931 1330 5997 Utiham
1385 5945 1691 6001 sustineretis
1741 5931 1991 6001 modicum

560 6046 576 6067 .
603 6041 703 6060 puga
740 6041 817 6056 ιν.

1072 586 1447 644 GESTORUM
1484 587 1573 644 ET
1613 583 2043 645 SCRIPTORUM
2083 586 2139 642 S.
2180 584 2457 643 JOANNIS
2492 584 2979 643 CIIIIYSOSTOMI.

3558 585 3663 641 266

2716 702 2863 755 Αηηο
2890 701 3014 754 ⁸588.

2169 774 2322 827 Anno
2370 772 2515 835 588,
2562 772 2647 828 die
2698 771 2840 827 XVII
2896 768 3167 824 Februarii
3221 770 3332 826 sive
3385 768 3664 825 Dominica

2074 852 2197 897 ante
2220 843 2686 910 Quadragesimam
2714 886 2727 907 ,
2770 841 2908 895 dicta
2962 839 3185 894 Ilomilia
3228 842 3395 909 prima
3442 843 3494 894 in
3554 839 3666 895 Ge-

2074 914 2264 967 nesim.
2308 914 2370 966 T.
2429 912 2516 966 IV.
2570 914 2863 981 Sequentes
2904 926 3032 965 vero
3075 910 3340 964 continuis
3386 909 3498 965 fere
3549 910 3668 965 die-

2074 982 2173 1035 bus
2212 982 2406 1036 habita:
2431 1023 2446 1045 ,
2488 980 2711 1037 subinde
2752 990 2931 1036 tamen
2983 982 3289 1049 interrupta:
3334 994 3430 1048 per
3472 980 3637 1034 Homi

2074 1051 2173 1105 Iias
2212 1053 2371 1105 modo
2399 1052 2650 1120 perditas.
2687 1054 2758 1107 Ita
2802 1054 3008 1122 priores
3048 1052 3258 1120 triginta
3291 1049 3420 1122 dum
3466 1064 3666 1122 consc;

2074 1132 2311 1193 quenter,
2340 1123 2494 1193 dicta:
2518 1163 2532 1185 ,
2570 1120 2855 1193 ultimaque
2900 1137 2966 1193 ex
3014 1123 3116 1193 illis
3161 1122 3248 1193 die
3278 1120 3580 1193 Mercurii,

2075 1187 2271 1260 Aprilis
2300 1192 2497 1245 habita.
2526 1187 2787 1248 Postridié
2816 1195 2866 1246 in
2897 1191 3059 1245 C(ena
3088 1191 3291 1260 Domini
3321 1231 3334 1254 ,
3366 1191 3565 1243 dictum
3603 1187 3668 1240 de

2074 1259 2206 1316 Juda
2237 1262 2528 1331 proditore.
2559 1262 2621 1316 T.
2652 1262 2712 1315 II.
2741 1275 2849 1316 tum
2880 1263 2948 1317 de
2974 1260 3162 1316 Cruce.
3190 1259 3269 1312 Ib.
3300 1275 3361 1314 ac
3382 1262 3433 1314 in
3457 1259 3663 1331 festivi-

2077 1340 2181 1385 tate
2204 1330 2437 1399 paschali
2458 1332 2631 1385 habita
2654 1334 2870 1387 Homilia
2894 1342 3079 1386 contra
3105 1331 3357 1385 Ebriosos
3383 1330 3658 1397 inscripta.

2075 1403 2157 1471 Ib.
2181 1402 2435 1471 Sequenti
2459 1402 2730 1456 Dominica
2757 1443 2771 1464 ,
2795 1403 2913 1456 XVI
2937 1402 3129 1471 Aprilis
3156 1444 3170 1465 ,
3194 1400 3421 1471 Sanctus
3442 1400 3657 1471 inchoat

2078 1469 2330 1542 Ilomilias
2352 1474 2589 1542 quinque
2610 1469 2999 1541 consequenter
3026 1472 3229 1524 habitas
3251 1471 3302 1542 in
3331 1469 3653 1542 Principium

2077 1541 2345 1595 Actorum.
2370 1539 2456 1595 'Ib.
2491 1539 2692 1597 Deinde
2732 1539 3004 1611 diéputare
3042 1542 3221 1608 incipit
3257 1541 3325 1593 de
3367 1539 3660 1611 Mutationis

2077 1613 2369 1681 nominum.
2401 1612 2482 1668 Ib.
2512 1609 2905 1681 tractatquede
2929 1626 2995 1664 eo
3015 1611 3370 1681 verisimiliter
3397 1624 3568 1677 usque
3590 1609 3655 1681 ad

2078 1678 2270 1732 festum
2296 1682 2634 1736 Pentecostes
2656 1724 2670 1745 ,
2699 1678 2769 1736 ita
2798 1690 2855 1735 ut
2881 1682 3063 1735 ultima
3086 1680 3152 1733 de
3174 1679 3460 1732 Mutatione
3482 1679 3657 1731 nomi-

2077 1765 2205 1819 num
2240 1750 2463 1803 Ilomilia
2490 1752 2726 1805 videatur
2764 1763 2885 1819 post
2925 1752 3278 1806 Pentecosten
3309 1747 3470 1819 dicta.
3504 1748 3659 1819 Hisce

2076 1818 2217 1872 forte
2262 1819 2561 1873 intercessit
2607 1814 2831 1874 Humilia
2883 1822 2934 1875 in
2989 1820 3370 1875 Ascensioncm
3427 1814 3658 1871 Domini.

2075 1889 2139 1943 Τ.
2186 1887 2246 1941 II.
2299 1898 2353 1943 ct
2391 1890 2557 1943 altera
2606 1890 2657 1943 iu
2695 1891 3061 1945 Pentecostcn.
3093 1890 3175 1944 Ib.
3214 1890 3505 1956 Itesumpta
3532 1899 3660 1942 vero

2074 1959 2347 2013 Geueseos
2384 1960 2646 2027 expositio
2688 1960 2828 2014 circa
2872 1961 3082 2014 Junium
3111 2001 3126 2025 ,
3170 1975 3234 2013 ac
3276 1959 3421 2012 ﬁnita
3472 1971 3660 2012 menso
3701 1992 3751 2027 ν.

2073 2028 2372 2085 Septembri
2401 2039 2491 2083 aut
2518 2028 2752 2085 Octobri.
3656 2046 3665 2052 ι
3700 2032 3707 2053 τ

2168 2099 2303 2153 iorte
2333 2101 2430 2152 sub
2459 2101 2618 2154 ﬁnem
2650 2100 2773 2153 anni
2822 2099 2924 2153 588
2970 2098 3163 2152 habita:
3190 2096 3432 2151 Ilomilia:
3461 2095 3581 2149 dum
3608 2094 3661 2149 in

2075 2168 2207 2223 illud
2237 2171 2474 2240 Apostoli
2498 2211 2512 2234 ,
2547 2170 2778 2224 Salutate
2804 2168 3095 2223 Prisallam
3121 2179 3167 2222 et
3193 2168 3448 2237 Aquilam.
3478 2166 3541 2220 Τ.
3570 2163 3657 2219 ΙΙΙ.

2490 2242 2634 2293 Anno
2671 2240 2777 2294 589
2814 2250 2861 2293 et
2897 2241 3234 2307 sequentibus.

2147 2306 2261 2362 Sub
2301 2307 2459 2362 ﬁnem
2495 2311 2619 2364 anni
2661 2311 2764 2365 588
2787 2351 2801 2374 ,
2844 2319 2933 2363 aut
2966 2303 3180 2363 initium
3220 2306 3324 2360 589
3348 2347 3364 2373 ,
3394 2303 3660 2376 ﬁgendum

2078 2378 2288 2432 initium
2316 2378 2673 2447 Expositionis
2700 2382 2750 2433 in
2777 2380 3057 2434 Joannem.
3097 2379 3159 2432 T.
3198 2377 3333 2431 VIII.
3372 2392 3490 2446 qua:
3525 2378 3661 2431 intra

2078 2462 2278 2503 annum
2307 2448 2516 2503 videtur
2542 2449 2707 2502 ﬁnita.

2153 2517 2351 2572 Deinde
2388 2533 2529 2572 anno
2559 2520 2663 2573 589
2700 2529 2791 2573 aut
2822 2519 2927 2575 '5’i0
2962 2525 3150 2587 coepta:
3179 2515 3497 2587 Ilomilitein
3526 2514 3664 2569 Mat-

2080 2586 2297 2641 thmum.
2332 2587 2393 2640 T.
2426 2589 2535 2642 VII.
2566 2589 2930 2657 absoluta‘que
2955 2585 3097 2642 anno
3122 2586 3225 2641 590
3252 2595 3345 2657 aut
3372 2585 3495 2657 591.

2079 2727 2122 2781 Τ
2150 2659 2306 2782 1ἴὲηο
2330 2658 2429 2713 591
2463 2659 2675 2714 videtur
2709 2656 2949 2729 exposita
2993 2657 3232 2728 Epistola
3273 2656 3341 2711 ad
3373 2656 3664 2710 Romanos.

2147 2797 2300 2854 Circa
2354 2814 2554 2853 annum
2604 2799 2707 2855 592
2754 2798 2957 2865 ﬁgenda
3003 2796 3346 2867 probabiliter
3389 2796 3567 2866 Expos

2077 2870 2351 2939 utriusque
2380 2870 2631 2938 Epistolze
2656 2870 2719 2923 ad
2749 2868 3070 2923 Corinthios.
3101 2869 3162 2922 T.
3194 2867 3260 2921 X.

2150 2939 2232 2992 Ab
2261 2934 2400 2992 anno
2424 2934 2639 2994 circiter
2663 2940 2766 2995 595
2792 2954 2958 3007 usque
2980 2940 3043 2991 ad
3072 2953 3269 2992 annum
3290 2936 3394 3007 597
3412 2934 3664 3007 videntur

2079 3011 2388 3079 composita:
2426 3003 2890 3079 [interpretationes
2918 3009 3274 3079 Epistolarum
3310 3006 3367 3061 S.
3409 3006 3570 3079 Pauli
3597 3003 3665 3057 ad

2081 3074 2314 3133 Galatas.
2342 3079 2405 3131 Τ.
2431 3078 2496 3131 Χ.
2520 3074 2587 3133 ad
2608 3080 2869 3148 Ephesius
2894 3118 2908 3140 ,
2941 3074 3009 3131 ad
3036 3078 3404 3148 Philippenses
3421 3074 3667 3148 .uutrius:

2081 3163 2184 3209 oue
2221 3150 2285 3201 ad
2325 3142 2705 3213 Timotheum,
2746 3148 2812 3201 ad
2853 3148 3066 3213 Titum,
3108 3158 3161 3202 et
3177 3142 3554 3202 Verisimilitcr
3598 3142 3664 3198 ad

2082 3219 2442 3273 Philemonem
2466 3259 2480 3281 ,
2514 3234 2701 3273 omnes
2729 3219 2789 3272 T.
2820 3218 2911 3273 XI.

2154 3289 2282 3342 Item
2328 3289 2432 3342 illis
2477 3290 2630 3343 annis
2675 3290 2947 3358 Expositio
2994 3286 3325 3343 Psalmorum
3366 3283 3664 3355 composita

2083 3356 2329 3426 dictaque
2353 3358 2420 3412 ad
2445 3359 2717 3429 populum.
2751 3356 2813 3411 Τ.

2158 3425 2309 3482 Anno
2338 3425 2810 3499 '59Tprobabiliter
2838 3428 3013 3499 ﬁgitur
3034 3426 3404 3499 Interpretatio
3430 3425 3665 3499 priorum

2081 3498 2285 3567 aliquot
2308 3495 2537 3566 capitum
2569 3498 2717 3569 Isaia.-
2739 3538 2753 3562 ,
2784 3495 2925 3569 quod
2953 3498 3196 3551 ultimum
3222 3496 3430 3552 videtur
3458 3510 3591 3566 opus
3614 3495 3666 3549 in

2082 3569 2472 3639 presbyteratu.
2502 3569 2563 3623 Τ.
2598 3568 2682 3639 VI.

2633 3638 2834 3691 Incerto
2871 3646 3109 3706 tempore.

2157 3707 2422 3771 Tempore
2475 3706 2866 3775 praedicationis
2908 3702 3251 3761 Antiocheam
3276 3746 3290 3770 ,
3334 3704 3384 3760 id
3423 3702 3667 3775 estg,_ab

2083 3777 2233 3830 initio
2273 3777 2381 3831 fere
2420 3773 2541 3831 anni
2586 3777 2690 3831 586
2731 3792 2898 3845 usque
2939 3776 3008 3831 ad
3042 3776 3365 3845 posteriores
3402 3773 3527 3827 anni
3562 3773 3667 3828 597

2086 3862 2298 3902 nienses
2324 3889 2338 3912 ,
2367 3857 2422 3902 et
2451 3848 2681 3901 maxime
2714 3848 2928 3916 quidem
2968 3848 3121 3900 annis
3151 3846 3358 3916 duobus
3402 3845 3667 3916 prioribus

2086 3916 2278 3987 habita:
2295 3917 2545 3972 videntur
2565 3914 2850 3987 sequentes
2876 3916 3113 3987 Ilomilim
3133 3956 3148 3980 ,
3173 3915 3419 3969 videlicet
3442 3914 3667 3987 Ilomilia

2087 3986 2154 4040 de
2183 3988 2507 4055 reprehenso
2533 3982 2710 4040 Petro.
2736 3987 2796 4041 T.
2828 3986 2913 4039 Ill.
2945 3987 3184 4040 Ilomilia:
3206 3996 3403 4055 septem
3425 3982 3493 4055 de
3524 3984 3664 4055 Lau-

2088 4054 2251 4111 dibus
2272 4058 2329 4111 S.
2362 4058 2529 4111 Pauli.
2562 4056 2625 4111 T.
2657 4057 2719 4110 II.
2750 4056 2989 4111 Ilomihm
3017 4071 3203 4111 novem
3230 4054 3297 4109 de
3328 4054 3666 4109 Ptenitentia.

2090 4127 2151 4198 Τ.
2178 4128 2238 4181 II.
2264 4129 2452 4195 majori
2473 4142 2535 4181 ex
2559 4140 2709 4198 parte
2731 4127 2957 4181 Ilomilia
2979 4126 3046 4181 de
3070 4126 3387 4198 Cmmeterio
3410 4134 3463 4178 et
3482 4138 3664 4198 cruce.

2089 4196 2173 4250 Ib.
2206 4193 2362 4266 quam
2391 4200 2527 4251 intra
2555 4193 2670 4251 dies
2714 4198 2897 4267 viginti
2941 4203 3243 4267 secutaest
3280 4196 3444 4249 altera
3475 4194 3541 4267 de
3570 4193 3667 4267 SS.

2089 4264 2410 4338 Martyribus
2434 4268 2660 4338 Bernice
2678 4309 2692 4332 ,
2727 4264 2993 4338 Prosdoce
3025 4278 3081 4338 et
3107 4266 3425 4338 _Domninah;
3471 4266 3572 4317 alia
3588 4264 3670 4338 _(_Ie

2089 4334 2241 4406 hisce
2263 4338 2603 4406 martyribus.
2635 4336 2716 4390 Ib.
2742 4337 2985 4406 Ilomilia:
3005 4337 3071 4391 de
3098 4336 3232 4389 Juda
3261 4335 3549 4406 proditore.
3578 4334 3663 4406 Ib.

2088 4404 2155 4459 de
2178 4406 2346 4460 Cruce
2370 4404 2425 4460 et
2451 4407 2700 4460 Latrone.
2744 4405 2826 4459 Ib.
2855 4407 2921 4461 de
2957 4408 3299 4460 Ascensione.
3332 4404 3413 4457 Ib.
3443 4404 3666 4457 Gemina

2086 4474 2155 4529 de
2183 4476 2515 4531 Pentecoste.
2549 4475 2631 4529 Ib.
2658 4488 2741 4530 est
2769 4476 2868 4531 loci
2900 4472 3106 4530 incerti.
3159 4474 3398 4527 Ilomilia:
3436 4489 3669 4544 panegy-

2088 4545 2213 4616 rieae
2239 4587 2253 4607 ,
2283 4546 2485 4599 incerto
2516 4555 2755 4616 tempore
2786 4547 3079 4601 Antiochia:
3106 4545 3299 4598 habitae
3324 4586 3339 4608 ,
3367 4545 3575 4616 gemina
3604 4546 3671 4616 de

2089 4615 2147 4687 ξ.
2180 4616 2388 4685 Pelagia
2414 4658 2429 4681 ,
2460 4616 2529 4670 de
2663 4617 2862 4687 Igualio
2884 4659 2897 4678 ,
2936 4616 3005 4671 de
3044 4618 3102 4670 S.
3149 4616 3465 4687 Eusﬁlathioi,
3506 4614 3591 4687 de_
3613 4614 3670 4667 S.

2092 4684 2334 4741 Romano
2358 4688 2588 4755 gemina.
2615 4684 2704 4740 Ibi
2730 4688 2957 4741 Ilomilia
2984 4687 3035 4740 in
3060 4686 3217 4740 verba
3241 4686 3490 4739 Jeremiae
3514 4724 3529 4749 ,
3560 4684 3673 4755 Do—

2093 4758 2260 4819 mine,
2292 4754 2390 4809 nou
2420 4768 2490 4810 est
2518 4759 2571 4810 in
2607 4760 2843 4822 homine,
2886 4768 2989 4811 etc.
3034 4758 3093 4808 Τ.
3140 4756 3222 4807 Vl.
3269 4754 3509 4808 Ilomilia:
3550 4754 3671 4807 dua:

2094 4825 2161 4880 de
2176 4827 2481 4881 Maccabaeis
2520 4839 2713 4895 praeter
2744 4829 2899 4879 aliam
2920 4826 3152 4879 dubiam.
3177 4824 3238 4878 T.
3263 4825 3325 4879 Il.
3353 4823 3577 4877 Homilia
3604 4826 3673 4877 de

2093 4898 2292 4950 sanctis
2312 4898 2644 4967 Martyribus.
2672 4896 2751 4949 Ib.
2776 4897 2921 4949 lianc
2946 4904 3125 4950 secuta
3147 4906 3229 4967 est
3252 4937 3269 4961 ,
3298 4911 3416 4960 (iure
3440 4896 3624 4967 prohat
3655 4935 3670 4955 ,

2092 4980 2200 5020 non
2226 4982 2344 5021 esse
2369 4964 2679 5021 ad'tmtiau't
2704 4967 3150 5021 concionandum.
3185 4964 3268 5019 Ib.
3295 4967 3427 5019 Aliae
3448 4967 3514 5019 de
3536 4965 3675 5018 Mar-

2093 5037 2296 5104 tyribus
2320 5077 2335 5101 ,
2367 5037 2431 5089 de
2457 5035 2513 5088 S.
2541 5035 2750 5090 Juliauo
2771 5038 3119 5091 Anazarbcno
3141 5078 3155 5097 .
3187 5039 3252 5090 de
3278 5036 3332 5091 S.
3365 5035 3671 5089 Barlaanio.

2091 5104 2175 5157 Ib.
2207 5105 2431 5159 Humilia
2465 5107 2515 5159 in
2548 5106 2726 5161 locum
2768 5108 3006 5176 Apostoli
3032 5150 3047 5173 ,
3096 5107 3232 5160 Nolo
3273 5106 3629 5176 uosjgnorarc
3653 5144 3669 5167 ν

2093 5180 2295 5246 fratres.
2322 5176 2386 5230 T.
2416 5177 2500 5231 Ill.
2531 5177 2756 5231 Ilomilia
2789 5173 2856 5233 de
2886 5178 2942 5232 S.
2979 5176 3195 5229 Droside
3218 5217 3232 5237 ,
3258 5173 3325 5228 de
3339 5173 3671 5246 Martyrihus

2092 5243 2378 5317 Egyptiis.
2409 5248 2473 5303 Τ.
2503 5248 2565 5301 ll.
2607 5258 2664 5302 et
2704 5250 2806 5301 alia
2849 5249 2915 5301 de
2959 5246 3295 5317 Martyribus.
3330 5243 3411 5317 Ib.
3440 5243 3667 5317 Ilomilia

2097 5315 2220 5386 post
2239 5315 2429 5373 Terra:
2467 5329 2685 5372 motum.
2722 5317 2803 5370 Ib.
2829 5317 3128 5386 Iocimagis
3168 5315 3391 5375 incerti.
3420 5330 3482 5386 age
3510 5315 3671 5368 varia:

2095 5385 2378 5441 admodum
2407 5388 2616 5453 dubia);
2645 5388 2825 5441 Oratio
2854 5387 2906 5439 in
2937 5385 3145 5441 laudem
3180 5386 3395 5441 Diodori
3443 5385 3646 5440 Tarson

2096 5458 2172 5512 sis
2200 5458 2359 5513 dicta.
2389 5459 2451 5513 T.
2479 5460 2563 5513 III.

2346 5528 2493 5583 Gesta
2530 5536 2575 5581 et
2611 5528 2800 5599 scripta
2838 5527 2890 5580 in
2928 5528 3218 5597 episcopatu
3241 5567 3255 5591 ,
3297 5524 3421 5599 598.

2168 5598 2370 5653 Mortuo
2411 5599 2653 5653 Nectariu
2680 5596 2998 5669 {episcopo
3042 5596 3627 5669 Constantinopolitano

2098 5667 2509 5741 Chrysostomus
2532 5712 2546 5733 ,
2586 5669 2724 5741 clam
2756 5667 3033 5724 Antiochia
3062 5668 3284 5721 eductus
3308 5707 3322 5725 ,
3363 5667 3673 5741 perductus-

2097 5738 2739 5864 (ﬁte'Constanlinopolim
2762 5782 2778 5808 ,
2810 5741 3001 5794 ibidem
3030 5748 3372 5793 consecratur
3394 5738 3672 5807 cpiscopus

2159 5807 2270 5863 XVI
2300 5808 2570 5864 Februartt
2602 5826 2728 5864 aunt
2754 5811 2877 5864 598.

2132 5807 2270 5863 LXVI
2300 5807 2728 5866 Februarii'auni
2754 5811 2877 5866 598.

2172 5881 2288 5934 Mox
2339 5881 2563 5935 Sanctus
2613 5878 3063 5950 Constantinopoli
3120 5887 3303 5932 contra
3357 5876 3673 5950 haereticos,

2101 5952 2393 6077 rrmsertim
2433 5962 2617 6007 contra
2653 5948 3345 6007 Anommosconcionatur.
3391 5949 3458 6001 At
3503 5948 3672 6017 p'izna

2131 6022 2328 6077 Iomilia
2363 6024 2580 6077 perdita.
2616 6024 2858 6077 Secunda
2898 6038 3027 6077 Vt‘t‘t‘
3069 6032 3121 6077 et
3164 6021 3313 6075 tettia
3363 6027 3525 6077 euut.
3558 6036 3672 6076 tuus

2131 6022 2328 6077 Iotnilia
2361 6024 2580 6093 perdita.
2616 6024 2858 6080 Secunda
2898 6038 3027 6077 νιηό
3069 6032 3121 6078 et
3164 6021 3313 6075 tettia
3363 6027 3525 6082 sunt.
3558 6036 3675 6076 utut

3570 2794 3665 2848 itio
