4506 6760
862 540 959 593 271

827 668 1079 717 nensem;
1124 653 1227 709 150
1254 652 1319 707 ad
1357 649 1644 705 Maximum
1672 647 2021 715 episcopum;
2054 644 2147 717 151
2170 640 2241 717 ad
2267 640 2423 695 Asel-

831 726 940 778 lttm
969 714 1309 794 episcopum;
1340 723 1475 794 152,
1508 722 1632 794 155,
1666 714 1979 794 15ί81ίίξ1
2009 715 2075 770 ad
2098 714 2377 794 episcopos
2401 750 2418 775 ,

830 795 936 849 148
961 784 1027 850 ad
1055 784 1375 865 Cyr-iacuit),
1392 784 2078 865 Demetriutn,_Pal_ladium,
2105 784 2378 865 Eulysiu'rn
2399 819 2417 844 ,

831 852 1116 935 episcopos
1140 852 1478 943 Orientales;
1511 862 1612 916 168
1638 860 1701 913 ad
1735 857 1964 912 Probam
1988 852 2289 939 matronam
2315 852 2421 905 Ro-

831 951 1077 988 manam:
1108 933 1211 988 169
1251 934 1319 987 ad
1357 934 1641 988 Julianam.
1672 929 1861 983 Proba;
1906 944 2117 988 nurum,
2146 934 2199 980 et
2226 922 2328 978 1ιο
2354 921 2422 975 ad

831 951 1077 998 manam;
1108 942 1211 988 169
1251 942 1319 987 ad
1357 942 1641 994 Julianam,
1672 942 1861 983 Prome
1906 944 2117 992 nurum,
2146 942 2199 980 et
2226 942 2284 978 ιι

836 1005 1068 1061 Italicam
1096 1009 1260 1060 etiam
1286 1005 1516 1059 nobilem
1548 1012 1867 1054 matronam.

1287 1096 1489 1163 Aliquot
1515 1093 1691 1145 incerti
1711 1092 1973 1161 temporis.

874 1258 875 1261 η
906 1206 1162 1277 Epistula:
1182 1205 1439 1275 temporis
1463 1204 1653 1277 incerti
1675 1211 1821 1277 sunt,
1842 1203 1913 1277 1.8
1928 1202 2001 1277 ad
2027 1201 2299 1277 Arabium,

836 1278 904 1333 ad
935 1270 1339 1339 Onesicratiaui,
1368 1276 1439 1330 46
1477 1276 1544 1327 ad
1591 1275 1863 1341 Rufinum,
1889 1274 1959 1329 65
1998 1274 2062 1327 ad
2105 1270 2425 1341 Tranquilli:

837 1364 965 1404 num
986 1389 1004 1411 ,
1054 1347 1153 1401 177
1200 1346 1267 1400 ad
1308 1338 1729 1405 Artemidorum,
1764 1347 1822 1400 71
1851 1338 1923 1399 ad
1950 1344 2230 1404 Malchum,
2260 1339 2330 1395 92
2358 1338 2426 1393 ad

840 1418 1075 1489 Moysem
1107 1418 1503 1489 presbyterum,
1535 1418 1622 1489 101
1655 1416 1721 1469 ad
1746 1416 2002 1489 Severum
2033 1415 2424 1489 presbyterum,

836 1482 945 1543 139
970 1488 1038 1542 ad
1066 1482 1418 1555 Theodorum
1451 1487 1618 1555 Syriae
1644 1487 1976 1539 consularem
2003 1526 2017 1544 .
2049 1486 2143 1537 171
2161 1482 2245 1555 ad
2273 1482 2426 1555 Mon-

836 1562 1001 1624 tium,
1024 1559 1129 1614 208
1168 1559 1235 1611 ad
1270 1550 1523 1611 Acacium
1556 1555 1945 1625 presbyterum,
1974 1555 2079 1609 209
2108 1554 2175 1607 ad
2214 1552 2430 1625 Salvio-

840 1645 963 1683 netn
989 1623 1098 1682 aut
1140 1628 1474 1689 Galhionem,
1498 1627 1604 1680 2H
1641 1623 1727 1679 adi
1748 1625 2120 1680 Sebastianum
2145 1623 2429 1695 presbyte-

836 1714 957 1754 rum
982 1739 998 1764 ,
1024 1698 1131 1753 215
1158 1698 1223 1751 ad
1254 1697 1524 1768 Pelagium
1558 1698 1921 1768 presbyterum
1942 1736 1957 1761 ,
1987 1696 2095 1751 216
2128 1694 2199 1750 ad
2229 1695 2431 1749 Musoi-

837 1784 989 1835 num,
1024 1769 1124 1824 117
1150 1768 1218 1824 ad
1246 1767 1608 1823 Theodoram.

2283 524 2616 583 nomen.
4009 519 4120 577 ετξ

2616 634 2759 688 Mors
2780 634 2960 688 Sancti
2981 633 3035 687 al
3044 638 3195 699 inque
3218 628 3459 697 usquead
3487 647 3673 701 corpus
3700 637 4023 690 (mactatum.

2598 709 2752 762 Anno
2791 705 2895 759 407
2943 706 3169 760 Sanctus
3203 705 3410 774 cogitur
3452 702 3625 757 locum
3668 707 3838 759 exsilii
3883 719 4112 769 mutare.

2528 778 2845 841 duciturque
2882 774 3167 845 Pityunta;
3220 777 3312 829 sed
3356 774 3555 845 fractus
3596 774 3811 845 itineris
3844 776 4116 831 laboribus

2528 849 2583 903 in
2616 850 2730 917 ipso
2756 847 2944 899 itinere
2970 843 3139 917 prope
3176 846 3407 900 Contana
3436 847 3487 917 in
3520 844 3689 917 Ponto
3722 843 3836 917 XlY
3864 848 4114 915 Septem-i

2530 913 2650 973 bris
2662 917 2946 1043 lmoritur,
2980 916 3159 985 ibique
3203 919 3257 970 iu
3304 916 3526 971 ecclesia
3567 913 3625 968 S.
3654 914 3837 968 Basilii
3866 913 4115 988 martyris

2530 1006 2658 1043 sene
2684 999 2804 1043 itur.

2530 999 2804 1045 δευειιιυτ.

2594 1006 2980 1114 Erginum
3012 1056 3339 1129 “nomen
3366 1056 3753 1129 Chrysostomi,
3784 1064 4007 1129 urgente
4036 1057 4119 1111 ln-

2532 1131 2781 1184 noeentio
2808 1144 2958 1198 papa,
2980 1126 3166 1199 sacris
3203 1126 3755 1199 diptyehis'inseritur
3784 1126 4013 1199 primum
4043 1132 4112 1179 ab

2532 1196 2837 1253 Alexandro
2869 1196 3197 1251 Antiocheno
3222 1237 3237 1259 ,
3271 1196 3467 1253 deinde
3496 1202 3653 1252 etiam
3684 1198 3751 1251 ab
3774 1196 3947 1249 Attico
3974 1196 4121 1249 Con-

2532 1271 3005 1339 stantinopolitano
3027 1276 3147 1339 ,7th
3192 1266 3393 1339 Cyrillo
3446 1270 3802 1325 Alexandrino
3829 1308 3844 1332 ,
3894 1264 4122 1335 aliisque

2533 1337 2788 1394 omnibus
2812 1341 3016 1408 imperii
3042 1337 3329 1391 Orientalis
3349 1340 3637 1406 episc0pis.

2607 1413 2746 1466 Ante
2769 1406 2966 1464 annum
2994 1410 3099 1464 458
3125 1408 3380 1461 festivitas
3406 1408 3587 1463 Sancti
3614 1427 3645 1463 a
3674 1406 4125 1475 Constantinopo-

2535 1481 2715 1537 litanis
2740 1482 3002 1536 celebrari
3031 1488 3222 1549 empta.

2608 1554 2762 1607 Anno
2786 1552 2892 1607 158
2919 1548 3127 1606 sacrum
3156 1564 3351 1618 corpus
3386 1548 3903 1620 Constantinopolim
3930 1561 4127 1619 magno

2538 1638 2659 1679 eum
2694 1625 2895 1678 honore
2924 1622 3255 1676 translatum.

2612 1694 2735 1748 [ire
2768 1694 3033 1747 sufﬁciant
3078 1708 3174 1760 pro
3220 1689 3365 1746 brevi
3408 1687 3744 1755 chronotaxi,
3787 1705 3907 1744 cum
3946 1689 4125 1745 omnia

2539 1765 2709 1820 fusius
2739 1765 2789 1818 in
2818 1763 3216 1819 Commentario
3243 1762 3349 1815 sint
3372 1762 3609 1830 probata.

2314 2011 2397 2070 IN
2439 2008 2647 2071 DUAS

992 2149 1483 2236 JOANNIS
1525 2144 2343 2234 CHRYSOSTOMI
2397 2145 2557 2226 AD
2606 2142 3102 2225 THEODO
3120 2142 3391 2225 RUM
3444 2140 3912 2225 LAPSUM

1875 2298 2360 2363 PAR/ENESES
2401 2297 2548 2361 SEU
2589 2296 3027 2359 EPISTOLAS

1994 2435 2985 2585 MONITUM.

2233 2641 2762 2696 ψ

912 2776 971 2832 In
1000 2775 1233 2832 editione
1260 2772 1527 2829 Saviliana
1571 2769 1651 2824 liae
1688 2768 1807 2823 duae
1846 2766 2155 2821 Parzeneses
2198 2764 2311 2817 sive
2331 2805 2346 2828 ,
2374 2770 2436 2815 ut

838 2867 1071 2923 Savilius
1113 2872 1302 2928 vocat,
1348 2864 1627 2917 Orationes
1678 2858 2011 2926 transposita:
2055 2865 2217 2921 sunt;
2261 2854 2331 2908 ita
2379 2860 2438 2905 ut

838 2975 959 3029 quae
982 2960 1127 3027 prior
1162 2970 1280 3012 esse
1316 2955 1607 3019 debuerat,
1635 2951 1704 3005 sit
1741 2948 2027 3021 posterior.
2059 2947 2231 3016 Ipsam
2276 2958 2436 3015 porro

840 3048 1026 3105 Savilii
1057 3058 1237 3104 notam
1260 3088 1277 3113 ,
1308 3045 1594 3101 observata
1634 3051 1781 3098 certe
1810 3041 2024 3111 dignam
2050 3082 2064 3101 ,
2099 3041 2201 3092 huc
2244 3036 2436 3108 partim

843 3139 1039 3195 aiferre
1066 3153 1243 3207 opera:
1271 3136 1499 3205 pretium
1527 3134 1701 3189 fuerit.
1736 3151 1756 3184 ι
1779 3131 1837 3185 ln
1866 3130 1967 3184 hac
1995 3129 2229 3184 editione
2256 3141 2441 3182 errore

844 3230 1030 3284 nescio
1060 3243 1168 3298 quo
1204 3226 1543 3297 transpositze
1565 3234 1691 3278 sunt
1721 3224 1840 3277 iste
1864 3222 1983 3275 dua:
2007 3220 2075 3274 ad
2097 3218 2445 3274 Theodorum

842 3320 1053 3390 lapsum
1085 3319 1390 3381 orationes,
1418 3324 1475 3371 et
1516 3331 1633 3384 quae
1664 3314 1811 3383 prior
1850 3326 1971 3367 esse
2013 3310 2229 3372 debuit,
2260 3319 2443 3377 poste-

842 3412 987 3466 riore
1011 3409 1127 3464 loco
1153 3408 1466 3472 collocatur,
1499 3414 1553 3460 et
1576 3420 1694 3474 qua:
1723 3403 1989 3474 posterior
2017 3442 2030 3463 ,
2061 3399 2242 3470 priore
2274 3416 2287 3451 :
2321 3412 2444 3453 cor-

846 3513 1056 3558 rectore
1105 3510 1291 3554 nostro
1347 3499 1720 3553 auctoritatem
1741 3537 1755 3558 ,
1779 3504 1836 3549 ut
1882 3503 2043 3563 puto,
2064 3499 2290 3561 sequuto
2323 3488 2435 3544 edi-

849 3594 1012 3648 tionis
1080 3592 1402 3661 Moguntina:
1453 3589 1885 3658 Florilegiorum,
1917 3586 2008 3640 ubi
2063 3584 2141 3638 sic
2186 3586 2441 3638 citantur.

849 3684 1021 3740 Porro
1048 3682 1206 3751 hujus
1234 3680 1493 3735 orationis
1516 3721 1532 3745 ,
1564 3695 1683 3750 qua:
1707 3678 1762 3732 in
1787 3686 1969 3731 nostra
1995 3675 2227 3730 editione
2255 3683 2444 3729 octava

848 3786 972 3839 est.
997 3774 1241 3830 meminit
1278 3772 1574 3842 magnificis
1623 3785 1743 3825 cum
1784 3768 2063 3839 przeconiis
2114 3766 2447 3824 Sozomenus

848 3870 943 3925 lib.
971 3869 1007 3925 8
1026 3908 1041 3932 ,
1071 3882 1190 3937 cap.
1220 3867 1257 3921 2
1280 3908 1296 3932 ,
1323 3866 1476 3936 cujus
1499 3863 1662 3919 verba
1691 3878 1721 3916 a
1751 3877 1840 3918 me
1864 3876 1965 3931 qua
2008 3875 2039 3914 a
2068 3858 2239 3913 Codd.
2269 3856 2399 3912 Mss.
2425 3897 2444 3922 ,

854 3976 959 4033 qua
1015 3976 1046 4014 a
1106 3958 1429 4029 conjecturis
1492 3954 1857 4012 emendatiora
1920 3951 2058 4006 facta
2126 3950 2300 4004 visum
2361 3956 2448 4004 est

850 4051 1180 4108 adscribere.
1230 4054 1301 4104 οὐ
1336 4059 1470 4117 μόνος
1511 4053 1558 4101 δὲ
1587 4042 2080 4118 (Chrysostomus)
2108 4048 2238 4113 παρὰ
2257 4043 2447 4102 τούτοις

851 4144 1145 4214 (Carterio
1191 4150 1249 4196 et
1302 4140 1583 4208 Diodoro)
1623 4145 1805 4209 teat-rw
1836 4144 1988 4191 επεισι
2050 4139 2097 4185 δὲ
2158 4147 2243 4192 τῆς
2302 4135 2451 4184 αὐτοῦ

853 4235 872 4301 (
898 4234 970 4289 al.
999 4231 1186 4301 αὐτῆς)
1216 4240 1397 4298 γνώμης
1422 4234 1541 4283 εἶναι
1562 4237 1773 4297 ἑταίρους
1802 4230 1947 4280 αὐτοῦ
1981 4232 2241 4289 γενομένους
2274 4227 2324 4274 lx
2366 4236 2450 4281 τῆς

856 4334 1083 4383 Διϐανίρυ
1122 4328 1365 4393 διατριϐῆς
1393 4362 1409 4385 ,
1430 4324 1664 4389 Θεόδωρόν
1702 4340 1809 4371 τινα
1841 4326 1923 4369 καὶ
1962 4321 2209 4382 Μάξιμον⁶
2233 4310 2302 4365 ὧν
2326 4316 2351 4364 ὁ
2369 4319 2454 4378 μὲν

860 4410 1165 4486 (Maximus)
1182 4417 1366 4482 ὕστερον
1380 4416 1625 4470 ἐπίσκοπος
1640 4414 1817 4475 ἐγένετο
1835 4414 2097 4465 Σελευκείας
2116 4421 2199 4466 τῆς
2225 4396 2447 4472 Ϊσαὺρων,

856 4516 1028 4577 Μόψου
1058 4513 1106 4561 δὲ
1129 4510 1288 4569 (crint;
1316 4521 1401 4568 τῆς
1436 4512 1661 4564 Κιλικίας
1688 4505 1948 4572 Θεόδωρος,
1971 4497 1990 4571 [
2016 4506 2127 4569 πρὸς
2162 4504 2213 4550 ὃν
2252 4505 2453 4551 πεσόντα

857 4607 1018 4673 γράφει
1038 4606 1063 4655 ὁ
1083 4610 1198 4663 θεῖος
1210 4608 1543 4671 Χρυσόστομος
1567 4602 1817 4657 ιπιστολήν
1837 4598 2050 4663 δευτιραν
2068 4589 2112 4663 ],
2131 4600 2238 4647 etc.
2276 4609 2294 4642 ι
2325 4589 2453 4644 Hice

860 4701 1133 4761 postrema
1169 4693 1333 4743 verba
1373 4688 1583 4741 uncinis
1614 4687 1815 4740 inclusa
1856 4685 1911 4738 in
1958 4682 2191 4738 editione
2232 4680 2453 4736 Roberti

866 4782 1123 4853 Stephani
1159 4790 1215 4838 et
1254 4778 1727 4849 Christophorsoni
1771 4777 2031 4831 habentur
2061 4792 2075 4828 :
2107 4774 2301 4830 horum
2326 4788 2457 4827 vero

861 4889 1052 4930 sensus
1070 4882 1181 4929 est:
1202 4873 1391 4927 Divum
1411 4869 1847 4941 Chrysostomum
1869 4866 2156 4921 secundam
2177 4864 2457 4935 epistolam

863 4967 1144 5037 scripsisse
1164 4966 1231 5021 ad
1250 4962 1593 5020 Theodorum
1610 4962 1819 5031 lapsum
1845 4978 1859 5015 :
1878 4973 1996 5029 quae
2013 4956 2256 5013 clausula
2271 4957 2315 5011 si
2335 4970 2459 5011 vere

868 5058 1153 5114 Sozomeni
1180 5068 1320 5113 esset
1345 5097 1362 5121 ,
1383 5056 1603 5126 alicujus
1633 5056 1684 5111 in
1727 5069 1785 5109 re
1811 5068 1969 5125 quam
2011 5061 2305 5107 tractamus
2338 5064 2456 5103 mo-

871 5148 1038 5203 menti
1066 5146 1231 5213 foret;
1258 5164 1442 5203 verum
1466 5162 1582 5201 eam
1606 5162 1634 5200 a
1655 5147 1872 5201 librario
1901 5144 2152 5216 quopiam
2185 5141 2457 5198 inductam

866 5240 1030 5295 fuisse
1062 5249 1208 5310 putat
1234 5239 1493 5295 Henricus
1522 5237 1783 5301 Valesius,
1803 5238 1901 5292 hac
1927 5244 2200 5306 permotus
2225 5235 2455 5301 ratione,

867 5349 1027 5404 quam
1054 5342 1110 5388 et
1138 5349 1235 5388 nos
1263 5332 1551 5402 probamus
1583 5348 1598 5384 :
1630 5328 1876 5385 videlicet
1918 5328 2177 5383 Joannem
2215 5335 2456 5383 nostrum

870 5425 1152 5480 Sozomeni
1180 5440 1293 5479 mvo
1322 5423 1554 5478 nondum
1585 5420 1951 5492 Chrysostomi
1985 5435 2176 5473 nomen
2205 5416 2455 5487 adeptum

870 5519 1220 5574 fuissezcum
1262 5526 1439 5572 autem
1485 5518 1535 5570 iit
1578 5516 1764 5571 codice
1804 5512 2102 5569 Fuketiano
2150 5510 2264 5565 haec
2314 5511 2457 5565 clau-

870 5612 983 5666 sula
1016 5626 1120 5666 non
1160 5618 1428 5671 exstaret,
1462 5610 1604 5664 illam
1654 5609 1909 5679 cxpnnxit
1936 5604 2199 5661 Valesius.
2231 5604 2458 5657 Savilius

868 5705 1028 5761 etiam
1058 5704 1145 5773 qui
1193 5705 1336 5759 illam
1367 5702 1573 5757 uncinis
1610 5702 1841 5766 inclusit,
1874 5709 2176 5769 suspectam
2210 5695 2459 5749 habuisse

869 5796 1101 5851 videtur.
1128 5795 1411 5850 Sozomeni
1452 5810 1581 5864 ergo
1620 5802 1949 5850 memoratus
1992 5792 2140 5847 locus
2170 5788 2249 5845 sic
2278 5786 2455 5849 habet;

866 5888 1055 5943 Crmca
1099 5886 1373 5942 brevitatis
1406 5900 1565 5939 causa
1612 5886 1990 5956 prmterimus:
2025 5901 2044 5934 ι
2079 5882 2266 5951 Neque
2313 5876 2459 5931 solus

868 5976 1144 6048 (Joannes)
1166 5986 1265 6031 nos
1286 5974 1571 6041 magistros
1629 5976 1804 6032 adibat
1845 5973 2162 6036 (Carterinm
2190 5980 2243 6027 et
2274 5967 2481 6025 Diode-

2548 2762 2691 2833 rum)
2714 2803 2729 2827 ,
2758 2762 2854 2817 sed
2882 2763 3043 2818 etiam
3084 2778 3211 2818 suos
3252 2779 3319 2819 ex
3362 2763 3567 2819 Libanii
3597 2764 3777 2820 schola
3820 2765 4030 2821 sodales
4067 2768 4137 2821 ad

2542 2853 2611 2907 idi
2618 2868 2770 2922 psum
2792 2853 3054 2923 agendum
3077 2854 3302 2917 induxit,
3326 2854 3665 2909 Theodorum
3689 2871 3877 2924 nempe
3897 2868 3952 2911 et
3970 2856 4136 2910 Maxi-

2541 2960 2688 2999 mum
2738 2960 2754 2999 :
2804 2960 3033 3014 quorum
3086 2944 3173 2999 hic
3225 2945 3441 3015 quidem
3504 2945 3758 3001 Seleucia:
3819 2947 3871 3000 in
3934 2946 4134 3001 lsauria

2543 3037 2828 3106 episcopus
2855 3035 3109 3106 deinceps
3150 3034 3288 3100 fuit,
3336 3034 3654 3090 Theodorus
3698 3035 3980 3106 episcopus
4018 3036 4137 3091 Mo-

2545 3126 2799 3198 psuestia:
2824 3126 2878 3180 in
2906 3124 3115 3189 Cilicia,
3144 3126 3226 3179 vir
3252 3126 3305 3179 in
3328 3125 3495 3181 sacris
3530 3125 3817 3195 Scripturis
3842 3136 3897 3182 et
3922 3128 3974 3180 in
4002 3128 4135 3181 reli-

2548 3219 2668 3288 quis
2693 3218 2990 3288 disciplinis
3029 3217 3306 3272 rhetorum
3339 3226 3393 3271 et
3418 3216 3854 3286 philosophorum
3893 3218 4137 3286 apprime

2548 3307 2814 3363 eruditus.
2866 3309 3042 3378 Atque
3098 3307 3187 3362 hic
3239 3306 3457 3378 quidem
3507 3322 3627 3361 eum
3682 3307 3873 3362 divinis
3926 3308 4136 3377 legibus

2548 3399 2701 3453 initio
2724 3398 2879 3453 daret
2898 3412 3117 3468 operam
3140 3439 3157 3464 ,
3188 3406 3389 3453 etcum
3415 3397 3612 3452 sanctis
3636 3396 3765 3451 viris
3793 3407 4096 3452 versaretur
4117 3438 4135 3463 ,

2547 3489 2652 3547 hoc
2688 3490 2900 3545 vivendi
2944 3490 3246 3543 institutum
3291 3488 3589 3558 probabat,
3615 3488 3932 3557 civilemque
3974 3488 4138 3541 vitam

2547 3580 2853 3637 damnabat.
2897 3579 3092 3635 Verum
3136 3580 3189 3634 in
3258 3579 3534 3649 proposito
3593 3594 3697 3632 non
3744 3578 4137 3647 perseveravit,

2548 3682 2857 3743 mutataque
2881 3672 3166 3736 sententia,
3195 3669 3261 3725 ad
3284 3669 3561 3740 pristinam
3582 3670 3741 3723 vitam
3764 3670 4013 3739 abreptus
4033 3679 4137 3724 est.

2548 3765 2789 3836 Cumque
2810 3806 2827 3832 ,
2859 3773 2917 3819 ut
2944 3764 2997 3819 in
3025 3778 3176 3819 more
3203 3772 3285 3817 est
3304 3804 3319 3829 ,
3352 3761 3681 3832 propositum
3706 3776 3861 3817 suum
3896 3775 3961 3815 ex
3986 3769 4140 3816 vetc-

2550 3871 2669 3913 rum
2707 3856 2969 3925 exemplis
3004 3854 3319 3909 defenderet
3345 3896 3360 3916 .
3387 3852 3689 3908 eruditione
3730 3866 3954 3921 namque
3998 3866 4139 3921 pra:-

2551 3949 2694 4006 ditus
2738 3957 2873 4016 erat,
2908 3948 2962 4002 in
3005 3947 3191 4002 urbem
3231 3945 3425 4009 rediit,
3451 3945 3553 3999 hoc
3590 3943 3869 3998 consilium
3914 3942 4142 4012 pristino

2553 4050 2904 4109 anteponens.
2952 4036 3193 4106 Cumque
3232 4037 3581 4104 comperisset
3628 4034 3862 4089 Joannes
3914 4048 4036 4088 eum
4083 4034 4136 4087 in

2556 4131 2901 4188 saecularibus
2939 4129 3164 4199 negotiis
3198 4128 3438 4190 versari,
3479 4134 3535 4180 et
3583 4125 3651 4180 de
3695 4140 3862 4179 uxore
3899 4123 4142 4178 ducenda

2558 4225 2829 4295 cogitare,
2880 4222 3113 4277 divinam
3158 4229 3213 4275 et
3259 4230 3369 4273 tum
3423 4219 3636 4282 verbis,
3694 4226 3804 4271 tum
3859 4218 4141 4271 sententiis

2558 4315 2846 4371 humanam
2874 4314 3170 4368 facultatem
3203 4309 3548 4365 excedentem
3579 4308 3853 4376 epistolam
3878 4307 3943 4360 ad
3972 4308 4144 4375 ipsum

2558 4387 2723 4442 misit.
2774 4387 2887 4451 Qua
2929 4384 3163 4455 perlecta
3203 4382 3330 4446 ille,
3378 4380 3685 4449 ptenitentia
3729 4377 3917 4431 ductus
3954 4392 4143 4430 rursus

2558 4480 2900 4536 facultatibus
2939 4486 2994 4532 et
3033 4475 3234 4544 nuptiis
3262 4471 3586 4527 renuntiavit
3615 4488 3628 4523 :
3659 4469 3980 4537 Joannisque
4005 4482 4140 4521 con-

2558 4574 2681 4629 silio
2734 4579 3015 4634 servatus,
3065 4568 3131 4621 ad
3184 4564 3605 4637 phi|050phicam
3657 4560 3819 4614 vitam
3868 4572 4145 4629 regressus

2560 4672 2664 4721 est.
2704 4683 2724 4716 ι
2759 4661 2981 4717 Videtur
3014 4673 3143 4713 sane
3183 4658 3510 4712 Sozomenus
3548 4652 3616 4708 de
3650 4650 3880 4708 secunda
3918 4650 4146 4721 epistola

2561 4757 2675 4812 sive
2700 4753 2959 4825 parmnesi
2985 4750 3142 4805 verba
3171 4748 3347 4804 facere
3367 4789 3383 4814 ,
3415 4746 3502 4802 ubi
3529 4745 3938 4816 Chrysostomus
3963 4743 4141 4798 Theo-

2563 4848 2755 4903 dorum
2800 4860 2830 4898 a
2860 4843 3126 4898 COflIlUblO
3162 4849 3403 4895 avertere
3427 4848 3671 4893 conatur.
3699 4834 3775 4890 118
3803 4844 4023 4890 censent
4046 4832 4148 4890 83'

2563 4940 2756 5003 vilius,
2801 4937 3039 4991 Valesius
3075 4944 3129 4989 et
3160 4931 3565 4994 Tillemontius;
3603 4928 3687 4982 cui
3732 4926 4011 4981 sententia
4047 4939 4149 4993 ego

2564 5050 2672 5090 non
2701 5046 2938 5102 repugno
2958 5073 2973 5095 ,
3006 5029 3129 5084 licet
3167 5026 3282 5081 haec
3310 5024 3597 5081 oscitanter
3626 5034 3659 5071 a
3686 5018 3984 5071 Sozomeno
4018 5030 4147 5069 nar-

2564 5126 2672 5183 rari
2716 5133 3047 5194 compertum
3098 5119 3341 5172 habeam.
3389 5114 3519 5168 Jure
3564 5118 3740 5163 autem
3785 5106 3851 5160 ab
3902 5104 4150 5159 omnibus

2565 5219 2867 5289 exploditur
2902 5213 3159 5273 Valesius,
3182 5209 3270 5279 qui
3298 5220 3455 5261 unam
3483 5212 3674 5275 putans
3704 5200 3887 5256 haberi
3913 5198 4149 5269 Chryso-

2564 5315 2722 5369 stomi
2742 5310 2809 5364 ad
2826 5306 3166 5363 Theodorum
3189 5299 3504 5372 partcnesin,
3528 5309 3716 5365 nempe
3732 5291 4039 5354 secundam,
4059 5306 4152 5344 an-

2565 5423 2656 5463 sus
2697 5412 2781 5459 est
2802 5402 2941 5456 circa
2965 5396 3155 5467 prioris
3188 5390 3518 5448 authentiam
3538 5384 3965 5445 dubitare.Certe
3980 5381 4148 5453 Clr'y-

2567 5507 2862 5554 sostomum
2901 5507 2970 5546 ne
3003 5490 3084 5543 vel
3117 5487 3437 5558 primoribus
3478 5480 3691 5553 quidem
3735 5474 3895 5529 labris
3919 5474 4150 5543 attigerit

2568 5598 2799 5661 oportet,
2823 5586 2913 5656 qui
2940 5584 3159 5653 primam
3186 5576 3486 5651 parmnesin
3515 5587 3621 5627 non
3651 5568 3788 5623 inter
3814 5564 4148 5637 elegantissi—

2567 5698 2686 5738 mos
2709 5680 2825 5749 ejus
2846 5678 2983 5733 fetus
3006 5680 3301 5731 recenseat.

2641 5772 2811 5829 Unam
2854 5769 3013 5840 igitur
3040 5764 3318 5837 epistolam
3354 5757 3420 5812 ad
3455 5752 3791 5809 Theodorum
3820 5750 4148 5819 Mopsueste-

2570 5884 2693 5923 num
2720 5866 2808 5922 hic
2828 5871 3091 5920 memorat
3120 5860 3451 5915 Sozomenus
3471 5892 3484 5913 ,
3507 5859 3559 5902 et
3583 5847 3813 5918 quidem.
3836 5854 3893 5900 ut
3918 5844 4146 5897 videtur.

2574 5960 2862 6019 secundam
2909 5975 2922 6011 :
2973 5968 3134 6011 unam
3176 5950 3300 6003 item
3354 5943 3419 5999 ad
3474 5943 3724 6004 eumdem
3752 5926 3987 6002 Hesychi
4018 5940 4065 5977 ts
4104 5924 4159 5979 in
