4506 6768
874 558 981 613 275

870 674 1161 728 senectutis
1184 671 1313 736 eris,
1344 679 1404 723 ut
1432 668 1553 722 vite
1576 665 1803 722 fructum
1829 672 1885 717 et
1912 662 2238 733 voluptatem
2268 673 2463 726 capere

871 780 976 817 non
1008 764 1199 833 possis.
1229 762 1359 827 Quis
1389 769 1545 830 neget
1572 759 1687 813 hzec
1712 754 1985 809 vicenario
2008 754 2188 824 juveni
2215 751 2467 820 apposite

871 856 975 911 dici
1010 860 1195 924 μοέωῖ
1221 854 1365 907 Sane
1389 854 1478 907 vix
1510 867 1703 920 capere
1748 849 1948 919 possim
1975 848 2244 919 quomodo
2272 860 2338 900 ex
2374 844 2465 898 tali

872 948 1015 1002 dicto
1044 946 1281 1015 potuerit
1316 944 1693 1001 Tillemoutius
1738 952 1978 997 statuere
2007 942 2199 1004 virum,
2233 938 2319 993 cui
2350 937 2467 992 hazc

872 1041 1136 1105 dicantur,
1180 1056 1320 1111 pene
1356 1036 1832 1110 quadragenarium
1879 1050 2041 1091 esse:
2069 1035 2117 1090 si
2166 1048 2232 1089 ex
2275 1031 2466 1100 hujus-

871 1133 1018 1189 modi
1056 1134 1235 1189 verbis
1282 1132 1679 1199 chionologiam
1732 1138 2054 1195 statuamus,
2111 1141 2356 1198 magnam
2410 1125 2462 1177 in

868 1232 1173 1295 temporum
1217 1224 1423 1278 ratione
1470 1221 1932 1291 perturbationem
1980 1222 2282 1277 atl’eremus.
2325 1215 2464 1284 Quid

870 1317 1101 1385 exempli
1130 1330 1291 1370 causa
1323 1313 1393 1370 de
1412 1323 1572 1370 :etate
1597 1315 1855 1369 Anthuste
1881 1312 2250 1385 Chrysostomi
2276 1309 2463 1364 matris

869 1406 1133 1476 quispiam
1162 1405 1381 1468 dixerit,
1413 1407 1459 1461 si
1486 1406 1633 1461 illam
1668 1406 1721 1461 in
1762 1407 1912 1461 libris
1940 1406 2009 1460 de
2045 1402 2357 1459 Sacerdotio
2384 1402 2463 1455 sic

867 1498 1179 1569 loquentem
1223 1500 1445 1553 audiat:
1477 1498 1590 1552 Nos
1625 1514 1743 1552 vero
1778 1514 1922 1552 senes
1957 1498 2086 1550 nihil
2128 1496 2270 1549 aliud
2307 1511 2462 1564 quam

869 1604 1085 1648 mortem
1104 1603 1467 1661 erspectamus.
1484 1594 1677 1646 Annon
1696 1591 1839 1644 illam
1863 1590 1974 1645 fere
1998 1590 2463 1660 septuagenariam

868 1682 1325 1755 pronuntiaverit?
1354 1684 1515 1752 Atqui
1562 1682 1675 1746 illa,
1708 1690 1769 1736 ut
1796 1691 2003 1736 certum
2029 1690 2142 1745 est,
2171 1692 2227 1735 et
2268 1679 2463 1735 fatetur

865 1778 982 1845 ipse
1004 1774 1404 1840 Tillemontius,
1432 1772 1672 1829 nondum
1689 1773 2156 1843 quadragesimum
2173 1772 2460 1842 septimum

865 1867 1037 1920 :ctatis
1047 1880 1249 1921 annum
1264 1879 1483 1921 emensa
1499 1874 1751 1919 eratcum
1770 1864 1882 1919 haec
1898 1863 2101 1919 diceret
2120 1881 2133 1917 :
2149 1878 2316 1932 usque
2328 1862 2463 1916 adeo

866 1973 1055 2013 verum
1088 1968 1168 2012 est
1198 1972 1307 2012 non
1336 1972 1495 2027 posse
1521 1972 1591 2011 ex
1619 1956 1883 2027 ejusmodi
1908 1954 2064 2010 dictis
2093 1963 2460 2013 certamJem-

866 2051 1014 2119 poris
1037 2060 1217 2104 notam
1236 2049 1451 2104 deduci.
1468 2048 1653 2119 Neque
1678 2064 1777 2103 nos
1794 2058 2001 2102 moveat
2026 2061 2150 2110 vos,
2172 2054 2283 2114 πρὸς
2312 2052 2458 2111 ἔσκα-

864 2164 945 2195 τον
962 2157 1127 2209 γῆρας,
1150 2142 1219 2195 ad
1241 2151 1514 2196 extremam
1539 2150 1840 2194 senectutem
1865 2155 1887 2192 :
1906 2140 2048 2192 illam
2073 2137 2270 2206 quippe
2300 2151 2455 2189 usur—

865 2249 996 2304 pare
1041 2235 1181 2291 solet
1224 2233 1657 2305 Chrysostomus,
1699 2247 1803 2285 non
1852 2245 1947 2300 pro
1986 2228 2257 2298 decrepita
2298 2243 2455 2283 sena

860 2336 1027 2393 ctute,
1056 2342 1176 2383 cum
1211 2327 1330 2397 quis
1355 2325 1505 2380 verbi
1532 2324 1699 2395 gratia
1727 2324 1802 2379 ita
1826 2338 2090 2377 annorum
2116 2322 2259 2376 mole
2286 2320 2454 2376 obru-

859 2429 946 2474 tus
972 2428 1075 2481 est,
1107 2427 1167 2473 ut
1190 2419 1302 2488 jam
1328 2432 1585 2473 sensuum
1614 2432 1715 2472 usu
1740 2431 1879 2486 pene
1902 2415 2212 2481 destitutus,
2245 2428 2367 2468 mox
2399 2413 2454 2468 in

856 2511 1162 2580 sepulcrum
1206 2510 1279 2566 sit
1320 2509 1653 2573 inferendus,
1694 2518 1753 2563 ut
1794 2516 1920 2563 sunt
1962 2507 2306 2577 octogenario
2344 2521 2460 2560 ma-

857 2603 1005 2673 jores
1031 2610 1087 2657 et
1112 2601 1491 2673 nonagenarii;
1522 2600 1617 2655 sed
1642 2614 1740 2670 pro
1765 2600 1895 2654 viris
1919 2600 2008 2669 qui
2037 2600 2212 2653 adhuc
2242 2598 2455 2669 negotia

860 2692 1259 2757 administrare,
1309 2700 1366 2747 et
1414 2706 1602 2761 magna
1650 2698 1874 2760 possunt
1913 2690 2089 2744 officia
2146 2704 2449 2759 capessere.

858 2786 951 2841 Sic
981 2785 1049 2841 de
1086 2783 1403 2840 Sacerdotio
1430 2782 1523 2837 lib.
1568 2784 1622 2848 5,
1653 2797 1703 2851 p.
1747 2781 1873 2846 595,
1914 2782 2006 2835 ubi
2048 2780 2181 2835 dicit
2216 2795 2331 2845 eos,
2359 2779 2449 2849 qui

856 2892 979 2933 cum
1010 2876 1169 2930 laude
1206 2876 1257 2929 in
1301 2875 1610 2929 ministeriis
1650 2873 1947 2927 minoribus
1988 2873 2151 2927 vitam
2199 2880 2445 2942 egerunt,

856 2968 947 3023 ubi
985 2967 1051 3021 ad
1088 2974 1421 3021 senectutem
1450 2964 1737 3030 devenere,
1770 2979 1878 3019 non
1923 2978 2045 3019 esse
2092 2979 2309 3034 semper
2338 2978 2451 3033 pra:

856 3059 976 3112 aliis
986 3056 1289 3128 junioribus
1309 3057 1362 3110 in
1380 3055 1747 3126 episcopatum
1766 3055 2099 3121 evehendos,
2118 3056 2220 3109 nisi
2236 3053 2454 3109 aliunde

857 3148 1038 3205 idonei
1069 3148 1297 3213 fuerint;
1325 3145 1400 3201 ibi
1428 3146 1595 3201 utitur
1617 3145 1807 3201 eadem
1841 3159 1975 3200 voce
1999 3146 2053 3199 in
2078 3153 2353 3199 extremam
2376 3160 2457 3198 se-

859 3249 1106 3295 nectutem
1151 3238 1406 3308 pervenit;
1451 3243 1509 3292 et
1549 3235 1689 3291 infra
1720 3236 1788 3291 de
1831 3236 2023 3291 iisdem
2068 3236 2123 3290 in
2170 3245 2456 3307 provectam

856 3338 1177 3384 senectutem.
1205 3327 1409 3396 Quibus
1452 3342 1585 3382 sane
1624 3334 1682 3381 et
1718 3328 2181 3396 septuagenarios,
2213 3334 2269 3381 et
2314 3324 2454 3381 forte

858 3418 1283 3489 septuagenariis
1311 3417 1550 3472 minores
1593 3415 1865 3485 intelligit,
1913 3425 1971 3470 ut
2009 3432 2170 3471 nemo
2199 3416 2451 3471 cordatus

861 3526 973 3566 non
998 3509 1212 3575 videat;
1236 3524 1359 3563 nam
1393 3509 1485 3579 qui
1513 3509 1734 3563 omnino
1762 3508 2021 3578 decrepiti
2059 3517 2205 3573 sunt,
2239 3523 2306 3563 eo
2336 3510 2452 3577 ipso

863 3617 970 3658 non
1012 3611 1135 3675 sunt
1163 3601 1361 3657 idonei.
1392 3600 1655 3657 Similiter
1682 3600 1841 3656 Hom.
1872 3602 1908 3655 3
1938 3600 2006 3655 de
2045 3600 2248 3655 Statuis
2277 3602 2449 3669 initio,

860 3709 982 3748 cum
1022 3693 1309 3748 Flavianus
1348 3693 1633 3763 episcopus
1670 3690 2033 3747 Theodosium
2075 3691 2450 3761 Imperatorem

860 3786 1129 3858 placatum
1156 3785 1307 3851 adiit,
1335 3784 1406 3842 de
1439 3785 1533 3840 illo
1553 3785 1628 3839 ait
1653 3783 2091 3856 Chrysostomus.
2134 3796 2258 3840 mtas
2281 3787 2350 3840 ad
2373 3787 2453 3841 ul-

862 3879 1037 3931 timam
1065 3886 1296 3947 provecta
1340 3885 1660 3930 senectutem.
1690 3876 1849 3946 Atqui
1876 3876 2170 3931 secundum
2210 3876 2451 3949 Chryso-

868 3982 1101 4026 stomum
1133 3970 1306 4039 ipsum
1337 3969 1521 4039 elapso
1550 3971 1710 4025 etiam
1738 3970 1969 4041 quodam
1997 3971 2065 4025 ab
2096 3972 2185 4025 illa
2214 3972 2453 4027 Flaviani

863 4061 1127 4130 legatione
1164 4059 1231 4113 ad
1274 4059 1635 4115 Theodosium
1676 4070 1939 4131 tempore,
1986 4061 2275 4117 Flavianus
2316 4079 2455 4118 non-

863 4151 993 4206 dum
1021 4160 1337 4221 pervenerat
1365 4150 1432 4205 ad
1464 4160 1677 4206 aetatem
1709 4151 1767 4205 S.
1802 4152 1952 4207 Petri
1982 4152 2247 4222 Apostoli.
2274 4153 2458 4224 Siqui-

868 4243 992 4299 dem
1029 4242 1081 4297 in
1122 4242 1318 4296 Homil.
1346 4243 1381 4297 5
1413 4242 1466 4296 in
1493 4241 1822 4313 Principium
1863 4243 2119 4299 Actorum
2157 4245 2457 4300 orationem

867 4333 1122 4389 claudens
1141 4332 1553 4405 Clirysostomns
1586 4333 1841 4390 Flaviano
1869 4350 2038 4391 annos
2062 4338 2235 4393 aetatis
2268 4338 2327 4393 Β.
2361 4338 2461 4393 Pe-

869 4429 934 4483 tri
966 4426 1208 4498 Apostoli
1237 4435 1572 4495 apprecatur,
1614 4436 1896 4498 postquam
1937 4428 2087 4484 illum
2130 4437 2256 4485 ante
2292 4445 2455 4485 unum

864 4520 1055 4577 saltem
1084 4534 1280 4573 annum
1304 4518 1412 4589 jam
1438 4518 1503 4572 ad
1545 4528 1840 4573 extremam
1880 4528 2235 4583 senectutem,
2264 4536 2457 4591 perve-

866 4628 1009 4667 msse
1051 4612 1259 4666 dixerat
1302 4612 1433 4681 :qui
1479 4609 1763 4667 Flavianus
1813 4614 1974 4667 etiam
2021 4620 2144 4682 post
2196 4613 2339 4668 illam
2387 4613 2455 4668 ad

867 4702 1227 4761 Theodosium
1272 4702 1592 4769 legationem
1639 4704 1794 4757 annis
1835 4705 2217 4773 septemdecim
2262 4706 2456 4761 Antio-

868 4793 1055 4848 chense.
1081 4791 1291 4861 praefuit
1326 4791 1622 4848 Ecclesiae:
1648 4800 1727 4846 tot
1767 4794 1912 4847 enim
1955 4804 2307 4851 numerantur
2330 4798 2457 4852 anni

869 4890 939 4941 ab
977 4900 1118 4940 anno
1174 4886 1300 4952 587,
1349 4899 1458 4955 quo
1503 4884 1595 4940 ille
1644 4884 2006 4941 Theodosium
2048 4886 2199 4953 adiit,
2250 4888 2317 4943 ad
2362 4904 2458 4943 an-

868 4995 997 5035 num
1024 4978 1151 5043 404,
1180 4993 1285 5048 quo
1320 4988 1561 5033 mortuus
1585 4987 1865 5033 vacantem
1894 4977 2081 5034 sedem
2113 4979 2346 5051 reliquit.
2384 4983 2459 5037 De

871 5079 1029 5125 aetate
1057 5085 1213 5139 porro
1240 5070 1358 5137 ejus
1399 5084 1518 5123 cum
1546 5070 1686 5125 diem
1728 5071 1923 5126 clausit
1959 5080 2259 5127 extremum
2293 5074 2455 5143 pluri~

871 5162 974 5216 bus
1002 5168 1187 5230 agetur
1212 5161 1263 5214 iu
1296 5160 1411 5214 Vita
1441 5160 1825 5232 Chrysostomi.
1852 5164 1918 5218 Et
1949 5164 2147 5219 Homil.
2180 5164 2217 5220 2
2236 5166 2304 5221 de
2336 5166 2460 5223 Pa:-

872 5253 1091 5307 nitentia
1134 5267 1189 5304 n.
1231 5250 1288 5317 ἓ,
1337 5251 1405 5306 de
1436 5252 1633 5307 Davide
1674 5253 1895 5323 loquens
1934 5255 2348 5326 Clirysostomus
2385 5260 2459 5314 ait

872 5342 1043 5406 illum,
1076 5341 1288 5410 quando
1318 5343 1369 5396 in
1410 5343 1730 5398 adulterium
1761 5344 1942 5414 lapsus
1985 5357 2087 5412 est,
2122 5348 2175 5402 in
2220 5358 2457 5406 extrema

872 5434 1063 5489 canitie
1088 5432 1288 5499 fuisse;
1314 5434 1442 5489 illud
1468 5451 1593 5491 vero
1610 5436 1678 5492 de
1713 5437 1915 5493 Davide
1943 5438 2107 5493 nolim
2130 5455 2228 5509 pro
2253 5453 2459 5498 asserto

872 5526 1072 5594 accipi;
1105 5525 1197 5580 sed
1227 5535 1283 5580 ut
1314 5542 1470 5581 nemo
1499 5543 1655 5598 spero
1684 5531 1917 5602 negabit,
1944 5532 1996 5587 id
2037 5534 2315 5603 probatum
2343 5551 2461 5591 cer-

873 5625 1091 5687 tumque
1126 5633 1245 5675 esse
1286 5619 1540 5686 arbitror,
1579 5620 2019 5695 Chrysostomum
2068 5627 2138 5679 ad
2188 5640 2459 5683 extremam

870 5718 1173 5764 senectutem
1229 5713 1426 5781 passim
1479 5712 1774 5786 intelligere
1816 5716 1885 5771 de
1939 5722 2359 5789 septuagenariis
2405 5733 2459 5778 et

870 5802 1008 5855 forte
1038 5815 1429 5873 nonnumquam
1458 5805 1527 5861 de
1551 5808 1956 5879 septuagenario
1982 5810 2295 5868 minoribus.

940 5892 1107 5947 Instat
1146 5892 1628 5953 Tillemontiuszls
1673 5915 1828 5970 quem
1874 5901 1927 5956 in
1978 5904 2152 5971 priore
2198 5910 2459 5976 paruanesi

872 5981 1158 6054 alloquitur
1185 5985 1617 6060 Chrysostomus,
1669 5991 1723 6047 in
1767 6001 1949 6065 aperta
1987 5996 2112 6051 vitia
2143 6008 2196 6054 et
2232 6000 2456 6056 crimina

2335 540 2381 594 Μ
2390 537 2596 595 ΟΝΓΠ]
2604 539 2668 593 31.

4070 556 4173 612 ετσ

2578 672 2913 733 proruperat,
2964 677 3021 720 ut
3049 684 3114 722 ex
3146 671 3306 724 rariis
3332 670 3588 726 orationis
3617 670 3748 725 lecis
3772 673 4043 744 colligitur
4069 696 4083 732 :
4115 689 4167 734 at

2575 772 2682 811 non
2721 770 2959 825 eousque
2997 763 3252 826 perniciei
3281 764 3560 820 devenisse
3604 763 3816 818 videtur
3853 766 4168 825 Theodorus

2574 846 3001 918 Mopsuestenus,
3050 852 3117 904 ad
3156 869 3316 921 quem
3356 854 3586 910 secunda
3629 856 3857 909 mittitur
3894 859 4163 926 epistola:

2573 942 2667 1011 qui
2692 942 2737 995 si
2760 941 2867 1011 jam
2895 940 3198 1010 baptizatus
3238 946 3293 999 in
3324 962 3388 1001 ea
3416 950 3639 1004 crimina
3664 948 3844 1018 lapsus
3866 960 4036 1015 esset,
4069 969 4163 1006 ne-

2573 1047 2837 1102 quaquam
2876 1032 3135 1101 potuisset
3172 1038 3467 1094 secundum
3501 1055 3733 1096 canones
3770 1040 3821 1095 in
3854 1042 4163 1110 episcopum

2574 1134 2757 1193 postea
2817 1125 3075 1195 cooptari.
3145 1125 3275 1181 ﬂmc
3330 1132 3481 1187 nullo
3539 1136 3755 1205 negotio
3803 1135 4159 1205 depelluntur.

2572 1215 2913 1283 Theodorus,
2942 1218 3031 1287 qui
3074 1230 3288 1271 sacrum
3335 1232 3535 1278 emtum
3575 1226 3907 1294 deseruerat,
3946 1228 4161 1297 negotia

2569 1308 2852 1363 satcularia
2886 1307 3164 1372 tractabat,
3206 1309 3571 1379 voluptatibus
3596 1318 3809 1375 deditus
3848 1331 3986 1387 erat,
4028 1321 4161 1375 lier—

2568 1398 2779 1453 miones
2804 1400 2998 1469 puella:
3032 1399 3312 1470 cujusdam
3340 1416 3526 1459 amore
3563 1406 3841 1477 ﬂagrabat.
3871 1412 3987 1468 Non
4016 1413 4160 1466 aliud

2568 1488 2638 1543 de
2664 1489 2955 1550 Theodoro
2980 1493 3185 1549 crimen
3219 1492 3384 1548 refert
3422 1494 3839 1567 Chrysostomus
3869 1524 3882 1557 :
3909 1507 3959 1561 id
3986 1518 4160 1561 tamen

2570 1582 2663 1638 ille
2709 1586 2888 1654 magni
2927 1587 3169 1642 criminis
3213 1586 3332 1641 loco
3380 1586 3579 1642 habere
3628 1592 3840 1649 videtur
3885 1599 3937 1652 in
3986 1600 4162 1668 priore

2570 1676 2850 1745 partenesi,
2878 1677 2966 1731 ubi
2997 1678 3113 1734 hzec
3153 1688 3521 1734 recensentur.
3557 1680 3865 1739 Secundum
3914 1690 4029 1744 haec
4066 1708 4162 1745 au-

2566 1777 2699 1833 tem,
2732 1785 2855 1823 cum
2884 1771 2970 1825 vel
2995 1771 3114 1824 aliis
3138 1770 3511 1838 referentibus,
3536 1772 3620 1824 vel
3649 1788 3745 1841 per
3783 1776 3949 1842 ipsius
3986 1782 4163 1836 Theo-

2567 1859 2685 1913 dori
2728 1860 2909 1915 literas
2947 1863 3261 1932 accepisset,
3301 1862 3640 1917 Theodorum
3687 1864 3806 1918 ideo
3847 1868 3900 1919 in
3946 1874 4160 1940 negotia

2565 1952 2839 2006 szecularia
2881 1967 2941 2007 se
2964 1954 3268 2017 immisisse,
3299 1964 3359 2008 ut
3386 1964 3727 2024 paternarum
3757 1972 3936 2012 rerum
3962 1962 4162 2017 sollici-

2566 2042 2805 2096 tudinem
2839 2053 3071 2111 gereret,
3102 2043 3444 2101 Hermionem
3473 2062 3675 2114 amare,
3701 2058 3759 2103 ut
3782 2064 3901 2105 eam
3934 2051 4159 2111 duceret

2560 2147 2817 2197 uxorem;
2844 2148 2949 2186 non
2995 2136 3157 2189 tantis
3180 2136 3419 2205 quidem,
3452 2140 3662 2207 quantis
3703 2150 3878 2204 antea,
3912 2143 4154 2213 implica-

2560 2231 2671 2276 tum
2703 2224 2857 2278 malis
2882 2223 3227 2280 Theodorum
3256 2241 3378 2281 esse
3405 2230 3643 2298 putavit;
3682 2232 3775 2286 sed
3806 2248 3914 2288 non
3943 2249 3973 2288 a
3998 2237 4156 2306 culpa

2559 2313 2787 2368 liberum
2815 2313 2989 2382 duxit,
3015 2326 3076 2370 ut
3100 2331 3200 2387 per
3226 2326 3393 2373 totam
3431 2320 3720 2376 secundam
3755 2325 4033 2391 epistolam
4067 2328 4153 2381 in-

2562 2404 2727 2472 dicat,
2755 2406 2907 2476 cujus
2944 2409 3236 2465 exordium
3263 2420 3347 2466 est
3386 2412 3691 2482 huiusmodi
3717 2434 3731 2469 :
3764 2416 3825 2471 Si
3852 2418 4001 2485 ﬂetus
4030 2436 4154 2487 pos-

2562 2508 2671 2551 sent
2698 2507 2745 2551 et
2774 2500 2987 2570 gemitus
3005 2516 3096 2570 per
3120 2502 3294 2556 literas
3324 2505 3568 2572 exhiberi,
3593 2506 3673 2561 his
3692 2508 3933 2577 repletam
3961 2510 4153 2579 episto-

2562 2593 2665 2647 lam
2703 2594 2773 2647 ad
2797 2604 2847 2649 te
2883 2597 3149 2651 misissem.
3178 2597 3431 2669 Equidem
3459 2602 3579 2670 fleo,
3618 2619 3719 2655 non
3748 2603 3881 2669 quod
3907 2614 4146 2672 paterna-

2556 2703 2669 2740 rum
2694 2703 2863 2741 rerum
2886 2690 3280 2745 sollicitudinem
3303 2709 3469 2763 geras,
3499 2694 3587 2748 sed
3604 2695 3741 2764 quod
3769 2712 3831 2749 ea:
3856 2696 4073 2763 fratrum
4106 2707 4156 2751 te

2553 2779 2788 2847 catalogo
2816 2780 3077 2845 deleveris,
3101 2783 3239 2851 quod
3266 2793 3416 2852 pacta
3452 2801 3563 2837 cum
3592 2784 3791 2840 Christo
3818 2788 3946 2839 inita
3981 2790 4151 2841 calca-

2552 2869 2701 2921 ueris.
2730 2868 2807 2923 De
2838 2871 3109 2925 connubio
3127 2881 3308 2927 autem
3342 2872 3460 2928 haec
3485 2875 3649 2930 habet
3676 2890 3727 2944 p.
3760 2877 3829 2931 58
3859 2896 3873 2932 :
3906 2876 4154 2948 Legitima

2552 2974 2633 3014 res
2657 2969 2731 3013 est
2773 2962 3087 3031 conjugium,
3115 2962 3171 3015 id
3203 2979 3296 3034 ego
3320 2967 3551 3033 fateor...
3581 2969 3671 3019 sed
3696 2966 3786 3019 tibi
3802 2968 3918 3037 jam
3950 2985 4053 3021 non
4077 2979 4153 3022 est

2554 3051 2807 3122 integrum
2837 3054 2966 3123 jura
2997 3056 3237 3109 connubii
3268 3072 3488 3110 servare.
3521 3057 3653 3111 Eum
3689 3060 3843 3121 enim,
3870 3061 3958 3125 qui
3997 3064 4152 3114 semel

2558 3144 2747 3196 caelesti
2765 3159 2953 3212 sponso
2971 3146 3184 3216 junctus
3202 3155 3297 3210 est,
3315 3146 3359 3201 si
3385 3148 3558 3201 abillo
3577 3149 3846 3202 divellatur
3869 3159 3915 3203 et
3944 3167 4155 3204 uxorem

2559 3233 2733 3297 ducat,
2761 3234 3072 3289 adulterium
3110 3236 3377 3290 admittere
3416 3249 3609 3291 certum
3652 3247 3746 3293 est.
3792 3239 3931 3293 Puto
3970 3251 4152 3295 autem

2558 3323 2902 3379 Theodorum
2927 3326 3162 3395 acceptis
3190 3326 3459 3396 prioribus
3485 3327 3850 3399 Chrysostomi
3884 3330 4147 3398 epistolis,

2556 3414 2751 3484 quibus
2776 3414 2847 3470 de
2870 3416 3220 3473 molaribus
3255 3419 3522 3488 susceptis
3550 3420 3796 3490 negotiis,
3835 3420 3981 3475 etde
4019 3420 4155 3476 Iler-

2556 3506 2767 3560 miones
2808 3522 2994 3563 amore
3006 3509 3475 3580 ,redarguebatur,
3519 3511 3589 3566 ad
3629 3512 3711 3567 sui
3753 3513 4151 3569 excusationem

2557 3613 2653 3668 per
2673 3598 2929 3667 epistolas
2954 3608 3011 3654 et
3043 3610 3387 3670 paternarum
3414 3618 3594 3658 rerum
3634 3620 3839 3672 curam,
3879 3615 3934 3660 et
3968 3608 4150 3676 conju.

2565 3692 2711 3761 gium
2736 3705 2857 3745 cum
2883 3690 3175 3747 Hermione
3201 3693 3494 3749 ineundum
3533 3696 3589 3751 in
3616 3696 3848 3752 medium
3889 3699 4152 3756 attulisse.

2556 3779 2714 3835 Certe
2754 3782 2807 3836 in
2844 3782 3087 3851 epistola:
3115 3792 3407 3852 postrema:
3443 3786 3593 3841 calce
3632 3797 3784 3857 rogat
3809 3788 4150 3845 Theodorum

2557 3870 2995 3943 Chrysostomus,
3024 3882 3085 3928 ut
3126 3875 3225 3930 sibi
3255 3876 3557 3932 rescribere
3580 3877 3857 3948 dignetur;
3900 3880 3945 3933 si
3978 3890 4053 3935 tot
4081 3882 4151 3935 li-

2558 3964 2689 4019 teris
2729 3973 2887 4021 antea
2926 3966 3126 4032 missis,
3172 3967 3306 4021 nihil
3351 3968 3733 4037 respondisset,
3774 3970 4151 4041 objurgaturus

2559 4070 2683 4110 eum
2710 4056 2850 4110 haud
2874 4055 3033 4111 dubie
3060 4065 3176 4112 erat
3203 4057 3619 4128 Chrysostomus
3644 4059 3713 4115 de
3740 4070 3888 4115 tanto
3914 4062 4145 4118 silentio.

2633 4146 2729 4200 liis
2752 4160 2856 4215 ego
2878 4146 2947 4200 de
2978 4147 3157 4201 causis
3184 4147 3364 4201 Savilii
3394 4158 3450 4202 et
3495 4149 3777 4206 Frontonis
3804 4153 4039 4223 vestigiis
4069 4152 4151 4207 in-

2563 4239 2760 4294 sistens
2783 4254 2948 4294 unum
2975 4237 3140 4295 fuisse
3171 4239 3511 4295 Theodorum
3538 4253 3686 4311 puto,
3728 4244 3796 4299 ad
3820 4260 3976 4314 quem
4003 4255 4150 4301 utra-

2563 4348 2669 4404 que
2708 4333 2998 4403 partenesis
3025 4334 3188 4388 missa
3215 4334 3333 4388 fuit.
3369 4333 3605 4405 Utraque
3630 4345 3778 4392 certe
3806 4336 3873 4390 ad
3899 4338 4146 4393 eumdem

2564 4426 2909 4481 Theodorum
2963 4425 3277 4481 inscribitur
3324 4417 3378 4479 in
3431 4426 4147 4499 omnibusmanuscriptis.

2566 4534 2795 4590 quorum
2844 4517 3067 4587 quidam
3120 4515 3495 4572 remotissimae
3545 4518 3822 4573 vetustatis
3870 4528 4035 4573 sunt:
4069 4520 4150 4572 Ad

2565 4612 2797 4666 eumdem
2850 4608 3214 4673 Theodorum,
3273 4606 3470 4663 habent
3509 4623 3697 4664 omnes
3734 4627 3747 4664 :
3785 4609 3919 4665 duos
3967 4620 4148 4665 autem

2565 4702 2883 4759 Theodoros
2906 4700 3495 4771 comminisci,quorum
3524 4712 3749 4771 uterque
3767 4717 3886 4756 cum
3916 4700 4151 4773 Chryso-

2567 4806 2744 4852 stomo
2781 4794 3036 4849 societate
3067 4792 3279 4863 junctus
3315 4808 3470 4849 sacro
3509 4795 3719 4849 cuidam
3756 4794 3916 4849 cmtui
3957 4809 4016 4849 se
4051 4794 4150 4848 ad-

2566 4888 2783 4953 dixerit,
2813 4894 3038 4956 uterque
3065 4886 3333 4949 resilierit,
3367 4898 3591 4957 uterque
3630 4896 3911 4942 revocatus
3933 4886 4091 4941 fuerit
4119 4902 4151 4939 a

2564 4983 2974 5052 Chrysostomo,
2999 4979 3153 5050 idque
3180 4980 3326 5035 nullo
3354 4989 3574 5035 auctore
3600 4996 3773 5050 exque
3800 4979 4005 5035 levibus
4024 4994 4152 5033 coe-

2561 5073 2824 5145 jccturis,
2875 5071 2929 5126 id
2980 5072 3171 5127 mirum
3227 5081 3487 5143 quantum
3540 5072 3827 5128 abhorreat
3876 5071 3944 5125 ab
3993 5071 4150 5125 insti-

2567 5175 2681 5221 ῑυιο
2708 5178 2850 5218 meo.

2639 5261 2793 5315 Circa
2832 5272 3050 5323 annum,
3077 5274 3182 5329 quo
3217 5258 3302 5313 ha:
3335 5258 3457 5313 dua:
3501 5256 3714 5324 scripta:
3754 5263 3878 5308 sunt
3916 5254 4151 5309 homilim

2566 5367 2672 5407 non
2721 5350 2929 5405 modica
2965 5360 3047 5406 est
3084 5351 3389 5406 difﬁcultas.
3434 5349 3522 5404 Ait
3576 5348 3836 5402 Baronius
3874 5358 4153 5417 utramque

2566 5446 2866 5517 paraenesin
2893 5461 2921 5499 a
2950 5443 3355 5518 Clirysostomo,
3382 5443 3508 5499 dum
3550 5442 3602 5497 in
3637 5441 3906 5496 montibus
3933 5441 4149 5511 degeret

2567 5537 2866 5607 solitarius,
2896 5537 2963 5591 ad
3008 5537 3346 5593 Theodorum
3394 5534 3613 5589 missam
3646 5532 3825 5586 fuisse.
3857 5530 4150 5587 Tillemon-

2568 5633 2674 5687 tius
2703 5646 2832 5685 vero
2854 5646 2917 5685 ex
2956 5630 3297 5700 prasjudicata
3333 5624 3585 5697 opinione
3614 5624 3853 5693 loquens,
3882 5623 3948 5680 de
3979 5626 4148 5694 prima

2569 5725 2635 5780 ad
2664 5726 2845 5789 alium,
2879 5732 2936 5777 ut
2962 5732 3114 5794 putat
3138 5723 3249 5785 ille,
3280 5734 3441 5791 quam
3462 5718 3886 5785 Mopsuestenum
3913 5718 4075 5772 missa
4098 5716 4150 5769 id

2568 5816 2787 5873 concedi
2827 5831 2985 5886 posse
3028 5823 3219 5885 putat;
3266 5822 3334 5866 de
3378 5809 3609 5864 secunda
3659 5812 3893 5866 minime.
3943 5810 4044 5877 Qui
4104 5809 4149 5862 si

2570 5909 3032 5963 animadvertisset
3076 5903 3208 5960 illud
3260 5904 3403 5973 quod
3452 5903 3502 5956 in
3549 5902 3653 5958 line
3710 5904 3893 5973 prima:
3934 5900 4149 5959 dicitur,

2569 6004 2787 6075 perinde
2816 6003 2882 6059 de
2908 6002 3080 6073 prima
3125 6008 3284 6070 atque
3321 6006 3389 6055 de
3418 6000 3649 6056 secunda
3694 6015 3798 6056 non
3827 6010 3981 6070 posse
4023 6009 4149 6046 ουιν
