4506 6704
406 557 512 608 9.73
533 567 560 599 ιι

409 669 526 722 cedi
549 669 794 723 dicturus
815 676 951 722 erat.
979 666 1067 718 Sic
1085 663 1231 714 enim
1251 660 1477 728 primam
1505 661 1804 728 parmnesin
1826 660 1980 709 clan-

409 757 524 811 dit:
561 761 780 810 Tantum
821 774 882 810 ne
920 755 1181 819 desperes,
1217 764 1376 815 neque
1397 749 1668 801 concidas.
1705 751 1816 800 Hoc
1844 744 1984 796 enim

410 853 504 905 tibi
521 855 574 906 in
599 855 768 905 munis
789 847 1047 904 sermonis
1065 860 1372 911 congressu,
1391 842 1700 911 ubicumque
1726 850 1772 890 te
1794 836 1970 888 videro

407 957 457 1000 et
489 950 716 999 aliorum
741 946 900 996 etiam
918 954 1006 990 ore
1023 946 1247 1003 repetere
1273 953 1373 988 non
1391 935 1603 988 cessabo
1624 948 1641 984 .'
1666 930 1805 1000 quod
1828 930 1874 981 si
1897 947 1986 980 au-

410 1041 595 1096 dieris,
622 1037 742 1087 aliis
762 1031 988 1097 amplius
1009 1028 1250 1080 remediis
1271 1045 1373 1080 non
1395 1027 1584 1096 egebis.
1609 1023 1666 1076 In
1683 1024 1802 1075 loco
1819 1021 1986 1088 igitur

410 1137 528 1181 erat
557 1128 983 1192 (Iluysostomus
1004 1159 1019 1179 ,
1063 1119 1154 1172 ubi
1195 1135 1319 1171 eum
1348 1115 1638 1170 Theodoro
1669 1111 1902 1179 negotiis
1932 1119 1986 1164 et

411 1215 781 1284 voluptatibus
811 1211 1067 1264 iunnerso
1092 1210 1372 1278 congredi,
1411 1208 1702 1275 ipsumque
1735 1217 1867 1255 casu
1893 1200 1982 1252 of-

412 1309 633 1362 fendere
653 1313 706 1356 ct
733 1303 916 1356 videre
945 1311 1175 1371 poterat,
1204 1309 1365 1368 atque
1385 1297 1521 1348 adeo
1544 1291 1866 1345 Antiochiae.
1895 1291 1984 1343 ld-

412 1416 518 1465 que
546 1397 610 1447 de
639 1396 875 1448 secunda
902 1397 1100 1464 pariter
1125 1393 1374 1447 oratione
1400 1384 1693 1440 dicendum
1723 1402 1740 1436 ι
1766 1398 1926 1450 quam
1953 1397 1983 1434 a

410 1490 801 1556 Clu-ysostmno
822 1489 1019 1541 editam
1048 1496 1100 1541 et
1120 1487 1344 1539 Inissam
1379 1478 1548 1532 fuisse
1580 1476 1836 1542 opinatur
1868 1472 1983 1526 Til-

413 1578 706 1632 lcmoutius
735 1593 877 1631 anno
905 1577 1122 1632 circiter
1148 1573 1273 1624 369.
1311 1569 1465 1621 llunc
1488 1579 1620 1620 vero
1650 1578 1852 1616 annum
1885 1576 1986 1629 pro

413 1677 643 1736 utraque
667 1669 930 1736 partencsi
951 1668 1180 1719 libenter
1202 1671 1256 1716 et
1275 1677 1375 1730 ego
1396 1657 1682 1714 statuerim
1706 1673 1720 1720 ;
1752 1653 1988 1706 maxime

411 1763 542 1830 quia
573 1776 679 1813 non
707 1761 920 1812 videtur
948 1757 1091 1810 alius
1130 1753 1469 1808 commodior
1500 1763 1676 1802 annus
1698 1744 1930 1799 iudicari
1970 1760 1982 1796 :

412 1852 517 1906 etsi
551 1868 658 1904 non
689 1851 897 1903 modica
924 1847 1212 1900 ditlieultas
1246 1848 1504 1910 exsurgat
1534 1840 1679 1892 circa
1712 1837 1862 1890 illum
1899 1849 1987 1889 sa-

413 1959 569 1996 crum
594 1953 815 2002 cretum,
839 1941 926 1992 cui
959 1952 1154 1991 nomen
1185 1937 1445 1988 dederant
1468 1931 1707 1985 Joannes
1739 1929 1986 1997 Chryso-

415 2042 631 2090 stomus
650 2041 703 2086 et
729 2029 1054 2085 Theodorus
1085 2047 1097 2080 :
1124 2026 1217 2080 sed
1250 2024 1382 2076 illud
1409 2030 1685 2086 accurate,
1719 2028 1982 2089 quantum

418 2127 500 2179 fas
533 2126 657 2188 erit,
695 2124 1002 2177 excutictur
1032 2121 1085 2172 in
1121 2115 1243 2168 Vita
1269 2113 1647 2184 Cbrysostomi
1679 2110 1745 2165 ad
1777 2111 1986 2166 calcem

418 2217 581 2284 hujus
613 2215 868 2270 editionis
905 2206 1244 2265 adornanda.

491 2303 754 2358 Monitum
781 2303 1036 2356 lectorem
1061 2295 1240 2358 velim,
1267 2294 1432 2363 paulo
1462 2300 1587 2346 ante
1613 2292 1772 2345 linem
1798 2287 1987 2358 prinue

759 5895 1032 5959 Pyram.
1079 5894 1122 5955 ϐ
1138 5915 1195 5957 n.
1239 5885 1488 5955 XLV".

1864 536 2195 596 MONITUM.

3517 532 3622 586 276
3640 542 3669 572 ἰ

2096 653 2414 722 ρειτωηεείε,
2464 654 2669 707 scilicet
2718 651 2808 703 ubi
2851 649 3032 718 agitur
3076 647 3144 701 de
3193 647 3421 713 quodam
3467 650 3668 716 juvene

2093 745 2351 800 I’bmnice
2378 744 2577 798 Urbani
2603 743 2713 797 tilio
2735 741 2924 803 divite,
2950 741 3040 808 qui
3061 747 3347 810 postquam
3373 741 3668 795 admontes

2092 853 2214 890 cum
2242 833 2530 889 monachis
2555 834 2900 896 secessisset,
2928 831 3134 885 relictis
3154 839 3336 898 postea
3362 833 3665 892 monachis,

2092 933 2356 1000 voluptati
2380 937 2433 984 et
2459 930 2668 984 libidini
2690 931 2745 982 in
2775 927 2906 980 urbe
2924 926 3139 979 deditus
3161 934 3300 989 erat;
3323 926 3374 978 id
3395 926 3540 995 quod
3571 926 3668 977 ad-

2087 1026 2279 1093 jieitur
2303 1023 2369 1075 de
2395 1023 2601 1075 sanctis
2627 1022 2758 1074 viris
2782 1018 2873 1088 qui
2908 1018 3057 1070 illum
3083 1017 3149 1069 ad
3178 1016 3464 1084 pristinam
3498 1021 3664 1069 vitam

2093 1118 2352 1171 reducere
2379 1113 2679 1174 tentabant,
2705 1120 2757 1162 et
2784 1121 2841 1162 ut
2866 1109 3050 1162 Grzeca
3075 1109 3294 1170 habent,
3312 1107 3507 1159 εἴποτε
3532 1105 3666 1159 εἶδον

2093 1207 2325 1274 φανέντα
2348 1205 2440 1256 ἐπὶ
2454 1204 2552 1271 τῆς
2573 1203 2797 1271 ἀγορᾶς,
2820 1201 2911 1252 καὶ
2930 1201 3232 1269 προσῄεσαν
3250 1199 3341 1251 καὶ
3362 1199 3669 1267 ἠσπάζοντο

2094 1296 2260 1368 (quod
2281 1311 2380 1349 nos
2399 1293 2682 1353 vertimus,
2703 1294 2748 1345 si
2774 1293 2986 1361 quando
3014 1289 3242 1342 viderent
3271 1292 3323 1340 in
3353 1291 3491 1357 foro,
3521 1307 3667 1342 acce-

2091 1390 2282 1444 debant
2302 1401 2350 1442 et
2376 1385 2822 1455 amplectebantur
2847 1384 2984 1451 eum)
3003 1382 3404 1451 illud,inqnam,
3421 1397 3665 1435 ornumo-

2094 1483 2215 1536 dins
2240 1479 2377 1534 verti
2401 1493 2586 1547 posse,
2614 1474 2927 1527 accedebant
2948 1484 2998 1526 et
3020 1474 3328 1526 salutabant
3345 1489 3482 1528 eum.
3504 1471 3662 1524 Prior

2094 1574 2468 1642 interpretatio
2489 1573 2692 1640 optimc
2715 1567 3028 1637 quadraret,
3063 1565 3168 1619 nisi
3196 1581 3260 1620 ea
3286 1582 3406 1635 qua:
3430 1581 3551 1619 mox
3578 1581 3666 1619 se-

2094 1677 2335 1736 quuntur
2361 1665 2648 1733 posteriori
2673 1662 2844 1730 magis
2879 1659 3121 1712 faverent
3153 1674 3165 1709 :
3192 1667 3241 1709 et
3269 1658 3524 1722 principio
3549 1657 3664 1725 qui-

2094 1757 2209 1809 dem
2232 1754 2318 1807 ille
2347 1770 2475 1823 equo
2499 1761 2668 1805 vectus
2697 1751 3020 1815 insequentes
3040 1746 3161 1799 illos
3191 1745 3396 1812 oblique
3429 1744 3663 1811 alloque-

2095 1851 2271 1899 batur.
2298 1843 2451 1913 Equo
2477 1849 2688 1896 vectum
2713 1838 2955 1892 salutare
2985 1835 3198 1889 facilius
3228 1844 3331 1897 est,
3359 1849 3520 1904 quam
3550 1847 3666 1886 am-

2092 1940 2253 2010 plecti
2279 1956 2292 1991 :
2321 1937 2639 2003 ἁσπάζομαι
2669 1940 2848 1984 autem
2873 1937 3165 1997 utrumque
3193 1927 3484 1996 signiﬁcat.

2163 2027 2671 2098 interpretationem
2696 2023 2980 2090 utriusque
3005 2019 3242 2073 bomilia:
3257 2017 3326 2071 ab
3348 2018 3554 2071 incerto
3582 2014 3660 2067 in-

2093 2133 2330 2194 terprete
2365 2121 2561 2173 factam
2583 2157 2597 2181 ,
2641 2124 2830 2186 utpote
2865 2129 2974 2168 non
3006 2120 3316 2168 accuratam
3346 2109 3661 2180 rejecimus,

2096 2229 2399 2282 novamque
2430 2209 2763 2280 paravimus.

3293 5856 3368 5918 15
