4506 6706
468 543 576 596 εἶτ

1592 534 1683 586 AD
1726 532 2154 588 THEUDURUM
2201 529 2495 586 LAPSUM.
2539 530 2582 583 ι.

1379 1045 1799 1141 SANCTI
1875 1044 2297 1136 PATRIS
2371 1038 2818 1133 NOSTRI

478 1415 1606 1636 JOANNIS
1708 1401 3715 1658 CHRYSOSTOMI,

1288 1884 1896 1950 ABCHIEPISCOPI
1937 1880 2917 1954 CONSTANTINOPOLITANI,

1397 2206 2031 2373 OPERA
2127 2203 2793 2362 OMNIA.

579 2954 1185 3051 PAR/ENESIS‘
1254 2962 1488 3043 SlVE
1565 2957 2236 3038 ADHORTATIO
2309 2962 2443 3038 AD
2515 2959 3177 3045 THEODOBUM
3248 2964 3693 3046 LAPSUM.

582 3777 709 3844 Qui:
752 3772 889 3826 dabit
930 3770 1085 3839 capiti
1125 3783 1234 3821 meo
1262 3781 1466 3835 aquarii,
1492 3773 1537 3818 et
1562 3763 1721 3817 oculis
1742 3762 1863 3814 meis
1892 3764 2080 3831 fontem

510 3870 847 3935 lacrymarttm
872 3859 1003 3931 (Jer.
1036 3860 1091 3915 9.
1128 3858 1219 3926 ην
1251 3857 1301 3910 id
1351 3856 1505 3925 longe
1547 3853 1896 3922 opportunius
1940 3866 2079 3905 nunc

509 3961 703 4023 dicam,
730 3970 887 4026 quam
919 3953 1003 4007 ille
1021 3950 1285 4020 quondam
1320 3948 1593 4017 pr0pbeta.
1620 3945 1760 3999 Licet
1803 3944 1943 3997 enim
1969 3957 2078 3997 non

510 4051 670 4104 urbes
735 4046 992 4115 plurimm,
1064 4056 1171 4096 non
1235 4048 1418 4110 gentes
1464 4038 1680 4106 integra:
1740 4033 2080 4101 deplorandae

512 4139 643 4193 mibi
686 4140 821 4198 sint,
871 4142 927 4187 at
963 4131 1193 4186 animam
1230 4129 1404 4184 defleo
1443 4124 1739 4197 hujusmodi
1780 4124 2082 4177 nationibus

514 4229 763 4299 dignitate
784 4238 983 4294 parem,
1012 4222 1117 4275 imo
1143 4220 1302 4274 etiam
1334 4217 1725 4287 pretiosiorem.
1750 4212 1882 4267 Nam
1922 4212 1968 4266 si
1999 4212 2082 4267 vel

515 4336 653 4376 unus
676 4319 765 4388 qui
786 4318 1106 4369 voluntatem
1131 4312 1222 4366 Dei
1246 4311 1403 4365 faciat
1419 4308 1686 4365 sexcentis
1701 4306 1876 4373 impiis
1897 4305 2084 4359 melior

515 4420 617 4476 est,
644 4427 773 4465 sane
799 4419 854 4462 tu
883 4406 1069 4461 melior
1088 4412 1238 4457 antea
1266 4416 1387 4456 eras
1420 4400 1708 4455 innumeris
1751 4398 1856 4450 illis
1874 4395 2086 4451 Judwo-

516 4517 633 4556 rum
680 4498 931 4551 millibus.
960 4494 1317 4561 Quamobrem
1346 4506 1504 4544 nemo
1545 4488 1673 4542 mihi
1711 4486 1839 4539 vitio
1878 4493 2084 4550 vertat,

519 4592 656 4662 quod
696 4588 875 4642 fletum
930 4599 1193 4639 assumam
1241 4582 1396 4650 longe
1440 4579 1693 4647 majorem
1720 4616 1738 4641 ,
1780 4575 2091 4644 luctumque

520 4681 865 4742 acerbiorem,
909 4691 1066 4745 quam
1107 4675 1194 4727 ille
1238 4672 1496 4742 propheta
1521 4670 1685 4724 literis
1710 4666 1939 4721 dederit.
1970 4667 2087 4722 Non

520 4774 660 4829 enim
704 4770 887 4823 urbem
913 4780 1152 4819 eversam
1182 4764 1357 4831 lugeo,
1390 4778 1495 4814 non
1524 4760 1881 4830 improborum
1912 4758 2088 4812 homi-

522 4882 668 4922 mum
695 4860 1072 4929 captivitatem,
1113 4854 1204 4908 sed
1226 4855 1414 4906 anima:
1454 4867 1622 4907 sacra:
1665 4850 1997 4916 vastitatem,
2028 4866 2091 4904 ac

523 4952 818 5010 Cbristiferi
865 4946 1049 5016 templi
1092 4945 1354 5000 excidium
1400 4953 1556 5011 atque
1603 4944 1829 4997 ruinam.
1871 4942 1927 4997 Si
1973 4944 2093 5012 quis

526 5049 668 5102 enim
691 5050 935 5099 ornatum
966 5037 1155 5092 mentis
1185 5045 1305 5098 tua),
1336 5049 1493 5104 quem
1520 5048 1660 5087 nunc
1684 5033 1885 5086 exussit
1904 5033 2094 5088 diabo-

527 5137 640 5201 lus,
664 5151 782 5189 cum
810 5130 1093 5203 splendore
1113 5126 1332 5196 fulgeret
1355 5125 1519 5194 probe
1548 5124 1772 5189 noverit,
1801 5139 1978 5179 annon
2017 5126 2099 5178 in-

529 5228 786 5294 gemiscat
812 5232 867 5277 et
891 5219 1161 5292 prepheta:
1203 5216 1374 5270 luctus
1419 5222 1669 5284 usurpet;
1699 5215 1745 5268 si
1773 5230 1967 5285 nempe
2004 5231 2099 5269 au-

598 5362 614 5390 ⁸
642 5360 691 5407 ln
710 5360 800 5407 hac
825 5356 1132 5406 emendanda
1156 5353 1391 5412 paraenesi
1413 5353 1485 5400 usi
1509 5366 1679 5400 sumus
1700 5357 1911 5412 quatuor
1934 5352 2115 5401 codici-

533 5418 628 5467 bus
652 5421 820 5479 Regiis
840 5428 893 5467 et
916 5426 1122 5479 quatuor
1143 5415 1453 5465 Colberlinis.
1468 5413 1804 5479 .Unuergius
1824 5422 1876 5463 et
1894 5415 1992 5463 duo
2009 5417 2116 5479 t'ol-

536 5474 959 5529 berliniltabent':
1004 5480 1154 5537 Λόγος
1186 5474 1511 5538 παραινετιξιὸς
1537 5476 1583 5522 ἐν
1606 5474 1717 5523 εἷδεὶ
1757 5476 2025 5538 ἐπιστολῆς
2052 5477 2117 5529 εἰς

539 5541 805 5601 Θεόδωρον,
818 5550 912 5590 etc.
930 5540 1068 5589 Alius
1088 5536 1245 5601 Colb..
1258 5536 1337 5590 Εἰς
1358 5536 1605 5601 Θεόδῳρργ
1620 5538 1833 5593 ἀσκητήν
1856 5537 2117 5601 ἐμπεσόντα

542 5601 656 5661 πρὸς
683 5598 943 5660 μετάνοιαν.
984 5603 1081 5650 Alii
1121 5608 1173 5648 ut
1200 5600 1246 5646 in
1272 5604 1430 5661 texlu.
1461 5598 1697 5661 Savilius,
1722 5600 1836 5659 πρὸς
1868 5599 2115 5661 Θεόδωρον

543 5657 802 5726 έίπεόᾲντα
825 5662 910 5710 τοῦ
936 5665 1151 5726 ἐναρέτου
1175 5661 1277 5725 βίου
1296 5660 1432 5726 λόχος
1457 5657 1684 5726 β’..Οιιρᾳ
1712 5657 1875 5705 autem
1907 5659 2011 5707 hac
2034 5657 2117 5726 pa-

546 5724 746 5785 κινηθείς
768 5726 979 5785 secunda
1003 5720 1209 5785 ponatur
1230 5726 1279 5771 in
1299 5721 1515 5785 editione
1528 5720 1787 5785 Saviliana:
1802 5732 1972 5785 errore
1991 5722 2119 5768 acci-

550 5784 668 5831 tisse
679 5790 906 5831 monetur
934 5784 985 5832 in
1005 5778 1136 5835 notis
1160 5785 1376 5849 ejusdem
1399 5782 1517 5831 edit.
1536 5778 1658 5830 Vide
1681 5782 1729 5828 in
1744 5778 1927 5829 Monito
1948 5795 2113 5844 supra.

2187 3763 2346 3818 dierit
2393 3765 2646 3821 barbaras
2689 3782 2875 3823 manus
2918 3780 3103 3825 saneta
3147 3782 3451 3831 sanctorum
3497 3781 3761 3848 polluisse.

2186 3865 2241 3909 et
2271 3855 2524 3924 subjectis
2560 3858 2768 3926 ignibus
2792 3861 2970 3914 omnia
2995 3864 3370 3932 eombussisse,
3408 3869 3696 3927 Cberubim
3720 3876 3761 3938 ',

2186 3959 2390 4012 arcam,
2443 3949 2886 4016 propitiatorium.
2928 3951 3159 4021 lapideas
3186 3957 3407 4019 tabulas,
3439 3976 3623 4014 urnam
3670 3978 3763 4016 au-

2188 4035 2376 4089 ream?
2407 4035 2532 4091 ﬂzec
2554 4039 2834 4107 siquidem,
2860 4039 2974 4095 tunc
2997 4044 3269 4099 calamitas
3293 4056 3441 4102 tanto
3481 4050 3568 4102 illa
3614 4068 3764 4107 acer-

2190 4123 2310 4179 bior
2333 4134 2435 4193 est,
2448 4136 2645 4196 quanto
2673 4130 2984 4197 pretiosiora
3011 4134 3114 4187 illis
3139 4136 3378 4204 symbola
3401 4139 3455 4192 in
3483 4142 3658 4195 anima
3684 4153 3767 4196 tua

2193 4216 2515 4272 residebant.
2548 4219 2660 4275 Hoc
2703 4223 2957 4292 templum
2996 4226 3088 4278 illo
3126 4228 3362 4283 sanctius
3412 4241 3526 4285 erat
3555 4252 3569 4287 :
3600 4251 3770 4304 neque

2193 4307 2336 4360 enim
2379 4322 2511 4364 auro
2554 4311 2637 4364 vel
2686 4323 2928 4381 argento,
2975 4314 3069 4367 sed
3110 4313 3336 4382 Spiritus
3381 4324 3549 4388 gratia
3597 4322 3768 4393 fulge-

2196 4398 2303 4461 bat,
2332 4413 2395 4451 ac
2424 4414 2522 4467 pro
2549 4416 2669 4455 arca
2701 4412 2756 4457 et
2779 4404 3067 4459 Cberubim
3107 4407 3375 4463 Christum
3420 4412 3639 4483 ejusque
3677 4415 3749 4469 Pa

2198 4498 2330 4542 trem
2352 4498 2510 4556 atque
2535 4490 2866 4545 Paraeletum
2898 4493 3081 4548 habuit
3108 4497 3513 4553 inhabitantem.

2267 4578 2463 4632 Anima:
2489 4580 2649 4649 lapse
2671 4590 2849 4636 status.
2875 4612 2947 4623 —
2972 4585 3041 4637 At
3069 4600 3207 4639 nunc
3233 4602 3339 4641 non
3376 4589 3449 4643 ita
3490 4604 3550 4644 se
3582 4590 3774 4657 habet;

2196 4670 2288 4724 sed
2303 4668 2570 4724 desertum
2583 4672 2797 4740 quidem
2816 4684 2897 4727 est
2916 4676 3271 4747 nudatumque
3286 4681 3673 4749 pulchritudine
3694 4686 3779 4738 illa

2196 4770 2353 4829 atque
2368 4760 2582 4829 decore,
2596 4763 2774 4817 divino
2796 4764 3146 4834 ineffabilique
3162 4780 3351 4823 ornatu
3372 4772 3674 4839 spoliatum:
3694 4790 3753 4827 va
3770 4807 3781 4813 -

2200 4867 2354 4907 cuum
2395 4863 2572 4908 autem
2617 4856 2757 4907 omni
2799 4857 3083 4910 securitate
3126 4867 3285 4927 atque
3329 4864 3588 4930 custodia,
3628 4868 3779 4920 itaut

2202 4960 2375 5012 neque
2392 4945 2549 5013 janua
2591 4959 2760 5011 neque
2796 4946 2959 4998 vectis
3002 4946 3160 5012 adsit,
3183 4950 3276 5002 sed
3317 4960 3492 5020 pateat
3530 4958 3775 5011 omnibus

2202 5039 2391 5091 animm
2408 5037 2643 5091 exitiosis
2660 5034 2920 5105 fmdisque
2939 5040 3363 5107 cogitationibus.
3384 5043 3506 5099 Sive
3526 5061 3748 5116 arrogant
3763 5080 3780 5088 ‹

2206 5130 2292 5180 tia:
2308 5169 2322 5191 ,
2353 5129 2465 5181 sive
2486 5126 2869 5193 fornicationis,
2890 5129 3001 5182 sive
3021 5131 3253 5184 avaritiae
3275 5134 3491 5200 spiritus
3508 5174 3523 5198 ,
3544 5138 3656 5191 sive
3678 5139 3777 5194 illis

2206 5220 2499 5274 deteriores
2544 5220 2742 5274 intrare
2782 5220 3061 5283 voluerint,
3089 5236 3245 5275 nemo
3274 5223 3593 5291 prohibebit.
3625 5229 3776 5283 Prius

2208 5325 2355 5373 vero,
2371 5310 2816 5379 quemadmodum
2838 5310 3028 5364 caelum
3060 5309 3143 5363 bis
3177 5314 3425 5369 omnibus
3454 5317 3782 5373 inaccessum

2210 5409 2311 5465 est,
2341 5402 2410 5454 ita
2440 5411 2491 5455 et
2516 5402 2715 5471 puritas
2749 5402 2938 5455 mentis
2977 5411 3099 5454 ture.
3129 5402 3195 5456 Et
3229 5404 3452 5460 fortasse
3496 5406 3782 5464 incredibi-

2276 5539 2293 5569 ¹
2328 5544 2456 5585 Unus
2481 5546 2603 5597 1:55.,
2638 5534 2886 5601 cherubim
2910 5534 3036 5584 dico.
3075 5544 3180 5601 M_OX_
3198 5550 3324 5601 unus
3359 5551 3467 5587 cum
3497 5539 3659 5601 Savil.,
3697 5556 3785 5591 an-

2214 5612 2365 5658 ream,
2394 5612 2587 5663 sacrum
2616 5597 3205 5663 continentemsncerdotis
3226 5599 3351 5648 tlms.
3377 5601 3504 5650 Alius
3535 5597 3660 5663 post,
3697 5619 3784 5653 an-

2214 5657 2367 5720 ream,
2403 5661 2549 5717 addit,
2588 5673 2679 5708 non
2720 5657 2885 5723 effudit
2920 5660 3183 5723 tacryqtam
3210 5657 3551 5723 sympathiam}
3572 5665 3595 5714 ν
3616 5657 3781 5716 mea

2215 5719 2523 5772 consentiunt
2544 5735 2653 5773 cum
2677 5719 2890 5772 editione
2917 5719 3185 5771 Morélliana
3206 5719 3343 5782 cisju}
3378 5730 3638 5776 ιυςυυυυω
3660 5743 3781 5779 τευ-

2166 5831 2171 5836 _
2216 5794 2405 5829 nemus.
