  <div class='ocr_page' id='page_1' title='image "/cluster/home/n/w/nwhite01/storage/ocr_20150623/47/hvd.32044025239690/237.png"; bbox 0 0 4506 6722; ppageno 0'>
   <div class='ocr_carea' id='block_1_1' title="bbox 759 541 4036 610">
    <p class='ocr_par' dir='ltr' id='par_1_1' title="bbox 759 541 4036 610">
     <span class='ocr_line' id='line_1_1' title="bbox 759 541 4036 610; baseline 0.004 -18"><span class='ocrx_word' id='word_1_1' title='bbox 759 555 865 610; x_wconf 62' lang='lat'><strong>3&#39;73</strong></span> <span class='ocrx_word' id='word_1_2' title='bbox 1504 544 1557 597; x_wconf 90' lang='lat' dir='ltr'><strong>S.</strong></span> <span class='ocrx_word' id='word_1_3' title='bbox 1599 542 1875 597; x_wconf 59' lang='lat' dir='ltr'><strong>JOANNlS</strong></span> <span class='ocrx_word' id='word_1_4' title='bbox 1898 543 2366 599; x_wconf 60' lang='lat' dir='ltr'><strong>CllllYSO‘STONil</strong></span> <span class='ocrx_word' id='word_1_5' title='bbox 2409 541 2725 599; x_wconf 73' lang='lat' dir='ltr'><strong>ARCHIEP.</strong></span> <span class='ocrx_word' id='word_1_6' title='bbox 2763 543 3291 603; x_wconf 73' lang='lat' dir='ltr'><strong>CONSTANTINOP.</strong></span> <span class='ocrx_word' id='word_1_7' title='bbox 3934 552 4036 608; x_wconf 68' lang='lat'><strong>280</strong></span> 
     </span>
    </p>
   </div>
   <div class='ocr_carea' id='block_1_2' title="bbox 760 659 2337 729">
    <p class='ocr_par' dir='ltr' id='par_1_2' title="bbox 760 659 2337 729">
     <span class='ocr_line' id='line_1_2' title="bbox 760 659 2337 729; baseline -0.008 -9"><span class='ocrx_word' id='word_1_8' title='bbox 760 669 828 720; x_wconf 64' lang='lat' dir='ltr'><strong>lia</strong></span> <span class='ocrx_word' id='word_1_9' title='bbox 862 665 1057 719; x_wconf 59' lang='lat' dir='ltr'><strong>dixisse</strong></span> <span class='ocrx_word' id='word_1_10' title='bbox 1101 662 1320 718; x_wconf 79' lang='lat' dir='ltr'><strong>videbor</strong></span> <span class='ocrx_word' id='word_1_11' title='bbox 1367 661 1448 720; x_wconf 83' lang='lat' dir='ltr'><strong>iiS.</strong></span> <span class='ocrx_word' id='word_1_12' title='bbox 1491 660 1580 729; x_wconf 99' lang='lat' dir='ltr'><strong>qui</strong></span> <span class='ocrx_word' id='word_1_13' title='bbox 1630 674 1771 715; x_wconf 89' lang='lat' dir='ltr'><strong>nunc</strong></span> <span class='ocrx_word' id='word_1_14' title='bbox 1817 659 2001 712; x_wconf 85' lang='lat' dir='ltr'><strong>vident</strong></span> <span class='ocrx_word' id='word_1_15' title='bbox 2042 660 2337 710; x_wconf 70' lang='lat' dir='ltr'><strong>vastitatem</strong></span> 
     </span>
    </p>
   </div>
   <div class='ocr_carea' id='block_1_3' title="bbox 760 749 2343 824">
    <p class='ocr_par' dir='ltr' id='par_1_3' title="bbox 760 749 2343 824">
     <span class='ocr_line' id='line_1_3' title="bbox 760 749 2343 824; baseline -0.004 -15"><span class='ocrx_word' id='word_1_16' title='bbox 760 758 1271 824; x_wconf 82' lang='lat' dir='ltr'><strong>subversionemquc</strong></span> <span class='ocrx_word' id='word_1_17' title='bbox 1300 766 1441 808; x_wconf 82' lang='lat' dir='ltr'><strong>luant</strong></span> <span class='ocrx_word' id='word_1_18' title='bbox 1477 773 1487 805; x_wconf 95' lang='lat'>:</span> <span class='ocrx_word' id='word_1_19' title='bbox 1525 763 1850 823; x_wconf 86' lang='lat' dir='ltr'><strong>quapropter</strong></span> <span class='ocrx_word' id='word_1_20' title='bbox 1896 768 2036 806; x_wconf 90' lang='lat' dir='ltr'><strong>nunc</strong></span> <span class='ocrx_word' id='word_1_21' title='bbox 2069 750 2223 803; x_wconf 85' lang='lat' dir='ltr'><strong>doleo</strong></span> <span class='ocrx_word' id='word_1_22' title='bbox 2264 749 2343 802; x_wconf 90' lang='lat' dir='ltr'><strong>lu-</strong></span> 
     </span>
    </p>
   </div>
   <div class='ocr_carea' id='block_1_4' title="bbox 757 839 2341 919">
    <p class='ocr_par' dir='ltr' id='par_1_4' title="bbox 757 839 2341 919">
     <span class='ocr_line' id='line_1_4' title="bbox 757 839 2341 919; baseline -0.009 -15"><span class='ocrx_word' id='word_1_23' title='bbox 757 864 985 919; x_wconf 56' lang='lat' dir='ltr'><strong>geoque,</strong></span> <span class='ocrx_word' id='word_1_24' title='bbox 1027 862 1197 915; x_wconf 88' lang='lat' dir='ltr'><strong>neque</strong></span> <span class='ocrx_word' id='word_1_25' title='bbox 1240 846 1397 899; x_wconf 86' lang='lat' dir='ltr'><strong>linem</strong></span> <span class='ocrx_word' id='word_1_26' title='bbox 1443 846 1653 913; x_wconf 74' lang='lat' dir='ltr'><strong>lugendi</strong></span> <span class='ocrx_word' id='word_1_27' title='bbox 1706 843 1896 897; x_wconf 78' lang='lat' dir='ltr'><strong>faciam</strong></span> <span class='ocrx_word' id='word_1_28' title='bbox 1944 843 2117 896; x_wconf 89' lang='lat' dir='ltr'><strong>donec</strong></span> <span class='ocrx_word' id='word_1_29' title='bbox 2151 842 2201 894; x_wconf 94' lang='lat' dir='ltr'><strong>in</strong></span> <span class='ocrx_word' id='word_1_30' title='bbox 2233 839 2341 908; x_wconf 87' lang='lat' dir='ltr'><strong>pri-</strong></span> 
     </span>
    </p>
   </div>
   <div class='ocr_carea' id='block_1_5' title="bbox 758 932 2341 1006">
    <p class='ocr_par' dir='ltr' id='par_1_5' title="bbox 758 932 2341 1006">
     <span class='ocr_line' id='line_1_5' title="bbox 758 932 2341 1006; baseline -0.006 -17"><span class='ocrx_word' id='word_1_31' title='bbox 758 940 897 991; x_wconf 80' lang='lat' dir='ltr'><strong>stino</strong></span> <span class='ocrx_word' id='word_1_32' title='bbox 932 948 983 993; x_wconf 89' lang='lat' dir='ltr'><strong>te</strong></span> <span class='ocrx_word' id='word_1_33' title='bbox 1023 938 1306 1006; x_wconf 88' lang='lat' dir='ltr'><strong>splendore</strong></span> <span class='ocrx_word' id='word_1_34' title='bbox 1354 938 1555 989; x_wconf 79' lang='lat' dir='ltr'><strong>videro.</strong></span> <span class='ocrx_word' id='word_1_35' title='bbox 1598 935 1745 989; x_wconf 81' lang='lat' dir='ltr'><strong>Licet</strong></span> <span class='ocrx_word' id='word_1_36' title='bbox 1783 934 1926 988; x_wconf 89' lang='lat' dir='ltr'><strong>enim</strong></span> <span class='ocrx_word' id='word_1_37' title='bbox 1978 934 2029 987; x_wconf 89' lang='lat' dir='ltr'><strong>id</strong></span> <span class='ocrx_word' id='word_1_38' title='bbox 2070 932 2341 985; x_wconf 82' lang='lat' dir='ltr'><strong>hominum</strong></span> 
     </span>
    </p>
   </div>
   <div class='ocr_carea' id='block_1_6' title="bbox 758 1024 2340 1099">
    <p class='ocr_par' dir='ltr' id='par_1_6' title="bbox 758 1024 2340 1099">
     <span class='ocr_line' id='line_1_6' title="bbox 758 1024 2340 1099; baseline -0.004 -18"><span class='ocrx_word' id='word_1_39' title='bbox 758 1032 1064 1085; x_wconf 88' lang='lat' dir='ltr'><strong>tacnltatcm</strong></span> <span class='ocrx_word' id='word_1_40' title='bbox 1117 1046 1371 1099; x_wconf 89' lang='lat' dir='ltr'><strong>superare</strong></span> <span class='ocrx_word' id='word_1_41' title='bbox 1415 1029 1697 1091; x_wconf 69' lang='lat' dir='ltr'><strong>videatur,</strong></span> <span class='ocrx_word' id='word_1_42' title='bbox 1751 1028 1860 1080; x_wconf 92' lang='lat' dir='ltr'><strong>Deo</strong></span> <span class='ocrx_word' id='word_1_43' title='bbox 1923 1034 2098 1081; x_wconf 71' lang='lat' dir='ltr'><strong>tamen</strong></span> <span class='ocrx_word' id='word_1_44' title='bbox 2163 1024 2340 1077; x_wconf 81' lang='lat' dir='ltr'><strong>omnia</strong></span> 
     </span>
    </p>
   </div>
   <div class='ocr_carea' id='block_1_7' title="bbox 755 1116 2338 1188">
    <p class='ocr_par' dir='ltr' id='par_1_7' title="bbox 755 1116 2338 1188">
     <span class='ocr_line' id='line_1_7' title="bbox 755 1116 2338 1188; baseline -0.006 -14"><span class='ocrx_word' id='word_1_45' title='bbox 755 1122 927 1175; x_wconf 84' lang='lat' dir='ltr'><strong>facilia</strong></span> <span class='ocrx_word' id='word_1_46' title='bbox 956 1131 1097 1175; x_wconf 89' lang='lat' dir='ltr'><strong>sunt.</strong></span> <span class='ocrx_word' id='word_1_47' title='bbox 1119 1120 1233 1188; x_wconf 83' lang='lat' dir='ltr'><strong>ipse</strong></span> <span class='ocrx_word' id='word_1_48' title='bbox 1257 1120 1396 1171; x_wconf 91' lang='lat' dir='ltr'><strong>enim</strong></span> <span class='ocrx_word' id='word_1_49' title='bbox 1421 1133 1501 1171; x_wconf 66' lang='grc' dir='ltr'><strong>εει</strong></span> <span class='ocrx_word' id='word_1_50' title='bbox 1526 1118 1626 1183; x_wconf 83' lang='lat' dir='ltr'><strong>Qui</strong></span> <span class='ocrx_word' id='word_1_51' title='bbox 1647 1119 1853 1170; x_wconf 88' lang='lat' dir='ltr'><strong>suscitat</strong></span> <span class='ocrx_word' id='word_1_52' title='bbox 1879 1116 1942 1168; x_wconf 81' lang='lat' dir='ltr'><strong>de</strong></span> <span class='ocrx_word' id='word_1_53' title='bbox 1962 1128 2094 1169; x_wconf 80' lang='lat' dir='ltr'><strong>terra</strong></span> <span class='ocrx_word' id='word_1_54' title='bbox 2117 1117 2338 1184; x_wconf 85' lang='lat' dir='ltr'><strong>inopem,</strong></span> 
     </span>
    </p>
   </div>
   <div class='ocr_carea' id='block_1_8' title="bbox 751 1207 2340 1280">
    <p class='ocr_par' dir='ltr' id='par_1_8' title="bbox 751 1207 2340 1280">
     <span class='ocr_line' id='line_1_8' title="bbox 751 1207 2340 1280; baseline -0.007 -15"><span class='ocrx_word' id='word_1_55' title='bbox 751 1225 798 1266; x_wconf 76' lang='lat' dir='ltr'><strong>et</strong></span> <span class='ocrx_word' id='word_1_56' title='bbox 823 1215 882 1265; x_wconf 81' lang='lat' dir='ltr'><strong>de</strong></span> <span class='ocrx_word' id='word_1_57' title='bbox 904 1224 1118 1265; x_wconf 81' lang='lat' dir='ltr'><strong>stercore</strong></span> <span class='ocrx_word' id='word_1_58' title='bbox 1144 1211 1289 1280; x_wconf 78' lang='lat' dir='ltr'><strong>erigit</strong></span> <span class='ocrx_word' id='word_1_59' title='bbox 1314 1227 1614 1279; x_wconf 86' lang='lat' dir='ltr'><strong>pauperem,</strong></span> <span class='ocrx_word' id='word_1_60' title='bbox 1636 1218 1687 1260; x_wconf 88' lang='lat' dir='ltr'><strong>ut</strong></span> <span class='ocrx_word' id='word_1_61' title='bbox 1714 1224 1828 1260; x_wconf 85' lang='lat' dir='ltr'><strong>eum</strong></span> <span class='ocrx_word' id='word_1_62' title='bbox 1847 1208 2022 1261; x_wconf 82' lang='lat' dir='ltr'><strong>sedere</strong></span> <span class='ocrx_word' id='word_1_63' title='bbox 2049 1207 2205 1275; x_wconf 79' lang='lat' dir='ltr'><strong>faciat</strong></span> <span class='ocrx_word' id='word_1_64' title='bbox 2226 1220 2340 1256; x_wconf 89' lang='lat' dir='ltr'><strong>cum</strong></span> 
     </span>
    </p>
   </div>
   <div class='ocr_carea' id='block_1_9' title="bbox 754 1294 2340 1371">
    <p class='ocr_par' dir='ltr' id='par_1_9' title="bbox 754 1294 2340 1371">
     <span class='ocr_line' id='line_1_9' title="bbox 754 1294 2340 1371; baseline -0.006 -15"><span class='ocrx_word' id='word_1_65' title='bbox 754 1302 1082 1371; x_wconf 82' lang='lat' dir='ltr'><strong>principibus,</strong></span> <span class='ocrx_word' id='word_1_66' title='bbox 1133 1317 1245 1352; x_wconf 88' lang='lat' dir='ltr'><strong>cum</strong></span> <span class='ocrx_word' id='word_1_67' title='bbox 1286 1298 1598 1369; x_wconf 86' lang='lat' dir='ltr'><strong>principibus</strong></span> <span class='ocrx_word' id='word_1_68' title='bbox 1638 1296 1813 1366; x_wconf 83' lang='lat' dir='ltr'><strong>pepuli</strong></span> <span class='ocrx_word' id='word_1_69' title='bbox 1850 1300 1948 1349; x_wconf 84' lang='lat' dir='ltr'><strong>sui.</strong></span> <span class='ocrx_word' id='word_1_70' title='bbox 1993 1299 2109 1366; x_wconf 85' lang='lat' dir='ltr'><strong>Ipse</strong></span> <span class='ocrx_word' id='word_1_71' title='bbox 2146 1294 2340 1362; x_wconf 82' lang='lat' dir='ltr'><strong>estqui</strong></span> 
     </span>
    </p>
   </div>
   <div class='ocr_carea' id='block_1_10' title="bbox 752 1386 2342 1462">
    <p class='ocr_par' dir='ltr' id='par_1_10' title="bbox 752 1386 2342 1462">
     <span class='ocr_line' id='line_1_10' title="bbox 752 1386 2342 1462; baseline -0.005 -17"><span class='ocrx_word' id='word_1_72' title='bbox 752 1395 977 1446; x_wconf 84' lang='lat' dir='ltr'><strong>habitare</strong></span> <span class='ocrx_word' id='word_1_73' title='bbox 1004 1392 1125 1462; x_wconf 79' lang='lat' dir='ltr'><strong>facit</strong></span> <span class='ocrx_word' id='word_1_74' title='bbox 1152 1391 1373 1445; x_wconf 77' lang='lat' dir='ltr'><strong>sterilem</strong></span> <span class='ocrx_word' id='word_1_75' title='bbox 1403 1391 1454 1441; x_wconf 88' lang='lat' dir='ltr'><strong>in</strong></span> <span class='ocrx_word' id='word_1_76' title='bbox 1474 1389 1644 1449; x_wconf 81' lang='lat' dir='ltr'><strong>domo,</strong></span> <span class='ocrx_word' id='word_1_77' title='bbox 1675 1396 1887 1440; x_wconf 80' lang='lat' dir='ltr'><strong>matrem</strong></span> <span class='ocrx_word' id='word_1_78' title='bbox 1915 1388 1978 1440; x_wconf 85' lang='lat' dir='ltr'><strong>de</strong></span> <span class='ocrx_word' id='word_1_79' title='bbox 2002 1387 2123 1452; x_wconf 79' lang='lat' dir='ltr'><strong>ﬁliis</strong></span> <span class='ocrx_word' id='word_1_80' title='bbox 2162 1386 2342 1437; x_wconf 74' lang='lat' dir='ltr'><strong>lwtan-</strong></span> 
     </span>
    </p>
   </div>
   <div class='ocr_carea' id='block_1_11' title="bbox 752 1474 2338 1553">
    <p class='ocr_par' dir='ltr' id='par_1_11' title="bbox 752 1474 2338 1553">
     <span class='ocr_line' id='line_1_11' title="bbox 752 1474 2338 1553; baseline -0.006 -17"><span class='ocrx_word' id='word_1_81' title='bbox 752 1494 845 1537; x_wconf 83' lang='lat' dir='ltr'><strong>tem</strong></span> <span class='ocrx_word' id='word_1_82' title='bbox 870 1483 1040 1553; x_wconf 80' lang='lat' dir='ltr'><strong>(Psat.</strong></span> <span class='ocrx_word' id='word_1_83' title='bbox 1079 1483 1195 1537; x_wconf 75' lang='lat' dir='ltr'><strong>H2.</strong></span> <span class='ocrx_word' id='word_1_84' title='bbox 1226 1479 1363 1550; x_wconf 79' lang='lat'><strong>7-9).</strong></span> <span class='ocrx_word' id='word_1_85' title='bbox 1394 1480 1575 1547; x_wconf 83' lang='lat' dir='ltr'><strong>Itaque</strong></span> <span class='ocrx_word' id='word_1_86' title='bbox 1606 1495 1670 1531; x_wconf 79' lang='lat' dir='ltr'><strong>ne</strong></span> <span class='ocrx_word' id='word_1_87' title='bbox 1692 1479 1949 1547; x_wconf 88' lang='lat' dir='ltr'><strong>desperes</strong></span> <span class='ocrx_word' id='word_1_88' title='bbox 1976 1486 2024 1531; x_wconf 92' lang='lat' dir='ltr'><strong>te</strong></span> <span class='ocrx_word' id='word_1_89' title='bbox 2048 1476 2113 1528; x_wconf 90' lang='lat' dir='ltr'><strong>ad</strong></span> <span class='ocrx_word' id='word_1_90' title='bbox 2139 1474 2338 1544; x_wconf 89' lang='lat' dir='ltr'><strong>optima</strong></span> 
     </span>
    </p>
   </div>
   <div class='ocr_carea' id='block_1_12' title="bbox 750 1564 2335 1633">
    <p class='ocr_par' dir='ltr' id='par_1_12' title="bbox 750 1564 2335 1633">
     <span class='ocr_line' id='line_1_12' title="bbox 750 1564 2335 1633; baseline -0.007 -6"><span class='ocrx_word' id='word_1_91' title='bbox 750 1572 1132 1627; x_wconf 84' lang='lat' dir='ltr'><strong>immutamluni</strong></span> <span class='ocrx_word' id='word_1_92' title='bbox 1160 1585 1297 1625; x_wconf 89' lang='lat' dir='ltr'><strong>esse.</strong></span> <span class='ocrx_word' id='word_1_93' title='bbox 1333 1570 1389 1624; x_wconf 81' lang='lat' dir='ltr'><strong>Si</strong></span> <span class='ocrx_word' id='word_1_94' title='bbox 1430 1569 1572 1623; x_wconf 90' lang='lat' dir='ltr'><strong>enim</strong></span> <span class='ocrx_word' id='word_1_95' title='bbox 1601 1568 1845 1622; x_wconf 81' lang='lat' dir='ltr'><strong>diabolus</strong></span> <span class='ocrx_word' id='word_1_96' title='bbox 1892 1577 2091 1621; x_wconf 89' lang='lat' dir='ltr'><strong>tantum</strong></span> <span class='ocrx_word' id='word_1_97' title='bbox 2142 1564 2335 1633; x_wconf 91' lang='lat' dir='ltr'><strong>potuit,</strong></span> 
     </span>
    </p>
   </div>
   <div class='ocr_carea' id='block_1_13' title="bbox 749 1658 2336 1729">
    <p class='ocr_par' dir='ltr' id='par_1_13' title="bbox 749 1658 2336 1729">
     <span class='ocr_line' id='line_1_13' title="bbox 749 1658 2336 1729; baseline -0.007 -11"><span class='ocrx_word' id='word_1_98' title='bbox 749 1674 805 1717; x_wconf 90' lang='lat' dir='ltr'><strong>ut</strong></span> <span class='ocrx_word' id='word_1_99' title='bbox 834 1674 937 1718; x_wconf 89' lang='lat' dir='ltr'><strong>tea</strong></span> <span class='ocrx_word' id='word_1_100' title='bbox 964 1664 1159 1717; x_wconf 89' lang='lat' dir='ltr'><strong>vertice</strong></span> <span class='ocrx_word' id='word_1_101' title='bbox 1203 1662 1294 1715; x_wconf 90' lang='lat' dir='ltr'><strong>illo</strong></span> <span class='ocrx_word' id='word_1_102' title='bbox 1319 1670 1371 1715; x_wconf 90' lang='lat' dir='ltr'><strong>ct</strong></span> <span class='ocrx_word' id='word_1_103' title='bbox 1418 1659 1629 1729; x_wconf 77' lang='lat' dir='ltr'><strong>fastigio</strong></span> <span class='ocrx_word' id='word_1_104' title='bbox 1678 1658 1889 1711; x_wconf 90' lang='lat' dir='ltr'><strong>virtutis</strong></span> <span class='ocrx_word' id='word_1_105' title='bbox 1941 1658 1992 1709; x_wconf 90' lang='lat' dir='ltr'><strong>in</strong></span> <span class='ocrx_word' id='word_1_106' title='bbox 2037 1665 2336 1709; x_wconf 75' lang='lat' dir='ltr'><strong>extremum</strong></span> 
     </span>
    </p>
   </div>
   <div class='ocr_carea' id='block_1_14' title="bbox 748 1745 2335 1817">
    <p class='ocr_par' dir='ltr' id='par_1_14' title="bbox 748 1745 2335 1817">
     <span class='ocr_line' id='line_1_14' title="bbox 748 1745 2335 1817; baseline -0.006 -10"><span class='ocrx_word' id='word_1_107' title='bbox 748 1755 964 1808; x_wconf 72' lang='lat' dir='ltr'><strong>malitia:</strong></span> <span class='ocrx_word' id='word_1_108' title='bbox 1002 1752 1329 1813; x_wconf 90' lang='lat' dir='ltr'><strong>detruderet,</strong></span> <span class='ocrx_word' id='word_1_109' title='bbox 1376 1751 1544 1803; x_wconf 88' lang='lat' dir='ltr'><strong>multo</strong></span> <span class='ocrx_word' id='word_1_110' title='bbox 1590 1747 1758 1817; x_wconf 81' lang='lat' dir='ltr'><strong>magis</strong></span> <span class='ocrx_word' id='word_1_111' title='bbox 1787 1757 1836 1801; x_wconf 91' lang='lat' dir='ltr'><strong>te</strong></span> <span class='ocrx_word' id='word_1_112' title='bbox 1870 1747 2009 1800; x_wconf 90' lang='lat' dir='ltr'><strong>Deus</strong></span> <span class='ocrx_word' id='word_1_113' title='bbox 2051 1746 2245 1814; x_wconf 88' lang='lat' dir='ltr'><strong>poterit</strong></span> <span class='ocrx_word' id='word_1_114' title='bbox 2284 1745 2335 1797; x_wconf 92' lang='lat' dir='ltr'><strong>in</strong></span> 
     </span>
    </p>
   </div>
   <div class='ocr_carea' id='block_1_15' title="bbox 746 1834 2335 1917">
    <p class='ocr_par' dir='ltr' id='par_1_15' title="bbox 746 1834 2335 1917">
     <span class='ocr_line' id='line_1_15' title="bbox 746 1834 2335 1917; baseline -0.009 -16"><span class='ocrx_word' id='word_1_115' title='bbox 746 1847 1020 1917; x_wconf 83' lang='lat' dir='ltr'><strong>pristinam</strong></span> <span class='ocrx_word' id='word_1_116' title='bbox 1045 1844 1299 1899; x_wconf 88' lang='lat' dir='ltr'><strong>reducere</strong></span> <span class='ocrx_word' id='word_1_117' title='bbox 1326 1840 1626 1896; x_wconf 86' lang='lat' dir='ltr'><strong>libertatem</strong></span> <span class='ocrx_word' id='word_1_118' title='bbox 1652 1855 1667 1892; x_wconf 86' lang='lat'><strong>:</strong></span> <span class='ocrx_word' id='word_1_119' title='bbox 1698 1853 1796 1894; x_wconf 90' lang='lat' dir='ltr'><strong>nec</strong></span> <span class='ocrx_word' id='word_1_120' title='bbox 1822 1838 1983 1892; x_wconf 85' lang='lat' dir='ltr'><strong>talem</strong></span> <span class='ocrx_word' id='word_1_121' title='bbox 2026 1836 2207 1901; x_wconf 91' lang='lat' dir='ltr'><strong>modo,</strong></span> <span class='ocrx_word' id='word_1_122' title='bbox 2239 1834 2335 1889; x_wconf 90' lang='lat' dir='ltr'><strong>sed</strong></span> 
     </span>
    </p>
   </div>
   <div class='ocr_carea' id='block_1_16' title="bbox 748 1926 2153 1999">
    <p class='ocr_par' dir='ltr' id='par_1_16' title="bbox 748 1926 2153 1999">
     <span class='ocr_line' id='line_1_16' title="bbox 748 1926 2153 1999; baseline -0.01 -8"><span class='ocrx_word' id='word_1_123' title='bbox 748 1939 912 1992; x_wconf 90' lang='lat' dir='ltr'><strong>multo</strong></span> <span class='ocrx_word' id='word_1_124' title='bbox 941 1935 1229 1991; x_wconf 88' lang='lat' dir='ltr'><strong>feliciorem</strong></span> <span class='ocrx_word' id='word_1_125' title='bbox 1266 1944 1317 1988; x_wconf 90' lang='lat' dir='ltr'><strong>te</strong></span> <span class='ocrx_word' id='word_1_126' title='bbox 1343 1930 1569 1987; x_wconf 81' lang='lat' dir='ltr'><strong>reddere</strong></span> <span class='ocrx_word' id='word_1_127' title='bbox 1593 1944 1749 1999; x_wconf 88' lang='lat' dir='ltr'><strong>quam</strong></span> <span class='ocrx_word' id='word_1_128' title='bbox 1783 1928 1931 1996; x_wconf 90' lang='lat' dir='ltr'><strong>prius</strong></span> <span class='ocrx_word' id='word_1_129' title='bbox 1958 1926 2153 1980; x_wconf 74' lang='lat' dir='ltr'><strong>fueras.</strong></span> 
     </span>
    </p>
   </div>
   <div class='ocr_carea' id='block_1_17' title="bbox 820 2018 2333 2096">
    <p class='ocr_par' dir='ltr' id='par_1_17' title="bbox 820 2018 2333 2096">
     <span class='ocr_line' id='line_1_17' title="bbox 820 2018 2333 2096; baseline -0.009 -14"><span class='ocrx_word' id='word_1_130' title='bbox 820 2029 1081 2082; x_wconf 76' lang='lat' dir='ltr'><strong>Pcccatori</strong></span> <span class='ocrx_word' id='word_1_131' title='bbox 1106 2043 1219 2096; x_wconf 85' lang='lat' dir='ltr'><strong>spes</strong></span> <span class='ocrx_word' id='word_1_132' title='bbox 1262 2040 1537 2092; x_wconf 85' lang='lat' dir='ltr'><strong>numquam</strong></span> <span class='ocrx_word' id='word_1_133' title='bbox 1575 2020 1872 2074; x_wconf 79' lang='lat' dir='ltr'><strong>amittenda.</strong></span> <span class='ocrx_word' id='word_1_134' title='bbox 1904 2049 1972 2058; x_wconf 93' lang='lat'><strong>—</strong></span> <span class='ocrx_word' id='word_1_135' title='bbox 1998 2018 2224 2070; x_wconf 80' lang='lat' dir='ltr'><strong>Tantum</strong></span> <span class='ocrx_word' id='word_1_136' title='bbox 2265 2030 2333 2069; x_wconf 87' lang='lat' dir='ltr'><strong>ne</strong></span> 
     </span>
    </p>
   </div>
   <div class='ocr_carea' id='block_1_18' title="bbox 746 2108 2331 2186">
    <p class='ocr_par' dir='ltr' id='par_1_18' title="bbox 746 2108 2331 2186">
     <span class='ocr_line' id='line_1_18' title="bbox 746 2108 2331 2186; baseline -0.009 -11"><span class='ocrx_word' id='word_1_137' title='bbox 746 2120 1013 2181; x_wconf 80' lang='lat' dir='ltr'><strong>concidas,</strong></span> <span class='ocrx_word' id='word_1_138' title='bbox 1038 2132 1135 2171; x_wconf 89' lang='lat' dir='ltr'><strong>nec</strong></span> <span class='ocrx_word' id='word_1_139' title='bbox 1169 2131 1317 2186; x_wconf 77' lang='lat' dir='ltr'><strong>Spem</strong></span> <span class='ocrx_word' id='word_1_140' title='bbox 1342 2115 1536 2169; x_wconf 88' lang='lat' dir='ltr'><strong>bonam</strong></span> <span class='ocrx_word' id='word_1_141' title='bbox 1558 2110 1899 2182; x_wconf 72' lang='lat' dir='ltr'><strong>prmsciudas,</strong></span> <span class='ocrx_word' id='word_1_142' title='bbox 1923 2124 2025 2162; x_wconf 88' lang='lat' dir='ltr'><strong>neu</strong></span> <span class='ocrx_word' id='word_1_143' title='bbox 2049 2108 2331 2175; x_wconf 84' lang='lat' dir='ltr'><strong>impiorum</strong></span> 
     </span>
    </p>
   </div>
   <div class='ocr_carea' id='block_1_19' title="bbox 743 2197 2331 2275">
    <p class='ocr_par' dir='ltr' id='par_1_19' title="bbox 743 2197 2331 2275">
     <span class='ocr_line' id='line_1_19' title="bbox 743 2197 2331 2275; baseline -0.008 -11"><span class='ocrx_word' id='word_1_144' title='bbox 743 2221 936 2264; x_wconf 90' lang='lat' dir='ltr'><strong>statum</strong></span> <span class='ocrx_word' id='word_1_145' title='bbox 964 2211 1177 2264; x_wconf 88' lang='lat' dir='ltr'><strong>subeas.</strong></span> <span class='ocrx_word' id='word_1_146' title='bbox 1204 2207 1388 2275; x_wconf 82' lang='lat' dir='ltr'><strong>Neque</strong></span> <span class='ocrx_word' id='word_1_147' title='bbox 1418 2206 1557 2259; x_wconf 83' lang='lat' dir='ltr'><strong>enim</strong></span> <span class='ocrx_word' id='word_1_148' title='bbox 1591 2210 1932 2272; x_wconf 73' lang='lat' dir='ltr'><strong>peccatorum</strong></span> <span class='ocrx_word' id='word_1_149' title='bbox 1960 2197 2245 2252; x_wconf 80' lang='lat' dir='ltr'><strong>multitudo</strong></span> <span class='ocrx_word' id='word_1_150' title='bbox 2278 2198 2331 2251; x_wconf 91' lang='lat' dir='ltr'><strong>in</strong></span> 
     </span>
    </p>
   </div>
   <div class='ocr_carea' id='block_1_20' title="bbox 742 2289 2328 2372">
    <p class='ocr_par' dir='ltr' id='par_1_20' title="bbox 742 2289 2328 2372">
     <span class='ocr_line' id='line_1_20' title="bbox 742 2289 2328 2372; baseline -0.008 -15"><span class='ocrx_word' id='word_1_151' title='bbox 742 2303 1164 2372; x_wconf 82' lang='lat' dir='ltr'><strong>deSperationem</strong></span> <span class='ocrx_word' id='word_1_152' title='bbox 1188 2299 1453 2367; x_wconf 87' lang='lat' dir='ltr'><strong>conjicere</strong></span> <span class='ocrx_word' id='word_1_153' title='bbox 1474 2297 1631 2357; x_wconf 87' lang='lat' dir='ltr'><strong>solet,</strong></span> <span class='ocrx_word' id='word_1_154' title='bbox 1660 2292 1754 2348; x_wconf 90' lang='lat' dir='ltr'><strong>sed</strong></span> <span class='ocrx_word' id='word_1_155' title='bbox 1780 2293 1958 2346; x_wconf 89' lang='lat' dir='ltr'><strong>anima</strong></span> <span class='ocrx_word' id='word_1_156' title='bbox 1980 2307 2043 2345; x_wconf 82' lang='lat' dir='ltr'><strong>ex</strong></span> <span class='ocrx_word' id='word_1_157' title='bbox 2067 2306 2125 2345; x_wconf 90' lang='lat' dir='ltr'><strong>se</strong></span> <span class='ocrx_word' id='word_1_158' title='bbox 2147 2289 2328 2359; x_wconf 88' lang='lat' dir='ltr'><strong>impia.</strong></span> 
     </span>
    </p>
   </div>
   <div class='ocr_carea' id='block_1_21' title="bbox 743 2381 2322 2461">
    <p class='ocr_par' dir='ltr' id='par_1_21' title="bbox 743 2381 2322 2461">
     <span class='ocr_line' id='line_1_21' title="bbox 743 2381 2322 2461; baseline -0.006 -18"><span class='ocrx_word' id='word_1_159' title='bbox 743 2395 1073 2461; x_wconf 75' lang='lat' dir='ltr'><strong>Quapropter</strong></span> <span class='ocrx_word' id='word_1_160' title='bbox 1101 2390 1352 2445; x_wconf 90' lang='lat' dir='ltr'><strong>Salomon</strong></span> <span class='ocrx_word' id='word_1_161' title='bbox 1379 2403 1484 2441; x_wconf 90' lang='lat' dir='ltr'><strong>non</strong></span> <span class='ocrx_word' id='word_1_162' title='bbox 1518 2386 1651 2439; x_wconf 76' lang='lat' dir='ltr'><strong>dixit</strong></span> <span class='ocrx_word' id='word_1_163' title='bbox 1679 2384 1990 2453; x_wconf 87' lang='lat' dir='ltr'><strong>simpliciter</strong></span> <span class='ocrx_word' id='word_1_164' title='bbox 2018 2399 2031 2434; x_wconf 92' lang='lat'>:</span> <span class='ocrx_word' id='word_1_165' title='bbox 2068 2381 2322 2450; x_wconf 84' lang='lat' dir='ltr'><strong>Quisquis</strong></span> 
     </span>
    </p>
   </div>
   <div class='ocr_carea' id='block_1_22' title="bbox 741 2473 2330 2551">
    <p class='ocr_par' dir='ltr' id='par_1_22' title="bbox 741 2473 2330 2551">
     <span class='ocr_line' id='line_1_22' title="bbox 741 2473 2330 2551; baseline -0.007 -14"><span class='ocrx_word' id='word_1_166' title='bbox 741 2485 870 2537; x_wconf 83' lang='lat' dir='ltr'><strong>venit</strong></span> <span class='ocrx_word' id='word_1_167' title='bbox 908 2485 957 2535; x_wconf 88' lang='lat' dir='ltr'><strong>in</strong></span> <span class='ocrx_word' id='word_1_168' title='bbox 986 2481 1296 2551; x_wconf 76' lang='lat' dir='ltr'><strong>profundam</strong></span> <span class='ocrx_word' id='word_1_169' title='bbox 1343 2480 1614 2541; x_wconf 88' lang='lat' dir='ltr'><strong>ntalorum,</strong></span> <span class='ocrx_word' id='word_1_170' title='bbox 1660 2476 1967 2538; x_wconf 81' lang='lat' dir='ltr'><strong>contemnit;</strong></span> <span class='ocrx_word' id='word_1_171' title='bbox 1995 2475 2089 2529; x_wconf 91' lang='lat' dir='ltr'><strong>sed</strong></span> <span class='ocrx_word' id='word_1_172' title='bbox 2131 2473 2330 2542; x_wconf 82' lang='lat' dir='ltr'><strong>Impius</strong></span> 
     </span>
    </p>
   </div>
   <div class='ocr_carea' id='block_1_23' title="bbox 744 2567 2330 2643">
    <p class='ocr_par' dir='ltr' id='par_1_23' title="bbox 744 2567 2330 2643">
     <span class='ocr_line' id='line_1_23' title="bbox 744 2567 2330 2643; baseline -0.009 -13"><span class='ocrx_word' id='word_1_173' title='bbox 744 2586 946 2630; x_wconf 88' lang='lat' dir='ltr'><strong>tantum</strong></span> <span class='ocrx_word' id='word_1_174' title='bbox 979 2574 1156 2643; x_wconf 81' lang='lat' dir='ltr'><strong>(Prov.</strong></span> <span class='ocrx_word' id='word_1_175' title='bbox 1190 2573 1273 2626; x_wconf 87' lang='grc'><strong>18.</strong></span> <span class='ocrx_word' id='word_1_176' title='bbox 1299 2572 1378 2641; x_wconf 83' lang='grc'><strong>5).</strong></span> <span class='ocrx_word' id='word_1_177' title='bbox 1426 2570 1711 2638; x_wconf 90' lang='lat' dir='ltr'><strong>lmpiorum</strong></span> <span class='ocrx_word' id='word_1_178' title='bbox 1741 2573 1885 2621; x_wconf 87' lang='lat' dir='ltr'><strong>enim</strong></span> <span class='ocrx_word' id='word_1_179' title='bbox 1930 2567 2207 2619; x_wconf 83' lang='lat' dir='ltr'><strong>dumtaxat</strong></span> <span class='ocrx_word' id='word_1_180' title='bbox 2248 2572 2330 2618; x_wconf 89' lang='lat' dir='ltr'><strong>cst</strong></span> 
     </span>
    </p>
   </div>
   <div class='ocr_carea' id='block_1_24' title="bbox 740 2657 2322 2735">
    <p class='ocr_par' dir='ltr' id='par_1_24' title="bbox 740 2657 2322 2735">
     <span class='ocr_line' id='line_1_24' title="bbox 740 2657 2322 2735; baseline -0.008 -13"><span class='ocrx_word' id='word_1_181' title='bbox 740 2670 829 2722; x_wconf 88' lang='lat' dir='ltr'><strong>ille</strong></span> <span class='ocrx_word' id='word_1_182' title='bbox 856 2668 1091 2728; x_wconf 80' lang='lat' dir='ltr'><strong>morbus,</strong></span> <span class='ocrx_word' id='word_1_183' title='bbox 1113 2664 1325 2735; x_wconf 84' lang='lat' dir='ltr'><strong>quando</strong></span> <span class='ocrx_word' id='word_1_184' title='bbox 1349 2664 1399 2715; x_wconf 90' lang='lat' dir='ltr'><strong>in</strong></span> <span class='ocrx_word' id='word_1_185' title='bbox 1427 2660 1747 2731; x_wconf 87' lang='lat' dir='ltr'><strong>profundum</strong></span> <span class='ocrx_word' id='word_1_186' title='bbox 1771 2660 2032 2713; x_wconf 89' lang='lat' dir='ltr'><strong>malorum</strong></span> <span class='ocrx_word' id='word_1_187' title='bbox 2057 2657 2322 2710; x_wconf 78' lang='lat' dir='ltr'><strong>venerint.</strong></span> 
     </span>
    </p>
   </div>
   <div class='ocr_carea' id='block_1_25' title="bbox 741 2746 2323 2825">
    <p class='ocr_par' dir='ltr' id='par_1_25' title="bbox 741 2746 2323 2825">
     <span class='ocr_line' id='line_1_25' title="bbox 741 2746 2323 2825; baseline -0.011 -12"><span class='ocrx_word' id='word_1_188' title='bbox 741 2761 805 2813; x_wconf 75' lang='lat' dir='ltr'><strong>Et</strong></span> <span class='ocrx_word' id='word_1_189' title='bbox 834 2758 933 2811; x_wconf 91' lang='lat' dir='ltr'><strong>hoc</strong></span> <span class='ocrx_word' id='word_1_190' title='bbox 959 2757 1086 2825; x_wconf 84' lang='lat' dir='ltr'><strong>ipsis</strong></span> <span class='ocrx_word' id='word_1_191' title='bbox 1117 2770 1184 2809; x_wconf 91' lang='lat' dir='ltr'><strong>ne</strong></span> <span class='ocrx_word' id='word_1_192' title='bbox 1211 2752 1529 2822; x_wconf 89' lang='lat' dir='ltr'><strong>respiciendi</strong></span> <span class='ocrx_word' id='word_1_193' title='bbox 1555 2750 1767 2820; x_wconf 78' lang='lat' dir='ltr'><strong>quidem</strong></span> <span class='ocrx_word' id='word_1_194' title='bbox 1807 2749 2106 2802; x_wconf 74' lang='lat' dir='ltr'><strong>facultatem</strong></span> <span class='ocrx_word' id='word_1_195' title='bbox 2154 2746 2323 2799; x_wconf 88' lang='lat' dir='ltr'><strong>relin-</strong></span> 
     </span>
    </p>
   </div>
   <div class='ocr_carea' id='block_1_26' title="bbox 739 2838 2321 2920">
    <p class='ocr_par' dir='ltr' id='par_1_26' title="bbox 739 2838 2321 2920">
     <span class='ocr_line' id='line_1_26' title="bbox 739 2838 2321 2920; baseline -0.008 -17"><span class='ocrx_word' id='word_1_196' title='bbox 739 2851 871 2920; x_wconf 91' lang='lat' dir='ltr'><strong>quit,</strong></span> <span class='ocrx_word' id='word_1_197' title='bbox 922 2864 1091 2918; x_wconf 90' lang='lat' dir='ltr'><strong>neque</strong></span> <span class='ocrx_word' id='word_1_198' title='bbox 1143 2862 1208 2901; x_wconf 91' lang='lat' dir='ltr'><strong>eo</strong></span> <span class='ocrx_word' id='word_1_199' title='bbox 1256 2844 1582 2907; x_wconf 75' lang='lat' dir='ltr'><strong>revertendi,</strong></span> <span class='ocrx_word' id='word_1_200' title='bbox 1626 2843 1767 2895; x_wconf 91' lang='lat' dir='ltr'><strong>unde</strong></span> <span class='ocrx_word' id='word_1_201' title='bbox 1816 2840 2141 2894; x_wconf 77' lang='lat' dir='ltr'><strong>evciderant.</strong></span> <span class='ocrx_word' id='word_1_202' title='bbox 2185 2838 2321 2891; x_wconf 88' lang='lat' dir='ltr'><strong>Nam</strong></span> 
     </span>
    </p>
   </div>
   <div class='ocr_carea' id='block_1_27' title="bbox 738 2930 2323 3010">
    <p class='ocr_par' dir='ltr' id='par_1_27' title="bbox 738 2930 2323 3010">
     <span class='ocr_line' id='line_1_27' title="bbox 738 2930 2323 3010; baseline -0.008 -15"><span class='ocrx_word' id='word_1_203' title='bbox 738 2942 1000 3010; x_wconf 77' lang='lat' dir='ltr'><strong>ﬂagitiosa</strong></span> <span class='ocrx_word' id='word_1_204' title='bbox 1049 2940 1138 2994; x_wconf 90' lang='lat' dir='ltr'><strong>illa</strong></span> <span class='ocrx_word' id='word_1_205' title='bbox 1200 2937 1449 3007; x_wconf 81' lang='lat' dir='ltr'><strong>cogitatio</strong></span> <span class='ocrx_word' id='word_1_206' title='bbox 1496 2944 1760 3003; x_wconf 82' lang='lat' dir='ltr'><strong>tamquam</strong></span> <span class='ocrx_word' id='word_1_207' title='bbox 1812 2933 1995 3001; x_wconf 77' lang='lat' dir='ltr'><strong>jugum</strong></span> <span class='ocrx_word' id='word_1_208' title='bbox 2055 2930 2323 3000; x_wconf 87' lang='lat' dir='ltr'><strong>quoddam</strong></span> 
     </span>
    </p>
   </div>
   <div class='ocr_carea' id='block_1_28' title="bbox 740 3023 2323 3103">
    <p class='ocr_par' dir='ltr' id='par_1_28' title="bbox 740 3023 2323 3103">
     <span class='ocr_line' id='line_1_28' title="bbox 740 3023 2323 3103; baseline -0.008 -16"><span class='ocrx_word' id='word_1_209' title='bbox 740 3035 969 3103; x_wconf 74' lang='lat' dir='ltr'><strong>ligneum</strong></span> <span class='ocrx_word' id='word_1_210' title='bbox 994 3032 1184 3085; x_wconf 72' lang='lat' dir='ltr'><strong>anitum</strong></span> <span class='ocrx_word' id='word_1_211' title='bbox 1208 3029 1401 3083; x_wconf 82' lang='lat' dir='ltr'><strong>cervici</strong></span> <span class='ocrx_word' id='word_1_212' title='bbox 1430 3028 1735 3095; x_wconf 52' lang='lat' dir='ltr'><strong>impositum</strong></span> <span class='ocrx_word' id='word_1_213' title='bbox 1768 3034 1818 3077; x_wconf 90' lang='lat' dir='ltr'><strong>et</strong></span> <span class='ocrx_word' id='word_1_214' title='bbox 1842 3023 2166 3091; x_wconf 81' lang='lat' dir='ltr'><strong>compellens</strong></span> <span class='ocrx_word' id='word_1_215' title='bbox 2190 3038 2323 3075; x_wconf 80' lang='lat' dir='ltr'><strong>ocu-</strong></span> 
     </span>
    </p>
   </div>
   <div class='ocr_carea' id='block_1_29' title="bbox 740 3113 2322 3184">
    <p class='ocr_par' dir='ltr' id='par_1_29' title="bbox 740 3113 2322 3184">
     <span class='ocr_line' id='line_1_29' title="bbox 740 3113 2322 3184; baseline -0.009 -7"><span class='ocrx_word' id='word_1_216' title='bbox 740 3125 895 3179; x_wconf 88' lang='lat' dir='ltr'><strong>losin</strong></span> <span class='ocrx_word' id='word_1_217' title='bbox 926 3134 1117 3177; x_wconf 48' lang='lat' dir='ltr'><strong>terrain</strong></span> <span class='ocrx_word' id='word_1_218' title='bbox 1165 3119 1462 3182; x_wconf 84' lang='lat' dir='ltr'><strong>demittere,</strong></span> <span class='ocrx_word' id='word_1_219' title='bbox 1510 3116 1759 3184; x_wconf 86' lang='lat' dir='ltr'><strong>prohibet</strong></span> <span class='ocrx_word' id='word_1_220' title='bbox 1808 3130 1873 3167; x_wconf 91' lang='lat' dir='ltr'><strong>ne</strong></span> <span class='ocrx_word' id='word_1_221' title='bbox 1923 3114 1987 3166; x_wconf 91' lang='lat' dir='ltr'><strong>ad</strong></span> <span class='ocrx_word' id='word_1_222' title='bbox 2041 3113 2322 3165; x_wconf 90' lang='lat' dir='ltr'><strong>Dominum</strong></span> 
     </span>
    </p>
   </div>
   <div class='ocr_carea' id='block_1_30' title="bbox 737 3204 2322 3280">
    <p class='ocr_par' dir='ltr' id='par_1_30' title="bbox 737 3204 2322 3280">
     <span class='ocr_line' id='line_1_30' title="bbox 737 3204 2322 3280; baseline -0.007 -13"><span class='ocrx_word' id='word_1_223' title='bbox 737 3230 891 3269; x_wconf 82' lang='lat' dir='ltr'><strong>suum</strong></span> <span class='ocrx_word' id='word_1_224' title='bbox 913 3212 1179 3280; x_wconf 84' lang='lat' dir='ltr'><strong>respiciat.</strong></span> <span class='ocrx_word' id='word_1_225' title='bbox 1209 3212 1275 3263; x_wconf 83' lang='lat' dir='ltr'><strong>At</strong></span> <span class='ocrx_word' id='word_1_226' title='bbox 1306 3210 1403 3262; x_wconf 89' lang='lat' dir='ltr'><strong>viri</strong></span> <span class='ocrx_word' id='word_1_227' title='bbox 1425 3218 1501 3261; x_wconf 79' lang='lat' dir='ltr'><strong>est</strong></span> <span class='ocrx_word' id='word_1_228' title='bbox 1523 3208 1765 3277; x_wconf 78' lang='lat' dir='ltr'><strong>generosi</strong></span> <span class='ocrx_word' id='word_1_229' title='bbox 1793 3214 1848 3260; x_wconf 88' lang='lat' dir='ltr'><strong>et</strong></span> <span class='ocrx_word' id='word_1_230' title='bbox 1866 3205 2183 3265; x_wconf 87' lang='lat' dir='ltr'><strong>admiramli,</strong></span> <span class='ocrx_word' id='word_1_231' title='bbox 2220 3204 2322 3257; x_wconf 90' lang='lat' dir='ltr'><strong>hu-</strong></span> 
     </span>
    </p>
   </div>
   <div class='ocr_carea' id='block_1_31' title="bbox 737 3296 2320 3373">
    <p class='ocr_par' dir='ltr' id='par_1_31' title="bbox 737 3296 2320 3373">
     <span class='ocr_line' id='line_1_31' title="bbox 737 3296 2320 3373; baseline -0.007 -14"><span class='ocrx_word' id='word_1_232' title='bbox 737 3304 960 3373; x_wconf 79' lang='lat' dir='ltr'><strong>iusmodi</strong></span> <span class='ocrx_word' id='word_1_233' title='bbox 986 3305 1181 3371; x_wconf 80' lang='lat' dir='ltr'><strong>lignum</strong></span> <span class='ocrx_word' id='word_1_234' title='bbox 1204 3311 1503 3361; x_wconf 85' lang='lat' dir='ltr'><strong>conterere,</strong></span> <span class='ocrx_word' id='word_1_235' title='bbox 1525 3308 1578 3351; x_wconf 85' lang='lat' dir='ltr'><strong>et</strong></span> <span class='ocrx_word' id='word_1_236' title='bbox 1596 3298 1833 3350; x_wconf 88' lang='lat' dir='ltr'><strong>lictorem</strong></span> <span class='ocrx_word' id='word_1_237' title='bbox 1856 3297 1944 3365; x_wconf 89' lang='lat' dir='ltr'><strong>qui</strong></span> <span class='ocrx_word' id='word_1_238' title='bbox 1975 3296 2023 3347; x_wconf 90' lang='lat' dir='ltr'><strong>id</strong></span> <span class='ocrx_word' id='word_1_239' title='bbox 2047 3296 2320 3363; x_wconf 88' lang='lat' dir='ltr'><strong>imposue-</strong></span> 
     </span>
    </p>
   </div>
   <div class='ocr_carea' id='block_1_32' title="bbox 735 3386 2317 3459">
    <p class='ocr_par' dir='ltr' id='par_1_32' title="bbox 735 3386 2317 3459">
     <span class='ocr_line' id='line_1_32' title="bbox 735 3386 2317 3459; baseline -0.006 -9"><span class='ocrx_word' id='word_1_240' title='bbox 735 3406 817 3449; x_wconf 88' lang='lat' dir='ltr'><strong>rat</strong></span> <span class='ocrx_word' id='word_1_241' title='bbox 873 3405 1159 3456; x_wconf 74' lang='lat' dir='ltr'><strong>excutere,</strong></span> <span class='ocrx_word' id='word_1_242' title='bbox 1210 3406 1271 3444; x_wconf 90' lang='lat' dir='ltr'><strong>ac</strong></span> <span class='ocrx_word' id='word_1_243' title='bbox 1314 3392 1585 3459; x_wconf 74' lang='lat' dir='ltr'><strong>prephctce</strong></span> <span class='ocrx_word' id='word_1_244' title='bbox 1630 3389 1786 3442; x_wconf 87' lang='lat' dir='ltr'><strong>verba</strong></span> <span class='ocrx_word' id='word_1_245' title='bbox 1847 3387 2120 3456; x_wconf 83' lang='lat' dir='ltr'><strong>proferre:</strong></span> <span class='ocrx_word' id='word_1_246' title='bbox 2186 3386 2317 3441; x_wconf 79' lang='lat' dir='ltr'><strong>Nam</strong></span> 
     </span>
    </p>
   </div>
   <div class='ocr_carea' id='block_1_33' title="bbox 738 3480 2319 3544">
    <p class='ocr_par' dir='ltr' id='par_1_33' title="bbox 738 3480 2319 3544">
     <span class='ocr_line' id='line_1_33' title="bbox 738 3480 2319 3544; baseline -0.008 0"><span class='ocrx_word' id='word_1_247' title='bbox 738 3491 884 3544; x_wconf 86' lang='lat' dir='ltr'><strong>Sicut</strong></span> <span class='ocrx_word' id='word_1_248' title='bbox 927 3488 1061 3540; x_wconf 85' lang='lat' dir='ltr'><strong>oculi</strong></span> <span class='ocrx_word' id='word_1_249' title='bbox 1101 3485 1301 3538; x_wconf 75' lang='lat' dir='ltr'><strong>ancilla:</strong></span> <span class='ocrx_word' id='word_1_250' title='bbox 1345 3484 1393 3536; x_wconf 87' lang='lat' dir='ltr'><strong>in</strong></span> <span class='ocrx_word' id='word_1_251' title='bbox 1433 3484 1661 3534; x_wconf 87' lang='lat' dir='ltr'><strong>manibus</strong></span> <span class='ocrx_word' id='word_1_252' title='bbox 1694 3480 1910 3533; x_wconf 74' lang='lat' dir='ltr'><strong>domina:</strong></span> <span class='ocrx_word' id='word_1_253' title='bbox 1933 3497 2056 3541; x_wconf 66' lang='lat' dir='ltr'><strong>suat,</strong></span> <span class='ocrx_word' id='word_1_254' title='bbox 2088 3480 2158 3532; x_wconf 90' lang='lat' dir='ltr'><strong>ita</strong></span> <span class='ocrx_word' id='word_1_255' title='bbox 2186 3480 2319 3532; x_wconf 84' lang='lat' dir='ltr'><strong>oculi</strong></span> 
     </span>
    </p>
   </div>
   <div class='ocr_carea' id='block_1_34' title="bbox 733 3574 2317 3637">
    <p class='ocr_par' dir='ltr' id='par_1_34' title="bbox 733 3574 2317 3637">
     <span class='ocr_line' id='line_1_34' title="bbox 733 3574 2317 3637; baseline -0.009 0"><span class='ocrx_word' id='word_1_256' title='bbox 733 3583 888 3637; x_wconf 73' lang='lat' dir='ltr'><strong>nostri</strong></span> <span class='ocrx_word' id='word_1_257' title='bbox 935 3581 1001 3633; x_wconf 85' lang='lat' dir='ltr'><strong>ad</strong></span> <span class='ocrx_word' id='word_1_258' title='bbox 1059 3578 1335 3631; x_wconf 86' lang='lat' dir='ltr'><strong>Dominum</strong></span> <span class='ocrx_word' id='word_1_259' title='bbox 1403 3574 1565 3627; x_wconf 69' lang='lat' dir='ltr'><strong>Deum</strong></span> <span class='ocrx_word' id='word_1_260' title='bbox 1626 3584 1889 3637; x_wconf 84' lang='lat' dir='ltr'><strong>nostrum,</strong></span> <span class='ocrx_word' id='word_1_261' title='bbox 1946 3576 2100 3624; x_wconf 77' lang='lat' dir='ltr'><strong>donec</strong></span> <span class='ocrx_word' id='word_1_262' title='bbox 2169 3574 2317 3623; x_wconf 86' lang='lat' dir='ltr'><strong>mise-</strong></span> 
     </span>
    </p>
   </div>
   <div class='ocr_carea' id='block_1_35' title="bbox 733 3667 2312 3734">
    <p class='ocr_par' dir='ltr' id='par_1_35' title="bbox 733 3667 2312 3734">
     <span class='ocr_line' id='line_1_35' title="bbox 733 3667 2312 3734; baseline -0.009 -2"><span class='ocrx_word' id='word_1_263' title='bbox 733 3687 900 3732; x_wconf 80' lang='lat' dir='ltr'><strong>reatur</strong></span> <span class='ocrx_word' id='word_1_264' title='bbox 921 3674 1093 3728; x_wconf 85' lang='lat' dir='ltr'><strong>nostri.</strong></span> <span class='ocrx_word' id='word_1_265' title='bbox 1139 3672 1377 3725; x_wconf 71' lang='lat' dir='ltr'><strong>.L-‘isercre</strong></span> <span class='ocrx_word' id='word_1_266' title='bbox 1403 3670 1577 3734; x_wconf 86' lang='lat' dir='ltr'><strong>nostri,</strong></span> <span class='ocrx_word' id='word_1_267' title='bbox 1606 3667 1839 3733; x_wconf 88' lang='lat' dir='ltr'><strong>Domine,</strong></span> <span class='ocrx_word' id='word_1_268' title='bbox 1869 3668 2097 3721; x_wconf 79' lang='lat' dir='ltr'><strong>miserere</strong></span> <span class='ocrx_word' id='word_1_269' title='bbox 2134 3667 2312 3733; x_wconf 80' lang='lat' dir='ltr'><strong>nostri,</strong></span> 
     </span>
    </p>
   </div>
   <div class='ocr_carea' id='block_1_36' title="bbox 733 3757 2312 3837">
    <p class='ocr_par' dir='ltr' id='par_1_36' title="bbox 733 3757 2312 3837">
     <span class='ocr_line' id='line_1_36' title="bbox 733 3757 2312 3837; baseline -0.005 -19"><span class='ocrx_word' id='word_1_270' title='bbox 733 3765 1074 3837; x_wconf 74' lang='lat' dir='ltr'><strong>quiamultum</strong></span> <span class='ocrx_word' id='word_1_271' title='bbox 1095 3762 1267 3829; x_wconf 74' lang='lat' dir='ltr'><strong>repleti</strong></span> <span class='ocrx_word' id='word_1_272' title='bbox 1293 3777 1465 3813; x_wconf 84' lang='lat' dir='ltr'><strong>sumus</strong></span> <span class='ocrx_word' id='word_1_273' title='bbox 1491 3758 1805 3827; x_wconf 86' lang='lat' dir='ltr'><strong>despectione</strong></span> <span class='ocrx_word' id='word_1_274' title='bbox 1828 3757 1998 3826; x_wconf 87' lang='lat' dir='ltr'><strong>(Psal.</strong></span> <span class='ocrx_word' id='word_1_275' title='bbox 2026 3758 2140 3811; x_wconf 66' lang='grc'><strong>122.</strong></span> <span class='ocrx_word' id='word_1_276' title='bbox 2160 3758 2312 3826; x_wconf 72' lang='lat'><strong>2.3).</strong></span> 
     </span>
    </p>
   </div>
   <div class='ocr_carea' id='block_1_37' title="bbox 738 3848 2316 3916">
    <p class='ocr_par' dir='ltr' id='par_1_37' title="bbox 738 3848 2316 3916">
     <span class='ocr_line' id='line_1_37' title="bbox 738 3848 2316 3916; baseline -0.006 -6"><span class='ocrx_word' id='word_1_277' title='bbox 738 3857 832 3910; x_wconf 76' lang='lat' dir='ltr'><strong>lla:</strong></span> <span class='ocrx_word' id='word_1_278' title='bbox 856 3868 982 3909; x_wconf 78' lang='lat' dir='ltr'><strong>vere</strong></span> <span class='ocrx_word' id='word_1_279' title='bbox 1012 3853 1200 3905; x_wconf 65' lang='lat' dir='ltr'><strong>divinae</strong></span> <span class='ocrx_word' id='word_1_280' title='bbox 1223 3860 1346 3903; x_wconf 91' lang='lat' dir='ltr'><strong>sunt</strong></span> <span class='ocrx_word' id='word_1_281' title='bbox 1373 3848 1689 3916; x_wconf 70' lang='lat' dir='ltr'><strong>discipliiim,</strong></span> <span class='ocrx_word' id='word_1_282' title='bbox 1716 3857 1767 3902; x_wconf 91' lang='lat' dir='ltr'><strong>ct</strong></span> <span class='ocrx_word' id='word_1_283' title='bbox 1793 3864 2055 3916; x_wconf 68' lang='lat' dir='ltr'><strong>supremae</strong></span> <span class='ocrx_word' id='word_1_284' title='bbox 2078 3849 2316 3916; x_wconf 88' lang='lat' dir='ltr'><strong>philoso-</strong></span> 
     </span>
    </p>
   </div>
   <div class='ocr_carea' id='block_1_38' title="bbox 737 3941 2317 4016">
    <p class='ocr_par' dir='ltr' id='par_1_38' title="bbox 737 3941 2317 4016">
     <span class='ocr_line' id='line_1_38' title="bbox 737 3941 2317 4016; baseline -0.003 -16"><span class='ocrx_word' id='word_1_285' title='bbox 737 3946 874 4015; x_wconf 79' lang='lat' dir='ltr'><strong>phia:</strong></span> <span class='ocrx_word' id='word_1_286' title='bbox 900 3946 1165 4016; x_wconf 78' lang='lat' dir='ltr'><strong>dogmata.</strong></span> <span class='ocrx_word' id='word_1_287' title='bbox 1195 3943 1403 4011; x_wconf 81' lang='lat' dir='ltr'><strong>Repleti</strong></span> <span class='ocrx_word' id='word_1_288' title='bbox 1428 3956 1631 4003; x_wconf 90' lang='lat' dir='ltr'><strong>sumus,</strong></span> <span class='ocrx_word' id='word_1_289' title='bbox 1653 3941 1840 4010; x_wconf 88' lang='lat' dir='ltr'><strong>inquit,</strong></span> <span class='ocrx_word' id='word_1_290' title='bbox 1869 3941 2231 4009; x_wconf 84' lang='lat' dir='ltr'><strong>despectione,</strong></span> <span class='ocrx_word' id='word_1_291' title='bbox 2262 3950 2317 3996; x_wconf 87' lang='lat' dir='ltr'><strong>et</strong></span> 
     </span>
    </p>
   </div>
   <div class='ocr_carea' id='block_1_39' title="bbox 735 4031 2311 4100">
    <p class='ocr_par' dir='ltr' id='par_1_39' title="bbox 735 4031 2311 4100">
     <span class='ocr_line' id='line_1_39' title="bbox 735 4031 2311 4100; baseline -0.004 -7"><span class='ocrx_word' id='word_1_292' title='bbox 735 4038 951 4093; x_wconf 87' lang='lat' dir='ltr'><strong>infinitis</strong></span> <span class='ocrx_word' id='word_1_293' title='bbox 985 4035 1235 4090; x_wconf 66' lang='lat' dir='ltr'><strong>arrumnis</strong></span> <span class='ocrx_word' id='word_1_294' title='bbox 1255 4033 1430 4087; x_wconf 84' lang='lat' dir='ltr'><strong>amicti</strong></span> <span class='ocrx_word' id='word_1_295' title='bbox 1454 4051 1468 4087; x_wconf 92' lang='lat'>:</span> <span class='ocrx_word' id='word_1_296' title='bbox 1487 4042 1716 4085; x_wconf 91' lang='lat' dir='ltr'><strong>attamen</strong></span> <span class='ocrx_word' id='word_1_297' title='bbox 1738 4033 1753 4062; x_wconf 81' lang='grc'>¹</span> <span class='ocrx_word' id='word_1_298' title='bbox 1770 4031 1835 4083; x_wconf 89' lang='lat' dir='ltr'><strong>ad</strong></span> <span class='ocrx_word' id='word_1_299' title='bbox 1854 4032 2019 4085; x_wconf 90' lang='lat' dir='ltr'><strong>Deum</strong></span> <span class='ocrx_word' id='word_1_300' title='bbox 2039 4032 2311 4100; x_wconf 87' lang='lat' dir='ltr'><strong>respicere</strong></span> 
     </span>
    </p>
   </div>
   <div class='ocr_carea' id='block_1_40' title="bbox 736 4122 2315 4191">
    <p class='ocr_par' dir='ltr' id='par_1_40' title="bbox 736 4122 2315 4191">
     <span class='ocr_line' id='line_1_40' title="bbox 736 4122 2315 4191; baseline -0.004 -9"><span class='ocrx_word' id='word_1_301' title='bbox 736 4146 841 4183; x_wconf 90' lang='lat' dir='ltr'><strong>non</strong></span> <span class='ocrx_word' id='word_1_302' title='bbox 864 4129 1212 4190; x_wconf 78' lang='lat' dir='ltr'><strong>et-ssabimus,</strong></span> <span class='ocrx_word' id='word_1_303' title='bbox 1242 4139 1341 4178; x_wconf 91' lang='lat' dir='ltr'><strong>nec</strong></span> <span class='ocrx_word' id='word_1_304' title='bbox 1369 4125 1524 4176; x_wconf 88' lang='lat' dir='ltr'><strong>linem</strong></span> <span class='ocrx_word' id='word_1_305' title='bbox 1558 4123 1805 4191; x_wconf 84' lang='lat' dir='ltr'><strong>precandi</strong></span> <span class='ocrx_word' id='word_1_306' title='bbox 1834 4123 2107 4185; x_wconf 81' lang='lat' dir='ltr'><strong>faciemus,</strong></span> <span class='ocrx_word' id='word_1_307' title='bbox 2141 4122 2315 4176; x_wconf 89' lang='lat' dir='ltr'><strong>donec</strong></span> 
     </span>
    </p>
   </div>
   <div class='ocr_carea' id='block_1_41' title="bbox 733 4212 2316 4286">
    <p class='ocr_par' dir='ltr' id='par_1_41' title="bbox 733 4212 2316 4286">
     <span class='ocr_line' id='line_1_41' title="bbox 733 4212 2316 4286; baseline -0.004 -13"><span class='ocrx_word' id='word_1_308' title='bbox 733 4221 989 4286; x_wconf 85' lang='lat' dir='ltr'><strong>postulata</strong></span> <span class='ocrx_word' id='word_1_309' title='bbox 1015 4218 1151 4270; x_wconf 91' lang='lat' dir='ltr'><strong>nacti</strong></span> <span class='ocrx_word' id='word_1_310' title='bbox 1199 4214 1472 4268; x_wconf 86' lang='lat' dir='ltr'><strong>fuerimus.</strong></span> <span class='ocrx_word' id='word_1_311' title='bbox 1502 4213 1612 4266; x_wconf 86' lang='lat' dir='ltr'><strong>lloe</strong></span> <span class='ocrx_word' id='word_1_312' title='bbox 1635 4221 1715 4265; x_wconf 89' lang='lat' dir='ltr'><strong>est</strong></span> <span class='ocrx_word' id='word_1_313' title='bbox 1758 4212 1899 4264; x_wconf 90' lang='lat' dir='ltr'><strong>enim</strong></span> <span class='ocrx_word' id='word_1_314' title='bbox 1949 4212 2107 4263; x_wconf 88' lang='lat' dir='ltr'><strong>animi</strong></span> <span class='ocrx_word' id='word_1_315' title='bbox 2153 4228 2316 4279; x_wconf 70' lang='lat' dir='ltr'><strong>gene-</strong></span> 
     </span>
    </p>
   </div>
   <div class='ocr_carea' id='block_1_42' title="bbox 734 4298 2315 4368">
    <p class='ocr_par' dir='ltr' id='par_1_42' title="bbox 734 4298 2315 4368">
     <span class='ocr_line' id='line_1_42' title="bbox 734 4298 2315 4368; baseline -0.011 -7"><span class='ocrx_word' id='word_1_316' title='bbox 734 4308 843 4361; x_wconf 82' lang='lat' dir='ltr'><strong>rosi</strong></span> <span class='ocrx_word' id='word_1_317' title='bbox 889 4322 991 4359; x_wconf 89' lang='lat' dir='ltr'><strong>non</strong></span> <span class='ocrx_word' id='word_1_318' title='bbox 1035 4303 1396 4365; x_wconf 56' lang='lat' dir='ltr'><strong>consternari,</strong></span> <span class='ocrx_word' id='word_1_319' title='bbox 1450 4316 1547 4354; x_wconf 90' lang='lat' dir='ltr'><strong>nec</strong></span> <span class='ocrx_word' id='word_1_320' title='bbox 1580 4316 1609 4353; x_wconf 90' lang='lat' dir='ltr'><strong>a</strong></span> <span class='ocrx_word' id='word_1_321' title='bbox 1638 4314 1732 4367; x_wconf 96' lang='lat' dir='ltr'><strong>spe</strong></span> <span class='ocrx_word' id='word_1_322' title='bbox 1774 4298 2047 4352; x_wconf 89' lang='lat' dir='ltr'><strong>deturbari</strong></span> <span class='ocrx_word' id='word_1_323' title='bbox 2095 4310 2315 4368; x_wconf 73' lang='lat' dir='ltr'><strong>propter</strong></span> 
     </span>
    </p>
   </div>
   <div class='ocr_carea' id='block_1_43' title="bbox 731 4387 2313 4459">
    <p class='ocr_par' dir='ltr' id='par_1_43' title="bbox 731 4387 2313 4459">
     <span class='ocr_line' id='line_1_43' title="bbox 731 4387 2313 4459; baseline -0.004 -10"><span class='ocrx_word' id='word_1_324' title='bbox 731 4401 837 4453; x_wconf 84' lang='lat' dir='ltr'><strong>vim</strong></span> <span class='ocrx_word' id='word_1_325' title='bbox 864 4399 1219 4451; x_wconf 70' lang='lat' dir='ltr'><strong>calamitatum</strong></span> <span class='ocrx_word' id='word_1_326' title='bbox 1238 4433 1256 4455; x_wconf 82' lang='lat'><strong>,</strong></span> <span class='ocrx_word' id='word_1_327' title='bbox 1286 4405 1460 4459; x_wconf 86' lang='lat' dir='ltr'><strong>neque</strong></span> <span class='ocrx_word' id='word_1_328' title='bbox 1478 4390 1773 4456; x_wconf 90' lang='lat' dir='ltr'><strong>discedere,</strong></span> <span class='ocrx_word' id='word_1_329' title='bbox 1817 4387 2023 4443; x_wconf 85' lang='lat' dir='ltr'><strong>etiamsi</strong></span> <span class='ocrx_word' id='word_1_330' title='bbox 2072 4387 2313 4455; x_wconf 87' lang='lat' dir='ltr'><strong>repetitis</strong></span> 
     </span>
    </p>
   </div>
   <div class='ocr_carea' id='block_1_44' title="bbox 739 4468 2307 4544">
    <p class='ocr_par' dir='ltr' id='par_1_44' title="bbox 739 4468 2307 4544">
     <span class='ocr_line' id='line_1_44' title="bbox 739 4468 2307 4544; baseline -0.007 -10"><span class='ocrx_word' id='word_1_331' title='bbox 739 4477 959 4533; x_wconf 89' lang='lat' dir='ltr'><strong>subinde</strong></span> <span class='ocrx_word' id='word_1_332' title='bbox 984 4474 1227 4544; x_wconf 85' lang='lat' dir='ltr'><strong>precibus</strong></span> <span class='ocrx_word' id='word_1_333' title='bbox 1256 4472 1385 4524; x_wconf 88' lang='lat' dir='ltr'><strong>nilnt</strong></span> <span class='ocrx_word' id='word_1_334' title='bbox 1416 4468 1733 4533; x_wconf 84' lang='lat' dir='ltr'><strong>impetrarit,</strong></span> <span class='ocrx_word' id='word_1_335' title='bbox 1759 4469 1849 4519; x_wconf 86' lang='lat' dir='ltr'><strong>sed</strong></span> <span class='ocrx_word' id='word_1_336' title='bbox 1874 4470 2117 4522; x_wconf 80' lang='lat' dir='ltr'><strong>insistere</strong></span> <span class='ocrx_word' id='word_1_337' title='bbox 2136 4471 2307 4523; x_wconf 79' lang='lat' dir='ltr'><strong>donec</strong></span> 
     </span>
    </p>
   </div>
   <div class='ocr_carea' id='block_1_45' title="bbox 736 4560 2256 4632">
    <p class='ocr_par' dir='ltr' id='par_1_45' title="bbox 736 4560 2256 4632">
     <span class='ocr_line' id='line_1_45' title="bbox 736 4560 2256 4632; baseline -0.009 -6"><span class='ocrx_word' id='word_1_338' title='bbox 736 4574 1052 4626; x_wconf 86' lang='lat' dir='ltr'><strong>misereatur</strong></span> <span class='ocrx_word' id='word_1_339' title='bbox 1078 4565 1260 4625; x_wconf 84' lang='lat' dir='ltr'><strong>nostri,</strong></span> <span class='ocrx_word' id='word_1_340' title='bbox 1291 4561 1732 4632; x_wconf 87' lang='lat' dir='ltr'><strong>quemadmodum</strong></span> <span class='ocrx_word' id='word_1_341' title='bbox 1760 4562 1835 4614; x_wconf 89' lang='lat' dir='ltr'><strong>ait</strong></span> <span class='ocrx_word' id='word_1_342' title='bbox 1860 4562 2043 4614; x_wconf 86' lang='lat' dir='ltr'><strong>beatus</strong></span> <span class='ocrx_word' id='word_1_343' title='bbox 2075 4560 2256 4613; x_wconf 86' lang='lat' dir='ltr'><strong>David.</strong></span> 
     </span>
    </p>
   </div>
   <div class='ocr_carea' id='block_1_46' title="bbox 805 4670 2307 4745">
    <p class='ocr_par' dir='ltr' id='par_1_46' title="bbox 805 4670 2307 4745">
     <span class='ocr_line' id='line_1_46' title="bbox 805 4670 2307 4745; baseline -0.007 -11"><span class='ocrx_word' id='word_1_344' title='bbox 805 4681 860 4734; x_wconf 72' lang='grc'><strong>2.</strong></span> <span class='ocrx_word' id='word_1_345' title='bbox 891 4679 1169 4745; x_wconf 77' lang='lat' dir='ltr'><strong>Propterea</strong></span> <span class='ocrx_word' id='word_1_346' title='bbox 1202 4675 1342 4729; x_wconf 88' lang='lat' dir='ltr'><strong>enim</strong></span> <span class='ocrx_word' id='word_1_347' title='bbox 1388 4671 1626 4723; x_wconf 87' lang='lat' dir='ltr'><strong>diabolus</strong></span> <span class='ocrx_word' id='word_1_348' title='bbox 1663 4683 1761 4721; x_wconf 90' lang='lat' dir='ltr'><strong>nos</strong></span> <span class='ocrx_word' id='word_1_349' title='bbox 1790 4670 1839 4721; x_wconf 91' lang='lat' dir='ltr'><strong>in</strong></span> <span class='ocrx_word' id='word_1_350' title='bbox 1884 4670 2188 4738; x_wconf 82' lang='lat' dir='ltr'><strong>desperatas</strong></span> <span class='ocrx_word' id='word_1_351' title='bbox 2217 4686 2307 4725; x_wconf 86' lang='lat' dir='ltr'><strong>co-</strong></span> 
     </span>
    </p>
   </div>
   <div class='ocr_carea' id='block_1_47' title="bbox 736 4758 2307 4839">
    <p class='ocr_par' dir='ltr' id='par_1_47' title="bbox 736 4758 2307 4839">
     <span class='ocr_line' id='line_1_47' title="bbox 736 4758 2307 4839; baseline -0.009 -15"><span class='ocrx_word' id='word_1_352' title='bbox 736 4765 1221 4839; x_wconf 74' lang='lat' dir='ltr'><strong>gitationesinjicit,</strong></span> <span class='ocrx_word' id='word_1_353' title='bbox 1241 4772 1298 4815; x_wconf 91' lang='lat' dir='ltr'><strong>ut</strong></span> <span class='ocrx_word' id='word_1_354' title='bbox 1342 4775 1491 4829; x_wconf 86' lang='lat' dir='ltr'><strong>spem</strong></span> <span class='ocrx_word' id='word_1_355' title='bbox 1520 4773 1643 4826; x_wconf 78' lang='lat' dir='ltr'><strong>erga</strong></span> <span class='ocrx_word' id='word_1_356' title='bbox 1691 4758 1851 4809; x_wconf 91' lang='lat' dir='ltr'><strong>Deum</strong></span> <span class='ocrx_word' id='word_1_357' title='bbox 1904 4759 2307 4824; x_wconf 68' lang='lat' dir='ltr'><strong>prmcidat;an-</strong></span> 
     </span>
    </p>
   </div>
   <div class='ocr_carea' id='block_1_48' title="bbox 735 4848 2301 4922">
    <p class='ocr_par' dir='ltr' id='par_1_48' title="bbox 735 4848 2301 4922">
     <span class='ocr_line' id='line_1_48' title="bbox 735 4848 2301 4922; baseline -0.01 -9"><span class='ocrx_word' id='word_1_358' title='bbox 735 4861 950 4913; x_wconf 86' lang='lat' dir='ltr'><strong>choram</strong></span> <span class='ocrx_word' id='word_1_359' title='bbox 984 4870 1171 4922; x_wconf 89' lang='lat' dir='ltr'><strong>nempe</strong></span> <span class='ocrx_word' id='word_1_360' title='bbox 1200 4861 1362 4906; x_wconf 80' lang='lat' dir='ltr'><strong>tutam</strong></span> <span class='ocrx_word' id='word_1_361' title='bbox 1399 4850 1624 4917; x_wconf 62' lang='lat' dir='ltr'><strong>vitatque</strong></span> <span class='ocrx_word' id='word_1_362' title='bbox 1650 4855 1844 4899; x_wconf 75' lang='lat' dir='ltr'><strong>nostra:</strong></span> <span class='ocrx_word' id='word_1_363' title='bbox 1870 4848 2301 4908; x_wconf 85' lang='lat' dir='ltr'><strong>sustentaculum,</strong></span> 
     </span>
    </p>
   </div>
   <div class='ocr_carea' id='block_1_49' title="bbox 733 4936 2301 5005">
    <p class='ocr_par' dir='ltr' id='par_1_49' title="bbox 733 4936 2301 5005">
     <span class='ocr_line' id='line_1_49' title="bbox 733 4936 2301 5005; baseline -0.008 -4"><span class='ocrx_word' id='word_1_364' title='bbox 733 4950 920 5002; x_wconf 88' lang='lat' dir='ltr'><strong>ducem</strong></span> <span class='ocrx_word' id='word_1_365' title='bbox 952 4948 1004 4999; x_wconf 90' lang='lat' dir='ltr'><strong>in</strong></span> <span class='ocrx_word' id='word_1_366' title='bbox 1033 4945 1114 4995; x_wconf 86' lang='lat' dir='ltr'><strong>via</strong></span> <span class='ocrx_word' id='word_1_367' title='bbox 1136 4946 1202 4997; x_wconf 89' lang='lat' dir='ltr'><strong>ad</strong></span> <span class='ocrx_word' id='word_1_368' title='bbox 1239 4942 1423 4995; x_wconf 64' lang='lat' dir='ltr'><strong>emtum</strong></span> <span class='ocrx_word' id='word_1_369' title='bbox 1458 4950 1653 5000; x_wconf 76' lang='lat' dir='ltr'><strong>nostra,</strong></span> <span class='ocrx_word' id='word_1_370' title='bbox 1701 4937 1924 4991; x_wconf 90' lang='lat' dir='ltr'><strong>salutem</strong></span> <span class='ocrx_word' id='word_1_371' title='bbox 1979 4936 2301 5005; x_wconf 88' lang='lat' dir='ltr'><strong>perditarum</strong></span> 
     </span>
    </p>
   </div>
   <div class='ocr_carea' id='block_1_50' title="bbox 733 5028 2299 5102">
    <p class='ocr_par' dir='ltr' id='par_1_50' title="bbox 733 5028 2299 5102">
     <span class='ocr_line' id='line_1_50' title="bbox 733 5028 2299 5102; baseline -0.006 -12"><span class='ocrx_word' id='word_1_372' title='bbox 733 5040 1045 5092; x_wconf 88' lang='lat' dir='ltr'><strong>animarum.</strong></span> <span class='ocrx_word' id='word_1_373' title='bbox 1077 5035 1182 5102; x_wconf 83' lang='lat' dir='ltr'><strong>Spe</strong></span> <span class='ocrx_word' id='word_1_374' title='bbox 1201 5034 1351 5097; x_wconf 72' lang='lat' dir='ltr'><strong>enin,</strong></span> <span class='ocrx_word' id='word_1_375' title='bbox 1394 5031 1579 5098; x_wconf 83' lang='lat' dir='ltr'><strong>inquit,</strong></span> <span class='ocrx_word' id='word_1_376' title='bbox 1623 5031 1747 5082; x_wconf 84' lang='lat' dir='ltr'><strong>salvi</strong></span> <span class='ocrx_word' id='word_1_377' title='bbox 1774 5032 1891 5099; x_wconf 79' lang='lat' dir='ltr'><strong>facti</strong></span> <span class='ocrx_word' id='word_1_378' title='bbox 1918 5046 2091 5084; x_wconf 86' lang='lat' dir='ltr'><strong>sumus</strong></span> <span class='ocrx_word' id='word_1_379' title='bbox 2122 5028 2299 5097; x_wconf 87' lang='lat' dir='ltr'><strong>(Rom.</strong></span> 
     </span>
    </p>
   </div>
   <div class='ocr_carea' id='block_1_51' title="bbox 734 5119 2300 5196">
    <p class='ocr_par' dir='ltr' id='par_1_51' title="bbox 734 5119 2300 5196">
     <span class='ocr_line' id='line_1_51' title="bbox 734 5119 2300 5196; baseline -0.006 -14"><span class='ocrx_word' id='word_1_380' title='bbox 734 5131 785 5183; x_wconf 89' lang='lat'><strong>8.</strong></span> <span class='ocrx_word' id='word_1_381' title='bbox 812 5129 929 5196; x_wconf 57' lang='lat'><strong>‘24).</strong></span> <span class='ocrx_word' id='word_1_382' title='bbox 979 5128 1133 5192; x_wconf 75' lang='lat' dir='ltr'><strong>llmc,</strong></span> <span class='ocrx_word' id='word_1_383' title='bbox 1166 5126 1401 5191; x_wconf 89' lang='lat' dir='ltr'><strong>inquam,</strong></span> <span class='ocrx_word' id='word_1_384' title='bbox 1450 5122 1563 5174; x_wconf 78' lang='lat' dir='ltr'><strong>lucc</strong></span> <span class='ocrx_word' id='word_1_385' title='bbox 1599 5119 1745 5173; x_wconf 89' lang='lat' dir='ltr'><strong>velut</strong></span> <span class='ocrx_word' id='word_1_386' title='bbox 1782 5132 1963 5172; x_wconf 77' lang='lat' dir='ltr'><strong>catena</strong></span> <span class='ocrx_word' id='word_1_387' title='bbox 1994 5122 2014 5150; x_wconf 87' lang='grc'>¹</span> <span class='ocrx_word' id='word_1_388' title='bbox 2057 5120 2207 5173; x_wconf 86' lang='lat' dir='ltr'><strong>fortis</strong></span> <span class='ocrx_word' id='word_1_389' title='bbox 2232 5119 2300 5173; x_wconf 89' lang='lat' dir='ltr'><strong>de</strong></span> 
     </span>
    </p>
   </div>
   <div class='ocr_carea' id='block_1_52' title="bbox 734 5212 2297 5287">
    <p class='ocr_par' dir='ltr' id='par_1_52' title="bbox 734 5212 2297 5287">
     <span class='ocr_line' id='line_1_52' title="bbox 734 5212 2297 5287; baseline -0.005 -15"><span class='ocrx_word' id='word_1_390' title='bbox 734 5219 863 5273; x_wconf 67' lang='lat' dir='ltr'><strong>creto</strong></span> <span class='ocrx_word' id='word_1_391' title='bbox 890 5218 1142 5287; x_wconf 85' lang='lat' dir='ltr'><strong>pendens,</strong></span> <span class='ocrx_word' id='word_1_392' title='bbox 1196 5216 1397 5267; x_wconf 88' lang='lat' dir='ltr'><strong>animas</strong></span> <span class='ocrx_word' id='word_1_393' title='bbox 1449 5212 1675 5266; x_wconf 90' lang='lat' dir='ltr'><strong>sustinet</strong></span> <span class='ocrx_word' id='word_1_394' title='bbox 1723 5221 1954 5273; x_wconf 90' lang='lat' dir='ltr'><strong>nostras,</strong></span> <span class='ocrx_word' id='word_1_395' title='bbox 2000 5220 2053 5265; x_wconf 92' lang='lat' dir='ltr'><strong>et</strong></span> <span class='ocrx_word' id='word_1_396' title='bbox 2094 5212 2158 5264; x_wconf 89' lang='lat' dir='ltr'><strong>ad</strong></span> <span class='ocrx_word' id='word_1_397' title='bbox 2204 5228 2297 5265; x_wconf 89' lang='lat' dir='ltr'><strong>ea-</strong></span> 
     </span>
    </p>
   </div>
   <div class='ocr_carea' id='block_1_53' title="bbox 731 5302 2298 5374">
    <p class='ocr_par' dir='ltr' id='par_1_53' title="bbox 731 5302 2298 5374">
     <span class='ocr_line' id='line_1_53' title="bbox 731 5302 2298 5374; baseline -0.004 -9"><span class='ocrx_word' id='word_1_398' title='bbox 731 5326 916 5365; x_wconf 81' lang='lat' dir='ltr'><strong>cuuu-n</strong></span> <span class='ocrx_word' id='word_1_399' title='bbox 946 5307 1067 5361; x_wconf 90' lang='lat' dir='ltr'><strong>illud</strong></span> <span class='ocrx_word' id='word_1_400' title='bbox 1100 5306 1343 5374; x_wconf 86' lang='lat' dir='ltr'><strong>paulatim</strong></span> <span class='ocrx_word' id='word_1_401' title='bbox 1394 5304 1556 5358; x_wconf 89' lang='lat' dir='ltr'><strong>trahit</strong></span> <span class='ocrx_word' id='word_1_402' title='bbox 1605 5318 1719 5368; x_wconf 90' lang='lat' dir='ltr'><strong>eos,</strong></span> <span class='ocrx_word' id='word_1_403' title='bbox 1751 5303 1839 5372; x_wconf 91' lang='lat' dir='ltr'><strong>qui</strong></span> <span class='ocrx_word' id='word_1_404' title='bbox 1900 5302 2034 5355; x_wconf 86' lang='lat' dir='ltr'><strong>hanc</strong></span> <span class='ocrx_word' id='word_1_405' title='bbox 2077 5303 2298 5358; x_wconf 85' lang='lat' dir='ltr'><strong>firmiter</strong></span> 
     </span>
    </p>
   </div>
   <div class='ocr_carea' id='block_1_54' title="bbox 733 5394 2297 5464">
    <p class='ocr_par' dir='ltr' id='par_1_54' title="bbox 733 5394 2297 5464">
     <span class='ocr_line' id='line_1_54' title="bbox 733 5394 2297 5464; baseline -0.004 -11"><span class='ocrx_word' id='word_1_406' title='bbox 733 5409 931 5464; x_wconf 79' lang='lat' dir='ltr'><strong>lenem,</strong></span> <span class='ocrx_word' id='word_1_407' title='bbox 962 5408 1015 5451; x_wconf 85' lang='lat' dir='ltr'><strong>ct</strong></span> <span class='ocrx_word' id='word_1_408' title='bbox 1063 5413 1093 5451; x_wconf 84' lang='lat' dir='ltr'><strong>a</strong></span> <span class='ocrx_word' id='word_1_409' title='bbox 1124 5396 1364 5464; x_wconf 80' lang='lat' dir='ltr'><strong>procellis</strong></span> <span class='ocrx_word' id='word_1_410' title='bbox 1394 5396 1648 5447; x_wconf 80' lang='lat' dir='ltr'><strong>malorum</strong></span> <span class='ocrx_word' id='word_1_411' title='bbox 1693 5394 1968 5463; x_wconf 55' lang='lat' dir='ltr'><strong>praesentis</strong></span> <span class='ocrx_word' id='word_1_412' title='bbox 2012 5396 2131 5446; x_wconf 68' lang='lat' dir='ltr'><strong>vita:</strong></span> <span class='ocrx_word' id='word_1_413' title='bbox 2156 5395 2297 5448; x_wconf 85' lang='lat' dir='ltr'><strong>abri-</strong></span> 
     </span>
    </p>
   </div>
   <div class='ocr_carea' id='block_1_55' title="bbox 730 5483 2292 5559">
    <p class='ocr_par' dir='ltr' id='par_1_55' title="bbox 730 5483 2292 5559">
     <span class='ocr_line' id='line_1_55' title="bbox 730 5483 2292 5559; baseline -0.003 -18"><span class='ocrx_word' id='word_1_414' title='bbox 730 5490 823 5559; x_wconf 88' lang='lat' dir='ltr'><strong>pit.</strong></span> <span class='ocrx_word' id='word_1_415' title='bbox 848 5491 901 5542; x_wconf 86' lang='lat' dir='ltr'><strong>Si</strong></span> <span class='ocrx_word' id='word_1_416' title='bbox 928 5488 1043 5557; x_wconf 84' lang='lat' dir='ltr'><strong>quis</strong></span> <span class='ocrx_word' id='word_1_417' title='bbox 1072 5487 1230 5555; x_wconf 79' lang='lat' dir='ltr'><strong>igitur</strong></span> <span class='ocrx_word' id='word_1_418' title='bbox 1254 5501 1360 5555; x_wconf 75' lang='lat' dir='ltr'><strong>pro:</strong></span> <span class='ocrx_word' id='word_1_419' title='bbox 1405 5485 1625 5538; x_wconf 90' lang='lat' dir='ltr'><strong>mollitie</strong></span> <span class='ocrx_word' id='word_1_420' title='bbox 1676 5483 1811 5537; x_wconf 91' lang='lat' dir='ltr'><strong>hanc</strong></span> <span class='ocrx_word' id='word_1_421' title='bbox 1839 5499 2044 5537; x_wconf 79' lang='lat' dir='ltr'><strong>sacram</strong></span> <span class='ocrx_word' id='word_1_422' title='bbox 2092 5484 2292 5537; x_wconf 87' lang='lat' dir='ltr'><strong>ancho-</strong></span> 
     </span>
    </p>
   </div>
   <div class='ocr_carea' id='block_1_56' title="bbox 727 5574 2291 5645">
    <p class='ocr_par' dir='ltr' id='par_1_56' title="bbox 727 5574 2291 5645">
     <span class='ocr_line' id='line_1_56' title="bbox 727 5574 2291 5645; baseline -0.003 -11"><span class='ocrx_word' id='word_1_423' title='bbox 727 5596 837 5635; x_wconf 85' lang='lat' dir='ltr'><strong>ram</strong></span> <span class='ocrx_word' id='word_1_424' title='bbox 856 5578 1102 5641; x_wconf 86' lang='lat' dir='ltr'><strong>dimittat,</strong></span> <span class='ocrx_word' id='word_1_425' title='bbox 1126 5577 1301 5630; x_wconf 81' lang='lat' dir='ltr'><strong>Statim</strong></span> <span class='ocrx_word' id='word_1_426' title='bbox 1328 5575 1524 5628; x_wconf 89' lang='lat' dir='ltr'><strong>decidit</strong></span> <span class='ocrx_word' id='word_1_427' title='bbox 1550 5584 1605 5629; x_wconf 90' lang='lat' dir='ltr'><strong>et</strong></span> <span class='ocrx_word' id='word_1_428' title='bbox 1630 5574 1939 5636; x_wconf 87' lang='lat' dir='ltr'><strong>suffocatur,</strong></span> <span class='ocrx_word' id='word_1_429' title='bbox 1970 5575 2021 5627; x_wconf 92' lang='lat' dir='ltr'><strong>in</strong></span> <span class='ocrx_word' id='word_1_430' title='bbox 2043 5575 2291 5645; x_wconf 79' lang='lat' dir='ltr'><strong>abyssum</strong></span> 
     </span>
    </p>
   </div>
   <div class='ocr_carea' id='block_1_57' title="bbox 727 5664 2288 5736">
    <p class='ocr_par' dir='ltr' id='par_1_57' title="bbox 727 5664 2288 5736">
     <span class='ocr_line' id='line_1_57' title="bbox 727 5664 2288 5736; baseline -0.001 -13"><span class='ocrx_word' id='word_1_431' title='bbox 727 5669 938 5723; x_wconf 77' lang='lat' dir='ltr'><strong>malitia:</strong></span> <span class='ocrx_word' id='word_1_432' title='bbox 976 5667 1266 5721; x_wconf 84' lang='lat' dir='ltr'><strong>demersus.</strong></span> <span class='ocrx_word' id='word_1_433' title='bbox 1295 5664 1447 5731; x_wconf 87' lang='lat' dir='ltr'><strong>Quod</strong></span> <span class='ocrx_word' id='word_1_434' title='bbox 1473 5664 1493 5694; x_wconf 86' lang='grc'>³</span> <span class='ocrx_word' id='word_1_435' title='bbox 1523 5681 1639 5720; x_wconf 89' lang='lat' dir='ltr'><strong>cum</strong></span> <span class='ocrx_word' id='word_1_436' title='bbox 1693 5667 1825 5720; x_wconf 72' lang='lat' dir='ltr'><strong>sciat</strong></span> <span class='ocrx_word' id='word_1_437' title='bbox 1877 5667 2137 5736; x_wconf 80' lang='lat' dir='ltr'><strong>malignus</strong></span> <span class='ocrx_word' id='word_1_438' title='bbox 2180 5667 2288 5735; x_wconf 87' lang='lat' dir='ltr'><strong>ille,</strong></span> 
     </span>
    </p>
   </div>
   <div class='ocr_carea' id='block_1_58' title="bbox 791 5817 1997 5881">
    <p class='ocr_par' dir='ltr' id='par_1_58' title="bbox 791 5817 1997 5881">
     <span class='ocr_line' id='line_1_58' title="bbox 791 5817 1997 5881; baseline -0.006 -9"><span class='ocrx_word' id='word_1_439' title='bbox 791 5829 804 5857; x_wconf 82' lang='grc'>¹</span> <span class='ocrx_word' id='word_1_440' title='bbox 841 5825 1035 5874; x_wconf 71' lang='lat' dir='ltr'><strong>savil.et</strong></span> <span class='ocrx_word' id='word_1_441' title='bbox 1055 5835 1180 5872; x_wconf 89' lang='lat' dir='ltr'><strong>unus</strong></span> <span class='ocrx_word' id='word_1_442' title='bbox 1196 5828 1331 5881; x_wconf 82' lang='lat' dir='ltr'><strong>neg.,</strong></span> <span class='ocrx_word' id='word_1_443' title='bbox 1356 5824 1561 5868; x_wconf 86' lang='lat' dir='ltr'><strong>attamen</strong></span> <span class='ocrx_word' id='word_1_444' title='bbox 1582 5817 1727 5881; x_wconf 80' lang='lat' dir='ltr'><strong>etiam</strong></span> <span class='ocrx_word' id='word_1_445' title='bbox 1750 5818 1819 5865; x_wconf 88' lang='lat' dir='ltr'><strong>sic</strong></span> <span class='ocrx_word' id='word_1_446' title='bbox 1842 5818 1997 5879; x_wconf 76' lang='lat' dir='ltr'><strong>positi.</strong></span> 
     </span>
    </p>
   </div>
   <div class='ocr_carea' id='block_1_59' title="bbox 787 5879 2140 5947">
    <p class='ocr_par' dir='ltr' id='par_1_59' title="bbox 787 5879 2140 5947">
     <span class='ocr_line' id='line_1_59' title="bbox 787 5879 2140 5947; baseline -0.004 -15"><span class='ocrx_word' id='word_1_447' title='bbox 787 5890 805 5918; x_wconf 73' lang='grc'><strong>⁸</strong></span> <span class='ocrx_word' id='word_1_448' title='bbox 838 5886 971 5934; x_wconf 68' lang='lat' dir='ltr'><strong>savii.</strong></span> <span class='ocrx_word' id='word_1_449' title='bbox 999 5894 1049 5935; x_wconf 76' lang='lat' dir='ltr'><strong>et</strong></span> <span class='ocrx_word' id='word_1_450' title='bbox 1069 5884 1249 5947; x_wconf 85' lang='lat' dir='ltr'><strong>aliquot</strong></span> <span class='ocrx_word' id='word_1_451' title='bbox 1267 5879 1370 5929; x_wconf 59' lang='grc' dir='ltr'><strong>λιες.</strong></span> <span class='ocrx_word' id='word_1_452' title='bbox 1396 5881 1593 5947; x_wconf 80' lang='lat' dir='ltr'><strong>habent,</strong></span> <span class='ocrx_word' id='word_1_453' title='bbox 1632 5879 1754 5927; x_wconf 76' lang='lat' dir='ltr'><strong>velut</strong></span> <span class='ocrx_word' id='word_1_454' title='bbox 1786 5888 1949 5928; x_wconf 74' lang='lat' dir='ltr'><strong>cutan</strong></span> <span class='ocrx_word' id='word_1_455' title='bbox 1973 5892 2140 5927; x_wconf 85' lang='lat' dir='ltr'><strong>aurea.</strong></span> 
     </span>
    </p>
   </div>
   <div class='ocr_carea' id='block_1_60' title="bbox 786 5940 2284 6010">
    <p class='ocr_par' dir='ltr' id='par_1_60' title="bbox 786 5940 2284 6010">
     <span class='ocr_line' id='line_1_60' title="bbox 786 5940 2284 6010; baseline -0.008 -15"><span class='ocrx_word' id='word_1_456' title='bbox 786 5952 805 5981; x_wconf 82' lang='grc'><strong><em>³</em></strong></span> <span class='ocrx_word' id='word_1_457' title='bbox 839 5956 950 6010; x_wconf 68' lang='lat' dir='ltr'><strong>mag.</strong></span> <span class='ocrx_word' id='word_1_458' title='bbox 978 5960 1099 5997; x_wconf 82' lang='lat' dir='ltr'><strong>unus</strong></span> <span class='ocrx_word' id='word_1_459' title='bbox 1119 5940 1283 6008; x_wconf 54' lang='lat' dir='ltr'><strong>habet,</strong></span> <span class='ocrx_word' id='word_1_460' title='bbox 1323 5954 1449 6005; x_wconf 72' lang='grc' dir='ltr'><strong>ριιω.</strong></span> <span class='ocrx_word' id='word_1_461' title='bbox 1470 5943 1598 5990; x_wconf 83' lang='lat' dir='ltr'><strong>Idem</strong></span> <span class='ocrx_word' id='word_1_462' title='bbox 1621 5954 1752 6002; x_wconf 74' lang='lat' dir='ltr'><strong>mox,</strong></span> <span class='ocrx_word' id='word_1_463' title='bbox 1774 5948 2019 6003; x_wconf 77' lang='lat' dir='ltr'><strong>postquam</strong></span> <span class='ocrx_word' id='word_1_464' title='bbox 2035 5953 2117 5987; x_wconf 80' lang='lat' dir='ltr'><strong>nos</strong></span> <span class='ocrx_word' id='word_1_465' title='bbox 2142 5940 2284 6001; x_wconf 72' lang='lat' dir='ltr'><strong>ipsos.</strong></span> 
     </span>
    </p>
   </div>
   <div class='ocr_carea' id='block_1_61' title="bbox 2450 660 4013 731">
    <p class='ocr_par' dir='ltr' id='par_1_61' title="bbox 2450 660 4013 731">
     <span class='ocr_line' id='line_1_61' title="bbox 2450 660 4013 731; baseline 0.008 -20"><span class='ocrx_word' id='word_1_466' title='bbox 2450 668 2727 728; x_wconf 81' lang='lat' dir='ltr'><strong>pOstquam</strong></span> <span class='ocrx_word' id='word_1_467' title='bbox 2758 672 2857 711; x_wconf 91' lang='lat' dir='ltr'><strong>nos</strong></span> <span class='ocrx_word' id='word_1_468' title='bbox 2911 661 3169 715; x_wconf 90' lang='lat' dir='ltr'><strong>malorum</strong></span> <span class='ocrx_word' id='word_1_469' title='bbox 3221 674 3440 731; x_wconf 92' lang='lat' dir='ltr'><strong>operum</strong></span> <span class='ocrx_word' id='word_1_470' title='bbox 3477 660 3801 716; x_wconf 88' lang='lat' dir='ltr'><strong>conscientia</strong></span> <span class='ocrx_word' id='word_1_471' title='bbox 3856 680 4013 722; x_wconf 78' lang='lat' dir='ltr'><strong>altera</strong></span> 
     </span>
    </p>
   </div>
   <div class='ocr_carea' id='block_1_62' title="bbox 2451 751 4028 824">
    <p class='ocr_par' dir='ltr' id='par_1_62' title="bbox 2451 751 4028 824">
     <span class='ocr_line' id='line_1_62' title="bbox 2451 751 4028 824; baseline 0.008 -23"><span class='ocrx_word' id='word_1_472' title='bbox 2451 759 2533 802; x_wconf 92' lang='lat' dir='ltr'><strong>tos</strong></span> <span class='ocrx_word' id='word_1_473' title='bbox 2558 752 2742 813; x_wconf 87' lang='lat' dir='ltr'><strong>sensit,</strong></span> <span class='ocrx_word' id='word_1_474' title='bbox 2772 751 2981 805; x_wconf 87' lang='lat' dir='ltr'><strong>irruens</strong></span> <span class='ocrx_word' id='word_1_475' title='bbox 3023 764 3077 807; x_wconf 93' lang='lat' dir='ltr'><strong>ct</strong></span> <span class='ocrx_word' id='word_1_476' title='bbox 3107 755 3218 823; x_wconf 89' lang='lat' dir='ltr'><strong>ipse</strong></span> <span class='ocrx_word' id='word_1_477' title='bbox 3246 752 3631 824; x_wconf 82' lang='lat' dir='ltr'><strong>deSpcrationis</strong></span> <span class='ocrx_word' id='word_1_478' title='bbox 3656 754 4028 821; x_wconf 82' lang='lat' dir='ltr'><strong>cogitationem</strong></span> 
     </span>
    </p>
   </div>
   <div class='ocr_carea' id='block_1_63' title="bbox 2450 834 4029 913">
    <p class='ocr_par' dir='ltr' id='par_1_63' title="bbox 2450 834 4029 913">
     <span class='ocr_line' id='line_1_63' title="bbox 2450 834 4029 913; baseline 0.008 -25"><span class='ocrx_word' id='word_1_479' title='bbox 2450 839 2666 906; x_wconf 88' lang='lat' dir='ltr'><strong>plumbo</strong></span> <span class='ocrx_word' id='word_1_480' title='bbox 2714 834 3016 908; x_wconf 77' lang='lat' dir='ltr'><strong>graviorem</strong></span> <span class='ocrx_word' id='word_1_481' title='bbox 3046 843 3315 907; x_wconf 88' lang='lat' dir='ltr'><strong>immittit;</strong></span> <span class='ocrx_word' id='word_1_482' title='bbox 3342 858 3500 913; x_wconf 91' lang='lat' dir='ltr'><strong>quam</strong></span> <span class='ocrx_word' id='word_1_483' title='bbox 3530 842 3574 895; x_wconf 91' lang='lat' dir='ltr'><strong>si</strong></span> <span class='ocrx_word' id='word_1_484' title='bbox 3613 846 4029 913; x_wconf 83' lang='lat' dir='ltr'><strong>susceperimus,</strong></span> 
     </span>
    </p>
   </div>
   <div class='ocr_carea' id='block_1_64' title="bbox 2448 930 4030 999">
    <p class='ocr_par' dir='ltr' id='par_1_64' title="bbox 2448 930 4030 999">
     <span class='ocr_line' id='line_1_64' title="bbox 2448 930 4030 999; baseline 0.006 -17"><span class='ocrx_word' id='word_1_485' title='bbox 2448 946 2669 985; x_wconf 87' lang='lat' dir='ltr'><strong>necesse</strong></span> <span class='ocrx_word' id='word_1_486' title='bbox 2698 940 2778 984; x_wconf 89' lang='lat' dir='ltr'><strong>est</strong></span> <span class='ocrx_word' id='word_1_487' title='bbox 2802 930 3038 999; x_wconf 87' lang='lat' dir='ltr'><strong>pondere</strong></span> <span class='ocrx_word' id='word_1_488' title='bbox 3085 936 3261 987; x_wconf 89' lang='lat' dir='ltr'><strong>statim</strong></span> <span class='ocrx_word' id='word_1_489' title='bbox 3306 935 3519 990; x_wconf 86' lang='lat' dir='ltr'><strong>avolsos</strong></span> <span class='ocrx_word' id='word_1_490' title='bbox 3544 943 3599 990; x_wconf 87' lang='lat' dir='ltr'><strong>et</strong></span> <span class='ocrx_word' id='word_1_491' title='bbox 3646 949 3677 987; x_wconf 88' lang='lat' dir='ltr'><strong>a</strong></span> <span class='ocrx_word' id='word_1_492' title='bbox 3720 944 3909 988; x_wconf 88' lang='lat' dir='ltr'><strong>catena</strong></span> <span class='ocrx_word' id='word_1_493' title='bbox 3943 938 4030 992; x_wconf 89' lang='lat' dir='ltr'><strong>illa</strong></span> 
     </span>
    </p>
   </div>
   <div class='ocr_carea' id='block_1_65' title="bbox 2446 1021 4033 1097">
    <p class='ocr_par' dir='ltr' id='par_1_65' title="bbox 2446 1021 4033 1097">
     <span class='ocr_line' id='line_1_65' title="bbox 2446 1021 4033 1097; baseline 0.005 -23"><span class='ocrx_word' id='word_1_494' title='bbox 2446 1021 2741 1076; x_wconf 89' lang='lat' dir='ltr'><strong>abstractos</strong></span> <span class='ocrx_word' id='word_1_495' title='bbox 2784 1022 2834 1074; x_wconf 92' lang='lat' dir='ltr'><strong>in</strong></span> <span class='ocrx_word' id='word_1_496' title='bbox 2872 1022 3191 1089; x_wconf 90' lang='lat' dir='ltr'><strong>profundum</strong></span> <span class='ocrx_word' id='word_1_497' title='bbox 3234 1026 3492 1080; x_wconf 91' lang='lat' dir='ltr'><strong>malorum</strong></span> <span class='ocrx_word' id='word_1_498' title='bbox 3537 1026 3783 1096; x_wconf 88' lang='lat' dir='ltr'><strong>deprimi,</strong></span> <span class='ocrx_word' id='word_1_499' title='bbox 3827 1027 3878 1080; x_wconf 93' lang='lat' dir='ltr'><strong>in</strong></span> <span class='ocrx_word' id='word_1_500' title='bbox 3927 1044 4033 1097; x_wconf 89' lang='lat' dir='ltr'><strong>quo</strong></span> 
     </span>
    </p>
   </div>
   <div class='ocr_carea' id='block_1_66' title="bbox 2447 1113 4034 1185">
    <p class='ocr_par' dir='ltr' id='par_1_66' title="bbox 2447 1113 4034 1185">
     <span class='ocr_line' id='line_1_66' title="bbox 2447 1113 4034 1185; baseline 0.004 -21"><span class='ocrx_word' id='word_1_501' title='bbox 2447 1118 2501 1164; x_wconf 90' lang='lat' dir='ltr'><strong>tu</strong></span> <span class='ocrx_word' id='word_1_502' title='bbox 2522 1128 2663 1165; x_wconf 88' lang='lat' dir='ltr'><strong>nunc</strong></span> <span class='ocrx_word' id='word_1_503' title='bbox 2684 1113 2911 1165; x_wconf 86' lang='lat' dir='ltr'><strong>versaris</strong></span> <span class='ocrx_word' id='word_1_504' title='bbox 2936 1129 2949 1165; x_wconf 87' lang='lat'><strong>:</strong></span> <span class='ocrx_word' id='word_1_505' title='bbox 2974 1116 3395 1185; x_wconf 90' lang='lat' dir='ltr'><strong>quandoquidem</strong></span> <span class='ocrx_word' id='word_1_506' title='bbox 3419 1119 3619 1185; x_wconf 90' lang='lat' dir='ltr'><strong>rejecto</strong></span> <span class='ocrx_word' id='word_1_507' title='bbox 3639 1118 3779 1172; x_wconf 89' lang='lat' dir='ltr'><strong>mitis</strong></span> <span class='ocrx_word' id='word_1_508' title='bbox 3795 1126 3847 1173; x_wconf 91' lang='lat' dir='ltr'><strong>ct</strong></span> <span class='ocrx_word' id='word_1_509' title='bbox 3862 1117 4034 1173; x_wconf 81' lang='lat' dir='ltr'><strong>humi-</strong></span> 
     </span>
    </p>
   </div>
   <div class='ocr_carea' id='block_1_67' title="bbox 2445 1204 4031 1283">
    <p class='ocr_par' dir='ltr' id='par_1_67' title="bbox 2445 1204 4031 1283">
     <span class='ocr_line' id='line_1_67' title="bbox 2445 1204 4031 1283; baseline 0.006 -25"><span class='ocrx_word' id='word_1_510' title='bbox 2445 1204 2513 1258; x_wconf 91' lang='lat' dir='ltr'><strong>lis</strong></span> <span class='ocrx_word' id='word_1_511' title='bbox 2564 1206 2771 1260; x_wconf 91' lang='lat' dir='ltr'><strong>Domini</strong></span> <span class='ocrx_word' id='word_1_512' title='bbox 2832 1207 3116 1271; x_wconf 89' lang='lat' dir='ltr'><strong>mandato,</strong></span> <span class='ocrx_word' id='word_1_513' title='bbox 3154 1209 3383 1264; x_wconf 83' lang='lat' dir='ltr'><strong>crudelis</strong></span> <span class='ocrx_word' id='word_1_514' title='bbox 3438 1210 3576 1266; x_wconf 86' lang='lat' dir='ltr'><strong>illius</strong></span> <span class='ocrx_word' id='word_1_515' title='bbox 3629 1222 3785 1283; x_wconf 87' lang='lat' dir='ltr'><strong>atque</strong></span> <span class='ocrx_word' id='word_1_516' title='bbox 3818 1213 4031 1283; x_wconf 79' lang='lat' dir='ltr'><strong>tyranni</strong></span> 
     </span>
    </p>
   </div>
   <div class='ocr_carea' id='block_1_68' title="bbox 2458 1295 4029 1374">
    <p class='ocr_par' dir='ltr' id='par_1_68' title="bbox 2458 1295 4029 1374">
     <span class='ocr_line' id='line_1_68' title="bbox 2458 1295 4029 1374; baseline 0.006 -26"><span class='ocrx_word' id='word_1_517' title='bbox 2458 1295 2909 1365; x_wconf 89' lang='lat' dir='ltr'><strong>implacabilisque</strong></span> <span class='ocrx_word' id='word_1_518' title='bbox 2939 1299 3123 1354; x_wconf 88' lang='lat' dir='ltr'><strong>salutis</strong></span> <span class='ocrx_word' id='word_1_519' title='bbox 3158 1312 3353 1354; x_wconf 78' lang='lat' dir='ltr'><strong>nostra:</strong></span> <span class='ocrx_word' id='word_1_520' title='bbox 3389 1300 3587 1356; x_wconf 91' lang='lat' dir='ltr'><strong>inimici</strong></span> <span class='ocrx_word' id='word_1_521' title='bbox 3644 1315 3907 1374; x_wconf 71' lang='lat' dir='ltr'><strong>prmcepta</strong></span> <span class='ocrx_word' id='word_1_522' title='bbox 3934 1319 4029 1358; x_wconf 76' lang='lat' dir='ltr'><strong>ex-</strong></span> 
     </span>
    </p>
   </div>
   <div class='ocr_carea' id='block_1_69' title="bbox 2444 1390 4029 1464">
    <p class='ocr_par' dir='ltr' id='par_1_69' title="bbox 2444 1390 4029 1464">
     <span class='ocr_line' id='line_1_69' title="bbox 2444 1390 4029 1464; baseline 0.006 -23"><span class='ocrx_word' id='word_1_523' title='bbox 2444 1390 2686 1457; x_wconf 89' lang='lat' dir='ltr'><strong>sequeris</strong></span> <span class='ocrx_word' id='word_1_524' title='bbox 2714 1390 2908 1452; x_wconf 87' lang='lat' dir='ltr'><strong>omnia,</strong></span> <span class='ocrx_word' id='word_1_525' title='bbox 2952 1392 3099 1444; x_wconf 85' lang='lat' dir='ltr'><strong>suavi</strong></span> <span class='ocrx_word' id='word_1_526' title='bbox 3119 1392 3244 1462; x_wconf 80' lang='lat' dir='ltr'><strong>jugo</strong></span> <span class='ocrx_word' id='word_1_527' title='bbox 3265 1392 3496 1460; x_wconf 86' lang='lat' dir='ltr'><strong>dirupto.</strong></span> <span class='ocrx_word' id='word_1_528' title='bbox 3527 1391 3628 1448; x_wconf 91' lang='lat' dir='ltr'><strong>levi</strong></span> <span class='ocrx_word' id='word_1_529' title='bbox 3666 1395 3872 1464; x_wconf 87' lang='lat' dir='ltr'><strong>abjecto</strong></span> <span class='ocrx_word' id='word_1_530' title='bbox 3896 1411 4029 1451; x_wconf 83' lang='lat' dir='ltr'><strong>onc-</strong></span> 
     </span>
    </p>
   </div>
   <div class='ocr_carea' id='block_1_70' title="bbox 2446 1480 4024 1552">
    <p class='ocr_par' dir='ltr' id='par_1_70' title="bbox 2446 1480 4024 1552">
     <span class='ocr_line' id='line_1_70' title="bbox 2446 1480 4024 1552; baseline 0.008 -20"><span class='ocrx_word' id='word_1_531' title='bbox 2446 1494 2522 1543; x_wconf 89' lang='lat' dir='ltr'><strong>re,</strong></span> <span class='ocrx_word' id='word_1_532' title='bbox 2558 1480 2943 1549; x_wconf 90' lang='lat' dir='ltr'><strong>circumpositis</strong></span> <span class='ocrx_word' id='word_1_533' title='bbox 2992 1480 3043 1534; x_wconf 94' lang='lat' dir='ltr'><strong>in</strong></span> <span class='ocrx_word' id='word_1_534' title='bbox 3074 1484 3241 1537; x_wconf 89' lang='lat' dir='ltr'><strong>vicem</strong></span> <span class='ocrx_word' id='word_1_535' title='bbox 3272 1484 3483 1537; x_wconf 89' lang='lat' dir='ltr'><strong>illorum</strong></span> <span class='ocrx_word' id='word_1_536' title='bbox 3513 1485 3754 1540; x_wconf 85' lang='lat' dir='ltr'><strong>vectibus</strong></span> <span class='ocrx_word' id='word_1_537' title='bbox 3785 1487 3975 1544; x_wconf 88' lang='lat' dir='ltr'><strong>ferreis</strong></span> <span class='ocrx_word' id='word_1_538' title='bbox 4008 1504 4024 1552; x_wconf 90' lang='lat'><strong>;</strong></span> 
     </span>
    </p>
   </div>
   <div class='ocr_carea' id='block_1_71' title="bbox 2446 1569 4024 1645">
    <p class='ocr_par' dir='ltr' id='par_1_71' title="bbox 2446 1569 4024 1645">
     <span class='ocr_line' id='line_1_71' title="bbox 2446 1569 4024 1645; baseline 0.006 -23"><span class='ocrx_word' id='word_1_539' title='bbox 2446 1569 2768 1641; x_wconf 88' lang='lat' dir='ltr'><strong>insuperque</strong></span> <span class='ocrx_word' id='word_1_540' title='bbox 2798 1571 2991 1624; x_wconf 92' lang='lat' dir='ltr'><strong>molam</strong></span> <span class='ocrx_word' id='word_1_541' title='bbox 3029 1572 3315 1627; x_wconf 89' lang='lat' dir='ltr'><strong>asinariam</strong></span> <span class='ocrx_word' id='word_1_542' title='bbox 3338 1590 3365 1627; x_wconf 95' lang='lat' dir='ltr'><strong>a</strong></span> <span class='ocrx_word' id='word_1_543' title='bbox 3387 1573 3525 1627; x_wconf 90' lang='lat' dir='ltr'><strong>collo</strong></span> <span class='ocrx_word' id='word_1_544' title='bbox 3551 1581 3640 1627; x_wconf 91' lang='lat' dir='ltr'><strong>tuo</strong></span> <span class='ocrx_word' id='word_1_545' title='bbox 3683 1579 4024 1645; x_wconf 88' lang='lat' dir='ltr'><strong>suspendisti.</strong></span> 
     </span>
    </p>
   </div>
   <div class='ocr_carea' id='block_1_72' title="bbox 2445 1660 4024 1735">
    <p class='ocr_par' dir='ltr' id='par_1_72' title="bbox 2445 1660 4024 1735">
     <span class='ocr_line' id='line_1_72' title="bbox 2445 1660 4024 1735; baseline 0.007 -19"><span class='ocrx_word' id='word_1_546' title='bbox 2445 1660 2544 1716; x_wconf 84' lang='lat' dir='ltr'><strong>Ubi</strong></span> <span class='ocrx_word' id='word_1_547' title='bbox 2564 1678 2702 1717; x_wconf 91' lang='lat' dir='ltr'><strong>nunc</strong></span> <span class='ocrx_word' id='word_1_548' title='bbox 2719 1664 2944 1727; x_wconf 85' lang='lat' dir='ltr'><strong>steteris,</strong></span> <span class='ocrx_word' id='word_1_549' title='bbox 2997 1676 3273 1735; x_wconf 89' lang='lat' dir='ltr'><strong>postquam</strong></span> <span class='ocrx_word' id='word_1_550' title='bbox 3314 1666 3572 1721; x_wconf 86' lang='lat' dir='ltr'><strong>infelicem</strong></span> <span class='ocrx_word' id='word_1_551' title='bbox 3616 1668 3847 1722; x_wconf 89' lang='lat' dir='ltr'><strong>animam</strong></span> <span class='ocrx_word' id='word_1_552' title='bbox 3882 1682 4024 1728; x_wconf 86' lang='lat' dir='ltr'><strong>tuam</strong></span> 
     </span>
    </p>
   </div>
   <div class='ocr_carea' id='block_1_73' title="bbox 2443 1752 4023 1819">
    <p class='ocr_par' dir='ltr' id='par_1_73' title="bbox 2443 1752 4023 1819">
     <span class='ocr_line' id='line_1_73' title="bbox 2443 1752 4023 1819; baseline 0.007 -15"><span class='ocrx_word' id='word_1_553' title='bbox 2443 1752 2763 1815; x_wconf 89' lang='lat' dir='ltr'><strong>demersisti,</strong></span> <span class='ocrx_word' id='word_1_554' title='bbox 2779 1767 2840 1807; x_wconf 89' lang='lat' dir='ltr'><strong>ac</strong></span> <span class='ocrx_word' id='word_1_555' title='bbox 2863 1754 2953 1806; x_wconf 89' lang='lat' dir='ltr'><strong>tibi</strong></span> <span class='ocrx_word' id='word_1_556' title='bbox 2971 1768 3088 1807; x_wconf 86' lang='lat' dir='ltr'><strong>eam</strong></span> <span class='ocrx_word' id='word_1_557' title='bbox 3110 1757 3480 1812; x_wconf 86' lang='lat' dir='ltr'><strong>necessitatem</strong></span> <span class='ocrx_word' id='word_1_558' title='bbox 3501 1757 3772 1819; x_wconf 82' lang='lat' dir='ltr'><strong>induxisti,</strong></span> <span class='ocrx_word' id='word_1_559' title='bbox 3794 1767 3851 1811; x_wconf 91' lang='lat' dir='ltr'><strong>ut</strong></span> <span class='ocrx_word' id='word_1_560' title='bbox 3868 1760 4023 1814; x_wconf 85' lang='lat' dir='ltr'><strong>deor-</strong></span> 
     </span>
    </p>
   </div>
   <div class='ocr_carea' id='block_1_74' title="bbox 2441 1842 4022 1917">
    <p class='ocr_par' dir='ltr' id='par_1_74' title="bbox 2441 1842 4022 1917">
     <span class='ocr_line' id='line_1_74' title="bbox 2441 1842 4022 1917; baseline 0.005 -22"><span class='ocrx_word' id='word_1_561' title='bbox 2441 1857 2560 1896; x_wconf 92' lang='lat' dir='ltr'><strong>sum</strong></span> <span class='ocrx_word' id='word_1_562' title='bbox 2589 1858 2797 1912; x_wconf 89' lang='lat' dir='ltr'><strong>semper</strong></span> <span class='ocrx_word' id='word_1_563' title='bbox 2822 1842 3005 1897; x_wconf 86' lang='lat' dir='ltr'><strong>tendas</strong></span> <span class='ocrx_word' id='word_1_564' title='bbox 3023 1844 3045 1895; x_wconf 91' lang='lat'><strong>?</strong></span> <span class='ocrx_word' id='word_1_565' title='bbox 3063 1844 3248 1899; x_wconf 80' lang='lat' dir='ltr'><strong>Mulier</strong></span> <span class='ocrx_word' id='word_1_566' title='bbox 3268 1850 3443 1917; x_wconf 85' lang='lat' dir='ltr'><strong>itaque</strong></span> <span class='ocrx_word' id='word_1_567' title='bbox 3465 1846 3551 1900; x_wconf 84' lang='lat' dir='ltr'><strong>illa</strong></span> <span class='ocrx_word' id='word_1_568' title='bbox 3573 1863 3690 1917; x_wconf 72' lang='lat' dir='ltr'><strong>qua:</strong></span> <span class='ocrx_word' id='word_1_569' title='bbox 3710 1846 4022 1909; x_wconf 85' lang='lat' dir='ltr'><strong>drachmam</strong></span> 
     </span>
    </p>
   </div>
   <div class='ocr_carea' id='block_1_75' title="bbox 2440 1935 4020 2008">
    <p class='ocr_par' dir='ltr' id='par_1_75' title="bbox 2440 1935 4020 2008">
     <span class='ocr_line' id='line_1_75' title="bbox 2440 1935 4020 2008; baseline 0.004 -22"><span class='ocrx_word' id='word_1_570' title='bbox 2440 1948 2601 1987; x_wconf 92' lang='lat' dir='ltr'><strong>unam</strong></span> <span class='ocrx_word' id='word_1_571' title='bbox 2627 1935 2917 1998; x_wconf 80' lang='lat' dir='ltr'><strong>invenerat,</strong></span> <span class='ocrx_word' id='word_1_572' title='bbox 2941 1936 3141 1989; x_wconf 88' lang='lat' dir='ltr'><strong>vicinas</strong></span> <span class='ocrx_word' id='word_1_573' title='bbox 3166 1936 3461 1992; x_wconf 87' lang='lat' dir='ltr'><strong>advocabat</strong></span> <span class='ocrx_word' id='word_1_574' title='bbox 3507 1938 3702 1991; x_wconf 70' lang='lat' dir='ltr'><strong>tretitia:</strong></span> <span class='ocrx_word' id='word_1_575' title='bbox 3723 1952 3833 1993; x_wconf 66' lang='lat' dir='ltr'><strong>sum</strong></span> <span class='ocrx_word' id='word_1_576' title='bbox 3854 1941 4020 2008; x_wconf 84' lang='lat' dir='ltr'><strong>parti-</strong></span> 
     </span>
    </p>
   </div>
   <div class='ocr_carea' id='block_1_76' title="bbox 2441 2023 4018 2097">
    <p class='ocr_par' dir='ltr' id='par_1_76' title="bbox 2441 2023 4018 2097">
     <span class='ocr_line' id='line_1_76' title="bbox 2441 2023 4018 2097; baseline 0.002 -20"><span class='ocrx_word' id='word_1_577' title='bbox 2441 2024 2586 2092; x_wconf 87' lang='lat' dir='ltr'><strong>cipes</strong></span> <span class='ocrx_word' id='word_1_578' title='bbox 2619 2066 2634 2089; x_wconf 91' lang='lat'><strong>,</strong></span> <span class='ocrx_word' id='word_1_579' title='bbox 2683 2024 2865 2077; x_wconf 87' lang='lat' dir='ltr'><strong>dicens</strong></span> <span class='ocrx_word' id='word_1_580' title='bbox 2897 2042 2910 2077; x_wconf 89' lang='lat'><strong>:</strong></span> <span class='ocrx_word' id='word_1_581' title='bbox 2943 2023 3379 2095; x_wconf 79' lang='lat' dir='ltr'><strong>Congratulamini</strong></span> <span class='ocrx_word' id='word_1_582' title='bbox 3425 2028 3587 2093; x_wconf 81' lang='lat' dir='ltr'><strong>mihi(</strong></span> <span class='ocrx_word' id='word_1_583' title='bbox 3615 2025 3741 2079; x_wconf 89' lang='lat' dir='ltr'><strong>Luc.</strong></span> <span class='ocrx_word' id='word_1_584' title='bbox 3792 2028 3879 2081; x_wconf 79' lang='grc'><strong>15.</strong></span> <span class='ocrx_word' id='word_1_585' title='bbox 3918 2032 3949 2082; x_wconf 85' lang='grc'>9</span> <span class='ocrx_word' id='word_1_586' title='bbox 3977 2029 4018 2097; x_wconf 89' lang='grc'><strong>).</strong></span> 
     </span>
    </p>
   </div>
   <div class='ocr_carea' id='block_1_77' title="bbox 2439 2115 4020 2185">
    <p class='ocr_par' dir='ltr' id='par_1_77' title="bbox 2439 2115 4020 2185">
     <span class='ocr_line' id='line_1_77' title="bbox 2439 2115 4020 2185; baseline 0.003 -16"><span class='ocrx_word' id='word_1_587' title='bbox 2439 2115 2551 2184; x_wconf 83' lang='lat' dir='ltr'><strong>Ego</strong></span> <span class='ocrx_word' id='word_1_588' title='bbox 2582 2130 2706 2168; x_wconf 89' lang='lat' dir='ltr'><strong>vero</strong></span> <span class='ocrx_word' id='word_1_589' title='bbox 2724 2115 2927 2168; x_wconf 87' lang='lat' dir='ltr'><strong>amicos</strong></span> <span class='ocrx_word' id='word_1_590' title='bbox 2942 2130 3130 2171; x_wconf 88' lang='lat' dir='ltr'><strong>onmes</strong></span> <span class='ocrx_word' id='word_1_591' title='bbox 3174 2126 3227 2171; x_wconf 91' lang='lat' dir='ltr'><strong>et</strong></span> <span class='ocrx_word' id='word_1_592' title='bbox 3243 2132 3390 2171; x_wconf 90' lang='lat' dir='ltr'><strong>meos</strong></span> <span class='ocrx_word' id='word_1_593' title='bbox 3411 2127 3463 2170; x_wconf 89' lang='lat' dir='ltr'><strong>et</strong></span> <span class='ocrx_word' id='word_1_594' title='bbox 3486 2126 3603 2171; x_wconf 91' lang='lat' dir='ltr'><strong>tuos</strong></span> <span class='ocrx_word' id='word_1_595' title='bbox 3629 2116 3694 2170; x_wconf 83' lang='lat' dir='ltr'><strong>ad</strong></span> <span class='ocrx_word' id='word_1_596' title='bbox 3725 2131 3839 2170; x_wconf 88' lang='lat' dir='ltr'><strong>rem</strong></span> <span class='ocrx_word' id='word_1_597' title='bbox 3866 2117 4020 2185; x_wconf 82' lang='lat' dir='ltr'><strong>plano</strong></span> 
     </span>
    </p>
   </div>
   <div class='ocr_carea' id='block_1_78' title="bbox 2438 2204 4019 2281">
    <p class='ocr_par' dir='ltr' id='par_1_78' title="bbox 2438 2204 4019 2281">
     <span class='ocr_line' id='line_1_78' title="bbox 2438 2204 4019 2281; baseline 0.003 -22"><span class='ocrx_word' id='word_1_598' title='bbox 2438 2204 2756 2259; x_wconf 88' lang='lat' dir='ltr'><strong>contrariam</strong></span> <span class='ocrx_word' id='word_1_599' title='bbox 2787 2221 2926 2260; x_wconf 89' lang='lat' dir='ltr'><strong>nunc</strong></span> <span class='ocrx_word' id='word_1_600' title='bbox 2964 2209 3268 2262; x_wconf 89' lang='lat' dir='ltr'><strong>convocabo</strong></span> <span class='ocrx_word' id='word_1_601' title='bbox 3301 2226 3313 2260; x_wconf 91' lang='lat'>:</span> <span class='ocrx_word' id='word_1_602' title='bbox 3342 2223 3440 2261; x_wconf 82' lang='lat' dir='ltr'><strong>nec</strong></span> <span class='ocrx_word' id='word_1_603' title='bbox 3468 2208 3639 2260; x_wconf 85' lang='lat' dir='ltr'><strong>dicam</strong></span> <span class='ocrx_word' id='word_1_604' title='bbox 3674 2206 4019 2281; x_wconf 54' lang='lat' dir='ltr'><strong>:ﬁpngratu-</strong></span> 
     </span>
    </p>
   </div>
   <div class='ocr_carea' id='block_1_79' title="bbox 2439 2288 4019 2371">
    <p class='ocr_par' dir='ltr' id='par_1_79' title="bbox 2439 2288 4019 2371">
     <span class='ocr_line' id='line_1_79' title="bbox 2439 2288 4019 2371; baseline 0.004 -21"><span class='ocrx_word' id='word_1_605' title='bbox 2439 2299 2617 2352; x_wconf 90' lang='lat' dir='ltr'><strong>lamini</strong></span> <span class='ocrx_word' id='word_1_606' title='bbox 2668 2298 2987 2363; x_wconf 89' lang='lat' dir='ltr'><strong>mihi;sed:</strong></span> <span class='ocrx_word' id='word_1_607' title='bbox 3032 2301 3228 2370; x_wconf 83' lang='lat' dir='ltr'><strong>Lugete</strong></span> <span class='ocrx_word' id='word_1_608' title='bbox 3278 2315 3508 2360; x_wconf 87' lang='lat' dir='ltr'><strong>mecum.</strong></span> <span class='ocrx_word' id='word_1_609' title='bbox 3556 2288 4019 2371; x_wconf 82' lang='lat' dir='ltr'><strong>emndemquelu-</strong></span> 
     </span>
    </p>
   </div>
   <div class='ocr_carea' id='block_1_80' title="bbox 2435 2391 4017 2454">
    <p class='ocr_par' dir='ltr' id='par_1_80' title="bbox 2435 2391 4017 2454">
     <span class='ocr_line' id='line_1_80' title="bbox 2435 2391 4017 2454; baseline 0.001 -11"><span class='ocrx_word' id='word_1_610' title='bbox 2435 2400 2576 2443; x_wconf 88' lang='lat' dir='ltr'><strong>ctum</strong></span> <span class='ocrx_word' id='word_1_611' title='bbox 2638 2391 2926 2454; x_wconf 87' lang='lat' dir='ltr'><strong>assumite,</strong></span> <span class='ocrx_word' id='word_1_612' title='bbox 2957 2400 3011 2445; x_wconf 84' lang='lat' dir='ltr'><strong>ct</strong></span> <span class='ocrx_word' id='word_1_613' title='bbox 3064 2392 3386 2445; x_wconf 84' lang='lat' dir='ltr'><strong>lamentabili</strong></span> <span class='ocrx_word' id='word_1_614' title='bbox 3439 2394 3711 2446; x_wconf 85' lang='lat' dir='ltr'><strong>nobiscum</strong></span> <span class='ocrx_word' id='word_1_615' title='bbox 3746 2410 3873 2448; x_wconf 86' lang='lat' dir='ltr'><strong>voce</strong></span> <span class='ocrx_word' id='word_1_616' title='bbox 3910 2396 4017 2448; x_wconf 65' lang='lat' dir='ltr'><strong>cla.</strong></span> 
     </span>
    </p>
   </div>
   <div class='ocr_carea' id='block_1_81' title="bbox 2435 2479 4012 2553">
    <p class='ocr_par' dir='ltr' id='par_1_81' title="bbox 2435 2479 4012 2553">
     <span class='ocr_line' id='line_1_81' title="bbox 2435 2479 4012 2553; baseline 0.004 -22"><span class='ocrx_word' id='word_1_617' title='bbox 2435 2487 2595 2532; x_wconf 80' lang='lat' dir='ltr'><strong>male.</strong></span> <span class='ocrx_word' id='word_1_618' title='bbox 2623 2479 2924 2534; x_wconf 76' lang='lat' dir='ltr'><strong>Extremam</strong></span> <span class='ocrx_word' id='word_1_619' title='bbox 2947 2482 3140 2551; x_wconf 88' lang='lat' dir='ltr'><strong>quippe</strong></span> <span class='ocrx_word' id='word_1_620' title='bbox 3162 2482 3421 2550; x_wconf 88' lang='lat' dir='ltr'><strong>jacturam</strong></span> <span class='ocrx_word' id='word_1_621' title='bbox 3453 2481 3711 2547; x_wconf 89' lang='lat' dir='ltr'><strong>fecimus;</strong></span> <span class='ocrx_word' id='word_1_622' title='bbox 3744 2500 3849 2538; x_wconf 89' lang='lat' dir='ltr'><strong>non</strong></span> <span class='ocrx_word' id='word_1_623' title='bbox 3870 2484 4012 2553; x_wconf 91' lang='lat' dir='ltr'><strong>quod</strong></span> 
     </span>
    </p>
   </div>
   <div class='ocr_carea' id='block_1_82' title="bbox 2436 2572 4014 2643">
    <p class='ocr_par' dir='ltr' id='par_1_82' title="bbox 2436 2572 4014 2643">
     <span class='ocr_line' id='line_1_82' title="bbox 2436 2572 4014 2643; baseline 0.004 -19"><span class='ocrx_word' id='word_1_624' title='bbox 2436 2579 2512 2624; x_wconf 91' lang='lat' dir='ltr'><strong>tot</strong></span> <span class='ocrx_word' id='word_1_625' title='bbox 2546 2579 2599 2624; x_wconf 91' lang='lat' dir='ltr'><strong>et</strong></span> <span class='ocrx_word' id='word_1_626' title='bbox 2621 2579 2698 2624; x_wconf 89' lang='lat' dir='ltr'><strong>tot</strong></span> <span class='ocrx_word' id='word_1_627' title='bbox 2722 2573 2836 2624; x_wconf 89' lang='lat' dir='ltr'><strong>auri</strong></span> <span class='ocrx_word' id='word_1_628' title='bbox 2862 2572 3054 2626; x_wconf 87' lang='lat' dir='ltr'><strong>talenta</strong></span> <span class='ocrx_word' id='word_1_629' title='bbox 3088 2588 3118 2626; x_wconf 89' lang='lat' dir='ltr'><strong>e</strong></span> <span class='ocrx_word' id='word_1_630' title='bbox 3143 2573 3384 2627; x_wconf 89' lang='lat' dir='ltr'><strong>manibus</strong></span> <span class='ocrx_word' id='word_1_631' title='bbox 3405 2574 3719 2637; x_wconf 80' lang='lat' dir='ltr'><strong>exciderint,</strong></span> <span class='ocrx_word' id='word_1_632' title='bbox 3751 2589 3848 2628; x_wconf 82' lang='lat' dir='ltr'><strong>nec</strong></span> <span class='ocrx_word' id='word_1_633' title='bbox 3874 2574 4014 2643; x_wconf 87' lang='lat' dir='ltr'><strong>quod</strong></span> 
     </span>
    </p>
   </div>
   <div class='ocr_carea' id='block_1_83' title="bbox 2432 2664 4017 2735">
    <p class='ocr_par' dir='ltr' id='par_1_83' title="bbox 2432 2664 4017 2735">
     <span class='ocr_line' id='line_1_83' title="bbox 2432 2664 4017 2735; baseline 0.004 -20"><span class='ocrx_word' id='word_1_634' title='bbox 2432 2679 2618 2733; x_wconf 76' lang='lat' dir='ltr'><strong>magna</strong></span> <span class='ocrx_word' id='word_1_635' title='bbox 2660 2664 2741 2717; x_wconf 91' lang='lat' dir='ltr'><strong>vis</strong></span> <span class='ocrx_word' id='word_1_636' title='bbox 2787 2664 3021 2732; x_wconf 87' lang='lat' dir='ltr'><strong>lapidum</strong></span> <span class='ocrx_word' id='word_1_637' title='bbox 3050 2666 3441 2733; x_wconf 89' lang='lat' dir='ltr'><strong>pretiosorum;</strong></span> <span class='ocrx_word' id='word_1_638' title='bbox 3484 2666 3576 2720; x_wconf 88' lang='lat' dir='ltr'><strong>sed</strong></span> <span class='ocrx_word' id='word_1_639' title='bbox 3625 2666 3763 2735; x_wconf 89' lang='lat' dir='ltr'><strong>quod</strong></span> <span class='ocrx_word' id='word_1_640' title='bbox 3802 2668 3881 2720; x_wconf 92' lang='lat' dir='ltr'><strong>vir</strong></span> <span class='ocrx_word' id='word_1_641' title='bbox 3934 2668 4017 2722; x_wconf 83' lang='lat' dir='ltr'><strong>his</strong></span> 
     </span>
    </p>
   </div>
   <div class='ocr_carea' id='block_1_84' title="bbox 2430 2757 4013 2828">
    <p class='ocr_par' dir='ltr' id='par_1_84' title="bbox 2430 2757 4013 2828">
     <span class='ocr_line' id='line_1_84' title="bbox 2430 2757 4013 2828; baseline 0.003 -21"><span class='ocrx_word' id='word_1_642' title='bbox 2430 2758 2679 2809; x_wconf 88' lang='lat' dir='ltr'><strong>omnibus</strong></span> <span class='ocrx_word' id='word_1_643' title='bbox 2708 2757 3012 2825; x_wconf 89' lang='lat' dir='ltr'><strong>pretiosior,</strong></span> <span class='ocrx_word' id='word_1_644' title='bbox 3041 2758 3131 2826; x_wconf 89' lang='lat' dir='ltr'><strong>qui</strong></span> <span class='ocrx_word' id='word_1_645' title='bbox 3176 2759 3227 2811; x_wconf 92' lang='lat' dir='ltr'><strong>in</strong></span> <span class='ocrx_word' id='word_1_646' title='bbox 3270 2758 3367 2811; x_wconf 91' lang='lat' dir='ltr'><strong>hoc</strong></span> <span class='ocrx_word' id='word_1_647' title='bbox 3416 2774 3606 2828; x_wconf 81' lang='lat' dir='ltr'><strong>magno</strong></span> <span class='ocrx_word' id='word_1_648' title='bbox 3632 2768 3685 2812; x_wconf 92' lang='lat' dir='ltr'><strong>et</strong></span> <span class='ocrx_word' id='word_1_649' title='bbox 3712 2760 4013 2813; x_wconf 87' lang='lat' dir='ltr'><strong>vastissimo</strong></span> 
     </span>
    </p>
   </div>
   <div class='ocr_carea' id='block_1_85' title="bbox 2432 2848 4005 2917">
    <p class='ocr_par' dir='ltr' id='par_1_85' title="bbox 2432 2848 4005 2917">
     <span class='ocr_line' id='line_1_85' title="bbox 2432 2848 4005 2917; baseline 0.003 -18"><span class='ocrx_word' id='word_1_650' title='bbox 2432 2848 2564 2900; x_wconf 85' lang='lat' dir='ltr'><strong>mari</strong></span> <span class='ocrx_word' id='word_1_651' title='bbox 2595 2848 2869 2901; x_wconf 89' lang='lat' dir='ltr'><strong>nobiscum</strong></span> <span class='ocrx_word' id='word_1_652' title='bbox 2899 2848 3198 2913; x_wconf 73' lang='lat' dir='ltr'><strong>navigabat,</strong></span> <span class='ocrx_word' id='word_1_653' title='bbox 3227 2849 3526 2917; x_wconf 88' lang='lat' dir='ltr'><strong>nescioquo</strong></span> <span class='ocrx_word' id='word_1_654' title='bbox 3546 2858 3699 2916; x_wconf 78' lang='lat' dir='ltr'><strong>pacto</strong></span> <span class='ocrx_word' id='word_1_655' title='bbox 3724 2865 4005 2917; x_wconf 78' lang='lat' dir='ltr'><strong>excussus,</strong></span> 
     </span>
    </p>
   </div>
   <div class='ocr_carea' id='block_1_86' title="bbox 2432 2939 3610 3007">
    <p class='ocr_par' dir='ltr' id='par_1_86' title="bbox 2432 2939 3610 3007">
     <span class='ocr_line' id='line_1_86' title="bbox 2432 2939 3610 3007; baseline 0.003 -17"><span class='ocrx_word' id='word_1_656' title='bbox 2432 2939 2482 2992; x_wconf 94' lang='lat' dir='ltr'><strong>in</strong></span> <span class='ocrx_word' id='word_1_657' title='bbox 2514 2939 2681 3007; x_wconf 89' lang='lat' dir='ltr'><strong>ipsum</strong></span> <span class='ocrx_word' id='word_1_658' title='bbox 2714 2940 2965 3007; x_wconf 85' lang='lat' dir='ltr'><strong>perniciei</strong></span> <span class='ocrx_word' id='word_1_659' title='bbox 2995 2939 3310 3007; x_wconf 88' lang='lat' dir='ltr'><strong>profundum</strong></span> <span class='ocrx_word' id='word_1_660' title='bbox 3329 2939 3610 2993; x_wconf 89' lang='lat' dir='ltr'><strong>deciderit.</strong></span> 
     </span>
    </p>
   </div>
   <div class='ocr_carea' id='block_1_87' title="bbox 2500 3031 4010 3099">
    <p class='ocr_par' dir='ltr' id='par_1_87' title="bbox 2500 3031 4010 3099">
     <span class='ocr_line' id='line_1_87' title="bbox 2500 3031 4010 3099; baseline 0.001 -15"><span class='ocrx_word' id='word_1_661' title='bbox 2500 3033 2552 3084; x_wconf 83' lang='grc'><strong>5.</strong></span> <span class='ocrx_word' id='word_1_662' title='bbox 2580 3031 2731 3097; x_wconf 84' lang='lat' dir='ltr'><strong>Quod</strong></span> <span class='ocrx_word' id='word_1_663' title='bbox 2753 3032 2795 3083; x_wconf 83' lang='lat' dir='ltr'><strong>si</strong></span> <span class='ocrx_word' id='word_1_664' title='bbox 2824 3031 2912 3099; x_wconf 89' lang='lat' dir='ltr'><strong>qui</strong></span> <span class='ocrx_word' id='word_1_665' title='bbox 2943 3047 3027 3085; x_wconf 89' lang='lat' dir='ltr'><strong>me</strong></span> <span class='ocrx_word' id='word_1_666' title='bbox 3052 3048 3080 3083; x_wconf 88' lang='lat' dir='ltr'><strong>a</strong></span> <span class='ocrx_word' id='word_1_667' title='bbox 3108 3032 3248 3084; x_wconf 84' lang='lat' dir='ltr'><strong>luctu</strong></span> <span class='ocrx_word' id='word_1_668' title='bbox 3276 3031 3893 3095; x_wconf 88' lang='lat' dir='ltr'><strong>ahduceretcntavcrint,</strong></span> <span class='ocrx_word' id='word_1_669' title='bbox 3918 3048 4010 3085; x_wconf 89' lang='lat' dir='ltr'><strong>eos</strong></span> 
     </span>
    </p>
   </div>
   <div class='ocr_carea' id='block_1_88' title="bbox 2431 3119 4009 3191">
    <p class='ocr_par' dir='ltr' id='par_1_88' title="bbox 2431 3119 4009 3191">
     <span class='ocr_line' id='line_1_88' title="bbox 2431 3119 4009 3191; baseline -0.001 -17"><span class='ocrx_word' id='word_1_670' title='bbox 2431 3120 2576 3174; x_wconf 76' lang='lat' dir='ltr'><strong>hisce</strong></span> <span class='ocrx_word' id='word_1_671' title='bbox 2598 3123 2869 3191; x_wconf 71' lang='lat' dir='ltr'><strong>prephette</strong></span> <span class='ocrx_word' id='word_1_672' title='bbox 2892 3122 3068 3174; x_wconf 84' lang='lat' dir='ltr'><strong>verbis</strong></span> <span class='ocrx_word' id='word_1_673' title='bbox 3111 3122 3349 3190; x_wconf 86' lang='lat' dir='ltr'><strong>alloquar</strong></span> <span class='ocrx_word' id='word_1_674' title='bbox 3377 3139 3390 3173; x_wconf 70' lang='grc' dir='ltr'>ς</span> <span class='ocrx_word' id='word_1_675' title='bbox 3420 3119 3671 3173; x_wconf 68' lang='lat' dir='ltr'><strong>Dimittit:</strong></span> <span class='ocrx_word' id='word_1_676' title='bbox 3711 3138 3808 3186; x_wconf 85' lang='lat' dir='ltr'><strong>me,</strong></span> <span class='ocrx_word' id='word_1_677' title='bbox 3838 3138 4009 3174; x_wconf 79' lang='lat' dir='ltr'><strong>amare</strong></span> 
     </span>
    </p>
   </div>
   <div class='ocr_carea' id='block_1_89' title="bbox 2427 3211 4003 3282">
    <p class='ocr_par' dir='ltr' id='par_1_89' title="bbox 2427 3211 4003 3282">
     <span class='ocr_line' id='line_1_89' title="bbox 2427 3211 4003 3282; baseline -0.001 -16"><span class='ocrx_word' id='word_1_678' title='bbox 2427 3215 2557 3281; x_wconf 81' lang='lat' dir='ltr'><strong>ﬂebo</strong></span> <span class='ocrx_word' id='word_1_679' title='bbox 2589 3229 2605 3265; x_wconf 94' lang='lat'><em>:</em></span> <span class='ocrx_word' id='word_1_680' title='bbox 2649 3228 2712 3265; x_wconf 89' lang='lat' dir='ltr'><strong>ne</strong></span> <span class='ocrx_word' id='word_1_681' title='bbox 2738 3214 2836 3264; x_wconf 86' lang='lat' dir='ltr'><strong>vim</strong></span> <span class='ocrx_word' id='word_1_682' title='bbox 2889 3213 3087 3282; x_wconf 79' lang='lat' dir='ltr'><strong>faciatis</strong></span> <span class='ocrx_word' id='word_1_683' title='bbox 3111 3213 3178 3264; x_wconf 85' lang='lat' dir='ltr'><strong>ad</strong></span> <span class='ocrx_word' id='word_1_684' title='bbox 3215 3212 3729 3282; x_wconf 84' lang='lat' dir='ltr'><strong>consolandumme(</strong></span> <span class='ocrx_word' id='word_1_685' title='bbox 3761 3211 3892 3265; x_wconf 88' lang='lat' dir='ltr'><strong>lsai.</strong></span> <span class='ocrx_word' id='word_1_686' title='bbox 3913 3212 4003 3266; x_wconf 71' lang='grc'><strong>22.</strong></span> 
     </span>
    </p>
   </div>
   <div class='ocr_carea' id='block_1_90' title="bbox 2426 3302 4004 3375">
    <p class='ocr_par' dir='ltr' id='par_1_90' title="bbox 2426 3302 4004 3375">
     <span class='ocr_line' id='line_1_90' title="bbox 2426 3302 4004 3375; baseline -0.003 -14"><span class='ocrx_word' id='word_1_687' title='bbox 2426 3308 2517 3375; x_wconf 77' lang='grc'><strong>4).</strong></span> <span class='ocrx_word' id='word_1_688' title='bbox 2572 3306 2751 3374; x_wconf 70' lang='lat' dir='ltr'><strong>Neque</strong></span> <span class='ocrx_word' id='word_1_689' title='bbox 2794 3306 2934 3358; x_wconf 92' lang='lat' dir='ltr'><strong>cnim</strong></span> <span class='ocrx_word' id='word_1_690' title='bbox 2968 3305 3059 3358; x_wconf 86' lang='lat' dir='ltr'><strong>tali</strong></span> <span class='ocrx_word' id='word_1_691' title='bbox 3107 3305 3249 3357; x_wconf 90' lang='lat' dir='ltr'><strong>luctu</strong></span> <span class='ocrx_word' id='word_1_692' title='bbox 3295 3320 3434 3356; x_wconf 90' lang='lat' dir='ltr'><strong>nunc</strong></span> <span class='ocrx_word' id='word_1_693' title='bbox 3462 3302 3684 3367; x_wconf 84' lang='lat' dir='ltr'><strong>afficior,</strong></span> <span class='ocrx_word' id='word_1_694' title='bbox 3715 3303 3805 3371; x_wconf 90' lang='lat' dir='ltr'><strong>qui</strong></span> <span class='ocrx_word' id='word_1_695' title='bbox 3853 3304 4004 3370; x_wconf 84' lang='lat' dir='ltr'><strong>mihi,</strong></span> 
     </span>
    </p>
   </div>
   <div class='ocr_carea' id='block_1_91' title="bbox 2425 3393 4002 3469">
    <p class='ocr_par' dir='ltr' id='par_1_91' title="bbox 2425 3393 4002 3469">
     <span class='ocr_line' id='line_1_91' title="bbox 2425 3393 4002 3469; baseline -0.003 -18"><span class='ocrx_word' id='word_1_696' title='bbox 2425 3398 2563 3469; x_wconf 82' lang='lat' dir='ltr'><strong>quod</strong></span> <span class='ocrx_word' id='word_1_697' title='bbox 2594 3397 2969 3451; x_wconf 67' lang='lat' dir='ltr'><strong>innnoderatm</strong></span> <span class='ocrx_word' id='word_1_698' title='bbox 2993 3396 3080 3460; x_wconf 89' lang='lat' dir='ltr'><strong>sit,</strong></span> <span class='ocrx_word' id='word_1_699' title='bbox 3114 3396 3241 3448; x_wconf 92' lang='lat' dir='ltr'><strong>vitio</strong></span> <span class='ocrx_word' id='word_1_700' title='bbox 3285 3394 3416 3449; x_wconf 87' lang='lat' dir='ltr'><strong>verti</strong></span> <span class='ocrx_word' id='word_1_701' title='bbox 3453 3393 3647 3461; x_wconf 88' lang='lat' dir='ltr'><strong>possit;</strong></span> <span class='ocrx_word' id='word_1_702' title='bbox 3675 3393 3768 3446; x_wconf 90' lang='lat' dir='ltr'><strong>sed</strong></span> <span class='ocrx_word' id='word_1_703' title='bbox 3796 3395 4002 3461; x_wconf 85' lang='lat' dir='ltr'><strong>qualem</strong></span> 
     </span>
    </p>
   </div>
   <div class='ocr_carea' id='block_1_92' title="bbox 2425 3484 4000 3553">
    <p class='ocr_par' dir='ltr' id='par_1_92' title="bbox 2425 3484 4000 3553">
     <span class='ocr_line' id='line_1_92' title="bbox 2425 3484 4000 3553; baseline -0.006 -8"><span class='ocrx_word' id='word_1_704' title='bbox 2425 3507 2524 3545; x_wconf 91' lang='lat' dir='ltr'><strong>nec</strong></span> <span class='ocrx_word' id='word_1_705' title='bbox 2543 3490 2782 3553; x_wconf 84' lang='lat' dir='ltr'><strong>Paulum,</strong></span> <span class='ocrx_word' id='word_1_706' title='bbox 2816 3503 2914 3542; x_wconf 90' lang='lat' dir='ltr'><strong>nec</strong></span> <span class='ocrx_word' id='word_1_707' title='bbox 2940 3488 3173 3551; x_wconf 84' lang='lat' dir='ltr'><strong>Petrum,</strong></span> <span class='ocrx_word' id='word_1_708' title='bbox 3203 3485 3349 3538; x_wconf 90' lang='lat' dir='ltr'><strong>onmi</strong></span> <span class='ocrx_word' id='word_1_709' title='bbox 3386 3484 3753 3537; x_wconf 88' lang='lat' dir='ltr'><strong>consolatione</strong></span> <span class='ocrx_word' id='word_1_710' title='bbox 3783 3484 4000 3551; x_wconf 70' lang='lat' dir='ltr'><strong>rejecto,</strong></span> 
     </span>
    </p>
   </div>
   <div class='ocr_carea' id='block_1_93' title="bbox 2422 3580 3011 3648">
    <p class='ocr_par' dir='ltr' id='par_1_93' title="bbox 2422 3580 3011 3648">
     <span class='ocr_line' id='line_1_93' title="bbox 2422 3580 3011 3648; baseline -0.007 -14"><span class='ocrx_word' id='word_1_711' title='bbox 2422 3596 2696 3635; x_wconf 78' lang='lat' dir='ltr'><strong>assumere</strong></span> <span class='ocrx_word' id='word_1_712' title='bbox 2720 3580 3011 3648; x_wconf 78' lang='lat' dir='ltr'><strong>puduisset.</strong></span> 
     </span>
    </p>
   </div>
   <div class='ocr_carea' id='block_1_94' title="bbox 2493 3663 3999 3741">
    <p class='ocr_par' dir='ltr' id='par_1_94' title="bbox 2493 3663 3999 3741">
     <span class='ocr_line' id='line_1_94' title="bbox 2493 3663 3999 3741; baseline -0.005 -17"><span class='ocrx_word' id='word_1_713' title='bbox 2493 3672 2808 3741; x_wconf 79' lang='lat' dir='ltr'><strong>Deplorundi</strong></span> <span class='ocrx_word' id='word_1_714' title='bbox 2836 3670 2921 3738; x_wconf 85' lang='lat' dir='ltr'><strong>qui</strong></span> <span class='ocrx_word' id='word_1_715' title='bbox 2972 3670 3024 3719; x_wconf 88' lang='lat' dir='ltr'><strong>in</strong></span> <span class='ocrx_word' id='word_1_716' title='bbox 3072 3665 3286 3735; x_wconf 85' lang='lat' dir='ltr'><strong>peccatis</strong></span> <span class='ocrx_word' id='word_1_717' title='bbox 3320 3674 3598 3717; x_wconf 87' lang='lat' dir='ltr'><strong>versantur.</strong></span> <span class='ocrx_word' id='word_1_718' title='bbox 3632 3692 3702 3703; x_wconf 93' lang='lat'><strong>—</strong></span> <span class='ocrx_word' id='word_1_719' title='bbox 3730 3663 3999 3733; x_wconf 89' lang='lat' dir='ltr'><strong>Siquidem</strong></span> 
     </span>
    </p>
   </div>
   <div class='ocr_carea' id='block_1_95' title="bbox 2422 3757 3997 3834">
    <p class='ocr_par' dir='ltr' id='par_1_95' title="bbox 2422 3757 3997 3834">
     <span class='ocr_line' id='line_1_95' title="bbox 2422 3757 3997 3834; baseline -0.006 -14"><span class='ocrx_word' id='word_1_720' title='bbox 2422 3782 2535 3827; x_wconf 87' lang='lat' dir='ltr'><strong>eos,</strong></span> <span class='ocrx_word' id='word_1_721' title='bbox 2556 3766 2643 3834; x_wconf 89' lang='lat' dir='ltr'><strong>qui</strong></span> <span class='ocrx_word' id='word_1_722' title='bbox 2667 3764 2803 3817; x_wconf 90' lang='lat' dir='ltr'><strong>hanc</strong></span> <span class='ocrx_word' id='word_1_723' title='bbox 2826 3775 3162 3816; x_wconf 89' lang='lat' dir='ltr'><strong>communem</strong></span> <span class='ocrx_word' id='word_1_724' title='bbox 3185 3766 3409 3812; x_wconf 89' lang='lat' dir='ltr'><strong>mortem</strong></span> <span class='ocrx_word' id='word_1_725' title='bbox 3430 3757 3727 3825; x_wconf 87' lang='lat' dir='ltr'><strong>deplorant,</strong></span> <span class='ocrx_word' id='word_1_726' title='bbox 3742 3757 3863 3826; x_wconf 85' lang='lat' dir='ltr'><strong>jure</strong></span> <span class='ocrx_word' id='word_1_727' title='bbox 3880 3759 3997 3827; x_wconf 84' lang='lat' dir='ltr'><strong>quis</strong></span> 
     </span>
    </p>
   </div>
   <div class='ocr_carea' id='block_1_96' title="bbox 2423 3849 3996 3929">
    <p class='ocr_par' dir='ltr' id='par_1_96' title="bbox 2423 3849 3996 3929">
     <span class='ocr_line' id='line_1_96' title="bbox 2423 3849 3996 3929; baseline -0.006 -17"><span class='ocrx_word' id='word_1_728' title='bbox 2423 3860 2597 3929; x_wconf 84' lang='lat' dir='ltr'><strong>pusilli</strong></span> <span class='ocrx_word' id='word_1_729' title='bbox 2621 3858 2779 3909; x_wconf 86' lang='lat' dir='ltr'><strong>animi</strong></span> <span class='ocrx_word' id='word_1_730' title='bbox 2811 3855 3045 3923; x_wconf 78' lang='lat' dir='ltr'><strong>arguerit</strong></span> <span class='ocrx_word' id='word_1_731' title='bbox 3076 3871 3087 3905; x_wconf 93' lang='lat'>:</span> <span class='ocrx_word' id='word_1_732' title='bbox 3118 3851 3328 3921; x_wconf 87' lang='lat' dir='ltr'><strong>quando</strong></span> <span class='ocrx_word' id='word_1_733' title='bbox 3373 3858 3549 3904; x_wconf 89' lang='lat' dir='ltr'><strong>autem</strong></span> <span class='ocrx_word' id='word_1_734' title='bbox 3602 3849 3717 3904; x_wconf 88' lang='lat' dir='ltr'><strong>vice</strong></span> <span class='ocrx_word' id='word_1_735' title='bbox 3758 3850 3996 3919; x_wconf 79' lang='lat' dir='ltr'><strong>corporis</strong></span> 
     </span>
    </p>
   </div>
   <div class='ocr_carea' id='block_1_97' title="bbox 2422 3938 3993 4016">
    <p class='ocr_par' dir='ltr' id='par_1_97' title="bbox 2422 3938 3993 4016">
     <span class='ocr_line' id='line_1_97' title="bbox 2422 3938 3993 4016; baseline -0.008 -13"><span class='ocrx_word' id='word_1_736' title='bbox 2422 3952 2595 4003; x_wconf 88' lang='lat' dir='ltr'><strong>anima</strong></span> <span class='ocrx_word' id='word_1_737' title='bbox 2619 3958 2877 4016; x_wconf 87' lang='lat' dir='ltr'><strong>prostrata</strong></span> <span class='ocrx_word' id='word_1_738' title='bbox 2894 3948 3033 4013; x_wconf 84' lang='lat' dir='ltr'><strong>jacet</strong></span> <span class='ocrx_word' id='word_1_739' title='bbox 3059 3954 3285 4007; x_wconf 87' lang='lat' dir='ltr'><strong>tnortua,</strong></span> <span class='ocrx_word' id='word_1_740' title='bbox 3312 3942 3601 3996; x_wconf 91' lang='lat' dir='ltr'><strong>innumeris</strong></span> <span class='ocrx_word' id='word_1_741' title='bbox 3614 3941 3856 3995; x_wconf 91' lang='lat' dir='ltr'><strong>confossa</strong></span> <span class='ocrx_word' id='word_1_742' title='bbox 3880 3938 3993 3992; x_wconf 90' lang='lat' dir='ltr'><strong>vul-</strong></span> 
     </span>
    </p>
   </div>
   <div class='ocr_carea' id='block_1_98' title="bbox 2422 4030 3996 4104">
    <p class='ocr_par' dir='ltr' id='par_1_98' title="bbox 2422 4030 3996 4104">
     <span class='ocr_line' id='line_1_98' title="bbox 2422 4030 3996 4104; baseline -0.009 -10"><span class='ocrx_word' id='word_1_743' title='bbox 2422 4041 2657 4102; x_wconf 88' lang='lat' dir='ltr'><strong>neribus,</strong></span> <span class='ocrx_word' id='word_1_744' title='bbox 2681 4048 2733 4091; x_wconf 88' lang='lat' dir='ltr'><strong>et</strong></span> <span class='ocrx_word' id='word_1_745' title='bbox 2760 4038 2809 4089; x_wconf 90' lang='lat' dir='ltr'><strong>in</strong></span> <span class='ocrx_word' id='word_1_746' title='bbox 2856 4037 2964 4104; x_wconf 84' lang='lat' dir='ltr'><strong>ipsa</strong></span> <span class='ocrx_word' id='word_1_747' title='bbox 2992 4036 3150 4089; x_wconf 88' lang='lat' dir='ltr'><strong>etiam</strong></span> <span class='ocrx_word' id='word_1_748' title='bbox 3182 4043 3348 4086; x_wconf 89' lang='lat' dir='ltr'><strong>morte</strong></span> <span class='ocrx_word' id='word_1_749' title='bbox 3368 4032 3601 4101; x_wconf 77' lang='lat' dir='ltr'><strong>pristime</strong></span> <span class='ocrx_word' id='word_1_750' title='bbox 3654 4031 3844 4085; x_wconf 88' lang='lat' dir='ltr'><strong>indolis</strong></span> <span class='ocrx_word' id='word_1_751' title='bbox 3860 4030 3996 4098; x_wconf 84' lang='lat' dir='ltr'><strong>opti-</strong></span> 
     </span>
    </p>
   </div>
   <div class='ocr_carea' id='block_1_99' title="bbox 2421 4118 3991 4195">
    <p class='ocr_par' dir='ltr' id='par_1_99' title="bbox 2421 4118 3991 4195">
     <span class='ocr_line' id='line_1_99' title="bbox 2421 4118 3991 4195; baseline -0.008 -11"><span class='ocrx_word' id='word_1_752' title='bbox 2421 4132 2585 4191; x_wconf 66' lang='lat' dir='ltr'><strong>maz‘,</strong></span> <span class='ocrx_word' id='word_1_753' title='bbox 2617 4127 2931 4181; x_wconf 87' lang='lat' dir='ltr'><strong>valetudinis</strong></span> <span class='ocrx_word' id='word_1_754' title='bbox 2969 4126 3268 4195; x_wconf 62' lang='lat' dir='ltr'><strong>praeterita},</strong></span> <span class='ocrx_word' id='word_1_755' title='bbox 3318 4125 3698 4189; x_wconf 64' lang='lat' dir='ltr'><strong>exstinctmque</strong></span> <span class='ocrx_word' id='word_1_756' title='bbox 3755 4118 3991 4188; x_wconf 88' lang='lat' dir='ltr'><strong>pulchri-</strong></span> 
     </span>
    </p>
   </div>
   <div class='ocr_carea' id='block_1_100' title="bbox 2421 4215 3989 4291">
    <p class='ocr_par' dir='ltr' id='par_1_100' title="bbox 2421 4215 3989 4291">
     <span class='ocr_line' id='line_1_100' title="bbox 2421 4215 3989 4291; baseline -0.006 -15"><span class='ocrx_word' id='word_1_757' title='bbox 2421 4224 2618 4276; x_wconf 89' lang='lat' dir='ltr'><strong>tudinis</strong></span> <span class='ocrx_word' id='word_1_758' title='bbox 2646 4222 2794 4291; x_wconf 85' lang='lat' dir='ltr'><strong>signa</strong></span> <span class='ocrx_word' id='word_1_759' title='bbox 2823 4219 3051 4289; x_wconf 65' lang='lat' dir='ltr'><strong>prati-rt,</strong></span> <span class='ocrx_word' id='word_1_760' title='bbox 3079 4219 3318 4287; x_wconf 88' lang='lat' dir='ltr'><strong>quistam</strong></span> <span class='ocrx_word' id='word_1_761' title='bbox 3350 4215 3592 4268; x_wconf 88' lang='lat' dir='ltr'><strong>immanis</strong></span> <span class='ocrx_word' id='word_1_762' title='bbox 3618 4222 3871 4266; x_wconf 88' lang='lat' dir='ltr'><strong>etscnsus</strong></span> <span class='ocrx_word' id='word_1_763' title='bbox 3892 4229 3989 4266; x_wconf 76' lang='lat' dir='ltr'><strong>ex-</strong></span> 
     </span>
    </p>
   </div>
   <div class='ocr_carea' id='block_1_101' title="bbox 2420 4302 3988 4382">
    <p class='ocr_par' dir='ltr' id='par_1_101' title="bbox 2420 4302 3988 4382">
     <span class='ocr_line' id='line_1_101' title="bbox 2420 4302 3988 4382; baseline -0.006 -16"><span class='ocrx_word' id='word_1_764' title='bbox 2420 4328 2560 4382; x_wconf 90' lang='lat' dir='ltr'><strong>pers,</strong></span> <span class='ocrx_word' id='word_1_765' title='bbox 2581 4313 2670 4381; x_wconf 85' lang='lat' dir='ltr'><strong>qui</strong></span> <span class='ocrx_word' id='word_1_766' title='bbox 2715 4327 2809 4381; x_wconf 91' lang='lat' dir='ltr'><strong>pro</strong></span> <span class='ocrx_word' id='word_1_767' title='bbox 2829 4311 3111 4380; x_wconf 84' lang='lat' dir='ltr'><strong>gemitibus</strong></span> <span class='ocrx_word' id='word_1_768' title='bbox 3133 4305 3443 4376; x_wconf 83' lang='lat' dir='ltr'><strong>ctlacrymis</strong></span> <span class='ocrx_word' id='word_1_769' title='bbox 3472 4302 3847 4356; x_wconf 81' lang='lat' dir='ltr'><strong>eonsolatioais</strong></span> <span class='ocrx_word' id='word_1_770' title='bbox 3872 4317 3988 4356; x_wconf 87' lang='lat' dir='ltr'><strong>ver-</strong></span> 
     </span>
    </p>
   </div>
   <div class='ocr_carea' id='block_1_102' title="bbox 2418 4392 3986 4473">
    <p class='ocr_par' dir='ltr' id='par_1_102' title="bbox 2418 4392 3986 4473">
     <span class='ocr_line' id='line_1_102' title="bbox 2418 4392 3986 4473; baseline -0.005 -18"><span class='ocrx_word' id='word_1_771' title='bbox 2418 4402 2481 4455; x_wconf 90' lang='lat' dir='ltr'><strong>ba</strong></span> <span class='ocrx_word' id='word_1_772' title='bbox 2504 4402 2774 4473; x_wconf 89' lang='lat' dir='ltr'><strong>proferat?</strong></span> <span class='ocrx_word' id='word_1_773' title='bbox 2813 4397 3270 4468; x_wconf 83' lang='lat' dir='ltr'><strong>Quemadmodum</strong></span> <span class='ocrx_word' id='word_1_774' title='bbox 3315 4395 3454 4473; x_wconf 88' lang='lat' dir='ltr'><strong>enim</strong></span> <span class='ocrx_word' id='word_1_775' title='bbox 3495 4392 3611 4473; x_wconf 78' lang='lat' dir='ltr'><strong>illic</strong></span> <span class='ocrx_word' id='word_1_776' title='bbox 3634 4410 3733 4443; x_wconf 76' lang='lat' dir='ltr'><strong>non</strong></span> <span class='ocrx_word' id='word_1_777' title='bbox 3786 4395 3986 4459; x_wconf 76' lang='lat' dir='ltr'><strong>lugere,</strong></span> 
     </span>
    </p>
   </div>
   <div class='ocr_carea' id='block_1_103' title="bbox 2415 4470 3964 4549">
    <p class='ocr_par' dir='ltr' id='par_1_103' title="bbox 2415 4470 3964 4549">
     <span class='ocr_line' id='line_1_103' title="bbox 2415 4470 3964 4549; baseline -0.009 -11"><span class='ocrx_word' id='word_1_778' title='bbox 2415 4486 2481 4539; x_wconf 89' lang='lat' dir='ltr'><strong>ita</strong></span> <span class='ocrx_word' id='word_1_779' title='bbox 2504 4470 2789 4548; x_wconf 40' lang='lat' dir='ltr'><strong>&#39;Iiiclugere</strong></span> <span class='ocrx_word' id='word_1_780' title='bbox 2826 4480 3247 4549; x_wconf 74' lang='lat' dir='ltr'><strong>ptnlnsiqdiictnn</strong></span> <span class='ocrx_word' id='word_1_781' title='bbox 3276 4483 3377 4525; x_wconf 87' lang='lat' dir='ltr'><strong>est.</strong></span> <span class='ocrx_word' id='word_1_782' title='bbox 3405 4471 3507 4537; x_wconf 83' lang='lat' dir='ltr'><strong>Qui</strong></span> <span class='ocrx_word' id='word_1_783' title='bbox 3550 4470 3613 4524; x_wconf 84' lang='lat' dir='ltr'><strong>ad</strong></span> <span class='ocrx_word' id='word_1_784' title='bbox 3648 4472 3832 4525; x_wconf 73' lang='grc' dir='ltr'>ρςιιιιιηι</span> <span class='ocrx_word' id='word_1_785' title='bbox 3861 4489 3964 4541; x_wconf 78' lang='lat' dir='ltr'><strong>per-</strong></span> 
     </span>
    </p>
   </div>
   <div class='ocr_carea' id='block_1_104' title="bbox 2412 4561 3975 4638">
    <p class='ocr_par' dir='ltr' id='par_1_104' title="bbox 2412 4561 3975 4638">
     <span class='ocr_line' id='line_1_104' title="bbox 2412 4561 3975 4638; baseline -0.004 -14"><span class='ocrx_word' id='word_1_786' title='bbox 2412 4569 2755 4638; x_wconf 86' lang='lat' dir='ltr'><strong>vencrat,qui</strong></span> <span class='ocrx_word' id='word_1_787' title='bbox 2788 4571 2908 4621; x_wconf 83' lang='lat' dir='ltr'><strong>vitae</strong></span> <span class='ocrx_word' id='word_1_788' title='bbox 2954 4568 3234 4617; x_wconf 85' lang='lat' dir='ltr'><strong>vanitatem</strong></span> <span class='ocrx_word' id='word_1_789' title='bbox 3286 4561 3578 4625; x_wconf 85' lang='lat' dir='ltr'><strong>deridebat,</strong></span> <span class='ocrx_word' id='word_1_790' title='bbox 3626 4564 3714 4631; x_wconf 87' lang='lat' dir='ltr'><strong>qui</strong></span> <span class='ocrx_word' id='word_1_791' title='bbox 3754 4562 3975 4617; x_wconf 87' lang='lat' dir='ltr'><strong>formam</strong></span> 
     </span>
    </p>
   </div>
   <div class='ocr_carea' id='block_1_105' title="bbox 2411 4653 3975 4730">
    <p class='ocr_par' dir='ltr' id='par_1_105' title="bbox 2411 4653 3975 4730">
     <span class='ocr_line' id='line_1_105' title="bbox 2411 4653 3975 4730; baseline -0.006 -15"><span class='ocrx_word' id='word_1_792' title='bbox 2411 4677 2692 4730; x_wconf 86' lang='lat' dir='ltr'><strong>corporum</strong></span> <span class='ocrx_word' id='word_1_793' title='bbox 2726 4658 2941 4727; x_wconf 88' lang='lat' dir='ltr'><strong>perinde</strong></span> <span class='ocrx_word' id='word_1_794' title='bbox 2979 4665 3135 4721; x_wconf 86' lang='lat' dir='ltr'><strong>atque</strong></span> <span class='ocrx_word' id='word_1_795' title='bbox 3176 4653 3376 4721; x_wconf 85' lang='lat' dir='ltr'><strong>lapidea</strong></span> <span class='ocrx_word' id='word_1_796' title='bbox 3408 4654 3686 4707; x_wconf 86' lang='lat' dir='ltr'><strong>simulacra</strong></span> <span class='ocrx_word' id='word_1_797' title='bbox 3720 4654 3975 4722; x_wconf 84' lang='lat' dir='ltr'><strong>respicie-</strong></span> 
     </span>
    </p>
   </div>
   <div class='ocr_carea' id='block_1_106' title="bbox 2411 4745 3974 4825">
    <p class='ocr_par' dir='ltr' id='par_1_106' title="bbox 2411 4745 3974 4825">
     <span class='ocr_line' id='line_1_106' title="bbox 2411 4745 3974 4825; baseline -0.004 -19"><span class='ocrx_word' id='word_1_798' title='bbox 2411 4754 2519 4813; x_wconf 89' lang='lat' dir='ltr'><strong>bat,</strong></span> <span class='ocrx_word' id='word_1_799' title='bbox 2552 4753 2640 4825; x_wconf 81' lang='lat' dir='ltr'><strong>qui</strong></span> <span class='ocrx_word' id='word_1_800' title='bbox 2686 4764 2871 4801; x_wconf 89' lang='lat' dir='ltr'><strong>aurum</strong></span> <span class='ocrx_word' id='word_1_801' title='bbox 2912 4746 3059 4814; x_wconf 90' lang='lat' dir='ltr'><strong>quasi</strong></span> <span class='ocrx_word' id='word_1_802' title='bbox 3098 4746 3298 4810; x_wconf 88' lang='lat' dir='ltr'><strong>lutum,</strong></span> <span class='ocrx_word' id='word_1_803' title='bbox 3339 4745 3556 4799; x_wconf 89' lang='lat' dir='ltr'><strong>delicias</strong></span> <span class='ocrx_word' id='word_1_804' title='bbox 3597 4762 3783 4799; x_wconf 86' lang='lat' dir='ltr'><strong>omnes</strong></span> <span class='ocrx_word' id='word_1_805' title='bbox 3824 4745 3974 4813; x_wconf 87' lang='lat' dir='ltr'><strong>quasi</strong></span> 
     </span>
    </p>
   </div>
   <div class='ocr_carea' id='block_1_107' title="bbox 2411 4836 3974 4904">
    <p class='ocr_par' dir='ltr' id='par_1_107' title="bbox 2411 4836 3974 4904">
     <span class='ocr_line' id='line_1_107' title="bbox 2411 4836 3974 4904; baseline -0.006 -9"><span class='ocrx_word' id='word_1_806' title='bbox 2411 4858 2623 4895; x_wconf 71' lang='lat' dir='ltr'><strong>cwuum</strong></span> <span class='ocrx_word' id='word_1_807' title='bbox 2675 4838 3048 4891; x_wconf 79' lang='lat' dir='ltr'><strong>contemnebat</strong></span> <span class='ocrx_word' id='word_1_808' title='bbox 3092 4838 3156 4888; x_wconf 77' lang='grc' dir='ltr'><strong>’τ</strong></span> <span class='ocrx_word' id='word_1_809' title='bbox 3199 4836 3283 4890; x_wconf 90' lang='lat' dir='ltr'><strong>hic</strong></span> <span class='ocrx_word' id='word_1_810' title='bbox 3338 4837 3625 4904; x_wconf 85' lang='lat' dir='ltr'><strong>derepente</strong></span> <span class='ocrx_word' id='word_1_811' title='bbox 3679 4836 3804 4888; x_wconf 91' lang='lat' dir='ltr'><strong>lchri</strong></span> <span class='ocrx_word' id='word_1_812' title='bbox 3853 4850 3974 4885; x_wconf 79' lang='lat' dir='ltr'><strong>mr-</strong></span> 
     </span>
    </p>
   </div>
   <div class='ocr_carea' id='block_1_108' title="bbox 2410 4925 3975 4998">
    <p class='ocr_par' dir='ltr' id='par_1_108' title="bbox 2410 4925 3975 4998">
     <span class='ocr_line' id='line_1_108' title="bbox 2410 4925 3975 4998; baseline -0.004 -15"><span class='ocrx_word' id='word_1_813' title='bbox 2410 4942 2594 4998; x_wconf 89' lang='lat' dir='ltr'><strong>reptus</strong></span> <span class='ocrx_word' id='word_1_814' title='bbox 2638 4929 2851 4981; x_wconf 77' lang='lat' dir='ltr'><strong>insulsa:</strong></span> <span class='ocrx_word' id='word_1_815' title='bbox 2892 4928 3349 4996; x_wconf 64' lang='lat' dir='ltr'><strong>concupiscentia,</strong></span> <span class='ocrx_word' id='word_1_816' title='bbox 3384 4926 3739 4980; x_wconf 83' lang='lat' dir='ltr'><strong>valetudinem</strong></span> <span class='ocrx_word' id='word_1_817' title='bbox 3765 4965 3781 4989; x_wconf 90' lang='lat'><strong>,</strong></span> <span class='ocrx_word' id='word_1_818' title='bbox 3813 4925 3975 4976; x_wconf 85' lang='lat' dir='ltr'><strong>robur</strong></span> 
     </span>
    </p>
   </div>
   <div class='ocr_carea' id='block_1_109' title="bbox 2409 5020 3974 5090">
    <p class='ocr_par' dir='ltr' id='par_1_109' title="bbox 2409 5020 3974 5090">
     <span class='ocr_line' id='line_1_109' title="bbox 2409 5020 3974 5090; baseline -0.006 -14"><span class='ocrx_word' id='word_1_819' title='bbox 2409 5034 2463 5077; x_wconf 89' lang='lat' dir='ltr'><strong>et</strong></span> <span class='ocrx_word' id='word_1_820' title='bbox 2505 5025 2734 5090; x_wconf 88' lang='lat' dir='ltr'><strong>speciem</strong></span> <span class='ocrx_word' id='word_1_821' title='bbox 2776 5035 2983 5074; x_wconf 89' lang='lat' dir='ltr'><strong>omnetn</strong></span> <span class='ocrx_word' id='word_1_822' title='bbox 3030 5020 3287 5088; x_wconf 86' lang='lat' dir='ltr'><strong>perdidit,</strong></span> <span class='ocrx_word' id='word_1_823' title='bbox 3324 5021 3754 5086; x_wconf 86' lang='lat' dir='ltr'><strong>voluptatumque</strong></span> <span class='ocrx_word' id='word_1_824' title='bbox 3786 5030 3974 5067; x_wconf 86' lang='lat' dir='ltr'><strong>servus</strong></span> 
     </span>
    </p>
   </div>
   <div class='ocr_carea' id='block_1_110' title="bbox 2407 5108 3971 5182">
    <p class='ocr_par' dir='ltr' id='par_1_110' title="bbox 2407 5108 3971 5182">
     <span class='ocr_line' id='line_1_110' title="bbox 2407 5108 3971 5182; baseline -0.008 -10"><span class='ocrx_word' id='word_1_825' title='bbox 2407 5119 2630 5172; x_wconf 76' lang='lat' dir='ltr'><strong>effectus</strong></span> <span class='ocrx_word' id='word_1_826' title='bbox 2672 5127 2773 5171; x_wconf 86' lang='lat' dir='ltr'><strong>est.</strong></span> <span class='ocrx_word' id='word_1_827' title='bbox 2820 5118 3008 5170; x_wconf 83' lang='lat' dir='ltr'><strong>Annon</strong></span> <span class='ocrx_word' id='word_1_828' title='bbox 3054 5116 3190 5168; x_wconf 92' lang='lat' dir='ltr'><strong>lnmc</strong></span> <span class='ocrx_word' id='word_1_829' title='bbox 3230 5114 3657 5182; x_wconf 74' lang='lat' dir='ltr'><strong>deplorabimus,</strong></span> <span class='ocrx_word' id='word_1_830' title='bbox 3698 5108 3782 5161; x_wconf 88' lang='lat' dir='ltr'><strong>dic</strong></span> <span class='ocrx_word' id='word_1_831' title='bbox 3822 5108 3971 5173; x_wconf 89' lang='lat' dir='ltr'><strong>mihi,</strong></span> 
     </span>
    </p>
   </div>
   <div class='ocr_carea' id='block_1_111' title="bbox 2406 5200 3975 5278">
    <p class='ocr_par' dir='ltr' id='par_1_111' title="bbox 2406 5200 3975 5278">
     <span class='ocr_line' id='line_1_111' title="bbox 2406 5200 3975 5278; baseline -0.008 -14"><span class='ocrx_word' id='word_1_832' title='bbox 2406 5225 2584 5264; x_wconf 88' lang='lat' dir='ltr'><strong>annon</strong></span> <span class='ocrx_word' id='word_1_833' title='bbox 2632 5209 2955 5278; x_wconf 81' lang='lat' dir='ltr'><strong>lugebimus,</strong></span> <span class='ocrx_word' id='word_1_834' title='bbox 3003 5206 3169 5259; x_wconf 88' lang='lat' dir='ltr'><strong>donec</strong></span> <span class='ocrx_word' id='word_1_835' title='bbox 3195 5222 3315 5259; x_wconf 91' lang='lat' dir='ltr'><strong>eum</strong></span> <span class='ocrx_word' id='word_1_836' title='bbox 3348 5200 3765 5270; x_wconf 84' lang='lat' dir='ltr'><strong>recuperennts?</strong></span> <span class='ocrx_word' id='word_1_837' title='bbox 3812 5202 3889 5251; x_wconf 80' lang='lat' dir='ltr'><strong>An</strong></span> <span class='ocrx_word' id='word_1_838' title='bbox 3929 5203 3975 5253; x_wconf 86' lang='lat' dir='ltr'><strong>id</strong></span> 
     </span>
    </p>
   </div>
   <div class='ocr_carea' id='block_1_112' title="bbox 2406 5291 3949 5357">
    <p class='ocr_par' dir='ltr' id='par_1_112' title="bbox 2406 5291 3949 5357">
     <span class='ocr_line' id='line_1_112' title="bbox 2406 5291 3949 5357; baseline -0.011 -2"><span class='ocrx_word' id='word_1_839' title='bbox 2406 5301 2617 5355; x_wconf 89' lang='lat' dir='ltr'><strong>humani</strong></span> <span class='ocrx_word' id='word_1_840' title='bbox 2661 5308 2803 5353; x_wconf 83' lang='lat' dir='ltr'><strong>esset</strong></span> <span class='ocrx_word' id='word_1_841' title='bbox 2840 5296 3043 5351; x_wconf 88' lang='lat' dir='ltr'><strong>animi?</strong></span> <span class='ocrx_word' id='word_1_842' title='bbox 3090 5297 3300 5350; x_wconf 82' lang='lat' dir='ltr'><strong>Etenim</strong></span> <span class='ocrx_word' id='word_1_843' title='bbox 3345 5293 3530 5345; x_wconf 82' lang='lat' dir='ltr'><strong>mortis</strong></span> <span class='ocrx_word' id='word_1_844' title='bbox 3550 5306 3827 5357; x_wconf 67' lang='lat' dir='ltr'><strong>corporea:</strong></span> <span class='ocrx_word' id='word_1_845' title='bbox 3886 5291 3949 5343; x_wconf 69' lang='lat' dir='ltr'><strong>(lt!</strong></span> 
     </span>
    </p>
   </div>
   <div class='ocr_carea' id='block_1_113' title="bbox 2403 5381 3976 5459">
    <p class='ocr_par' dir='ltr' id='par_1_113' title="bbox 2403 5381 3976 5459">
     <span class='ocr_line' id='line_1_113' title="bbox 2403 5381 3976 5459; baseline -0.013 -11"><span class='ocrx_word' id='word_1_846' title='bbox 2403 5396 2624 5448; x_wconf 90' lang='lat' dir='ltr'><strong>structio</strong></span> <span class='ocrx_word' id='word_1_847' title='bbox 2651 5392 2736 5445; x_wconf 87' lang='lat' dir='ltr'><strong>hic</strong></span> <span class='ocrx_word' id='word_1_848' title='bbox 2763 5388 2982 5442; x_wconf 86' lang='lat' dir='ltr'><strong>inveniri</strong></span> <span class='ocrx_word' id='word_1_849' title='bbox 3012 5390 3211 5459; x_wconf 89' lang='lat' dir='ltr'><strong>nequit,</strong></span> <span class='ocrx_word' id='word_1_850' title='bbox 3248 5402 3419 5454; x_wconf 91' lang='lat' dir='ltr'><strong>neque</strong></span> <span class='ocrx_word' id='word_1_851' title='bbox 3449 5394 3621 5441; x_wconf 88' lang='lat' dir='ltr'><strong>tamen</strong></span> <span class='ocrx_word' id='word_1_852' title='bbox 3651 5381 3701 5435; x_wconf 86' lang='lat' dir='ltr'><strong>id</strong></span> <span class='ocrx_word' id='word_1_853' title='bbox 3730 5382 3883 5451; x_wconf 79' lang='lat' dir='ltr'><strong>lugcn</strong></span> <span class='ocrx_word' id='word_1_854' title='bbox 3905 5394 3976 5434; x_wconf 67' lang='grc' dir='ltr'>ιιι.</span> 
     </span>
    </p>
   </div>
   <div class='ocr_carea' id='block_1_114' title="bbox 2464 5674 3962 5739">
    <p class='ocr_par' dir='ltr' id='par_1_114' title="bbox 2464 5674 3962 5739">
     <span class='ocr_line' id='line_1_114' title="bbox 2464 5674 3962 5739; baseline 0.004 -11"><span class='ocrx_word' id='word_1_855' title='bbox 2464 5688 2477 5718; x_wconf 80' lang='grc' dir='ltr'>ι</span> <span class='ocrx_word' id='word_1_856' title='bbox 2514 5684 2642 5733; x_wconf 84' lang='lat' dir='ltr'><strong>(:olh.</strong></span> <span class='ocrx_word' id='word_1_857' title='bbox 2667 5697 2788 5732; x_wconf 88' lang='lat' dir='ltr'><strong>unus</strong></span> <span class='ocrx_word' id='word_1_858' title='bbox 2817 5684 2937 5739; x_wconf 87' lang='lat' dir='ltr'><strong>loco,</strong></span> <span class='ocrx_word' id='word_1_859' title='bbox 2961 5681 3135 5731; x_wconf 82' lang='lat' dir='ltr'><strong>indolis</strong></span> <span class='ocrx_word' id='word_1_860' title='bbox 3155 5676 3358 5739; x_wconf 69' lang='lat' dir='ltr'><strong>optim.</strong></span> <span class='ocrx_word' id='word_1_861' title='bbox 3383 5674 3557 5739; x_wconf 49' lang='lat' dir='ltr'><strong>liablth</strong></span> <span class='ocrx_word' id='word_1_862' title='bbox 3590 5678 3856 5739; x_wconf 58' lang='grc' dir='ltr'><strong>υεηηειαιὶιςτ</strong></span> <span class='ocrx_word' id='word_1_863' title='bbox 3883 5685 3962 5727; x_wconf 63' lang='lat' dir='ltr'><strong>Sa-</strong></span> 
     </span>
    </p>
   </div>
   <div class='ocr_carea' id='block_1_115' title="bbox 2398 5735 3965 5807">
    <p class='ocr_par' dir='ltr' id='par_1_115' title="bbox 2398 5735 3965 5807">
     <span class='ocr_line' id='line_1_115' title="bbox 2398 5735 3965 5807; baseline -0.006 -12"><span class='ocrx_word' id='word_1_864' title='bbox 2398 5746 2478 5795; x_wconf 91' lang='lat' dir='ltr'><strong>vil.</strong></span> <span class='ocrx_word' id='word_1_865' title='bbox 2530 5748 2574 5792; x_wconf 90' lang='lat' dir='ltr'><strong>iu</strong></span> <span class='ocrx_word' id='word_1_866' title='bbox 2623 5749 2834 5803; x_wconf 66' lang='lat' dir='ltr'><strong>margine</strong></span> <span class='ocrx_word' id='word_1_867' title='bbox 2876 5735 3027 5800; x_wconf 78' lang='lat' dir='ltr'><strong>notat,</strong></span> <span class='ocrx_word' id='word_1_868' title='bbox 3071 5735 3352 5807; x_wconf 50' lang='lat' dir='ltr'><strong>tenuantis,</strong></span> <span class='ocrx_word' id='word_1_869' title='bbox 3396 5750 3497 5796; x_wconf 65' lang='lat' dir='ltr'><strong>pro,</strong></span> <span class='ocrx_word' id='word_1_870' title='bbox 3539 5735 3711 5789; x_wconf 77' lang='lat' dir='ltr'><strong>indolis</strong></span> <span class='ocrx_word' id='word_1_871' title='bbox 3753 5737 3965 5800; x_wconf 61' lang='lat' dir='ltr'><strong>Optimi.</strong></span> 
     </span>
    </p>
   </div>
   <div class='ocr_carea' id='block_1_116' title="bbox 2398 5799 3609 5867">
    <p class='ocr_par' dir='ltr' id='par_1_116' title="bbox 2398 5799 3609 5867">
     <span class='ocr_line' id='line_1_116' title="bbox 2398 5799 3609 5867; baseline -0.006 -12"><span class='ocrx_word' id='word_1_872' title='bbox 2398 5816 2605 5867; x_wconf 70' lang='lat' dir='ltr'><strong>Ltiarqne</strong></span> <span class='ocrx_word' id='word_1_873' title='bbox 2631 5799 2755 5854; x_wconf 72' lang='lat' dir='ltr'><strong>enini</strong></span> <span class='ocrx_word' id='word_1_874' title='bbox 2779 5820 2953 5855; x_wconf 67' lang='lat' dir='ltr'><strong>sensus</strong></span> <span class='ocrx_word' id='word_1_875' title='bbox 2976 5816 3135 5861; x_wconf 64' lang='lat' dir='ltr'><strong>grtece</strong></span> <span class='ocrx_word' id='word_1_876' title='bbox 3161 5814 3285 5857; x_wconf 70' lang='lat' dir='ltr'><strong>pene</strong></span> <span class='ocrx_word' id='word_1_877' title='bbox 3311 5799 3434 5867; x_wconf 77' lang='lat' dir='ltr'><strong>idem</strong></span> <span class='ocrx_word' id='word_1_878' title='bbox 3459 5809 3609 5867; x_wconf 60' lang='lat' dir='ltr'><strong>sonat.</strong></span> 
     </span>
    </p>
   </div>
   <div class='ocr_carea' id='block_1_117' title="bbox 2458 5858 3954 5926">
    <p class='ocr_par' dir='ltr' id='par_1_117' title="bbox 2458 5858 3954 5926">
     <span class='ocr_line' id='line_1_117' title="bbox 2458 5858 3954 5926; baseline -0.009 -9"><span class='ocrx_word' id='word_1_879' title='bbox 2458 5871 2481 5899; x_wconf 85' lang='grc'><strong><em>⁸</em></strong></span> <span class='ocrx_word' id='word_1_880' title='bbox 2511 5858 2581 5916; x_wconf 58' lang='grc' dir='ltr'><strong>»είς</strong></span> <span class='ocrx_word' id='word_1_881' title='bbox 2602 5870 2738 5916; x_wconf 69' lang='lat' dir='ltr'><strong>savil.</strong></span> <span class='ocrx_word' id='word_1_882' title='bbox 2774 5876 2823 5916; x_wconf 85' lang='lat' dir='ltr'><strong>ct</strong></span> <span class='ocrx_word' id='word_1_883' title='bbox 2855 5858 3060 5926; x_wconf 73' lang='lat' dir='ltr'><strong>quatuor</strong></span> <span class='ocrx_word' id='word_1_884' title='bbox 3208 5858 3367 5908; x_wconf 72' lang='lat' dir='ltr'><strong>Morel.</strong></span> <span class='ocrx_word' id='word_1_885' title='bbox 3403 5860 3565 5917; x_wconf 81' lang='lat' dir='ltr'><strong>habet.</strong></span> <span class='ocrx_word' id='word_1_886' title='bbox 3589 5875 3671 5922; x_wconf 81' lang='lat' dir='ltr'><strong>qut</strong></span> <span class='ocrx_word' id='word_1_887' title='bbox 3692 5859 3954 5913; x_wconf 61' lang='lat' dir='ltr'><strong>deridebat,</strong></span> 
     </span>
    </p>
   </div>
   <div class='ocr_carea' id='block_1_118' title="bbox 2394 5940 2715 5979">
    <p class='ocr_par' dir='ltr' id='par_1_118' title="bbox 2394 5940 2715 5979">
     <span class='ocr_line' id='line_1_118' title="bbox 2394 5940 2715 5979; baseline -0.003 0"><span class='ocrx_word' id='word_1_888' title='bbox 2394 5943 2549 5979; x_wconf 74' lang='grc' dir='ltr'>ωιυυδ</span> <span class='ocrx_word' id='word_1_889' title='bbox 2572 5940 2715 5979; x_wconf 72' lang='lat' dir='ltr'><strong>I‘L&#39;Cll‘.</strong></span> 
     </span>
    </p>
   </div>
  </div>
