4506 6704
424 535 523 592 281

426 664 456 701 a
487 646 612 700 ﬂetu
638 644 887 711 cohibet;
917 644 1107 698 anima:
1128 652 1254 692 vero
1282 649 1426 689 mors
1452 634 1537 689 hic
1559 643 1761 689 tantum
1792 631 1993 689 destrui

428 746 602 805 potest
633 755 646 790 :
677 735 742 790 In
769 738 966 807 inferno
989 729 1135 787 enim
1162 728 1275 795 quis
1296 767 1310 789 ,
1341 726 1538 795 inquit,
1568 724 1883 793 conﬁtebitur
1911 720 2001 773 (ita

431 825 597 896 (Psal.
624 827 681 882 6.
702 827 797 896 6)?
821 827 936 892 Quo
964 828 1124 889 pacto
1144 817 1303 885 igitur
1325 832 1430 870 non
1457 831 1675 871 summa:
1697 810 2000 866 stoliditatis

436 920 616 987 fuerit,
646 934 764 974 cum
794 918 829 970 ii
859 913 949 981 qui
976 909 1215 978 corporis
1238 919 1459 963 mortem
1489 910 1684 976 lugent,
1714 914 1820 955 tam
1841 900 2002 953 vehe-

431 1021 637 1064 menter
677 1010 695 1040 ⁸
725 1007 776 1061 id
817 1003 1038 1063 faciant,
1083 998 1204 1053 licet
1254 1001 1426 1054 sciant
1464 1012 1521 1051 se
1575 993 1879 1047 defunctum
1934 989 1998 1043 ad

432 1105 594 1156 vitam
625 1093 874 1165 lacrymis
914 1106 1020 1145 non
1047 1101 1387 1145 revocaturos
1414 1101 1567 1149 esse;
1600 1098 1698 1137 nos
1735 1082 1864 1136 nihil
1898 1082 1997 1133 hu-

431 1190 662 1264 iusmodi
705 1184 996 1248 exhibere,
1033 1184 1119 1252 qui
1150 1183 1351 1237 scimus
1391 1190 1539 1243 spem
1577 1187 1695 1227 esse
1720 1172 1787 1264 de
1826 1171 2001 1264 anima

436 1262 640 1341 mortua
691 1277 743 1330 in
800 1274 1077 1345 pristinam
1124 1275 1286 1328 vitam
1332 1265 1676 1322 reducenda?
1729 1262 2003 1332 Siquidem

436 1373 587 1442 multi
614 1376 669 1421 ct
694 1367 795 1419 hoc
820 1376 1059 1434 tempore
1083 1374 1139 1420 et
1176 1361 1435 1429 majorum
1468 1368 1765 1411 nostrorum
1792 1370 1906 1407 aevo
1924 1394 1937 1413 .
1971 1368 2001 1405 a

437 1471 582 1516 recta
625 1457 851 1510 statione
889 1454 1128 1509 subversi
1167 1460 1222 1504 et
1248 1451 1315 1502 ab
1341 1458 1557 1516 angusta
1586 1447 1674 1498 via
1704 1442 2003 1511 praccipites

438 1552 566 1611 dati,
598 1551 667 1610 ita
699 1564 981 1604 surrexere
1006 1546 1201 1605 denuo,
1233 1552 1287 1593 ut
1317 1540 1610 1609 posteriore
1636 1535 1742 1587 vita
1774 1532 2005 1600 priorem

441 1643 771 1711 obtegerent,
798 1642 1021 1708 palmam
1043 1635 1364 1702 acciperent,
1392 1640 1588 1684 corona
1608 1623 2003 1711 redimirentur,

439 1710 879 1786 cumivictorihus
916 1724 1364 1796 prmdicarentur,
1408 1726 1463 1772 et
1502 1723 1803 1770 sanctorum
1843 1710 2008 1764 choro

440 1830 937 1877 annumerarentur.
996 1814 1256 1883 Quamdiu
1306 1820 1480 1865 tamen
1529 1806 1647 1875 quis
1694 1805 1746 1859 in
1797 1802 2009 1857 fornace

441 1915 768 1982 voluptatum
814 1898 1091 1970 consistit,
1144 1900 1351 1957 etiamsi
1395 1898 1668 1951 innumera
1709 1892 2007 1964 huiusmodi

442 2005 684 2074 exempla
713 2001 979 2074 proposita
1010 1996 1198 2050 habeat
1220 2034 1233 2057 ,
1267 1990 1364 2060 ipsi
1408 2004 1494 2043 res
1522 2002 1639 2043 esse
1678 2001 1839 2056 supra
1870 1986 2010 2074 vires

443 2072 665 2165 apparet
692 2072 789 2147 :iat
818 2091 862 2145 si
891 2089 973 2151 vel
1006 2084 1269 2139 tantillum
1296 2079 1517 2149 cmperit
1540 2079 1683 2132 illinc
1711 2074 1912 2145 egredi,
1934 2072 2011 2165 ad

443 2163 696 2242 ulteriora
722 2195 935 2250 semper
961 2174 1282 2246 procedens,
1316 2180 1508 2224 statum
1536 2170 1683 2223 illum
1710 2163 2013 2234 diligentius

443 2293 601 2348 quam
639 2277 812 2346 ignem
841 2287 869 2324 a
897 2280 1045 2337 tergo
1082 2264 1377 2333 relinquet,
1420 2277 1481 2317 ea
1508 2275 1633 2315 vero
1663 2273 1781 2348 qua:
1808 2263 1931 2309 ante
1956 2266 2017 2307 se

442 2347 616 2438 posita
645 2372 770 2419 sunt
794 2360 929 2415 roris
957 2356 1324 2423 facilitatisque
1350 2353 1507 2421 plena
1532 2347 1826 2438 conspiciet
1855 2362 1869 2398 :
1898 2354 2015 2396 tan-

444 2437 557 2511 tum
586 2468 652 2506 ne
676 2452 1044 2518 desperemus,
1076 2459 1206 2499 neve
1231 2443 1298 2497 de
1322 2440 1492 2496 reditu
1521 2437 1825 2492 dubitemus
1855 2450 1868 2487 :
1895 2444 2016 2484 nam

445 2546 535 2615 qui
564 2545 641 2598 sic
664 2541 883 2595 aﬂ'ectus
908 2548 1009 2603 est,
1038 2536 1236 2605 ingenti
1267 2534 1392 2588 licet
1421 2526 1807 2615 fortitudineﬁet
1827 2522 2019 2615 alacri-

447 2612 556 2687 tate
600 2630 851 2702 praeditus
879 2629 981 2691 sit,
1026 2640 1143 2681 eam
1187 2623 1385 2678 frustra
1414 2616 1671 2688 possidet.
1713 2614 1849 2669 Cum
1874 2612 2018 2668 enim

444 2724 659 2793 ianuam
686 2719 785 2774 sibi
829 2716 1153 2787 pmnitentia:
1181 2711 1348 2768 semel
1388 2706 1688 2772 occluserit,
1722 2712 1776 2759 et
1798 2703 1865 2758 ad
1906 2710 2017 2793 sta-

449 2792 597 2869 dium
639 2808 995 2865 intercluserit
1036 2805 1269 2868 aditum,
1308 2797 1574 2869 quomodo
1622 2802 1771 2850 extra
1814 2792 2018 2862 positus

451 2904 646 2975 poterit
688 2901 769 2955 vel
817 2912 1064 2968 magnum
1095 2894 1179 2949 vel
1230 2890 1492 2945 modicum
1538 2885 1804 2957 quidpiam
1843 2882 2014 2975 houi'

449 2971 703 3063 operari?
754 2990 1089 3057 Quapropter
1115 2982 1378 3051 malignus
1407 2978 1497 3033 ille
1526 2976 1654 3031 nihil
1680 2989 1787 3029 non
1814 2971 2018 3027 machi~

452 3095 628 3150 natur,
672 3097 779 3152 quo
818 3079 971 3133 nobis
1013 3078 1148 3129 hanc
1188 3072 1561 3142 cogitationem
1591 3068 1748 3122 altius
1777 3064 2017 3135 deligat:

455 3192 578 3232 nam
606 3183 789 3245 postea
819 3186 924 3227 non
956 3166 1252 3223 sudandum
1280 3166 1365 3229 ei,
1400 3176 1502 3217 nec
1535 3157 1883 3214 laborandum
1921 3154 2026 3210 erit

453 3281 513 3324 ut
550 3282 645 3322 nos
681 3271 985 3334 oppugnet;
1027 3260 1272 3315 nimirum
1308 3257 1420 3325 iam
1460 3255 1635 3323 lapsos
1664 3261 1719 3306 et
1757 3250 2020 3320 iacentes,

454 3370 615 3430 atque
642 3357 691 3412 ei
718 3356 978 3411 obsistere
1002 3351 1263 3406 nolentes.
1292 3347 1393 3413 Qui
1420 3345 1562 3401 enim
1588 3344 1657 3398 ab
1686 3341 1787 3395 hoc
1813 3338 2025 3394 vinculo

454 3466 515 3507 se
544 3448 798 3518 expedire
828 3445 1051 3515 poterit,
1093 3441 1368 3510 pristinam
1399 3433 1761 3491 fortitudinem
1803 3443 2026 3499 recupe-

456 3541 616 3605 rabit,
643 3552 744 3594 nec
770 3535 1000 3592 cessabit
1027 3532 1093 3586 ad
1121 3539 1418 3586 extremum
1442 3540 1611 3595 usque
1636 3523 1856 3578 halitum
1899 3534 2023 3575 cum

456 3632 549 3687 illo
579 3642 811 3700 pugnare
838 3642 854 3678 :
886 3622 1092 3679 etiamsi
1118 3634 1246 3673 vero
1275 3618 1329 3672 in
1367 3624 1646 3671 sexcentos
1686 3613 1866 3681 lapsus
1894 3623 2023 3679 pro-

458 3734 597 3787 ruat,
625 3730 804 3791 surget
830 3721 1045 3782 iterum,
1074 3724 1128 3769 et
1154 3713 1359 3767 hostem
1389 3709 1653 3765 conficiet.
1681 3706 1875 3760 Contra
1896 3716 2025 3756 vero

457 3817 546 3887 qui
574 3809 961 3882 desperationis
989 3804 1310 3876 cogitatione
1337 3802 1554 3871 ligatur,
1582 3798 1778 3851 fractus
1803 3792 2021 3857 viribus,

458 3884 724 3977 quomodo
749 3914 1003 3970 superare
1041 3896 1232 3968 poterit
1257 3894 1342 3949 vel
1369 3892 1630 3948 obsistere
1648 3929 1663 3956 ,
1688 3901 1808 3943 cum
1837 3900 1902 3941 ex
1929 3884 2023 3939 ad-

459 4010 617 4054 verso
646 3993 851 4065 fugiat?

531 4091 586 4144 4.
620 4086 817 4151 ρυωυίε
845 4083 1031 4138 scelera
1058 4080 1349 4152 pauitantia
1386 4077 1632 4132 delentur.
1660 4105 1727 4116 —
1750 4074 1858 4130 Nec
1880 4074 2028 4130 dicas

462 4180 578 4235 lucc
607 4177 671 4232 ad
716 4192 809 4232 eos
848 4176 938 4245 qui
968 4172 1173 4229 modice
1214 4171 1554 4241 deliquerunt
1593 4169 1859 4239 pertinere
1889 4186 1903 4222 :
1934 4168 2027 4223 sed

462 4286 603 4342 pone
628 4268 924 4339 quempiam
966 4263 1111 4318 omni
1138 4262 1334 4332 ﬂagitio
1360 4261 1576 4330 plenum
1596 4302 1611 4325 ,
1642 4259 1731 4329 qui
1762 4258 1893 4313 nihil
1922 4274 2030 4313 non

462 4362 652 4431 egerit,
678 4356 818 4428 quod
843 4372 873 4410 a
912 4369 1078 4425 regno
1118 4352 1211 4407 illo
1243 4350 1513 4417 excludat,
1546 4349 1636 4420 qui
1672 4363 1702 4402 a
1745 4348 2026 4418 principio,

462 4465 571 4505 non
613 4464 680 4503 ex
723 4446 1034 4509 inﬁdelium,
1079 4443 1174 4499 sed
1216 4457 1281 4497 ex
1324 4441 1592 4505 fidelium,
1622 4453 1910 4507 eorumque
1939 4439 2029 4507 qui

468 4540 583 4595 Deo
604 4538 911 4605 placuerant
930 4547 1150 4587 numero
1170 4531 1351 4596 fuerit,
1369 4529 1561 4586 deinde
1574 4542 1721 4593 vero,
1746 4534 2027 4591 scortator,

463 4627 705 4685 machus
725 4667 739 4689 ,
768 4625 942 4678 mollis
963 4664 977 4686 ,
1006 4624 1119 4686 fur,
1147 4622 1389 4676 ebriosus
1407 4660 1422 4683 ,
1452 4618 1796 4688 ptederastes,
1829 4616 2033 4670 calum-

463 4722 636 4778 niator
678 4717 939 4779 evaserit,
978 4722 1031 4768 et
1076 4713 1179 4765 alia
1219 4712 1241 4742 ³
1283 4711 1336 4765 id
1373 4725 1539 4779 genus
1589 4709 1811 4765 crimina
1863 4707 2031 4761 admi-

463 4811 594 4867 serit
618 4828 631 4864 :
654 4823 722 4863 ne
748 4807 887 4860 hunc
906 4803 1118 4873 quidem
1138 4802 1184 4855 si
1207 4800 1457 4869 desperet
1479 4800 1860 4869 approbaturus
1885 4814 2026 4864 sum,

463 4900 673 4957 etiamsi
698 4897 763 4951 ad
792 4904 1088 4951 extremam
1116 4906 1282 4961 usque
1309 4898 1581 4945 senectam
1608 4891 1660 4944 in
1686 4889 1905 4946 nefariis
1928 4890 2032 4946 illis

466 4992 836 5058 atrocibusque
880 4984 1089 5056 ﬂagitiis
1128 4981 1569 5052 perseveraverit.
1599 4980 1729 5034 Nam
1758 4981 1803 5035 si
1831 4982 1911 5035 ira
1937 4982 2034 5037 Dei

465 5086 627 5139 animi
660 5081 917 5153 aegritudo
946 5086 1119 5141 esset,
1158 5077 1277 5145 iure
1318 5076 1437 5146 quis
1475 5075 1821 5144 desperaret.
1851 5086 2033 5145 utpote

464 5178 555 5247 qui
597 5191 704 5231 non
735 5181 913 5244 posset
945 5171 967 5203 ⁸
1015 5170 1276 5225 flammam
1320 5175 1397 5221 tot
1433 5167 1721 5221 sceleribus
1754 5168 2033 5221 acitatam

465 5268 844 5336 exstinguere;
893 5263 1017 5331 quia
1056 5275 1181 5315 vero
1217 5258 1450 5311 divinum
1496 5274 1691 5311 numen
1722 5259 2035 5327 (egritudine

465 5358 627 5411 animi
656 5371 876 5412 vacuum
919 5364 1023 5420 est,
1068 5369 1131 5408 ac
1175 5353 1297 5406 licet
1340 5349 1541 5419 puniat,
1588 5350 1711 5403 licet
1748 5352 2033 5404 vindictam

468 5460 661 5516 sumat,
693 5469 797 5508 non
828 5454 903 5507 ira
931 5461 1230 5506 commotus
1260 5449 1308 5503 id
1338 5449 1463 5518 agit,
1488 5446 1580 5500 scd
1608 5461 1787 5501 curam
1811 5458 1861 5502 et
1889 5460 2035 5499 amo-

469 5554 581 5593 rem
630 5543 795 5595 nostri
837 5557 1048 5611 semper
1091 5545 1270 5611 gerit:
1317 5538 1434 5594 ideo
1460 5538 1480 5568 ⁵
1515 5537 1653 5592 bono
1698 5552 1818 5593 esse
1858 5538 2035 5591 animo

534 5676 549 5701 ι
586 5677 708 5717 Unus
737 5671 902 5728 habet,
925 5672 1254 5729 vehementius,
1293 5679 1350 5720 ut
1381 5677 1432 5721 et
1451 5668 1589 5721 Savil.

532 5734 553 5808 ς
586 5737 746 5808 Deest,
767 5732 909 5808 forti,
940 5736 988 5808 in
1020 5736 1309 5808 quihusdam
1327 5743 1429 5784 mss.

590 5799 715 5839 Unus
728 5792 891 5845 habet.
916 5800 959 5843 et
982 5792 1079 5844 alia
1109 5795 1285 5845 ormn'a.

537 5856 557 5920 ξ
587 5850 712 5901 mm
740 5858 792 5920 et.
813 5853 970 5920 ξενίιτν
994 5856 1207 5920 naniam
1230 5861 1400 5919 posset.

534 5914 558 5948 ³
591 5920 751 5974 Deest,
776 5912 899 5969 idco,
942 5916 988 5961 in
1009 5912 1290 5977 quibusdam
1324 5925 1425 5971 Mss.

1559 522 1650 577 AD
1687 519 2103 577 THEODORUM
2140 514 2431 572 LAPSUM.
2469 515 2509 571 Ι.

3555 510 3672 569 ’Ξ82

2102 642 2199 697 par
2216 635 2319 695 est,
2344 636 2397 684 et
2421 628 2472 682 vi
2496 627 2819 697 paenitentiae
2840 625 3128 681 confidere.
3152 623 3423 695 Siquidem
3446 638 3559 703 eos,
3579 624 3672 694 qui

2105 717 2159 770 in
2182 733 2242 772 se
2271 725 2655 786 peccaverunt,
2687 732 2794 772 non
2823 717 2905 771 sui
2929 730 3086 772 causa
3115 714 3251 770 solet
3278 714 3460 768 ulcisci
3492 732 3505 766 :
3537 713 3667 767 nihil

2105 808 2244 861 enim
2282 815 2458 875 potest
2488 807 2540 860 in
2569 806 2875 877 huiusmodi
2900 816 3140 861 naturam
3168 806 3348 860 damni
3374 804 3589 869 induci;
3620 805 3673 858 id

2108 911 2231 951 vero
2260 897 2368 963 agit
2394 895 2461 948 ad
2487 906 2723 950 nostram
2755 904 3002 963 spectans
3030 895 3327 959 utilitatem,
3354 909 3423 948 ne
3448 894 3500 946 in
3528 895 3677 947 dete-

2106 988 2302 1041 riorem
2337 994 2529 1039 statum
2556 987 2880 1055 perversitas
2902 994 3080 1039 nostra
3101 984 3332 1050 decidat,
3357 985 3484 1038 dum
3507 984 3679 1052 ipsum

2106 1091 2221 1129 rem
2248 1084 2591 1131 contemnere
2618 1092 2682 1130 ac
2709 1077 2984 1145 despicere
3016 1085 3286 1145 putamus.
3327 1074 3681 1140 Quemadmo-

2107 1164 2233 1219 dum
2278 1165 2419 1217 enim
2464 1166 2510 1218 is
2538 1166 2626 1233 qui
2656 1179 2685 1218 ει
2724 1166 2842 1219 luce
2883 1166 3082 1220 recedit
3105 1206 3117 1227 ,
3150 1163 3278 1217 nihil
3322 1163 3427 1217 luci
3456 1162 3552 1215 sed
3580 1160 3682 1214 sibi

2108 1256 2336 1310 tnultum
2376 1254 2551 1308 danmi
2594 1254 2787 1322 infert,
2816 1255 2942 1310 dum
2971 1256 3025 1309 in
3055 1256 3300 1309 tenebras
3336 1270 3395 1309 se
3421 1254 3636 1323 coniicit
3665 1270 3692 1334 ε.

2108 1348 2184 1400 sic
2233 1347 2323 1414 qui
2373 1347 2793 1415 omnipotentem
2845 1346 2986 1400 illam
3034 1345 3287 1399 virtutem
3337 1353 3683 1399 contemnere

2110 1436 2301 1488 solitus
2325 1445 2425 1497 est,
2456 1436 2622 1504 ipsam
2645 1437 2856 1506 quidem
2887 1435 3017 1490 nihil
3044 1435 3209 1499 lzedit,
3234 1442 3531 1489 extremam
3554 1448 3686 1487 vero

2111 1522 2210 1577 sibi
2245 1523 2532 1592 perniciem
2563 1526 2753 1579 adfert.
2786 1526 2896 1579 Hac
2937 1526 3003 1579 de
3044 1540 3204 1578 causa
3234 1525 3373 1578 Deus
3397 1523 3684 1578 vindictam

2113 1612 2268 1666 nobis
2293 1614 2669 1679 comminatur,
2693 1628 2942 1683 saepeque
2973 1613 3226 1676 immittit,
3256 1626 3361 1667 non
3390 1622 3447 1667 ut
3473 1628 3531 1667 se
3556 1614 3687 1666 ulci-

2114 1710 2291 1756 scatur
2310 1743 2326 1766 ,
2358 1703 2450 1757 sed
2481 1714 2534 1758 ut
2562 1720 2659 1758 nos
2685 1705 2750 1759 ad
2781 1720 2838 1759 se
2866 1704 3160 1774 pertrahat.
3189 1705 3259 1758 At
3282 1705 3423 1759 enim
3449 1703 3687 1759 medicus

2113 1791 2180 1846 de
2208 1792 2544 1846 contumeliis
2581 1792 2918 1847 delirantium
2961 1808 3064 1846 non
3095 1792 3238 1846 dolet
3259 1833 3275 1858 ,
3316 1808 3487 1862 neque
3515 1793 3686 1848 offen-

2113 1881 2289 1946 ditur;
2332 1880 2425 1935 sed
2453 1890 2630 1936 tamen
2664 1880 2794 1935 nihil
2835 1896 2941 1936 non
2972 1881 3110 1950 agit,
3142 1889 3200 1934 ut
3229 1895 3322 1935 eos
3350 1881 3422 1936 ita
3465 1883 3690 1950 turpiter

2115 1987 2175 2027 se
2199 1982 2447 2041 gerentes
2474 1981 2796 2041 compescat,
2824 1986 2930 2026 non
2956 1987 3104 2026 suam
3131 1981 3377 2041 spectans
3396 2014 3410 2036 ,
3441 1972 3536 2027 sed
3566 1973 3688 2029 illo-

2115 2079 2231 2118 rum
2275 2063 2556 2117 utilitatem
2595 2080 2608 2116 :
2642 2064 2686 2116 si
2731 2073 2905 2118 autem
2951 2065 3079 2133 mgri
3119 2065 3202 2118 vel
3244 2065 3504 2119 tantillum
3546 2082 3692 2121 sana:

2120 2155 2313 2208 mentis
2339 2152 2641 2221 ostendant,
2666 2154 2863 2224 gaudet
2888 2162 2944 2209 et
2966 2154 3190 2219 laetatur,
3229 2155 3502 2224 multoque
3533 2156 3695 2212 vehe-

2118 2245 2350 2298 mcntius
2376 2244 2611 2297 remedia
2638 2245 2913 2307 admovet,
2955 2259 3059 2298 non
3096 2243 3237 2314 quod
3281 2259 3467 2314 poenas
3505 2255 3695 2301 contu-

2119 2335 2293 2389 meliae
2334 2342 2583 2403 expetat,
2639 2334 2732 2389 sed
2790 2344 2847 2389 ut
2914 2337 3191 2391 utilitatem
3240 2345 3432 2407 augeat
3482 2339 3499 2368 ¹
3527 2377 3542 2401 ,
3585 2339 3695 2392 imo

2119 2436 2174 2481 et
2196 2426 2486 2496 perfectam
2519 2427 2800 2481 sanitatem
2832 2427 3065 2482 inducat.
3107 2427 3311 2482 Eodem
3336 2429 3495 2484 modo
3531 2430 3691 2495 Deus,

2122 2527 2399 2589 postquam
2442 2532 2543 2573 nos
2588 2519 2641 2572 in
2686 2527 2980 2573 extremam
3023 2518 3319 2574 decidimus
3365 2520 3648 2576 amentiam
3671 2563 3688 2587 ,

2120 2621 2229 2662 non
2254 2617 2312 2661 ut
2342 2606 2610 2676 praeterita
2636 2607 2944 2674 ulciscatur,
2974 2607 3068 2662 sed
3096 2616 3153 2662 ut
3180 2623 3278 2662 nos
3301 2624 3332 2663 a
3353 2610 3542 2664 morbo
3566 2611 3698 2666 libe-

2122 2703 2228 2763 ret,
2261 2696 2391 2751 nihil
2425 2711 2530 2750 non
2571 2695 2699 2750 dicit
2733 2705 2788 2751 et
2826 2695 2993 2751 facit:
3026 2696 3167 2767 quod
3194 2712 3324 2753 sane
3351 2698 3524 2769 quivis
3551 2708 3697 2756 recto

2121 2800 2250 2841 usus
2272 2785 2552 2841 ratiocinio
2582 2787 2887 2855 perspicere
2915 2785 3075 2841 valet.

2191 2877 2245 2934 5.
2287 2877 2342 2934 Si
2368 2893 2496 2932 vero
2530 2878 2793 2949 quispiam
2820 2877 2936 2931 haec
2960 2877 3014 2931 iu
3039 2876 3255 2951 dubium
3278 2878 3548 2935 vocaverit
3583 2920 3600 2947 ,
3629 2894 3695 2935 ex

2123 2968 2316 3023 divinis
2344 2969 2633 3038 Scripturis
2656 2983 2718 3023 ea
2754 2968 2868 3037 ipsa
2897 2968 3211 3025 confirmare
3240 2970 3295 3024 in
3322 2980 3564 3041 promptu
3593 2981 3694 3027 est.

2124 3059 2256 3114 Nam
2274 3059 2414 3128 quis,
2442 3074 2652 3129 quaeso,
2668 3075 2793 3129 rege
2809 3059 3214 3131 Babyloniorum
3245 3062 3551 3119 sceleratior
3573 3064 3700 3118 fuit?

2125 3150 2214 3220 qui
2244 3165 2361 3205 cum
2388 3159 2586 3204 tantam
2624 3150 2715 3205 Dei
2734 3150 3017 3221 potentiam
3034 3162 3283 3221 expertus
3313 3162 3475 3221 esset,
3494 3163 3553 3210 ut
3571 3170 3699 3224 pro-

2127 3240 2337 3308 phetam
2364 3240 2481 3309 eius
2516 3240 2763 3295 adoraret
2781 3281 2795 3305 ,
2812 3239 3130 3311 juberetquc
3152 3243 3201 3297 ei
3228 3257 3414 3297 manaa
3440 3245 3461 3276 ²
3489 3285 3506 3310 ,
3542 3244 3594 3299 id
3616 3254 3702 3301 est

2125 3328 2285 3393 dona,
2318 3338 2373 3384 et
2395 3327 2588 3385 odores
2616 3329 2814 3395 oﬂ‘crri,
2845 3344 3032 3384 rursus
3062 3334 3115 3384 in
3145 3331 3422 3400 pristinam
3451 3348 3699 3390 reversus

2127 3418 2429 3487 superbiam
2464 3432 2579 3485 eos,
2616 3419 2706 3489 qui
2745 3418 2916 3488 ipsum
2947 3418 3058 3474 Deo
3097 3420 3351 3488 praeferre
3390 3421 3694 3489 noluerant,

2126 3509 2314 3579 ligatos
2335 3510 2387 3563 in
2409 3509 2675 3564 fornacem
2705 3509 2951 3579 coniecit.
2970 3511 3219 3566 Attamen
3245 3511 3387 3568 hunc
3408 3513 3480 3570 ita
3508 3516 3699 3572 crude-

2127 3601 2231 3655 lem
2251 3641 2268 3666 ,
2299 3601 2517 3669 impium
2538 3642 2553 3665 ,
2586 3600 2859 3671 feramque
2896 3601 3070 3671 potius
3095 3617 3255 3671 quam
3298 3602 3565 3660 hominem
3586 3647 3602 3674 ,
3627 3608 3698 3663 ad

2128 3693 2492 3763 paenitentiam
2516 3701 2790 3763 provocat,
2812 3693 3047 3762 aliasque
3063 3694 3218 3749 oﬂ'ert
3232 3695 3330 3765 ipsi
3350 3697 3700 3767 resipiscendi

2127 3784 2467 3848 occasiones;
2492 3783 2664 3853 primo
2694 3783 2867 3853 ipsum
2900 3783 3214 3838 miraculum
3237 3785 3378 3855 quod
3400 3786 3452 3842 in
3480 3786 3698 3846 fornace

2128 3874 2347 3944 contigit
2370 3889 2385 3939 ;
2412 3873 2605 3928 deinde
2624 3874 2901 3940 visionem,
2931 3874 3041 3944 regi
3067 3874 3317 3943 oblatam,
3344 3892 3502 3948 quam
3529 3880 3696 3937 inter-

2130 3973 2364 4033 pretatus
2384 3973 2467 4020 est
2482 3963 2686 4032 Daniel,
2708 3980 2825 4033 qua:
2855 3973 3064 4033 poterat
3083 3966 3166 4020 vel
3185 3966 3446 4036 lapideam
3467 3972 3698 4028 animam

2131 4056 2347 4111 ﬂectere
2379 4072 2391 4109 :
2421 4054 2631 4109 tandem
2655 4064 2773 4124 post
2796 4054 2942 4109 illam
2968 4071 3032 4110 ex
3052 4056 3212 4111 rebus
3241 4058 3370 4127 ipsis
3396 4058 3587 4116 factam
3611 4064 3699 4118 ad-

2132 4147 2478 4202 monitionem
2499 4188 2516 4213 ,
2545 4147 2659 4216 ipse
2696 4145 2955 4216 pr0pheta
2988 4148 3268 4203 consilium
3296 4149 3441 4206 dedit
3479 4152 3561 4209 his
3583 4170 3703 4211 ver-

2131 4238 2214 4293 bis
2244 4256 2257 4290 :
2289 4235 2584 4305 Propterea,
2618 4251 2709 4290 rea:
2730 4278 2744 4303 ,
2774 4236 3037 4290 consilium
3064 4252 3228 4291 meum
3260 4239 3347 4292 tibi
3389 4241 3623 4309 placeat,
3654 4255 3701 4299 et

2133 4337 2334 4399 peccata
2356 4337 2442 4380 tua
2466 4328 2518 4380 in
2542 4326 2861 4396 eleemosynit
2899 4326 3105 4393 redime,
3138 4328 3484 4396 etiniquitates
3513 4341 3625 4387 tuas
3648 4336 3700 4387 in

2143 4417 2545 4472 miserationibus
2590 4432 2869 4485 pauperum
2911 4431 2933 4469 :
2969 4417 3180 4486 forsitan
3215 4418 3308 4471 erit
3352 4419 3704 4490 longanimitas

2135 4509 2325 4562 delictis
2364 4508 2461 4561 tuis
2503 4505 2663 4577 (Dan.
2699 4507 2755 4561 4.
2783 4505 2900 4575 24).
2943 4506 3079 4573 Quid
3115 4506 3284 4573 dicis,
3329 4524 3363 4563 ο
3395 4513 3607 4580 sapiens
3649 4526 3701 4570 et

2136 4600 2333 4656 beate?
2364 4609 2516 4653 estne
2551 4606 2673 4667 post
2718 4606 2921 4651 tantum
2964 4598 3171 4666 lapsum
3213 4600 3449 4667 reditus,
3485 4613 3540 4659 et
3582 4615 3706 4677 post
3788 4672 3791 4674 η

2136 4700 2337 4747 tantum
2388 4689 2631 4745 morbum
2680 4689 2881 4743 sanitas
2910 4689 2935 4741 ?
2986 4704 3267 4745 rursumne
3316 4701 3437 4760 post
3504 4703 3703 4751 tantam

2134 4783 2418 4839 amentiam
2443 4796 2566 4849 spes
2588 4780 2966 4847 resipiscentiaz
2981 4780 3003 4832 ?
3017 4778 3238 4833 Omnem
3264 4782 3412 4850 prius
3433 4798 3581 4853 spem
3604 4787 3708 4842 sibi

2136 4875 2374 4944 przecidit
2408 4888 2521 4937 rex,
2566 4873 2735 4939 primo
2770 4884 2892 4923 cum
2934 4879 3229 4925 creatorem
3266 4886 3443 4940 suum,
3474 4890 3705 4948 eumque

2137 4964 2224 5033 qui
2252 4980 2310 5016 se
2330 4962 2394 5015 ad
2415 4969 2610 5014 tantum
2627 4960 2885 5013 honorem
2911 4968 3177 5027 evexerat,
3197 4961 3477 5031 ignoravit,
3496 4967 3705 5025 etiamsi

2137 5057 2251 5125 eius
2304 5052 2552 5121 potentia:
2597 5062 2755 5121 atque
2803 5052 3145 5119 providentia
3202 5066 3513 5122 argumenta
3568 5059 3705 5115 bene
3782 5050 3785 5053 ⁷

2138 5142 2324 5206 multa,
2349 5149 2457 5193 tum
2484 5155 2607 5207 erga
2633 5156 2710 5201 se,
2735 5150 2842 5193 tum
2868 5154 2991 5208 erga
3014 5142 3378 5209 progenitores
3401 5160 3527 5201 suos
3548 5148 3700 5201 exhi-
3784 5144 3787 5147 ’

2138 5232 2266 5295 bita,
2299 5230 2596 5286 enarranda
2625 5229 2864 5282 haberet.
2887 5228 3090 5284 Deinde
3117 5245 3263 5295 vero,
3294 5247 3412 5287 cum
3440 5243 3558 5301 post
3582 5235 3702 5291 data

2137 5323 2409 5392 sapientia:
2440 5330 2494 5377 et
2520 5320 2862 5390 pricscientiae
2890 5321 3004 5388 eius
3040 5321 3185 5387 signa
3223 5324 3529 5391 conspicua,
3559 5337 3704 5393 post-

2138 5431 2298 5483 quam
2329 5415 2583 5483 magicen,
2615 5412 3024 5477 astronomiam,
3057 5427 3374 5483 omnemque
3410 5416 3701 5473 diabolica-

2140 5520 2259 5559 rum
2290 5503 2667 5574 praestigiarum
2696 5515 2908 5555 scenam
2940 5514 3175 5555 eversam
3194 5502 3427 5570 vidisset,
3454 5508 3698 5573 graviora

2191 5806 2203 5833 ί
2228 5804 2447 5848 Lomert.
2472 5806 2613 5851 unus,
2638 5794 2793 5857 scd'rtt
2814 5789 3067 5857 pulchrum
3090 5780 3637 5857 itluainitiuutattgeat.

2130 5924 2161 5973 ἁ
2191 5866 2210 5893 ¹
2238 5845 2417 5909 Litana;
2454 5865 2530 5907 est
2553 5845 2643 5907 vox
2667 5845 2914 5914 hebraica,
2952 5863 3062 5912 quas
3104 5848 3348 5911 signiﬁcat
3391 5853 3579 5904 niuatis,
3619 5845 3704 5891 aut

2166 5937 2327 5975 onum.
