4506 6698
853 508 962 566 285

854 626 1119 700 prioribus
1141 623 1368 679 admisit.
1388 621 1518 676 Nam
1536 634 1596 675 ea
1625 635 1743 690 qua:
1766 620 2031 688 sapientes
2062 619 2136 672 illi
2163 617 2298 686 magi
2316 615 2420 670 Ga-

854 717 1031 773 zareni
1056 715 1324 786 explicare
1349 728 1454 767 non
1486 722 1749 782 poterant,
1783 710 1877 765 sed
1905 710 2290 765 confitebantur
2315 722 2428 760 ma-

849 811 969 880 jora
996 824 1134 872 esse,
1158 821 1315 875 quam
1339 806 1565 858 humana
1589 803 1808 856 facultas
1828 811 2062 870 caperet,
2095 817 2155 855 ea
2178 800 2268 853 Dei
2297 807 2425 850 nutu

855 905 1230 969 interpretatus
1247 897 1502 968 puerulus
1527 895 1783 964 captivus,
1811 895 1984 962 ipsum
2007 890 2304 962 hujusmodi
2329 889 2426 942 mi-

859 991 1046 1047 raculo
1076 1003 1312 1058 eousque
1336 988 1583 1049 deduxit,
1618 996 1673 1040 ut
1706 1002 1809 1039 non
1847 985 2004 1038 modo
2027 985 2267 1039 crederet
2289 1022 2302 1044 ,
2332 979 2424 1034 sed

854 1083 1016 1137 etiam
1046 1081 1161 1135 orbi
1191 1090 1449 1133 terrarum
1494 1080 1585 1131 toti
1629 1078 1781 1130 ﬁeret
1819 1076 1934 1144 ejus
1963 1077 2225 1145 dogmatis
2253 1086 2429 1142 praeco

852 1181 909 1228 et
935 1173 1121 1226 doctor
1152 1172 1396 1240 publicus
1425 1188 1436 1222 :
1467 1171 1535 1224 ita
1563 1180 1620 1223 ut
1661 1171 1703 1223 si
1742 1177 1864 1222 ante
1891 1169 2098 1238 signum
2129 1163 2428 1235 hujusmodi

854 1264 1009 1322 venia
1032 1261 1278 1329 indignus
1307 1269 1441 1321 erat,
1471 1260 1608 1329 quod
1637 1260 1800 1314 Deum
1830 1259 2119 1326 ignoraret,
2153 1256 2316 1309 multo
2351 1254 2429 1305 in-

854 1352 1064 1421 dignior
1100 1361 1220 1420 post
1261 1351 1389 1404 illud
1434 1350 1744 1404 miraculum
1788 1357 1842 1402 et
1879 1356 1999 1416 post
2044 1345 2428 1400 confessionem

857 1457 1006 1498 suam
1032 1451 1188 1511 atque
1233 1443 1528 1495 doctrinam
1559 1441 1674 1493 aliis
1705 1439 2046 1493 declaratam.
2075 1437 2254 1504 Neque
2287 1434 2427 1487 enim

856 1534 958 1586 nisi
981 1533 1137 1602 plane
1161 1531 1480 1586 credidisset
1500 1531 1670 1599 ipsum
1701 1530 1871 1584 solum
1892 1544 2012 1584 esse
2032 1541 2214 1580 verum
2241 1526 2427 1584 Deum,

857 1631 1064 1677 tantum
1091 1636 1247 1676 servo
1267 1621 1382 1689 ejus
1398 1621 1655 1673 honorem
1677 1620 1974 1679 detulisset,
2003 1630 2101 1668 nec
2125 1612 2430 1682 hujusmodi

857 1712 1106 1768 mandata
1146 1712 1353 1763 caeteris
1388 1710 1642 1764 dedisset.
1687 1711 1928 1763 Attamen
1963 1714 2082 1774 post
2127 1703 2430 1773 hujusmodi

858 1804 1243 1860 confessionem
1271 1803 1323 1855 in
1346 1802 1697 1856 idololatriam
1726 1802 1914 1853 iterum
1943 1797 2196 1866 delapsus
2226 1807 2306 1850 est
2335 1813 2346 1848 :
2378 1804 2433 1847 et

858 1895 950 1965 qui
997 1903 1290 1963 prostratus
1331 1893 1383 1945 in
1436 1892 1625 1946 faciem
1678 1905 1889 1943 servum
1938 1890 2032 1943 Dei
2075 1888 2427 1948 adoraverat,

861 1993 1010 2036 tanto
1040 1992 1219 2051 postea
1249 1981 1429 2035 furore
1457 1990 1734 2049 correptus
1772 1990 1874 2045 est,
1903 1990 1961 2033 ut
1989 1979 2079 2032 Dei
2104 1991 2313 2040 servos,
2341 1974 2430 2044 qui

859 2077 1030 2147 ipsum
1048 2074 1270 2129 adorare
1287 2074 1588 2138 noluerant,
1603 2073 1654 2125 in
1674 2073 1936 2126 fornacem
1951 2071 2274 2124 immitteret.
2294 2067 2429 2134 Quid

865 2166 1061 2236 igitur?
1090 2181 1214 2219 num
1240 2165 1379 2218 Deus
1407 2173 1702 2233 apostatam
1735 2163 1875 2215 ultus
1901 2169 1982 2214 est
2001 2201 2016 2226 ,
2049 2172 2102 2212 ut
2131 2159 2310 2212 ulcisci
2334 2157 2431 2210 de-

862 2256 1061 2311 bebat?
1085 2255 1332 2320 Quinimo
1355 2254 1555 2322 majora
1581 2252 1678 2322 ipsi
1710 2251 1959 2321 potentia:
1993 2265 2101 2304 sua:
2125 2249 2273 2318 signa
2301 2265 2433 2317 prae—

863 2347 999 2414 buit,
1018 2348 1297 2416 ipsumque
1325 2355 1446 2414 post
1478 2353 1677 2398 tantam
1719 2344 1984 2397 vesaniam
2009 2341 2075 2394 ad
2105 2341 2322 2410 pristina
2341 2343 2435 2394 ite-

862 2454 979 2493 rum
1013 2437 1242 2491 reduxit.
1261 2437 1519 2505 Quodque
1548 2436 1838 2489 mirabilius
1863 2442 1962 2497 est,
1989 2448 2054 2487 ne
2075 2432 2144 2486 ob
2169 2433 2435 2502 prodigio-

867 2546 986 2584 rum
1009 2529 1420 2598 magnitudinem
1446 2528 1576 2581 fides
1597 2527 1726 2596 ipsis
1749 2533 2052 2594 negaretur,
2075 2528 2130 2578 in
2159 2525 2306 2577 nullo
2331 2525 2436 2577 alio

865 2622 1073 2690 signum
1103 2619 1246 2682 fecit,
1279 2618 1384 2671 nisi
1411 2619 1464 2671 in
1493 2617 1605 2686 ipsa
1640 2616 1854 2670 fornace
1877 2657 1892 2682 ,
1930 2630 2086 2684 quam
2123 2614 2438 2669 accenderat

869 2712 958 2767 ille
985 2719 1168 2765 contra
1203 2723 1396 2778 pueros
1435 2723 1569 2778 quos
1597 2708 1782 2777 ligatos
1811 2721 1876 2760 eo
1901 2707 2149 2774 conjecit.
2181 2706 2321 2758 Sane
2348 2719 2434 2758 res

868 2804 1003 2858 mira
1042 2802 1407 2871 stupendaqne
1433 2800 1652 2864 fuisset,
1677 2799 1723 2852 si
1749 2800 2016 2852 ﬂammam
2047 2798 2387 2852 exstinxisset
2418 2814 2431 2847 :

864 2905 918 2949 at
940 2894 1387 2951 clementissimus
1426 2893 1533 2956 ille,
1562 2902 1620 2945 ut
1657 2892 1912 2961 majorem
1954 2899 2152 2945 metum
2181 2889 2431 2954 adferret,

864 2988 1265 3056 gravioremque
1291 2992 1549 3038 terrorem
1576 2983 1857 3044 incuteret,
1891 2981 2114 3049 ejusque
2145 2981 2435 3034 caecitatem

868 3078 1078 3146 penitus
1103 3075 1352 3139 solveret,
1376 3074 1546 3142 majus
1568 3072 1835 3142 quippiam
1861 3080 1914 3125 et
1935 3071 2232 3125 mirabilius
2247 3084 2437 3138 opera-

869 3179 954 3222 tus
995 3177 1098 3222 est.
1123 3167 1254 3221 Cum
1288 3166 1430 3219 enim
1460 3164 1787 3233 permisisset
1821 3162 1964 3215 illam
1997 3161 2246 3216 succendi
2271 3175 2436 3230 quan-

868 3267 976 3311 tum
999 3257 1113 3326 ipse
1141 3255 1372 3318 volebat,
1395 3253 1466 3307 ita
1492 3267 1640 3306 suam
1665 3251 1895 3305 ostendit
1914 3251 2222 3319 potentiam,
2253 3259 2308 3302 ut
2332 3249 2436 3302 ini-

867 3349 1124 3403 micorum
1150 3345 1574 3399 machinamenta
1617 3357 1720 3394 non
1759 3341 2093 3402 dissolveret,
2120 3338 2212 3393 sed
2251 3337 2436 3392 eadem

871 3437 1235 3509 permanentia
1266 3435 1412 3489 irrita
1458 3433 1678 3488 faceret.
1722 3431 1802 3486 Ne
1840 3433 1959 3501 quis
1992 3445 2123 3484 vero
2153 3431 2297 3498 ipsos
2323 3438 2443 3497 post

868 3535 1146 3598 superatas
1183 3525 1428 3579 ﬂammas
1472 3523 1826 3590 conspiciens,
1852 3522 2162 3590 phantasma
2195 3533 2312 3573 esse
2345 3533 2442 3586 pu-

871 3626 1029 3680 taret,
1058 3630 1152 3670 eos
1171 3614 1411 3669 comburi
1435 3612 1696 3682 permisit,
1725 3611 1817 3680 qui
1848 3612 1991 3679 ipsos
2017 3611 2327 3677 injecerant,
2357 3621 2444 3662 os-

872 3708 1096 3763 tendens
1121 3720 1303 3759 verum
1337 3705 1514 3773 ignem
1539 3717 1656 3757 esse
1687 3701 1739 3755 id
1766 3701 1908 3770 quod
1941 3700 2282 3757 cernebatur:
2315 3699 2444 3752 alio-

872 3800 998 3868 quin
1024 3811 1127 3850 non
1146 3794 1455 3863 naphtliam,
1495 3804 1720 3860 stupam,
1737 3791 2000 3859 palmites,
2020 3799 2201 3859 totque
2220 3804 2441 3858 corpora

875 3889 1272 3944 combussisset.
1296 3883 1401 3940 Sed
1428 3886 1544 3951 ejus
1567 3883 1790 3950 imperio
1819 3882 1946 3935 nihil
1981 3883 2249 3949 potentius
2278 3897 2291 3932 :
2325 3880 2441 3932 uni-

874 3993 1134 4047 versaque
1166 3990 1347 4029 rerum
1386 3982 1571 4028 natura
1613 3972 1689 4025 illi
1719 3971 2046 4039 obsequitur,
2089 3970 2177 4039 qui
2221 3985 2338 4024 eam
2378 3985 2443 4024 ex

879 4069 1044 4125 nihilo
1089 4067 1354 4137 produxit,
1386 4065 1525 4134 quod
1561 4078 1692 4117 sane
1716 4071 1841 4116 tunc
1874 4063 2294 4116 demonstratum
2331 4070 2443 4114 est:

879 4160 1073 4215 etenim
1096 4158 1305 4211 ﬂamma
1344 4170 1463 4209 cum
1494 4153 1851 4222 corruptibilia
1881 4166 2101 4221 corpora
2134 4153 2446 4219 accepisset,

881 4252 949 4306 ab
974 4251 1038 4305 iis
1068 4249 1217 4319 quasi
1239 4245 1728 4315 incorruptibilibus
1752 4244 2024 4306 abstinuit,
2047 4243 2447 4311 depositumque

882 4343 1087 4396 salvum
1111 4338 1356 4403 reddidit,
1389 4338 1547 4407 idque
1573 4337 1740 4390 multo
1766 4351 1884 4388 cum
1905 4334 2217 4404 Splendore.
2247 4333 2445 4400 Quem—

883 4431 1166 4487 admodum
1194 4429 1336 4485 enim
1357 4444 1423 4482 ex
1439 4427 1600 4497 regiis
1627 4425 1828 4479 :edibus
1849 4439 2019 4494 reges,
2043 4426 2118 4479 sic
2143 4441 2205 4479 ex
2229 4424 2444 4480 fornace

886 4523 1032 4592 pueri
1053 4521 1302 4575 exierunt
1325 4537 1339 4582 ;
1367 4518 1511 4571 nullo
1537 4525 1665 4571 tunc
1691 4531 1868 4585 regem
1895 4516 2133 4583 aspicere
2159 4515 2409 4584 dignante
2426 4556 2443 4581 ,

886 4614 980 4668 sed
1012 4612 1247 4666 omnium
1287 4610 1455 4666 oculis
1479 4649 1495 4672 ,
1539 4608 1761 4662 dimisso
1801 4607 1927 4670 illo,
1956 4608 2021 4660 ad
2064 4617 2170 4661 tam
2210 4608 2450 4662 mirabile

888 4701 1243 4773 spectaculum
1282 4698 1592 4754 conversis:
1639 4713 1702 4752 ac
1743 4711 1913 4766 neque
1957 4697 2194 4751 diadema
2229 4739 2242 4763 ,
2281 4714 2452 4767 neque

891 4807 1143 4863 purpura,
1176 4806 1346 4860 neque
1375 4789 1517 4843 aliud
1540 4788 1807 4858 quidpiam
1831 4788 1992 4856 regia:
2021 4802 2249 4856 pompm,
2274 4789 2453 4842 turbas

896 4883 1185 4937 infidelium
1229 4880 1450 4948 perinde
1492 4881 1791 4946 permovit,
1823 4886 1982 4947 atque
2011 4878 2215 4947 species
2245 4877 2451 4931 illorum

896 4976 1154 5039 fidelium,
1181 4973 1270 5043 qui
1294 4973 1455 5041 longo
1493 4972 1703 5040 quidem
1744 4981 1983 5039 tempore
2017 4971 2070 5024 in
2102 4971 2220 5039 igne
2261 4969 2456 5023 versati

895 5075 1038 5130 sunt,
1078 5063 1171 5117 sed
1209 5062 1427 5132 perinde
1470 5062 1732 5125 exierunt,
1767 5075 1829 5114 ac
1857 5062 1898 5113 si
1925 5076 2022 5129 per
2044 5061 2306 5114 somnium
2344 5059 2457 5114 [nec

898 5154 1134 5226 perpessi
1159 5162 1354 5207 essent.
1377 5153 1584 5206 Atenim
1615 5151 1754 5221 quod
1777 5150 1829 5204 in
1857 5151 2009 5204 nobis
2033 5150 2234 5205 facilius
2262 5166 2454 5205 consu-

909 5247 1090 5308 mitur,
1120 5258 1312 5312 nempe
1339 5243 1645 5311 capillorum
1673 5249 1877 5307 natura,
1900 5249 2026 5294 tunc
2052 5241 2327 5294 adamante
2347 5240 2454 5293 for-

903 5336 1004 5388 tius
1033 5333 1270 5388 llammas
1313 5332 1488 5386 omnia
1535 5331 1849 5387 devorantes
1891 5332 2178 5400 superavit.
2205 5329 2380 5399 Neque
2411 5331 2462 5385 id

907 5425 1080 5477 solum
1114 5424 1353 5478 mirabile
1387 5430 1527 5488 erat,
1559 5420 1699 5492 quod
1729 5421 1780 5476 in
1807 5421 1939 5490 ignis
1967 5421 2199 5475 medium
2235 5422 2459 5489 conjecti

907 5515 1036 5570 nihil
1065 5523 1388 5584 paterentur,
1421 5514 1515 5570 sed
1559 5512 1698 5584 quod
1738 5512 1896 5567 etiam
1923 5513 2264 5581 loquerentur
2295 5511 2462 5564 conti-

909 5621 1013 5661 nuo
1039 5623 1053 5660 :
1087 5619 1244 5659 nemo
1271 5614 1443 5658 autem
1472 5606 1638 5658 nescit
1667 5618 1763 5658 eos
1786 5602 1874 5672 qui
1903 5603 1956 5656 in
1988 5601 2218 5656 flammis
2250 5615 2463 5654 versan-

913 5705 1018 5760 tur,
1046 5694 1215 5748 doncc
1239 5693 1428 5747 clausis
1451 5693 1599 5747 labiis
1617 5701 1756 5757 sunt,
1780 5690 1989 5745 modico
2010 5689 2198 5742 saltem
2226 5698 2465 5756 tempore

913 5786 1156 5841 incendio
1192 5786 1472 5850 resistere;
1508 5785 1552 5839 si
1582 5794 1756 5840 autem
1803 5798 1865 5837 os
1917 5783 2248 5851 aperuerint,
2292 5781 2468 5832 statim

913 5879 1137 5935 animam
1167 5895 1196 5934 a
1236 5893 1457 5949 corpore
1500 5878 1728 5934 avolare.
1770 5875 2143 5930 Verumtamen
2194 5882 2266 5925 tot
2315 5871 2466 5925 editis

1561 503 1617 559 S.
1658 500 1933 558 JOANNIS
1969 495 2443 556 CUliYSOSTOMl
2480 496 2794 554 ARCHIEP.
2837 498 3366 556 CONSTANTINOI‘.

3997 505 4099 559 234

2539 615 2827 681 miraculis,
2865 616 3212 686 omnibusque
3251 613 3504 680 attonitis,
3538 625 3640 668 tam
3669 621 4020 685 praesentibus
4048 633 4096 674 et

2536 709 2898 774 spectantibus
2921 723 3078 773 quam
3109 711 3434 775 absentibus,
3465 710 3554 778 qui
3588 709 3638 762 id
3672 725 3765 778 per
3791 711 3969 767 literas
3989 716 4098 768 edi-

2535 798 2796 864 dicerunt,
2833 815 2922 852 rex
2951 799 3038 852 ille
3061 801 3149 867 qui
3175 801 3306 854 alios
3339 801 3608 864 docuerat,
3637 799 3932 854 obstinatus
3954 819 4099 858 man-

2539 890 2626 955 sit,
2661 901 2711 944 et
2729 892 2792 943 ad
2820 890 3091 959 pristinam
3123 906 3368 946 reversus
3398 902 3479 946 est
3500 890 3909 959 improbitatem.
3935 895 4010 944 Ac
4033 911 4096 949 ne

2536 980 2613 1035 sic
2635 982 2844 1051 quidem
2872 983 3018 1036 illum
3049 983 3187 1037 Deus
3212 986 3434 1053 punivit,
3464 985 3559 1038 sed
3585 985 3847 1054 patienter
3875 983 4010 1049 tulit,
4039 1001 4098 1039 ac

2537 1085 2634 1137 per
2679 1075 2939 1126 somnium
2983 1086 3178 1140 perque
3217 1075 3528 1144 prophetam
3568 1089 3944 1135 commonens,
3977 1088 4095 1127 cum

2536 1165 2625 1216 tali
2655 1167 2736 1217 via
2772 1167 2934 1219 nihilo
2972 1164 3156 1218 melior
3195 1169 3467 1232 evaderet,
3501 1183 3710 1235 poenam
3741 1167 3952 1221 demum
3995 1166 4097 1218 im-

2535 1255 2698 1317 misit,
2745 1270 2847 1308 non
2887 1255 3148 1324 praeterita
3193 1255 3492 1322 ulciscens,
3525 1258 3614 1311 sed
3647 1257 3817 1310 futura
3850 1257 4097 1326 prmscin-

2532 1343 2668 1397 deus
2717 1348 2875 1406 mala,
2917 1355 2970 1400 et
3005 1346 3394 1414 improbitatem
3434 1363 3500 1401 ne
3527 1348 3745 1401 ulterius
3788 1349 4097 1415 procederet

2537 1450 2832 1490 coercens:
2878 1451 3046 1506 neque
3089 1446 3261 1488 tamen
3303 1453 3471 1501 usque
3510 1443 3562 1491 in
3604 1439 3790 1499 finem;
3824 1450 4097 1507 postquam

2535 1527 2674 1580 enim
2708 1531 2888 1595 paucis
2929 1531 3070 1582 illum
3107 1529 3258 1580 annis
3301 1529 3646 1596 castigasset,
3676 1531 3895 1597 pristino
3923 1532 4098 1584 reddi-

2536 1617 2614 1669 dit
2649 1617 2872 1682 honori,
2904 1619 3045 1672 nullo
3069 1618 3260 1671 damno
3287 1620 3560 1672 multatum
3594 1635 3659 1674 ex
3688 1634 3860 1687 paena,
3893 1621 3985 1673 sed
4008 1621 4098 1674 bo-

2541 1723 2668 1760 num
2691 1711 2923 1763 omnium
2950 1712 3234 1762 maximum
3263 1708 3518 1761 lucratum
3539 1749 3553 1773 ,
3584 1719 3641 1762 ut
3665 1725 3854 1778 nempe
3882 1710 4100 1763 firmiter

2537 1797 2658 1852 fidei
2699 1816 2824 1868 erga
2882 1802 3043 1853 Deum
3075 1799 3335 1864 hzereret,
3368 1814 3430 1853 ac
3458 1800 3524 1854 de
3562 1801 3791 1868 peccatis
3834 1801 4097 1869 prioribus

2541 1890 2907 1957 pmnitentiam
2934 1897 3130 1958 ageret.

2609 2000 2660 2052 6.
2712 2000 3002 2067 Numquam
3023 2009 3276 2051 aversatur
3305 1997 3439 2052 Deus
3469 2000 3710 2053 sinceram
3742 2001 4095 2066 paenitentiam.

2536 2120 2604 2128 ——
2639 2090 2945 2158 llujusmodi
2983 2089 3175 2157 quippe
3211 2098 3291 2142 est
3327 2090 3420 2143 Dei
3451 2104 3576 2158 erga
3603 2089 3839 2142 homines
3869 2091 4099 2144 clemen-

2537 2182 2604 2234 tia
2631 2199 2642 2234 :
2678 2195 2959 2248 numquam
2989 2189 3262 2232 aversatur
3289 2179 3549 2233 sinceram
3578 2180 3970 2247 paenitentiam;
4007 2182 4098 2234 sed

2537 2271 2739 2324 etiamsi
2771 2270 2886 2338 quis
2913 2270 2962 2321 in
2994 2279 3286 2322 extremum
3325 2269 3674 2336 improbitatis
3707 2271 3976 2338 pertigerit
3998 2312 4012 2334 ,
4051 2283 4103 2326 et

2536 2359 2659 2414 hinc
2685 2359 2749 2412 ad
2779 2359 2986 2412 virtutis
3014 2360 3151 2411 viam
3180 2359 3354 2414 redire
3379 2361 3603 2414 voluerit
3629 2403 3642 2426 ,
3687 2362 3855 2429 ipsum
3887 2363 4105 2429 suscipit

2537 2462 2590 2506 ct
2616 2452 2966 2520 amplexatur,
2995 2451 3233 2519 nihilque
3261 2467 3362 2504 non
3393 2452 3499 2520 agit
3520 2461 3573 2505 ut
3599 2467 3718 2505 eum
3747 2453 3796 2505 in
3827 2455 4098 2520 pristinum

2538 2548 2730 2594 statum
2761 2541 3018 2593 restituat.
3043 2540 3296 2608 Quodque
3322 2541 3537 2607 majoris
3562 2550 3642 2594 est
3669 2541 3981 2605 clementim,
4005 2544 4104 2596 etsi

2538 2630 2656 2698 quis
2680 2643 2782 2681 non
2811 2629 3067 2697 integram
3096 2629 3453 2696 pmnitentiam
3477 2631 3755 2695 exhibeat,
3788 2631 4000 2685 brevem
4023 2642 4101 2685 ta-

2539 2734 2659 2771 men
2687 2718 2828 2770 illam
2857 2727 2909 2770 et
2929 2718 2993 2772 ad
3025 2717 3288 2771 modicum
3316 2719 3603 2773 exhibitam
3632 2735 3734 2774 non
3767 2722 3979 2785 abnuit,
4011 2722 4101 2776 sed

2538 2823 2778 2877 magnam
2808 2807 2929 2861 huic
2954 2807 3251 2861 mercedem
3280 2809 3460 2861 tribuit
3493 2826 3506 2860 :
3538 2810 3675 2876 quod
3717 2825 3843 2864 sane
3883 2810 4104 2864 manife~

2538 2910 2677 2953 stum
2707 2909 2786 2952 est
2815 2915 2879 2952 ex
2907 2899 2990 2963 iis,
3011 2914 3126 2966 qua:
3157 2898 3221 2950 de
3247 2899 3438 2965 populo
3462 2899 3759 2953 Judmorum
3791 2902 3915 2954 dicit
3945 2901 4104 2954 Isaias

2542 2991 2792 3058 propheta
2820 2989 2900 3042 his
2927 2989 3100 3042 verbis
3131 3005 3144 3039 ε
3176 2987 3392 3056 Pr0pter
3428 3000 3679 3056 peccatum
3708 2993 3959 3059 paulisper
3982 3008 4103 3044 con-

2543 3087 2731 3138 tristari
2757 3103 2889 3150 eum,
2921 3095 2967 3138 et
2997 3087 3218 3153 percussi
3238 3100 3374 3147 eum,
3403 3094 3449 3137 et
3476 3085 3631 3136 averti
3651 3086 3828 3152 faciem
3855 3099 4014 3134 meam
4043 3085 4103 3134 ab

2542 3190 2637 3227 eo:
2667 3185 2712 3227 et
2738 3177 3059 3228 contristatus
3089 3185 3195 3239 est,
3231 3186 3275 3227 et
3302 3175 3570 3227 ambulavit
3600 3182 3832 3232 mlestus;
3862 3182 3906 3224 et
3934 3178 4105 3225 sanati!

2542 3280 2673 3329 eum,
2698 3274 2741 3317 et
2762 3265 3043 3318 consolatus
3068 3281 3178 3317 sunt
3205 3281 3317 3318 eum
3361 3265 3378 3334 (
3400 3263 3525 3316 lsai.
3550 3265 3636 3317 57.
3665 3263 3748 3316 17.
3774 3263 3839 3315 18
3861 3263 3898 3330 ).
3935 3262 4106 3315 Testis

2543 3364 2716 3407 autem
2743 3356 2894 3408 nobis
2921 3356 3021 3409 erit
3060 3356 3398 3424 impiissimus
3445 3371 3536 3408 rex
3582 3354 3668 3406 ille
3689 3395 3704 3417 ,
3736 3354 3823 3420 qui
3850 3352 3915 3404 ab
3945 3367 4106 3404 uxore

2544 3445 2754 3514 quidem
2787 3447 3013 3514 peccatis
3040 3447 3261 3500 traditus
3287 3457 3367 3500 est
3395 3463 3407 3497 :
3435 3455 3488 3498 at
3516 3445 3600 3498 tibi
3633 3444 3856 3513 primum
3885 3443 4032 3505 luxit,
4055 3452 4108 3495 et

2546 3550 2700 3587 sacco
2730 3535 2940 3588 indutus
2970 3535 3200 3589 facinora
3229 3551 3319 3589 sua
3348 3536 3634 3597 damnavit,
3664 3534 3732 3586 ita
3759 3533 3855 3585 sibi
3890 3533 3978 3585 Dei
4005 3533 4105 3584 mi-

2548 3624 2887 3677 sericordiam
2933 3627 3266 3687 conciliavit,
3313 3634 3370 3678 ut
3417 3627 3591 3678 omnia
3633 3625 3731 3678 sibi
3782 3623 4104 3676 imminentia

2547 3715 2680 3767 mala
2703 3716 2941 3770 evitarei.
2966 3715 3094 3772 Nam
3118 3716 3254 3770 Deus
3277 3717 3437 3770 Helia:
3463 3718 3624 3770 dixit:
3664 3715 3841 3768 Vidisti
3860 3717 4105 3780 quomodo

2546 3814 2870 3872 compunctus
2884 3816 2952 3859 est
2972 3805 3141 3859 Achab
3161 3824 3190 3858 a
3211 3808 3339 3874 facie
3360 3809 3505 3860 mea?
3523 3806 3641 3858 Non
3663 3805 3894 3857 inducam
3921 3805 4109 3856 malum

2546 3896 2596 3947 in
2624 3896 2794 3948 diebus
2819 3898 2947 3965 ejus,
2977 3913 3033 3949 eo
3058 3897 3189 3964 quod
3226 3898 3413 3965 ﬂeverit
3438 3914 3468 3948 a
3497 3897 3624 3963 facie
3643 3912 3749 3947 mea
3767 3894 3839 3966 (5.
3865 3896 3988 3964 Reg.
4010 3897 4102 3950 21.

2547 3987 2660 4055 9.9).
2679 3987 2806 4041 Post
2833 3987 2972 4041 hunc
2993 3990 3148 4041 etiam
3176 3988 3441 4040 Manasses
3467 3987 3538 4055 (Ξ.
3565 3986 3742 4038 Paral.
3767 3988 3852 4040 5'5.
3888 3988 3995 4054 15),
4019 3985 4106 4054 qui

2550 4094 2732 4133 omnes
2760 4080 2962 4132 insania
2991 4079 3258 4148 superavit
3283 4088 3437 4146 atque
3469 4077 3740 4146 tyrannide
3763 4118 3777 4141 ,
3809 4086 3861 4130 et
3890 4077 4107 4145 legalem

2552 4171 2738 4223 evertit
2761 4170 2977 4231 cultum,
3010 4170 3262 4237 templum
3283 4167 3490 4227 clausit,
3521 4173 3574 4218 et
3599 4165 3854 4219 idolorum
3877 4180 4110 4220 errorem

2554 4260 2742 4313 florere
2762 4260 2900 4323 fecit,
2925 4259 3264 4326 omniumque
3284 4257 3371 4323 qui
3392 4264 3514 4307 ante
3541 4255 3744 4309 fuerant
3773 4257 4111 4324 impiissimus

2553 4349 2668 4413 fuit,
2699 4365 2814 4403 cum
2843 4359 3026 4418 postea
3058 4347 3396 4416 resipuisset,
3424 4346 3617 4399 relatus
3644 4356 3724 4399 est
3752 4347 3803 4399 in
3836 4359 4108 4398 numerum

2554 4443 2842 4495 amicorum
2874 4440 2984 4492 Dei.
3021 4439 3077 4492 Si
3108 4447 3282 4496 autem
3317 4445 3597 4503 conspecta
3635 4436 3964 4504 iniquitatum
3994 4449 4113 4486 sua-

2555 4548 2671 4586 rum
2701 4530 3056 4599 magnitudine
3080 4571 3092 4593 ,
3123 4529 3190 4582 de
3219 4528 3386 4582 reditu
3415 4545 3476 4583 ac
3504 4531 3568 4584 de
3598 4533 3886 4584 mutatione
3922 4528 4110 4594 despe-

2557 4631 2745 4683 rasset,
2774 4621 3015 4674 omnibus
3043 4628 3186 4674 certe
3214 4635 3330 4689 qua:
3353 4630 3529 4688 postea
3557 4630 3902 4689 consequutus
3923 4627 4002 4670 est
4024 4631 4114 4669 ex-

2559 4713 2803 4766 cidisset:
2829 4727 2966 4766 nunc
2985 4720 3178 4776 autem,
3202 4727 3302 4766 non
3326 4712 3390 4766 ad
3416 4714 3607 4768 molem
3635 4723 3964 4782 peccatorum
3996 4723 4118 4760 suo-

2561 4821 2697 4869 rum,
2729 4804 2820 4858 sed
2847 4804 2911 4856 ad
2941 4804 3247 4857 immensam
3282 4805 3370 4859 Dei
3399 4803 3908 4858 commiserationem
3945 4813 4118 4864 respi-

2563 4899 2706 4952 ciens
2724 4939 2738 4960 ,
2767 4897 2989 4964 diruptis
3009 4897 3201 4950 diaboli
3227 4898 3469 4962 vinculis,
3493 4896 3717 4950 surrexit
3739 4901 3789 4944 et
3811 4891 4113 4954 deccrtavit,

2565 4989 2864 5054 bonumque
2892 5002 3100 5041 cursum
3138 4987 3538 5042 consummavit.
3581 4984 3693 5038 Non
3736 4980 3903 5032 solum
3945 4987 4117 5031 autem

2565 5093 2629 5132 ex
2655 5076 2849 5141 verbis,
2882 5093 2997 5145 qua:
3021 5078 3085 5132 ad
3113 5093 3204 5132 eos
3231 5080 3475 5146 loquutus
3495 5084 3596 5136 est,
3625 5071 3715 5124 sed
3740 5071 3892 5122 etiam
3921 5084 3980 5121 ex
4005 5069 4120 5121 aliis

2567 5182 2660 5236 per
2680 5166 2984 5235 prophetam
3013 5169 3357 5236 pronuntiatis
3382 5168 3524 5219 Deus
3542 5175 3725 5214 omnes
3747 5160 4122 5228 ilcspcratimiis

2567 5258 2908 5327 cogitationes
2935 5260 3233 5326 prmsciudit
3265 5278 3278 5311 :
3310 5256 3474 5310 Hodie
3493 5295 3506 5315 ,
3540 5253 3726 5319 inquit,
3755 5252 3795 5302 si
3827 5266 3988 5301 vocem
4014 5253 4122 5318 ejus

2570 5350 2825 5402 audieritis
2845 5389 2858 5410 ,
2888 5351 3039 5404 nolite
3065 5351 3312 5404 obdurare
3335 5346 3489 5400 corda
3514 5353 3670 5396 vestra
3696 5344 3821 5394 sicut
3845 5345 3896 5394 in
3925 5361 4122 5396 exacer-

2571 5442 2766 5496 batione
2793 5440 2958 5511 (Psal.
2985 5443 3072 5496 94.
3101 5442 3180 5511 9).

2648 5550 2698 5606 Ν
2703 5569 2766 5605 οη
2794 5570 2854 5608 ea:
2886 5565 3103 5623 tempore
3124 5595 3137 5618 ,
3171 5551 3256 5606 sed
3285 5563 3346 5601 ea:
3373 5545 3554 5610 aﬂ'ectu
3596 5543 3877 5611 paenitentia
3902 5547 4123 5598 aestima-

2577 5656 2675 5698 tur.
2697 5675 2767 5684 -—
2796 5646 2921 5699 lllud
2947 5657 3122 5700 autem
3151 5641 3297 5694 hodie
3321 5652 3412 5705 per
3441 5645 3601 5688 totam
3625 5634 3781 5688 vitam
3808 5635 3909 5690 dici
3937 5646 4124 5704 potest,

2577 5738 2702 5801 imo,
2725 5736 2766 5789 si
2793 5737 2936 5799 lihct,
2960 5736 3024 5788 ad
3046 5738 3368 5788 senectutem
3391 5739 3554 5795 usque
3579 5740 3591 5776 :
3617 5739 3718 5778 non
3741 5727 3878 5780 enim
3907 5743 3970 5780 ex
3996 5735 4128 5777 tern-

2579 5829 2720 5897 poris
2752 5828 3073 5899 longitudine
3100 5863 3113 5889 ,
3150 5821 3242 5877 sed
3284 5836 3348 5876 ex
3388 5819 3544 5873 animi
3595 5817 3778 5870 affectu
3831 5819 4128 5888 pnsnitcnt.)
