4516 6698
235 504 348 561 283

239 619 449 687 σκηνὴν
478 616 877 686 ἀνατραπεῖσαν
904 616 1051 678 ἰδὼν,
1083 611 1442 685 χαλεπώτερα
1481 614 1588 666 τῶν
1634 611 1913 681 προτέρων

232 700 571 763 ἔπεδείξατο·
604 701 671 753 Ἀ
694 702 801 771 γὰρ
820 702 869 753 οἱ
904 700 1057 767 σοφοὶ
1075 697 1239 766 μάγοι
1261 697 1566 767 Γαζαρηνοπ.
1583 694 1916 762 διασαφῆσαι

229 785 337 836 οὐκ
376 784 617 851 ἴσχυσαν,
646 784 759 837 ἀλλ’
779 781 1094 853 ὡμολόγουν
1133 778 1352 847 μείζονα
1385 779 1417 848 ἢ
1451 776 1593 829 κατὰ
1640 774 1916 846 ἀνθρωπί-

229 882 335 933 νην
367 864 526 931 φύσιν
551 860 710 926 εἶναι,
745 863 920 917 ταῦτα
939 860 1147 912 παιδίον
1176 860 1523 931 αἰχμάλωτον
1554 855 1915 910 ἐπιλύσασθαι

231 948 474 1017 ποιήσας
503 948 672 1017 αὐτῷ,
705 946 878 1006 οὕτως
924 944 1086 995 αὐτὸν
1109 944 1422 1013 ἐπηγάγετο
1456 941 1647 1012 ἐκείνῳ
1674 940 1751 1009 τῷ
1786 938 1915 991 θαύ-

233 1045 389 1097 ματι,
419 1031 492 1094 ώς
526 1032 601 1101 μὴ
640 1031 800 1100 μόνον
831 1026 991 1079 αὑτὸν
1018 1028 1328 1089 πιστεῦσαι,
1364 1024 1499 1077 ἀλλά
1525 1026 1620 1078 καὶ
1646 1029 1711 1095 τῇ
1738 1026 1917 1076 οἰκου-

231 1114 376 1183 μένῃ
422 1116 571 1185 πασῃ
605 1113 699 1165 τοῦ
740 1111 1012 1179 δόγματος
1061 1111 1251 1165 τούτου
1280 1110 1533 1177 γενέσθαι
1568 1112 1790 1181 κήρυκα
1821 1106 1915 1159 καὶ

227 1192 547 1248 διδάσκαλον
568 1193 737 1261 σαφῆ.
766 1193 925 1244 Ὥστε
961 1195 1009 1245 εἰ
1045 1195 1137 1248 καὶ
1161 1193 1291 1261 πρὶν
1323 1197 1540 1261 σημεῖον
1562 1193 1801 1246 τοιοῦτον
1821 1191 1915 1241 λα-

228 1278 347 1329 ϐεῖν
376 1279 759 1344 άσύγγνωστος
781 1270 847 1345 ἦν
875 1276 1082 1344 ἀγνοῶν
1099 1276 1189 1327 τὸν
1207 1274 1360 1337 Θεὸν,
1381 1276 1555 1347 πολλῷ
1581 1276 1776 1348 μᾶλλον
1797 1272 1913 1341 μετ’

228 1362 417 1415 ἐκεῖνο
451 1362 510 1411 τὸ
542 1358 751 1427 θαῦμα,
788 1360 880 1410 καὶ
911 1360 1009 1429 τὴν
1038 1357 1333 1429 ὁμολογίαν
1363 1359 1550 1423 αὐτοῦ,
1590 1361 1685 1411 καὶ
1710 1357 1806 1426 τὴν
1837 1355 1914 1406 δι-

224 1442 524 1495 δασκαλίαν
559 1441 655 1510 τὴν
683 1442 761 1497 είς
789 1442 1006 1512 ἐτέρους
1042 1442 1416 1511 γεγενημένην
1446 1455 1494 1495 α.
1545 1441 1682 1495 Οὔτε
1712 1441 1818 1509 γάρ
1849 1438 1912 1490 ἂν

228 1528 311 1594 μὴ
340 1523 635 1585 πιστεύσας
656 1524 854 1586 καλῶς,
882 1526 963 1577 ὅτι
993 1524 1151 1592 μόνος
1177 1521 1371 1577 ἐστὶν’ό
1384 1525 1515 1587 Θεὸς
1544 1524 1772 1592 ἀληθὴς,
1791 1537 1912 1572 τοσ-

224 1608 402 1677 αύτην
436 1610 513 1669 εἰς
543 1608 632 1659 τὸν
682 1608 889 1660 ἐκείνου
940 1607 1249 1677 θεράποντα
1275 1607 1435 1675 τιμὴν
1465 1605 1795 1669 ἐπεδείξατο,
1822 1602 1913 1656 καὶ

223 1690 457 1742 τοιαῦτα
478 1693 591 1753 τοῖς
621 1690 801 1754 ἄλλοις
826 1691 1239 1760 ἐνομοθέτησεν.
1288 1690 1426 1741 Ἀλλ’
1469 1691 1617 1760 ὅμως
1657 1687 1794 1758 μετὰ
1817 1686 1913 1756 τὴν

222 1772 483 1840 τοιαύτην
527 1774 818 1842 ὁμολογίαν
864 1774 943 1833 εἰς
975 1771 1421 1841 εἰδωλολατρείαν
1468 1773 1628 1826 πάλιν
1665 1770 1908 1835 ἐξέπεσε,

226 1855 331 1908 καὶ
369 1857 398 1906 6
430 1853 612 1905 πεσὼν
634 1854 729 1905 ἐπὶ
759 1853 1072 1921 πρόσωπον,
1100 1854 1194 1906 καὶ
1218 1854 1308 1905 τὸν
1327 1853 1420 1906 τοῦ
1449 1854 1583 1907 Θεοῦ
1606 1852 1913 1923 προσκυνή-

227 1951 330 1997 σας
353 1934 556 1998 δοῦλον,
573 1930 726 1997 οὗτος
747 1936 827 1997 εἰς
856 1933 1111 1987 τοσοῦτον
1131 1934 1497 2005 ἐξεϐακχεύθη
1531 1937 1749 2006 μανίας,
1774 1932 1912 1985 ὥστε

225 2020 359 2080 τοὺς
389 2018 484 2071 τοῦ
502 2016 639 2070 Θεοῦ
659 2017 877 2080 δούλους
900 2020 974 2088 μὴ
1000 2019 1441 2088 προσκυνοῦντας
1458 2020 1620 2073 αὑτὸν
1639 2021 1717 2080 εἰς
1744 2017 1912 2087 κάμι-

225 2118 321 2152 νον
352 2101 635 2171 ἐμϐαλεῖν.
675 2102 739 2153 Τί
773 2097 900 2165 οὖν;
940 2101 1209 2171 μετῆλθεν
1238 2104 1265 2154 6
1302 2103 1432 2165 Θεὸς
1458 2103 1547 2155 τὸν
1574 2102 1910 2169 ἀποστάτην,

224 2184 306 2247 ὡς
334 2186 611 2254 μετελθεῖν
638 2186 781 2251 ἕδει;
813 2185 1053 2248 Μείζονα
1086 2186 1185 2254 μὲν
1214 2181 1306 2238 οῦν
1339 2186 1487 2256 αύτῴ
1521 2183 1913 2255 τεκμήριατῆς

223 2267 434 2330 οἰκείας
456 2268 696 2338 παρέσχε
734 2268 1018 2336 δυνάμεως
1041 2309 1055 2332 ,
1095 2267 1236 2337 μετά
1258 2267 1355 2336 τὴν
1374 2268 1637 2337 τοσαύτην
1655 2268 1913 2320 ἀπόνοιαν

223 2349 402 2402 ’έλκων
425 2351 517 2401 ἐπὶ
544 2350 612 2402 τά
644 2350 888 2420 πρότερα
924 2352 950 2388 b
987 2352 1147 2404 πάλιν
1173 2350 1336 2402 αὐτόν
1354 2365 1366 2377 ·
1396 2350 1489 2402 καὶ
1516 2351 1576 2402 τὸ
1605 2350 1670 2419 δὴ
1706 2350 1916 2417 θαυμα-

226 2432 518 2502 στότερον’
563 2432 649 2483 ἵνα
691 2431 801 2502 γάρ
832 2433 905 2501 μὴ
935 2432 1235 2502 ἀπιστῆται
1271 2430 1433 2483 πάλιν
1453 2430 1538 2483 διὰ
1553 2431 1649 2500 τὴν
1674 2429 1912 2499 ὑπερϐο-

222 2514 326 2583 λὴν
349 2516 457 2566 τῶν
494 2514 789 2583 θαυμάτων
819 2514 886 2566 τά
914 2515 1194 2585 γινόμενα,
1220 2516 1320 2568 οὐκ
1341 2516 1400 2567 ἐν
1427 2515 1569 2583 ἄλλῳ
1601 2515 1707 2566 τινὶ
1740 2515 1799 2565 τὸ
1825 2530 1916 2583 ση-

226 2602 380 2667 μεῖον
409 2597 687 2667 ἐποίησεν,
714 2598 828 2649 ἀλλ’
860 2598 953 2650 ἐπὶ
980 2599 1077 2666 τῆς
1112 2600 1372 2668 καμίνου,
1402 2598 1469 2668 ἢν
1489 2596 1789 2668 [ηάνῆψεν
1812 2596 1911 2648 αύ-

221 2682 316 2744 τὸς
345 2682 439 2733 ἐπὶ
471 2680 580 2731 τῶν
620 2681 846 2743 παίδων,
882 2678 975 2743 οὓς
1028 2680 1187 2749 ἔδησε
1224 2682 1314 2733 καὶ
1356 2679 1631 2732 ἐνέϐαλεν.
1664 2674 1774 2729 ’Ἦν
1813 2678 1912 2748 μὲν

223 2761 322 2816 οὖν
357 2762 530 2815 καὶτὸ
559 2762 748 2813 σϐέσαι
776 2762 874 2832 τὴν
904 2762 1077 2830 φλόγα
1112 2762 1425 2832 θαυμαστὸν
1459 2763 1553 2814 καὶ
1586 2760 1907 2831 παράδοξον·

219 2845 254 2898 ὁ
278 2846 334 2897 δέ
361 2843 745 2914 φιλάνθρωπος
769 2844 907 2915 ὑπὲρ
933 2844 1025 2897 τοῦ
1062 2843 1283 2914 μείζονα
1314 2844 1547 2897 ἐνθεῖναι
1576 2844 1738 2913 φόϐον
1756 2884 1769 2905 ,
1818 2844 1911 2895 καὶ

225 2927 450 2979 πλείονα
484 2927 710 2996 ποιῆσαι
740 2927 839 2985 τὴν
862 2926 1144 2997 ἔκπληξιν,
1182 2928 1278 2981 καὶ
1310 2929 1493 2979 πᾶσαν
1550 2926 1716 2979 αὑτοῦ
1749 2926 1910 2979 λῦσαι

216 3011 325 3079 τὴν
346 3009 623 3079 πώρωσιν,
652 3008 712 3060 τὸ
741 3006 931 3060 τούτου
968 3009 1151 3078 μεῖζον
1178 3010 1407 3079 ἐποίησε
1431 3010 1524 3062 καὶ
1548 3007 1911 3080 παραδοξότε-

221 3093 564 3171 ρονυἊφεὶς
586 3092 695 3161 γὰρ
715 3092 886 3162 αὐτὴν
911 3092 1249 3161 ἐκκαυθῆναι
1272 3092 1546 3157 τοσοῦτον,
1572 3094 1695 3145 ὅσον
1716 3091 1912 3162 ἠθέλη-

221 3191 319 3226 σεν
345 3175 572 3236 ἐκεῖνος,
606 3172 750 3226 οὕτω
786 3176 884 3243 τὴν
923 3174 1130 3226 οἰκείαν
1178 3173 1517 3227 ἐνδείκνυται
1553 3174 1802 3245 δύναμιν,
1849 3176 1909 3227 ού

219 3256 510 3310 καταλύων
552 3255 620 3307 τά
669 3258 1039 3327 μηχανήματα
1080 3256 1188 3309 τῶν
1234 3256 1484 3326 ἐχθρῶν,
1526 3256 1655 3308 ἀλλ’
1699 3258 1911 3310 ἑστῶτα

219 3341 407 3409 ἄκυρα
436 3338 621 3391 ποιῶν.
648 3339 767 3391 ἰνα
798 3339 856 3391 δὲ
891 3341 964 3409 μή
990 3357 1073 3403 τις
1099 3340 1298 3403 αὐτοὺς
1328 3339 1452 3393 ἰδὼν
1486 3342 1913 3411 περιγεγονότας

217 3423 326 3491 τῆς
356 3422 574 3491 φλογὸς,
601 3422 891 3491 φάντασμα
916 3418 1054 3476 εἶναι
1090 3423 1287 3493 νομίσῃ
1318 3463 1330 3485 ,
1381 3423 1728 3493 συνεχώρησε
1776 3442 1911 3477 καυ-

220 3506 389 3575 θῆναι
415 3508 539 3565 τοὺς
560 3504 895 3574 ἐμϐαλόντας
932 3505 1154 3569 αὐτοὺς,
1189 3507 1407 3570 δεικνὺς
1444 3508 1525 3559 ὅτι
1558 3507 1669 3578 πῦρ
1708 3508 1805 3577 μέν
1842 3504 1911 3577 ἦν

220 3588 445 3658 ἀληθῶς
473 3589 533 3639 τὸ
562 3586 866 3659 ὁρώμενον·
900 3589 963 3639 οὐ
998 3587 1106 3658 γάρ
1132 3587 1199 3640 ἂν
1227 3589 1439 3656 νάφθαν
1474 3591 1569 3642 καὶ
1602 3589 1866 3641 στύππιον
1886 3601 1905 3627 α

222 3675 324 3723 καὶ
354 3671 692 3738 κληματίδας
722 3670 817 3722 καὶ
843 3668 1079 3721 τοσαῦτα
1112 3670 1395 3737 κατέφαγε
1426 3671 1683 3742 σώματαο
1726 3674 1821 3741 τῆς
1855 3673 1912 3726 δὲ

222 3753 395 3807 αὑτοῦ
413 3754 726 3823 προσταγῆς
755 3754 1095 3824 ἰσχυρότερον
1115 3753 1289 3805 οὐδέν’
1310 3754 1427 3806 ἀλλ’
1466 3756 1661 3808 ἕπεται
1700 3756 1806 3807 τῶν
1829 3756 1915 3807 ὀνο

221 3854 338 3889 των
369 3836 623 3888 ἁπάντων
658 3839 690 3907 ή
715 3836 878 3905 φύσις
910 3836 988 3905 τῷ
1012 3838 1075 3888 ἐκ
1103 3835 1199 3888 τοῦ
1238 3838 1313 3906 μὴ
1346 3837 1501 3899 ὄντος
1527 3839 1699 3907 αὐτὴν
1748 3840 1827 3901 εἰς
1854 3838 1916 3891 τό

225 3916 374 3973 εἶναι
402 3922 813 3990 παραγαγόντι’
854 3922 991 3991 ὅπερ
1036 3917 1129 3972 οὖν
1178 3920 1273 3972 καὶ
1312 3919 1435 3972 τότε
1473 3920 1779 3973 ἐδείκνυτο·
1807 3922 1911 3973 σώ-

232 4020 384 4074 ματα
419 4004 526 4072 γὰρ
553 4005 585 4072 ή
627 4002 759 4071 φλὸξ
787 4003 1131 4057 ἀπολαϐοῦσα
1162 4003 1405 4071 φθαρτά,
1429 4004 1684 4073 καθάπερ
1704 4004 1915 4072 ἀφθάρ-

228 4104 343 4139 των
380 4085 665 4153 ἀπέσχετο,
703 4086 800 4137 καὶ
831 4086 978 4140 σώαν
1000 4086 1097 4156 τὴν
1132 4085 1616 4156 παρακαταθήκην
1639 4087 1910 4150 ἀπέδωκε,

231 4168 331 4219 καὶ
358 4164 494 4235 μετὰ
518 4165 717 4235 πολλῆς
742 4166 839 4235 τῆς
863 4166 1265 4239 λαμπρότητος.
1293 4168 1469 4220 Ὦσπε
1480 4185 1509 4238 ρ
1537 4168 1646 4237 γάρ
1664 4170 1728 4220 ἐκ
1765 4168 1913 4237 βασι-

232 4256 395 4309 λείων
420 4254 577 4307 τινῶν
609 4254 878 4324 βασιλεῖς,
912 4256 1085 4320 οὕτως
1109 4257 1216 4310 ἀπὸ
1247 4258 1343 4326 τῆς
1382 4256 1614 4326 καμίνου
1642 4256 1917 4327 προῄεσαν

234 4346 291 4396 οἱ
325 4343 506 4405 παῖδες
540 4344 766 4407 ἐκεῖνοι,
798 4342 1014 4405 οὐδενὸς
1055 4346 1136 4407 εἰς
1175 4345 1265 4397 τὸν
1313 4344 1538 4414 βασιλέα
1585 4345 1915 4414 ἀνεχομένου

237 4431 427 4483 λοιπὸν
466 4431 619 4500 όρᾷν,
670 4429 808 4481 άλλά
837 4428 1053 4483 πάντων
1078 4434 1204 4495 τοὺς
1227 4430 1533 4501 ὀφθαλμοὺς
1576 4431 1670 4483 ἀπ’
1706 4430 1914 4483 ἐκείνου

244 4519 581 4590 μεταθέντων
606 4517 633 4557 ἀ
668 4520 760 4571 ἐπί
792 4520 891 4588 τὴν
925 4519 1228 4590 παράδοξον
1265 4521 1499 4591 θεωρίαν
1520 4559 1535 4583 ,
1571 4521 1665 4572 καὶ
1699 4519 1821 4573 οῦτε
1856 4520 1915 4573 τὸ

239 4608 499 4677 διάδημα,
523 4605 643 4657 οὔτε
668 4608 700 4675 ἡ
729 4607 1005 4678 ἁλουργὶς,
1022 4606 1143 4658 οῦτε
1171 4607 1297 4660 ἄλλο
1312 4626 1364 4661 τι
1382 4610 1479 4678 τῆς
1506 4608 1802 4677 φαντασίας
1818 4608 1916 4678 τῆς

242 4694 546 4763 βασιλικῆς,
569 4691 710 4744 οὕτω
737 4696 863 4757 τοὺς
895 4694 1082 4763 ὄχλους
1119 4692 1227 4746 τῶν
1264 4696 1512 4747 ἀπίστων
1556 4696 1914 4767 ἐπέστρεψεν,

238 4781 321 4845 ὠς
350 4785 382 4851 ή
408 4782 503 4834 θέα
534 4779 640 4832 τῶν
678 4780 885 4832 πιστῶν
925 4782 1181 4844 ἐκείνων,
1224 4781 1659 4851 ἐγχρονισάντων
1708 4784 1806 4853 μὲν
1842 4783 1918 4853 τῷ

241 4870 402 4940 πυρὶ,
434 4870 573 4922 οὕτω
608 4869 661 4921 δὲ
716 4866 1038 4932 ἐξελθόντων
1077 4868 1309 4931 ἐκεῖθεν,
1356 4868 1432 4931 ὡς
1466 4871 1593 4931 τοὺς
1639 4872 1696 4923 ἐν
1724 4870 1917 4941 ὀνείρῳ

240 4956 407 5008 τοῦτο
440 4956 707 5018 παθόντας
741 4954 887 5015 εἰκὸς
913 4950 1000 5025 ἧν.
1031 4956 1143 5009 Καὶ
1162 4956 1271 5027 γὰρ
1289 4956 1315 5008 ὃ
1348 4956 1563 5008 πάντων
1588 4956 1918 5027 εύθραυστό-

241 5042 403 5109 τερόν
431 5044 545 5095 ἐστι
571 5042 677 5094 τῶν
708 5043 763 5093 ἐν
793 5042 943 5111 ἡμῖν,
968 5043 1001 5111 ή
1026 5044 1136 5095 τῶν
1155 5043 1359 5113 τριχῶν
1389 5044 1547 5111 φύσις
1568 5084 1581 5105 ,
1607 5043 1918 5111 ἀδάμαντος

242 5129 368 5179 τότε
395 5130 737 5202 ἰσχυρότερον
767 5129 986 5198 ἐκράτει
1017 5130 1116 5198 τῆς
1139 5132 1438 5199 παμφάγου
1467 5130 1680 5198 φλογός.
1713 5132 1820 5183 Καὶ
1856 5133 1915 5184 οὐ

242 5212 408 5266 τοῦτο
435 5218 592 5285 μόνον
611 5212 676 5287 ἦν
701 5217 760 5268 τὸ
786 5214 1120 5283 θαυμαστὸν,
1146 5216 1228 5269 ὃτι
1254 5220 1332 5281 είς
1358 5218 1518 5288 μέσον
1538 5228 1560 5255 ο
1581 5217 1915 5287 ἀπορριφέν-

180 5360 193 5370 ,
245 5319 342 5366 τες
370 5304 568 5360 ἔπαθον
597 5306 769 5371 οὐδὲν,
791 5304 901 5357 ἀλλ’
924 5304 1004 5356 ὅτι
1025 5305 1119 5357 καὶ
1148 5305 1509 5375 φθεγγόμενοι
1532 5301 1671 5377 ἦσαν
1691 5305 1916 5357 διαπαν-

247 5390 362 5452 τός·
385 5391 531 5443 ἴσασι
548 5393 603 5446 δέ
632 5394 830 5457 πάντες
862 5393 1099 5453 ὅσοιτοῖς
1117 5392 1431 5460 καιομένοις
1454 5392 1913 5465 παραγεγόνασιν,

249 5478 328 5541 ὡς
357 5476 376 5515 t
406 5476 511 5539 ἕως
540 5480 637 5546 μὲν
666 5480 733 5533 ἂν
762 5481 927 5551 ἔχωσι
959 5478 1241 5549 μεμυκότα
1282 5478 1484 5531 ἐκεῖνοι
1519 5481 1589 5532 τά
1616 5481 1790 5550 χείλη,
1818 5480 1917 5533 κᾶν

254 5564 431 5637 βραχὺ
448 5564 578 5632 γοῦν
594 5567 880 5637 ἀντέχουσι
898 5568 1030 5641 πρὸς
1050 5566 1139 5619 τὸν
1163 5568 1510 5637 ἐμπρησμόν·
1534 5572 1582 5621 εἰ
1604 5570 1659 5623 δέ
1681 5570 1918 5641 συμϐαίη

319 5715 345 5777 ξ
372 5712 453 5777 §ic
474 5710 626 5777 Sayil.
652 5719 700 5777 el
728 5725 903 5766 omnes
926 5717 1031 5769 fere
1056 5731 1171 5767 mss.
1197 5715 1369 5765 Morel.
1392 5719 1658 5777 γενομένην.

314 5773 346 5815 δ
368 5776 504 5825 Unus
542 5774 617 5841 έπί
637 5774 705 5841 τά.Δ
738 5776 981 5841 πρότερον.
1010 5782 1119 5830 Duo
1156 5777 1239 5828 alii
1276 5778 1351 5827 ἐπὶ
1377 5773 1434 5823 τὸ
1469 5773 1708 5841 πρότερον.
1747 5780 1918 5841 Savil.,

252 5839 430 5904 More}.
456 5841 509 5904 gl
528 5837 707 5904 reliqpi
734 5836 809 5883 ἐπὶ
826 5836 1127 5904 τᾶπρὸτερα.

320 5903 343 5963 ς
372 5900 517 5963 Savil.
545 5901 597 5945 et
615 5898 802 5957 aliquot
834 5898 956 5963 mgs'f
996 5898 1269 5951 στυππεῖον.
1308 5900 1418 5949 Mox
1452 5910 1547 5949 duo
1570 5908 1822 5963 προταγῆς.

317 5960 344 6001 ἀ
374 5962 458 6010 Sic
477 5960 586 6009 Sav.
610 5965 664 6007 et
686 5971 858 6006 omnes
883 5958 986 6024 fera
1009 5973 1127 6024 mss.
1160 5964 1248 6011 lid.
1272 5964 1443 6012 Morel.
1469 5958 1815 6024 μετατιθέντων.

313 6024 336 6045 ⁸
367 6024 515 6085 Savil.
560 6026 627 6085 et:
655 6033 790 6085 unus
963 6021 1321 6082 ἀποληφθέντες.
1354 6021 1570 6085 Quatuor
1612 6024 1695 6073 alii
1726 6025 1917 6073 ἀπολει-

249 6088 451 6145 ςειέκτες.
480 6082 645 6132 Morel.
675 6082 1014 6145 ἀπορζιςέντες.

322 6143 341 6183 τ
385 6145 675 6195 Partirulam
699 6143 991 6205 υἷιςριρσυιο
1005 6150 1115 6191 ante
1129 6144 1372 6203 ἧηαιςιιηι
1403 6147 1909 6197 ’”αια..ιάτὶιάιτηυι,Ειι,

1442 498 1534 552 AD
1582 493 2012 553 THEODORUM
2056 491 2359 548 LAPSUM.
2404 490 2443 545 Ι.

3584 493 3691 549 984

2016 610 2196 678 διᾶραι
2223 609 2283 660 τὸ
2314 607 2484 675 στόμα
2504 607 2682 660 αὐτῶν
2703 610 2751 673 ε,
2771 606 2973 671 εὐθέως
2998 606 3408 675 ἀφίπταταιτοῦ
3442 608 3693 679 σώματος

2016 693 2046 760 ἡ
2080 693 2243 761 ψυχή.
2284 690 2422 742 Ἀλλ’
2453 692 2600 761 ὅμως
2632 690 2899 743 τοσούτων
2921 690 3228 760 γενομένων
3249 689 3563 760 θαυμάτων,
3595 696 3688 746 καὶ

2016 774 2231 827 πάντων
2274 773 2739 841 καταπλαγέντων
2779 774 2886 826 τῶν
2916 775 3199 845 παρόντων
3245 774 3339 827 καὶ
3381 773 3692 845 θεωμένων,

2014 859 2111 911 καὶ
2134 858 2239 909 τῶν
2257 860 2508 911 ἀπόντων
2528 859 2615 911 διά
2651 858 2996 929 γραμμάτων
3026 856 3187 909 τοῦτο
3214 857 3635 927 μεμαθηκότων,
3667 860 3697 912 6

2014 942 2141 1003 τοὺς
2168 941 2359 1005 ἄλλους
2377 940 2591 1004 διδάξας
2620 941 2873 1011 βασιλεὺς
2897 942 3223 1017 άδιόρθωτος
3253 941 3454 1010 ἔμεινε,
3479 943 3574 995 καὶ
3592 942 3698 995 πά-

2015 1024 2097 1077 λιν
2127 1026 2220 1077 ἐπὶ
2247 1028 2344 1093 τὴν
2381 1026 2652 1096 προτέραν
2683 1026 2952 1095 ἐπανῄειὶι
2980 1027 3198 1081 κακίαν.
3239 1025 3351 1078 Καὶ
3380 1025 3498 1077 ούδέ
3523 1024 3695 1087 οὕτως

2014 1109 2177 1161 αὑτὸν
2215 1110 2243 1161 6
2284 1109 2415 1171 Θεὸς
2462 1109 2751 1169 ἐκόλασεν,
2793 1109 2907 1160 ἀλλ’
2961 1106 3421 1177 ἐμακροθύμησεν
3448 1106 3551 1166 ἔτι,
3600 1105 3697 1158 καὶ

2013 1192 2081 1244 δι’
2108 1191 2403 1261 ὀνειράτων
2436 1192 2531 1245 καὶ
2553 1192 2641 1244 διὰ
2674 1193 2767 1244 τοῦ
2793 1192 3071 1261 προφήτου
3117 1189 3499 1259 συμϐουλεύων
3523 1186 3694 1257 αύτῷ.

2028 1276 2243 1346 Ἐπειδὴ
2285 1275 2342 1326 δὲ
2370 1277 2523 1328 οὐδὲν
2562 1275 2740 1328 ούδενὶ
2784 1276 2987 1328 τούτων
3030 1275 3253 1344 βελτίων
3308 1274 3545 1341 ἐγένετο,
3574 1271 3695 1323 τότε

2015 1359 2209 1425 ἐπάγει
2247 1358 2347 1428 τὴν
2389 1359 2659 1428 τιμωρίαν
2687 1357 3009 1427 λοιπὸν,ούχ
3038 1358 3177 1425 ύπέρ
3204 1356 3312 1407 τῶν
3342 1356 3442 1425 ήδη
3477 1350 3698 1423 γεγονός-

2013 1459 2119 1493 των
2149 1444 2511 1511 ἀμυνόμενος,
2540 1442 2673 1494 ἀλλὰ
2703 1442 2770 1494 τά
2800 1442 3062 1511 μέλλοντα
3086 1440 3370 1491 ἐκκόπτων
3400 1438 3570 1499 δεινά,
3602 1436 3696 1488 καὶ

2012 1525 2109 1596 τὴν
2133 1527 2296 1589 εἰς’τὸ
2324 1525 2633 1598 ἔμπροσθεν
2652 1524 2991 1578 ἀναστέλλων
3014 1524 3233 1587 κακίαν,
3266 1522 3360 1575 καὶ
3393 1522 3509 1573 οὐδὲ
3540 1517 3697 1571 τοῦτο

2015 1610 2093 1671 εἰς
2125 1610 2297 1671 τέλος,
2314 1610 2425 1662 ἀλλ’
2450 1610 2535 1663 ἐπ’
2554 1609 2758 1677 ὀλίγοις
2788 1607 2947 1660 αὑτὸν
2973 1605 3271 1667 παιδεύσας
3299 1604 3462 1666 ἐτεσι,
3479 1606 3543 1673 τῇ
3563 1617 3698 1671 προ-

2012 1690 2148 1760 τέρᾳ
2184 1691 2344 1743 πάλιν
2371 1692 2617 1743 ἀπέδωκε
2653 1693 2819 1759 τιμῇ,
2842 1688 3191 1760 ζημιωθέντα
3224 1687 3323 1757 μέν
3355 1686 3461 1738 άπὸ
3482 1686 3580 1755 τῆς
3603 1700 3695 1735 κο-

2016 1772 2225 1836 λάσεως
2242 1773 2757 1844 ούδέν,κερδάναντα
2772 1773 2902 1824 δὲτὸ
2924 1774 3142 1825 πάντων
3163 1770 3421 1840 μέγιστον
3437 1768 3546 1821 τῶν
3561 1768 3699 1835 ἀγα-

2014 1855 2142 1920 θῶν,
2171 1856 2232 1909 τὸ
2265 1856 2510 1927 στερρῶς
2540 1858 2639 1927 τῆς
2676 1857 2757 1919 εἰς
2782 1856 2872 1907 τὸν
2899 1855 3031 1907 Θεὸν
3063 1854 3283 1923 ἔχεσθαι
3311 1853 3571 1916 πίστεως,
3599 1851 3697 1904 καὶ

2017 1940 2359 2009 μεταγνῶναι
2408 1941 2501 1993 ἐπὶ
2553 1944 2667 2003 τοῖς
2724 1940 2993 2009 πρότερον
3042 1936 3456 2007 ἡμαρτημένοις
3492 1935 3661 2004 αύτῷ.

2085 2022 2164 2093 [8]
2185 2030 2262 2087 ς’.
2288 2022 2523 2092 Τοιαύτη
2540 2023 2649 2093 γὰρ
2666 2026 2699 2092 ή
2721 2023 2816 2075 τοῦ
2836 2022 2971 2075 Θεοῦ
2999 2021 3378 2092 φιλανθρωπία
3399 2037 3412 2050 ·
3443 2022 3697 2073 οὐδέποτε

2018 2107 2305 2175 μετάνοιαν
2324 2106 2618 2176 γινομένην
2651 2106 2959 2175 εἰλικρινῶς
2990 2105 3414 2172 ἀποστρέφεται,
3438 2104 3572 2156 ἀλλά
3590 2106 3696 2157 κᾶν

2015 2191 2152 2259 πρὸς
2173 2190 2303 2242 αὐτό
2332 2208 2415 2253 τις
2436 2190 2539 2259 τῆς
2562 2190 2762 2252 κακίας
2786 2190 2953 2259 ἐλάσῃ
2983 2189 3043 2241 τὸ
3071 2188 3268 2259 πέρας,
3291 2187 3545 2240 κάκεῖθεν
3568 2190 3699 2241 ὑπο-

2017 2274 2246 2343 στρέψαι
2278 2276 2439 2329 πάλιν
2460 2274 2651 2346 ἐληται
2680 2274 2816 2345 πρὸς
2831 2273 2928 2343 τὴν
2951 2274 3049 2343 τῆς
3080 2274 3280 2343 ἀρετῆς
3315 2272 3456 2329 ὁδὸν.
3481 2272 3577 2325 καὶ
3610 2272 3697 2325 δέ·

2014 2373 2169 2424 χεται
2198 2358 2292 2410 καί
2314 2358 2593 2427 προσίεται
2624 2355 2835 2418 τοῦτον,
2867 2356 2962 2409 καὶ
2985 2356 3165 2409 πάντα
3195 2358 3341 2407 ποιεῖ
3372 2353 3511 2407 ῶστε
3534 2354 3693 2409 αὑτὸν

2015 2441 2095 2501 εἰς
2124 2439 2220 2509 τὴν
2251 2439 2523 2509 προτέραν
2540 2439 2870 2493 κατάστασιν
2900 2441 3272 2506 ἐπαναγαγεῖν
3298 2440 3340 2495 ί,
3358 2438 3468 2491 Καὶ
3481 2437 3540 2491 τὸ
3561 2438 3693 2491 πολ-

2013 2520 2091 2591 λῷ
2125 2521 2315 2574 τούτου
2353 2520 2902 2591 φιλανθρωπότερον
2946 2521 3049 2573 κᾶν
3107 2520 3216 2591 γὰρ
3262 2519 3336 2590 μὴ
3380 2521 3558 2573 πᾶσάν
3612 2536 3696 2582 τις

2013 2602 2461 2674 ἐπιδείξηταιτὴν
2483 2602 2796 2671 μετάνοιαν,
2835 2602 2958 2654 ούδέ
2989 2601 3087 2671 τὴν
3127 2600 3387 2670 βραχεῖαν
3428 2601 3521 2653 καὶ
3560 2600 3696 2670 πρὸς

2011 2683 2189 2753 ὀλίγον
2204 2683 2577 2754 γεγενημένην
2604 2682 3061 2754 παραπέμπεται,
3084 2681 3219 2735 ἀλλά
3239 2682 3333 2734 καὶ
3358 2680 3533 2750 ταύτῃ
3563 2680 3575 2730 i
3612 2681 3698 2733 τί-

2012 2767 2137 2836 θησι
2164 2768 2331 2821 πολὺν
2360 2767 2453 2820 τὸν
2485 2766 2675 2836 μισθόν
2693 2784 2707 2797 ο
2727 2766 2823 2819 καὶ
2858 2765 3018 2818 τοῦτο
3041 2765 3196 2834 δῆλον
3218 2764 3277 2829 ἐξ
3296 2758 3370 2816 ῶν
3404 2766 3635 2828 Ἡσαΐας
3666 2764 3697 2817 ὀ

2011 2850 2298 2919 προφήτης
2344 2848 2477 2918 περὶ
2524 2846 2620 2900 τοῦ
2671 2846 2780 2899 τῶν
2848 2846 3120 2899 Ἰουδαίων
3164 2844 3295 2897 λαοῦ
3334 2846 3537 2898 οὑτωσί
3582 2845 3699 2908 πώς

2012 2948 2164 3001 φησι·
2190 2933 2269 2984 Δι’
2289 2930 2795 2999 ἀμαρτίανβραχύ
2823 2947 2875 2982 τι
2899 2930 3184 2996 ἐλύπησα
3209 2932 3416 2994 αὐτὸν,
3442 2925 3699 2983 καὶέπά-

2010 3014 2164 3077 ταξα
2209 3013 2417 3078 αὑτὸν,
2454 3012 2554 3067 καὶ
2594 3011 2950 3079 (ἐπέστρεψα
2981 3013 3045 3064 τὸ
3079 3014 3405 3080 πρόσωπόν
3440 3028 3561 3079 μου
3593 3010 3698 3064 ἀπ’

2011 3096 2220 3163 αὑτοῦ,
2245 3097 2341 3149 καὶ
2361 3096 2659 3163 ἐλυπήθη,
2684 3095 2782 3148 καὶ
2796 3096 3091 3162 ἐπορεύθη
3108 3094 3395 3164 στυγνὸς,
3415 3095 3513 3147 καὶ
3534 3092 3699 3147 ίασάρ

2008 3196 2133 3247 μην
2164 3177 2370 3240 αὐτὸν,
2412 3178 2511 3230 καὶ
2546 3175 2937 3244 παρεκάλεσα
2974 3177 3183 3229 αὐτόν.
3229 3178 3612 3246 Μαρτυρήσειε
3650 3174 3696 3227 δ’

2013 3261 2079 3315 ἂν
2106 3264 2238 3332 ήμίν
2271 3260 2367 3313 καὶ
2411 3262 2439 3313 6
2468 3259 2832 3322 ἀσεϐέστατος
2867 3257 3117 3328 βασιλεὺς
3147 3259 3373 3321 ἐκεῖνος,
3399 3258 3427 3309 6
3458 3255 3696 3325 γεγονὼς

2017 3346 2115 3415 μὲν
2141 3344 2354 3404 ἔκδοτος
2375 3345 2489 3405 τοῖς
2516 3343 2913 3412 ἁμαρτήμασιν
2943 3340 3048 3393 ὑπὸ
3066 3340 3164 3409 τῆς
3189 3339 3475 3407 γυναικός·
3507 3338 3694 3409 ἐπειδὴ

2011 3428 2070 3481 δὲ
2099 3428 2257 3497 μόνον
2287 3424 2572 3493 ἐπένθησε,
2596 3423 2692 3477 καὶ
2709 3424 2914 3477 σάκκον
2933 3423 3310 3493 περιεϐάλετο,
3333 3423 3427 3475 καί
3447 3421 3696 3490 κατέγνω

2012 3511 2121 3565 τῶν
2174 3508 2670 3579 πλημμεληθέντων
2731 3506 2902 3575 αὐτῷ,
2955 3504 3130 3567 οὕτως
3162 3504 3562 3558 ἐπεσπάσατοὶς
3600 3503 3694 3557 τοῦ

2012 3592 2146 3645 Θεοῦ
2176 3594 2266 3645 τὸν
2282 3592 2449 3656 ἔλεον,
2473 3590 2549 3651 ὼς
2574 3589 2788 3642 πάντων
2807 3588 2972 3641 αὐτὸν
2997 3587 3307 3651 ἀπαλλάξαι
3323 3588 3430 3640 τῶν
3450 3589 3695 3659 ἐπηρτη-

2016 3674 2190 3743 μένων
2209 3674 2413 3726 κακῶν.
2433 3668 2570 3724 Εἷπε
2599 3670 2708 3741 γάρ
2731 3672 2760 3723 ὀ
2775 3670 2908 3733 Θεὸς
2928 3668 3006 3738 τῷ
3044 3668 3217 3739 Ἠλία)
3252 3667 3553 3735 Ἑώρακας
3568 3667 3696 3734 πῶς

2012 3759 2309 3827 κατενύγη
2356 3755 2577 3823 Ἀχαὶιϐ
2619 3755 2739 3808 ἀπὸ
2773 3753 3104 3822 προσώπου
3132 3770 3290 3822 μου;
3335 3755 3453 3805 οὐκ
3490 3752 3694 3817 ἐπάξω

2014 3842 2130 3909 τὴν
2148 3843 2367 3895 κακίαν
2385 3842 2456 3893 ἐν
2481 3841 2612 3906 ταῖς
2625 3839 2873 3909 ’ἡμέραις
2886 3837 3097 3902 αὐτοῦ,
3118 3839 3249 3891 ἀνθ’
3264 3830 3352 3890 ὧν
3367 3836 3456 3890 ὅτι
3474 3836 3695 3892 ἔκλαυ-

2015 3942 2129 3979 σεν
2170 3926 2287 3980 ἀπὸ
2330 3924 2654 3993 προσώπου
2682 3940 2822 3991 μου.
2859 3923 2971 3974 Καὶ
3008 3920 3148 3991 μετὰ
3169 3920 3327 3973 τοῦτο
3350 3920 3696 3975 πάλινόΜα-

2014 4010 2219 4079 νασσῆς
2238 4010 2443 4071 πάντας
2464 4011 2529 4078 τῇ
2565 4008 2732 4079 μανίᾳ
2750 4006 3065 4076 παρελάσας
3083 4006 3178 4058 καὶ
3190 4007 3257 4073 τῇ
3275 4004 3574 4074 τυραννίδι,
3600 4006 3696 4058 καὶ

2012 4093 2113 4163 τὴν
2141 4092 2370 4162 νομικὴν
2388 4091 2697 4161 ἀνατρέψας
2726 4090 3006 4161 λατρείαν,
3039 4089 3137 4142 καὶ
3158 4088 3251 4141 τὸν
3284 4087 3411 4141 ναὸν
3441 4088 3698 4140 ἀποκλεί-

2017 4192 2137 4238 σας,
2166 4178 2261 4227 καί¹
2283 4174 2379 4243 τὴν
2412 4174 2519 4226 τῶν
2562 4172 2797 4225 εἰδώλων
2843 4172 3055 4240 πλάνην
3085 4171 3315 4240 ποιήσας
3348 4170 3553 4232 ἀνθεῖν,
3602 4171 3696 4222 καὶ

2018 4259 2234 4312 πάντων
2272 4258 2378 4309 τῶν
2425 4255 2730 4327 ἔμπροσθεν
2768 4255 3059 4323 γενόμενος
3080 4251 3458 4321 ἀσεϐέστερος,
3504 4251 3694 4324 ἐπειδὴ

2021 4342 2345 4412 μετενόησεν
2364 4338 2392 4390 ῦ
2403 4356 2490 4391 στε
2500 4355 2609 4408 ρον,
2627 4339 2705 4400 εἰς
2717 4338 2841 4400 τοὺς
2852 4335 2946 4389 τοῦ
2963 4333 3097 4387 Θεοῦ
3110 4333 3469 4386 κατετάττετο
3486 4332 3691 4401 φίλους.

2017 4425 2079 4475 Εἰ
2102 4424 2155 4475 δὲ
2179 4424 2257 4483 είς
2282 4422 2341 4473 τὸ
2361 4420 2585 4490 μέγεθος
2608 4419 2813 4472 ἀπιδὼν
2830 4419 2937 4471 τῶν
2961 4418 3177 4470 οἰκείων
3200 4415 3459 4485 ἀνομιῶν,
3474 4416 3696 4483 ἀπέγνω

2015 4505 2112 4575 τὴν
2150 4504 2405 4555 ἐπάνοδον
2441 4504 2535 4555 καὶ
2557 4502 2653 4571 τὴν
2686 4500 3023 4570 μεταϐολὴν,
3056 4499 3272 4550 πάντων
3311 4496 3377 4550 ἂν
3414 4496 3693 4562 ἐξέπεσεν,

2016 4581 2090 4639 ὧν
2128 4585 2265 4656 μετά
2285 4586 2457 4638 ταῦτα
2483 4584 2733 4653 ἐπέτυχε·
2756 4582 2851 4635 νῦν
2874 4582 2950 4643 δὲ,
2974 4582 3096 4634 ἀντί
3122 4581 3222 4649 τῆς
3252 4579 3556 4650 ὑπερϐολῆς
3585 4582 3697 4633 τῶν

2018 4668 2418 4740 ἡμαρτημένων
2440 4667 2608 4736 αύτῷ,
2624 4669 2703 4729 εἰς
2722 4666 2783 4717 τὸ
2806 4665 3030 4735 ἄπειρον
3044 4664 3140 4733 τῆς
3158 4663 3555 4731 εὐσπλαγχνίας
3572 4662 3693 4716 ἰδὼν

2018 4754 2110 4806 τοῦ
2125 4753 2283 4811 Θεοῦ.
2313 4752 2407 4805 καὶ
2426 4752 2494 4805 τά
2518 4749 2999 4820 δεσμάδιαρρήξας
3014 4749 3107 4801 τοῦ
3128 4747 3397 4812 διαϐόλου,
3414 4747 3690 4816 διανέστη,

2018 4836 2114 4889 καὶ
2141 4835 2465 4903 ἠγωνίσατο,
2497 4832 2704 4887 καὶτὸν
2732 4831 2931 4900 δρόμον
2978 4829 3192 4881 ἐτέλεσε
3245 4823 3337 4881 τὸν
3381 4827 3564 4880 καλόν.
3615 4830 3688 4881 Ού

2023 4920 2181 4989 μόνον
2210 4919 2266 4970 δὲ
2291 4918 2378 4971 διὰ
2406 4917 2513 4968 τῶν
2553 4917 2633 4977 εἰς
2657 4912 2881 4975 τούτους
2901 4912 3305 4983 γεγενημένων,
3327 4911 3464 4965 ἀλλά
3485 4910 3580 4965 καὶ
3605 4911 3693 4966 διὰ

2017 5004 2123 5055 τῶν
2141 5003 2232 5055 τοῦ
2259 5002 2534 5071 προφήτου
2566 4997 2825 5069 ῥημάτων
2855 4996 3111 5051 ἐκκόπτει
3154 4997 3281 5059 τοὺς
3308 4996 3409 5065 τῆς
3446 4994 3694 5063 ἀπογνώ-

2020 5103 2157 5148 σεως
2196 5085 2491 5153 λογισμοὺς
2520 5084 2549 5135 6
2574 5080 2730 5147 Θεὸς,
2780 5081 2982 5134 οὑτωσὶ
3012 5081 3187 5149 λέγων
3206 5098 3221 5111 ο
3252 5081 3535 5149 Σιήμερον
3584 5078 3694 5131 ἐὰν

2017 5164 2125 5235 τῆς
2160 5166 2365 5235 φωνῆς
2403 5165 2588 5219 αὑτοῦ
2636 5165 2980 5231 ἀκούσητε,
3015 5163 3100 5233 μὴ
3149 5164 3531 5231 σκληρύνητε
3583 5159 3692 5229 τὰς

2017 5251 2265 5319 καρδίας
2284 5249 2469 5319 ὑμῶν,
2486 5250 2565 5315 ὡς
2592 5250 2661 5302 ὲν
2681 5247 2761 5313 τῷ
2790 5247 3284 5316 παραπικρασμῷ.

2092 5334 2164 5386 Τὸ
2183 5335 2263 5395 δὲ,
2279 5334 2564 5401 σήμερον,
2590 5332 2831 5384 ἐν”παντὶ
2848 5330 2927 5402 τῷ
2954 5330 3052 5401 βίῳ
3069 5330 3323 5399 λέγεσθαι
3338 5330 3582 5393 δυνατὸν,
3598 5329 3694 5384 καὶ

2019 5418 2155 5485 πρὸς
2168 5419 2315 5489 αύτῷ
2334 5418 2349 5456 ι
2366 5419 2441 5483 δὲ,
2458 5420 2503 5470 εἰ
2522 5416 2672 5486 βούλε
2684 5414 2801 5484 ι,τῷ
2816 5415 2885 5485 γή
2897 5432 2980 5485 pay
2998 5416 3059 5467 ού
3072 5414 3180 5486 γὰρ
3192 5414 3400 5485 χρόνων
3412 5414 3690 5483 ποσότητι,

2018 5500 2155 5553 ἀλλά
2185 5503 2421 5556 διαθέσει
2459 5502 2634 5572 ψυχῆς
2672 5502 2705 5570 ή
2737 5498 2994 5570 μετάνοια
3028 5500 3293 5571 κρίνεται.
3330 5497 3434 5550 Καὶ
3489 5497 3599 5569 γάρ
3639 5497 3690 5550 οἰ

2083 5659 2107 5722 F
2136 5658 2333 5722 MOI-2].,
2355 5660 2464 5710 Sav.
2495 5666 2547 5722 el
2567 5673 2693 5708 unus
2710 5662 2817 5709 cod.
2844 5660 2999 5722 στόμα
3021 5657 3206 5722 αὐτούς,
3227 5658 3312 5722 alii
3333 5658 3504 5706 αὐτῶν.

2082 5717 2110 5756 h
2151 5721 2258 5768 Duo
2302 5720 2613 5783 manuscripli
2660 5724 2886 5779 ἐπάνεισι,
2934 5717 2987 5769 ει
3029 5722 3101 5767 sic
3142 5720 3293 5770 Savil.
3344 5723 3393 5768 in
3449 5718 3686 5781 margine.

2023 5780 2193 5830 Morel.
2216 5790 2400 5841 autem,
2425 5780 2573 5832 Savil.
2601 5786 2651 5833 in
2680 5790 2840 5838 textu,
2865 5791 2917 5831 et
2935 5784 3014 5830 alii
3040 5783 3250 5843 ἐπανῄει.

2089 5845 2103 5881 i
2132 5840 2727 5907 Legebaluﬁyayaimsed
2751 5842 3107 5907 prastatlectio
3134 5840 3246 5907 επ,
3262 5841 3583 5907 ἐπαναγαγεῖν.
3602 5840 3691 5889 En.

2090 5907 2109 5973 i_
2134 5903 2280 5973 gain.
2307 5914 2360 5954 el
2388 5903 2829 5973 ιιοίιδὲοάπαύτὴςζ
2900 5905 3064 5973 _k_l)_uo
3087 5903 3613 5973 ms§.é1r_la15aa'§peyo;.

2096 5968 2113 6007 1
2141 5968 2220 6017 Sic
2241 5981 2430 6028 omnes,
2446 5974 2657 6031 excepto
2680 5968 2915 6029 Mor.,qui
2936 5967 3079 6031 habet
3096 5966 3209 6031 πρὸς
3228 5963 3569 6031 αὐτοῦκῗειιιο
3590 5967 3699 6023 νοεῖ

2026 6026 2435 6095 υιιυςᾼέδεήθῃσαν
2459 6026 2645 6095 γρόνων
2658 6032 2737 6095 καί
2769 6026 2975 6095 ἡμερῶν.
3005 6028 3111 6076 Mox
3138 6026 3260 6075 ’Sav.
3279 6032 3342 6095 _et.
3371 6026 3560 6095 aliqulot
3580 6038 3690 6095 ιηςν..

2019 6093 2110 6155 ἶῗὶν
2149 6086 2603 6155 ᾁμαρτίανέκέἶνην.
2623 6093 2775 6142 Paulo
2797 6086 2908 6153 ιἰοὸι
2930 6091 3026 6139 duo
3050 6102 3159 6155 mssa
3181 6088 3348 6155 μανίαν
3367 6100 3457 6155 pro
3480 6086 3689 6155 ᾀνομίτνν.

2027 6150 2132 6199 MM
2149 6152 2406 6202 δωτίιλνυσ
2426 6158 2541 6212 οσην
2561 6155 2616 6201 ἂν
2644 6149 3004 6210 τιςάναλωσειιν
3028 6152 3152 6214 ὤραν
3186 6152 3309 6215 ῥῆμα
3334 6149 3631 6212 φθεςγὸμεη.
3652 6149 3697 6193 ἐν
