4506 6708
465 536 571 590 293

466 647 776 702 aestimatur.
796 646 1041 702 Ninivitaa
1062 640 1323 711 siquidem
1344 656 1448 694 non
1471 638 1649 693 multis
1668 640 1855 695 diebus
1880 641 1897 671 ί
1918 654 2053 706 opus

470 739 863 803 habuerunt,ut
883 746 1157 807 peceatum
1179 733 1419 789 delerent
1440 748 1592 785 suum
1622 735 1663 793 ',
1685 732 1775 786 sed
1805 731 2047 797 exiguum

468 830 575 885 diei
607 840 813 901 tempus
856 827 1028 898 potuit
1067 826 1366 880 universam
1396 839 1580 878 eorum
1609 824 1823 877 abolere
1858 822 2049 890 iniqui-

469 928 630 974 tatem
665 939 678 973 :
712 930 767 973 et
804 921 942 972 latro
970 931 1075 968 non
1103 916 1268 969 multo
1300 927 1537 982 tempore
1575 914 1800 981 paradisi
1847 913 2051 981 ingres-

468 1027 585 1065 sum
614 1008 935 1080 impetravit,
965 1007 1057 1061 sed
1082 1022 1147 1061 eo
1172 1008 1342 1077 Spatio
1369 1021 1473 1074 quo
1500 1005 1716 1059 verbum
1744 1020 1904 1058 unum
1935 1018 2054 1070 pro-

468 1104 636 1158 fertur
658 1144 674 1167 ,
714 1116 780 1153 eo
810 1108 1077 1153 momento
1102 1097 1356 1153 abstersis
1386 1096 1544 1148 totius
1579 1097 1696 1149 vitae
1726 1110 1834 1149 su;e
1863 1108 2051 1161 pecea-

471 1196 561 1256 tis,
596 1193 754 1245 etiatn
784 1199 906 1243 ante
934 1191 1200 1257 apostolos
1233 1186 1557 1256 probationis
1590 1187 1863 1254 prmmium
1903 1199 2054 1236 acce-

471 1288 569 1353 pit.
603 1282 855 1334 Videmus
882 1282 1038 1335 etiam
1071 1293 1366 1349 martyres,
1395 1292 1497 1330 non
1540 1279 1717 1331 nmltis
1744 1277 1897 1328 annis
1918 1317 1930 1337 ,
1960 1275 2052 1327 sed

472 1379 632 1431 etiam
664 1376 849 1429 diebus
880 1376 1079 1445 paucis,
1111 1375 1220 1427 imo
1247 1373 1329 1426 vel
1360 1387 1463 1424 una
1489 1371 1575 1426 die
1599 1370 1908 1441 splendidas
1929 1384 2054 1421 con-

475 1475 727 1536 suquulos
754 1482 995 1521 eoronas.

544 1567 597 1611 7.
634 1561 967 1629 Quapropter
1003 1559 1199 1626 ubique
1238 1557 1390 1610 nobis
1425 1557 1696 1612 alacritate
1720 1595 1735 1620 ,
1764 1553 2055 1621 seduloque

476 1651 634 1703 animi
664 1652 853 1705 allectu
874 1659 953 1703 est
975 1664 1140 1716 opus:
1165 1648 1303 1716 quod
1335 1650 1375 1702 si
1406 1649 1474 1702 ita
1508 1663 1753 1717 paremus
1780 1647 2056 1698 conscien-

476 1742 621 1807 tiam,
647 1751 702 1795 ut
722 1750 863 1794 tanta
887 1739 1219 1792 vehementia
1243 1739 1515 1807 pristinam
1538 1738 1791 1791 malitiam
1816 1736 2053 1789 deteste-

477 1847 613 1895 mur,
629 1842 682 1886 et
695 1830 1015 1885 contrariam
1040 1829 1175 1881 viam
1198 1830 1509 1897 deligamus,
1529 1837 1778 1898 quantam
1804 1828 1941 1880 Deus
1966 1828 2056 1881 im-

477 1933 625 1988 perat
652 1936 715 1975 ac
745 1920 983 1988 requirit,
1014 1918 1142 1971 nihil
1171 1919 1240 1972 ob
1267 1922 1518 1987 temporis
1546 1919 1853 1974 brevitatem
1887 1918 2053 1972 babe-

474 2011 649 2065 bimus
675 2011 849 2063 minus
871 2051 885 2075 ,
923 2008 1349 2077 quandoquidem
1381 2010 1526 2062 multi
1557 2009 1831 2063 novissimi
1857 2009 2055 2077 primos

474 2100 1088 2170 longeantccessernnt’.
1104 2099 1217 2153 Non
1236 2101 1374 2153 enim
1390 2101 1645 2155 cecidisse
1659 2116 1820 2170 grave
1840 2111 1938 2165 est,
1960 2100 2055 2154 sed

474 2191 677 2258 lapsum
695 2190 894 2257 jacere,
925 2204 1021 2244 nec
1051 2204 1352 2258 resurgere,
1380 2190 1474 2245 sed
1504 2192 1655 2246 malis
1677 2193 1815 2245 ultro
1844 2192 2054 2244 lueren-

475 2290 579 2332 tem
606 2292 655 2332 et
684 2291 979 2349 torpentem
1018 2281 1312 2350 desperatis
1339 2282 1747 2349 cogitationibus
1792 2282 2052 2351 propositi

476 2370 888 2426 imbecillitatem
920 2383 1111 2440 tegere.
1137 2373 1444 2442 Cojnsmodi
1463 2373 1762 2427 hominibus
1782 2374 1931 2442 quasi
1954 2372 2057 2427 du-

478 2460 646 2513 liilaus
667 2462 917 2529 propheta
939 2464 1141 2516 dicebat
1163 2482 1174 2516 :
1204 2464 1344 2516 Num
1366 2465 1453 2533 qui
1471 2465 1605 2517 cadit
1622 2480 1721 2517 non
1746 2473 1987 2532 resurget,
2013 2473 2059 2517 et

477 2555 560 2623 qui
575 2557 813 2605 avertitur
837 2572 933 2606 non
948 2568 1217 2609 revertetur
1246 2556 1456 2626 (Jerem.
1472 2556 1524 2609 8.
1549 2556 1638 2628 4)?
1660 2556 1808 2623 Quod
1836 2558 1877 2609 si
1900 2570 2057 2624 quos-

483 2644 531 2711 pi
554 2660 619 2695 im
647 2658 677 2696 a
705 2644 855 2696 nobis
881 2661 1104 2713 qumras,
1132 2648 1219 2713 qni
1248 2657 1525 2716 postquam
1555 2646 1890 2699 crediderant
1916 2645 2057 2698 ccci-

479 2734 688 2797 derint,
724 2734 837 2787 haec
867 2751 993 2789 sane
1029 2737 1201 2789 omnia
1252 2736 1274 2768 ⁸
1324 2738 1389 2791 de
1421 2738 1525 2790 illis
1571 2737 1708 2790 dicta
1739 2745 1863 2790 sunt
1892 2754 1905 2789 :
1933 2751 2055 2788 nam

477 2826 563 2893 qui
594 2825 784 2878 cecidit
806 2842 871 2879 ex
889 2842 1070 2879 eorum
1103 2843 1323 2882 numero
1344 2838 1445 2893 est,
1478 2829 1565 2898 qui
1592 2829 1736 2898 prius
1767 2836 2053 2893 steterunt,

478 2932 581 2968 non
610 2916 700 2984 qni
721 2917 1035 2985 jacuerunt:
1066 2919 1154 2987 qui
1185 2921 1323 2973 enim
1370 2920 1510 2988 jacet
1550 2920 1818 2989 quomodo
1858 2920 2056 2974 cadat?

478 3005 589 3057 Alia
619 3020 831 3074 quoque
876 3006 1120 3060 dicentur
1162 3018 1271 3062 tum
1307 3024 1403 3079 per
1439 3010 1715 3077 parabolas
1740 3052 1754 3075 ,
1808 3020 1917 3064 tum
1964 3026 2058 3079 per

477 3096 701 3147 clariora
745 3096 876 3147 facta
912 3097 992 3148 vel
1038 3096 1177 3150 dicta
1231 3116 1240 3148 :
1290 3098 1484 3151 etenim
1529 3100 1642 3152 ovis
1684 3100 1771 3152 illa
1816 3116 1843 3150 a
1884 3113 2055 3152 nona-

477 3183 618 3249 ginta
640 3198 826 3235 novem
852 3194 1093 3252 separata
1119 3224 1133 3247 ,
1175 3194 1229 3239 et
1256 3196 1438 3254 postea
1470 3187 1684 3241 reducta
1709 3228 1723 3252 ,
1753 3190 1881 3241 nihil
1910 3188 2054 3242 aliud

478 3273 631 3326 nobis
670 3273 933 3338 declarat,
964 3290 1123 3343 quam
1169 3276 1403 3330 lidelium
1439 3276 1640 3344 lapsum
1681 3288 1734 3330 et
1774 3279 2002 3330 reditum
2036 3296 2051 3332 :

479 3362 739 3431 siquidem
782 3364 896 3435 haec
924 3366 1039 3417 ovis
1068 3380 1173 3418 non
1213 3367 1435 3419 alterius
1463 3368 1641 3436 gregis
1678 3377 1830 3433 erat,
1864 3368 1955 3422 sed
1986 3383 2052 3422 ex

478 3452 800 3521 reliquarum
846 3468 1108 3519 numero,
1176 3454 1243 3508 ab
1296 3454 1594 3525 eodemque
1642 3466 1852 3524 pastore
1910 3458 2056 3525 prius

479 3542 792 3609 pascebatur
831 3560 843 3593 :
876 3553 1033 3612 atque
1078 3558 1259 3598 errore
1293 3558 1399 3597 non
1434 3544 1638 3614 vulgari
1683 3545 1910 3599 abducta
1949 3556 2053 3612 est,

478 3633 571 3685 sed
600 3648 695 3700 per
719 3645 927 3689 montes
950 3644 1003 3687 et
1033 3635 1198 3688 saltus
1223 3676 1237 3701 ,
1268 3644 1578 3704 remotaque
1611 3636 1694 3690 via
1719 3676 1733 3698 ,
1779 3645 1833 3690 et
1859 3652 1885 3688 a
1910 3647 2055 3690 recta

480 3724 633 3788 longe
656 3722 904 3775 distante.
947 3724 1081 3776 Nam
1109 3739 1235 3792 ergo
1261 3725 1491 3793 neglexit
1514 3725 1817 3780 errantem?
1838 3725 2053 3795 Nequa-

477 3828 672 3879 quam:
701 3812 793 3865 sed
836 3813 1049 3867 reduxit
1092 3830 1194 3867 non
1242 3815 1566 3883 compellens
1612 3824 1669 3869 et
1716 3817 2049 3870 verberans:

482 3903 590 3956 inm
618 3903 849 3957 humeris
875 3914 1179 3974 reportans.
1208 3906 1666 3973 Quemadmodum
1694 3908 1835 3961 enim
1864 3907 2053 3961 medici

480 3995 760 4059 peritiores
811 4009 982 4061 :rgros
1025 3993 1275 4048 diuturno
1305 3997 1492 4051 morbo
1537 3997 1557 4027 ⁸
1598 4005 1814 4049 vexatos
1849 4012 2055 4049 summa

477 4096 605 4135 cura
633 4084 912 4136 valetudini
940 4086 1253 4146 restituunt,
1300 4102 1403 4137 non
1432 4086 1591 4140 modo
1619 4087 1895 4141 medicinte
1922 4088 2055 4155 legi-

479 4169 581 4223 bus
604 4180 835 4239 utentes,
860 4173 951 4227 sed
980 4174 1237 4226 interdum
1269 4174 1604 4243 indulgentes
1627 4178 1804 4245 aegris,
1832 4178 1901 4230 ita
1926 4193 2059 4245 quo-

480 4276 585 4330 que
628 4262 770 4316 Deus
812 4263 1097 4317 admodum
1141 4273 1420 4333 corruptos
1451 4279 1556 4317 non
1599 4265 1903 4319 vehementi
1947 4267 2049 4319 im-

482 4350 636 4420 pulsu
673 4352 741 4405 ad
778 4353 1024 4406 virtutem
1069 4353 1252 4418 ducit,
1304 4354 1398 4408 sed
1447 4355 1699 4423 paulatitn
1756 4364 1811 4410 et
1852 4357 2051 4410 sensim

482 4451 800 4509 supportans
827 4444 1037 4512 ubique,
1064 4459 1130 4497 ne
1150 4444 1232 4497 vel
1261 4445 1429 4513 major
1456 4445 1706 4510 scissura,
1737 4445 1820 4501 vel
1842 4447 2053 4515 gravius

481 4541 711 4587 erratum
740 4534 966 4589 accidat.
1016 4534 1195 4603 Neque
1224 4535 1275 4588 id
1301 4536 1386 4588 illa
1410 4536 1579 4589 solum
1603 4536 1855 4603 parabola
1879 4537 2055 4590 subin-

482 4624 685 4676 dicatnr
704 4664 718 4687 ,
754 4625 847 4677 sed
870 4635 923 4678 et
951 4626 1048 4679 alia
1081 4626 1239 4679 etiam
1270 4625 1337 4679 dc
1367 4626 1475 4679 lilio
1499 4627 1741 4695 prodigo.
1780 4626 2049 4695 Siquidem

484 4714 567 4770 hic
591 4727 694 4766 non
738 4714 944 4768 alienus
982 4726 1131 4782 erat,
1178 4717 1282 4769 imo
1321 4716 1459 4768 lilius
1484 4758 1498 4782 ,
1537 4716 1804 4785 fraterque
1836 4718 1927 4770 lilii
1958 4718 2047 4785 qui

486 4804 617 4873 patri
646 4811 893 4871 acceptus
934 4815 1089 4859 erat:
1124 4807 1168 4859 is
1214 4805 1268 4858 in
1306 4804 1696 4873 improbitatem
1746 4807 1925 4873 lapsus
1971 4814 2052 4859 est

485 4910 588 4949 non
614 4893 883 4962 vulgarem
909 4934 925 4958 ,
956 4896 1049 4949 sed
1079 4898 1128 4948 in
1156 4896 1322 4964 ipsum
1341 4935 1356 4958 ,
1388 4902 1447 4946 ut
1469 4894 1536 4946 ita
1565 4894 1757 4958 dicam,
1791 4894 2051 4949 malorum

484 4998 777 5041 extremum
807 5001 819 5037 :
851 4984 999 5038 dives
1024 5027 1038 5048 ,
1071 4988 1238 5050 liber,
1262 4985 1451 5039 nobilis
1471 5026 1487 5051 ,
1519 4984 1751 5051 famulis,
1782 4986 2052 5041 extraneis

484 5075 925 5141 mercenariisque
953 5075 1198 5129 miserior
1220 5076 1439 5130 ell'ectus
1463 5082 1562 5128 est.
1593 5078 1841 5129 Attamen
1874 5076 2052 5145 pristi-

485 5185 609 5223 num
640 5168 692 5221 in
717 5175 908 5220 statum
936 5166 1132 5232 rediit,
1175 5169 1525 5235 amissamque
1561 5167 1784 5234 gloriam
1827 5183 2051 5236 recupe-

485 5261 642 5314 ravit.
684 5259 739 5314 Si
781 5257 1144 5326 desperasset,
1176 5269 1230 5313 et
1249 5265 1317 5313 ob
1342 5259 1692 5314 calamitatem
1714 5260 2053 5330 despondens

482 5352 716 5406 animum
756 5354 810 5407 in
847 5350 1015 5404 aliena
1044 5362 1181 5404 terra
1214 5355 1515 5419 mansisset,
1544 5367 1832 5423 numquam
1859 5369 2052 5410 conse-

551 5654 565 5684 ι
601 5658 726 5717 Unus
747 5653 916 5717 habet,
952 5654 1114 5705 multis
1162 5653 1300 5704 armis
1316 5660 1457 5717 atque
1481 5657 1662 5708 diebus.

550 5717 567 5777 ε
600 5713 737 5777 savii.
763 5722 813 5762 et
830 5713 1013 5777 aiiquot
1034 5725 1158 5773 λιες..
1185 5713 1433 5777 peccatum
1448 5719 1658 5770 delerent
1679 5718 1835 5768 istum.

551 5776 569 5844 ξ
602 5774 741 5823 savil.
769 5782 821 5824 ct
842 5774 945 5844 tres
962 5774 1273 5844 _Mss.,_long_e
1294 5777 1362 5828 sic
1385 5785 1731 5832 antecesserunt

552 5837 572 5865 ⁸
608 5844 722 5894 vox,
744 5837 921 5896 omm'a,
944 5838 1091 5889 deest
1113 5841 1162 5889 in
1184 5837 1340 5890 tritius
1363 5847 1466 5889 Mss.

552 5899 573 5935 ⁸
603 5896 731 5946 Colb.
756 5909 897 5954 unus.
918 5900 1125 5956 quodam
1154 5901 1331 5953 morbo.

1668 527 1759 581 AD
1798 523 2221 582 TlIEODORUM
2261 524 2552 580 LAPSUbl.
2591 524 2633 580 Ι.

3632 534 3736 590 236

2156 651 2418 707 qnuturus
2485 650 2601 694 erat
2657 655 2755 708 ea,
2804 656 2926 710 qua:
2973 642 3310 711 postmodum
3360 645 3592 713 recepit,
3644 650 3739 703 scd

2158 727 2298 783 fame
2318 739 2682 800 consumptus,
2699 730 2996 787 miserrima
3012 734 3251 787 omnium
3270 745 3440 789 morte
3457 739 3736 805 periisset:

2161 836 2344 874 verum
2381 823 2504 891 quia
2547 822 2768 891 resipuit
2793 864 2808 889 ,
2856 838 2957 878 nec
2997 824 3335 894 desperavit,
3380 837 3500 895 post
3528 837 3728 883 tantam

2157 914 2549 980 corruptionem
2576 955 2590 980 ,
2633 914 2878 969 eumdem
2929 915 3101 984 ipsum
3145 928 3465 987 assequutus
3513 922 3740 975 fortuna

2157 1002 2518 1070 splendorem,
2572 1003 2929 1072 pulcherrimo
2976 1005 3209 1061 induitur
3260 1010 3480 1076 amictu,
3528 1022 3582 1065 et
3626 1028 3739 1065 ma-

2151 1092 2360 1161 joribus
2388 1092 2578 1148 fruitur
2608 1095 2762 1147 bonis
2785 1137 2800 1160 ,
2848 1112 3005 1164 quam
3036 1095 3201 1150 frater
3243 1114 3346 1151 non
3388 1100 3592 1168 lapsus.
3642 1100 3739 1154 Tot

2156 1185 2303 1236 annis
2328 1226 2341 1247 ,
2368 1184 2534 1252 inquit
2561 1186 2668 1249 ille,
2700 1185 2862 1238 servio
2892 1186 3011 1252 tibi,
3057 1195 3106 1240 et
3136 1204 3408 1256 numquam
3437 1190 3735 1243 mandatum

2157 1285 2299 1327 tuum
2345 1278 2625 1343 prartcrivi,
2683 1288 2732 1330 et
2783 1294 3056 1345 numquam
3102 1279 3288 1332 dedisti
3335 1280 3461 1332 mihi
3511 1281 3733 1345 laedunt,

2156 1377 2209 1418 ut
2235 1385 2351 1420 cum
2376 1369 2550 1421 amicis
2592 1371 2714 1423 meis
2758 1372 2956 1423 [αἰαῖ-ει·
2983 1387 3001 1423 :
3027 1370 3116 1424 sed
3157 1381 3416 1440 postquam
3447 1373 3585 1441 ﬁlius
3623 1384 3739 1428 tuus

2157 1458 2237 1509 hic
2260 1498 2273 1521 ,
2303 1459 2387 1526 qui
2410 1459 2661 1511 devoravit
2698 1460 3024 1512 substantiam
3060 1476 3204 1513 suam
3230 1476 3344 1514 cum
3375 1464 3734 1528 meretricibus,

2156 1549 2306 1608 venit,
2346 1549 2573 1601 occidisti
2624 1548 2703 1600 illi
2760 1548 2968 1601 vitulum
3020 1552 3303 1618 saginatum
3351 1550 3502 1620 (Luc.
3535 1551 3736 1607 15.29.

2159 1640 2269 1703 ΖΟ).
2304 1640 2468 1692 Tanta
2500 1650 2580 1693 est
2606 1642 2772 1694 virtus
2803 1642 3145 1709 pmtiitentite.

2233 1729 2285 1783 8.
2320 1729 2535 1782 Nullum
2555 1742 2623 1784 est
2646 1743 2898 1800 peccatum
2919 1734 3002 1785 cui
3025 1735 3300 1787 remedium
3312 1733 3487 1800 afferri
3503 1754 3602 1789 non
3620 1754 3737 1805 pos-

2159 1823 2242 1875 sit.
2262 1822 2449 1875 ——Tot
2470 1823 2731 1890 tantisque
2747 1824 3004 1891 exemplis
3033 1825 3051 1855 ¹
3092 1826 3305 1878 excitati
3340 1842 3407 1879 ne
3432 1840 3741 1881 maneamne

2160 1914 2210 1967 in
2244 1914 2429 1977 malis,
2463 1928 2560 1967 nec
2586 1912 2653 1967 de
2684 1914 3034 1967 conversione
3058 1913 3433 1982 desperemus;
3472 1915 3564 1969 sed
3590 1916 3737 1970 dica-

2159 2022 2276 2058 mus
2300 2016 2353 2059 et
2375 2020 2490 2067 nos,
2532 2004 2728 2057 Vadam
2748 2004 2816 2056 ad
2835 2004 3041 2056 Patrem
3068 2021 3251 2071 meum,
3280 2015 3332 2058 et
3356 2008 3740 2076 appmpinqoe-

2160 2113 2277 2152 mus
2306 2098 2432 2151 Deo.
2464 2097 2759 2166 Numquam
2792 2098 2934 2150 enim
2963 2097 3049 2151 ille
3074 2111 3171 2150 nos
3197 2108 3493 2163 aversatur,
3525 2098 3617 2153 sed
3640 2099 3743 2167 ipsi;

2159 2190 2226 2243 ab
2255 2204 2318 2244 eo
2352 2190 2507 2258 longe
2545 2188 2845 2243 recedimus
2875 2207 2888 2240 :
2920 2190 3057 2242 Deus
3090 2191 3258 2256 enim,
3315 2191 3484 2258 inquit
3536 2194 3556 2223 ²
3578 2232 3593 2256 ,
3638 2210 3741 2259 ap-

2163 2281 2505 2348 propinquans
2548 2297 2637 2348 ego
2687 2296 2800 2333 sum
2824 2321 2840 2343 ,
2887 2288 2934 2331 et
2981 2297 3081 2333 non
3112 2279 3251 2333 Deus
3278 2281 3457 2351 procul
3486 2281 3617 2350 (Jer.
3645 2284 3737 2339 εδ.

2161 2370 2277 2437 25).
2324 2372 2398 2421 Ac
2427 2385 2522 2438 per
2566 2370 2709 2424 hunc
2764 2369 3078 2439 prophetam
3121 2385 3329 2425 rursum
3371 2371 3579 2425 incusat
3601 2389 3693 2425 eos
3721 2374 3743 2405 ³

2164 2459 2245 2511 his
2273 2459 2445 2512 verbis
2479 2476 2490 2509 :
2528 2458 2710 2511 Nonne
2738 2470 2939 2528 peccata
2966 2468 3125 2512 vestra
3166 2460 3395 2513 dividunt
3432 2462 3559 2513 inter
3585 2480 3669 2515 vos
3694 2474 3740 2517 et

2162 2569 2241 2603 me
2267 2550 2415 2619 (Isni.
2440 2551 2529 2605 59.
2561 2551 2662 2618 ‘2)?
2700 2550 2836 2604 Cum
2883 2552 3057 2619 itaque
3101 2551 3214 2605 hmc
3248 2566 3343 2605 nos
3381 2564 3689 2607 reinoveant
3710 2570 3741 2609 a

2164 2641 2306 2705 Deo,
2364 2640 2797 2694 molestissimum
2856 2640 2955 2692 hoc
2996 2650 3243 2707 διιριιιηι,
3298 2641 3436 2708 quod
3487 2651 3635 2695 arcet
3671 2645 3740 2697 ab

2163 2752 2414 2802 accessu,
2443 2736 2509 2790 de
2535 2736 2708 2789 medio
2741 2736 3009 2788 tollamus.
3035 2736 3171 2788 Audi
3193 2736 3301 2802 jam
3331 2752 3393 2788 ex
3428 2737 3588 2790 rebus
3612 2738 3740 2804 ipsis

2162 2827 2210 2879 id
2243 2828 2383 2894 quod
2431 2826 2657 2879 dicimus
2701 2823 3059 2891 comprobari.
3114 2825 3265 2893 Apud
3315 2826 3616 2880 Corinthios
3663 2828 3738 2881 vir

2161 2916 2372 2984 quidam
2423 2916 2642 2969 illustris
2674 2916 2777 2967 tale
2809 2924 3080 2983 peccatum
3122 2914 3441 2978 admiserat,
3489 2917 3643 2985 quale
3672 2934 3739 2972 ne

2160 3007 2296 3074 apud
2325 3006 2548 3073 gentiles
2588 3004 2797 3074 quidem
2836 3003 3248 3057 memorabatur.
3296 3004 3344 3057 ls
3371 3014 3547 3058 autem
3572 3005 3741 3060 fidelis

2161 3108 2274 3150 erat
2319 3098 2385 3151 de
2427 3099 2774 3152 familiaribus
2814 3098 3009 3152 Chriin
3048 3116 3060 3149 :
3102 3106 3225 3149 sunt
3269 3097 3357 3165 qui
3400 3096 3734 3151 sacerdotem

2162 3204 2374 3258 quoque
2398 3188 2561 3242 fuisse
2590 3189 2791 3242 dicant.
2823 3188 2959 3253 Quid
2983 3187 3181 3256 igitur?
3213 3186 3478 3240 Paulusne
3507 3187 3679 3253 ipsum
3706 3202 3735 3239 a

2157 3292 2303 3334 sine
2343 3296 2563 3344 eorum,
2597 3280 2684 3347 qui
2735 3278 2955 3332 salutem
2997 3285 3429 3344 consequuntur,
3473 3276 3739 3329 abscidit?

2157 3370 2495 3439 Nequaquam
2528 3388 2540 3421 :
2568 3371 2678 3438 ipse
2691 3369 2884 3437 quippe
2903 3377 2981 3421 est
3003 3367 3090 3435 qui
3112 3366 3413 3418 sexcenties
3431 3364 3737 3419 Corinthius

2160 3460 2318 3513 variis
2343 3458 2518 3512 modis
2543 3460 2741 3526 carpit,
2787 3456 2929 3526 quod
2959 3472 3078 3509 cum
3108 3455 3172 3508 ad
3218 3456 3585 3525 ptenitentiam
3631 3471 3735 3510 non

2159 3552 2462 3621 redegerint
2499 3570 2511 3603 :
2552 3562 2612 3604 ut
2657 3558 2832 3604 autem
2884 3548 3129 3603 ostendat
3174 3549 3327 3601 nobis
3367 3548 3569 3601 nullum
3616 3563 3736 3601 esse

2158 3651 2429 3712 peccatum
2453 3681 2467 3702 ,
2501 3642 2583 3693 cui
2616 3639 2910 3693 remedium
2953 3637 3129 3691 afferri
3161 3652 3264 3690 non
3300 3638 3489 3706 possit,
3522 3651 3735 3691 rursum

2158 3732 2225 3785 de
2252 3732 2342 3784 illo
2368 3772 2382 3793 ,
2415 3732 2501 3799 qui
2530 3732 2739 3796 gravius
2767 3744 2923 3797 quam
2949 3736 3136 3797 gentes
3174 3735 3487 3795 peccaverat
3510 3769 3522 3790 ,
3555 3726 3625 3779 ita
3660 3728 3736 3779 lo-

2157 3825 2334 3891 quitur
2366 3840 2379 3875 :
2425 3822 2627 3874 Tradite
2672 3823 2819 3874 illum
2860 3829 3052 3873 satana:
3086 3820 3137 3871 in
3170 3820 3425 3871 interitum
3455 3818 3650 3881 carnis,
3682 3828 3736 3871 ut

2158 3915 2362 3981 spiritus
2404 3913 2571 3966 salvus
2614 3910 2675 3965 sit
2718 3912 2767 3964 in
2810 3912 2893 3965 die
2935 3911 3135 3963 Domini
3176 3912 3334 3962 nostri
3372 3909 3496 3963 Iesu
3548 3909 3733 3966 Christi

2160 4005 2234 4073 (i.
2268 4003 2385 4058 Cor.
2406 4004 2454 4057 5.
2476 4005 2553 4068 ῖι).
2579 4003 2678 4056 Sed
2708 4001 2756 4055 id
2783 4001 2992 4069 quidem
3019 4010 3140 4053 ante
3164 4000 3524 4068 pcenitcntiam
3551 4018 3563 4052 :
3601 4013 3733 4069 post-

2159 4110 2316 4163 quam
2343 4102 2516 4147 autetn
2547 4093 2766 4157 resipuit
2798 4108 2810 4142 :
2845 4092 3041 4159 Su/ﬁcit
3065 4132 3080 4155 ,
3123 4090 3326 4157 inquit,
3356 4091 3457 4153 illi,
3486 4091 3571 4159 qui
3600 4093 3735 4158 ejus-

2158 4186 2295 4238 modi
2323 4194 2409 4245 est,
2436 4184 2717 4251 objurgatio
2745 4181 2766 4211 ⁸
2792 4196 2905 4251 qua:
2925 4182 2979 4249 ﬁt
3018 4198 3049 4233 a
3086 4181 3309 4249 pluribus
3327 4180 3408 4247 (2,
3430 4181 3547 4233 (ἔον.
3570 4181 3621 4234 2.
3643 4181 3729 4249 6):

2155 4276 2471 4343 scripsitque
2499 4274 2577 4326 eis
2601 4314 2616 4337 ,
2649 4281 2707 4326 ut
2733 4273 3138 4327 consolarentur
3162 4287 3307 4333 eum,
3341 4282 3394 4324 et
3418 4274 3530 4341 ejus
3556 4274 3728 4341 pleni-

2157 4367 2376 4420 tentiam
2422 4365 2800 4424 admitterent,
2845 4378 2911 4415 ne
2951 4362 3423 4416 circumveniretur
3458 4379 3488 4415 a
3523 4373 3727 4415 satana.

2158 4455 2288 4510 Item
2320 4456 2614 4509 universam
2642 4454 2941 4507 Galatarum
2978 4452 3246 4504 nationem
3275 4462 3391 4519 post
3419 4462 3716 4521 susceptam

2160 4548 2338 4609 fidem,
2372 4556 2490 4613 post
2530 4551 2727 4612 patrata
2757 4543 2928 4608 signa,
2960 4551 3015 4595 et
3042 4542 3236 4593 multas
3266 4555 3362 4607 pro
3384 4529 3575 4593 Christi
3609 4540 3712 4594 lide

2154 4644 2426 4704 superatas
2455 4634 2789 4689 tentationes.
2815 4633 3012 4702 lapsos,
3042 4632 3268 4697 inquam,
3291 4629 3505 4683 Galatas
3533 4630 3722 4682 iterum

2154 4727 2327 4796 erigit.
2375 4725 2525 4791 Quod
2568 4725 2709 4777 enim
2756 4723 3002 4777 miracula
3044 4719 3324 4783 fecissent,
3372 4720 3458 4773 ille
3488 4719 3725 4773 declarat

2155 4817 2238 4871 his
2262 4816 2434 4869 verbis
2467 4834 2480 4868 :
2518 4815 2615 4880 Qui
2639 4830 2753 4880 ergo
2780 4812 2947 4863 tribuit
2973 4810 3109 4867 vobis
3125 4810 3378 4877 spiritum,
3410 4820 3459 4862 et
3487 4821 3724 4878 operatur

2154 4909 2358 4961 virtutes
2396 4908 2446 4958 in
2480 4904 2613 4957 vobis
2647 4901 2837 4971 (Galat.
2866 4901 2919 4953 '5.
2951 4900 3007 4969 5)
3043 4918 3056 4954 :
3088 4900 3227 4969 quod
3276 4916 3401 4954 vero
3428 4900 3589 4953 multa
3622 4915 3719 4968 pro

2156 4998 2257 5051 lide
2274 4996 2559 5050 certamina
2586 4991 2818 5055 inierint,
2847 4992 2897 5045 id
2920 4992 3076 5046 etiam
3104 4992 3387 5045 declaravit
3404 4991 3486 5043 his
3509 4991 3718 5045 verbis:

2156 5088 2319 5141 Tanta
2340 5086 2473 5155 passi
2495 5086 2613 5138 estis
2633 5086 2740 5137 sine
2766 5100 2949 5146 causa,
2977 5084 3021 5135 si
3048 5093 3211 5134 tamen
3239 5083 3345 5134 sine
3365 5098 3536 5135 causa.
3568 5082 3721 5135 Διιτ-

2156 5193 2278 5232 men
2308 5186 2425 5246 post
2471 5184 2671 5230 tantum
2714 5175 2919 5229 virtutis
2968 5173 3389 5238 incrementum,
3440 5182 3715 5243 peccatum

2156 5270 2505 5335 admiserunt,
2532 5267 2669 5338 quod
2695 5274 2868 5335 posset
2895 5280 2987 5319 eos
3012 5280 3040 5317 a
3058 5263 3270 5317 Christo
3294 5264 3491 5316 alienos
3516 5262 3722 5315 facere:

2155 5361 2223 5417 de
2248 5377 2353 5429 quo
2385 5362 2495 5430 ipse
2519 5361 2654 5413 hanc
2682 5357 2878 5426 profert
2903 5356 3217 5409 sententiam
3255 5373 3267 5407 :
3301 5355 3430 5406 Ecce
3454 5370 3542 5422 ego
3571 5352 3711 5405 Pau-

2158 5454 2235 5506 lus
2270 5454 2382 5508 dico
2416 5453 2549 5506 vobis
2567 5492 2583 5519 ,
2624 5451 2666 5503 si
2694 5448 3122 5503 circumcidamini
3140 5490 3154 5514 ,
3182 5447 3405 5501 Christus
3433 5447 3560 5499 nihil
3589 5446 3722 5499 vobis

2223 5653 2238 5683 ι
2275 5649 2413 5698 Savil.
2438 5654 2489 5696 et
2516 5659 2639 5695 unus
2658 5653 2787 5705 Mss,
2820 5642 2880 5694 iis
2923 5642 3168 5705 exentplt’s.

2221 5718 2240 5745 ι
2274 5713 2345 5781 sic
2366 5708 2504 5759 Savil.
2530 5716 2581 5757 et
2601 5709 2698 5756 duo
2720 5701 3041 5768 manusa'ipti.
3063 5701 3130 5753 ἰιι
3173 5704 3334 5754 Morel.
3362 5712 3413 5753 et
3437 5702 3540 5752 aliis
3561 5701 3717 5760 deest,

2157 5778 2442 5903 “auges-ast,
2460 5846 2556 5903 eos,
2575 5834 2624 5882 in
2640 5832 2826 5903 duobus

2223 5900 2244 5932 δ
2274 5895 2401 5948 Coll).
2430 5892 2595 5953 habet.
2640 5892 2902 5951 objurgatio
2919 5892 3019 5940 illa.
