4506 6722
802 545 905 598 287

802 655 1028 727 proJerit
1052 673 1073 707 :
1110 661 1164 709 et
1191 654 1407 721 iterum,
1430 654 1737 721 Quicumque
1767 656 1819 707 in
1841 655 1947 725 lege
1967 654 2320 725 justi/icamini
2348 670 2380 704 α

799 747 966 817 gratia
995 745 1249 799 excidisti:
1284 744 1423 815 (Gal.
1446 743 1498 797 5.
1522 742 1559 794 2
1593 752 1641 795 et
1662 744 1739 811 4).
1773 746 2019 797 Attamen
2053 754 2167 813 post
2198 742 2381 809 hujus-

801 835 947 889 modi
978 835 1204 905 lapsum,
1234 835 1378 903 ipsos
1406 832 1629 900 recipit,
1653 833 1836 887 dicens
1869 849 1883 886 :
1916 832 2093 885 Filioli
2120 833 2235 895 mei,
2262 847 2383 898 quos

802 927 987 978 iterum
1009 924 1263 994 parturio,
1292 922 1447 974 donec
1475 921 1722 989 formetur
1746 922 1973 974 Christus
1998 923 2051 972 in
2078 923 2213 973 vobis
2236 919 2379 988 (Gal.

802 1019 857 1069 4.
894 1018 1008 1085 19),
1027 1014 1331 1077 ostendens,
1355 1014 1514 1067 etiam
1536 1023 1649 1082 post
1668 1022 1958 1065 extremam
1985 1013 2382 1080 corruptionem

805 1120 965 1173 posse
995 1119 1178 1158 rursus
1206 1103 1477 1158 Christum
1516 1102 1768 1155 divinitus
1805 1102 2073 1156 eﬂ'ormari
2114 1103 2167 1155 in
2196 1102 2380 1166 nobis;

814 1210 921 1248 non
948 1195 1091 1249 enim
1119 1196 1231 1248 vult
1259 1206 1481 1247 mortem
1510 1193 1825 1260 peccatoris,
1850 1192 1944 1248 sed
1971 1205 2029 1247 ut
2048 1203 2386 1248 convertatur

805 1297 860 1342 et
881 1289 1021 1341 vivat
1048 1287 1257 1355 (Ezeclt.
1286 1287 1373 1339 53.
1407 1286 1517 1354 Η).

878 1381 931 1432 9.
964 1378 1201 1431 (le/tentia
1230 1379 1361 1447 ignis
1387 1377 1714 1440 dwmonibus,
1745 1392 1955 1443 regnum
1980 1377 2218 1428 cwlorum
2245 1375 2383 1427 nobis

805 1469 1095 1537 deputatur.
1125 1498 1195 1507 —
1221 1469 1603 1521 Convertamur
1637 1469 1832 1535 itaque,
1866 1482 1899 1519 0
1925 1467 2172 1519 dilectum
2203 1474 2381 1534 caput,

807 1568 861 1612 et
887 1560 1206 1611 voluntath
1239 1557 1327 1609 Dei
1358 1556 1711 1624 perficiamus.
1744 1556 1868 1610 ideo
1893 1558 2084 1625 quippe
2110 1571 2208 1609 nos
2234 1572 2386 1609 creao

806 1650 882 1701 vit
908 1661 960 1702 et
991 1647 1268 1717 produxit,
1296 1658 1352 1701 ut
1381 1649 1675 1703 eat-testium
1705 1648 1965 1703 bonorum
2001 1658 2277 1703 consortes
2306 1648 2386 1701 fa-

808 1748 993 1805 ceret,
1043 1749 1103 1794 ut
1141 1755 1364 1810 regnum
1410 1742 1659 1794 czelorum
1706 1742 1962 1796 tribueret
2018 1743 2059 1805 ί,
2092 1757 2197 1795 non
2239 1751 2294 1793 ut
2336 1742 2387 1793 in

806 1829 1103 1897 gehennam
1124 1830 1430 1899 conjiceret,
1457 1832 1666 1899 ignique
1688 1831 1918 1883 traderet
1941 1847 1955 1881 :
1981 1831 2066 1883 hic
2086 1830 2225 1882 enim
2254 1831 2389 1897 ignis

807 1936 911 1974 non
934 1932 1148 1989 propter
1167 1937 1283 1985 nos,
1307 1921 1397 1973 sed
1420 1930 1633 1989 propter
1649 1921 1915 1974 diabolum
1937 1923 2253 1975 constitutus
2273 1932 2383 1983 est;

804 2026 1024 2079 regnum
1055 2024 1181 2064 vero
1221 2010 1375 2064 nobis
1414 2020 1653 2079 paratum
1694 2013 1933 2079 primitus
1971 2022 2025 2064 et
2061 2012 2383 2079 assignatum

803 2109 906 2153 est.
935 2098 1229 2168 Utrumque
1269 2116 1395 2154 vero
1433 2102 1729 2155 subindieat
1767 2117 1883 2155 cum
1914 2103 2041 2155 dicit
2082 2103 2143 2155 iis
2172 2103 2383 2169 quidem

805 2189 894 2256 qui
924 2203 952 2240 a
979 2187 1177 2242 dextris
1203 2200 1324 2241 sunt
1356 2208 1369 2242 :
1409 2188 1596 2252 Venite,
1629 2190 1870 2242 benedicti
1904 2188 2075 2243 Patris
2104 2192 2221 2252 mei,
2264 2207 2383 2258 pos-

802 2279 959 2331 sidete
1006 2289 1237 2348 paratum
1286 2280 1419 2333 vobis
1469 2298 1678 2349 regnum
1725 2300 1757 2334 a
1808 2284 2158 2337 constitutione
2211 2286 2388 2337 mundi

805 2368 1018 2437 (Matth.
1045 2369 1136 2423 25.
1166 2371 1295 2439 5i);
1330 2371 1394 2424 iis
1424 2386 1549 2424 vero
1579 2373 1668 2441 qui
1706 2390 1733 2423 a
1775 2374 2003 2426 sinistris
2034 2392 2045 2426 :
2079 2373 2332 2426 Discedite
2357 2391 2389 2427 α

805 2476 923 2524 me,
967 2462 1252 2524 maledicti,
1297 2463 1348 2514 in
1396 2463 1562 2531 ignem
1621 2475 1862 2515 wternum
1897 2467 1937 2525 ¹,
1967 2476 2231 2533 paratum;
2284 2482 2386 2519 non

806 2552 989 2620 utique
1025 2553 1203 2615 vobis,
1234 2552 1327 2605 sed
1357 2552 1555 2604 diabolo
1583 2562 1630 2603 et
1667 2553 1859 2622 angelis
1897 2555 2004 2622 ejus
2032 2555 2073 2607 ’.
2094 2554 2205 2606 Non
2230 2555 2388 2623 igitur

806 2643 959 2696 nobis
987 2652 1161 2710 parata
1188 2651 1269 2695 est
1294 2641 1554 2709 gebenna,
1579 2642 1671 2695 sed
1697 2642 1908 2697 diabolo
1932 2652 1985 2696 et
2009 2644 2212 2712 angelis
2234 2645 2380 2712 ejus;

805 2748 1028 2803 regnum
1058 2742 1235 2786 autem
1266 2749 1297 2787 a
1326 2735 1701 2787 constitutione
1746 2735 1927 2788 mundi
1969 2736 2122 2789 nobis
2156 2737 2383 2790 adorna-

805 2833 918 2878 tum
939 2834 1041 2879 est.
1070 2823 1148 2879 Ne
1173 2825 1349 2895 itaque
1375 2841 1474 2879 nos
1499 2826 1712 2879 thalami
1741 2826 1980 2895 ingressu
2008 2828 2249 2897 indignos
2269 2828 2391 2882 red-

806 2914 1031 2969 damus:
1074 2916 1323 2983 quamdiu
1363 2916 1504 2969 enim
1534 2914 1556 2945 ⁸
1586 2916 1671 2968 hic
1708 2931 1913 2982 sumus,
1957 2918 2163 2971 etiamsi
2194 2917 2387 2972 millies

806 3019 1087 3069 peccemus
1108 3051 1123 3077 ,
1155 3004 1329 3066 munia
1373 3005 1495 3068 hcet
1533 3006 1715 3067 cinere
1757 3016 2092 3074 peccatorum
2123 3009 2389 3076 paeniten-

806 3108 935 3160 tiam
973 3106 1347 3159 exbibcntibus
1378 3124 1391 3160 :
1422 3121 1540 3158 cum
1584 3114 1760 3158 autem
1808 3098 1931 3152 illuc
1970 3098 2181 3153 abducti
2224 3098 2387 3153 fueri-

807 3213 943 3261 mus,
969 3198 1175 3251 ctiamsi
1198 3198 1461 3266 ingentem
1486 3197 1849 3264 paenitentiam
1871 3191 2237 3253 exhibeamus,
2256 3192 2387 3244 nihil

808 3288 959 3342 nobis
991 3288 1255 3357 proderit;
1287 3286 1380 3341 sed
1408 3289 1745 3356 quantumvis
1773 3282 2019 3340 dentibus
2056 3281 2383 3346 frcndamus,

806 3381 1143 3451 quantumvis
1185 3380 1490 3447 lugeamus,
1529 3380 1863 3447 quantumvis
1903 3379 2278 3438 Obsecremus,
2320 3388 2388 3430 ne

808 3481 1048 3525 extremo
1073 3470 1286 3539 quidem
1312 3470 1479 3538 digito
1512 3471 1770 3537 quispiam
1811 3470 1963 3523 nobis
2000 3468 2198 3537 aliquid
2230 3469 2386 3521 refri-

806 3561 933 3631 gerii
955 3562 1259 3623 distillabit;
1289 3562 1380 3613 sed
1402 3576 1461 3613 ea
1488 3560 1601 3628 ipsa
1631 3560 1925 3623 audiemus,
1950 3574 2066 3626 qua:
2091 3559 2240 3612 dives
2260 3559 2385 3611 olim

806 3651 897 3706 ille
916 3691 933 3715 ,
965 3666 1153 3719 nempe
1172 3693 1186 3716 ,
1224 3648 1469 3719 Magnum
1498 3649 1651 3701 chaos
1676 3649 1805 3700 inter
1829 3664 1920 3700 nos
1945 3656 1991 3699 et
2016 3663 2100 3700 vos
2133 3648 2387 3714 ﬁrmatum

805 3750 876 3793 est
904 3738 1053 3811 (Luc.
1088 3740 1171 3793 i6.
1197 3739 1311 3808 26).
1348 3738 1733 3807 Resipiscamus
1763 3738 1958 3806 itaque,
1987 3738 2231 3798 obsecro,
2260 3735 2387 3789 dum

807 3830 897 3884 hic
922 3830 1180 3899 degimus,
1214 3839 1267 3882 ct
1297 3830 1574 3882 Dominum
1602 3842 1978 3896 agnoscamus,
2010 3837 2068 3879 ut
2097 3840 2389 3895 agnoscere

807 3928 1036 3989 oportet.
1067 3918 1214 3973 Tunc
1252 3918 1394 3973 enim
1439 3919 1611 3971 solum
1649 3916 1715 3971 de
1752 3917 2061 3986 pcenitentia
2092 3916 2387 3985 desperan-

807 4012 934 4066 dum
966 4010 1088 4077 erit,
1116 4024 1234 4063 cum
1263 4010 1314 4062 in
1345 4008 1553 4062 inferno
1577 4007 1845 4063 consﬁtuti
1871 4007 2069 4061 erimus
2093 4024 2107 4059 :
2132 4007 2204 4059 ibi
2233 4021 2387 4059 nam-

810 4119 915 4173 que
951 4102 1121 4155 solum
1162 4101 1263 4156 hoc
1306 4101 1600 4155 remedium
1636 4099 1903 4153 infirmum
1942 4099 2232 4167 inutileque
2254 4106 2340 4151 est
2371 4115 2385 4149 :

810 4195 934 4248 dum
956 4201 1131 4246 autem
1154 4190 1237 4245 hic
1260 4205 1549 4253 versamur,
1566 4191 1769 4244 etiamsi
1794 4190 1844 4242 in
1868 4190 1978 4255 ipsa
2000 4196 2269 4243 senectute
2289 4186 2387 4240 ad-

812 4286 1079 4346 hibeatur,
1119 4283 1226 4336 vim
1268 4282 1424 4336 habet
1453 4282 1758 4335 maximam.
1787 4281 2115 4348 Quapropter
2142 4279 2387 4332 diabolus

810 4374 941 4429 nihil
970 4389 1073 4427 non
1102 4373 1449 4435 machinatur,
1477 4382 1535 4425 ut
1559 4371 1947 4440 deSpemtionis
1973 4370 2207 4423 radicem
2236 4369 2387 4423 nobis

811 4475 973 4536 ponat
1000 4482 1013 4518 :
1044 4466 1189 4518 novit
1219 4464 1361 4518 enim
1381 4506 1395 4527 ,
1425 4464 1470 4517 si
1497 4464 1582 4517 vel
1612 4462 1869 4516 tantillum
1901 4462 2306 4529 resipuerimus,
2336 4460 2388 4513 id

811 4572 917 4609 non
947 4556 1061 4609 sine
1089 4554 1335 4608 mercede
1364 4553 1593 4607 futurum
1624 4569 1760 4607 esse.
1790 4552 1894 4606 Sed
1933 4553 2071 4605 sicut
2107 4555 2151 4605 is
2179 4552 2267 4618 qui
2302 4566 2389 4604 ca-

814 4646 968 4699 licem
996 4660 1143 4714 aqua:
1169 4643 1373 4713 frigida:
1398 4645 1709 4711 porrexerit,
1734 4643 2025 4710 depositam
2053 4641 2214 4694 habet
2238 4641 2392 4693 retri-

814 4736 1113 4797 butionem,
1146 4734 1222 4789 sic
1258 4733 1339 4798 is,
1368 4746 1525 4802 quem
1552 4732 1619 4785 de
1656 4731 1899 4784 admissis
1929 4748 1956 4783 a
1986 4749 2043 4787 se
2069 4732 2391 4786 facinoribus

816 4826 1071 4895 pmnitet,
1117 4824 1240 4878 licet
1284 4823 1496 4892 dignam
1550 4822 1913 4890 pretiitentiam
1959 4838 2064 4874 non
2111 4822 2388 4886 exhibeat,

816 4917 1055 4986 ejusdem
1084 4926 1259 4968 tamen
1286 4914 1683 4968 retributionem
1708 4915 1948 4982 accipiet.
1972 4912 2110 4967 Nihil
2132 4914 2275 4968 enim
2296 4913 2393 4966 bo-

818 5022 1043 5070 norum,
1084 5004 1421 5073 quantumvis
1453 5005 1697 5072 exiguum
1737 5006 1831 5068 sit,
1898 5020 1928 5057 a
1966 5004 2114 5073 justo
2154 5006 2175 5035 ⁵
2215 5004 2392 5073 judice

829 5098 1159 5167 lespicictur.
1194 5097 1325 5151 Nam
1362 5097 1404 5149 si
1454 5104 1668 5165 peccata
1706 5111 1826 5149 cum
1865 5104 2009 5150 tanta
2052 5098 2396 5151 accuratione

826 5189 1214 5257 lisquiruntur,
1260 5196 1318 5240 ut
1360 5187 1517 5240 etiam
1561 5185 1628 5239 de
1672 5185 1846 5238 verbis
1884 5194 1939 5239 et
1982 5186 2387 5255 cogitationibus

821 5294 1003 5349 poenas
1030 5279 1235 5343 demus,
1266 5286 1465 5346 quanto
1493 5278 1656 5345 magis
1685 5277 1821 5330 bona
1849 5292 2029 5346 opera,
2055 5293 2149 5331 seu
2176 5293 2388 5347 magna,

820 5384 912 5423 seu
942 5384 1097 5436 parva
1128 5369 1339 5433 fuerint,
1370 5368 1523 5421 nobis
1550 5368 1637 5421 illo
1662 5377 1901 5437 tempore
1922 5369 2385 5438 computabontur.

820 5459 994 5526 Quare
1024 5460 1145 5514 licet
1168 5459 1233 5513 ad
1265 5459 1535 5528 pristinam
1564 5458 1703 5513 illam
1728 5460 2051 5529 diligentiam
2080 5461 2252 5514 redire
2280 5476 2387 5515 non

883 5600 900 5628 ι
936 5595 1075 5645 Savd.
1109 5603 1159 5645 et
1180 5608 1305 5644 unus
1324 5593 1473 5653 Colb.,
1497 5594 1629 5645 nobis
1651 5594 1893 5644 tribueret.

883 5661 903 5690 ³
936 5662 1007 5727 sic
1029 5657 1165 5705 savil.
1194 5662 1244 5705 et
1264 5664 1467 5719 quatuor
1489 5663 1593 5705 Mss.
1636 5656 1796 5706 Morel.
1831 5666 1881 5706 et
1898 5657 1995 5706 duo
2012 5656 2109 5716 alii,
2154 5656 2204 5706 in
2228 5658 2386 5721 ignem

824 5727 1215 5851 ef‘fgdi’liniinus
1235 5779 1398 5839 habet,
1417 5784 1639 5841 paratum
1670 5777 1857 5829 diabolo
1878 5786 1922 5830 et
1945 5778 2127 5843 angelis
2149 5778 2270 5841 ejus,
2295 5790 2387 5828 non

822 5845 1073 5953 "censuit.
1100 5910 1149 5952 et
1172 5914 1297 5949 unus
1316 5906 1417 5957 Ms,
1437 5899 1581 5955 enim.
1605 5909 1761 5953 recte.
1787 5908 1834 5950 tu
1857 5902 1960 5952 aliis
1981 5902 2141 5961 deest,
2166 5900 2309 5951 mina.

881 5964 904 6000 ⁸
936 5973 983 6015 tu
1006 5980 1100 6017 uno
1115 5964 1247 6014 Colb.
1279 5962 1439 6024 deest,
1457 5962 1602 6023 justo.

1516 541 1574 600 S.
1612 540 1891 597 JOANNIS
1926 538 2399 598 CHRYSOSTOMI
2439 536 2753 593 ARCIIIEP.
2797 544 3323 602 CONSTANTINOP.

3965 561 4067 619 εδδ

2492 653 2687 716 valeas,
2714 655 2807 708 sed
2834 662 3023 725 quovis
3051 662 3262 717 tandem
3292 661 3449 716 modo
3475 676 3504 715 a
3533 671 3779 732 prmsenti
3805 676 3989 728 morbo
4016 683 4068 728 et

2491 741 2692 798 luxuria
2725 754 2776 799 te
2803 746 3059 814 abducas,
3095 768 3161 807 ne
3188 753 3289 807 hoc
3316 753 3525 823 quidem
3564 754 3655 807 tibi
3686 757 4067 819 infructuosum

2489 837 2592 889 erit
2619 854 2632 890 :
2659 837 2738 891 fac
2765 839 2910 890 ineas
2935 854 3088 906 opus,
3117 853 3172 896 ct
3198 846 3395 898 aditum
3420 845 3483 898 ad
3509 847 3795 899 certamina
3820 855 4027 916 aperias
4054 873 4066 907 :

2491 928 2741 994 quamdiu
2783 929 2924 983 enim
2968 941 3117 982 extra
3157 937 3429 998 manebis.
3458 937 3575 1005 jure
3605 935 3694 989 tibi
3731 937 3942 993 diflicile
3976 959 4063 995 ar-

2490 1017 2759 1086 duumque
2783 1021 2798 1050 ¹
2839 1020 3117 1074 videbitur.
3156 1022 3288 1077 Nam
3324 1038 3604 1097 antequam
3635 1028 3923 1097 periculum
3949 1034 4058 1100 tiat,

2490 1113 2829 1174 quantumvis
2866 1112 3043 1166 faciles
3072 1124 3124 1164 et
3152 1118 3413 1181 expedita:
3449 1136 3533 1174 res
3564 1120 3789 1185 fuerint,
3820 1136 4063 1190 magnam

2490 1205 2664 1249 tamen
2706 1198 3029 1256 difficultatis
3086 1204 3318 1271 Speciem
3392 1224 3499 1273 pra:
3561 1226 3620 1265 se
3656 1210 3793 1266 ferre
3844 1213 4062 1278 Solent;

2489 1299 2609 1336 eum
2639 1296 2814 1338 autem
2854 1306 2946 1343 eas
2980 1302 3197 1345 strenuo
3223 1292 3514 1362 audacique
3554 1301 3732 1353 animo
3768 1302 4023 1355 adivimus
4046 1343 4061 1365 ,

2490 1390 2679 1443 magna
2712 1392 2834 1445 pars
2866 1380 3063 1434 laboris
3089 1383 3295 1445 evolat;
3325 1398 3387 1436 ac
3419 1385 3643 1453 fiducia,
3676 1393 3791 1445 loco
3822 1396 4066 1449 tremoris

2490 1467 2982 1538 desperationisque
3010 1476 3365 1543 subingrcssa,
3395 1487 3591 1529 metum
3618 1482 3823 1547 minuit,
3856 1488 4068 1539 facilita-

2493 1571 2599 1613 tem
2640 1570 2825 1628 auget,
2868 1562 3166 1631 bonamque
3202 1581 3349 1632 Spem
3392 1567 3621 1620 roborat.
3653 1569 3775 1624 Ideo
3812 1578 4068 1644 malignus

2496 1652 2583 1706 ille
2606 1651 2794 1706 ludam
2821 1668 2883 1705 ex
2916 1652 3014 1706 hac
3045 1656 3148 1707 vita
3178 1656 3424 1719 abduxit,
3453 1672 3519 1711 ne
3546 1658 3696 1711 initio
3726 1664 4066 1730 resipisccndi

2497 1742 2654 1807 facto,
2689 1759 2779 1809 per
2804 1743 3162 1811 paenitentiam
3191 1746 3255 1796 ad
3286 1746 3457 1799 locum
3485 1747 3623 1800 unde
3656 1750 3921 1805 exciderat
3951 1755 4068 1807 red-

2495 1834 2615 1885 iret.
2649 1834 2759 1901 Ego
2784 1835 2923 1887 enim
2943 1877 2958 1899 ,
2987 1835 3083 1887 etsi
3127 1850 3283 1904 supra
3306 1836 3465 1889 fidem
3498 1838 3635 1906 loqui
3667 1839 3866 1904 videar,
3897 1859 4066 1912 neque

2494 1923 2621 1976 illud
2662 1924 2884 1994 (Judae)
2928 1936 3197 1995 peccatum
3242 1927 3409 1995 majus
3452 1943 3569 1981 csse
3611 1930 3870 1996 dixerim,
3911 1952 4067 2001 quam

2490 2015 2791 2081 auxilium,
2821 2019 2961 2085 quod
3002 2020 3155 2071 nobis
3183 2034 3210 2070 a
3248 2019 3555 2088 paenitentia
3592 2020 3830 2074 offertur.
3867 2024 4068 2089 Quam-

2490 2106 2673 2158 obrem
2706 2122 2834 2174 rogo
2860 2119 2914 2160 ct
2943 2109 3196 2175 obsecro,
3225 2111 3368 2162 omni
3406 2110 3624 2179 depulsa
3659 2113 3890 2166 satanica
3918 2116 4066 2184 cogi-

2492 2199 2691 2250 tatione
2735 2200 2800 2251 ab
2844 2199 3019 2250 anima
3062 2210 3178 2264 tua,
3220 2201 3284 2253 ad
3330 2200 3464 2254 hanc
3505 2203 3725 2254 salutem
3769 2204 3972 2257 redeas.
4011 2206 4067 2259 Si

2494 2303 2719 2355 namque
2756 2288 3035 2342 confestim
3065 2290 3130 2342 ad
3163 2290 3289 2343 illud
3331 2300 3382 2344 te
3422 2291 3683 2359 fastigium
3713 2293 4068 2347 conscendere

2490 2379 2752 2447 jubcrcm,
2784 2381 2833 2432 id
2860 2381 2980 2448 jure
3013 2382 3235 2434 moleste
3265 2382 3452 2445 ferres,
3479 2392 3660 2451 utpote
3688 2400 3795 2436 rem
3826 2384 4069 2437 diliicilli-

2495 2484 2676 2531 mam;
2727 2485 2847 2521 cum
2893 2468 3149 2523 autemid
3188 2479 3388 2522 tantum
3431 2487 3572 2524 nunc
3624 2474 3644 2503 ³
3689 2474 3979 2540 postulem,
4012 2483 4069 2526 ut

2496 2558 2844 2625 praesentibus
2876 2560 3027 2613 malis
3063 2558 3193 2611 nihil
3223 2560 3442 2627 adjicias
3462 2602 3476 2624 ,
3509 2560 3600 2613 sed
3630 2575 3848 2629 surgens
3877 2563 3941 2614 ad
3972 2564 4069 2616 iter

2491 2649 2814 2700 contrarium
2848 2657 2896 2700 te
2928 2660 3230 2713 Convertas,
3257 2651 3380 2719 quid
3408 2652 3709 2705 cunctaris?
3731 2668 3826 2705 cur
3852 2653 4064 2722 refugis,

2491 2745 2545 2789 et
2569 2736 2633 2789 ad
2666 2740 2961 2805 posteriora
2995 2749 3045 2791 te
3072 2740 3345 2792 retrahis?
3374 2742 3561 2793 Annon
3599 2742 3773 2795 vidisti
3811 2744 4064 2807 quosdam

2492 2828 2580 2896 qui
2610 2828 2659 2881 in
2690 2828 2923 2893 deliciis,
2954 2839 3007 2881 ct
3052 2829 3103 2881 in
3135 2830 3478 2883 ebrietatibus
3516 2839 3570 2884 et
3608 2830 3659 2883 in
3684 2831 3817 2898 jocis
3846 2832 3868 2862 ⁸
3890 2873 3904 2896 ,
3935 2842 3986 2885 ct
4013 2834 4062 2885 in

2494 2918 2698 2986 reliquo
2742 2918 2899 2987 hujus
2940 2920 3059 2972 vita:
3096 2918 3323 2972 ludibrio
3365 2921 3558 2973 mortui
3602 2921 3765 2973 sunt?
3798 2920 3893 2974 Ubi
3930 2938 4067 2976 nunc

2491 3017 2616 3060 sunt
2650 3006 2740 3077 qui
2780 3008 2966 3061 tumidi
3009 3008 3254 3077 superbia
3280 3023 3399 3062 cum
3430 3009 3609 3063 multis
3636 3010 3947 3078 sequacibus
3974 3025 4068 3079 per

2491 3095 2668 3150 forum
2701 3098 3063 3151 incedebant?
3090 3099 3177 3167 qui
3208 3099 3391 3150 sericis
3419 3097 3587 3151 induti
3628 3101 3858 3152 vestibus
3886 3110 3937 3153 et
3966 3116 4065 3152 un-

2491 3199 2741 3258 guentum
2768 3190 2993 3253 olentes,
3022 3188 3385 3257 parasitusque
3410 3189 3634 3253 alenles,
3662 3204 3832 3243 scena:
3857 3205 4067 3257 semper

2494 3279 2636 3331 afﬁxi
2663 3279 2850 3333 erant?
2876 3264 2964 3331 ubi
2994 3293 3131 3332 nunc
3160 3278 3446 3331 ostentatio
3479 3278 3565 3330 illa
3590 3288 3643 3331 et
3671 3277 3895 3346 pompa?
3924 3278 4065 3333 Abiit

2493 3384 2765 3424 coenarum
2791 3378 3060 3437 sumptus,
3092 3369 3417 3421 musicorum
3462 3369 3646 3431 turba,
3686 3369 4062 3421 asseutantium

2493 3459 2768 3524 clientela,
2802 3460 2938 3514 risus
2975 3459 3313 3524 inunodicus,
3353 3460 3513 3513 animi
3560 3459 3832 3524 remissio,
3874 3461 4062 3514 mentis

2491 3553 2713 3616 effusio,
2748 3552 2850 3603 vita
2893 3551 3097 3612 mollis,
3131 3551 3300 3601 otiosa
3320 3589 3335 3611 ,
3366 3550 3489 3602 luxu
3529 3549 3751 3617 perdita.
3781 3551 3896 3615 Quo
3926 3564 4066 3603 nunc

2491 3643 2771 3698 evolarunt
2799 3642 3020 3695 omnia?
3047 3640 3172 3708 quid
3202 3639 3396 3693 factum
3427 3649 3509 3693 est
3547 3641 3612 3692 de
3646 3656 3896 3709 corpore,
3925 3642 4061 3708 quod

2491 3732 2695 3802 pridem
2735 3739 2882 3784 tanto
2924 3730 3182 3783 fatuulitio
3206 3770 3221 3793 ,
3252 3738 3394 3780 tanta
3432 3729 3685 3781 munditia
3726 3730 4063 3783 abundabat?

2492 3825 2658 3893 Perge
2696 3839 2833 3876 nunc
2877 3822 2942 3875 ad
2986 3821 3288 3889 sepulcrum
3321 3837 3336 3874 :
3365 3821 3723 3888 contemplare
3751 3822 4016 3889 pulverem
4040 3863 4059 3889 ,

2492 3917 2729 3978 cineres,
2783 3929 3025 3977 vermes,
3076 3914 3176 3965 loci
3215 3910 3236 3941 ’⁸
3281 3910 3672 3965 deformitatem
3716 3913 3944 3975 intuere,
4011 3924 4065 3968 et

2493 4022 2672 4060 amare
2699 4006 2923 4074 suspira.
2958 4007 3127 4073 Atque
3156 4004 3355 4055 utinam
3380 4001 3446 4055 ad
3476 4002 3683 4055 cineres
3719 4002 3964 4056 damnum
3991 4005 4065 4056 si-

2493 4105 2689 4159 steret;
2713 4097 2821 4165 jam
2843 4104 3019 4147 autem
3042 4110 3070 4144 a
3098 4093 3343 4160 sepulcro
3364 4102 3419 4145 et
3436 4108 3464 4144 a
3487 4091 3755 4146 vermibus
3778 4093 4061 4161 cogitatum

2496 4187 2725 4243 transfer
2748 4187 2813 4239 ad
2842 4184 3195 4238 immortalem
3226 4184 3371 4235 illum
3401 4196 3656 4246 vermem,
3686 4181 3751 4234 ad
3783 4182 3951 4249 ignem
3979 4183 4063 4233 in-

2494 4276 2954 4347 exstinguibilem,
2993 4272 3059 4326 ad
3104 4271 3370 4325 fremitum
3416 4271 3685 4335 dentium,
3717 4270 3781 4323 ad
3824 4271 4065 4325 tenebras

2492 4373 2815 4435 exteriores,
2847 4369 2914 4423 ad
2938 4368 3281 4422 afﬂictioncm
3308 4374 3364 4419 et
3391 4365 3681 4432 angustiam
3702 4405 3716 4426 ,
3745 4362 3809 4416 ad
3839 4363 4061 4430 parabo.

2493 4466 2595 4519 lam
2624 4462 2805 4518 Lazari
2828 4472 2883 4515 et
2903 4461 3099 4521 divitis,
3130 4459 3217 4527 qui
3247 4466 3324 4510 tot
3350 4456 3587 4525 peCuniis
3611 4456 3913 4513 instructus,
3943 4469 4067 4521 pur—

2494 4570 2731 4626 puraque
2764 4552 2975 4605 indutns
2998 4591 3012 4614 ,
3042 4565 3109 4603 ne
3151 4548 3346 4601 stillam
3385 4544 3596 4614 quidem
3626 4561 3772 4613 aqum
3800 4554 3980 4613 postea
4011 4545 4064 4596 in

2496 4645 2756 4716 potestate
2798 4642 2981 4695 habuit
3010 4642 3031 4672 ⁵
3056 4681 3071 4703 ,
3103 4640 3155 4692 in
3207 4647 3350 4691 tanta
3390 4637 3690 4689 calamitate
3728 4636 4062 4689 constitutus.

2496 4736 2664 4804 Hujus
2690 4734 2831 4787 enim
2867 4733 2987 4786 vita:
3014 4729 3250 4783 conditio
3288 4725 3509 4780 somniis
3550 4726 3714 4778 nihilo
3752 4725 3936 4779 melior
3961 4733 4063 4778 est.

2496 4822 2950 4893 Quemadmodum
2980 4819 3119 4873 enim
3144 4818 3234 4887 qui
3260 4814 3471 4870 metalla
3496 4814 3769 4877 effodiunt,
3792 4822 3883 4866 aut
3907 4814 4064 4865 aliam

2496 4916 2776 4985 quamdam
2803 4927 3013 4983 ptenam
3036 4912 3187 4964 luunt
3213 4909 3311 4962 hac
3330 4907 3646 4975 graviorem,
3669 4905 3713 4958 si
3739 4903 3946 4974 quando
3970 4904 4068 4957 sub

2496 5007 2642 5061 duris
2683 5006 2791 5059 illis
2819 5003 3085 5057 laboribus
3122 5009 3176 5054 et
3214 4997 3552 5052 acerbissima
3579 4997 3682 5049 vita
3720 4994 4069 5048 dormitantes

2500 5113 2591 5167 per
2614 5095 2877 5150 somnium
2904 5109 2962 5147 se
2987 5091 3215 5145 viderint
3242 5089 3293 5141 in
3320 5086 3543 5147 deliciis,
3566 5096 3617 5139 et
3640 5100 3818 5139 rerum
3846 5082 4070 5135 affluen-

2498 5191 2565 5243 tia
2586 5230 2601 5253 ,
2633 5186 2928 5256 experrecti
2973 5192 3154 5252 postea
3175 5219 3191 5245 ,
3237 5178 3434 5232 nullam
3475 5177 3694 5229 somniis
3722 5175 3939 5243 gratiam
3971 5170 4068 5223 ha-

2497 5283 2657 5335 bent:
2686 5280 2761 5332 sic
2786 5286 2839 5331 et
2863 5276 3011 5329 dives
3042 5273 3150 5335 ille,
3180 5283 3299 5324 cum
3331 5283 3383 5319 tn
3414 5266 3659 5336 prtesenti
3683 5266 3810 5327 vita,
3840 5260 3987 5328 quasi
4018 5261 4068 5312 in

2497 5372 2727 5433 somnio,
2746 5367 2941 5423 divitiis
2968 5361 3309 5423 abundasset,
3335 5370 3677 5429 posteaquam
3702 5354 3826 5406 hinc
3845 5351 4066 5420 cmigra-
4128 5384 4131 5387 -

2559 5592 2574 5621 ¹
2610 5590 2680 5637 sic
2702 5584 2840 5635 savii.
2862 5592 2913 5631 et
2934 5582 3030 5629 duo
3049 5585 3154 5626 uss.
3177 5584 3294 5624 Tres
3316 5576 3412 5633 alii,
3436 5569 3850 5637 biterdictumque.

2557 5655 2576 5683 ς
2768 5628 2931 5697 δῖιὶ)
2946 5628 3076 5700 διεδ,
3094 5653 3235 5697 nunc,
3265 5628 3419 5686 recte.
3456 5642 3504 5680 lu
3528 5632 3630 5679 aliis
3653 5641 3701 5679 et
3725 5628 3905 5687 atorqu
3923 5642 4066 5687 nunc,

2494 5712 2771 5827 defsticest,
2795 5772 2840 5817 et
2862 5765 2910 5815 in
2919 5763 3069 5827 jocis,
3088 5763 3134 5827 in
3157 5774 3254 5827 uno
3276 5758 3405 5827 colh.
3427 5762 3476 5802 et
3502 5754 3547 5827 in
3570 5754 3781 5827 editione
3806 5750 4065 5801 Montel'atc.

2493 5816 2639 5897 Hujus
2653 5816 2808 5897 vocis
2828 5816 2936 5897 loco
2954 5816 3261 5897 savilzbabet,
3286 5816 3623 5897 intermitti-te;

2553 5887 2577 5927 ί
2606 5894 2742 5942 Savil.
2768 5892 2932 5946 habet,
2953 5887 3136 5937 tumuli.
3160 5893 3278 5949 Tres
3297 5889 3681 5949 uss-aunagmts.

2556 5957 2578 5990 ⁸
2609 5940 2746 6006 savii.
2776 5962 2827 6001 et
2848 5940 3025 6000 abduot
3050 5957 3179 6007 ω..
3202 5942 3267 5995 ibi
3288 5940 3466 5990 habuit.
