4506 6716
347 577 457 633 259

351 700 541 754 verat,
582 688 718 745 duro
764 689 1021 761 supplicio
1069 685 1420 758 plectebatur.
1466 682 1590 739 llaec
1629 684 1847 753 cogita,
1891 689 1948 733 et

350 784 529 853 ignem
562 781 707 837 illum
735 783 1014 838 conferens
1037 793 1160 833 cum
1199 790 1300 841 eo,
1340 789 1447 844 quo
1480 789 1621 829 nunc
1648 774 1904 828 detinens
1929 811 1942 834 .

350 872 699 941 cupiditatum
726 872 993 933 incendio,
1017 867 1234 923 tandem
1258 880 1287 920 a
1310 867 1521 922 fornace
1542 868 1632 922 illa
1658 876 1709 921 te
1730 866 1939 935 expedi.

353 961 486 1016 Nam
513 965 598 1034 qui
629 963 766 1017 hanc
797 962 885 1015 hic
924 958 1092 1029 probe
1135 957 1417 1024 restinxit,
1459 973 1558 1013 nec
1597 958 1746 1012 illam
1784 955 1943 1009 aliam

353 1055 659 1123 experietur
683 1071 697 1107 :
727 1053 771 1106 si
799 1051 918 1119 quis
944 1063 1073 1102 vero
1098 1047 1235 1102 hanc
1256 1062 1359 1102 non
1389 1048 1754 1118 superaverit,
1785 1045 1951 1101 vehe-’

350 1146 587 1200 mentius
610 1144 734 1196 hinc
757 1138 1024 1209 profectus
1049 1138 1101 1192 in
1131 1138 1215 1192 illa
1244 1147 1367 1194 tunc
1393 1139 1737 1194 cruciabitur.
1763 1136 1945 1203 Quan-

349 1244 406 1288 to
433 1245 675 1304 tempore
702 1231 781 1282 vis
816 1228 909 1282 tibi
952 1229 1230 1297 praesentis
1271 1229 1393 1283 vita:
1434 1243 1651 1283 usuram
1690 1225 1945 1281 extendi?

350 1324 615 1393 Equidem
654 1334 762 1373 non
803 1328 930 1388 puto
958 1320 1050 1375 tibi
1087 1321 1204 1390 plus
1232 1320 1611 1391 quinquaginta
1639 1318 1795 1372 annis
1823 1318 1944 1371 vitae

347 1426 668 1483 superesse,
698 1419 755 1464 ut
782 1410 851 1465 ad
884 1420 1176 1465 extremam
1215 1421 1543 1467 senectutem
1585 1409 1806 1472 venias;
1838 1409 1947 1461 imo

349 1521 421 1559 ne
447 1505 549 1558 hoc
580 1500 795 1572 quidem
820 1510 1026 1556 certum
1066 1501 1221 1557 nobis
1249 1512 1331 1558 est
1359 1520 1373 1557 :
1402 1518 1524 1557 nam
1552 1501 1642 1571 qui
1682 1514 1748 1552 ne
1775 1511 1945 1567 usque

348 1596 417 1651 ad
444 1609 723 1665 vesperam
750 1594 819 1649 de
844 1595 949 1649 vita
986 1595 1161 1649 securi
1191 1609 1395 1660 sumus,
1424 1593 1695 1665 quomodo
1726 1599 1803 1645 tot
1830 1589 1946 1645 fore

350 1687 477 1740 vitae
502 1700 670 1739 annos
697 1685 963 1741 afﬁrmare
988 1687 1313 1755 possumus?
1335 1686 1522 1755 Neque
1553 1684 1605 1739 id
1634 1691 1838 1737 tantum
1869 1681 1947 1735 la-

351 1786 449 1843 tet,
480 1777 573 1833 sed
601 1777 760 1833 etiam
787 1776 966 1833 futura
995 1791 1175 1832 rerum
1207 1778 1429 1831 mutatio
1460 1794 1474 1831 :
1508 1790 1751 1847 persazpe
1778 1773 1944 1839 enim,

349 1870 478 1925 licet
504 1872 609 1925 vita
634 1872 690 1925 in
714 1871 932 1941 longum
954 1878 1166 1940 tempus
1188 1870 1530 1939 producatur,
1556 1885 1662 1924 non
1689 1867 1800 1938 pari
1827 1882 1948 1939 gra-

350 1960 425 2015 du
456 1961 751 2031 procedunt
776 1962 1077 2032 voluptates
1105 1977 1118 2014 :
1147 1960 1243 2015 sed
1280 1962 1458 2016 statim
1491 1970 1651 2032 atque
1678 1960 1947 2015 aﬁ‘uerunt

348 2052 680 2109 dilabuntur.
704 2052 899 2108 Verum
923 2068 1020 2124 per
1042 2067 1130 2108 me
1154 2052 1303 2116 licet,
1325 2065 1463 2120 pone
1491 2052 1535 2106 si
1562 2052 1642 2106 vis
1669 2059 1721 2106 te
1750 2059 1825 2105 tot
1849 2065 1946 2105 an-

351 2159 453 2199 nos
482 2144 741 2199 victurum
782 2157 929 2211 esse,
968 2158 1068 2199 nec
1097 2143 1260 2198 ullam
1287 2141 1404 2196 fore
1432 2142 1483 2196 in
1512 2144 1670 2196 rebus
1696 2141 1796 2196 tuis
1824 2157 1943 2194 mu-

352 2236 609 2290 tationem
647 2254 661 2291 :
690 2235 816 2306 quid
857 2236 960 2291 hoc
984 2244 1067 2292 est
1091 2236 1158 2291 ad
1190 2235 1395 2290 inﬁnita
1439 2235 1663 2299 swcula,
1690 2234 1815 2303 quid
1845 2233 1947 2287 hoc

350 2329 420 2383 ad
468 2330 694 2385 acerbos
737 2328 859 2383 illos
917 2337 973 2383 et
1029 2328 1394 2383 intolerabiles
1429 2328 1446 2358 ¹
1495 2326 1799 2381 cruciatus?
1853 2324 1949 2379 llic

348 2420 498 2475 enim
527 2431 633 2474 tam
664 2420 826 2485 bona,
856 2435 1013 2490 quam
1044 2421 1180 2474 mala
1208 2420 1365 2474 ﬁnem
1397 2418 1618 2483 habent,
1653 2416 1948 2488 etquidem

348 2510 735 2575 celerrimum;
769 2509 878 2564 illic
910 2525 1037 2564 vero
1065 2520 1287 2580 utraque
1320 2509 1709 2564 immortalibus
1736 2508 1947 2562 szeculis

349 2612 634 2674 aquantur
662 2620 676 2657 :
708 2618 809 2658 nec
838 2601 941 2656 dici
980 2610 1153 2671 potest
1178 2612 1433 2670 quantum
1470 2601 1719 2656 diﬂ'erant
1745 2615 1775 2655 a
1805 2616 1945 2671 prte-

346 2694 611 2749 sentibus.

423 2784 511 2838 10.
560 2783 705 2854 Ignis
752 2784 939 2854 inferni
975 2801 1075 2838 non
1106 2784 1223 2838 huic
1248 2784 1355 2854 igni
1396 2783 1595 2838 similis.
1637 2812 1708 2822 —
1734 2782 1945 2836 Etenim

348 2889 472 2927 cum
497 2874 672 2944 ignem
700 2875 874 2940 audis,
903 2890 1032 2929 cave
1061 2885 1214 2940 putes
1241 2890 1360 2930 esse
1387 2874 1511 2929 huic
1541 2874 1646 2943 igni
1674 2873 1904 2927 similem
1929 2889 1944 2925 :

354 2968 443 3020 hic
464 2967 605 3020 enim
650 2967 903 3036 quidquid
935 2967 1177 3037 corripit,
1210 2967 1433 3021 devorat
1476 2976 1529 3021 et
1559 2966 1825 3031 absumit;
1860 2964 1949 3019 ille

351 3073 483 3112 vero
510 3074 645 3127 quos
668 3059 836 3112 semel
856 3059 1227 3127 apprehendit,
1255 3066 1512 3127 perpetuo
1538 3058 1822 3121 comburit,
1849 3070 1949 3111 nec

354 3166 589 3220 unquam
620 3149 865 3216 desistit;
899 3150 1124 3220 ideoque
1150 3151 1590 3219 iuexstinguibilis
1615 3151 1826 3205 dicitur.
1855 3151 1944 3205 Si-

352 3240 570 3311 quidem
611 3241 771 3295 etiam
814 3252 1123 3311 peccatores
1149 3250 1357 3310 oportet
1385 3241 1603 3295 induere
1630 3242 1945 3295 immortali-

356 3339 543 3394 tatem,
573 3346 678 3385 non
710 3330 776 3385 ad
819 3332 1099 3395 honorem,
1130 3330 1223 3385 sed
1257 3339 1311 3385 ut
1340 3340 1655 3401 perpetuum
1688 3331 1758 3385 sit
1805 3332 1947 3386 illius

353 3422 604 3492 supplicii
651 3422 944 3476 viaticum:
977 3420 1031 3476 id
1084 3436 1212 3476 vero
1258 3437 1418 3491 quam
1464 3422 1536 3475 sit
1579 3420 1902 3474 horrendum
1929 3463 1945 3487 ,

356 3514 507 3567 nullo
524 3527 773 3582 umquam
792 3522 966 3583 potest
980 3527 1227 3567 sermone
1246 3512 1503 3566 declarari
1520 3529 1532 3575 ;
1550 3512 1644 3566 sed
1662 3528 1689 3563 a
1706 3512 1951 3566 minima-

357 3618 479 3657 rum
507 3618 685 3656 rerum
711 3602 1077 3672 experimento
1099 3611 1311 3657 tenuem
1334 3617 1642 3671 magnarum
1669 3616 1951 3669 possumus

358 3693 724 3762 conjecturam
770 3708 982 3762 capere.
1011 3694 1067 3747 Si
1096 3693 1311 3763 quando
1342 3691 1507 3746 fueris
1536 3693 1587 3746 in
1625 3693 1819 3748 balneo
1864 3693 1947 3747 ni-

361 3784 526 3837 mium
573 3782 976 3847 effervescente,
1011 3793 1136 3838 tunc
1178 3783 1247 3838 de
1295 3782 1537 3853 gehenna
1570 3784 1703 3852 ignis
1731 3784 1901 3854 cogita
1931 3802 1945 3838 :

362 3882 419 3929 et
444 3874 487 3927 si
514 3873 728 3942 quando
756 3873 950 3927 acriori
992 3873 1142 3928 febre
1166 3874 1386 3938 arseris,
1414 3875 1481 3929 ad
1512 3872 1777 3928 ﬂammam
1806 3875 1949 3929 illam

364 3972 599 4019 mentem
627 3962 929 4030 traducito;
961 3973 1016 4019 et
1038 3974 1163 4018 tunc
1188 3965 1389 4033 poteris
1414 3966 1577 4033 probe
1603 3965 1949 4035 distinguere.

367 4053 501 4109 Nam
532 4052 578 4108 si
606 4052 852 4108 balneum
885 4063 941 4108 et
983 4054 1145 4108 febris
1175 4068 1272 4109 nos
1300 4053 1433 4106 adeo
1477 4056 1714 4108 cruciant
1743 4065 1796 4109 et
1823 4071 1953 4108 eun-

369 4147 626 4210 tutbant,
672 4161 791 4199 cum
865 4146 918 4199 in
968 4144 1185 4200 ﬂuvium
1238 4147 1372 4216 ignis
1416 4146 1561 4200 illum
1611 4147 1952 4202 ineiderimus

366 4236 640 4300 ﬂuentem,
678 4248 803 4291 ante
834 4236 1156 4291 horrendum
1206 4236 1332 4290 illud
1366 4237 1617 4299 tribunal,
1646 4252 1751 4307 quo
1777 4238 1954 4292 animo

366 4329 531 4383 futuri
592 4327 841 4383 sumus?
906 4328 1047 4383 Sane
1116 4327 1364 4382 dentibus
1433 4330 1778 4384 stridebimus
1855 4344 1953 4398 0p-

368 4420 539 4489 pressi
570 4420 840 4474 laboribus
863 4428 918 4475 et
946 4420 1292 4474 intolerandis
1330 4420 1673 4485 cruciatibus,
1716 4428 1771 4474 et
1797 4436 1955 4475 nemo

365 4510 641 4578 suppetias
670 4508 843 4567 feret;
875 4510 969 4564 sed
1010 4510 1416 4580 ingemiscemus
1456 4510 1707 4579 graviter,
1740 4509 1951 4563 ﬂamma

369 4600 526 4654 nobis
587 4599 955 4654 vehementius
1016 4601 1279 4665 instante;
1339 4600 1604 4655 neminem
1657 4599 1954 4654 videbimus

368 4700 568 4761 prater
592 4691 917 4747 cruciatuum
948 4699 1247 4758 consortes,
1279 4700 1334 4746 et
1378 4692 1661 4747 immanem
1709 4690 1954 4746 solitudi-

369 4800 516 4838 nem.

446 4874 787 4944 Infernalium
807 4890 1064 4945 poenarum
1085 4874 1373 4943 descriptio.
1395 4904 1465 4914 -—
1482 4875 1612 4942 Quis
1628 4874 1957 4929 cnarraverit

372 4978 610 5021 terrores
654 4983 685 5021 a
734 4967 968 5022 tenebris
1026 4966 1131 5020 illis
1189 4966 1417 5035 injectus
1474 4968 1664 5021 animis
1715 4968 1957 5021 nostris?

368 5058 841 5126 Quemadmodum
871 5058 1010 5112 enim
1064 5058 1198 5126 ignis
1246 5058 1333 5112 ille
1380 5071 1485 5111 non
1534 5060 1830 5122 consumit,
1886 5060 1956 5113 ita

368 5164 547 5218 neque
576 5147 718 5203 lucet
744 5166 758 5201 :
787 5150 1018 5219 alioquin
1047 5165 1151 5205 non
1182 5160 1361 5205 essent
1391 5150 1643 5206 tenebrze.
1674 5150 1961 5206 Perturba-

371 5241 573 5296 tiuucm
604 5240 781 5309 itaque
812 5243 965 5298 nobis
991 5244 1299 5307 itnmissam,
1340 5252 1648 5311 tremorem,
1679 5246 1959 5298 resolutio-

370 5357 534 5408 nem,
579 5351 849 5410 stuporem
878 5382 894 5406 ,
943 5343 1072 5397 illud
1128 5344 1298 5399 solum
1346 5351 1555 5412 tempus
1618 5342 1893 5397 declarare
1937 5344 1958 5374 ³

371 5440 571 5501 potest.
606 5433 767 5488 Multa
793 5432 986 5503 quippe
1017 5435 1122 5489 illic
1151 5436 1403 5504 variaque
1442 5442 1721 5496 tormenta,
1755 5434 1961 5488 crueia-

372 5532 630 5591 tuumque
660 5526 847 5595 ingens
873 5523 1103 5595 procella
1151 5526 1387 5595 undique
1429 5526 1729 5581 immittitur
1758 5525 1811 5579 in
1839 5527 1959 5580 ani-

373 5628 538 5669 mam.
579 5614 733 5681 Quod
784 5618 829 5672 si
873 5617 990 5688 quis
1035 5616 1271 5670 dixerit:
1304 5618 1585 5684 Quomodo
1626 5626 1820 5673 tantam
1854 5621 1959 5673 vim

375 5705 705 5760 cruciatuum
734 5706 873 5763 ferre
914 5709 1082 5779 possit
1108 5707 1304 5775 anima,
1337 5716 1392 5762 et
1417 5708 1639 5765 inﬁnitis
1667 5710 1875 5765 szeculis
1906 5710 1959 5765 in

442 5930 459 5996 ξ
495 5934 702 5996 (mutuor
738 5934 845 5996 Mss.
887 5929 1087 5989 habent,
1110 5936 1350 5996 mlamlos.

438 5993 461 6022 ²
494 5987 632 6041 savii.
667 5997 720 6039 et
749 5991 879 6041 mlh.
906 6005 1033 6042 unus
1059 5987 1260 6058 habent,
1297 5995 1551 6058 perspicue
1574 5995 1849 6051 declarare.

1504 570 1592 624 AD
1630 564 2051 624 THEODORUM
2092 564 2385 620 LAPSUM.
2429 567 2469 619 l.

3536 575 3643 631 290

2054 681 2315 752 supplicio
2359 682 2699 749 perdurare?
2728 684 2771 737 is
2818 686 3012 755 cogitet
3055 700 3115 740 ea
3164 702 3282 756 qua:
3311 687 3365 743 in
3410 689 3507 746 hac
3534 693 3637 745 vita

2051 770 2400 842 contingunt,
2431 773 2697 840 quomodo
2732 776 2933 830 scilicet
2975 776 3125 830 multi
3172 778 3479 833 diuturnum
3520 797 3638 850 gra-

2050 877 2277 933 vemque
2307 862 2550 916 morbum
2597 866 2957 920 toleraverint.
2993 868 3050 922 Si
3080 878 3255 922 autem
3283 880 3512 925 mortem
3538 872 3635 925 ob-

2050 952 2230 1015 ierint,
2262 954 2310 1008 id
2342 953 2535 1007 accidit
2577 970 2679 1008 non
2707 956 2849 1025 quod
2879 958 3053 1012 anima
3082 970 3392 1029 consumpta
3423 964 3512 1026 sit,
3540 962 3635 1015 scil

2048 1047 2190 1116 quod
2231 1063 2427 1117 corpus
2467 1047 2761 1114 defecerit;
2794 1050 2837 1103 si
2870 1065 2977 1104 non
3017 1053 3267 1106 ceSsisset
3297 1053 3448 1120 illud,
3477 1070 3634 1109 num-

2048 1156 2207 1210 quam
2237 1140 2414 1193 anima
2442 1141 2665 1195 cruciari
2695 1142 2961 1197 desiisset.
2994 1142 3169 1209 Quare
3201 1154 3479 1214 postquam
3514 1162 3633 1200 cor-

2050 1246 2148 1301 pus
2177 1232 2279 1285 hoc
2304 1230 2699 1299 incorruptibilc
2728 1243 2781 1287 et
2808 1234 3171 1289 indissolubile
3193 1238 3479 1305 acceperit,
3504 1237 3637 1291 nihil

2049 1323 2303 1392 impediet
2348 1323 2630 1392 quominus
2680 1339 2837 1393 poena
2883 1327 2936 1378 in
2966 1336 3224 1381 :rternum
3271 1327 3632 1397 protrahatur.

2050 1413 2145 1468 Hic
2173 1423 2352 1469 autem
2400 1428 2505 1467 non
2561 1423 2727 1482 potest
2762 1425 3045 1486 utrumque
3073 1418 3227 1471 simul
3270 1419 3583 1489 contingere
3615 1460 3631 1481 .

2049 1507 2383 1562 vehementia
2446 1522 2637 1576 nempe
2708 1509 2953 1578 supplicii
3019 1518 3074 1565 et
3140 1510 3458 1566 diuturnitas
3497 1512 3635 1566 :sed

2050 1597 2273 1653 alterum
2312 1615 2433 1654 cum
2461 1599 2632 1653 altero
2659 1610 2877 1670 pugnat,
2908 1617 2973 1656 eo
3002 1602 3143 1673 quod
3184 1604 3425 1674 corporis
3450 1614 3635 1659 natura

2051 1691 2373 1758 corruptioni
2424 1691 2658 1746 obnoxia
2707 1707 2887 1745 earum
2943 1708 3260 1748 concursum
3306 1712 3411 1750 non
3450 1695 3635 1751 ferat:

2052 1776 2445 1836 immortalitate
2465 1790 2643 1836 autem
2675 1781 3014 1849 snccedente,
3043 1784 3281 1839 solvetur
3299 1786 3413 1839 ha:c
3438 1801 3631 1856 pugna,

2049 1876 2106 1922 et
2150 1884 2338 1938 magna
2389 1885 2507 1924 cum
2554 1872 2807 1926 violentia
2856 1874 2907 1926 in
2956 1885 3211 1928 aeternum
3262 1892 3358 1928 nos
3412 1886 3636 1946 utraque

2051 1961 2191 2015 mala
2232 1962 2504 2016 tenebunt.
2549 1964 2626 2018 Ne
2671 1965 2868 2034 itaque,
2920 1980 2983 2019 ac
3025 1966 3069 2019 si
3115 1968 3441 2021 cruciatuum
3474 1968 3636 2022 velte-

2050 2052 2247 2106 mentia
2274 2053 2507 2106 animam
2539 2066 2769 2109 nostram
2809 2058 3050 2111 consumi
3086 2067 3352 2127 oporteat,
3381 2073 3447 2112 eo
3478 2059 3638 2113 modo

2049 2160 2191 2199 nunc
2216 2144 2390 2200 all'ecti
2426 2145 2594 2199 simus
2624 2164 2637 2199 :
2666 2163 2835 2217 neque
2864 2150 3005 2203 enim
3028 2165 3221 2219 corpus
3245 2158 3371 2205 tunc
3391 2153 3635 2205 consumi

2050 2235 2243 2302 paterit
2269 2245 2327 2289 ut
2354 2235 2405 2289 in
2452 2238 2737 2305 praesenti;
2771 2238 2867 2292 sed
2908 2255 3027 2294 cum
3073 2242 3249 2295 anima
3280 2252 3539 2297 mternum
3581 2244 3634 2297 in

2051 2324 2322 2393 suppliciis
2352 2326 2610 2392 manebit,
2660 2342 2762 2383 nec
2792 2328 2911 2382 ﬁnis
2936 2331 3071 2384 ullus
3101 2331 3221 2384 erit.
3270 2331 3508 2398 Quantas
3536 2332 3635 2402 igi-

2054 2420 2141 2468 tur
2181 2414 2398 2470 delicias
2440 2429 2494 2472 et
2522 2429 2777 2487 quantum
2831 2422 3088 2491 temporis
3118 2422 3223 2476 illis
3251 2423 3526 2492 suppliciis
3558 2425 3636 2478 vis

2052 2510 2397 2577 comparari?
2422 2510 2569 2564 visne
2596 2522 2807 2566 centum
2839 2528 3029 2579 annos,
3061 2523 3152 2569 aut
3175 2515 3338 2585 duplo
3368 2516 3639 2585 amplius?

2051 2596 2188 2663 Quid
2219 2597 2320 2652 hoc
2359 2599 2463 2653 erit
2489 2600 2533 2653 si
2577 2612 2915 2670 comparetur
2951 2618 3073 2656 cum
3124 2605 3336 2658 sacculis
3374 2605 3638 2659 inﬁnitis?

2048 2688 2202 2756 Quod
2243 2690 2385 2744 enim
2415 2699 2499 2744 est
2539 2692 2803 2746 somnium
2834 2693 2989 2748 unius
3017 2693 3121 2749 diei
3168 2695 3234 2748 ad
3280 2703 3443 2750 totam
3473 2696 3635 2750 vitam

2049 2782 2322 2845 collatum,
2353 2783 2405 2836 id
2435 2784 2606 2853 ipsum
2633 2792 2717 2839 est
2757 2800 2932 2839 rerum
2966 2787 3305 2855 prmsentium
3334 2801 3517 2853 usura,
3551 2786 3637 2840 l'u-

2052 2880 2290 2928 turorum
2317 2876 2479 2930 statui
2501 2887 2831 2946 comparata.
2862 2877 2994 2931 Num
3017 2876 3209 2947 aliquis
3234 2886 3337 2945 est,
3363 2878 3453 2948 qui
3475 2892 3638 2934 suave

2052 2967 2316 3021 somnium
2362 2976 2527 3036 optet,
2580 2982 2641 3021 ea
2686 2967 2990 3022 conditione
3019 2977 3077 3022 ut
3123 2984 3218 3038 per
3260 2978 3425 3023 totam
3472 2970 3634 3024 vitam

2050 3059 2357 3113 crucietur?
2384 3060 2565 3127 ecquis
2608 3061 2677 3113 ita
2708 3059 2902 3113 stultus
2944 3070 3046 3121 est,
3079 3068 3137 3114 ut
3165 3060 3231 3113 ad
3277 3060 3437 3114 talem
3476 3062 3637 3115 retri-

2052 3148 2325 3204 butionem
2366 3150 2622 3204 accedat?
2649 3150 2921 3205 Nihildum
2946 3150 3117 3204 dicam
3149 3159 3334 3205 contra
3376 3150 3595 3206 delicias
3619 3191 3635 3216 ,

2051 3253 2150 3293 nec
2195 3250 2389 3308 quanta
2438 3240 2546 3294 illic
2578 3240 2814 3295 resideat
2854 3241 3154 3295 amaritudo
3186 3255 3325 3296 nunc
3350 3242 3587 3311 aperiam

2050 3344 2224 3397 neque
2244 3329 2385 3383 enim
2399 3329 2507 3398 jam
2527 3340 2734 3399 tempus
2750 3339 2833 3386 est
2846 3330 2961 3386 hmo
2972 3331 3373 3397 enarrandi,sed
3391 3346 3509 3385 cum
3526 3331 3637 3400 pri-

2053 3434 2195 3471 mum
2226 3433 2318 3473 eas
2343 3419 2577 3490 eﬁ‘ugere
2606 3419 2865 3489 potueris.
2896 3419 3049 3474 Nunc
3071 3419 3269 3475 etenim
3299 3421 3420 3489 quia
3448 3422 3639 3476 morbo

2054 3509 2148 3563 illo
2189 3509 2465 3575 detineris,
2515 3511 2701 3579 nugari
2749 3510 2843 3564 tibi
2890 3511 3188 3574 videamur,
3234 3512 3281 3566 si
3308 3512 3635 3581 voluptatem

2054 3615 2290 3654 amaram
2332 3604 2571 3656 dicamus
2602 3621 2615 3657 :
2644 3617 2763 3656 cum
2805 3613 2983 3657 autem
3034 3619 3129 3671 per
3172 3602 3267 3657 Dei
3311 3605 3536 3673 gratiam
3570 3606 3637 3659 ab

2053 3690 2369 3759 mgritudine
2398 3692 2649 3747 liberatus
2669 3691 2852 3757 fueris,
2884 3702 3005 3747 tunc
3031 3694 3147 3762 ejus
3168 3694 3437 3749 miseriam
3472 3695 3637 3763 probe

2053 3795 2361 3850 cognosces.
2390 3782 2568 3849 Quare
2608 3784 2674 3836 iis
2698 3782 2750 3836 in
2779 3783 2935 3836 aliam
2981 3784 3433 3853 opportunitatem
3466 3795 3637 3838 trans-

2055 3872 2254 3933 missis.
2307 3872 2407 3927 hoc
2449 3888 2591 3927 nunc
2633 3872 2895 3929 dicemus.
2943 3871 3213 3929 Punamus
3260 3875 3477 3929 delicias
3517 3891 3639 3931 esse

2056 3977 2182 4016 vere
2211 3962 2448 4027 delicias,
2494 3973 2548 4019 et
2588 3963 2911 4034 voluptatem
2941 3980 3064 4019 vere
3101 3966 3448 4034 voluptatem,
3481 3966 3615 4021 nihil

2057 4070 2161 4123 que
2189 4054 2387 4109 habere
2430 4056 2695 4125 ingratum
2725 4057 2806 4111 vel
2832 4057 3094 4126 vituperio
3116 4056 3331 4126 dignum
3362 4074 3375 4110 :
3408 4057 3531 4126 quid
3570 4059 3639 4113 de

2056 4145 2316 4214 supplicio
2362 4146 2628 4200 destinato
2669 4147 2954 4201 dicemus?
2979 4147 3107 4217 quid
3149 4163 3277 4201 vero
3308 4158 3433 4202 tunc
3473 4148 3638 4204 facie-

2057 4253 2198 4303 mus,
2224 4241 2313 4306 qui
2342 4240 2394 4291 in
2420 4239 2670 4309 prrcseuti
2698 4239 2803 4292 vita
2847 4238 2929 4292 his
2955 4238 3106 4307 quasi
3134 4238 3187 4293 in
3217 4238 3403 4293 umbra
3430 4250 3483 4294 et
3512 4240 3615 4293 ima

2060 4330 2181 4400 gine
2238 4332 2387 4398 potiti
2433 4347 2649 4397 sumus,
2691 4347 2751 4385 re
2797 4341 2973 4385 autem
3025 4331 3135 4399 ipsa
3179 4331 3286 4386 illic
3326 4342 3579 4385 aeternum
3616 4334 3634 4364 ¹

2058 4421 2377 4487 supplicium
2427 4422 2632 4475 luemus
2660 4439 2674 4474 :
2708 4420 2864 4489 idque
2902 4434 3023 4474 eum
3055 4419 3368 4474 brevissimo
3399 4430 3639 4490 tempore

2059 4510 2343 4579 prtcdiclos
2383 4512 2649 4563 cruciatus
2697 4509 2965 4578 eﬁ'ugere,
2994 4516 3050 4563 et
3078 4510 3311 4578 reposita
3359 4510 3496 4563 bona
3523 4510 3638 4564 adi~

2060 4602 2188 4672 pisci
2218 4601 2490 4656 licuisset?
2523 4601 2635 4655 lloc
2658 4611 2744 4656 est
2772 4602 2913 4655 enim
2941 4615 3078 4670 opus
3097 4602 3391 4656 clementire
3422 4601 3633 4663 divinm,

2058 4693 2199 4764 quod
2224 4693 2378 4748 nobis
2420 4693 2711 4748 certamina
2738 4708 2843 4748 non
2870 4694 2921 4748 in
2952 4694 3163 4762 longum
3196 4701 3404 4760 tempus
3428 4700 3637 4761 protra-

2062 4787 2278 4852 hantur,
2306 4786 2400 4841 sed
2444 4801 2564 4840 cum
2593 4786 2738 4841 brevi
2769 4796 2823 4841 et
2848 4786 2900 4840 in
2932 4786 3037 4840 ictu
3067 4784 3205 4839 oeuli
3245 4784 3640 4855 (momentauea

2061 4881 2203 4932 enim
2249 4886 2333 4932 est
2375 4890 2612 4947 prmsens
2664 4876 2768 4929 vita
2814 4876 2887 4929 illi
2931 4872 3256 4944 comparata)
3287 4874 3643 4927 decertaveri-

2062 4985 2201 5035 mus,
2234 4968 2452 5022 inﬁnitis
2496 4967 2547 5020 in
2573 4966 2778 5019 sacculis
2814 4980 3173 5031 coronemur;
3202 4964 3361 5035 idque
3392 4974 3517 5019 tunc
3541 4965 3641 5020 da-

2065 5070 2360 5115 nmatorum
2389 5058 2594 5111 animas
2622 5058 2968 5125 excruciabit,
2992 5058 3205 5129 quando
3228 5058 3533 5127 cugitabuut
3558 5073 3639 5124 se,

2062 5170 2181 5208 cum
2210 5161 2388 5222 posset
2418 5168 2512 5222 per
2553 5167 2752 5223 paucos
2797 5152 2925 5206 istos
2968 5152 3081 5206 dics
3109 5152 3284 5206 omnia
3314 5150 3597 5206 emendare
3622 5190 3641 5215 ,

2063 5246 2379 5317 negligentia
2407 5260 2531 5301 usos
2559 5244 2943 5300 immortalibus
2974 5258 3094 5298 sese
3139 5243 3291 5296 malis
3337 5241 3641 5295 tradidisse.

2064 5339 2215 5406 Quod
2239 5354 2304 5394 ne
2334 5340 2613 5408 patiamur,
2643 5348 2941 5405 surgamus,
2965 5334 3137 5388 donec
3169 5345 3372 5402 tempus
3398 5342 3643 5401 accepta-

2065 5430 2192 5495 bile,
2230 5430 2401 5485 donec
2429 5430 2542 5484 dies
2586 5427 2769 5481 salutis
2814 5426 2986 5491 adest,
3019 5426 3185 5481 donec
3225 5426 3303 5476 vis
3332 5439 3518 5492 magna
3564 5433 3638 5477 est

2065 5527 2412 5597 ptenitcntim.
2457 5524 2633 5593 Neque
2674 5522 2816 5574 enim
2863 5520 3110 5588 prmdieta
3158 5515 3330 5571 solum
3370 5516 3504 5570 mala
3549 5529 3644 5568 nox

2067 5623 2301 5693 segniter
2342 5627 2558 5687 agentes
2608 5617 2890 5686 excipient,
2942 5614 3049 5668 imo
3095 5619 3147 5665 et
3190 5610 3291 5662 alia
3339 5608 3440 5662 illis
3480 5607 3647 5662 multo

2069 5714 2330 5784 graviora.
2360 5711 2485 5764 lltcc
2513 5709 2655 5764 enim
2686 5717 2809 5763 sunt
2844 5722 2961 5776 qua:
2992 5706 3040 5758 in
3067 5702 3308 5773 geheuua
3354 5710 3603 5769 parantur
3626 5736 3644 5759 ,

2070 5814 2125 5859 et
2152 5805 2215 5859 iis
2243 5806 2395 5872 longe
2430 5802 2702 5857 acerbiora
2729 5818 2741 5853 :
2764 5813 2793 5851 a
2822 5797 2979 5851 tantis
3009 5805 3184 5849 autem
3212 5792 3469 5847 excidisse
3496 5789 3648 5843 bonis

2138 5998 2156 6030 ι
2190 5987 2347 6047 Savil.,
2371 5994 2602 6038 (utentum
2620 5999 2637 6047 ,'
2656 5996 2751 6035 vox
2768 5983 2913 6034 deest
2932 5983 3196 6031 innuatucr
3223 5981 3318 6019 iis
3350 5981 3477 6016 uutc.
