4506 6714
859 525 954 576 ‘39!

862 646 1067 691 tantum
1091 637 1250 693 infert
1270 638 1489 701 doloris,
1509 638 1834 700 afﬂictiouis,
1860 641 2139 706 angustiae,
2159 648 2215 690 ut
2236 638 2443 690 etiamsi

864 729 1068 782 nullum
1098 730 1238 783 aliud
1282 739 1425 783 esset
1453 731 1771 799 supplicium
1815 732 2181 799 peccatoribus
2208 730 2448 781 destina-

869 829 1017 884 tum,
1066 820 1188 871 illud
1234 820 1405 872 solum
1449 832 1631 889 posset
1678 822 1969 890 graviorem
2023 821 2141 873 aliis
2190 818 2451 888 gchemne

869 910 1187 964 cruciatibus
1235 910 1433 965 inferre
1490 927 1701 981 pinnam
1749 911 2045 977 animmque
2092 910 2449 978 perturbatio-

871 1017 1013 1053 Ilt‘lll.

942 1091 967 1143 1
987 1090 1031 1143 l.
1088 1088 1322 1143 .Eu'rua'
1344 1092 1457 1145 vita!
1475 1092 1707 1161 felicitas.
1732 1119 1803 1129 —-
1830 1090 2019 1144 Animo
2048 1100 2219 1143 tecmn
2266 1098 2451 1157 reputa

871 1181 998 1235 vita:
1044 1183 1181 1235 illius
1209 1194 1403 1235 statum
1446 1192 1500 1235 ct
1528 1182 1924 1247 conditionem,
1955 1192 2210 1251 quantum
2251 1181 2454 1233 scilicet

876 1286 1066 1338 capere
1107 1281 1254 1338 pons
1280 1289 1294 1323 :
1318 1287 1439 1323 nam
1473 1286 1567 1340 pro
1605 1272 1682 1325 rei
1722 1272 1977 1340 dignitate
2025 1271 2169 1324 nullo
2206 1284 2454 1323 sermone

878 1362 1140 1415 declarari
1169 1362 1315 1416 valet
1338 1381 1351 1415 :
1377 1363 1470 1416 sed
1493 1379 1557 1417 cx
1585 1364 1647 1416 iis
1675 1379 1793 1430 qum
1822 1361 2120 1413 audivimus
2140 1401 2153 1423 ,
2182 1362 2331 1427 quasi
2363 1374 2457 1427 per

877 1451 1181 1520 :rnigmata,
1204 1453 1483 1506 obscuram
1513 1451 1793 1519 quamdam
1831 1451 1947 1519 ejus
1977 1451 2051 1502 rei
2094 1450 2454 1518 conjecturam

877 1545 1149 1598 iaciamus.
1199 1546 1428 1613 Aufugit,
1478 1544 1665 1613 inquit,
1697 1543 1864 1607 dolor,
1912 1542 2109 1595 tristitia
2152 1552 2200 1595 et
2246 1542 2457 1610 gemitus

883 1636 1039 1705 (Isai.
1068 1637 1154 1690 55.
1187 1635 1296 1707 10).
1323 1637 1461 1702 Quid
1500 1636 1661 1705 igitur
1705 1651 1768 1690 ea
1796 1636 1899 1688 vita
1937 1634 2140 1688 felicius
2182 1635 2299 1688 est?
2342 1631 2455 1686 Non

878 1734 964 1780 est
1000 1726 1071 1779 ibi
1106 1726 1387 1780 metuenda
1446 1736 1727 1795 paupertas
1776 1734 1832 1780 et
1871 1726 2149 1794 a‘gritudo,
2188 1725 2363 1778 nullus
2390 1724 2460 1777 ibi

878 1816 1044 1880 hedit,
1070 1816 1245 1869 nullus
1264 1816 1496 1880 la‘ditur,
1522 1815 1701 1868 nullus
1730 1814 1901 1868 irritat
1921 1831 2019 1869 nec
2051 1816 2306 1878 irritatur,
2341 1814 2461 1866 nul-

878 1905 965 1959 lus
993 1906 1260 1967 irascitur,
1286 1913 1379 1959 aut
1417 1905 1647 1968 invidet,
1675 1916 1765 1959 aut
1819 1907 2044 1958 absurda
2081 1908 2462 1972 concupiscen-

878 1995 952 2049 tia
994 1995 1311 2060 exardescit,
1370 2010 1528 2049 nemo
1578 1996 1645 2049 de
1689 1994 2106 2048 necessariorum
2161 2004 2460 2047 commeatu

880 2087 1071 2141 anxius
1112 2096 1216 2149 est,
1251 2100 1409 2140 nemo
1444 2100 1605 2153 super
1659 2085 1970 2153 magistratu
2024 2093 2114 2137 aut
2166 2084 2458 2151 principatu

880 2178 1028 2231 dolet
1054 2196 1069 2232 :
1091 2178 1267 2232 omnis
1286 2177 1431 2233 enim
1457 2177 1741 2233 affectuum
1773 2177 2001 2244 procella
2029 2175 2213 2229 sedata
2256 2177 2458 2229 essun-

877 2269 1079 2338 guitur,
1107 2269 1287 2323 omnia
1313 2268 1365 2322 in
1388 2282 1537 2337 pace,
1566 2266 1746 2320 hetitia
1781 2276 1835 2320 et
1859 2265 2050 2334 gaudio
2069 2306 2084 2327 ,
2108 2265 2286 2319 omnia
2319 2276 2464 2318 tran-

880 2360 1043 2430 quilla
1071 2369 1126 2415 et
1150 2374 1355 2423 serena,
1384 2360 1567 2413 omnia
1594 2358 1731 2420 dies,
1758 2357 2029 2426 Splendor,
2068 2357 2157 2410 lux
2192 2375 2205 2410 :
2233 2373 2337 2409 non
2377 2358 2465 2410 lux

881 2449 1162 2514 hodierna,
1199 2449 1294 2504 sed
1331 2450 1434 2502 alia
1467 2458 1612 2503 tanto
1639 2448 1740 2502 hac
1767 2448 2112 2517 splendidior,
2144 2459 2343 2517 quanto
2387 2448 2467 2501 lu-

880 2539 1147 2595 cernalux
1160 2540 1291 2594 diei.
1314 2539 1465 2593 Nulla
1493 2539 1561 2593 ibi
1585 2548 1741 2593 nocte
1770 2554 1941 2605 neque
1961 2538 2181 2591 nubium
2203 2553 2465 2592 concursu

881 2629 1222 2697 obscuratur;
1247 2645 1344 2685 nec
1370 2629 1539 2693 ardet,
1568 2644 1665 2682 nec
1689 2643 1912 2697 corpora
1932 2628 2124 2681 adurit.
2144 2627 2293 2681 Nulla
2317 2629 2461 2681 enim

884 2736 1016 2787 nos,
1069 2737 1241 2792 neque
1287 2736 1511 2791 vespera
1556 2723 1650 2788 ibi,
1685 2738 1793 2776 non
1826 2722 1988 2791 frigus
2017 2738 2116 2777 nec
2137 2731 2329 2787 testas,
2358 2737 2465 2776 non

883 2811 985 2865 alia
1011 2820 1386 2881 tempestatum
1416 2813 1677 2876 mutatio;
1718 2812 1810 2865 sed
1840 2813 1975 2867 alius
2011 2812 2162 2866 adest
2196 2820 2367 2866 status
2392 2820 2470 2864 ta-

883 2900 1081 2972 lisque,
1101 2902 1313 2972 qualem
1337 2902 1372 2956 ii
1399 2902 1569 2957 solum
1591 2902 1901 2970 intelligent,
1920 2902 2008 2971 qui
2030 2900 2205 2970 adepti
2233 2901 2467 2966 fuerint;

888 3005 994 3046 son
1022 2991 1129 3047 illic
1169 3000 1449 3057 senectus,
1480 3007 1578 3047 nec
1628 2993 1917 3046 senectutis
1969 2991 2325 3055 incommoda,
2371 2990 2468 3045 sed

888 3083 1087 3147 omnia,
1111 3097 1230 3152 qua:
1252 3083 1317 3136 ad
1338 3083 1731 3151 corruptionem
1757 3091 2032 3151 spectant,
2071 3081 2141 3137 de
2170 3081 2345 3135 medio
2369 3081 2469 3134 tol-

887 3172 1088 3237 l'mtur,
1116 3172 1239 3242 quia
1265 3171 1680 3242 incorruptibilis
1706 3171 1874 3241 gloria
1901 3171 2094 3240 ubique
2144 3170 2468 3224 dominatur.

886 3263 1148 3335 Quodque
1200 3264 1437 3319 omnium
1476 3264 1733 3332 optimum
1788 3273 1908 3329 est,
1964 3262 2158 3318 Christi
2202 3263 2471 3317 consortio

888 3356 1129 3409 fruentur
1155 3369 1274 3409 cum
1300 3354 1523 3424 angelis,
1553 3369 1675 3409 cum
1696 3351 2049 3424 archangelis,
2072 3367 2192 3405 cum
2219 3351 2468 3421 superio-

891 3445 1039 3500 ribus
1063 3445 1431 3514 potestatibus.
1474 3443 1847 3512 Contcmplare
1878 3457 2021 3497 nunc
2056 3442 2264 3506 czelum,
2284 3450 2339 3495 et
2383 3455 2469 3504 ea,

893 3553 1013 3607 qua:
1054 3552 1214 3607 super
1249 3537 1409 3591 carlos
1445 3544 1588 3600 sunt,
1618 3535 1850 3605 cogitatu
1892 3531 2209 3587 transcende
2241 3546 2257 3583 :
2300 3530 2473 3598 cogita

890 3628 1053 3682 totius
1071 3636 1335 3681 creatura:
1375 3626 1901 3689 transmutationem;
1934 3638 2038 3676 non
2064 3623 2207 3676 enim
2239 3629 2296 3675 ut
2333 3634 2473 3674 nunc

889 3730 974 3776 est
984 3719 1237 3786 manebit,
1249 3717 1342 3772 sed
1357 3719 1522 3772 multo
1533 3716 1809 3787 pulchrior
1822 3718 1922 3770 erit
1937 3724 1990 3771 et
2004 3715 2218 3779 clarior,
2237 3724 2291 3769 et
2306 3728 2474 3784 quan-

892 3831 1006 3876 tum
1035 3819 1253 3890 plumbo
1280 3817 1531 3888 lulgidius
1555 3826 1641 3871 est
1667 3831 1887 3880 aurum,
1918 3820 2121 3867 tantum
2161 3812 2262 3865 hac
2293 3825 2470 3864 rerum

894 3912 1237 3982 prtesentium
1260 3909 1567 3965 conditione
1593 3908 1929 3976 prmstantior
1953 3907 2054 3960 erit
2077 3904 2185 3969 illa,
2213 3900 2473 3972 quemad-

894 4002 1112 4059 modum
1137 4002 1211 4055 ait
1232 4002 1415 4056 beatus
1439 3999 1635 4054 Paulus
1660 4014 1674 4051 :
1709 3997 1842 4064 Quia
1868 4006 1914 4050 et
1949 3996 2061 4065 ipsa
2096 4004 2328 4048 creatura
2354 3992 2475 4044 libe-

892 4092 1088 4147 rabitur
1138 4108 1169 4144 a
1214 4092 1449 4145 servitute
1496 4089 1831 4159 corruptionis
1888 4086 2061 4157 (Rom.
2088 4085 2143 4140 8.
2172 4084 2289 4155 21).
2324 4084 2475 4139 Nunc

896 4183 1063 4248 enim,
1095 4190 1273 4251 utpote
1324 4179 1678 4249 corruptionis
1712 4177 1998 4247 particeps,
2036 4176 2201 4230 multa
2256 4175 2474 4243 patitur,

898 4288 1015 4344 qua:
1039 4272 1250 4343 corpori
1289 4270 1645 4332 conveniunt;
1675 4276 1801 4322 tunc
1827 4280 1955 4320 vero
1980 4265 2063 4319 his
2087 4265 2335 4318 omnibus
2377 4280 2478 4317 ex-

899 4373 1014 4431 uta,
1044 4362 1505 4432 incorruptibilem
1533 4359 1690 4414 nobis
1732 4356 1984 4413 decorem
2011 4356 2304 4411 exhibebit.
2334 4353 2479 4420 Quo-

845 4481 853 4491 -
899 4457 1044 4512 niam
1072 4455 1215 4511 enim
1250 4462 1441 4508 natura
1470 4448 1890 4520 incorruptibilia
1929 4462 2153 4518 corpora
2197 4454 2479 4513 acceptura

897 4556 999 4609 est,
1030 4547 1143 4616 ipsa
1172 4559 1387 4615 quoque
1428 4543 1641 4597 demum
1696 4541 1750 4595 in
1802 4539 1992 4594 melius
2042 4536 2477 4593 commutabitur.

898 4639 1055 4696 Nulla
1083 4648 1209 4691 tunc
1234 4637 1336 4691 erit
1357 4634 1549 4691 seditio
1575 4642 1668 4688 aut
1696 4646 1866 4702 pugna
1898 4646 1912 4683 :
1943 4644 2131 4698 magna
2156 4628 2352 4699 quippe
2380 4625 2483 4680 erit

898 4732 953 4784 in
974 4731 1140 4785 choro
1161 4737 1467 4783 sanctorum
1492 4725 1796 4789 concordia,
1836 4722 2084 4777 omnibus
2105 4735 2317 4788 semper
2340 4720 2483 4773 inter

898 4836 959 4875 se
984 4817 1461 4873 consentientibus.
1482 4815 1599 4869 Non
1627 4814 1735 4868 illic
1772 4812 2017 4866 diabolus
2056 4808 2348 4874 timendus,
2376 4823 2477 4862 non

907 4911 1210 4965 daemonum
1251 4908 1479 4974 insidim,
1518 4922 1623 4961 non
1667 4904 1927 4976 gehennze
1974 4901 2334 4966 comminatio,
2380 4916 2483 4955 non

902 5016 1071 5067 mors,
1098 5016 1269 5071 neque
1296 5000 1528 5052 humana
1565 4998 1699 5062 haec,
1724 5010 1896 5067 neque
1931 4994 2019 5049 illa
2042 4993 2146 5047 alia
2180 4991 2350 5046 multo
2371 5007 2487 5061 gra-

902 5092 1055 5156 vior;
1084 5089 1180 5145 sed
1208 5090 1382 5144 omnis
1415 5086 1780 5157 hujuscemodi
1824 5097 1997 5141 metus
2025 5085 2232 5140 solutus
2266 5090 2372 5138 est.
2412 5083 2491 5137 Ac

902 5183 1043 5236 sicut
1064 5194 1196 5251 puer
1221 5179 1397 5249 regius
1420 5218 1437 5242 ,
1476 5177 1705 5247 primum
1745 5175 1971 5244 simplici
2010 5174 2168 5228 modo
2197 5173 2485 5239 educatur,

908 5274 1187 5328 timoribus
1212 5280 1370 5342 atque
1391 5269 1553 5325 minis
1569 5278 1863 5333 coercetur,
1895 5282 1962 5322 ne
1984 5282 2081 5337 per
2106 5265 2485 5335 indulgentiam

908 5362 1059 5435 pejor
1084 5361 1293 5429 evadat,
1322 5377 1485 5432 seque
1507 5369 1726 5431 paterna
1755 5359 2027 5429 indignum
2049 5354 2237 5410 reddat
2265 5355 2491 5409 haeredi-

910 5464 1048 5519 tate;
1081 5462 1362 5525 postquam
1380 5462 1556 5506 autem
1584 5452 1781 5520 regiam
1803 5451 2109 5520 dignitatem
2140 5447 2362 5518 adeptus
2384 5457 2485 5510 est,

910 5545 996 5601 his
1018 5546 1262 5600 omnibus
1282 5543 1563 5600 COnfestim
1588 5542 1864 5613 depositis,
1896 5555 2124 5611 purpura
2154 5538 2487 5594 diademate-

909 5653 1015 5707 que
1042 5647 1291 5701 ornatus,
1313 5653 1374 5692 ac
1414 5651 1699 5691 numeroso
1735 5634 1984 5690 satellitio
2012 5635 2237 5704 stipatus
2258 5675 2271 5697 ,
2300 5647 2488 5702 magna

910 5747 1031 5787 cum
1060 5731 1304 5786 libertate
1337 5730 1614 5801 prmsidet,
1644 5729 1854 5799 abjecto
1887 5727 1955 5783 ab
1995 5728 2168 5780 anima
2218 5740 2312 5780 sua
2352 5734 2490 5778 statu

912 5824 1002 5878 illo
1032 5823 1216 5880 humili
1252 5833 1412 5894 atque
1454 5822 1709 5887 demisso,
1738 5821 1943 5890 aliaque
1984 5818 2263 5872 substituta
2309 5830 2491 5870 rerum

912 5915 1213 5972 conditione
1249 5933 1263 5969 :
1309 5916 1381 5971 ita
1409 5923 1534 5970 tunc
1574 5913 1845 5984 continget
1874 5910 2073 5968 sanctis
2103 5910 2368 5966 omnibus.
2414 5906 2492 5962 Ne

1564 524 1618 577 S.
1655 524 1934 579 JONNNIS
1971 523 2438 579 CllRYSOSTOllI
2476 526 2789 583 AliClllEl‘.
2830 528 3361 585 CONSTANTINOP.

4024 533 4128 587 209.

2558 648 2709 706 putes
2736 650 2913 692 autem
2944 642 3057 696 lucc
3101 656 3199 695 ceu
3242 637 3467 709 quadam
3497 639 3779 690 verborum
3814 656 4001 711 ponipn
4049 644 4125 710 ja-

2555 731 2706 789 ctari,
2737 730 2802 781 ad
2830 742 3064 784 montem
3098 746 3378 801 pergamus
3398 730 3486 784 ubi
3510 728 3756 781 Christus
3784 735 4125 799 transﬁgura-

2557 832 2640 875 tus
2659 831 2738 875 cst
2759 839 2771 873 :
2799 824 3222 889 contemplemur
3242 824 3387 877 illum
3408 820 3691 891 splendore
3710 832 3901 886 magno
3923 821 4127 889 fulgen-

2559 924 2665 967 tem
2691 955 2706 977 ,
2736 914 2853 965 licet
2874 921 3048 965 tamen
3081 914 3194 981 ipse
3220 931 3327 968 non
3358 925 3525 970 totum
3554 911 3713 965 futuri
3743 910 3922 963 seculi
3954 916 4128 977 splen-

2559 1006 2744 1056 dorem
2773 1002 3087 1057 exhibuerit.
3112 1004 3241 1056 Nam
3258 1007 3398 1072 quod
3420 1002 3855 1072 attemperatione
3878 1003 4127 1068 quadam,

2561 1109 2665 1144 non
2692 1104 2933 1145 accurata
2955 1106 3132 1143 rerum
3162 1092 3635 1156 demonstratione,
3664 1093 3778 1145 talis
3806 1094 4129 1158 apparuerit.

2560 1197 2623 1234 ex
2652 1183 2779 1249 ipsis
2805 1182 3140 1250 evangelista
3169 1182 3345 1233 verbis
3371 1184 3691 1235 ostenditur.
3710 1181 3842 1248 Quid
3870 1181 4007 1233 enim
4028 1181 4133 1229 ait?

2565 1273 2893 1339 licsplcmluit
2922 1276 3049 1327 sicut
3072 1272 3147 1325 sol
3181 1269 3393 1339 (Matth.
3424 1272 3511 1324 17.
3542 1273 3621 1341 9.).
3655 1270 4133 1339 lucorruptibilimu

2560 1372 2739 1416 autem
2772 1379 3056 1431 corporum
3081 1362 3241 1430 gloria
3289 1374 3395 1411 non
3450 1369 3649 1412 tantam
3703 1363 3892 1414 emittit
3939 1361 4131 1416 lucem,

2561 1464 2811 1521 quantam
2857 1468 3051 1521 corpus
3096 1452 3199 1505 hoc
3244 1448 3605 1516 corruptibile,
3631 1466 3801 1517 neque
3830 1451 3986 1503 talem
4023 1456 4134 1501 uta

2561 1543 2874 1596 mortalibus
2900 1544 3071 1596 oculis
3106 1542 3272 1595 videri
3299 1540 3500 1610 possit;
3530 1538 3623 1591 sed
3650 1539 4138 1607 iucorruptibilibus

2564 1644 2618 1687 ct
2638 1632 3023 1687 immortalibus
3049 1633 3218 1686 oculis
3264 1642 3347 1687 est
3389 1643 3522 1698 opus
3557 1627 3623 1680 ad
3654 1628 3769 1695 ejus
3812 1629 4139 1695 contempla-

2567 1727 2787 1781 tionem.
2820 1724 2876 1778 In
2904 1732 3085 1777 monte
3115 1732 3291 1776 autem
3321 1732 3517 1779 tantam
3548 1720 3676 1788 ipsis
3704 1719 3942 1783 aperuit,
3971 1736 4139 1787 quan-

2570 1830 2679 1874 tam
2730 1819 2845 1873 sine
2893 1818 3166 1871 oculorum
3221 1817 3438 1870 laesione
3482 1814 3618 1869 ferre
3657 1820 3901 1881 poterant
3929 1828 3942 1862 :
3967 1827 4139 1880 neque

2569 1923 2744 1966 tamen
2774 1912 3041 1965 sustinere
3065 1917 3369 1979 potuerunt,
3400 1906 3494 1960 sed
3522 1904 3828 1959 ceciderunt
3868 1902 3921 1954 in
3952 1900 4139 1956 facient

2565 2016 2714 2053 suam
2733 2001 2770 2050 '.
2792 1999 2885 2053 Dic
2910 2000 3059 2062 mihi,
3078 2013 3278 2067 qumso,
3304 1998 3349 2051 si
3366 1997 3483 2065 quis
3509 2005 3559 2049 te
3592 1995 3643 2047 in
3664 1994 3837 2046 locum
3856 1990 4139 2059 quemdam

2565 2087 2901 2157 splendidum
2930 2087 3247 2140 ’iuduceret
3272 2127 3287 2147 ,
3314 2086 3403 2137 tibi
3450 2098 3638 2136 omnes
3679 2081 3925 2135 sederent
3965 2079 4142 2131 aure‘s

2568 2179 2737 2233 induti
2768 2178 3025 2244 vestibus,
3057 2178 3189 2230 etin
3218 2176 3394 2229 medio
3435 2182 3577 2228 cmtu
3614 2172 3777 2225 aliutu
3813 2166 4139 2230 ostenderet,

2569 2272 2657 2341 qui
2681 2279 2735 2324 et
2755 2279 2955 2325 vestem
2982 2277 3038 2325 et
3060 2268 3249 2337 capitis
3277 2281 3528 2321 coronam
3553 2263 3772 2317 haberet
3796 2277 3862 2316 ex
3881 2259 4143 2329 lapidibus

2572 2369 2776 2415 tantum
2800 2360 3047 2430 pretiosis
3088 2367 3411 2428 compaclas,
3459 2355 3754 2423 deindeque
3805 2351 4143 2422 polliceretur

2575 2462 2625 2504 te
2663 2452 2716 2505 in
2744 2465 3024 2504 numerum
3051 2449 3211 2518 hujus
3242 2446 3421 2517 pepuli
3456 2445 3841 2514 adscripturum
3868 2457 4019 2503 esse;
4051 2455 4144 2492 an-

2573 2556 2677 2594 non
2698 2540 2905 2609 quidvis
2931 2540 3154 2605 faceres,
3182 2548 3239 2591 ut
3256 2538 3359 2591 tale
3380 2536 3701 2605 promissum
3719 2530 4145 2600 consequerere?

2570 2633 2729 2701 Aperi
2758 2646 2897 2684 nunc
2925 2631 3128 2695 oculos,
3160 2638 3212 2684 et
3232 2630 3359 2682 illud
3385 2629 3589 2695 respice
3611 2626 3891 2686 theatrum,
3920 2637 4024 2675 non
4046 2620 4146 2673 hu-

2567 2721 2803 2790 jusmodi
2831 2721 2958 2774 viris
2982 2719 3412 2790 frequentatum,
3445 2716 3538 2770 sed
3570 2718 3661 2779 iis,
3686 2715 3774 2783 qui
3820 2721 3875 2766 et
3902 2726 4064 2776 auro,
4095 2719 4147 2763 ct

2574 2814 2836 2883 lapidibus
2873 2812 3140 2882 pretiosis,
3173 2819 3228 2864 et
3267 2809 3429 2863 radiis
3457 2807 3736 2869 solaribus,
3765 2813 3821 2858 et
3863 2803 4008 2855 omni
4057 2802 4145 2870 qui

2575 2910 2674 2961 sub
2696 2914 2965 2974 aspectum
2989 2903 3128 2957 cadit
3164 2900 3448 2971 splendore
3466 2941 3481 2963 ,
3509 2898 3663 2966 longe
3686 2896 3953 2965 digniores
3989 2901 4144 2949 sunt:

2574 3012 2681 3052 non
2708 2995 3011 3051 hominibus
3033 2993 3212 3054 modo,
3244 2991 3339 3047 sed
3369 2990 3525 3044 etiam
3556 2988 3619 3042 iis
3639 2988 3726 3056 qui
3747 2984 3987 3039 homines
4016 2984 4149 3035 mul-

2575 3097 2630 3142 to
2675 3088 2849 3156 spatio
2890 3083 3233 3145 antecellunt,
3280 3080 3481 3149 angelis
3528 3091 3739 3146 nempe,
3793 3070 4148 3141 archangelis,

2577 3178 2801 3241 thronis,
2829 3174 3304 3237 dominationibus,
3344 3169 3747 3242 principatibus,
3776 3163 4146 3235 potestatibus.

2579 3268 2657 3321 De
2684 3280 2810 3335 rege
2841 3278 3103 3332 namque,
3131 3262 3303 3331 qualis
3332 3261 3402 3313 sit
3427 3274 3494 3312 ne
3523 3257 3699 3311 dicere
3724 3254 3935 3325 quidem
3964 3268 4150 3322 possu-

2575 3372 2725 3419 mus;
2753 3355 2888 3409 adeo
2908 3366 3208 3408 sermonem
3239 3359 3297 3405 et
3321 3358 3555 3403 mentem
3576 3361 3790 3400 onmem
3815 3343 4150 3411 exceditejus

2581 3446 2941 3518 pulchritudo,
2973 3444 3200 3512 species,
3230 3440 3504 3510 splendor,
3527 3439 3719 3508 gloria,
3752 3434 4151 3504 majestas,ma-

2578 3537 2902 3607 gnil‘icentia.
2938 3534 3109 3587 Totae
3137 3532 3158 3563 ³
3200 3531 3377 3595 bouis,
3411 3530 3496 3583 die
3520 3528 3670 3590 mihi,
3694 3540 3789 3580 nos
3807 3522 4147 3593 privabimus,

2578 3636 2639 3683 ut
2663 3627 2991 3682 declinemus
3017 3623 3190 3691 exigui
3216 3622 3469 3690 temporis
3499 3616 3768 3673 laborem?
3794 3615 3926 3669 Nam
3968 3613 4012 3667 si
4037 3612 4153 3666 mil-

2578 3720 2675 3773 lies
2698 3715 2935 3787 quotidie
2956 3712 3288 3767 moriendum
3319 3720 3483 3774 esset,
3510 3711 3553 3764 si
3586 3708 3826 3778 gehenna
3854 3706 3967 3774 ipsa
3995 3703 4153 3757 susti-

2578 3810 2751 3866 nenda
2775 3809 2931 3873 foret,
2957 3815 3013 3861 ut
3031 3804 3302 3861 Christum
3329 3806 3381 3858 in
3402 3803 3566 3873 gloria
3592 3816 3686 3854 sua
3702 3799 4002 3852 venientem
4026 3810 4154 3849 con-

2579 3902 2936 3970 spiceremus,
2986 3907 3040 3952 et
3085 3904 3390 3951 sanctorum
3443 3893 3610 3947 choro
3649 3899 4151 3943 annumeraremur.

2580 4008 2759 4048 nonne
2809 3991 2988 4045 omnia
3035 3989 3125 4043 illa
3178 3985 3392 4041 ferenda
3438 3978 3809 4039 essent?Audi
3839 3975 3962 4047 quid
4016 3973 4157 4029 dicat

2580 4086 2767 4140 beatus
2789 4084 2975 4138 Petrus
3003 4098 3017 4134 :
3046 4081 3239 4134 Bonum
3258 4088 3330 4131 est
3357 4093 3446 4129 nos
3477 4076 3557 4128 hic
3585 4089 3689 4128 esse
3721 4069 3930 4141 (Matth.
3958 4066 4046 4121 l7.
4077 4066 4153 4131 ὅ).

2583 4174 2734 4243 Quod
2762 4173 2809 4227 si
2850 4172 2942 4226 ille
2981 4171 3205 4226 obscura
3256 4166 3482 4237 quadam
3526 4170 3812 4231 conspecta
3860 4157 4155 4212 futurorum

2586 4264 2836 4333 imagine,
2859 4262 3033 4317 omnia
3060 4262 3237 4315 statim
3266 4258 3448 4328 rejecit
3468 4255 3534 4308 ab
3553 4254 3751 4314 animo,
3778 4249 3847 4303 ob
3881 4247 4098 4300 inditam
4129 4258 4157 4294 a

2587 4360 2675 4413 tali
2697 4356 2901 4411 visione
2931 4353 3255 4422 voluptatem
3277 4347 3431 4418 :quid
3469 4346 3675 4399 dicetur
3702 4339 3911 4410 quando
3935 4338 4044 4405 ipsa
4073 4349 4159 4388 re-

2586 4465 2704 4504 rum
2750 4445 2949 4501 veritas
2999 4442 3192 4504 aderit,
3246 4435 3479 4508 quando,
3507 4432 3704 4502 apertis
3737 4428 3893 4498 regiis
3919 4423 4155 4485 sedibus,

2588 4542 2758 4612 ipsum
2781 4550 2960 4606 regem
2986 4531 3295 4601 conspicere
3320 4524 3521 4589 licebit,
3540 4536 3644 4576 non
3672 4520 3807 4574 ultra
3830 4518 3882 4572 in
3905 4515 4159 4584 aenigma-

2589 4609 2662 4699 te,
2692 4643 2868 4698 neque
2898 4640 2994 4696 per
3023 4621 3317 4693 speculum,
3355 4616 3449 4671 sed
3506 4615 3639 4669 facie
3684 4612 3751 4667 ad
3798 4609 4010 4672 faciem,
4053 4618 4161 4659 non

2591 4728 2727 4780 ultra
2758 4736 2852 4791 per
2880 4718 3057 4780 fidem,
3081 4714 3175 4770 sed
3194 4728 3289 4784 per
3310 4709 3582 4781 speciem?

2664 4787 2985 4869 ηίΑηιὶδδίο
3007 4807 3146 4878 regni
3167 4804 3376 4860 cwlestis
3402 4801 3601 4873 gravior
3618 4796 3818 4851 (sternis
3842 4787 4161 4845 cruciatibus.

2591 4939 2661 4950 -—
2689 4905 2831 4961 Multi
2852 4916 2982 4957 sane
3011 4908 3154 4963 sunt,
3180 4896 3269 4966 qui
3294 4891 3523 4947 absurdo
3546 4888 3746 4960 judicio
3774 4885 3878 4947 usi,
3905 4896 3935 4935 a
3960 4879 4161 4951 gehen-

2594 5016 2659 5054 na
2684 4998 2856 5052 solum
2879 4989 3092 5049 liberari
3137 4993 3420 5059 peroptant
3450 5000 3464 5035 :
3496 4996 3595 5051 ego
3622 4991 3751 5032 vero
3770 4973 4011 5045 gehenna
4040 4969 4168 5023 mulo

2595 5102 2655 5146 te
2676 5088 2979 5160 graviorem
3004 5096 3124 5137 esse
3150 5091 3359 5149 pinnam
3386 5083 3533 5145 puto,
3559 5084 3667 5124 non
3694 5072 4030 5133 assequutum
4049 5074 4169 5115 esse

2597 5153 2820 5254 gloi'iam
2842 5178 3010 5240 illam,
3034 5173 3189 5242 eique
3234 5169 3322 5239 qui
3368 5164 3491 5220 inde
3541 5156 3797 5215 exciderit
3820 5153 4010 5254 opinor
4060 5164 4169 5251 non

2597 5240 2729 5328 adeo
2744 5268 3032 5340 lugendum
3058 5240 3175 5319 esse
3194 5261 3263 5316 de
3295 5258 3555 5329 gehennze
3582 5248 3736 5304 malis
3755 5288 3770 5313 ,
3798 5256 3856 5300 ut
3883 5244 3950 5298 de
3977 5240 4171 5294 amisso

2597 5333 2849 5423 cat-lorum
2902 5372 3067 5428 regno
3108 5355 3240 5408 :bic
3294 5350 3437 5404 enim
3487 5353 3570 5400 est
3618 5341 3883 5398 cruciatus
3936 5333 4170 5388 omnium

2600 5452 2996 5512 acerbissimas.
3037 5447 3190 5503 Nune
3231 5450 3376 5497 certe
3400 5454 3517 5494 cum
3545 5449 3724 5506 regem
3772 5428 4012 5482 videmus
4064 5423 4170 5477 fre-

2598 5547 2781 5621 quenti
2802 5560 2921 5600 cum
2940 5538 3189 5599 satellitio
3209 5535 3405 5605 regiam
3431 5530 3740 5589 adeuntem,
3770 5521 3992 5576 clientes
4016 5519 4132 5587 ejus
4154 5558 4169 5581 ,

2665 5726 2679 5757 ί
2718 5731 2880 5779 Deest,
2904 5731 3059 5774 suam!
3086 5717 3135 5763 in
3156 5726 3253 5781 διΠο
3268 5711 3377 5781 Οοᾴ⁸
3410 5769 3420 5781 .
3464 5777 3555 5781 μή,
3588 5762 3833 5781 __-____J__._
3856 5759 4034 5781 “.1...”

2662 5789 2682 5820 ²
3078 5759 3317 5837 Cod—ilco,
3330 5774 3381 5823 in
3404 5769 3559 5819 locum
3580 5762 3835 5827 quemdam
3852 5759 4172 5823 splendidum.

2603 5851 2799 5904 habent,
2822 5847 2873 5896 iu
2896 5845 3149 5893 theatrum.

2670 5890 2871 5960 i'éliiii.‘
2889 5890 2940 5954 et
2954 5890 3085 5953 unus
3110 5909 3233 5965 post,
3251 5904 3395 5951 tome,
3415 5890 3610 5951 addunt,
3634 5902 3690 5937 ac
3707 5894 3867 5939 tantis.
