4516 6692
269 491 369 547 ’ἰθῑ

275 604 487 671 δεκτος,
531 608 633 675 ἕως
656 612 835 684 ἡμέρα
882 610 1175 679 σωτηρίας,
1204 608 1307 671 ἐως
1343 609 1511 680 πολλὴ
1538 611 1634 682 τῆς
1662 617 1951 683 μετανοίας

276 690 313 761 η
347 690 518 762 ίσχύς.
539 694 671 748 Οὐδὲ
698 697 805 767 γὰρ
824 699 889 750 τὰ
917 696 1181 762 εἰρημένα
1207 692 1367 761 μόνον
1388 694 1536 764 ἡμᾶς
1561 697 1836 764 ἐκδέξεται
1855 702 1950 771 ῥα-

278 772 628 846 θυμήσαντας
654 780 822 841 κακὰ,
855 774 991 830 ἀλλὰ
1025 776 1120 827 καὶ
1148 775 1311 846 ἔτερα
1347 776 1526 850 πολλῷ
1560 780 1766 834 τούτων
1787 782 1950 851 χαλε-

280 857 721 932 πώτερα.Ταῦτα
739 863 837 930 μὲν
856 861 963 929 γὰρ
990 860 1047 911 ἐν
1070 861 1134 928 τῇ
1165 858 1382 932 γεέννῃ,
1408 864 1502 916 καὶ
1534 863 1740 916 τούτων
1767 863 1955 932 πικρό-

276 957 413 1011 τερα
433 959 447 973 ·
482 945 514 1015 ή
546 944 601 995 δέ
649 943 757 995 τῶν
786 940 1007 1008 ἀγαθῶν
1052 941 1369 1008 ἀπόπτωσις
1411 945 1685 1015 τοσαύτην
1710 944 1824 1013 ἔχει
1854 943 1953 1013 τὴν

278 1026 492 1094 ὀδύνην,
505 1023 772 1093 τοσαύτην
809 1023 908 1093 τὴν
934 1023 1109 1093 θλίψιν
1140 1028 1231 1080 καὶ
1260 1028 1360 1099 τὴν
1389 1028 1777 1099 στενοχωρίαν,
1804 1027 1882 1090 ὼς
1904 1028 1953 1079 εί

280 1110 378 1161 καὶ
404 1105 642 1176 μηδεμία
656 1104 897 1175 τιμωρία
921 1109 1034 1170 τοῖς
1060 1109 1293 1164 ἐνταῦθα
1319 1111 1726 1181 ἁμαρτάνουσιν
1752 1110 1950 1175 ἔκειτο,

278 1190 450 1259 αὐτὴν
482 1188 602 1240 καθ’
625 1189 827 1259 ἑαυτήν
856 1190 1087 1261 ἀρκέσαι
1105 1194 1213 1246 τῶν
1243 1194 1301 1246 ἐν
1324 1197 1389 1264 τῇ
1421 1194 1615 1264 γεέννῃ
1632 1194 1954 1264 βασανιστη-

278 1271 413 1340 ρίων
436 1269 756 1341 πικρότερον
777 1272 961 1327 δακεῖν
989 1288 1038 1341 ι,
1065 1277 1158 1329 καὶ
1182 1275 1511 1346 συνταράξαι
1545 1276 1642 1338 τὰς
1680 1275 1953 1345 ἡμετέρας

275 1351 477 1420 ψυχάς.

348 1440 438 1487 ια’.
459 1433 741 1505 Ἐννόησον
752 1440 860 1510 γάρ
876 1456 964 1509 μοι
979 1440 1078 1509 τῆς
1093 1438 1239 1507 ζωῆς
1251 1438 1349 1507 τὴν
1366 1436 1704 1489 κατάστασιν
1716 1436 1951 1506 ἐκείνης,

275 1514 401 1567 καθ’
437 1517 560 1568 ὅσον
582 1520 831 1587 ἐννοῆσαι
859 1520 1085 1574 δυνατόν
1110 1536 1123 1549 ⁸
1175 1519 1312 1586 πρὸς
1340 1516 1449 1589 γὰρ
1476 1519 1575 1589 τὴν
1607 1517 1763 1583 ἀξίαν
1782 1518 1956 1581 οὐδεὶς

273 1600 410 1667 ἡμῖν
440 1600 663 1666 ἀρκέσει
700 1603 875 1671 λόγος·
905 1602 1021 1656 ἀλλ’
1054 1601 1114 1666 ἐξ
1141 1596 1217 1655 ὧν
1245 1600 1518 1671 ἀκούομεν
1547 1600 1736 1673 ῶσπερ
1759 1600 1849 1654 διά
1884 1618 1959 1653 τι-

277 1698 385 1733 νων
408 1684 745 1755 αἰνιγμάτων
760 1684 1019 1753 λάϐωμέν
1034 1699 1156 1736 τινα
1174 1685 1473 1752 φαντασίαν
1500 1683 1671 1753 αὐτῆς
1683 1682 1954 1756 ἀμυδράν.

277 1761 543 1832 Ἀπέδρα,
584 1769 769 1837 φησιν,
812 1765 998 1831 ὀδύνη
1031 1764 1130 1817 καί
1177 1765 1344 1832 λύπη
1380 1768 1477 1821 καί
1503 1768 1859 1835 στεναγμός.
1892 1765 1957 1819 Τί

275 1840 371 1898 οῦν
400 1848 603 1919 ταύτης
639 1846 1051 1918 μακαριώτερον
1065 1848 1262 1915 γένοιτ’
1282 1848 1347 1902 ἀν
1365 1850 1464 1921 τῆς
1483 1849 1627 1921 ζωῆς
1646 1867 1660 1915 ;
1677 1851 1790 1903 Οὐκ
1810 1850 1957 1903 ἐστιν

277 1929 399 1981 ἐκεῖ
420 1933 612 1984 πενίαν
631 1932 803 1984 δεῖσαι
826 1931 923 1984 καὶ
963 1932 1148 1984 νόσον·
1186 1932 1286 1985 οὐκ
1329 1932 1477 1986 ἐστιν
1514 1932 1807 1987 ἀδικοῦντα
1836 1934 1957 1987 οὐδὲ

279 2012 631 2084 ἀδικούμενον
678 2015 824 2077 ίδεῖν,
859 2014 919 2066 οὐ
942 2013 1315 2084 παροξύνοντα
1366 2017 1460 2069 καὶ
1490 2016 1954 2087 παροξυνόμενον,

279 2094 379 2147 οὐκ
410 2096 761 2167 ὀργιζόμενον
780 2136 794 2159 ,
820 2096 881 2148 ού
914 2095 1273 2166 βασκαίνοντα
1293 2139 1307 2162 ,
1336 2098 1438 2150 οὐκ
1471 2097 1738 2168 ἐπιθυμίᾳ
1770 2097 1959 2166 ἀτόπῳ

281 2176 632 2246 φλεγόμενον,
659 2178 759 2247 οὐχ
791 2177 931 2247 ὑπὲρ
968 2180 1067 2249 τῆς
1098 2180 1207 2232 τῶν
1240 2179 1560 2247 ἀναγκαίων
1610 2179 1847 2232 ἀλύοντα
1875 2195 1961 2248 χο-

284 2260 500 2329 ρηγίας,
518 2260 617 2330 οὐχ
629 2261 770 2330 ὑπὲρ
787 2262 962 2331 ἀρχῆς
979 2263 1069 2315 καὶ
1096 2262 1416 2324 δυναστείας
1438 2263 1794 2330 κοπτόμενον·
1813 2262 1962 2312 πᾶσα

282 2341 436 2411 γὰρή
457 2340 593 2412 ζάλη
624 2342 729 2395 τῶν
755 2344 814 2394 ἐν
838 2344 969 2413 ἡμῖν
998 2344 1188 2397 παθῶν
1219 2343 1509 2397 σϐεσθεῖσα
1534 2342 1963 2403 ἀπόλλυται,κα“ι

284 2424 465 2476 πάντα
496 2426 555 2477 ἐν
583 2426 769 2496 εἰρήνῃ
796 2428 891 2480 καὶ
911 2426 1220 2499 εὐφροσύνῃ
1246 2425 1400 2478 ἔσται
1430 2425 1525 2479 καὶ
1553 2426 1696 2495 χαρᾷ
1714 2424 1763 2486 δ,
1786 2423 1965 2476 πάντα

284 2503 436 2558 εὔδια
468 2506 563 2559 καὶ
582 2507 811 2577 γαληνὰ,
836 2508 1012 2561 πάντα
1037 2507 1220 2578 ήμέρα
1238 2507 1331 2559 καὶ
1351 2505 1679 2577 λαμπρότης
1701 2506 1793 2559 καὶ¹
1823 2506 1961 2574 φῶς,

285 2588 403 2655 φῶς
427 2589 488 2641 ού
514 2589 672 2642 τοῦτο
699 2590 760 2643 τὸ
787 2589 883 2642 νῦν
899 2630 914 2652 ,
971 2590 1088 2644 ἀλλ’
1114 2590 1301 2658 ἐτερον
1328 2587 1520 2641 τούτου
1542 2587 1799 2641 τοσοῦτον
1832 2588 1966 2657 λαμ-

288 2671 573 2741 πρότερον,
597 2674 719 2726 ὅσον
753 2672 1029 2742 λυχνιαίου
1083 2670 1244 2723 τοῦτο
1284 2670 1657 2741 φαιδρότερον.
1687 2669 1825 2724 Οὔτε
1856 2670 1964 2739 γάρ

287 2755 405 2805 ἐκεῖ
430 2754 616 2817 νυκτὶ,
662 2754 784 2807 οὔτε
817 2754 1090 2823 συνδρομῇ
1136 2751 1440 2821 κρύπτεται
1474 2763 1497 2790 ο
1566 2753 1745 2820 νεφῶν
1782 2752 1808 2791 ἀ
1835 2770 1848 2783 ·
1902 2753 1963 2805 οὐ

286 2838 433 2889 καίει
454 2839 549 2892 καὶ
572 2839 758 2907 φλέγει
774 2838 844 2891 τά
870 2837 1100 2906 σώματα
1116 2850 1131 2866 ο
1175 2834 1300 2886 οὔτε
1339 2835 1447 2907 γάρ
1474 2835 1591 2900 νὺξ,
1611 2834 1733 2887 οὔτε
1758 2835 1965 2901 ἑσπέρα

287 2920 421 2976 ἐκεῖ,
448 2921 507 2972 οὐ
526 2920 711 2991 κρύος,
733 2920 794 2971 ού
820 2918 1046 2980 θάλπος,
1061 2918 1161 2971 οὐκ
1179 2917 1311 2987 άλλη
1322 2934 1406 2979 τις
1427 2916 1645 2988 τροπῶν
1672 2915 1961 2986 μεταϐολήο

286 3000 403 3055 ἀλλ’
418 3002 579 3071 ἐτέρα
610 3018 695 3064 τις
724 3002 1058 3062 κατάστασις
1087 3000 1331 3070 τοιαύτη,
1363 3000 1429 3069 ἢν
1454 3002 1503 3051 οἱ
1538 2999 1966 3063 καταξιωθέντες

288 3084 522 3137 εἴσονται
558 3084 736 3153 μόνοι·
769 3085 869 3136 οὐκ
905 3083 1021 3135 ἐστι
1052 3084 1228 3153 γῆρας
1261 3083 1395 3143 ἐκεῖ,
1424 3080 1545 3135 οὔτε
1577 3081 1647 3134 τὰ
1677 3082 1771 3133 τοῦ
1803 3092 1826 3119 ο
1861 3081 1964 3150 γή-

289 3183 400 3236 ρως
433 3166 599 3227 κακὰ,
630 3165 766 3219 ἀλλὰ
789 3166 968 3219 πάντα
1001 3164 1243 3218 ἐκποδὼν
1270 3164 1481 3231 γίνεται
1512 3163 1580 3216 τά
1610 3164 1708 3233 τῆς
1739 3162 1963 3233 φθορᾶς,

288 3249 387 3317 τῆς
413 3248 692 3320 ἀφθάρτου
729 3249 888 3320 δόξης
919 3248 1225 3320 κρατούσης
1247 3246 1547 3316 πανταχοῦ.
1581 3246 1654 3298 Τὸ
1687 3246 1744 3299 δέ
1761 3246 1967 3299 τούτων

289 3331 546 3385 ἀπάντων
571 3333 773 3403 μεῖζον,
797 3333 860 3385 τὸ
883 3335 981 3402 τῆς
1002 3332 1141 3401 πρὸς
1166 3331 1259 3383 τὸν
1296 3329 1530 3397 Χριστὸν
1561 3328 1779 3397 ὁμιλίας
1828 3329 1967 3381 ἀπο-

289 3414 473 3466 λαύειν
488 3413 769 3484 διηνεκῶς,
788 3414 927 3484 μετὰ
956 3414 1224 3481 ἀγγέλων,
1263 3411 1403 3483 μετά
1427 3411 1803 3482 ἀρχαγγέλων,
1830 3410 1968 3481 μετὰ

287 3496 400 3547 τῶν
432 3496 689 3566 ἀνωτέρω
726 3497 1027 3567 δυνάμεων.
1062 3497 1165 3549 Ἴδε
1188 3496 1280 3547 τὸν
1300 3495 1528 3566 οὐρανὸν
1574 3494 1691 3557 νῦν,
1722 3496 1814 3547 καὶ
1857 3493 1971 3546 διά-

290 3578 419 3648 ϐηθι
449 3579 527 3649 τῷ
560 3578 804 3649 λογισμῷ
834 3579 969 3650 πρὸς
1008 3576 1026 3616 ι
1063 3578 1133 3631 τὰ
1164 3578 1306 3649 ὺπέρ
1333 3579 1425 3630 τὸν
1453 3577 1701 3648 οὐρανὸν,
1759 3576 1969 3645 λόγισαι

292 3664 390 3732 τῆς
422 3663 650 3725 κτίσεως
706 3662 926 3733 ἁπάσης
980 3662 1071 3715 τὸν
1120 3661 1681 3732 μετασχηματισμόνι
1746 3662 1805 3713 οὐ
1861 3660 1970 3731 γὰρ

291 3744 514 3812 τοιαύτη
534 3747 703 3814 μενεῖ,
722 3744 855 3799 ἀλλά
879 3744 1057 3815 πολλῷ
1075 3745 1308 3799 καλλίων
1326 3744 1479 3797 ἔσται
1500 3745 1593 3797 καὶ
1619 3743 1967 3816 φαιδροτέρα,

293 3828 389 3879 καὶ
412 3829 521 3897 ὅσῳ
552 3827 749 3897 μᾶλλον
781 3827 1044 3897 μολύϐδου
1073 3828 1211 3899 πρὸς
1244 3829 1445 3900 χρυσὸν
1474 3827 1872 3881 ἀποστίλϐοντα
1905 3828 1968 3879 τὸ

296 3912 478 3981 μέσον,
506 3912 758 3964 τοσοῦτον
784 3912 885 3980 τῆς
909 3912 1255 3981 κατασκευῆς
1277 3912 1482 3982 ταύτης
1508 3911 1655 3964 ἐσται
1682 3910 1906 3980 βελτίων
1936 3913 1972 3983 ή

292 3998 440 4058 τότε,
502 3994 685 4058 καθὼς
728 3996 825 4048 καὶ
857 3997 886 4049 6
923 3997 1193 4067 μακάριος
1229 3994 1440 4058 Παῦλός
1476 4012 1659 4064 φησιν’
1723 3995 1844 4047 Ὅτι
1871 3998 1971 4049 καί

292 4079 449 4147 αὑτὴ
479 4081 517 4147 ἡ
546 4080 743 4145 κτίσις
793 4079 1340 4147 ἐλευθερωθήσεται
1391 4078 1512 4133 ἀπὸ
1549 4076 1661 4145 τῆς
1691 4076 1975 4142 δουλείας

292 4163 406 4232 τῆς
434 4162 677 4233 φθορᾶς.
695 4162 811 4217 Νῦν
842 4164 941 4234 μὲν
971 4164 1080 4234 γάρ
1115 4164 1210 4217 ἁτε
1232 4162 1436 4232 φθορᾶς
1459 4160 1779 4231 μετέχουσα,
1804 4160 1975 4214 πολλά

297 4250 496 4319 πάσχει
532 4243 623 4303 οἷα
642 4248 711 4302 τά
735 4248 960 4302 τοιαῦτα
997 4247 1225 4317 σώματα
1266 4246 1497 4315 πάσχειν
1546 4244 1722 4306 είκόςο
1758 4245 1881 4298 τότε
1918 4245 1975 4298 δὲ

293 4333 466 4387 ταῦτα
486 4333 869 4403 ἁποδυσαμένη
900 4332 1097 4393 πάντα,
1122 4330 1400 4401 ἄφθαρτον
1428 4332 1452 4368 ⁸
1480 4331 1617 4399 ήμῖν
1646 4328 1975 4393 ἐπιδείξεται

294 4419 396 4487 τὴν
423 4417 784 4487 εὐπρέπειαν·
816 4415 1003 4486 ἐπειδὴ
1045 4415 1153 4487 γὰρ
1202 4414 1454 4485 ἄφθαρτα
1492 4413 1680 4483 μέλλει
1725 4413 1975 4483 δέχεσθαι

297 4499 548 4570 σώματα,
570 4500 665 4552 καὶ
678 4499 815 4568 αὑτὴ
844 4498 1029 4551 λοιπὸν
1064 4499 1156 4550 ἐπὶ
1189 4498 1251 4550 τὺ
1284 4500 1533 4568 κρεῖττον
1571 4513 1978 4567 μετασχηματι-

296 4582 577 4652 σθήσεται.
608 4580 857 4650 Ούδαμοῦ
891 4581 1012 4633 τότε
1043 4580 1232 4643 στάσις
1260 4580 1358 4633 καὶ
1393 4579 1563 4649 μάχησ
1604 4579 1774 4648 πολλὴ
1810 4578 1974 4649 γάρή

301 4664 586 4736 συμφωνία
609 4663 702 4716 τοῦ
720 4662 882 4733 χοροῦ
909 4663 1019 4716 τῶν
1048 4663 1239 4730 ἁγίων,
1275 4662 1392 4733 [16]
1418 4663 1634 4715 πάντων
1662 4662 1976 4731 όμογνωμο·

295 4747 534 4801 νούντων
575 4746 825 4815 ἀλλήλοις
858 4746 964 4798 ἀεί.
1007 4746 1121 4797 Οὐκ
1152 4745 1300 4797 ἐστιν
1343 4746 1462 4797 ἐκεῖ
1501 4744 1748 4797 διάϐολον
1778 4743 1971 4808 δεῖσαι,

297 4833 395 4885 καὶ
413 4831 682 4902 δαιμόνων
704 4828 1014 4892 ἐπιϐουλὰς,
1032 4829 1093 4881 οὐ
1114 4827 1340 4896 γεέννης
1364 4827 1615 4898 ἀπειλὴν,
1640 4828 1700 4879 οὐ
1724 4825 1973 4892 θάνατον,

296 4914 362 4968 οὐ
394 4915 582 4968 τοῦτον
605 4913 697 4967 τὸν
731 4913 828 4966 νῦν
847 4953 861 4976 ,
920 4912 981 4965 οὐ
1008 4911 1101 4965 τὸν
1140 4909 1322 4980 πολλῷ
1348 4908 1540 4962 τούτου
1594 4907 1975 4979 χαλεπώτερον

297 4998 528 5062 ἐκεῖνον,
560 4996 695 5050 ἀλλά
732 4998 842 5058 πᾶς
864 4997 893 5049 6
915 4994 1156 5058 τοιοῦτος
1180 4992 1398 5047 λέλυται
1430 4991 1615 5059 φόϐος.
1656 4992 1766 5045 Καὶ
1802 4991 1975 5045 καθά-

298 5096 410 5152 περ
447 5081 657 5134 παιδίον
686 5079 965 5150 βασιλικὸν
1010 5078 1275 5149 πρότερον
1305 5078 1362 5128 ἐν
1406 5074 1617 5127 εὐτελεῖ
1644 5074 1977 5149 τρεφόμενον

300 5164 568 5233 σχήματι,
614 5164 709 5215 καὶ
755 5163 861 5215 ὑπὸ
889 5161 1052 5231 φόϐον
1087 5161 1145 5216 ὃν
1178 5160 1273 5214 καὶ
1311 5157 1577 5220 ἀπειλάς,
1627 5156 1769 5210 ὥστε
1808 5158 1883 5227 μὴ
1910 5157 1975 5225 τῇ

300 5244 483 5297 ἀνέσει
518 5245 770 5314 γενέσθαι
797 5248 979 5316 χεῖρον
1000 5247 1096 5298 καὶ
1125 5246 1223 5313 τῆς
1250 5242 1525 5313 πατρικῆς
1542 5239 1763 5305 ἀνάξιον
1781 5240 1979 5310 κληροο

304 5325 517 5393 νομίας,
542 5327 762 5381 ἐπειδάν
778 5327 930 5389 είςτὸ
949 5326 1227 5397 βασιλικὸν
1250 5325 1424 5379 ἐλθεῖν
1444 5325 1470 5362 ιι
1489 5320 1705 5392 ἀξίωμα
1720 5322 1836 5394 δέῃ,
1852 5322 1979 5376 πάν-

367 5440 395 5505 ξ
424 5439 532 5505 pun
549 5456 665 5491 mss.
686 5444 886 5492 δάκνειν.
912 5442 1033 5492 Ibid.
1057 5456 1181 5491 unus
1204 5441 1551 5505 συνταράττειν.

363 5500 396 5572 ξ
421 5500 533 5572 ξθνε
543 5510 611 5572 ,ει
621 5518 745 5553 unus
771 5506 877 5554 cod.
890 5505 1043 5572 πάντα
1054 5505 1210 5572 εἰρήνη
1224 5498 1364 5572 ἐστ-ρι’
1378 5504 1458 5572 καὶ
1472 5498 1732 5572 εὐφροσύνη
1744 5500 1825 5546 καὶ
1836 5498 1974 5572 χαρά.

373 5564 396 5592 ε
422 5561 575 5612 Savil.
598 5571 653 5612 ει
674 5579 802 5615 unus
824 5568 931 5615 cod.
958 5561 1259 5613 καλύπτεται.
1294 5564 1447 5613 Paulo
1471 5567 1581 5624 post
1605 5562 1755 5609 Savil.
1787 5561 1977 5624 κρυμοί,

373 5638 437 5673 ns
461 5624 569 5673 cod.
594 5628 787 5676 κρυμός.
814 5628 987 5676 Morel.
1014 5634 1067 5676 et
1083 5628 1168 5675 alii
1190 5626 1347 5676 κρύος.

302 5638 569 5701 Imus
594 5638 787 5733 ἒρνμος,
815 5638 987 5677 Morel.
1014 5638 1067 5676 ει
1083 5638 1168 5675 am
1190 5641 1347 5735 κρρος.
1964 5685 1975 5695 ι

369 5684 398 5725 «ι
431 5690 513 5735 διο
563 5699 591 5735 e
632 5694 710 5733 ert
749 5688 879 5738 hunc
920 5690 1077 5738 locum
1110 5688 1219 5735 San
1245 5700 1348 5745 ius;
1391 5684 1593 5747 legebat
1643 5681 1874 5747 Monii...
1900 5700 1981 5731 και

306 5749 578 5811 λαμπρότης
602 5749 681 5795 καὶ
704 5749 820 5811 φῶς,
860 5752 941 5797 καὶ
981 5752 1036 5799 οὐ
1079 5746 1279 5796 τοῦτο...
1322 5744 1492 5795 τούτόυ
1533 5744 1833 5811 τοσούτῳηλ.
1867 5747 1981 5792 ὅσον

313 5806 558 5872 λυχνίαίου
578 5826 620 5856 τ.
645 5825 691 5872 φ.
714 5806 828 5857 οὐδὲ
845 5812 1047 5872 γὰρέκεῖ
1070 5811 1166 5867 νὺξ,
1191 5811 1299 5859 οὐδέ
1321 5827 1368 5858 σ.
1397 5826 1472 5873 κρ.
1496 5808 1715 5870 νεφελῶν.
1740 5806 1875 5855 Enn.

381 5874 401 5897 ⁸
428 5873 508 5921 Sic
530 5871 678 5920 Sam.
705 5876 757 5918 el
774 5873 960 5921 aliquot
980 5886 1093 5919 mss.
1121 5871 1219 5920 Alii
1246 5872 1406 5919 καὶτὰ
1426 5868 1529 5918 τοῦ.

383 5883 400 5897 ·
428 5883 508 5921 διε
530 5883 678 5920 sam.
705 5883 757 5918 el
774 5883 837 5919 an
876 5883 960 5919 ιιοι
980 5886 1093 5919 mss.
1121 5883 1219 5920 Am
1246 5883 1325 5919 καί
1346 5887 1406 5919 τα
1426 5888 1529 5918 του.

383 5931 403 5972 ί
434 5935 515 5983 Sic
533 5933 663 5983 bene
681 5885 1041 5995 Savil.%eemt
1061 5934 1191 5995 πρός.
1510 5994 1527 5995 η

379 5997 406 6035 ε
429 5997 580 6046 Savil.
608 6000 660 6043 el
684 6007 810 6043 unus
840 5989 1291 6056 ἄφθαρτον.’Μοιέι.
1317 6002 1369 6044 et
1389 5995 1472 6044 alii
1499 5994 1691 6056 ἄφατον.
1724 5989 1881 6039 Vetus
1905 5990 1981 6038 in-

310 6068 362 6106 “
370 6058 653 6169 ἱβξξῗίξῗί
956 6115 1210 6169 προελθεῖν.

751 6211 1016 6266 unum...
1063 6204 1175 6259 (in.
1229 6180 1449 6257 Xl.\'ll

1498 497 1588 549 All
1629 496 2056 558 TIIEODORUM
2110 498 2413 556 LAPSUM.
2460 501 2491 552 Ι.

2058 632 2126 668 τα
2154 615 2364 686 ἁθρόως
2388 614 2572 667 ἐκεῖνα
2608 612 3129 682 μεταμφιασάμενον
3176 614 3430 684 ἐξαίφνης
3460 615 3596 684 μιτά
3633 616 3731 684 τῆς

2061 698 2392 769 ἀλουργίδος,
2419 697 2513 749 καὶ
2545 694 2639 747 τοῦ
2689 694 3041 765 διαδήματος,
3077 696 3170 749 καὶ
3203 695 3300 749 τοῦ
3349 695 3582 766 πλήθους
3620 699 3732 752 τῶν

2057 780 2391 852 δορυφόρων,
2430 776 2571 848 μετὰ
2602 775 2803 846 πολλῆς
2826 778 3167 847 προκάθηται
3188 778 3288 848 τῆς
3311 779 3641 849 παρρησίας,
3664 782 3731 832 τὰ

2056 861 2289 915 ταπεινὰ
2336 861 2429 914 καὶ
2467 858 2688 931 κατηφῆ
2723 858 2886 929 ῥίψας
2916 861 2931 900 ί
2967 860 3075 912 ἀπὸ
3109 861 3207 929 τῆς
3228 861 3426 931 ψυχῆς,
3452 862 3548 913 καὶ
3572 862 3732 933 ἔτερα

2057 944 2171 997 ἀντ’
2192 944 2415 998 ἐκείνων
2430 942 2631 996 λαϐὼν*
2651 941 2795 995 οὓτω
2810 942 2906 996 καὶ
2924 943 3045 996 τότε
3063 942 3401 1013 συμϐήσεται
3418 947 3533 1008 τοῖς
3556 944 3732 1014 ἁγίοις

2058 1028 2212 1080 πᾶσι.
2238 1028 2351 1080 Kal.
2380 1028 2462 1079 ὅτι
2487 1027 2548 1078 ού
2573 1026 2867 1095 κόμποςτά
2892 1028 3136 1098 ῥήματα,
3167 1025 3527 1098 πορευθῶμεν
3549 1026 3644 1079 ἐπὶ
3674 1028 3732 1077 τὸ

2055 1110 2181 1180 ὅρος
2212 1108 2290 1178 τῷ
2328 1108 2493 1178 λόγῳ,
2527 1108 2658 1161 ἔνθα
2686 1110 3078 1181 μετεμορφώθη
3114 1108 3375 1180 Χριστός·
3411 1107 3608 1178 ἴδωμεν
3632 1109 3732 1161 αύ-

2054 1192 2147 1245 τὸν
2172 1190 2459 1260 λάμποντα
2483 1188 2672 1263 ὥσπερ
2695 1189 2934 1260 ἔλαμψε·
2958 1192 3135 1243 καίτοι
3160 1209 3222 1259 γε
3246 1192 3367 1245 οὐδέ
3387 1191 3531 1244 οὕτω
3554 1194 3733 1244 πᾶσαν

2056 1276 2186 1346 ἡμῖν
2206 1274 2406 1340 ἐδειξεὶ
2439 1275 2537 1346 τήν
2564 1274 2657 1327 τοῦ
2679 1273 2960 1345 μέλλοντος
2986 1272 3181 1335 αἰῶνος
3200 1274 3581 1343 λαμπρότητα.
3612 1273 3733 1326 Ὀτι

2054 1358 2162 1429 γὰρ
2190 1358 2599 1427 συγκατάϐασις
2620 1358 2682 1411 τὸ
2715 1358 3038 1427 φαινόμενον
3067 1353 3158 1429 ἦν,
3183 1357 3296 1409 ἀλλ’
3330 1359 3429 1410 οὐκ
3478 1356 3734 1421 ἐπίδειξις

2054 1441 2147 1494 τοῦ
2175 1442 2499 1512 πράγματος
2533 1441 2785 1511 ἀκριϐὴς,
2809 1442 2902 1494 ἀπ’
2936 1442 3117 1494 αὐτῶν
3150 1442 3309 1512 δῆλον
3340 1442 3448 1493 τῶν
3472 1442 3735 1512 ῥημάτων

2055 1525 2150 1576 τοῦ
2172 1524 2586 1592 εὐαγγελιστοῦ.
2606 1524 2670 1576 Τί
2695 1525 2803 1594 γάρ
2834 1541 2998 1594 φησιν
3016 1542 3031 1589 ;
3052 1527 3361 1594 Ἔλαμψεν
3385 1526 3513 1591 ὠςό
3536 1526 3729 1592 ἥλιος.

2069 1606 2133 1657 Ἦ
2158 1606 2216 1658 δὲ
2238 1606 2347 1659 τῶν
2373 1606 2667 1677 ἀφθάρτων
2702 1607 2969 1677 σωμάτων
3000 1606 3128 1672 δόξα
3166 1610 3227 1660 οὐ
3256 1608 3509 1660 τοσοῦτον
3539 1609 3735 1679 ἀφίησι

2059 1688 2120 1741 τὸ
2147 1689 2283 1757 φῶς,
2328 1690 2452 1743 ὅσον
2482 1690 2638 1742 τοῦτο
2664 1690 2724 1743 τὸ
2752 1690 2911 1761 σῶμα
2945 1690 3005 1743 τὸ
3040 1690 3300 1760 φθαρτὸν,
3338 1692 3459 1744 οὐδὲ
3493 1692 3733 1745 τοιοῦτον

2058 1766 2168 1825 οἷον
2196 1772 2291 1826 καὶ
2326 1772 2542 1843 θνητοῖς
2565 1772 2771 1842 δμμασι
2793 1772 3047 1839 γενέσθαι
3068 1773 3334 1843 χωρητὸν,
3354 1772 3491 1825 ἀλλὰ
3525 1771 3735 1841 ἀφθάρ-

2057 1873 2164 1909 των
2197 1856 2293 1911 καὶ
2331 1854 2615 1909 ἀθανάτων
2657 1854 2910 1925 δεόμενον
2938 1854 3231 1923 ὀφθαλμῶν
3279 1855 3414 1925 πρὸς
3452 1855 3553 1925 τὴν
3607 1853 3735 1906 θέαν

2058 1938 2245 1993 αὑτοῦ.
2275 1938 2409 1991 Τότε
2441 1938 2498 1991 δέ
2522 1938 2618 1990 ἐπὶ⁵
2646 1936 2741 1989 τοῦ
2773 1937 2936 2009 δρους
2960 1936 3214 1989 τοσοῦτον
3244 1938 3425 2000 αὐτοῖς
3455 1935 3736 1990 ἀπεκάλυ-

2058 2022 2180 2091 ψεν,
2208 2022 2334 2073 ὅσον
2385 2021 2513 2073 ίδείν
2533 2020 2755 2074 δυνατὸν
2801 2016 2900 2090 ἧν,
2932 2020 3026 2072 καὶ
3059 2020 3133 2090 μὴ
3160 2018 3361 2088 βλάψαι
3406 2020 3432 2057 ι
3488 2018 3588 2081 τὰς
3624 2018 3737 2070 τῶν

2060 2102 2311 2173 ὁρώντων
2338 2102 2631 2171 δψειςοκαὶ
2656 2102 2777 2155 ούδέ
2798 2102 2973 2166 οὕτως
3000 2104 3258 2173 ἤνεγκαν,
3287 2102 3403 2154 ἀλλ’
3424 2101 3620 2154 ἔπεσον
3646 2102 3739 2153 ἐπὶ

2063 2185 2351 2255 πρόσωπον
2375 2185 2576 2239 αὐτῶν.
2602 2185 2738 2237 Είπέ
2773 2203 2883 2256 μοι,
2922 2186 3068 2248 είτίς
3090 2202 3149 2237 σε
3183 2188 3260 2247 είς
3274 2186 3437 2238 τόπον
3465 2184 3588 2237 τινά
3615 2202 3739 2253 φαιο

2062 2266 2188 2337 δρὸν
2223 2268 2450 2336 ἤγαγεν,
2508 2268 2635 2320 ἔνθα
2667 2267 2866 2331 πάντες
2902 2268 3168 2339 ἐκάθηντο
3194 2270 3401 2338 χρυσᾶς
3440 2267 3740 2337 ἀναϐεϐλη-

2069 2348 2221 2417 μένοι
2250 2350 2463 2415 στολάς,
2489 2351 2585 2403 καὶ
2608 2352 2665 2402 ἐν
2691 2350 2932 2421 μέσῳτῷ
2963 2351 3156 2421 πλήθει
3184 2351 3371 2421 ἐτερόν
3388 2368 3511 2404 τινα
3534 2350 3740 2402 ἐπέδει-

2066 2432 2155 2498 ξεν
2183 2434 2291 2485 ἀπὸ
2320 2434 2484 2487 λίθων
2513 2435 2710 2505 τιμίων
2740 2435 2901 2505 μόνον
2938 2434 3126 2489 καὶτὰ
3157 2436 3349 2504 ἱμάτια
3378 2435 3472 2487 καὶ
3502 2436 3592 2486 τὸν
3620 2434 3741 2486 στέ-

2067 2533 2233 2584 φανον
2259 2517 2452 2586 έχοντα
2481 2518 2574 2571 τὸν
2609 2518 2703 2570 ἐπὶ
2732 2521 2831 2589 τῆς
2846 2518 3114 2588 κεφαλῆς,
3146 2515 3267 2571 εἶτά
3292 2534 3351 2569 σε
3376 2518 3743 2588 ἐπηγγείλατο

2065 2604 2145 2666 είς
2167 2604 2372 2657 ἐκεῖνον
2388 2602 2688 2668 κατατάξαι
2710 2602 2801 2655 τὸν
2826 2604 3016 2673 δῆμον,
3039 2599 3127 2674 ἀρ’
3154 2603 3252 2655 οὐκ
3270 2602 3335 2656 ἂν
3361 2603 3536 2655 πάντα
3568 2600 3742 2670 ἐπρα-

2067 2684 2181 2749 ξας,
2206 2687 2349 2740 ὥστε
2387 2687 2487 2756 τῆς
2516 2686 2848 2754 ἐπαγγελίας
2876 2688 3080 2751 ταύτης
3123 2689 3342 2755 τυχεῖν;
3379 2685 3742 2737 Ἀναπέτασον

2064 2766 2158 2823 οῦν
2182 2770 2277 2823 καὶ
2309 2769 2405 2823 νῦν
2424 2768 2501 2840 τῷ
2522 2768 2597 2840 νῷ
2622 2770 2746 2833 τοὺς
2771 2768 3100 2838 ὀφθαλμοὺς,
3128 2770 3219 2823 καὶ
3242 2769 3434 2839 βλέψον
3454 2770 3532 2829 εἰς
3570 2768 3744 2818 ἐκεῖνο

2066 2853 2126 2904 τὸ
2170 2852 2417 2925 θέατρον,
2444 2854 2543 2906 οὐκ
2564 2852 2673 2906 ἀπὸ
2690 2853 2799 2906 τῶν
2828 2854 3085 2906 τοιούτων
3130 2853 3485 2922 συγκείμενον
3512 2850 3742 2921 ἀνδρῶν.

2068 2934 2182 2990 ἀλλ’
2214 2936 2306 2988 ἀπ’
2330 2936 2579 3001 ἐκείνων,
2613 2934 2664 2987 οἳ
2693 2936 2788 2987 καὶ
2816 2934 2910 2988 τοῦ
2940 2934 3163 3005 χρυσοῦ,
3199 2935 3294 2987 καὶ
3323 2933 3433 2986 τῶν
3458 2932 3621 2985 λίθων
3638 2932 3745 2984 τῶν

2066 3020 2287 3089 τιμίων,
2338 3020 2434 3073 καὶ
2463 3018 2571 3072 τῶν
2606 3018 2843 3072 ἀκτίνων
2873 3018 2981 3070 τῶν
3011 3017 3272 3087 ἡλιακῶν,
3301 3018 3394 3069 καὶ
3433 3016 3612 3085 πάσης
3646 3015 3745 3085 τῆς

2066 3102 2352 3172 ὁρωμένης
2393 3101 2747 3173 φαιδρότητός
2790 3102 2895 3154 εἱσι
2927 3100 3265 3171 τιμιώτεροι,
3310 3101 3405 3153 καὶ
3442 3099 3544 3151 οὐκ
3569 3098 3628 3164 ἐξ
3649 3101 3746 3153 ἁν-

2069 3184 2305 3255 θρὼπων
2337 3185 2395 3238 δὲ
2430 3186 2614 3255 μόνον,
2642 3184 2778 3237 ἀλλά
2812 3185 2905 3238 καὶ
2920 3183 3027 3236 ἀπὸ
3052 3185 3161 3237 τῶν
3184 3185 3365 3255 πολλῷ
3395 3184 3411 3222 ι
3440 3184 3645 3236 τούτων
3668 3199 3748 3235 τι⁶

2072 3269 2377 3341 μιωτέρων,
2398 3267 2669 3336 ἀγγέλων,
2718 3266 3098 3338 ἀρχαγγέλων,
3125 3266 3349 3337 θρόνων,
3383 3266 3746 3337 κυριοτήτων,

2069 3351 2274 3423 ἀρχῶν,
2309 3349 2587 3414 ἐξουσιῶν.
2612 3349 2751 3421 Περὶ
2784 3350 2893 3421 γάρ
2911 3349 3007 3403 τοῦ
3030 3350 3294 3420 βασιλέως
3318 3350 3439 3402 οὐδὲ
3469 3350 3643 3401 εἰπεῖν
3666 3347 3747 3401 ἔνι

2070 3430 2181 3497 οἷός
2198 3436 2345 3486 ἐστιν
2366 3448 2380 3461 ·
2406 3430 2579 3495 οὕτως
2606 3431 2822 3485 ἅπαντα
2846 3432 3003 3499 λόγον
3043 3432 3139 3486 καὶ
3174 3432 3298 3485 νοῦν
3319 3434 3496 3484 ἐκεῖνο
3528 3429 3748 3499 διαφεύ-

2071 3534 2158 3583 γει
2192 3516 2252 3568 τὸ
2280 3514 2497 3579 κάλλος,
2528 3516 2563 3584 ή
2591 3514 2882 3585 ὡραιότης,
2916 3517 2950 3584 ή
2982 3514 3326 3586 λαμπρότης,
3362 3516 3395 3584 ή
3417 3514 3566 3579 δόξα.
3596 3516 3629 3583 ή
3653 3529 3749 3582 με·

2070 3598 2378 3667 γαλωσύνη,
2414 3600 2446 3665 ἡ
2482 3596 2949 3667 μεγαλοπρέπεια.
2982 3598 3262 3650 Τοσούτων
3309 3593 3403 3650 οὖν
3455 3596 3675 3664 ἀγαθῶν
3706 3603 3748 3633 υ

2071 3681 2519 3751 ἀποστερήσομεν
2558 3681 2804 3742 ἑαυτοὺς,
2838 3678 2960 3732 είπέ
2998 3695 3108 3748 μοι,
3141 3679 3227 3732 ἵνα
3247 3679 3321 3749 μὴ
3358 3678 3554 3749 μικρὸν
3583 3694 3751 3730 κακο-

2073 3763 2408 3835 παθήσωμεν
2439 3762 2665 3833 χρόνον;
2700 3763 2765 3815 Εἰ
2792 3762 2899 3833 γὰρ
2937 3763 3163 3833 μυρίους
3201 3760 3320 3814 καθ’
3349 3761 3585 3829 ἐκάστην
3620 3760 3751 3829 ἡμέ⁴

2076 3863 2178 3917 ραν
2208 3846 2473 3908 θανάτους
2512 3844 2807 3913 ὑπομένειν
2840 3844 3029 3913 ἐχρῆν,
3058 3844 3105 3895 εί
3146 3844 3256 3912 γὰρ
3285 3843 3383 3912 τὴν
3402 3842 3625 3909 γέενναν
3655 3842 3751 3893 αὐ-

2073 3928 2193 3998 τήν,
2218 3929 2359 3999 ὑπὲρ
2377 3926 2470 3980 τοῦ
2494 3927 2584 3979 τὸν
2610 3926 2841 3997 Χριστὸν
2864 3925 3156 3996 ἐρχόμενον
3189 3925 3314 3977 ἰδεῖν
3344 3926 3403 3975 ἐν
3422 3926 3490 3994 τῇ
3511 3923 3636 3994 δόξῃ
3662 3923 3754 3985 αὖ·

2073 4010 2192 4073 τοῦ,
2210 4010 2306 4063 καὶ¹
2333 4010 2414 4070 είς
2437 4008 2527 4061 τὸν
2542 4008 2654 4061 τῶν
2687 4008 2857 4074 ἁγίων
2878 4007 3250 4076 καταλεγῆναι
3265 4006 3448 4077 χορὸν,
3462 4007 3563 4058 οὐκ
3585 4005 3753 4075 ἐχρῆν

2077 4091 2193 4165 [ιη
2214 4092 2433 4145 ἅπαντα
2450 4091 2741 4161 ὑπομένειν
2756 4091 2969 4155 ἐκεῖνα;
2988 4092 3251 4143 ’Ἄκουσον
3271 4089 3321 4142 τί
3351 4106 3516 4159 φησιν
3537 4089 3565 4141 6
3583 4088 3756 4157 μακά-

2079 4192 2193 4246 ριος
2216 4176 2421 4246 Πέτρος
2438 4190 2452 4204 ·
2472 4176 2673 4228 Καλόν
2690 4173 2863 4227 ἐστιν
2882 4172 3041 4242 ἡμᾶς
3055 4168 3172 4227 ὦδε
3186 4169 3359 4225 εἶναι.
3374 4172 3438 4225 El
3459 4170 3516 4223 δέ
3546 4172 3753 4231 ἐκεῖνος

2077 4261 2111 4312 ἁ
2119 4258 2325 4329 μυδράν
2334 4274 2455 4310 τινα
2466 4256 2572 4309 τῶν
2602 4256 2906 4327 μελλόντων
2924 4258 3105 4309 είκόνα
3123 4255 3269 4318 ἰδὼν,
3288 4255 3466 4309 πάντα
3494 4253 3754 4322 ἐξαίφνης

2077 4341 2300 4412 ἔρριψεν
2332 4340 2441 4391 ἀπὸ
2474 4340 2573 4410 τῆς
2600 4339 2780 4409 ψυχῆς
2812 4338 2899 4392 διά
2929 4340 3027 4409 τὴν
3077 4339 3185 4393 ἀπὸ
3212 4339 3319 4409 τῆς
3337 4337 3512 4407 ὅψεως
3539 4336 3753 4403 ἐκείνης

2075 4423 2272 4495 ἡδονὴν
2298 4420 2465 4475 αὐτοῦ
2497 4422 2805 4475 ἐντεθεῖσαν
2830 4424 2895 4492 τῇ
2923 4423 3097 4493 ψυχῇο
3119 4422 3173 4475 τί
3218 4422 3285 4475 ἀν
3320 4438 3404 4484 τις
3433 4420 3598 4480 είποι,
3624 4418 3754 4471 ὅταν

2078 4507 2218 4573 αὑτὴ
2245 4505 2355 4558 τῶν
2371 4503 2720 4575 πραγμάτων
2748 4506 2781 4573 ὴ
2801 4504 3028 4574 ἀλήθεια
3046 4504 3445 4574 παραγένηται,
3469 4504 3619 4562 ὅταν,
3644 4500 3755 4553 τῶν

2080 4589 2365 4659 βασιλείων
2376 4587 2721 4655 ἀνοιγέντων,
2736 4588 3091 4641 κατοπτεύειν
3113 4588 3207 4658 ἐξῇ
3225 4586 3315 4639 τὸν
3329 4584 3553 4656 βασιλέα
3569 4585 3751 4649 αὑτὸν,

2082 4672 2278 4743 μηκέτι
2300 4673 2359 4725 ἐν
2377 4671 2678 4741 αἰνίγματι,
2706 4670 2841 4741 μηδέ
2864 4669 2931 4722 δι’
2956 4671 3223 4741 ἐσόπτρου
3237 4680 3287 4736 υ,
3308 4669 3445 4724 ἀλλά
3465 4669 3756 4739 πρόσωπον

2080 4755 2218 4827 πρὸς
2242 4754 2551 4824 πρόσωπον,
2590 4752 2788 4823 μηκέτι
2833 4752 2922 4805 διὰ
2956 4753 3211 4814 πίστεως,
3238 4751 3374 4805 ἀλλά
3415 4749 3504 4803 διὰ
3544 4748 3752 4811 είδους;

2153 4838 2241 4892 ιϐ’.
2261 4838 2323 4890 Οί
2355 4836 2451 4906 μὲν
2469 4830 2563 4888 οὖν
2586 4834 2773 4889 πολλοὶ
2796 4835 2901 4888 τῶν
2930 4835 3280 4905 ἀλογωτέρως
3308 4831 3667 4903 διακειμένων
3694 4831 3756 4882 τὸ

2078 4920 2178 4988 τῆς
2209 4918 2430 4988 γεέννης
2449 4916 2829 4986 ἀπαλλαγῆναι
2860 4916 3144 4985 ἀγαπητὸν
3172 4916 3412 4969 τίθενται
3447 4915 3624 4984 μόνον·
3644 4911 3756 4978 ἐγὼ

2077 4999 2135 5052 δέ
2159 5001 2259 5069 τῆς
2272 4999 2499 5068 γεέννης
2526 4998 2707 5068 πολλῷ
2728 4997 3114 5069 χαλεπωτέραν
3137 4997 3357 5050 κόλασιν
3376 4992 3513 5048 εἷναί
3529 5012 3671 5064 φημι
3695 4993 3755 5045 τὸ

2084 5081 2160 5151 μὴ
2191 5079 2449 5149 γενέσθαι
2480 5082 2537 5133 ἐν
2568 5079 2753 5148 ἐκείνῃ
2775 5080 2841 5149 τῇ
2873 5078 3020 5150 δόξῃ,
3052 5078 3248 5131 καὶτὸν
3280 5076 3586 5130 ἐκπεσόντα
3614 5078 3756 5127 ἐκεῖ⁴

2080 5162 2171 5216 θεν
2194 5163 2295 5234 οὐχ
2332 5162 2507 5224 οὕτως
2532 5157 2687 5230 οἶμαι
2711 5160 2821 5213 δεῖν
2847 5161 3064 5214 πενθεῖν
3090 5158 3162 5213 τά
3181 5161 3239 5213 ἐν
3267 5162 3336 5231 τῇ
3360 5158 3555 5229 γεέννῃ
3588 5157 3753 5218 κακὰ,

2078 5247 2153 5309 ὡς
2180 5246 2279 5316 τὴν
2311 5244 2630 5299 ἀπόπτωσιν
2662 5241 2760 5312 τὴν
2786 5244 2850 5295 ἐκ
2882 5243 2990 5295 τῶν
3019 5240 3294 5313 οὐρανῶν·
3325 5240 3484 5292 τοῦτο
3515 5238 3625 5309 γὰρ
3657 5237 3755 5307 μό-

2080 5344 2170 5381 νον
2201 5328 2420 5383 πάντων
2460 5324 2842 5396 χαλεπώτερον
2867 5323 2948 5388 εἱς
2977 5323 3252 5386 κολάσεως
3288 5322 3447 5391 λόγον
3473 5319 3609 5373 ἐστί.
3642 5318 3754 5371 Νῦν

2148 5488 2163 5526 ἰ
2192 5487 2302 5552 Say.
2320 5487 2475 5552 ῥίψαν,
2490 5489 2544 5552 ει
2561 5487 2731 5546 postea
2752 5480 3193 5552 luﬁéynfeferqulo
3212 5479 3272 5527 ad
3281 5478 3483 5552 παιδίον.
3497 5476 3595 5526 Alil
3618 5476 3756 5541 ῥίψας

2081 5557 2135 5600 ει
2145 5540 2442 5597 λαϐών.’Νὸιι
2464 5540 2753 5607 infrequens
2773 5550 2853 5593 est
2872 5540 3482 5607 hujusmgdicommulalio
3493 5540 3751 5601 generum.

2148 5614 2162 5662 ἱ
2195 5612 2348 5660 Savil.
2371 5610 2431 5657 ad
2449 5604 2681 5669 ωσι-δίει
2699 5619 2827 5654 unus
2850 5604 2955 5669 eqd.
2979 5604 3205 5669 ίιπέδειξε.

2148 5677 2174 5712 Ιι
2198 5670 2351 5721 Savil.
2379 5675 2431 5718 et
2455 5662 2586 5718 uno?)
2606 5669 2855 5732 βλαϐῆναι.
2880 5667 3033 5732 Egilio
3053 5672 3180 5732 posg
3191 5664 3387 5726 quidam
3416 5674 3531 5732 ms}.
3551 5662 3755 5732 ῥπεσᾳγ.

2082 5734 2204 5785 Ibid.
2230 5734 2387 5782 αὐτῶν
2407 5733 2551 5779 deest
2570 5724 2621 5779 iii
2641 5724 2875 5777 uno'cod.
2904 5728 3027 5776 Ibid.
3053 5724 3283 5776 Savil.‘et
3305 5737 3431 5773 unus
3460 5724 3562 5772 εἰπέ
3587 5737 3666 5785 μοι
3685 5724 3755 5779 δὲ,

2083 5800 2123 5846 εῐ
2148 5795 2604 5861 τίςσεξῖςρέατροκ
2623 5791 3197 5861 ἤγαγεννειοξισήγαγεν-
3294 5854 3303 5861 ,
3498 5846 3551 5861 η

2153 5859 2167 5897 ι
2196 5849 2279 5907 Sic
2305 5849 2458 5906 Sairil.
2484 5849 2538 5903 ei
2571 5849 2707 5905 Colb.
2730 5849 2875 5900 imus.
2906 5849 3078 5900 Morel.
3109 5849 3227 5900 Vero
3259 5854 3311 5897 et
3331 5849 3415 5896 alii
3433 5849 3570 5893 πολύ.

2144 5930 2181 5953 ⁵³
2200 5904 2365 5970 ‘Siivil.
2384 5904 2444 5966 vel
2486 5904 2615 5965 unus
2639 5921 2747 5976 post
2779 5914 2965 5974 ἀγαθῶν
2990 5914 3176 5976 adglan
3192 5913 3273 5960 καὶ
3304 5910 3615 5976 τηλικούτωνΖ
3638 5904 3753 5976 .MOI

2084 5983 2235 6033 Savil.
2262 5988 2315 6029 ει
2336 5969 2673 6041 (ιυὶόαηιγηιεὲ.
2706 5969 3002 6041 πονέσωμεν,
3028 5974 3201 6041 Morel.
3229 5979 3281 6021 et
3302 5970 3384 6022 alii
3407 5969 3753 6025 κακοπαθήσαν-

2086 6064 2183 6108 μεν.
2213 6037 2368 6091 Pauld
2390 6047 2500 6101 post
2521 6040 2618 6087 duo
2641 6051 2757 6086 mss.
2792 6038 3040 6101 ὑπομένειν
3060 6037 3168 6099 χρή.

2149 6110 2173 6135 ι’
2204 6106 2311 6153 Duo
2332 6116 2445 6151 mss.
2474 6103 2520 6150 ἐν
2541 6102 2775 6159 ἐσόπτρω.

3268 6176 3338 6235 16
