  <div class='ocr_page' id='page_1' title='image "/cluster/home/n/w/nwhite01/storage/ocr_20150623/47/hvd.32044025239690/252.png"; bbox 0 0 4506 6714; ppageno 0'>
   <div class='ocr_carea' id='block_1_1' title="bbox 530 537 633 591">
    <p class='ocr_par' dir='ltr' id='par_1_1' title="bbox 530 537 633 591">
     <span class='ocr_line' id='line_1_1' title="bbox 530 537 633 591; baseline 0.019 -2"><span class='ocrx_word' id='word_1_1' title='bbox 530 537 633 591; x_wconf 69' lang='lat'><strong>293</strong></span> 
     </span>
    </p>
   </div>
   <div class='ocr_carea' id='block_1_2' title="bbox 529 652 2109 734">
    <p class='ocr_par' dir='ltr' id='par_1_2' title="bbox 529 652 2109 734">
     <span class='ocr_line' id='line_1_2' title="bbox 529 652 2109 734; baseline 0.01 -33"><span class='ocrx_word' id='word_1_2' title='bbox 529 652 813 720; x_wconf 75' lang='lat' dir='ltr'><strong>sermonis,</strong></span> <span class='ocrx_word' id='word_1_3' title='bbox 835 657 1044 710; x_wconf 83' lang='lat' dir='ltr'><strong>consilii</strong></span> <span class='ocrx_word' id='word_1_4' title='bbox 1073 666 1127 710; x_wconf 90' lang='lat' dir='ltr'><strong>et</strong></span> <span class='ocrx_word' id='word_1_5' title='bbox 1144 656 1326 725; x_wconf 78' lang='lat' dir='ltr'><strong>gloria:</strong></span> <span class='ocrx_word' id='word_1_6' title='bbox 1350 656 1633 724; x_wconf 73' lang='lat' dir='ltr'><strong>participes</strong></span> <span class='ocrx_word' id='word_1_7' title='bbox 1655 698 1667 722; x_wconf 94' lang='lat'><strong>,</strong></span> <span class='ocrx_word' id='word_1_8' title='bbox 1698 659 1883 718; x_wconf 87' lang='lat' dir='ltr'><strong>beatos</strong></span> <span class='ocrx_word' id='word_1_9' title='bbox 1912 666 2109 734; x_wconf 69' lang='lat' dir='ltr'><strong>prardi-</strong></span> 
     </span>
    </p>
   </div>
   <div class='ocr_carea' id='block_1_3' title="bbox 531 747 2113 817">
    <p class='ocr_par' dir='ltr' id='par_1_3' title="bbox 531 747 2113 817">
     <span class='ocr_line' id='line_1_3' title="bbox 531 747 2113 817; baseline 0.006 -24"><span class='ocrx_word' id='word_1_10' title='bbox 531 758 735 809; x_wconf 76' lang='lat' dir='ltr'><strong>camus,</strong></span> <span class='ocrx_word' id='word_1_11' title='bbox 770 762 971 817; x_wconf 86' lang='lat' dir='ltr'><strong>uosque</strong></span> <span class='ocrx_word' id='word_1_12' title='bbox 1002 749 1247 808; x_wconf 80' lang='lat' dir='ltr'><strong>miSems,</strong></span> <span class='ocrx_word' id='word_1_13' title='bbox 1279 749 1379 799; x_wconf 67' lang='lat' dir='ltr'><strong>etsi</strong></span> <span class='ocrx_word' id='word_1_14' title='bbox 1412 747 1630 804; x_wconf 85' lang='lat' dir='ltr'><strong>infinitis</strong></span> <span class='ocrx_word' id='word_1_15' title='bbox 1674 752 1825 809; x_wconf 82' lang='lat' dir='ltr'><strong>bonis</strong></span> <span class='ocrx_word' id='word_1_16' title='bbox 1875 759 2113 815; x_wconf 81' lang='lat' dir='ltr'><strong>abunde-</strong></span> 
     </span>
    </p>
   </div>
   <div class='ocr_carea' id='block_1_4' title="bbox 534 840 2111 917">
    <p class='ocr_par' dir='ltr' id='par_1_4' title="bbox 534 840 2111 917">
     <span class='ocr_line' id='line_1_4' title="bbox 534 840 2111 917; baseline 0.011 -30"><span class='ocrx_word' id='word_1_17' title='bbox 534 850 672 901; x_wconf 88' lang='lat' dir='ltr'><strong>mus,</strong></span> <span class='ocrx_word' id='word_1_18' title='bbox 698 854 922 908; x_wconf 86' lang='lat' dir='ltr'><strong>quorum</strong></span> <span class='ocrx_word' id='word_1_19' title='bbox 953 852 1168 891; x_wconf 82' lang='lat' dir='ltr'><strong>sensum</strong></span> <span class='ocrx_word' id='word_1_20' title='bbox 1197 851 1301 889; x_wconf 89' lang='lat' dir='ltr'><strong>non</strong></span> <span class='ocrx_word' id='word_1_21' title='bbox 1328 840 1665 909; x_wconf 70' lang='lat' dir='ltr'><strong>percipimus,</strong></span> <span class='ocrx_word' id='word_1_22' title='bbox 1690 861 1872 900; x_wconf 91' lang='lat' dir='ltr'><strong>eorum</strong></span> <span class='ocrx_word' id='word_1_23' title='bbox 1891 848 2111 917; x_wconf 76' lang='lat' dir='ltr'><strong>gloriam</strong></span> 
     </span>
    </p>
   </div>
   <div class='ocr_carea' id='block_1_5' title="bbox 535 926 2113 1007">
    <p class='ocr_par' dir='ltr' id='par_1_5' title="bbox 535 926 2113 1007">
     <span class='ocr_line' id='line_1_5' title="bbox 535 926 2113 1007; baseline 0.011 -29"><span class='ocrx_word' id='word_1_24' title='bbox 535 926 841 994; x_wconf 84' lang='lat' dir='ltr'><strong>intuentes;</strong></span> <span class='ocrx_word' id='word_1_25' title='bbox 875 926 1084 983; x_wconf 87' lang='lat' dir='ltr'><strong>etiamsi</strong></span> <span class='ocrx_word' id='word_1_26' title='bbox 1109 941 1441 995; x_wconf 89' lang='lat' dir='ltr'><strong>compertum</strong></span> <span class='ocrx_word' id='word_1_27' title='bbox 1471 932 1536 985; x_wconf 90' lang='lat' dir='ltr'><strong>sit</strong></span> <span class='ocrx_word' id='word_1_28' title='bbox 1568 934 1737 1000; x_wconf 88' lang='lat' dir='ltr'><strong>nobis,</strong></span> <span class='ocrx_word' id='word_1_29' title='bbox 1772 937 1912 993; x_wconf 86' lang='lat' dir='ltr'><strong>hunc</strong></span> <span class='ocrx_word' id='word_1_30' title='bbox 1932 941 2113 1007; x_wconf 69' lang='grc' dir='ltr'><strong>διειρη-</strong></span> 
     </span>
    </p>
   </div>
   <div class='ocr_carea' id='block_1_6' title="bbox 532 1017 2115 1091">
    <p class='ocr_par' dir='ltr' id='par_1_6' title="bbox 532 1017 2115 1091">
     <span class='ocr_line' id='line_1_6' title="bbox 532 1017 2115 1091; baseline 0.001 -20"><span class='ocrx_word' id='word_1_31' title='bbox 532 1017 721 1073; x_wconf 89' lang='lat' dir='ltr'><strong>dorem</strong></span> <span class='ocrx_word' id='word_1_32' title='bbox 745 1019 985 1071; x_wconf 81' lang='lat' dir='ltr'><strong>fallacem</strong></span> <span class='ocrx_word' id='word_1_33' title='bbox 1017 1031 1137 1070; x_wconf 88' lang='lat' dir='ltr'><strong>esse</strong></span> <span class='ocrx_word' id='word_1_34' title='bbox 1162 1018 1483 1091; x_wconf 84' lang='lat' dir='ltr'><strong>minimeque</strong></span> <span class='ocrx_word' id='word_1_35' title='bbox 1504 1038 1729 1091; x_wconf 85' lang='lat' dir='ltr'><strong>certum,</strong></span> <span class='ocrx_word' id='word_1_36' title='bbox 1765 1038 1876 1082; x_wconf 87' lang='lat' dir='ltr'><strong>tum</strong></span> <span class='ocrx_word' id='word_1_37' title='bbox 1904 1029 1974 1083; x_wconf 78' lang='lat' dir='ltr'><strong>ob</strong></span> <span class='ocrx_word' id='word_1_38' title='bbox 2008 1032 2115 1085; x_wconf 56' lang='lat' dir='ltr'><strong>tm-</strong></span> 
     </span>
    </p>
   </div>
   <div class='ocr_carea' id='block_1_7' title="bbox 537 1106 2116 1188">
    <p class='ocr_par' dir='ltr' id='par_1_7' title="bbox 537 1106 2116 1188">
     <span class='ocr_line' id='line_1_7' title="bbox 537 1106 2116 1188; baseline 0.011 -32"><span class='ocrx_word' id='word_1_39' title='bbox 537 1110 607 1170; x_wconf 74' lang='lat' dir='ltr'><strong>Ia,</strong></span> <span class='ocrx_word' id='word_1_40' title='bbox 638 1120 747 1163; x_wconf 82' lang='lat' dir='ltr'><strong>tum</strong></span> <span class='ocrx_word' id='word_1_41' title='bbox 776 1108 845 1158; x_wconf 87' lang='lat' dir='ltr'><strong>ob</strong></span> <span class='ocrx_word' id='word_1_42' title='bbox 875 1106 1096 1158; x_wconf 83' lang='lat' dir='ltr'><strong>insidias</strong></span> <span class='ocrx_word' id='word_1_43' title='bbox 1122 1107 1512 1182; x_wconf 86' lang='lat' dir='ltr'><strong>invidiamque,</strong></span> <span class='ocrx_word' id='word_1_44' title='bbox 1546 1126 1652 1168; x_wconf 90' lang='lat' dir='ltr'><strong>tum</strong></span> <span class='ocrx_word' id='word_1_45' title='bbox 1673 1120 1854 1183; x_wconf 90' lang='lat' dir='ltr'><strong>etiam,</strong></span> <span class='ocrx_word' id='word_1_46' title='bbox 1879 1120 2021 1188; x_wconf 90' lang='lat' dir='ltr'><strong>quod</strong></span> <span class='ocrx_word' id='word_1_47' title='bbox 2052 1122 2116 1174; x_wconf 90' lang='lat' dir='ltr'><strong>iis</strong></span> 
     </span>
    </p>
   </div>
   <div class='ocr_carea' id='block_1_8' title="bbox 537 1197 2116 1273">
    <p class='ocr_par' dir='ltr' id='par_1_8' title="bbox 537 1197 2116 1273">
     <span class='ocr_line' id='line_1_8' title="bbox 537 1197 2116 1273; baseline 0.006 -21"><span class='ocrx_word' id='word_1_48' title='bbox 537 1200 783 1252; x_wconf 86' lang='lat' dir='ltr'><strong>omnibus</strong></span> <span class='ocrx_word' id='word_1_49' title='bbox 812 1197 1061 1264; x_wconf 77' lang='lat' dir='ltr'><strong>sepositis</strong></span> <span class='ocrx_word' id='word_1_50' title='bbox 1094 1198 1205 1266; x_wconf 74' lang='lat' dir='ltr'><strong>ipse</strong></span> <span class='ocrx_word' id='word_1_51' title='bbox 1236 1215 1330 1269; x_wconf 88' lang='lat' dir='ltr'><strong>per</strong></span> <span class='ocrx_word' id='word_1_52' title='bbox 1376 1221 1435 1257; x_wconf 88' lang='lat' dir='ltr'><strong>se</strong></span> <span class='ocrx_word' id='word_1_53' title='bbox 1494 1222 1586 1273; x_wconf 90' lang='lat' dir='ltr'><strong>pro</strong></span> <span class='ocrx_word' id='word_1_54' title='bbox 1632 1206 1796 1261; x_wconf 82' lang='lat' dir='ltr'><strong>nihilo</strong></span> <span class='ocrx_word' id='word_1_55' title='bbox 1843 1208 2116 1264; x_wconf 87' lang='lat' dir='ltr'><strong>habendus</strong></span> 
     </span>
    </p>
   </div>
   <div class='ocr_carea' id='block_1_9' title="bbox 538 1289 2114 1368">
    <p class='ocr_par' dir='ltr' id='par_1_9' title="bbox 538 1289 2114 1368">
     <span class='ocr_line' id='line_1_9' title="bbox 538 1289 2114 1368; baseline 0.007 -26"><span class='ocrx_word' id='word_1_56' title='bbox 538 1294 624 1344; x_wconf 91' lang='lat' dir='ltr'><strong>sit.</strong></span> <span class='ocrx_word' id='word_1_57' title='bbox 660 1292 733 1341; x_wconf 73' lang='lat' dir='ltr'><strong>Ac</strong></span> <span class='ocrx_word' id='word_1_58' title='bbox 767 1289 852 1341; x_wconf 90' lang='lat' dir='ltr'><strong>ubi</strong></span> <span class='ocrx_word' id='word_1_59' title='bbox 900 1289 1076 1357; x_wconf 82' lang='lat' dir='ltr'><strong>agitur</strong></span> <span class='ocrx_word' id='word_1_60' title='bbox 1116 1292 1181 1346; x_wconf 90' lang='lat' dir='ltr'><strong>de</strong></span> <span class='ocrx_word' id='word_1_61' title='bbox 1233 1292 1375 1364; x_wconf 78' lang='lat' dir='ltr'><strong>Rege</strong></span> <span class='ocrx_word' id='word_1_62' title='bbox 1433 1299 1819 1365; x_wconf 84' lang='lat' dir='ltr'><strong>universorum,</strong></span> <span class='ocrx_word' id='word_1_63' title='bbox 1870 1301 1960 1368; x_wconf 90' lang='lat' dir='ltr'><strong>qui</strong></span> <span class='ocrx_word' id='word_1_64' title='bbox 2012 1316 2114 1353; x_wconf 90' lang='lat' dir='ltr'><strong>non</strong></span> 
     </span>
    </p>
   </div>
   <div class='ocr_carea' id='block_1_10' title="bbox 540 1378 2116 1456">
    <p class='ocr_par' dir='ltr' id='par_1_10' title="bbox 540 1378 2116 1456">
     <span class='ocr_line' id='line_1_10' title="bbox 540 1378 2116 1456; baseline 0.008 -28"><span class='ocrx_word' id='word_1_65' title='bbox 540 1386 765 1446; x_wconf 83' lang='lat' dir='ltr'><strong>partem,</strong></span> <span class='ocrx_word' id='word_1_66' title='bbox 798 1378 890 1430; x_wconf 88' lang='lat' dir='ltr'><strong>sed</strong></span> <span class='ocrx_word' id='word_1_67' title='bbox 916 1393 1104 1449; x_wconf 78' lang='lat' dir='ltr'><strong>gyrum</strong></span> <span class='ocrx_word' id='word_1_68' title='bbox 1154 1390 1317 1436; x_wconf 92' lang='lat' dir='ltr'><strong>totum</strong></span> <span class='ocrx_word' id='word_1_69' title='bbox 1363 1393 1516 1438; x_wconf 65' lang='lat' dir='ltr'><strong>terra:</strong></span> <span class='ocrx_word' id='word_1_70' title='bbox 1570 1386 1823 1452; x_wconf 76' lang='lat' dir='ltr'><strong>possidet,</strong></span> <span class='ocrx_word' id='word_1_71' title='bbox 1874 1388 1981 1439; x_wconf 90' lang='lat' dir='ltr'><strong>imo</strong></span> <span class='ocrx_word' id='word_1_72' title='bbox 2027 1389 2116 1456; x_wconf 90' lang='lat' dir='ltr'><strong>qui</strong></span> 
     </span>
    </p>
   </div>
   <div class='ocr_carea' id='block_1_11' title="bbox 540 1469 2112 1546">
    <p class='ocr_par' dir='ltr' id='par_1_11' title="bbox 540 1469 2112 1546">
     <span class='ocr_line' id='line_1_11' title="bbox 540 1469 2112 1546; baseline 0.006 -24"><span class='ocrx_word' id='word_1_73' title='bbox 540 1478 704 1522; x_wconf 88' lang='lat' dir='ltr'><strong>totam</strong></span> <span class='ocrx_word' id='word_1_74' title='bbox 726 1469 871 1524; x_wconf 86' lang='lat' dir='ltr'><strong>illam</strong></span> <span class='ocrx_word' id='word_1_75' title='bbox 900 1487 1074 1542; x_wconf 90' lang='lat' dir='ltr'><strong>pugno</strong></span> <span class='ocrx_word' id='word_1_76' title='bbox 1092 1476 1460 1544; x_wconf 77' lang='lat' dir='ltr'><strong>complectitur</strong></span> <span class='ocrx_word' id='word_1_77' title='bbox 1480 1518 1495 1542; x_wconf 91' lang='lat'><strong>,</strong></span> <span class='ocrx_word' id='word_1_78' title='bbox 1528 1486 1583 1531; x_wconf 90' lang='lat' dir='ltr'><strong>et</strong></span> <span class='ocrx_word' id='word_1_79' title='bbox 1606 1478 1781 1546; x_wconf 87' lang='lat' dir='ltr'><strong>palmo</strong></span> <span class='ocrx_word' id='word_1_80' title='bbox 1810 1478 1971 1531; x_wconf 69' lang='lat' dir='ltr'><strong>cados</strong></span> <span class='ocrx_word' id='word_1_81' title='bbox 1999 1496 2112 1532; x_wconf 89' lang='lat' dir='ltr'><strong>me-</strong></span> 
     </span>
    </p>
   </div>
   <div class='ocr_carea' id='block_1_12' title="bbox 540 1560 2117 1630">
    <p class='ocr_par' dir='ltr' id='par_1_12' title="bbox 540 1560 2117 1630">
     <span class='ocr_line' id='line_1_12' title="bbox 540 1560 2117 1630; baseline 0.008 -19"><span class='ocrx_word' id='word_1_82' title='bbox 540 1560 686 1624; x_wconf 85' lang='lat' dir='ltr'><strong>titur,</strong></span> <span class='ocrx_word' id='word_1_83' title='bbox 705 1560 792 1629; x_wconf 91' lang='lat' dir='ltr'><strong>qui</strong></span> <span class='ocrx_word' id='word_1_84' title='bbox 822 1572 993 1630; x_wconf 81' lang='lat' dir='ltr'><strong>portat</strong></span> <span class='ocrx_word' id='word_1_85' title='bbox 1022 1565 1197 1618; x_wconf 88' lang='lat' dir='ltr'><strong>omnia</strong></span> <span class='ocrx_word' id='word_1_86' title='bbox 1243 1568 1405 1620; x_wconf 89' lang='lat' dir='ltr'><strong>verbo</strong></span> <span class='ocrx_word' id='word_1_87' title='bbox 1432 1567 1639 1620; x_wconf 88' lang='lat' dir='ltr'><strong>virtutis</strong></span> <span class='ocrx_word' id='word_1_88' title='bbox 1667 1582 1796 1628; x_wconf 70' lang='lat' dir='ltr'><strong>SUtt&#39;,</strong></span> <span class='ocrx_word' id='word_1_89' title='bbox 1822 1567 1907 1620; x_wconf 89' lang='lat' dir='ltr'><strong>cui</strong></span> <span class='ocrx_word' id='word_1_90' title='bbox 1930 1583 2117 1624; x_wconf 90' lang='lat' dir='ltr'><strong>omnes</strong></span> 
     </span>
    </p>
   </div>
   <div class='ocr_carea' id='block_1_13' title="bbox 540 1655 2116 1727">
    <p class='ocr_par' dir='ltr' id='par_1_13' title="bbox 540 1655 2116 1727">
     <span class='ocr_line' id='line_1_13' title="bbox 540 1655 2116 1727; baseline 0.007 -24"><span class='ocrx_word' id='word_1_91' title='bbox 540 1662 725 1720; x_wconf 84' lang='lat' dir='ltr'><strong>gentes</strong></span> <span class='ocrx_word' id='word_1_92' title='bbox 754 1655 902 1723; x_wconf 87' lang='lat' dir='ltr'><strong>quasi</strong></span> <span class='ocrx_word' id='word_1_93' title='bbox 932 1655 1063 1710; x_wconf 89' lang='lat' dir='ltr'><strong>nihil</strong></span> <span class='ocrx_word' id='word_1_94' title='bbox 1082 1660 1475 1727; x_wconf 83' lang='lat' dir='ltr'><strong>etquasisaliva</strong></span> <span class='ocrx_word' id='word_1_95' title='bbox 1498 1666 1873 1726; x_wconf 82' lang='lat' dir='ltr'><strong>computantur</strong></span> <span class='ocrx_word' id='word_1_96' title='bbox 1900 1674 1915 1713; x_wconf 90' lang='lat'><strong>:</strong></span> <span class='ocrx_word' id='word_1_97' title='bbox 1940 1674 2116 1714; x_wconf 90' lang='lat' dir='ltr'><strong>annon</strong></span> 
     </span>
    </p>
   </div>
   <div class='ocr_carea' id='block_1_14' title="bbox 543 1745 2118 1817">
    <p class='ocr_par' dir='ltr' id='par_1_14' title="bbox 543 1745 2118 1817">
     <span class='ocr_line' id='line_1_14' title="bbox 543 1745 2118 1817; baseline 0.008 -23"><span class='ocrx_word' id='word_1_98' title='bbox 543 1745 850 1811; x_wconf 84' lang='lat' dir='ltr'><strong>putabimus</strong></span> <span class='ocrx_word' id='word_1_99' title='bbox 897 1759 1195 1804; x_wconf 79' lang='lat' dir='ltr'><strong>extremum</strong></span> <span class='ocrx_word' id='word_1_100' title='bbox 1240 1766 1359 1804; x_wconf 85' lang='lat' dir='ltr'><strong>esse</strong></span> <span class='ocrx_word' id='word_1_101' title='bbox 1387 1748 1703 1817; x_wconf 87' lang='lat' dir='ltr'><strong>supplicium</strong></span> <span class='ocrx_word' id='word_1_102' title='bbox 1724 1790 1739 1815; x_wconf 92' lang='lat'><strong>,</strong></span> <span class='ocrx_word' id='word_1_103' title='bbox 1768 1750 1812 1801; x_wconf 90' lang='lat' dir='ltr'><strong>si</strong></span> <span class='ocrx_word' id='word_1_104' title='bbox 1869 1749 1920 1803; x_wconf 93' lang='lat' dir='ltr'><strong>in</strong></span> <span class='ocrx_word' id='word_1_105' title='bbox 1952 1750 2118 1805; x_wconf 86' lang='lat' dir='ltr'><strong>choro</strong></span> 
     </span>
    </p>
   </div>
   <div class='ocr_carea' id='block_1_15' title="bbox 541 1834 2117 1906">
    <p class='ocr_par' dir='ltr' id='par_1_15' title="bbox 541 1834 2117 1906">
     <span class='ocr_line' id='line_1_15' title="bbox 541 1834 2117 1906; baseline 0.007 -20"><span class='ocrx_word' id='word_1_106' title='bbox 541 1834 641 1901; x_wconf 86' lang='lat' dir='ltr'><strong>ipsi</strong></span> <span class='ocrx_word' id='word_1_107' title='bbox 661 1836 854 1890; x_wconf 85' lang='lat' dir='ltr'><strong>circum</strong></span> <span class='ocrx_word' id='word_1_108' title='bbox 864 1840 1033 1906; x_wconf 87' lang='lat' dir='ltr'><strong>posito</strong></span> <span class='ocrx_word' id='word_1_109' title='bbox 1054 1856 1157 1893; x_wconf 87' lang='lat' dir='ltr'><strong>non</strong></span> <span class='ocrx_word' id='word_1_110' title='bbox 1171 1840 1489 1893; x_wconf 84' lang='lat' dir='ltr'><strong>constituam</strong></span> <span class='ocrx_word' id='word_1_111' title='bbox 1500 1854 1580 1902; x_wconf 93' lang='lat' dir='ltr'><strong>ur,</strong></span> <span class='ocrx_word' id='word_1_112' title='bbox 1606 1839 1700 1893; x_wconf 86' lang='lat' dir='ltr'><strong>sed</strong></span> <span class='ocrx_word' id='word_1_113' title='bbox 1728 1849 1808 1893; x_wconf 86' lang='lat' dir='ltr'><strong>sat</strong></span> <span class='ocrx_word' id='word_1_114' title='bbox 1828 1841 1980 1895; x_wconf 90' lang='lat' dir='ltr'><strong>nobis</strong></span> <span class='ocrx_word' id='word_1_115' title='bbox 1998 1857 2117 1897; x_wconf 86' lang='lat' dir='ltr'><strong>esse</strong></span> 
     </span>
    </p>
   </div>
   <div class='ocr_carea' id='block_1_16' title="bbox 539 1925 2116 1998">
    <p class='ocr_par' dir='ltr' id='par_1_16' title="bbox 539 1925 2116 1998">
     <span class='ocr_line' id='line_1_16' title="bbox 539 1925 2116 1998; baseline 0.009 -24"><span class='ocrx_word' id='word_1_116' title='bbox 539 1925 839 1991; x_wconf 88' lang='lat' dir='ltr'><strong>credemus,</strong></span> <span class='ocrx_word' id='word_1_117' title='bbox 869 1928 912 1981; x_wconf 89' lang='lat' dir='ltr'><strong>si</strong></span> <span class='ocrx_word' id='word_1_118' title='bbox 940 1928 1235 1997; x_wconf 80' lang='lat' dir='ltr'><strong>gehennam</strong></span> <span class='ocrx_word' id='word_1_119' title='bbox 1261 1928 1635 1998; x_wconf 76' lang='lat' dir='ltr'><strong>etl‘ugerimus?</strong></span> <span class='ocrx_word' id='word_1_120' title='bbox 1676 1930 1811 1997; x_wconf 88' lang='lat' dir='ltr'><strong>Quid</strong></span> <span class='ocrx_word' id='word_1_121' title='bbox 1842 1933 2015 1985; x_wconf 88' lang='lat' dir='ltr'><strong>anima</strong></span> <span class='ocrx_word' id='word_1_122' title='bbox 2038 1933 2116 1988; x_wconf 90' lang='lat' dir='ltr'><strong>sic</strong></span> 
     </span>
    </p>
   </div>
   <div class='ocr_carea' id='block_1_17' title="bbox 542 2013 2112 2091">
    <p class='ocr_par' dir='ltr' id='par_1_17' title="bbox 542 2013 2112 2091">
     <span class='ocr_line' id='line_1_17' title="bbox 542 2013 2112 2091; baseline 0.006 -25"><span class='ocrx_word' id='word_1_123' title='bbox 542 2013 727 2069; x_wconf 76' lang='lat' dir='ltr'><strong>aﬂ&#39;ccta</strong></span> <span class='ocrx_word' id='word_1_124' title='bbox 758 2019 1041 2073; x_wconf 84' lang='lat' dir='ltr'><strong>miserius?</strong></span> <span class='ocrx_word' id='word_1_125' title='bbox 1064 2021 1173 2073; x_wconf 77' lang='lat' dir='ltr'><strong>Rex</strong></span> <span class='ocrx_word' id='word_1_126' title='bbox 1205 2020 1346 2072; x_wconf 90' lang='lat' dir='ltr'><strong>enim</strong></span> <span class='ocrx_word' id='word_1_127' title='bbox 1390 2020 1479 2071; x_wconf 86' lang='lat' dir='ltr'><strong>ille</strong></span> <span class='ocrx_word' id='word_1_128' title='bbox 1539 2036 1642 2074; x_wconf 91' lang='lat' dir='ltr'><strong>non</strong></span> <span class='ocrx_word' id='word_1_129' title='bbox 1689 2021 1816 2091; x_wconf 89' lang='lat' dir='ltr'><strong>jugo</strong></span> <span class='ocrx_word' id='word_1_130' title='bbox 1870 2022 2112 2078; x_wconf 90' lang='lat' dir='ltr'><strong>alborum</strong></span> 
     </span>
    </p>
   </div>
   <div class='ocr_carea' id='block_1_18' title="bbox 540 2113 2115 2186">
    <p class='ocr_par' dir='ltr' id='par_1_18' title="bbox 540 2113 2115 2186">
     <span class='ocr_line' id='line_1_18' title="bbox 540 2113 2115 2186; baseline 0.004 -22"><span class='ocrx_word' id='word_1_131' title='bbox 540 2113 800 2166; x_wconf 87' lang='lat' dir='ltr'><strong>mulorum</strong></span> <span class='ocrx_word' id='word_1_132' title='bbox 822 2155 836 2177; x_wconf 93' lang='lat'><strong>,</strong></span> <span class='ocrx_word' id='word_1_133' title='bbox 860 2130 963 2167; x_wconf 92' lang='lat' dir='ltr'><strong>non</strong></span> <span class='ocrx_word' id='word_1_134' title='bbox 992 2130 1157 2167; x_wconf 88' lang='lat' dir='ltr'><strong>aureo</strong></span> <span class='ocrx_word' id='word_1_135' title='bbox 1201 2129 1358 2168; x_wconf 90' lang='lat' dir='ltr'><strong>curru</strong></span> <span class='ocrx_word' id='word_1_136' title='bbox 1384 2122 1596 2178; x_wconf 87' lang='lat' dir='ltr'><strong>vectus,</strong></span> <span class='ocrx_word' id='word_1_137' title='bbox 1629 2131 1730 2169; x_wconf 92' lang='lat' dir='ltr'><strong>non</strong></span> <span class='ocrx_word' id='word_1_138' title='bbox 1762 2132 1988 2186; x_wconf 87' lang='lat' dir='ltr'><strong>purpura</strong></span> <span class='ocrx_word' id='word_1_139' title='bbox 2018 2132 2115 2171; x_wconf 89' lang='lat' dir='ltr'><strong>nec</strong></span> 
     </span>
    </p>
   </div>
   <div class='ocr_carea' id='block_1_19' title="bbox 538 2207 2113 2277">
    <p class='ocr_par' dir='ltr' id='par_1_19' title="bbox 538 2207 2113 2277">
     <span class='ocr_line' id='line_1_19' title="bbox 538 2207 2113 2277; baseline 0.005 -22"><span class='ocrx_word' id='word_1_140' title='bbox 538 2219 735 2259; x_wconf 91' lang='lat' dir='ltr'><strong>corona</strong></span> <span class='ocrx_word' id='word_1_141' title='bbox 760 2216 1001 2273; x_wconf 90' lang='lat' dir='ltr'><strong>ornatus,</strong></span> <span class='ocrx_word' id='word_1_142' title='bbox 1031 2224 1136 2261; x_wconf 84' lang='lat' dir='ltr'><strong>non</strong></span> <span class='ocrx_word' id='word_1_143' title='bbox 1165 2207 1261 2271; x_wconf 90' lang='lat' dir='ltr'><strong>sic,</strong></span> <span class='ocrx_word' id='word_1_144' title='bbox 1296 2207 1533 2277; x_wconf 89' lang='lat' dir='ltr'><strong>inquam,</strong></span> <span class='ocrx_word' id='word_1_145' title='bbox 1556 2208 1890 2277; x_wconf 89' lang='lat' dir='ltr'><strong>judicalurus</strong></span> <span class='ocrx_word' id='word_1_146' title='bbox 1918 2218 2113 2263; x_wconf 83' lang='lat' dir='ltr'><strong>terram</strong></span> 
     </span>
    </p>
   </div>
   <div class='ocr_carea' id='block_1_20' title="bbox 540 2299 734 2351">
    <p class='ocr_par' dir='ltr' id='par_1_20' title="bbox 540 2299 734 2351">
     <span class='ocr_line' id='line_1_20' title="bbox 540 2299 734 2351; baseline 0.015 -4"><span class='ocrx_word' id='word_1_147' title='bbox 540 2299 734 2351; x_wconf 85' lang='lat' dir='ltr'><strong>veniet.</strong></span> 
     </span>
    </p>
   </div>
   <div class='ocr_carea' id='block_1_21' title="bbox 615 2385 2117 2459">
    <p class='ocr_par' dir='ltr' id='par_1_21' title="bbox 615 2385 2117 2459">
     <span class='ocr_line' id='line_1_21' title="bbox 615 2385 2117 2459; baseline 0.005 -22"><span class='ocrx_word' id='word_1_148' title='bbox 615 2385 914 2441; x_wconf 85' lang='lat' dir='ltr'><strong>Testimonia</strong></span> <span class='ocrx_word' id='word_1_149' title='bbox 959 2390 1021 2442; x_wconf 87' lang='lat' dir='ltr'><strong>de</strong></span> <span class='ocrx_word' id='word_1_150' title='bbox 1048 2388 1222 2457; x_wconf 85' lang='lat' dir='ltr'><strong>{uturo</strong></span> <span class='ocrx_word' id='word_1_151' title='bbox 1252 2389 1465 2459; x_wconf 86' lang='lat' dir='ltr'><strong>judicio.</strong></span> <span class='ocrx_word' id='word_1_152' title='bbox 1492 2419 1562 2430; x_wconf 90' lang='lat'><strong><em>—</em></strong></span> <span class='ocrx_word' id='word_1_153' title='bbox 1589 2390 1869 2457; x_wconf 82' lang='lat' dir='ltr'><strong>Quomodo</strong></span> <span class='ocrx_word' id='word_1_154' title='bbox 1910 2390 2066 2458; x_wconf 79' lang='lat' dir='ltr'><strong>igitur</strong></span> <span class='ocrx_word' id='word_1_155' title='bbox 2093 2390 2117 2443; x_wconf 86' lang='lat'><strong>?</strong></span> 
     </span>
    </p>
   </div>
   <div class='ocr_carea' id='block_1_22' title="bbox 539 2477 2112 2548">
    <p class='ocr_par' dir='ltr' id='par_1_22' title="bbox 539 2477 2112 2548">
     <span class='ocr_line' id='line_1_22' title="bbox 539 2477 2112 2548; baseline 0.001 -19"><span class='ocrx_word' id='word_1_156' title='bbox 539 2477 674 2530; x_wconf 81' lang='lat' dir='ltr'><strong>Audi</strong></span> <span class='ocrx_word' id='word_1_157' title='bbox 698 2479 980 2547; x_wconf 85' lang='lat' dir='ltr'><strong>prophetas</strong></span> <span class='ocrx_word' id='word_1_158' title='bbox 1001 2481 1294 2535; x_wconf 83' lang='lat' dir='ltr'><strong>clamantes</strong></span> <span class='ocrx_word' id='word_1_159' title='bbox 1326 2490 1380 2535; x_wconf 90' lang='lat' dir='ltr'><strong>et</strong></span> <span class='ocrx_word' id='word_1_160' title='bbox 1416 2480 1657 2535; x_wconf 87' lang='lat' dir='ltr'><strong>dicentes</strong></span> <span class='ocrx_word' id='word_1_161' title='bbox 1680 2521 1695 2545; x_wconf 93' lang='lat'><strong>,</strong></span> <span class='ocrx_word' id='word_1_162' title='bbox 1720 2489 1974 2548; x_wconf 88' lang='lat' dir='ltr'><strong>quantum</strong></span> <span class='ocrx_word' id='word_1_163' title='bbox 2014 2480 2112 2532; x_wconf 75' lang='lat' dir='ltr'><strong>ho-</strong></span> 
     </span>
    </p>
   </div>
   <div class='ocr_carea' id='block_1_23' title="bbox 540 2570 2119 2641">
    <p class='ocr_par' dir='ltr' id='par_1_23' title="bbox 540 2570 2119 2641">
     <span class='ocr_line' id='line_1_23' title="bbox 540 2570 2119 2641; baseline 0.001 -20"><span class='ocrx_word' id='word_1_164' title='bbox 540 2570 771 2623; x_wconf 89' lang='lat' dir='ltr'><strong>minibus</strong></span> <span class='ocrx_word' id='word_1_165' title='bbox 798 2572 974 2626; x_wconf 87' lang='lat' dir='ltr'><strong>dicere</strong></span> <span class='ocrx_word' id='word_1_166' title='bbox 999 2571 1077 2626; x_wconf 83' lang='lat' dir='ltr'><strong>fas</strong></span> <span class='ocrx_word' id='word_1_167' title='bbox 1105 2582 1188 2626; x_wconf 86' lang='lat' dir='ltr'><strong>est</strong></span> <span class='ocrx_word' id='word_1_168' title='bbox 1212 2590 1224 2624; x_wconf 91' lang='lat'><strong>:</strong></span> <span class='ocrx_word' id='word_1_169' title='bbox 1254 2572 1389 2627; x_wconf 85' lang='lat' dir='ltr'><strong>alius</strong></span> <span class='ocrx_word' id='word_1_170' title='bbox 1410 2571 1622 2641; x_wconf 89' lang='lat' dir='ltr'><strong>quidem</strong></span> <span class='ocrx_word' id='word_1_171' title='bbox 1651 2571 1724 2623; x_wconf 84' lang='lat' dir='ltr'><strong>ait</strong></span> <span class='ocrx_word' id='word_1_172' title='bbox 1754 2588 1769 2624; x_wconf 91' lang='lat'><strong>:</strong></span> <span class='ocrx_word' id='word_1_173' title='bbox 1802 2570 1933 2624; x_wconf 84' lang='lat' dir='ltr'><strong>Deus</strong></span> <span class='ocrx_word' id='word_1_174' title='bbox 1956 2574 2119 2624; x_wconf 85' lang='lat' dir='ltr'><strong>mani-</strong></span> 
     </span>
    </p>
   </div>
   <div class='ocr_carea' id='block_1_24' title="bbox 540 2661 2114 2731">
    <p class='ocr_par' dir='ltr' id='par_1_24' title="bbox 540 2661 2114 2731">
     <span class='ocr_line' id='line_1_24' title="bbox 540 2661 2114 2731; baseline 0.001 -19"><span class='ocrx_word' id='word_1_175' title='bbox 540 2661 664 2729; x_wconf 77' lang='lat' dir='ltr'><strong>{este</strong></span> <span class='ocrx_word' id='word_1_176' title='bbox 685 2661 873 2727; x_wconf 82' lang='lat' dir='ltr'><strong>veniet,</strong></span> <span class='ocrx_word' id='word_1_177' title='bbox 900 2661 1036 2716; x_wconf 91' lang='lat' dir='ltr'><strong>Deus</strong></span> <span class='ocrx_word' id='word_1_178' title='bbox 1066 2672 1251 2727; x_wconf 89' lang='lat' dir='ltr'><strong>noster,</strong></span> <span class='ocrx_word' id='word_1_179' title='bbox 1277 2674 1323 2715; x_wconf 89' lang='lat' dir='ltr'><strong>et</strong></span> <span class='ocrx_word' id='word_1_180' title='bbox 1368 2678 1468 2715; x_wconf 90' lang='lat' dir='ltr'><strong>non</strong></span> <span class='ocrx_word' id='word_1_181' title='bbox 1497 2662 1656 2715; x_wconf 85' lang='lat' dir='ltr'><strong>silebit</strong></span> <span class='ocrx_word' id='word_1_182' title='bbox 1691 2677 1708 2715; x_wconf 90' lang='lat'><strong><em>:</em></strong></span> <span class='ocrx_word' id='word_1_183' title='bbox 1735 2662 1864 2731; x_wconf 89' lang='lat' dir='ltr'><strong>ignis</strong></span> <span class='ocrx_word' id='word_1_184' title='bbox 1908 2664 1959 2715; x_wconf 90' lang='lat' dir='ltr'><strong>in</strong></span> <span class='ocrx_word' id='word_1_185' title='bbox 1990 2680 2114 2716; x_wconf 90' lang='lat' dir='ltr'><strong>con-</strong></span> 
     </span>
    </p>
   </div>
   <div class='ocr_carea' id='block_1_25' title="bbox 537 2751 2116 2821">
    <p class='ocr_par' dir='ltr' id='par_1_25' title="bbox 537 2751 2116 2821">
     <span class='ocr_line' id='line_1_25' title="bbox 537 2751 2116 2821; baseline 0.004 -22"><span class='ocrx_word' id='word_1_186' title='bbox 537 2759 707 2816; x_wconf 85' lang='lat' dir='ltr'><strong>spectu</strong></span> <span class='ocrx_word' id='word_1_187' title='bbox 734 2752 845 2819; x_wconf 86' lang='lat' dir='ltr'><strong>ejus</strong></span> <span class='ocrx_word' id='word_1_188' title='bbox 876 2752 1160 2805; x_wconf 77' lang='lat' dir='ltr'><strong>cxardescet</strong></span> <span class='ocrx_word' id='word_1_189' title='bbox 1185 2794 1197 2816; x_wconf 94' lang='lat'><strong>,</strong></span> <span class='ocrx_word' id='word_1_190' title='bbox 1228 2762 1272 2803; x_wconf 89' lang='lat' dir='ltr'><strong>et</strong></span> <span class='ocrx_word' id='word_1_191' title='bbox 1300 2751 1351 2803; x_wconf 89' lang='lat' dir='ltr'><strong>in</strong></span> <span class='ocrx_word' id='word_1_192' title='bbox 1374 2751 1584 2803; x_wconf 81' lang='lat' dir='ltr'><strong>circuitu</strong></span> <span class='ocrx_word' id='word_1_193' title='bbox 1614 2752 1721 2821; x_wconf 88' lang='lat' dir='ltr'><strong>ejus</strong></span> <span class='ocrx_word' id='word_1_194' title='bbox 1744 2761 2005 2821; x_wconf 76' lang='lat' dir='ltr'><strong>tempestas</strong></span> <span class='ocrx_word' id='word_1_195' title='bbox 2028 2768 2116 2804; x_wconf 79' lang='lat' dir='ltr'><strong>va-</strong></span> 
     </span>
    </p>
   </div>
   <div class='ocr_carea' id='block_1_26' title="bbox 538 2839 2114 2905">
    <p class='ocr_par' dir='ltr' id='par_1_26' title="bbox 538 2839 2114 2905">
     <span class='ocr_line' id='line_1_26' title="bbox 538 2839 2114 2905; baseline 0.004 -15"><span class='ocrx_word' id='word_1_196' title='bbox 538 2839 643 2891; x_wconf 86' lang='lat' dir='ltr'><strong>lida</strong></span> <span class='ocrx_word' id='word_1_197' title='bbox 667 2856 685 2893; x_wconf 90' lang='lat'><em>:</em></span> <span class='ocrx_word' id='word_1_198' title='bbox 709 2843 965 2894; x_wconf 72' lang='lat' dir='ltr'><strong>advocabit</strong></span> <span class='ocrx_word' id='word_1_199' title='bbox 1002 2843 1180 2895; x_wconf 65' lang='lat' dir='ltr'><strong>calum</strong></span> <span class='ocrx_word' id='word_1_200' title='bbox 1222 2842 1515 2905; x_wconf 85' lang='lat' dir='ltr'><strong>desursum,</strong></span> <span class='ocrx_word' id='word_1_201' title='bbox 1540 2852 1586 2895; x_wconf 90' lang='lat' dir='ltr'><strong>et</strong></span> <span class='ocrx_word' id='word_1_202' title='bbox 1626 2852 1806 2895; x_wconf 85' lang='lat' dir='ltr'><strong>terram</strong></span> <span class='ocrx_word' id='word_1_203' title='bbox 1836 2844 2114 2897; x_wconf 81' lang='lat' dir='ltr'><strong>discernere</strong></span> 
     </span>
    </p>
   </div>
   <div class='ocr_carea' id='block_1_27' title="bbox 540 2931 2112 3003">
    <p class='ocr_par' dir='ltr' id='par_1_27' title="bbox 540 2931 2112 3003">
     <span class='ocr_line' id='line_1_27' title="bbox 540 2931 2112 3003; baseline 0.006 -23"><span class='ocrx_word' id='word_1_204' title='bbox 540 2931 781 2998; x_wconf 84' lang='lat' dir='ltr'><strong>populum</strong></span> <span class='ocrx_word' id='word_1_205' title='bbox 804 2949 948 2984; x_wconf 87' lang='lat' dir='ltr'><strong>suum</strong></span> <span class='ocrx_word' id='word_1_206' title='bbox 975 2932 1140 3000; x_wconf 85' lang='lat' dir='ltr'><strong>(Psat.</strong></span> <span class='ocrx_word' id='word_1_207' title='bbox 1171 2933 1257 2985; x_wconf 75' lang='lat'><strong>49.</strong></span> <span class='ocrx_word' id='word_1_208' title='bbox 1289 2934 1338 2985; x_wconf 83' lang='lat'><strong>5.</strong></span> <span class='ocrx_word' id='word_1_209' title='bbox 1365 2931 1442 2999; x_wconf 72' lang='grc'><strong>4).</strong></span> <span class='ocrx_word' id='word_1_210' title='bbox 1474 2932 1631 2985; x_wconf 79' lang='lat' dir='ltr'><strong>ls:iias</strong></span> <span class='ocrx_word' id='word_1_211' title='bbox 1660 2948 1782 2986; x_wconf 80' lang='lat' dir='ltr'><strong>vero</strong></span> <span class='ocrx_word' id='word_1_212' title='bbox 1798 2934 2112 3003; x_wconf 86' lang='lat' dir='ltr'><strong>supplicium</strong></span> 
     </span>
    </p>
   </div>
   <div class='ocr_carea' id='block_1_28' title="bbox 538 3022 2113 3090">
    <p class='ocr_par' dir='ltr' id='par_1_28' title="bbox 538 3022 2113 3090">
     <span class='ocr_line' id='line_1_28' title="bbox 538 3022 2113 3090; baseline 0.003 -17"><span class='ocrx_word' id='word_1_213' title='bbox 538 3022 710 3090; x_wconf 88' lang='lat' dir='ltr'><strong>ipsum</strong></span> <span class='ocrx_word' id='word_1_214' title='bbox 757 3022 911 3075; x_wconf 84' lang='lat' dir='ltr'><strong>nobis</strong></span> <span class='ocrx_word' id='word_1_215' title='bbox 957 3024 1201 3089; x_wconf 78' lang='lat' dir='ltr'><strong>proponit</strong></span> <span class='ocrx_word' id='word_1_216' title='bbox 1236 3022 1318 3076; x_wconf 86' lang='lat' dir='ltr'><strong>bis</strong></span> <span class='ocrx_word' id='word_1_217' title='bbox 1358 3022 1533 3076; x_wconf 84' lang='lat' dir='ltr'><strong>verbis</strong></span> <span class='ocrx_word' id='word_1_218' title='bbox 1568 3040 1579 3075; x_wconf 93' lang='lat'>:</span> <span class='ocrx_word' id='word_1_219' title='bbox 1613 3022 1743 3076; x_wconf 81' lang='lat' dir='ltr'><strong>Ecce</strong></span> <span class='ocrx_word' id='word_1_220' title='bbox 1772 3024 1875 3076; x_wconf 83' lang='lat' dir='ltr'><strong>dies</strong></span> <span class='ocrx_word' id='word_1_221' title='bbox 1908 3022 2113 3078; x_wconf 90' lang='lat' dir='ltr'><strong>Domini</strong></span> 
     </span>
    </p>
   </div>
   <div class='ocr_carea' id='block_1_29' title="bbox 537 3112 2114 3183">
    <p class='ocr_par' dir='ltr' id='par_1_29' title="bbox 537 3112 2114 3183">
     <span class='ocr_line' id='line_1_29' title="bbox 537 3112 2114 3183; baseline 0.003 -18"><span class='ocrx_word' id='word_1_222' title='bbox 537 3112 669 3165; x_wconf 77' lang='lat' dir='ltr'><strong>venit</strong></span> <span class='ocrx_word' id='word_1_223' title='bbox 711 3112 1005 3166; x_wconf 80' lang='lat' dir='ltr'><strong>insanabilis</strong></span> <span class='ocrx_word' id='word_1_224' title='bbox 1044 3114 1228 3181; x_wconf 80' lang='lat' dir='ltr'><strong>furoris</strong></span> <span class='ocrx_word' id='word_1_225' title='bbox 1272 3123 1316 3168; x_wconf 93' lang='lat' dir='ltr'><strong>et</strong></span> <span class='ocrx_word' id='word_1_226' title='bbox 1359 3115 1485 3180; x_wconf 66' lang='lat' dir='ltr'><strong>ire,</strong></span> <span class='ocrx_word' id='word_1_227' title='bbox 1518 3115 1586 3167; x_wconf 87' lang='lat' dir='ltr'><strong>ad</strong></span> <span class='ocrx_word' id='word_1_228' title='bbox 1627 3118 1910 3183; x_wconf 86' lang='lat' dir='ltr'><strong>ponendum</strong></span> <span class='ocrx_word' id='word_1_229' title='bbox 1956 3126 2114 3169; x_wconf 81' lang='lat' dir='ltr'><strong>totum</strong></span> 
     </span>
    </p>
   </div>
   <div class='ocr_carea' id='block_1_30' title="bbox 538 3205 2114 3277">
    <p class='ocr_par' dir='ltr' id='par_1_30' title="bbox 538 3205 2114 3277">
     <span class='ocr_line' id='line_1_30' title="bbox 538 3205 2114 3277; baseline 0.003 -20"><span class='ocrx_word' id='word_1_230' title='bbox 538 3205 705 3259; x_wconf 87' lang='lat' dir='ltr'><strong>orbem</strong></span> <span class='ocrx_word' id='word_1_231' title='bbox 735 3214 983 3259; x_wconf 82' lang='lat' dir='ltr'><strong>terrarum</strong></span> <span class='ocrx_word' id='word_1_232' title='bbox 1010 3206 1261 3260; x_wconf 71' lang='lat' dir='ltr'><strong>desertum</strong></span> <span class='ocrx_word' id='word_1_233' title='bbox 1280 3248 1294 3271; x_wconf 93' lang='lat'><strong>,</strong></span> <span class='ocrx_word' id='word_1_234' title='bbox 1323 3218 1369 3261; x_wconf 91' lang='lat' dir='ltr'><strong>et</strong></span> <span class='ocrx_word' id='word_1_235' title='bbox 1396 3209 1462 3261; x_wconf 89' lang='lat' dir='ltr'><strong>ad</strong></span> <span class='ocrx_word' id='word_1_236' title='bbox 1492 3207 1799 3276; x_wconf 72' lang='lat' dir='ltr'><strong>perdendum</strong></span> <span class='ocrx_word' id='word_1_237' title='bbox 1831 3220 2114 3277; x_wconf 85' lang='lat' dir='ltr'><strong>peccatores</strong></span> 
     </span>
    </p>
   </div>
   <div class='ocr_carea' id='block_1_31' title="bbox 537 3295 2113 3364">
    <p class='ocr_par' dir='ltr' id='par_1_31' title="bbox 537 3295 2113 3364">
     <span class='ocr_line' id='line_1_31' title="bbox 537 3295 2113 3364; baseline 0.004 -15"><span class='ocrx_word' id='word_1_238' title='bbox 537 3312 600 3349; x_wconf 82' lang='lat' dir='ltr'><strong>ea:</strong></span> <span class='ocrx_word' id='word_1_239' title='bbox 645 3312 721 3349; x_wconf 90' lang='lat' dir='ltr'><strong>eo.</strong></span> <span class='ocrx_word' id='word_1_240' title='bbox 782 3295 919 3349; x_wconf 80' lang='lat' dir='ltr'><strong>Nam</strong></span> <span class='ocrx_word' id='word_1_241' title='bbox 961 3297 1122 3351; x_wconf 77' lang='lat' dir='ltr'><strong>stellte</strong></span> <span class='ocrx_word' id='word_1_242' title='bbox 1140 3298 1284 3363; x_wconf 66' lang='lat' dir='ltr'><strong>ca&#39;li,</strong></span> <span class='ocrx_word' id='word_1_243' title='bbox 1313 3309 1359 3351; x_wconf 90' lang='lat' dir='ltr'><strong>et</strong></span> <span class='ocrx_word' id='word_1_244' title='bbox 1401 3298 1591 3364; x_wconf 84' lang='lat' dir='ltr'><strong>Orion,</strong></span> <span class='ocrx_word' id='word_1_245' title='bbox 1622 3310 1667 3351; x_wconf 86' lang='lat' dir='ltr'><strong>et</strong></span> <span class='ocrx_word' id='word_1_246' title='bbox 1696 3301 1857 3353; x_wconf 90' lang='lat' dir='ltr'><strong>omnis</strong></span> <span class='ocrx_word' id='word_1_247' title='bbox 1905 3311 2113 3355; x_wconf 84' lang='lat' dir='ltr'><strong>ornatas</strong></span> 
     </span>
    </p>
   </div>
   <div class='ocr_carea' id='block_1_32' title="bbox 537 3387 2113 3451">
    <p class='ocr_par' dir='ltr' id='par_1_32' title="bbox 537 3387 2113 3451">
     <span class='ocr_line' id='line_1_32' title="bbox 537 3387 2113 3451; baseline 0.006 -13"><span class='ocrx_word' id='word_1_248' title='bbox 537 3388 648 3440; x_wconf 71' lang='lat' dir='ltr'><strong>cali</strong></span> <span class='ocrx_word' id='word_1_249' title='bbox 669 3428 685 3451; x_wconf 85' lang='lat'><strong>,</strong></span> <span class='ocrx_word' id='word_1_250' title='bbox 717 3387 879 3441; x_wconf 89' lang='lat' dir='ltr'><strong>lucem</strong></span> <span class='ocrx_word' id='word_1_251' title='bbox 915 3406 1060 3443; x_wconf 87' lang='lat' dir='ltr'><strong>suam</strong></span> <span class='ocrx_word' id='word_1_252' title='bbox 1085 3407 1185 3442; x_wconf 90' lang='lat' dir='ltr'><strong>non</strong></span> <span class='ocrx_word' id='word_1_253' title='bbox 1211 3390 1396 3442; x_wconf 84' lang='lat' dir='ltr'><strong>dabunt</strong></span> <span class='ocrx_word' id='word_1_254' title='bbox 1427 3406 1445 3443; x_wconf 92' lang='lat'><strong><em>:</em></strong></span> <span class='ocrx_word' id='word_1_255' title='bbox 1474 3401 1520 3444; x_wconf 90' lang='lat' dir='ltr'><strong>et</strong></span> <span class='ocrx_word' id='word_1_256' title='bbox 1550 3391 1908 3445; x_wconf 83' lang='lat' dir='ltr'><strong>obtenebrescet</strong></span> <span class='ocrx_word' id='word_1_257' title='bbox 1946 3391 2024 3446; x_wconf 87' lang='lat' dir='ltr'><strong>sol</strong></span> <span class='ocrx_word' id='word_1_258' title='bbox 2059 3395 2113 3447; x_wconf 87' lang='lat' dir='ltr'><strong>in</strong></span> 
     </span>
    </p>
   </div>
   <div class='ocr_carea' id='block_1_33' title="bbox 536 3478 2111 3541">
    <p class='ocr_par' dir='ltr' id='par_1_33' title="bbox 536 3478 2111 3541">
     <span class='ocr_line' id='line_1_33' title="bbox 536 3478 2111 3541; baseline 0.004 -12"><span class='ocrx_word' id='word_1_259' title='bbox 536 3487 710 3529; x_wconf 72' lang='lat' dir='ltr'><strong>ea‘ortu</strong></span> <span class='ocrx_word' id='word_1_260' title='bbox 731 3494 821 3530; x_wconf 91' lang='lat' dir='ltr'><strong>suo</strong></span> <span class='ocrx_word' id='word_1_261' title='bbox 844 3518 859 3541; x_wconf 93' lang='lat'><strong>,</strong></span> <span class='ocrx_word' id='word_1_262' title='bbox 888 3487 933 3531; x_wconf 90' lang='lat' dir='ltr'><strong>et</strong></span> <span class='ocrx_word' id='word_1_263' title='bbox 975 3480 1094 3531; x_wconf 87' lang='lat' dir='ltr'><strong>luna</strong></span> <span class='ocrx_word' id='word_1_264' title='bbox 1138 3497 1236 3531; x_wconf 90' lang='lat' dir='ltr'><strong>non</strong></span> <span class='ocrx_word' id='word_1_265' title='bbox 1266 3478 1401 3533; x_wconf 81' lang='lat' dir='ltr'><strong>dabit</strong></span> <span class='ocrx_word' id='word_1_266' title='bbox 1448 3481 1617 3533; x_wconf 92' lang='lat' dir='ltr'><strong>lumen</strong></span> <span class='ocrx_word' id='word_1_267' title='bbox 1663 3497 1829 3534; x_wconf 90' lang='lat' dir='ltr'><strong>suum.</strong></span> <span class='ocrx_word' id='word_1_268' title='bbox 1860 3479 1926 3534; x_wconf 72' lang='lat' dir='ltr'><strong>Et</strong></span> <span class='ocrx_word' id='word_1_269' title='bbox 1967 3499 2111 3535; x_wconf 88' lang='lat' dir='ltr'><strong>man-</strong></span> 
     </span>
    </p>
   </div>
   <div class='ocr_carea' id='block_1_34' title="bbox 535 3566 2112 3641">
    <p class='ocr_par' dir='ltr' id='par_1_34' title="bbox 535 3566 2112 3641">
     <span class='ocr_line' id='line_1_34' title="bbox 535 3566 2112 3641; baseline 0.004 -23"><span class='ocrx_word' id='word_1_270' title='bbox 535 3566 665 3619; x_wconf 80' lang='lat' dir='ltr'><strong>dabo</strong></span> <span class='ocrx_word' id='word_1_271' title='bbox 713 3570 939 3620; x_wconf 88' lang='lat' dir='ltr'><strong>universo</strong></span> <span class='ocrx_word' id='word_1_272' title='bbox 986 3568 1093 3621; x_wconf 88' lang='lat' dir='ltr'><strong>orbi</strong></span> <span class='ocrx_word' id='word_1_273' title='bbox 1139 3570 1309 3631; x_wconf 87' lang='lat' dir='ltr'><strong>mala,</strong></span> <span class='ocrx_word' id='word_1_274' title='bbox 1362 3581 1407 3622; x_wconf 90' lang='lat' dir='ltr'><strong>et</strong></span> <span class='ocrx_word' id='word_1_275' title='bbox 1451 3572 1621 3639; x_wconf 84' lang='lat' dir='ltr'><strong>impiis</strong></span> <span class='ocrx_word' id='word_1_276' title='bbox 1664 3582 1867 3641; x_wconf 90' lang='lat' dir='ltr'><strong>peccata</strong></span> <span class='ocrx_word' id='word_1_277' title='bbox 1907 3588 2000 3625; x_wconf 90' lang='lat' dir='ltr'><strong>sua</strong></span> <span class='ocrx_word' id='word_1_278' title='bbox 2028 3583 2112 3626; x_wconf 90' lang='lat' dir='ltr'><strong>:et</strong></span> 
     </span>
    </p>
   </div>
   <div class='ocr_carea' id='block_1_35' title="bbox 536 3658 2109 3726">
    <p class='ocr_par' dir='ltr' id='par_1_35' title="bbox 536 3658 2109 3726">
     <span class='ocr_line' id='line_1_35' title="bbox 536 3658 2109 3726; baseline 0.004 -16"><span class='ocrx_word' id='word_1_279' title='bbox 536 3658 743 3721; x_wconf 81' lang='lat' dir='ltr'><strong>perdam</strong></span> <span class='ocrx_word' id='word_1_280' title='bbox 787 3659 1136 3711; x_wconf 83' lang='lat' dir='ltr'><strong>contumeliam</strong></span> <span class='ocrx_word' id='word_1_281' title='bbox 1180 3660 1501 3726; x_wconf 85' lang='lat' dir='ltr'><strong>iniquorum,</strong></span> <span class='ocrx_word' id='word_1_282' title='bbox 1546 3672 1593 3715; x_wconf 92' lang='lat' dir='ltr'><strong>et</strong></span> <span class='ocrx_word' id='word_1_283' title='bbox 1631 3664 1982 3716; x_wconf 87' lang='lat' dir='ltr'><strong>contumeliam</strong></span> <span class='ocrx_word' id='word_1_284' title='bbox 2018 3680 2109 3717; x_wconf 88' lang='lat' dir='ltr'><strong>su-</strong></span> 
     </span>
    </p>
   </div>
   <div class='ocr_carea' id='block_1_36' title="bbox 535 3747 2110 3824">
    <p class='ocr_par' dir='ltr' id='par_1_36' title="bbox 535 3747 2110 3824">
     <span class='ocr_line' id='line_1_36' title="bbox 535 3747 2110 3824; baseline 0.006 -25"><span class='ocrx_word' id='word_1_285' title='bbox 535 3747 800 3815; x_wconf 82' lang='lat' dir='ltr'><strong>perborum</strong></span> <span class='ocrx_word' id='word_1_286' title='bbox 825 3748 1100 3802; x_wconf 88' lang='lat' dir='ltr'><strong>humiliabo</strong></span> <span class='ocrx_word' id='word_1_287' title='bbox 1124 3764 1142 3802; x_wconf 92' lang='lat'><em>:</em></span> <span class='ocrx_word' id='word_1_288' title='bbox 1168 3758 1213 3803; x_wconf 91' lang='lat' dir='ltr'><strong>et</strong></span> <span class='ocrx_word' id='word_1_289' title='bbox 1233 3761 1379 3804; x_wconf 90' lang='lat' dir='ltr'><strong>erunt</strong></span> <span class='ocrx_word' id='word_1_290' title='bbox 1402 3753 1487 3817; x_wconf 87' lang='lat' dir='ltr'><strong>qui</strong></span> <span class='ocrx_word' id='word_1_291' title='bbox 1508 3754 1668 3807; x_wconf 79' lang='lat' dir='ltr'><strong>relicti</strong></span> <span class='ocrx_word' id='word_1_292' title='bbox 1697 3754 1900 3824; x_wconf 80' lang='lat' dir='ltr'><strong>fuerint,</strong></span> <span class='ocrx_word' id='word_1_293' title='bbox 1924 3756 2110 3824; x_wconf 86' lang='lat' dir='ltr'><strong>pretio-</strong></span> 
     </span>
    </p>
   </div>
   <div class='ocr_carea' id='block_1_37' title="bbox 534 3841 2109 3915">
    <p class='ocr_par' dir='ltr' id='par_1_37' title="bbox 534 3841 2109 3915">
     <span class='ocr_line' id='line_1_37' title="bbox 534 3841 2109 3915; baseline 0.005 -24"><span class='ocrx_word' id='word_1_294' title='bbox 534 3855 687 3892; x_wconf 84' lang='lat' dir='ltr'><strong>siores</strong></span> <span class='ocrx_word' id='word_1_295' title='bbox 715 3855 867 3909; x_wconf 89' lang='lat' dir='ltr'><strong>quam</strong></span> <span class='ocrx_word' id='word_1_296' title='bbox 895 3856 1076 3892; x_wconf 88' lang='lat' dir='ltr'><strong>aurum</strong></span> <span class='ocrx_word' id='word_1_297' title='bbox 1118 3841 1404 3908; x_wconf 89' lang='lat' dir='ltr'><strong>incoctum,</strong></span> <span class='ocrx_word' id='word_1_298' title='bbox 1433 3854 1477 3897; x_wconf 90' lang='lat' dir='ltr'><strong>et</strong></span> <span class='ocrx_word' id='word_1_299' title='bbox 1520 3844 1668 3899; x_wconf 86' lang='lat' dir='ltr'><strong>homo</strong></span> <span class='ocrx_word' id='word_1_300' title='bbox 1714 3846 1974 3915; x_wconf 85' lang='lat' dir='ltr'><strong>pretiosior</strong></span> <span class='ocrx_word' id='word_1_301' title='bbox 2016 3847 2109 3900; x_wconf 90' lang='lat' dir='ltr'><strong>erit</strong></span> 
     </span>
    </p>
   </div>
   <div class='ocr_carea' id='block_1_38' title="bbox 538 3930 2108 4001">
    <p class='ocr_par' dir='ltr' id='par_1_38' title="bbox 538 3930 2108 4001">
     <span class='ocr_line' id='line_1_38' title="bbox 538 3930 2108 4001; baseline 0.006 -21"><span class='ocrx_word' id='word_1_302' title='bbox 538 3945 689 3999; x_wconf 82' lang='lat' dir='ltr'><strong>quant</strong></span> <span class='ocrx_word' id='word_1_303' title='bbox 715 3930 844 3999; x_wconf 90' lang='lat' dir='ltr'><strong>lapis</strong></span> <span class='ocrx_word' id='word_1_304' title='bbox 881 3946 945 3984; x_wconf 77' lang='lat' dir='ltr'><strong>ea:</strong></span> <span class='ocrx_word' id='word_1_305' title='bbox 970 3930 1183 3999; x_wconf 88' lang='lat' dir='ltr'><strong>Suphir.</strong></span> <span class='ocrx_word' id='word_1_306' title='bbox 1216 3931 1415 3985; x_wconf 75' lang='lat' dir='ltr'><strong>Etenim</strong></span> <span class='ocrx_word' id='word_1_307' title='bbox 1461 3936 1639 3988; x_wconf 66' lang='lat' dir='ltr'><strong>caelum</strong></span> <span class='ocrx_word' id='word_1_308' title='bbox 1688 3936 1997 3988; x_wconf 80' lang='lat' dir='ltr'><strong>concutietur</strong></span> <span class='ocrx_word' id='word_1_309' title='bbox 2016 3974 2032 4001; x_wconf 94' lang='lat'><strong>,</strong></span> <span class='ocrx_word' id='word_1_310' title='bbox 2063 3945 2108 3990; x_wconf 90' lang='lat' dir='ltr'><strong>et</strong></span> 
     </span>
    </p>
   </div>
   <div class='ocr_carea' id='block_1_39' title="bbox 536 4021 2108 4095">
    <p class='ocr_par' dir='ltr' id='par_1_39' title="bbox 536 4021 2108 4095">
     <span class='ocr_line' id='line_1_39' title="bbox 536 4021 2108 4095; baseline 0.004 -24"><span class='ocrx_word' id='word_1_311' title='bbox 536 4028 669 4071; x_wconf 88' lang='lat' dir='ltr'><strong>terra</strong></span> <span class='ocrx_word' id='word_1_312' title='bbox 707 4021 1092 4073; x_wconf 88' lang='lat' dir='ltr'><strong>commovebitur</strong></span> <span class='ocrx_word' id='word_1_313' title='bbox 1114 4039 1144 4073; x_wconf 91' lang='lat' dir='ltr'><strong>a</strong></span> <span class='ocrx_word' id='word_1_314' title='bbox 1174 4022 1514 4090; x_wconf 80' lang='lat' dir='ltr'><strong>fundamentis</strong></span> <span class='ocrx_word' id='word_1_315' title='bbox 1547 4026 1679 4089; x_wconf 88' lang='lat' dir='ltr'><strong>suis,</strong></span> <span class='ocrx_word' id='word_1_316' title='bbox 1714 4036 1916 4093; x_wconf 84' lang='lat' dir='ltr'><strong>propter</strong></span> <span class='ocrx_word' id='word_1_317' title='bbox 1962 4029 2108 4095; x_wconf 82' lang='lat' dir='ltr'><strong>[uro-</strong></span> 
     </span>
    </p>
   </div>
   <div class='ocr_carea' id='block_1_40' title="bbox 537 4110 2110 4186">
    <p class='ocr_par' dir='ltr' id='par_1_40' title="bbox 537 4110 2110 4186">
     <span class='ocr_line' id='line_1_40' title="bbox 537 4110 2110 4186; baseline 0.004 -23"><span class='ocrx_word' id='word_1_318' title='bbox 537 4128 643 4164; x_wconf 91' lang='lat' dir='ltr'><strong>rem</strong></span> <span class='ocrx_word' id='word_1_319' title='bbox 668 4112 758 4165; x_wconf 82' lang='lat' dir='ltr'><strong>ira:</strong></span> <span class='ocrx_word' id='word_1_320' title='bbox 788 4110 990 4165; x_wconf 87' lang='lat' dir='ltr'><strong>Dontini</strong></span> <span class='ocrx_word' id='word_1_321' title='bbox 1021 4112 1272 4178; x_wconf 81' lang='lat' dir='ltr'><strong>Sabaoth,</strong></span> <span class='ocrx_word' id='word_1_322' title='bbox 1300 4115 1351 4166; x_wconf 88' lang='lat' dir='ltr'><strong>in</strong></span> <span class='ocrx_word' id='word_1_323' title='bbox 1381 4115 1461 4168; x_wconf 86' lang='lat' dir='ltr'><strong>die</strong></span> <span class='ocrx_word' id='word_1_324' title='bbox 1486 4134 1584 4185; x_wconf 89' lang='lat' dir='ltr'><strong>qua</strong></span> <span class='ocrx_word' id='word_1_325' title='bbox 1628 4118 1936 4185; x_wconf 86' lang='lat' dir='ltr'><strong>superveniet</strong></span> <span class='ocrx_word' id='word_1_326' title='bbox 1967 4122 2110 4186; x_wconf 80' lang='lat' dir='ltr'><strong>furor</strong></span> 
     </span>
    </p>
   </div>
   <div class='ocr_carea' id='block_1_41' title="bbox 536 4201 2104 4278">
    <p class='ocr_par' dir='ltr' id='par_1_41' title="bbox 536 4201 2104 4278">
     <span class='ocr_line' id='line_1_41' title="bbox 536 4201 2104 4278; baseline 0.004 -22"><span class='ocrx_word' id='word_1_327' title='bbox 536 4204 645 4273; x_wconf 86' lang='lat' dir='ltr'><strong>ejus</strong></span> <span class='ocrx_word' id='word_1_328' title='bbox 673 4201 821 4273; x_wconf 89' lang='lat' dir='ltr'><strong>(Isai.</strong></span> <span class='ocrx_word' id='word_1_329' title='bbox 852 4204 936 4258; x_wconf 79' lang='grc'><strong>15.</strong></span> <span class='ocrx_word' id='word_1_330' title='bbox 963 4205 995 4259; x_wconf 88' lang='lat'>9</span> <span class='ocrx_word' id='word_1_331' title='bbox 1026 4205 1135 4274; x_wconf 79' lang='grc'><strong>15).</strong></span> <span class='ocrx_word' id='word_1_332' title='bbox 1164 4204 1232 4258; x_wconf 82' lang='grc' dir='ltr'><strong>Ει</strong></span> <span class='ocrx_word' id='word_1_333' title='bbox 1282 4222 1524 4271; x_wconf 88' lang='lat' dir='ltr'><strong>rursum,</strong></span> <span class='ocrx_word' id='word_1_334' title='bbox 1566 4206 1854 4270; x_wconf 74' lang='lat' dir='ltr'><strong>Fenestrw,</strong></span> <span class='ocrx_word' id='word_1_335' title='bbox 1904 4208 2104 4278; x_wconf 89' lang='lat' dir='ltr'><strong>inquit,</strong></span> 
     </span>
    </p>
   </div>
   <div class='ocr_carea' id='block_1_42' title="bbox 536 4296 2109 4367">
    <p class='ocr_par' dir='ltr' id='par_1_42' title="bbox 536 4296 2109 4367">
     <span class='ocr_line' id='line_1_42' title="bbox 536 4296 2109 4367; baseline 0.004 -20"><span class='ocrx_word' id='word_1_336' title='bbox 536 4298 599 4348; x_wconf 86' lang='lat' dir='ltr'><strong>de</strong></span> <span class='ocrx_word' id='word_1_337' title='bbox 643 4296 766 4349; x_wconf 72' lang='lat' dir='ltr'><strong>uelo</strong></span> <span class='ocrx_word' id='word_1_338' title='bbox 816 4297 1121 4366; x_wconf 86' lang='lat' dir='ltr'><strong>aperientur,</strong></span> <span class='ocrx_word' id='word_1_339' title='bbox 1166 4307 1211 4350; x_wconf 90' lang='lat' dir='ltr'><strong>et</strong></span> <span class='ocrx_word' id='word_1_340' title='bbox 1284 4301 1719 4351; x_wconf 88' lang='lat' dir='ltr'><strong>commovebuntur</strong></span> <span class='ocrx_word' id='word_1_341' title='bbox 1780 4299 2109 4367; x_wconf 77' lang='lat' dir='ltr'><strong>fundamenta</strong></span> 
     </span>
    </p>
   </div>
   <div class='ocr_carea' id='block_1_43' title="bbox 536 4382 2101 4461">
    <p class='ocr_par' dir='ltr' id='par_1_43' title="bbox 536 4382 2101 4461">
     <span class='ocr_line' id='line_1_43' title="bbox 536 4382 2101 4461; baseline 0.003 -23"><span class='ocrx_word' id='word_1_342' title='bbox 536 4392 705 4438; x_wconf 77' lang='lat' dir='ltr'><strong>teme:</strong></span> <span class='ocrx_word' id='word_1_343' title='bbox 717 4382 1009 4439; x_wconf 87' lang='lat' dir='ltr'><strong>turbatione</strong></span> <span class='ocrx_word' id='word_1_344' title='bbox 1023 4387 1315 4441; x_wconf 88' lang='lat' dir='ltr'><strong>turbabitur</strong></span> <span class='ocrx_word' id='word_1_345' title='bbox 1329 4395 1485 4455; x_wconf 91' lang='lat' dir='ltr'><strong>terra,</strong></span> <span class='ocrx_word' id='word_1_346' title='bbox 1499 4398 1721 4461; x_wconf 86' lang='lat' dir='ltr'><strong>egestate</strong></span> <span class='ocrx_word' id='word_1_347' title='bbox 1731 4390 1911 4458; x_wconf 88' lang='lat' dir='ltr'><strong>egebit,</strong></span> <span class='ocrx_word' id='word_1_348' title='bbox 1927 4390 2101 4459; x_wconf 83' lang='lat' dir='ltr'><strong>agita-</strong></span> 
     </span>
    </p>
   </div>
   <div class='ocr_carea' id='block_1_44' title="bbox 537 4477 2109 4552">
    <p class='ocr_par' dir='ltr' id='par_1_44' title="bbox 537 4477 2109 4552">
     <span class='ocr_line' id='line_1_44' title="bbox 537 4477 2109 4552; baseline 0.004 -23"><span class='ocrx_word' id='word_1_349' title='bbox 537 4477 671 4529; x_wconf 87' lang='lat' dir='ltr'><strong>tione</strong></span> <span class='ocrx_word' id='word_1_350' title='bbox 710 4477 982 4546; x_wconf 83' lang='lat' dir='ltr'><strong>agitabitur</strong></span> <span class='ocrx_word' id='word_1_351' title='bbox 1016 4479 1146 4531; x_wconf 88' lang='lat' dir='ltr'><strong>sicut</strong></span> <span class='ocrx_word' id='word_1_352' title='bbox 1190 4480 1353 4533; x_wconf 87' lang='lat' dir='ltr'><strong>ebrius</strong></span> <span class='ocrx_word' id='word_1_353' title='bbox 1390 4492 1437 4534; x_wconf 90' lang='lat' dir='ltr'><strong>et</strong></span> <span class='ocrx_word' id='word_1_354' title='bbox 1463 4482 1734 4552; x_wconf 80' lang='lat' dir='ltr'><strong>crapulatis</strong></span> <span class='ocrx_word' id='word_1_355' title='bbox 1762 4483 2109 4535; x_wconf 88' lang='lat' dir='ltr'><strong>:concutietur</strong></span> 
     </span>
    </p>
   </div>
   <div class='ocr_carea' id='block_1_45' title="bbox 535 4565 2108 4640">
    <p class='ocr_par' dir='ltr' id='par_1_45' title="bbox 535 4565 2108 4640">
     <span class='ocr_line' id='line_1_45' title="bbox 535 4565 2108 4640; baseline 0.004 -21"><span class='ocrx_word' id='word_1_356' title='bbox 535 4565 661 4619; x_wconf 84' lang='lat' dir='ltr'><strong>sicut</strong></span> <span class='ocrx_word' id='word_1_357' title='bbox 708 4567 963 4636; x_wconf 87' lang='lat' dir='ltr'><strong>tugurium</strong></span> <span class='ocrx_word' id='word_1_358' title='bbox 1008 4570 1288 4637; x_wconf 86' lang='lat' dir='ltr'><strong>pomarium</strong></span> <span class='ocrx_word' id='word_1_359' title='bbox 1342 4580 1476 4623; x_wconf 83' lang='lat' dir='ltr'><strong>terra</strong></span> <span class='ocrx_word' id='word_1_360' title='bbox 1511 4588 1531 4625; x_wconf 90' lang='lat'><em>:</em></span> <span class='ocrx_word' id='word_1_361' title='bbox 1570 4574 1745 4635; x_wconf 84' lang='lat' dir='ltr'><strong>cadet,</strong></span> <span class='ocrx_word' id='word_1_362' title='bbox 1796 4588 1884 4625; x_wconf 88' lang='lat' dir='ltr'><strong>nec</strong></span> <span class='ocrx_word' id='word_1_363' title='bbox 1931 4575 2108 4640; x_wconf 87' lang='lat' dir='ltr'><strong>poterit</strong></span> 
     </span>
    </p>
   </div>
   <div class='ocr_carea' id='block_1_46' title="bbox 535 4657 2107 4733">
    <p class='ocr_par' dir='ltr' id='par_1_46' title="bbox 535 4657 2107 4733">
     <span class='ocr_line' id='line_1_46' title="bbox 535 4657 2107 4733; baseline 0.004 -22"><span class='ocrx_word' id='word_1_364' title='bbox 535 4673 793 4726; x_wconf 85' lang='lat' dir='ltr'><strong>resurgere</strong></span> <span class='ocrx_word' id='word_1_365' title='bbox 820 4672 839 4709; x_wconf 90' lang='lat'><strong><em>:</em></strong></span> <span class='ocrx_word' id='word_1_366' title='bbox 862 4657 1069 4711; x_wconf 85' lang='lat' dir='ltr'><strong>invaluit</strong></span> <span class='ocrx_word' id='word_1_367' title='bbox 1096 4660 1228 4711; x_wconf 86' lang='lat' dir='ltr'><strong>enim</strong></span> <span class='ocrx_word' id='word_1_368' title='bbox 1256 4678 1407 4727; x_wconf 82' lang='lat' dir='ltr'><strong>super</strong></span> <span class='ocrx_word' id='word_1_369' title='bbox 1432 4680 1541 4715; x_wconf 88' lang='lat' dir='ltr'><strong>eam</strong></span> <span class='ocrx_word' id='word_1_370' title='bbox 1564 4665 1820 4733; x_wconf 85' lang='lat' dir='ltr'><strong>iniquitas.</strong></span> <span class='ocrx_word' id='word_1_371' title='bbox 1849 4662 1915 4716; x_wconf 85' lang='lat' dir='ltr'><strong>Et</strong></span> <span class='ocrx_word' id='word_1_372' title='bbox 1951 4665 2107 4718; x_wconf 87' lang='lat' dir='ltr'><strong>indu-</strong></span> 
     </span>
    </p>
   </div>
   <div class='ocr_carea' id='block_1_47' title="bbox 535 4748 2111 4817">
    <p class='ocr_par' dir='ltr' id='par_1_47' title="bbox 535 4748 2111 4817">
     <span class='ocr_line' id='line_1_47' title="bbox 535 4748 2111 4817; baseline 0.005 -15"><span class='ocrx_word' id='word_1_373' title='bbox 535 4758 611 4802; x_wconf 87' lang='lat' dir='ltr'><strong>cet</strong></span> <span class='ocrx_word' id='word_1_374' title='bbox 640 4748 775 4801; x_wconf 88' lang='lat' dir='ltr'><strong>Deus</strong></span> <span class='ocrx_word' id='word_1_375' title='bbox 793 4763 946 4817; x_wconf 86' lang='lat' dir='ltr'><strong>super</strong></span> <span class='ocrx_word' id='word_1_376' title='bbox 970 4758 1202 4802; x_wconf 88' lang='lat' dir='ltr'><strong>ornatum</strong></span> <span class='ocrx_word' id='word_1_377' title='bbox 1224 4750 1332 4802; x_wconf 68' lang='lat' dir='ltr'><strong>ereti</strong></span> <span class='ocrx_word' id='word_1_378' title='bbox 1352 4751 1405 4803; x_wconf 90' lang='lat' dir='ltr'><strong>in</strong></span> <span class='ocrx_word' id='word_1_379' title='bbox 1431 4752 1533 4805; x_wconf 87' lang='lat' dir='ltr'><strong>alto</strong></span> <span class='ocrx_word' id='word_1_380' title='bbox 1555 4770 1762 4806; x_wconf 79' lang='lat' dir='ltr'><strong>manuni</strong></span> <span class='ocrx_word' id='word_1_381' title='bbox 1784 4770 1928 4805; x_wconf 90' lang='lat' dir='ltr'><strong>suam</strong></span> <span class='ocrx_word' id='word_1_382' title='bbox 1953 4754 2005 4807; x_wconf 89' lang='lat' dir='ltr'><strong>in</strong></span> <span class='ocrx_word' id='word_1_383' title='bbox 2028 4756 2111 4810; x_wconf 89' lang='lat' dir='ltr'><strong>die</strong></span> 
     </span>
    </p>
   </div>
   <div class='ocr_carea' id='block_1_48' title="bbox 536 4840 2109 4916">
    <p class='ocr_par' dir='ltr' id='par_1_48' title="bbox 536 4840 2109 4916">
     <span class='ocr_line' id='line_1_48' title="bbox 536 4840 2109 4916; baseline 0.005 -25"><span class='ocrx_word' id='word_1_384' title='bbox 536 4840 626 4892; x_wconf 87' lang='lat' dir='ltr'><strong>illa</strong></span> <span class='ocrx_word' id='word_1_385' title='bbox 649 4880 664 4904; x_wconf 91' lang='lat'><strong>,</strong></span> <span class='ocrx_word' id='word_1_386' title='bbox 692 4848 740 4893; x_wconf 91' lang='lat' dir='ltr'><strong>et</strong></span> <span class='ocrx_word' id='word_1_387' title='bbox 766 4854 917 4907; x_wconf 87' lang='lat' dir='ltr'><strong>super</strong></span> <span class='ocrx_word' id='word_1_388' title='bbox 943 4854 1100 4906; x_wconf 86' lang='lat' dir='ltr'><strong>regna</strong></span> <span class='ocrx_word' id='word_1_389' title='bbox 1139 4848 1283 4891; x_wconf 76' lang='lat' dir='ltr'><strong>terrae</strong></span> <span class='ocrx_word' id='word_1_390' title='bbox 1316 4853 1335 4891; x_wconf 88' lang='lat'><strong><em>:</em></strong></span> <span class='ocrx_word' id='word_1_391' title='bbox 1357 4848 1405 4892; x_wconf 91' lang='lat' dir='ltr'><strong>et</strong></span> <span class='ocrx_word' id='word_1_392' title='bbox 1431 4842 1800 4911; x_wconf 88' lang='lat' dir='ltr'><strong>congregabunt</strong></span> <span class='ocrx_word' id='word_1_393' title='bbox 1828 4860 2109 4916; x_wconf 84' lang='lat' dir='ltr'><strong>congrega-</strong></span> 
     </span>
    </p>
   </div>
   <div class='ocr_carea' id='block_1_49' title="bbox 536 4928 2110 4999">
    <p class='ocr_par' dir='ltr' id='par_1_49' title="bbox 536 4928 2110 4999">
     <span class='ocr_line' id='line_1_49' title="bbox 536 4928 2110 4999; baseline 0.006 -20"><span class='ocrx_word' id='word_1_394' title='bbox 536 4930 719 4981; x_wconf 88' lang='lat' dir='ltr'><strong>tionem</strong></span> <span class='ocrx_word' id='word_1_395' title='bbox 749 4929 858 4999; x_wconf 86' lang='lat' dir='ltr'><strong>ejus</strong></span> <span class='ocrx_word' id='word_1_396' title='bbox 897 4928 949 4980; x_wconf 89' lang='lat' dir='ltr'><strong>in</strong></span> <span class='ocrx_word' id='word_1_397' title='bbox 976 4942 1221 4979; x_wconf 86' lang='lat' dir='ltr'><strong>carcerem</strong></span> <span class='ocrx_word' id='word_1_398' title='bbox 1246 4968 1259 4990; x_wconf 94' lang='lat'><strong>,</strong></span> <span class='ocrx_word' id='word_1_399' title='bbox 1288 4937 1335 4981; x_wconf 91' lang='lat' dir='ltr'><strong>et</strong></span> <span class='ocrx_word' id='word_1_400' title='bbox 1372 4929 1633 4983; x_wconf 86' lang='lat' dir='ltr'><strong>occludent</strong></span> <span class='ocrx_word' id='word_1_401' title='bbox 1682 4934 1734 4985; x_wconf 91' lang='lat' dir='ltr'><strong>in</strong></span> <span class='ocrx_word' id='word_1_402' title='bbox 1782 4934 2110 4991; x_wconf 87' lang='lat' dir='ltr'><strong>munitionem</strong></span> 
     </span>
    </p>
   </div>
   <div class='ocr_carea' id='block_1_50' title="bbox 538 5016 2110 5088">
    <p class='ocr_par' dir='ltr' id='par_1_50' title="bbox 538 5016 2110 5088">
     <span class='ocr_line' id='line_1_50' title="bbox 538 5016 2110 5088; baseline 0.008 -18"><span class='ocrx_word' id='word_1_403' title='bbox 538 5018 689 5087; x_wconf 85' lang='lat' dir='ltr'><strong>(Isai.</strong></span> <span class='ocrx_word' id='word_1_404' title='bbox 714 5017 1042 5088; x_wconf 65' lang='lat'><strong>24.19-22).</strong></span> <span class='ocrx_word' id='word_1_405' title='bbox 1070 5016 1351 5073; x_wconf 82' lang='lat' dir='ltr'><strong>Malachias</strong></span> <span class='ocrx_word' id='word_1_406' title='bbox 1399 5020 1524 5074; x_wconf 90' lang='lat' dir='ltr'><strong>item</strong></span> <span class='ocrx_word' id='word_1_407' title='bbox 1556 5020 1639 5075; x_wconf 89' lang='lat' dir='ltr'><strong>his</strong></span> <span class='ocrx_word' id='word_1_408' title='bbox 1682 5036 1913 5077; x_wconf 90' lang='lat' dir='ltr'><strong>consona</strong></span> <span class='ocrx_word' id='word_1_409' title='bbox 1956 5026 2110 5082; x_wconf 92' lang='lat' dir='ltr'><strong>locu-</strong></span> 
     </span>
    </p>
   </div>
   <div class='ocr_carea' id='block_1_51' title="bbox 538 5108 2112 5182">
    <p class='ocr_par' dir='ltr' id='par_1_51' title="bbox 538 5108 2112 5182">
     <span class='ocr_line' id='line_1_51' title="bbox 538 5108 2112 5182; baseline 0.007 -22"><span class='ocrx_word' id='word_1_410' title='bbox 538 5121 620 5165; x_wconf 89' lang='lat' dir='ltr'><strong>tus</strong></span> <span class='ocrx_word' id='word_1_411' title='bbox 650 5121 729 5165; x_wconf 91' lang='lat' dir='ltr'><strong>cst</strong></span> <span class='ocrx_word' id='word_1_412' title='bbox 761 5128 775 5164; x_wconf 89' lang='lat'><strong>:</strong></span> <span class='ocrx_word' id='word_1_413' title='bbox 809 5110 937 5164; x_wconf 82' lang='lat' dir='ltr'><strong>Ecce</strong></span> <span class='ocrx_word' id='word_1_414' title='bbox 963 5111 1090 5164; x_wconf 75' lang='lat' dir='ltr'><strong>venit</strong></span> <span class='ocrx_word' id='word_1_415' title='bbox 1120 5108 1365 5164; x_wconf 88' lang='lat' dir='ltr'><strong>Dominus</strong></span> <span class='ocrx_word' id='word_1_416' title='bbox 1392 5112 1708 5181; x_wconf 90' lang='lat' dir='ltr'><strong>omnipotens</strong></span> <span class='ocrx_word' id='word_1_417' title='bbox 1728 5154 1743 5179; x_wconf 96' lang='lat'><strong>,</strong></span> <span class='ocrx_word' id='word_1_418' title='bbox 1772 5124 1818 5167; x_wconf 89' lang='lat' dir='ltr'><strong>et</strong></span> <span class='ocrx_word' id='word_1_419' title='bbox 1842 5117 1958 5182; x_wconf 86' lang='lat' dir='ltr'><strong>quis</strong></span> <span class='ocrx_word' id='word_1_420' title='bbox 2000 5135 2112 5172; x_wconf 61' lang='lat' dir='ltr'><strong>sus.</strong></span> 
     </span>
    </p>
   </div>
   <div class='ocr_carea' id='block_1_52' title="bbox 538 5202 2113 5274">
    <p class='ocr_par' dir='ltr' id='par_1_52' title="bbox 538 5202 2113 5274">
     <span class='ocr_line' id='line_1_52' title="bbox 538 5202 2113 5274; baseline 0.007 -23"><span class='ocrx_word' id='word_1_421' title='bbox 538 5202 708 5255; x_wconf 84' lang='lat' dir='ltr'><strong>tincbit</strong></span> <span class='ocrx_word' id='word_1_422' title='bbox 761 5204 892 5255; x_wconf 86' lang='lat' dir='ltr'><strong>diem</strong></span> <span class='ocrx_word' id='word_1_423' title='bbox 939 5203 1192 5271; x_wconf 87' lang='lat' dir='ltr'><strong>ingressus</strong></span> <span class='ocrx_word' id='word_1_424' title='bbox 1232 5202 1340 5271; x_wconf 86' lang='lat' dir='ltr'><strong>ejus</strong></span> <span class='ocrx_word' id='word_1_425' title='bbox 1364 5202 1389 5254; x_wconf 72' lang='lat'><strong>.9</strong></span> <span class='ocrx_word' id='word_1_426' title='bbox 1415 5212 1502 5255; x_wconf 90' lang='lat' dir='ltr'><strong>aut</strong></span> <span class='ocrx_word' id='word_1_427' title='bbox 1544 5205 1654 5274; x_wconf 88' lang='lat' dir='ltr'><strong>quis</strong></span> <span class='ocrx_word' id='word_1_428' title='bbox 1701 5206 1931 5259; x_wconf 83' lang='lat' dir='ltr'><strong>subsistet</strong></span> <span class='ocrx_word' id='word_1_429' title='bbox 1956 5209 2011 5261; x_wconf 92' lang='lat' dir='ltr'><strong>in</strong></span> <span class='ocrx_word' id='word_1_430' title='bbox 2039 5210 2113 5263; x_wconf 87' lang='lat' dir='ltr'><strong>vi-</strong></span> 
     </span>
    </p>
   </div>
   <div class='ocr_carea' id='block_1_53' title="bbox 538 5292 2108 5368">
    <p class='ocr_par' dir='ltr' id='par_1_53' title="bbox 538 5292 2108 5368">
     <span class='ocr_line' id='line_1_53' title="bbox 538 5292 2108 5368; baseline 0.008 -27"><span class='ocrx_word' id='word_1_431' title='bbox 538 5292 674 5343; x_wconf 85' lang='lat' dir='ltr'><strong>sione</strong></span> <span class='ocrx_word' id='word_1_432' title='bbox 701 5294 811 5362; x_wconf 86' lang='lat' dir='ltr'><strong>ejus</strong></span> <span class='ocrx_word' id='word_1_433' title='bbox 831 5295 856 5347; x_wconf 78' lang='lat'><strong><em>?</em></strong></span> <span class='ocrx_word' id='word_1_434' title='bbox 889 5292 1021 5358; x_wconf 74' lang='lat' dir='ltr'><strong>Quia</strong></span> <span class='ocrx_word' id='word_1_435' title='bbox 1046 5296 1153 5364; x_wconf 90' lang='lat' dir='ltr'><strong>ipse</strong></span> <span class='ocrx_word' id='word_1_436' title='bbox 1180 5292 1458 5361; x_wconf 87' lang='lat' dir='ltr'><strong>ingreditur</strong></span> <span class='ocrx_word' id='word_1_437' title='bbox 1478 5296 1605 5348; x_wconf 89' lang='lat' dir='ltr'><strong>sicut</strong></span> <span class='ocrx_word' id='word_1_438' title='bbox 1634 5296 1764 5365; x_wconf 88' lang='lat' dir='ltr'><strong>ignis</strong></span> <span class='ocrx_word' id='word_1_439' title='bbox 1788 5300 2075 5367; x_wconf 87' lang='lat' dir='ltr'><strong>con/latorii</strong></span> <span class='ocrx_word' id='word_1_440' title='bbox 2092 5344 2108 5368; x_wconf 92' lang='lat'><strong>,</strong></span> 
     </span>
    </p>
   </div>
   <div class='ocr_carea' id='block_1_54' title="bbox 540 5382 2113 5460">
    <p class='ocr_par' dir='ltr' id='par_1_54' title="bbox 540 5382 2113 5460">
     <span class='ocr_line' id='line_1_54' title="bbox 540 5382 2113 5460; baseline 0.008 -29"><span class='ocrx_word' id='word_1_441' title='bbox 540 5391 583 5431; x_wconf 89' lang='lat' dir='ltr'><strong>et</strong></span> <span class='ocrx_word' id='word_1_442' title='bbox 612 5382 738 5433; x_wconf 90' lang='lat' dir='ltr'><strong>sicut</strong></span> <span class='ocrx_word' id='word_1_443' title='bbox 765 5384 917 5437; x_wconf 86' lang='lat' dir='ltr'><strong>herba</strong></span> <span class='ocrx_word' id='word_1_444' title='bbox 938 5384 1210 5437; x_wconf 88' lang='lat' dir='ltr'><strong>lavantium</strong></span> <span class='ocrx_word' id='word_1_445' title='bbox 1240 5396 1260 5437; x_wconf 92' lang='lat'><strong><em>:</em></strong></span> <span class='ocrx_word' id='word_1_446' title='bbox 1284 5391 1331 5435; x_wconf 94' lang='lat' dir='ltr'><strong>et</strong></span> <span class='ocrx_word' id='word_1_447' title='bbox 1352 5382 1534 5437; x_wconf 87' lang='lat' dir='ltr'><strong>sedebit</strong></span> <span class='ocrx_word' id='word_1_448' title='bbox 1559 5387 1787 5454; x_wconf 77' lang='lat' dir='ltr'><strong>con/laus</strong></span> <span class='ocrx_word' id='word_1_449' title='bbox 1814 5398 1859 5441; x_wconf 87' lang='lat' dir='ltr'><strong>et</strong></span> <span class='ocrx_word' id='word_1_450' title='bbox 1889 5407 2113 5460; x_wconf 87' lang='lat' dir='ltr'><strong>purgans</strong></span> 
     </span>
    </p>
   </div>
   <div class='ocr_carea' id='block_1_55' title="bbox 541 5472 2110 5550">
    <p class='ocr_par' dir='ltr' id='par_1_55' title="bbox 541 5472 2110 5550">
     <span class='ocr_line' id='line_1_55' title="bbox 541 5472 2110 5550; baseline 0.01 -29"><span class='ocrx_word' id='word_1_451' title='bbox 541 5472 682 5541; x_wconf 84' lang='lat' dir='ltr'><strong>quasi</strong></span> <span class='ocrx_word' id='word_1_452' title='bbox 701 5484 963 5542; x_wconf 89' lang='lat' dir='ltr'><strong>argentum</strong></span> <span class='ocrx_word' id='word_1_453' title='bbox 991 5487 1036 5529; x_wconf 85' lang='lat' dir='ltr'><strong>et</strong></span> <span class='ocrx_word' id='word_1_454' title='bbox 1057 5491 1233 5528; x_wconf 90' lang='lat' dir='ltr'><strong>aurum</strong></span> <span class='ocrx_word' id='word_1_455' title='bbox 1263 5472 1513 5545; x_wconf 79' lang='lat' dir='ltr'><strong>(Malach.</strong></span> <span class='ocrx_word' id='word_1_456' title='bbox 1539 5477 1591 5529; x_wconf 82' lang='grc'><strong>5.</strong></span> <span class='ocrx_word' id='word_1_457' title='bbox 1612 5477 1667 5529; x_wconf 74' lang='grc'><strong>2.</strong></span> <span class='ocrx_word' id='word_1_458' title='bbox 1697 5477 1772 5550; x_wconf 76' lang='grc'><strong>5).</strong></span> <span class='ocrx_word' id='word_1_459' title='bbox 1796 5480 1861 5533; x_wconf 87' lang='lat' dir='ltr'><strong>Et</strong></span> <span class='ocrx_word' id='word_1_460' title='bbox 1879 5496 2110 5547; x_wconf 87' lang='lat' dir='ltr'><strong>rursum,</strong></span> 
     </span>
    </p>
   </div>
   <div class='ocr_carea' id='block_1_56' title="bbox 542 5562 2115 5639">
    <p class='ocr_par' dir='ltr' id='par_1_56' title="bbox 542 5562 2115 5639">
     <span class='ocr_line' id='line_1_56' title="bbox 542 5562 2115 5639; baseline 0.006 -22"><span class='ocrx_word' id='word_1_461' title='bbox 542 5562 709 5629; x_wconf 86' lang='lat' dir='ltr'><strong>Ecce,</strong></span> <span class='ocrx_word' id='word_1_462' title='bbox 744 5564 945 5632; x_wconf 89' lang='lat' dir='ltr'><strong>inquit,</strong></span> <span class='ocrx_word' id='word_1_463' title='bbox 990 5570 1096 5622; x_wconf 84' lang='lat' dir='ltr'><strong>dies</strong></span> <span class='ocrx_word' id='word_1_464' title='bbox 1124 5566 1329 5621; x_wconf 89' lang='lat' dir='ltr'><strong>Domini</strong></span> <span class='ocrx_word' id='word_1_465' title='bbox 1360 5567 1487 5619; x_wconf 88' lang='lat' dir='ltr'><strong>venit</strong></span> <span class='ocrx_word' id='word_1_466' title='bbox 1511 5583 1719 5621; x_wconf 87' lang='lat' dir='ltr'><strong>accensa</strong></span> <span class='ocrx_word' id='word_1_467' title='bbox 1752 5580 1804 5621; x_wconf 93' lang='lat' dir='ltr'><strong>ut</strong></span> <span class='ocrx_word' id='word_1_468' title='bbox 1834 5575 2037 5639; x_wconf 69' lang='grc' dir='ltr'><strong>[οι-ηπ,</strong></span> <span class='ocrx_word' id='word_1_469' title='bbox 2070 5584 2115 5626; x_wconf 91' lang='lat' dir='ltr'><strong>et</strong></span> 
     </span>
    </p>
   </div>
   <div class='ocr_carea' id='block_1_57' title="bbox 541 5659 2109 5729">
    <p class='ocr_par' dir='ltr' id='par_1_57' title="bbox 541 5659 2109 5729">
     <span class='ocr_line' id='line_1_57' title="bbox 541 5659 2109 5729; baseline 0.004 -17"><span class='ocrx_word' id='word_1_470' title='bbox 541 5659 869 5726; x_wconf 66' lang='lat' dir='ltr'><strong>iizﬂamntabit</strong></span> <span class='ocrx_word' id='word_1_471' title='bbox 899 5675 1001 5712; x_wconf 88' lang='lat' dir='ltr'><strong>eos.</strong></span> <span class='ocrx_word' id='word_1_472' title='bbox 1035 5661 1098 5713; x_wconf 83' lang='lat' dir='ltr'><strong>Et</strong></span> <span class='ocrx_word' id='word_1_473' title='bbox 1127 5671 1270 5715; x_wconf 86' lang='lat' dir='ltr'><strong>erunt</strong></span> <span class='ocrx_word' id='word_1_474' title='bbox 1297 5676 1463 5714; x_wconf 82' lang='lat' dir='ltr'><strong>omnes</strong></span> <span class='ocrx_word' id='word_1_475' title='bbox 1494 5660 1787 5729; x_wconf 83' lang='lat' dir='ltr'><strong>alienigena:</strong></span> <span class='ocrx_word' id='word_1_476' title='bbox 1816 5678 1833 5713; x_wconf 90' lang='lat'><strong><em>:</em></strong></span> <span class='ocrx_word' id='word_1_477' title='bbox 1864 5672 1911 5715; x_wconf 91' lang='lat' dir='ltr'><strong>et</strong></span> <span class='ocrx_word' id='word_1_478' title='bbox 1936 5680 2109 5719; x_wconf 89' lang='lat' dir='ltr'><strong>omnes</strong></span> 
     </span>
    </p>
   </div>
   <div class='ocr_carea' id='block_1_58' title="bbox 542 5750 2111 5822">
    <p class='ocr_par' dir='ltr' id='par_1_58' title="bbox 542 5750 2111 5822">
     <span class='ocr_line' id='line_1_58' title="bbox 542 5750 2111 5822; baseline 0.001 -17"><span class='ocrx_word' id='word_1_479' title='bbox 542 5758 801 5821; x_wconf 89' lang='lat' dir='ltr'><strong>operantes</strong></span> <span class='ocrx_word' id='word_1_480' title='bbox 826 5750 996 5818; x_wconf 84' lang='lat' dir='ltr'><strong>iniqua</strong></span> <span class='ocrx_word' id='word_1_481' title='bbox 1018 5792 1032 5814; x_wconf 89' lang='lat'><strong>,</strong></span> <span class='ocrx_word' id='word_1_482' title='bbox 1058 5752 1256 5806; x_wconf 87' lang='lat' dir='ltr'><strong>arundo</strong></span> <span class='ocrx_word' id='word_1_483' title='bbox 1281 5768 1300 5807; x_wconf 89' lang='lat'><strong><em>:</em></strong></span> <span class='ocrx_word' id='word_1_484' title='bbox 1324 5761 1370 5809; x_wconf 85' lang='lat' dir='ltr'><strong>et</strong></span> <span class='ocrx_word' id='word_1_485' title='bbox 1392 5750 1623 5805; x_wconf 87' lang='lat' dir='ltr'><strong>accendet</strong></span> <span class='ocrx_word' id='word_1_486' title='bbox 1648 5767 1728 5805; x_wconf 89' lang='lat' dir='ltr'><strong>eos</strong></span> <span class='ocrx_word' id='word_1_487' title='bbox 1758 5752 1863 5804; x_wconf 89' lang='lat' dir='ltr'><strong>dies</strong></span> <span class='ocrx_word' id='word_1_488' title='bbox 1884 5763 2111 5822; x_wconf 88' lang='lat' dir='ltr'><strong>ventura,</strong></span> 
     </span>
    </p>
   </div>
   <div class='ocr_carea' id='block_1_59' title="bbox 543 5840 2112 5913">
    <p class='ocr_par' dir='ltr' id='par_1_59' title="bbox 543 5840 2112 5913">
     <span class='ocr_line' id='line_1_59' title="bbox 543 5840 2112 5913; baseline 0.001 -17"><span class='ocrx_word' id='word_1_489' title='bbox 543 5846 663 5899; x_wconf 80' lang='lat' dir='ltr'><strong>dicit</strong></span> <span class='ocrx_word' id='word_1_490' title='bbox 686 5840 929 5894; x_wconf 86' lang='lat' dir='ltr'><strong>Dominus</strong></span> <span class='ocrx_word' id='word_1_491' title='bbox 960 5843 1293 5911; x_wconf 84' lang='lat' dir='ltr'><strong>omnipotens,</strong></span> <span class='ocrx_word' id='word_1_492' title='bbox 1326 5862 1415 5899; x_wconf 90' lang='lat' dir='ltr'><strong>nec</strong></span> <span class='ocrx_word' id='word_1_493' title='bbox 1442 5843 1783 5913; x_wconf 87' lang='lat' dir='ltr'><strong>relinquentur</strong></span> <span class='ocrx_word' id='word_1_494' title='bbox 1818 5844 1988 5908; x_wconf 74' lang='lat' dir='ltr'><strong>radix,</strong></span> <span class='ocrx_word' id='word_1_495' title='bbox 2021 5862 2112 5898; x_wconf 81' lang='lat' dir='ltr'><strong>ne-</strong></span> 
     </span>
    </p>
   </div>
   <div class='ocr_carea' id='block_1_60' title="bbox 543 5932 2113 6007">
    <p class='ocr_par' dir='ltr' id='par_1_60' title="bbox 543 5932 2113 6007">
     <span class='ocr_line' id='line_1_60' title="bbox 543 5932 2113 6007; baseline 0.003 -17"><span class='ocrx_word' id='word_1_496' title='bbox 543 5953 636 6007; x_wconf 79' lang='lat' dir='ltr'><strong>que</strong></span> <span class='ocrx_word' id='word_1_497' title='bbox 661 5938 848 6006; x_wconf 82' lang='lat' dir='ltr'><strong>palntes</strong></span> <span class='ocrx_word' id='word_1_498' title='bbox 875 5932 1123 6005; x_wconf 78' lang='lat' dir='ltr'><strong>(Malach.</strong></span> <span class='ocrx_word' id='word_1_499' title='bbox 1147 5936 1199 5989; x_wconf 80' lang='grc'><strong>4.</strong></span> <span class='ocrx_word' id='word_1_500' title='bbox 1238 5939 1309 6007; x_wconf 89' lang='grc'><strong>1).</strong></span> <span class='ocrx_word' id='word_1_501' title='bbox 1344 5939 1435 5993; x_wconf 84' lang='lat' dir='ltr'><strong>Vir</strong></span> <span class='ocrx_word' id='word_1_502' title='bbox 1474 5947 1649 5994; x_wconf 87' lang='lat' dir='ltr'><strong>autem</strong></span> <span class='ocrx_word' id='word_1_503' title='bbox 1697 5938 1782 5993; x_wconf 84' lang='lat' dir='ltr'><strong>ille</strong></span> <span class='ocrx_word' id='word_1_504' title='bbox 1815 5936 2113 5995; x_wconf 80' lang='lat' dir='ltr'><strong>desiderio-</strong></span> 
     </span>
    </p>
   </div>
   <div class='ocr_carea' id='block_1_61' title="bbox 1629 547 2582 613">
    <p class='ocr_par' dir='ltr' id='par_1_61' title="bbox 1629 547 2582 613">
     <span class='ocr_line' id='line_1_61' title="bbox 1629 547 2582 613; baseline 0.013 -15"><span class='ocrx_word' id='word_1_505' title='bbox 1629 548 1717 600; x_wconf 67' lang='grc' dir='ltr'><strong>ΑΙ)</strong></span> <span class='ocrx_word' id='word_1_506' title='bbox 1758 547 2173 607; x_wconf 65' lang='grc' dir='ltr'><strong>ΤὶΞΕΟῡΟΒΕΗ</strong></span> <span class='ocrx_word' id='word_1_507' title='bbox 2210 552 2499 613; x_wconf 75' lang='lat' dir='ltr'><strong>LAPSUM.</strong></span> <span class='ocrx_word' id='word_1_508' title='bbox 2542 555 2582 610; x_wconf 87' lang='grc' dir='ltr'><strong>Ι.</strong></span> 
     </span>
    </p>
   </div>
   <div class='ocr_carea' id='block_1_62' title="bbox 3686 568 3785 624">
    <p class='ocr_par' dir='ltr' id='par_1_62' title="bbox 3686 568 3785 624">
     <span class='ocr_line' id='line_1_62' title="bbox 3686 568 3785 624; baseline -0.01 0"><span class='ocrx_word' id='word_1_509' title='bbox 3686 568 3785 624; x_wconf 70' lang='lat' dir='ltr'><strong>‘ltll</strong></span> 
     </span>
    </p>
   </div>
   <div class='ocr_carea' id='block_1_63' title="bbox 2224 667 3801 751">
    <p class='ocr_par' dir='ltr' id='par_1_63' title="bbox 2224 667 3801 751">
     <span class='ocr_line' id='line_1_63' title="bbox 2224 667 3801 751; baseline 0.01 -34"><span class='ocrx_word' id='word_1_510' title='bbox 2224 681 2341 721; x_wconf 89' lang='lat' dir='ltr'><strong>rum</strong></span> <span class='ocrx_word' id='word_1_511' title='bbox 2368 711 2383 733; x_wconf 96' lang='lat'><strong>,</strong></span> <span class='ocrx_word' id='word_1_512' title='bbox 2427 667 2698 737; x_wconf 85' lang='lat' dir='ltr'><strong>Videbam,</strong></span> <span class='ocrx_word' id='word_1_513' title='bbox 2730 673 2932 743; x_wconf 90' lang='lat' dir='ltr'><strong>inquit,</strong></span> <span class='ocrx_word' id='word_1_514' title='bbox 2963 678 3117 734; x_wconf 67' lang='lat' dir='ltr'><strong>donec</strong></span> <span class='ocrx_word' id='word_1_515' title='bbox 3156 678 3326 731; x_wconf 81' lang='lat' dir='ltr'><strong>throni</strong></span> <span class='ocrx_word' id='word_1_516' title='bbox 3367 670 3521 751; x_wconf 82' lang='lat' dir='ltr'><strong>positi</strong></span> <span class='ocrx_word' id='word_1_517' title='bbox 3558 691 3711 747; x_wconf 80' lang='lat' dir='ltr'><strong>sunt,</strong></span> <span class='ocrx_word' id='word_1_518' title='bbox 3748 689 3801 733; x_wconf 86' lang='lat' dir='ltr'><strong>et</strong></span> 
     </span>
    </p>
   </div>
   <div class='ocr_carea' id='block_1_64' title="bbox 2221 760 3805 838">
    <p class='ocr_par' dir='ltr' id='par_1_64' title="bbox 2221 760 3805 838">
     <span class='ocr_line' id='line_1_64' title="bbox 2221 760 3805 838; baseline 0.007 -29"><span class='ocrx_word' id='word_1_519' title='bbox 2221 761 2457 828; x_wconf 84' lang='lat' dir='ltr'><strong>antiquus</strong></span> <span class='ocrx_word' id='word_1_520' title='bbox 2485 760 2673 816; x_wconf 85' lang='lat' dir='ltr'><strong>dierum</strong></span> <span class='ocrx_word' id='word_1_521' title='bbox 2703 765 2902 818; x_wconf 81' lang='lat' dir='ltr'><strong>sedebat</strong></span> <span class='ocrx_word' id='word_1_522' title='bbox 2933 781 2951 818; x_wconf 90' lang='lat'><strong><em>:</em></strong></span> <span class='ocrx_word' id='word_1_523' title='bbox 2977 776 3021 818; x_wconf 91' lang='lat' dir='ltr'><strong>et</strong></span> <span class='ocrx_word' id='word_1_524' title='bbox 3049 769 3385 820; x_wconf 84' lang='lat' dir='ltr'><strong>vestimentum</strong></span> <span class='ocrx_word' id='word_1_525' title='bbox 3426 769 3533 838; x_wconf 71' lang='lat' dir='ltr'><strong>ejus</strong></span> <span class='ocrx_word' id='word_1_526' title='bbox 3562 770 3688 821; x_wconf 82' lang='lat' dir='ltr'><strong>sicut</strong></span> <span class='ocrx_word' id='word_1_527' title='bbox 3712 774 3805 820; x_wconf 77' lang='lat' dir='ltr'><strong>nia:</strong></span> 
     </span>
    </p>
   </div>
   <div class='ocr_carea' id='block_1_65' title="bbox 2224 850 3800 926">
    <p class='ocr_par' dir='ltr' id='par_1_65' title="bbox 2224 850 3800 926">
     <span class='ocr_line' id='line_1_65' title="bbox 2224 850 3800 926; baseline 0.007 -26"><span class='ocrx_word' id='word_1_528' title='bbox 2224 850 2392 901; x_wconf 76' lang='lat' dir='ltr'><strong>allzum</strong></span> <span class='ocrx_word' id='word_1_529' title='bbox 2416 892 2430 913; x_wconf 92' lang='lat'><strong>,</strong></span> <span class='ocrx_word' id='word_1_530' title='bbox 2455 853 2667 919; x_wconf 84' lang='lat' dir='ltr'><strong>capillus</strong></span> <span class='ocrx_word' id='word_1_531' title='bbox 2693 856 2873 924; x_wconf 87' lang='lat' dir='ltr'><strong>capitis</strong></span> <span class='ocrx_word' id='word_1_532' title='bbox 2899 857 3007 926; x_wconf 83' lang='lat' dir='ltr'><strong>ejus</strong></span> <span class='ocrx_word' id='word_1_533' title='bbox 3032 858 3173 924; x_wconf 84' lang='lat' dir='ltr'><strong>quasi</strong></span> <span class='ocrx_word' id='word_1_534' title='bbox 3200 859 3318 908; x_wconf 87' lang='lat' dir='ltr'><strong>lana</strong></span> <span class='ocrx_word' id='word_1_535' title='bbox 3342 862 3528 910; x_wconf 89' lang='lat' dir='ltr'><strong>munda</strong></span> <span class='ocrx_word' id='word_1_536' title='bbox 3546 873 3567 911; x_wconf 89' lang='lat'><strong><em>:</em></strong></span> <span class='ocrx_word' id='word_1_537' title='bbox 3591 858 3800 911; x_wconf 79' lang='lat' dir='ltr'><strong>thronus</strong></span> 
     </span>
    </p>
   </div>
   <div class='ocr_carea' id='block_1_66' title="bbox 2225 939 3795 1016">
    <p class='ocr_par' dir='ltr' id='par_1_66' title="bbox 2225 939 3795 1016">
     <span class='ocr_line' id='line_1_66' title="bbox 2225 939 3795 1016; baseline 0.006 -27"><span class='ocrx_word' id='word_1_538' title='bbox 2225 942 2334 1006; x_wconf 85' lang='lat' dir='ltr'><strong>ejus</strong></span> <span class='ocrx_word' id='word_1_539' title='bbox 2361 939 2566 1006; x_wconf 78' lang='lat' dir='ltr'><strong>ﬂamma</strong></span> <span class='ocrx_word' id='word_1_540' title='bbox 2592 942 2722 1011; x_wconf 85' lang='lat' dir='ltr'><strong>ignis</strong></span> <span class='ocrx_word' id='word_1_541' title='bbox 2743 985 2757 1005; x_wconf 90' lang='lat'><strong>,</strong></span> <span class='ocrx_word' id='word_1_542' title='bbox 2786 954 2833 995; x_wconf 86' lang='lat' dir='ltr'><strong>et</strong></span> <span class='ocrx_word' id='word_1_543' title='bbox 2858 955 2981 998; x_wconf 80' lang='lat' dir='ltr'><strong>rota:</strong></span> <span class='ocrx_word' id='word_1_544' title='bbox 3007 947 3113 1014; x_wconf 74' lang='lat' dir='ltr'><strong>ejus</strong></span> <span class='ocrx_word' id='word_1_545' title='bbox 3142 946 3272 1015; x_wconf 87' lang='lat' dir='ltr'><strong>ignis</strong></span> <span class='ocrx_word' id='word_1_546' title='bbox 3296 946 3620 1013; x_wconf 81' lang='lat' dir='ltr'><strong>inﬂammans</strong></span> <span class='ocrx_word' id='word_1_547' title='bbox 3644 963 3662 999; x_wconf 91' lang='lat'><em>:</em></span> <span class='ocrx_word' id='word_1_548' title='bbox 3693 947 3795 1016; x_wconf 82' lang='lat' dir='ltr'><strong>ﬂu-</strong></span> 
     </span>
    </p>
   </div>
   <div class='ocr_carea' id='block_1_67' title="bbox 2224 1029 3803 1103">
    <p class='ocr_par' dir='ltr' id='par_1_67' title="bbox 2224 1029 3803 1103">
     <span class='ocr_line' id='line_1_67' title="bbox 2224 1029 3803 1103; baseline 0.005 -23"><span class='ocrx_word' id='word_1_549' title='bbox 2224 1030 2333 1092; x_wconf 85' lang='lat' dir='ltr'><strong>vius</strong></span> <span class='ocrx_word' id='word_1_550' title='bbox 2370 1029 2501 1098; x_wconf 89' lang='lat' dir='ltr'><strong>ignis</strong></span> <span class='ocrx_word' id='word_1_551' title='bbox 2526 1032 2752 1085; x_wconf 77' lang='lat' dir='ltr'><strong>trahebat</strong></span> <span class='ocrx_word' id='word_1_552' title='bbox 2787 1036 3107 1103; x_wconf 72' lang='lat' dir='ltr'><strong>progrediens</strong></span> <span class='ocrx_word' id='word_1_553' title='bbox 3143 1046 3260 1089; x_wconf 88' lang='lat' dir='ltr'><strong>ante</strong></span> <span class='ocrx_word' id='word_1_554' title='bbox 3303 1052 3434 1089; x_wconf 82' lang='lat' dir='ltr'><strong>eum.</strong></span> <span class='ocrx_word' id='word_1_555' title='bbox 3463 1034 3607 1088; x_wconf 75' lang='lat' dir='ltr'><strong>Mille</strong></span> <span class='ocrx_word' id='word_1_556' title='bbox 3640 1036 3803 1088; x_wconf 85' lang='lat' dir='ltr'><strong>millia</strong></span> 
     </span>
    </p>
   </div>
   <div class='ocr_carea' id='block_1_68' title="bbox 2225 1120 3802 1187">
    <p class='ocr_par' dir='ltr' id='par_1_68' title="bbox 2225 1120 3802 1187">
     <span class='ocr_line' id='line_1_68' title="bbox 2225 1120 3802 1187; baseline 0.003 -18"><span class='ocrx_word' id='word_1_557' title='bbox 2225 1120 2572 1176; x_wconf 88' lang='lat' dir='ltr'><strong>ministrabant</strong></span> <span class='ocrx_word' id='word_1_558' title='bbox 2610 1125 2675 1187; x_wconf 89' lang='lat' dir='ltr'><strong>ei,</strong></span> <span class='ocrx_word' id='word_1_559' title='bbox 2707 1134 2755 1176; x_wconf 87' lang='lat' dir='ltr'><strong>et</strong></span> <span class='ocrx_word' id='word_1_560' title='bbox 2798 1126 2957 1176; x_wconf 81' lang='lat' dir='ltr'><strong>decies</strong></span> <span class='ocrx_word' id='word_1_561' title='bbox 3008 1127 3187 1177; x_wconf 71' lang='lat' dir='ltr'><strong>inilties</strong></span> <span class='ocrx_word' id='word_1_562' title='bbox 3237 1128 3367 1178; x_wconf 87' lang='lat' dir='ltr'><strong>dena</strong></span> <span class='ocrx_word' id='word_1_563' title='bbox 3420 1124 3582 1177; x_wconf 89' lang='lat' dir='ltr'><strong>millia</strong></span> <span class='ocrx_word' id='word_1_564' title='bbox 3625 1126 3802 1177; x_wconf 53' lang='lat' dir='ltr'><strong>adsta-</strong></span> 
     </span>
    </p>
   </div>
   <div class='ocr_carea' id='block_1_69' title="bbox 2224 1207 3803 1282">
    <p class='ocr_par' dir='ltr' id='par_1_69' title="bbox 2224 1207 3803 1282">
     <span class='ocr_line' id='line_1_69' title="bbox 2224 1207 3803 1282; baseline 0.003 -23"><span class='ocrx_word' id='word_1_565' title='bbox 2224 1207 2344 1261; x_wconf 90' lang='lat' dir='ltr'><strong>bant</strong></span> <span class='ocrx_word' id='word_1_566' title='bbox 2392 1211 2444 1263; x_wconf 92' lang='lat' dir='ltr'><strong>in</strong></span> <span class='ocrx_word' id='word_1_567' title='bbox 2490 1223 2757 1280; x_wconf 78' lang='lat' dir='ltr'><strong>conspectu</strong></span> <span class='ocrx_word' id='word_1_568' title='bbox 2787 1214 2895 1281; x_wconf 72' lang='lat' dir='ltr'><strong>ejus</strong></span> <span class='ocrx_word' id='word_1_569' title='bbox 2943 1212 3202 1265; x_wconf 83' lang='lat' dir='ltr'><strong>Judicinm</strong></span> <span class='ocrx_word' id='word_1_570' title='bbox 3228 1217 3374 1279; x_wconf 81' lang='lat' dir='ltr'><strong>sedit,</strong></span> <span class='ocrx_word' id='word_1_571' title='bbox 3405 1226 3450 1267; x_wconf 88' lang='lat' dir='ltr'><strong>et</strong></span> <span class='ocrx_word' id='word_1_572' title='bbox 3483 1214 3598 1267; x_wconf 76' lang='lat' dir='ltr'><strong>libri</strong></span> <span class='ocrx_word' id='word_1_573' title='bbox 3635 1213 3803 1282; x_wconf 86' lang='lat' dir='ltr'><strong>aperti</strong></span> 
     </span>
    </p>
   </div>
   <div class='ocr_carea' id='block_1_70' title="bbox 2230 1300 3800 1374">
    <p class='ocr_par' dir='ltr' id='par_1_70' title="bbox 2230 1300 3800 1374">
     <span class='ocr_line' id='line_1_70' title="bbox 2230 1300 3800 1374; baseline 0.003 -23"><span class='ocrx_word' id='word_1_574' title='bbox 2230 1310 2346 1353; x_wconf 88' lang='lat' dir='ltr'><strong>sunt</strong></span> <span class='ocrx_word' id='word_1_575' title='bbox 2387 1300 2547 1370; x_wconf 88' lang='lat' dir='ltr'><strong>(Dan.</strong></span> <span class='ocrx_word' id='word_1_576' title='bbox 2595 1304 2649 1357; x_wconf 84' lang='lat'><strong>7.</strong></span> <span class='ocrx_word' id='word_1_577' title='bbox 2681 1302 2733 1356; x_wconf 89' lang='lat'><strong>9.</strong></span> <span class='ocrx_word' id='word_1_578' title='bbox 2766 1302 2875 1374; x_wconf 82' lang='grc'><strong>10).</strong></span> <span class='ocrx_word' id='word_1_579' title='bbox 2906 1306 2971 1357; x_wconf 67' lang='lat' dir='ltr'><strong>tit</strong></span> <span class='ocrx_word' id='word_1_580' title='bbox 3014 1305 3193 1373; x_wconf 86' lang='lat' dir='ltr'><strong>paucis</strong></span> <span class='ocrx_word' id='word_1_581' title='bbox 3249 1305 3607 1373; x_wconf 86' lang='lat' dir='ltr'><strong>interpositis,</strong></span> <span class='ocrx_word' id='word_1_582' title='bbox 3646 1303 3800 1357; x_wconf 84' lang='lat' dir='ltr'><strong>Vide—</strong></span> 
     </span>
    </p>
   </div>
   <div class='ocr_carea' id='block_1_71' title="bbox 2223 1388 3802 1462">
    <p class='ocr_par' dir='ltr' id='par_1_71' title="bbox 2223 1388 3802 1462">
     <span class='ocr_line' id='line_1_71' title="bbox 2223 1388 3802 1462; baseline 0.004 -22"><span class='ocrx_word' id='word_1_583' title='bbox 2223 1388 2335 1443; x_wconf 86' lang='lat' dir='ltr'><strong>bam</strong></span> <span class='ocrx_word' id='word_1_584' title='bbox 2358 1433 2371 1456; x_wconf 93' lang='lat'><strong>,</strong></span> <span class='ocrx_word' id='word_1_585' title='bbox 2396 1392 2595 1462; x_wconf 90' lang='lat' dir='ltr'><strong>inquit,</strong></span> <span class='ocrx_word' id='word_1_586' title='bbox 2632 1394 2685 1445; x_wconf 90' lang='lat' dir='ltr'><strong>in</strong></span> <span class='ocrx_word' id='word_1_587' title='bbox 2734 1396 2922 1447; x_wconf 88' lang='lat' dir='ltr'><strong>visione</strong></span> <span class='ocrx_word' id='word_1_588' title='bbox 2962 1396 3155 1460; x_wconf 87' lang='lat' dir='ltr'><strong>noctis,</strong></span> <span class='ocrx_word' id='word_1_589' title='bbox 3191 1405 3237 1449; x_wconf 90' lang='lat' dir='ltr'><strong>et</strong></span> <span class='ocrx_word' id='word_1_590' title='bbox 3290 1411 3401 1447; x_wconf 86' lang='lat' dir='ltr'><strong>ecce</strong></span> <span class='ocrx_word' id='word_1_591' title='bbox 3440 1412 3553 1448; x_wconf 85' lang='lat' dir='ltr'><strong>cum</strong></span> <span class='ocrx_word' id='word_1_592' title='bbox 3592 1396 3802 1448; x_wconf 86' lang='lat' dir='ltr'><strong>nubibus</strong></span> 
     </span>
    </p>
   </div>
   <div class='ocr_carea' id='block_1_72' title="bbox 2224 1484 3801 1554">
    <p class='ocr_par' dir='ltr' id='par_1_72' title="bbox 2224 1484 3801 1554">
     <span class='ocr_line' id='line_1_72' title="bbox 2224 1484 3801 1554; baseline 0.003 -20"><span class='ocrx_word' id='word_1_593' title='bbox 2224 1484 2334 1535; x_wconf 73' lang='grc' dir='ltr'><strong>ειτιί</strong></span> <span class='ocrx_word' id='word_1_594' title='bbox 2358 1486 2501 1551; x_wconf 84' lang='lat' dir='ltr'><strong>quasi</strong></span> <span class='ocrx_word' id='word_1_595' title='bbox 2520 1486 2656 1552; x_wconf 85' lang='lat' dir='ltr'><strong>ﬁlius</strong></span> <span class='ocrx_word' id='word_1_596' title='bbox 2683 1485 2895 1537; x_wconf 81' lang='lat' dir='ltr'><strong>hominis</strong></span> <span class='ocrx_word' id='word_1_597' title='bbox 2929 1487 3124 1539; x_wconf 89' lang='lat' dir='ltr'><strong>veniens</strong></span> <span class='ocrx_word' id='word_1_598' title='bbox 3150 1497 3255 1539; x_wconf 90' lang='lat' dir='ltr'><strong>erat</strong></span> <span class='ocrx_word' id='word_1_599' title='bbox 3276 1529 3291 1551; x_wconf 92' lang='lat'><strong>,</strong></span> <span class='ocrx_word' id='word_1_600' title='bbox 3320 1496 3365 1539; x_wconf 89' lang='lat' dir='ltr'><strong>et</strong></span> <span class='ocrx_word' id='word_1_601' title='bbox 3398 1503 3555 1554; x_wconf 82' lang='lat' dir='ltr'><strong>usque</strong></span> <span class='ocrx_word' id='word_1_602' title='bbox 3574 1486 3642 1538; x_wconf 84' lang='lat' dir='ltr'><strong>ad</strong></span> <span class='ocrx_word' id='word_1_603' title='bbox 3667 1488 3801 1539; x_wconf 81' lang='lat' dir='ltr'><strong>anti-</strong></span> 
     </span>
    </p>
   </div>
   <div class='ocr_carea' id='block_1_73' title="bbox 2221 1572 3803 1641">
    <p class='ocr_par' dir='ltr' id='par_1_73' title="bbox 2221 1572 3803 1641">
     <span class='ocr_line' id='line_1_73' title="bbox 2221 1572 3803 1641; baseline 0.004 -20"><span class='ocrx_word' id='word_1_604' title='bbox 2221 1587 2375 1638; x_wconf 86' lang='lat' dir='ltr'><strong>quam</strong></span> <span class='ocrx_word' id='word_1_605' title='bbox 2413 1572 2605 1625; x_wconf 81' lang='lat' dir='ltr'><strong>dierum</strong></span> <span class='ocrx_word' id='word_1_606' title='bbox 2651 1576 2870 1641; x_wconf 82' lang='lat' dir='ltr'><strong>pervenit</strong></span> <span class='ocrx_word' id='word_1_607' title='bbox 2895 1614 2911 1636; x_wconf 93' lang='lat'><strong>,</strong></span> <span class='ocrx_word' id='word_1_608' title='bbox 2962 1585 3007 1626; x_wconf 87' lang='lat' dir='ltr'><strong>et</strong></span> <span class='ocrx_word' id='word_1_609' title='bbox 3046 1590 3218 1627; x_wconf 89' lang='lat' dir='ltr'><strong>coram</strong></span> <span class='ocrx_word' id='word_1_610' title='bbox 3278 1592 3336 1628; x_wconf 90' lang='lat' dir='ltr'><strong>eo</strong></span> <span class='ocrx_word' id='word_1_611' title='bbox 3379 1576 3577 1629; x_wconf 87' lang='lat' dir='ltr'><strong>oblatus</strong></span> <span class='ocrx_word' id='word_1_612' title='bbox 3615 1586 3733 1630; x_wconf 90' lang='lat' dir='ltr'><strong>est:</strong></span> <span class='ocrx_word' id='word_1_613' title='bbox 3758 1587 3803 1628; x_wconf 79' lang='lat' dir='ltr'><strong>et</strong></span> 
     </span>
    </p>
   </div>
   <div class='ocr_carea' id='block_1_74' title="bbox 2224 1663 3801 1734">
    <p class='ocr_par' dir='ltr' id='par_1_74' title="bbox 2224 1663 3801 1734">
     <span class='ocr_line' id='line_1_74' title="bbox 2224 1663 3801 1734; baseline 0.003 -22"><span class='ocrx_word' id='word_1_614' title='bbox 2224 1663 2323 1727; x_wconf 83' lang='lat' dir='ltr'><strong>ipsi</strong></span> <span class='ocrx_word' id='word_1_615' title='bbox 2352 1663 2525 1714; x_wconf 84' lang='lat' dir='ltr'><strong>datum</strong></span> <span class='ocrx_word' id='word_1_616' title='bbox 2557 1674 2627 1715; x_wconf 91' lang='lat' dir='ltr'><strong>est</strong></span> <span class='ocrx_word' id='word_1_617' title='bbox 2664 1665 2964 1733; x_wconf 88' lang='lat' dir='ltr'><strong>imperium,</strong></span> <span class='ocrx_word' id='word_1_618' title='bbox 2993 1665 3154 1717; x_wconf 81' lang='lat' dir='ltr'><strong>honor</strong></span> <span class='ocrx_word' id='word_1_619' title='bbox 3191 1675 3238 1718; x_wconf 92' lang='lat' dir='ltr'><strong>et</strong></span> <span class='ocrx_word' id='word_1_620' title='bbox 3264 1682 3471 1734; x_wconf 88' lang='lat' dir='ltr'><strong>regnum</strong></span> <span class='ocrx_word' id='word_1_621' title='bbox 3502 1682 3519 1719; x_wconf 89' lang='lat'><strong><em>:</em></strong></span> <span class='ocrx_word' id='word_1_622' title='bbox 3548 1678 3593 1719; x_wconf 91' lang='lat' dir='ltr'><strong>et</strong></span> <span class='ocrx_word' id='word_1_623' title='bbox 3631 1684 3801 1719; x_wconf 73' lang='lat' dir='ltr'><strong>omnes</strong></span> 
     </span>
    </p>
   </div>
   <div class='ocr_carea' id='block_1_75' title="bbox 2225 1752 3794 1828">
    <p class='ocr_par' dir='ltr' id='par_1_75' title="bbox 2225 1752 3794 1828">
     <span class='ocr_line' id='line_1_75' title="bbox 2225 1752 3794 1828; baseline 0.003 -25"><span class='ocrx_word' id='word_1_624' title='bbox 2225 1752 2435 1820; x_wconf 87' lang='lat' dir='ltr'><strong>populi,</strong></span> <span class='ocrx_word' id='word_1_625' title='bbox 2460 1752 2615 1806; x_wconf 81' lang='lat' dir='ltr'><strong>tribus</strong></span> <span class='ocrx_word' id='word_1_626' title='bbox 2639 1763 2683 1805; x_wconf 88' lang='lat' dir='ltr'><strong>et</strong></span> <span class='ocrx_word' id='word_1_627' title='bbox 2711 1754 2897 1823; x_wconf 82' lang='lat' dir='ltr'><strong>lingua:</strong></span> <span class='ocrx_word' id='word_1_628' title='bbox 2915 1756 3013 1823; x_wconf 87' lang='lat' dir='ltr'><strong>ipsi</strong></span> <span class='ocrx_word' id='word_1_629' title='bbox 3037 1756 3273 1809; x_wconf 77' lang='lat' dir='ltr'><strong>seruiunt.</strong></span> <span class='ocrx_word' id='word_1_630' title='bbox 3302 1754 3533 1809; x_wconf 85' lang='lat' dir='ltr'><strong>Potestas</strong></span> <span class='ocrx_word' id='word_1_631' title='bbox 3552 1758 3682 1828; x_wconf 83' lang='lat' dir='ltr'><strong>ejus,</strong></span> <span class='ocrx_word' id='word_1_632' title='bbox 3702 1773 3794 1823; x_wconf 85' lang='lat' dir='ltr'><strong>po-</strong></span> 
     </span>
    </p>
   </div>
   <div class='ocr_carea' id='block_1_76' title="bbox 2223 1846 3798 1916">
    <p class='ocr_par' dir='ltr' id='par_1_76' title="bbox 2223 1846 3798 1916">
     <span class='ocr_line' id='line_1_76' title="bbox 2223 1846 3798 1916; baseline 0.001 -21"><span class='ocrx_word' id='word_1_633' title='bbox 2223 1852 2374 1897; x_wconf 89' lang='lat' dir='ltr'><strong>testas</strong></span> <span class='ocrx_word' id='word_1_634' title='bbox 2411 1846 2745 1912; x_wconf 87' lang='lat' dir='ltr'><strong>sempiterna,</strong></span> <span class='ocrx_word' id='word_1_635' title='bbox 2775 1861 2887 1914; x_wconf 73' lang='lat' dir='ltr'><strong>qua:</strong></span> <span class='ocrx_word' id='word_1_636' title='bbox 2912 1862 3012 1898; x_wconf 89' lang='lat' dir='ltr'><strong>non</strong></span> <span class='ocrx_word' id='word_1_637' title='bbox 3042 1846 3313 1914; x_wconf 68' lang='lat' dir='ltr'><strong>prateribit</strong></span> <span class='ocrx_word' id='word_1_638' title='bbox 3333 1886 3346 1908; x_wconf 91' lang='lat'><strong>,</strong></span> <span class='ocrx_word' id='word_1_639' title='bbox 3382 1856 3427 1897; x_wconf 92' lang='lat' dir='ltr'><strong>et</strong></span> <span class='ocrx_word' id='word_1_640' title='bbox 3454 1863 3663 1916; x_wconf 82' lang='lat' dir='ltr'><strong>regnum</strong></span> <span class='ocrx_word' id='word_1_641' title='bbox 3688 1846 3798 1913; x_wconf 77' lang='lat' dir='ltr'><strong>ejus</strong></span> 
     </span>
    </p>
   </div>
   <div class='ocr_carea' id='block_1_77' title="bbox 2222 1933 3797 2004">
    <p class='ocr_par' dir='ltr' id='par_1_77' title="bbox 2222 1933 3797 2004">
     <span class='ocr_line' id='line_1_77' title="bbox 2222 1933 3797 2004; baseline 0.001 -19"><span class='ocrx_word' id='word_1_642' title='bbox 2222 1950 2321 1985; x_wconf 89' lang='lat' dir='ltr'><strong>non</strong></span> <span class='ocrx_word' id='word_1_643' title='bbox 2358 1933 2654 1985; x_wconf 86' lang='lat' dir='ltr'><strong>destruetur.</strong></span> <span class='ocrx_word' id='word_1_644' title='bbox 2689 1933 2953 1986; x_wconf 78' lang='lat' dir='ltr'><strong>lii/torruit</strong></span> <span class='ocrx_word' id='word_1_645' title='bbox 2994 1935 3203 2003; x_wconf 88' lang='lat' dir='ltr'><strong>spiritus</strong></span> <span class='ocrx_word' id='word_1_646' title='bbox 3249 1952 3387 1987; x_wconf 86' lang='lat' dir='ltr'><strong>meus</strong></span> <span class='ocrx_word' id='word_1_647' title='bbox 3408 1975 3422 1999; x_wconf 98' lang='lat'><strong>,</strong></span> <span class='ocrx_word' id='word_1_648' title='bbox 3455 1952 3543 2004; x_wconf 86' lang='lat' dir='ltr'><strong>ego</strong></span> <span class='ocrx_word' id='word_1_649' title='bbox 3569 1934 3760 1987; x_wconf 77' lang='lat' dir='ltr'><strong>Daniel</strong></span> <span class='ocrx_word' id='word_1_650' title='bbox 3780 1976 3797 1997; x_wconf 91' lang='lat'><strong>,</strong></span> 
     </span>
    </p>
   </div>
   <div class='ocr_carea' id='block_1_78' title="bbox 2223 2022 3800 2091">
    <p class='ocr_par' dir='ltr' id='par_1_78' title="bbox 2223 2022 3800 2091">
     <span class='ocr_line' id='line_1_78' title="bbox 2223 2022 3800 2091; baseline 0.003 -16"><span class='ocrx_word' id='word_1_651' title='bbox 2223 2023 2274 2077; x_wconf 90' lang='lat' dir='ltr'><strong>in</strong></span> <span class='ocrx_word' id='word_1_652' title='bbox 2298 2022 2469 2076; x_wconf 88' lang='lat' dir='ltr'><strong>habitu</strong></span> <span class='ocrx_word' id='word_1_653' title='bbox 2502 2040 2610 2075; x_wconf 90' lang='lat' dir='ltr'><strong>meo</strong></span> <span class='ocrx_word' id='word_1_654' title='bbox 2634 2063 2649 2088; x_wconf 93' lang='lat'><strong>,</strong></span> <span class='ocrx_word' id='word_1_655' title='bbox 2678 2033 2723 2075; x_wconf 92' lang='lat' dir='ltr'><strong>et</strong></span> <span class='ocrx_word' id='word_1_656' title='bbox 2750 2024 2963 2077; x_wconf 85' lang='lat' dir='ltr'><strong>visiones</strong></span> <span class='ocrx_word' id='word_1_657' title='bbox 2992 2026 3169 2091; x_wconf 82' lang='lat' dir='ltr'><strong>capitis</strong></span> <span class='ocrx_word' id='word_1_658' title='bbox 3193 2026 3287 2077; x_wconf 87' lang='lat' dir='ltr'><strong>mei</strong></span> <span class='ocrx_word' id='word_1_659' title='bbox 3329 2028 3689 2078; x_wconf 79' lang='lat' dir='ltr'><strong>conturbabant</strong></span> <span class='ocrx_word' id='word_1_660' title='bbox 3722 2044 3800 2081; x_wconf 75' lang='lat' dir='ltr'><strong>me</strong></span> 
     </span>
    </p>
   </div>
   <div class='ocr_carea' id='block_1_79' title="bbox 2221 2111 3797 2185">
    <p class='ocr_par' dir='ltr' id='par_1_79' title="bbox 2221 2111 3797 2185">
     <span class='ocr_line' id='line_1_79' title="bbox 2221 2111 3797 2185; baseline 0.003 -19"><span class='ocrx_word' id='word_1_661' title='bbox 2221 2113 2329 2183; x_wconf 86' lang='lat' dir='ltr'><strong>(Ib.</strong></span> <span class='ocrx_word' id='word_1_662' title='bbox 2408 2111 2617 2183; x_wconf 81' lang='grc'><strong>15-15).</strong></span> <span class='ocrx_word' id='word_1_663' title='bbox 2680 2112 2723 2168; x_wconf 88' lang='grc' dir='ltr'><strong>Τ</strong></span> <span class='ocrx_word' id='word_1_664' title='bbox 2731 2128 2834 2169; x_wconf 92' lang='lat' dir='ltr'><strong>unc</strong></span> <span class='ocrx_word' id='word_1_665' title='bbox 2896 2115 3210 2185; x_wconf 89' lang='lat' dir='ltr'><strong>aperientur</strong></span> <span class='ocrx_word' id='word_1_666' title='bbox 3271 2129 3461 2169; x_wconf 91' lang='lat' dir='ltr'><strong>omnes</strong></span> <span class='ocrx_word' id='word_1_667' title='bbox 3508 2116 3797 2170; x_wconf 76' lang='lat' dir='ltr'><strong>cmlesttuni</strong></span> 
     </span>
    </p>
   </div>
   <div class='ocr_carea' id='block_1_80' title="bbox 2222 2204 3799 2274">
    <p class='ocr_par' dir='ltr' id='par_1_80' title="bbox 2222 2204 3799 2274">
     <span class='ocr_line' id='line_1_80' title="bbox 2222 2204 3799 2274; baseline 0.002 -18"><span class='ocrx_word' id='word_1_668' title='bbox 2222 2204 2479 2259; x_wconf 89' lang='lat' dir='ltr'><strong>fornicum</strong></span> <span class='ocrx_word' id='word_1_669' title='bbox 2520 2214 2717 2274; x_wconf 85' lang='lat' dir='ltr'><strong>port:e;</strong></span> <span class='ocrx_word' id='word_1_670' title='bbox 2749 2206 2856 2259; x_wconf 91' lang='lat' dir='ltr'><strong>imo</strong></span> <span class='ocrx_word' id='word_1_671' title='bbox 2885 2213 2940 2260; x_wconf 89' lang='lat' dir='ltr'><strong>et</strong></span> <span class='ocrx_word' id='word_1_672' title='bbox 2968 2206 3139 2274; x_wconf 89' lang='lat' dir='ltr'><strong>ipsum</strong></span> <span class='ocrx_word' id='word_1_673' title='bbox 3167 2206 3359 2260; x_wconf 78' lang='lat' dir='ltr'><strong>czrlum</strong></span> <span class='ocrx_word' id='word_1_674' title='bbox 3390 2221 3422 2260; x_wconf 91' lang='lat' dir='ltr'><strong>e</strong></span> <span class='ocrx_word' id='word_1_675' title='bbox 3462 2207 3638 2259; x_wconf 88' lang='lat' dir='ltr'><strong>medio</strong></span> <span class='ocrx_word' id='word_1_676' title='bbox 3668 2217 3799 2259; x_wconf 81' lang='lat' dir='ltr'><strong>sun—</strong></span> 
     </span>
    </p>
   </div>
   <div class='ocr_carea' id='block_1_81' title="bbox 2221 2294 3797 2368">
    <p class='ocr_par' dir='ltr' id='par_1_81' title="bbox 2221 2294 3797 2368">
     <span class='ocr_line' id='line_1_81' title="bbox 2221 2294 3797 2368; baseline 0.001 -20"><span class='ocrx_word' id='word_1_677' title='bbox 2221 2294 2462 2348; x_wconf 87' lang='lat' dir='ltr'><strong>ducetur.</strong></span> <span class='ocrx_word' id='word_1_678' title='bbox 2525 2295 2758 2349; x_wconf 80' lang='lat' dir='ltr'><strong>Volvetur</strong></span> <span class='ocrx_word' id='word_1_679' title='bbox 2804 2296 2969 2363; x_wconf 89' lang='lat' dir='ltr'><strong>enim,</strong></span> <span class='ocrx_word' id='word_1_680' title='bbox 3002 2298 3199 2366; x_wconf 88' lang='lat' dir='ltr'><strong>inquit,</strong></span> <span class='ocrx_word' id='word_1_681' title='bbox 3253 2300 3432 2351; x_wconf 76' lang='lat' dir='ltr'><strong>ca‘lum</strong></span> <span class='ocrx_word' id='word_1_682' title='bbox 3485 2300 3629 2368; x_wconf 84' lang='lat' dir='ltr'><strong>quasi</strong></span> <span class='ocrx_word' id='word_1_683' title='bbox 3675 2300 3797 2352; x_wconf 67' lang='lat' dir='ltr'><strong>iiber</strong></span> 
     </span>
    </p>
   </div>
   <div class='ocr_carea' id='block_1_82' title="bbox 2223 2384 3800 2460">
    <p class='ocr_par' dir='ltr' id='par_1_82' title="bbox 2223 2384 3800 2460">
     <span class='ocr_line' id='line_1_82' title="bbox 2223 2384 3800 2460; baseline 0.004 -22"><span class='ocrx_word' id='word_1_684' title='bbox 2223 2384 2376 2456; x_wconf 78' lang='grc' dir='ltr'><strong>(1εαὶ.</strong></span> <span class='ocrx_word' id='word_1_685' title='bbox 2400 2388 2489 2441; x_wconf 70' lang='grc' dir='ltr'><strong>δι.</strong></span> <span class='ocrx_word' id='word_1_686' title='bbox 2513 2386 2568 2457; x_wconf 74' lang='grc' dir='ltr'><strong>ι)</strong></span> <span class='ocrx_word' id='word_1_687' title='bbox 2600 2405 2612 2440; x_wconf 90' lang='lat'><strong>:</strong></span> <span class='ocrx_word' id='word_1_688' title='bbox 2650 2388 2811 2442; x_wconf 89' lang='lat' dir='ltr'><strong>veluti</strong></span> <span class='ocrx_word' id='word_1_689' title='bbox 2851 2388 3124 2457; x_wconf 87' lang='lat' dir='ltr'><strong>cujusdam</strong></span> <span class='ocrx_word' id='word_1_690' title='bbox 3160 2389 3481 2445; x_wconf 87' lang='lat' dir='ltr'><strong>tabernaculi</strong></span> <span class='ocrx_word' id='word_1_691' title='bbox 3526 2393 3679 2460; x_wconf 90' lang='lat' dir='ltr'><strong>pellis</strong></span> <span class='ocrx_word' id='word_1_692' title='bbox 3717 2402 3800 2444; x_wconf 78' lang='lat' dir='ltr'><strong>at-</strong></span> 
     </span>
    </p>
   </div>
   <div class='ocr_carea' id='block_1_83' title="bbox 2220 2477 3800 2545">
    <p class='ocr_par' dir='ltr' id='par_1_83' title="bbox 2220 2477 3800 2545">
     <span class='ocr_line' id='line_1_83' title="bbox 2220 2477 3800 2545; baseline 0.004 -17"><span class='ocrx_word' id='word_1_693' title='bbox 2220 2490 2324 2545; x_wconf 84' lang='lat' dir='ltr'><strong>que</strong></span> <span class='ocrx_word' id='word_1_694' title='bbox 2346 2477 2520 2531; x_wconf 89' lang='lat' dir='ltr'><strong>velum</strong></span> <span class='ocrx_word' id='word_1_695' title='bbox 2548 2496 2577 2531; x_wconf 91' lang='lat' dir='ltr'><strong>e</strong></span> <span class='ocrx_word' id='word_1_696' title='bbox 2607 2479 2783 2533; x_wconf 88' lang='lat' dir='ltr'><strong>medio</strong></span> <span class='ocrx_word' id='word_1_697' title='bbox 2811 2479 3158 2545; x_wconf 77' lang='lat' dir='ltr'><strong>contrahitur,</strong></span> <span class='ocrx_word' id='word_1_698' title='bbox 3184 2481 3251 2533; x_wconf 92' lang='lat' dir='ltr'><strong>ita</strong></span> <span class='ocrx_word' id='word_1_699' title='bbox 3280 2488 3337 2534; x_wconf 92' lang='lat' dir='ltr'><strong>ut</strong></span> <span class='ocrx_word' id='word_1_700' title='bbox 3362 2481 3413 2534; x_wconf 92' lang='lat' dir='ltr'><strong>in</strong></span> <span class='ocrx_word' id='word_1_701' title='bbox 3436 2482 3624 2535; x_wconf 88' lang='lat' dir='ltr'><strong>melius</strong></span> <span class='ocrx_word' id='word_1_702' title='bbox 3649 2497 3800 2536; x_wconf 55' lang='lat' dir='ltr'><strong>coni-</strong></span> 
     </span>
    </p>
   </div>
   <div class='ocr_carea' id='block_1_84' title="bbox 2221 2569 3801 2641">
    <p class='ocr_par' dir='ltr' id='par_1_84' title="bbox 2221 2569 3801 2641">
     <span class='ocr_line' id='line_1_84' title="bbox 2221 2569 3801 2641; baseline 0.005 -21"><span class='ocrx_word' id='word_1_703' title='bbox 2221 2576 2473 2622; x_wconf 86' lang='lat' dir='ltr'><strong>mutetur.</strong></span> <span class='ocrx_word' id='word_1_704' title='bbox 2498 2569 2629 2622; x_wconf 81' lang='lat' dir='ltr'><strong>Tum</strong></span> <span class='ocrx_word' id='word_1_705' title='bbox 2655 2572 2829 2624; x_wconf 88' lang='lat' dir='ltr'><strong>omnia</strong></span> <span class='ocrx_word' id='word_1_706' title='bbox 2860 2582 3097 2640; x_wconf 87' lang='lat' dir='ltr'><strong>stupore,</strong></span> <span class='ocrx_word' id='word_1_707' title='bbox 3131 2571 3350 2626; x_wconf 87' lang='lat' dir='ltr'><strong>horrore</strong></span> <span class='ocrx_word' id='word_1_708' title='bbox 3376 2583 3533 2641; x_wconf 90' lang='lat' dir='ltr'><strong>atque</strong></span> <span class='ocrx_word' id='word_1_709' title='bbox 3569 2580 3801 2628; x_wconf 87' lang='lat' dir='ltr'><strong>tremore</strong></span> 
     </span>
    </p>
   </div>
   <div class='ocr_carea' id='block_1_85' title="bbox 2220 2661 3800 2733">
    <p class='ocr_par' dir='ltr' id='par_1_85' title="bbox 2220 2661 3800 2733">
     <span class='ocr_line' id='line_1_85' title="bbox 2220 2661 3800 2733; baseline 0.003 -19"><span class='ocrx_word' id='word_1_710' title='bbox 2220 2661 2480 2729; x_wconf 86' lang='lat' dir='ltr'><strong>completa</strong></span> <span class='ocrx_word' id='word_1_711' title='bbox 2521 2672 2693 2713; x_wconf 86' lang='lat' dir='ltr'><strong>erunt.</strong></span> <span class='ocrx_word' id='word_1_712' title='bbox 2741 2661 2875 2715; x_wconf 85' lang='lat' dir='ltr'><strong>Tum</strong></span> <span class='ocrx_word' id='word_1_713' title='bbox 2927 2662 3084 2715; x_wconf 87' lang='lat' dir='ltr'><strong>etiam</strong></span> <span class='ocrx_word' id='word_1_714' title='bbox 3134 2673 3303 2717; x_wconf 91' lang='lat' dir='ltr'><strong>metus</strong></span> <span class='ocrx_word' id='word_1_715' title='bbox 3348 2664 3533 2732; x_wconf 81' lang='lat' dir='ltr'><strong>ingens</strong></span> <span class='ocrx_word' id='word_1_716' title='bbox 3580 2664 3800 2733; x_wconf 85' lang='lat' dir='ltr'><strong>angelos</strong></span> 
     </span>
    </p>
   </div>
   <div class='ocr_carea' id='block_1_86' title="bbox 2220 2752 3798 2824">
    <p class='ocr_par' dir='ltr' id='par_1_86' title="bbox 2220 2752 3798 2824">
     <span class='ocr_line' id='line_1_86' title="bbox 2220 2752 3798 2824; baseline 0.001 -19"><span class='ocrx_word' id='word_1_717' title='bbox 2220 2752 2363 2820; x_wconf 69' lang='lat' dir='ltr'><strong>ipsos</strong></span> <span class='ocrx_word' id='word_1_718' title='bbox 2394 2754 2706 2823; x_wconf 85' lang='lat' dir='ltr'><strong>occupabit;</strong></span> <span class='ocrx_word' id='word_1_719' title='bbox 2738 2768 2910 2823; x_wconf 63' lang='lat' dir='ltr'><strong>neque</strong></span> <span class='ocrx_word' id='word_1_720' title='bbox 2957 2754 3173 2824; x_wconf 89' lang='lat' dir='ltr'><strong>angelos</strong></span> <span class='ocrx_word' id='word_1_721' title='bbox 3220 2766 3457 2820; x_wconf 88' lang='lat' dir='ltr'><strong>tantum,</strong></span> <span class='ocrx_word' id='word_1_722' title='bbox 3504 2754 3596 2807; x_wconf 87' lang='lat' dir='ltr'><strong>sed</strong></span> <span class='ocrx_word' id='word_1_723' title='bbox 3639 2757 3798 2809; x_wconf 86' lang='lat' dir='ltr'><strong>etiam</strong></span> 
     </span>
    </p>
   </div>
   <div class='ocr_carea' id='block_1_87' title="bbox 2217 2841 3801 2914">
    <p class='ocr_par' dir='ltr' id='par_1_87' title="bbox 2217 2841 3801 2914">
     <span class='ocr_line' id='line_1_87' title="bbox 2217 2841 3801 2914; baseline 0.002 -18"><span class='ocrx_word' id='word_1_724' title='bbox 2217 2841 2564 2911; x_wconf 76' lang='lat' dir='ltr'><strong>archangelos</strong></span> <span class='ocrx_word' id='word_1_725' title='bbox 2592 2884 2607 2909; x_wconf 94' lang='lat'><strong>,</strong></span> <span class='ocrx_word' id='word_1_726' title='bbox 2640 2845 2857 2897; x_wconf 86' lang='lat' dir='ltr'><strong>thronos</strong></span> <span class='ocrx_word' id='word_1_727' title='bbox 2883 2886 2895 2905; x_wconf 89' lang='lat'><strong>,</strong></span> <span class='ocrx_word' id='word_1_728' title='bbox 2936 2843 3326 2899; x_wconf 85' lang='lat' dir='ltr'><strong>dominationes</strong></span> <span class='ocrx_word' id='word_1_729' title='bbox 3350 2885 3364 2909; x_wconf 96' lang='lat'><strong>,</strong></span> <span class='ocrx_word' id='word_1_730' title='bbox 3390 2845 3716 2914; x_wconf 90' lang='lat' dir='ltr'><strong>principatus</strong></span> <span class='ocrx_word' id='word_1_731' title='bbox 3744 2854 3801 2899; x_wconf 89' lang='lat' dir='ltr'><strong>et</strong></span> 
     </span>
    </p>
   </div>
   <div class='ocr_carea' id='block_1_88' title="bbox 2220 2933 3799 3002">
    <p class='ocr_par' dir='ltr' id='par_1_88' title="bbox 2220 2933 3799 3002">
     <span class='ocr_line' id='line_1_88' title="bbox 2220 2933 3799 3002; baseline 0.002 -17"><span class='ocrx_word' id='word_1_732' title='bbox 2220 2942 2551 3002; x_wconf 85' lang='lat' dir='ltr'><strong>potestates:</strong></span> <span class='ocrx_word' id='word_1_733' title='bbox 2599 2933 2816 2986; x_wconf 80' lang='lat' dir='ltr'><strong>Virtutes</strong></span> <span class='ocrx_word' id='word_1_734' title='bbox 2865 2936 3036 3001; x_wconf 81' lang='lat' dir='ltr'><strong>enini,</strong></span> <span class='ocrx_word' id='word_1_735' title='bbox 3084 2937 3188 3001; x_wconf 77' lang='lat' dir='ltr'><strong>ait,</strong></span> <span class='ocrx_word' id='word_1_736' title='bbox 3230 2936 3467 2989; x_wconf 71' lang='lat' dir='ltr'><strong>caelorum</strong></span> <span class='ocrx_word' id='word_1_737' title='bbox 3521 2952 3799 2988; x_wconf 80' lang='lat' dir='ltr'><strong>commove-</strong></span> 
     </span>
    </p>
   </div>
   <div class='ocr_carea' id='block_1_89' title="bbox 2220 3022 3798 3096">
    <p class='ocr_par' dir='ltr' id='par_1_89' title="bbox 2220 3022 3798 3096">
     <span class='ocr_line' id='line_1_89' title="bbox 2220 3022 3798 3096; baseline 0.003 -21"><span class='ocrx_word' id='word_1_738' title='bbox 2220 3025 2402 3076; x_wconf 89' lang='lat' dir='ltr'><strong>buntur</strong></span> <span class='ocrx_word' id='word_1_739' title='bbox 2425 3022 2633 3096; x_wconf 78' lang='lat' dir='ltr'><strong>(Matth.</strong></span> <span class='ocrx_word' id='word_1_740' title='bbox 2652 3025 2742 3078; x_wconf 63' lang='lat' dir='ltr'><strong>2i.</strong></span> <span class='ocrx_word' id='word_1_741' title='bbox 2768 3025 2883 3093; x_wconf 72' lang='lat'><strong>9.9),</strong></span> <span class='ocrx_word' id='word_1_742' title='bbox 2909 3026 3029 3095; x_wconf 88' lang='lat' dir='ltr'><strong>quia</strong></span> <span class='ocrx_word' id='word_1_743' title='bbox 3054 3026 3283 3094; x_wconf 82' lang='lat' dir='ltr'><strong>ipsorum</strong></span> <span class='ocrx_word' id='word_1_744' title='bbox 3328 3026 3571 3079; x_wconf 84' lang='lat' dir='ltr'><strong>conservi</strong></span> <span class='ocrx_word' id='word_1_745' title='bbox 3614 3041 3798 3094; x_wconf 70' lang='lat' dir='ltr'><strong>pmnas</strong></span> 
     </span>
    </p>
   </div>
   <div class='ocr_carea' id='block_1_90' title="bbox 2218 3115 3797 3185">
    <p class='ocr_par' dir='ltr' id='par_1_90' title="bbox 2218 3115 3797 3185">
     <span class='ocr_line' id='line_1_90' title="bbox 2218 3115 3797 3185; baseline 0 -14"><span class='ocrx_word' id='word_1_746' title='bbox 2218 3117 2390 3172; x_wconf 91' lang='lat' dir='ltr'><strong>daturi</strong></span> <span class='ocrx_word' id='word_1_747' title='bbox 2421 3126 2544 3171; x_wconf 89' lang='lat' dir='ltr'><strong>sunt</strong></span> <span class='ocrx_word' id='word_1_748' title='bbox 2577 3118 2643 3171; x_wconf 90' lang='lat' dir='ltr'><strong>de</strong></span> <span class='ocrx_word' id='word_1_749' title='bbox 2683 3128 2892 3185; x_wconf 88' lang='lat' dir='ltr'><strong>peracta</strong></span> <span class='ocrx_word' id='word_1_750' title='bbox 2934 3118 2985 3171; x_wconf 92' lang='lat' dir='ltr'><strong>in</strong></span> <span class='ocrx_word' id='word_1_751' title='bbox 3022 3115 3219 3170; x_wconf 91' lang='lat' dir='ltr'><strong>mundo</strong></span> <span class='ocrx_word' id='word_1_752' title='bbox 3265 3118 3392 3170; x_wconf 83' lang='lat' dir='ltr'><strong>vita.</strong></span> <span class='ocrx_word' id='word_1_753' title='bbox 3421 3117 3551 3171; x_wconf 85' lang='lat' dir='ltr'><strong>Nam</strong></span> <span class='ocrx_word' id='word_1_754' title='bbox 3594 3119 3639 3171; x_wconf 89' lang='lat' dir='ltr'><strong>si</strong></span> <span class='ocrx_word' id='word_1_755' title='bbox 3675 3132 3797 3171; x_wconf 91' lang='lat' dir='ltr'><strong>cum</strong></span> 
     </span>
    </p>
   </div>
   <div class='ocr_carea' id='block_1_91' title="bbox 2218 3206 3795 3277">
    <p class='ocr_par' dir='ltr' id='par_1_91' title="bbox 2218 3206 3795 3277">
     <span class='ocr_line' id='line_1_91' title="bbox 2218 3206 3795 3277; baseline -0.001 -15"><span class='ocrx_word' id='word_1_756' title='bbox 2218 3208 2287 3262; x_wconf 88' lang='lat' dir='ltr'><strong>de</strong></span> <span class='ocrx_word' id='word_1_757' title='bbox 2326 3224 2429 3261; x_wconf 88' lang='lat' dir='ltr'><strong>una</strong></span> <span class='ocrx_word' id='word_1_758' title='bbox 2471 3209 2487 3238; x_wconf 80' lang='grc'>⁸</span> <span class='ocrx_word' id='word_1_759' title='bbox 2530 3208 2741 3262; x_wconf 77' lang='lat' dir='ltr'><strong>civitate</strong></span> <span class='ocrx_word' id='word_1_760' title='bbox 2767 3206 3019 3276; x_wconf 81' lang='lat' dir='ltr'><strong>judicium</strong></span> <span class='ocrx_word' id='word_1_761' title='bbox 3067 3206 3373 3271; x_wconf 81' lang='lat' dir='ltr'><strong>instituitur,</strong></span> <span class='ocrx_word' id='word_1_762' title='bbox 3405 3206 3486 3260; x_wconf 90' lang='lat' dir='ltr'><strong>his</strong></span> <span class='ocrx_word' id='word_1_763' title='bbox 3516 3208 3795 3277; x_wconf 74' lang='lat' dir='ltr'><strong>magistra-</strong></span> 
     </span>
    </p>
   </div>
   <div class='ocr_carea' id='block_1_92' title="bbox 2220 3295 3795 3366">
    <p class='ocr_par' dir='ltr' id='par_1_92' title="bbox 2220 3295 3795 3366">
     <span class='ocr_line' id='line_1_92' title="bbox 2220 3295 3795 3366; baseline -0.001 -15"><span class='ocrx_word' id='word_1_764' title='bbox 2220 3295 2358 3353; x_wconf 85' lang='lat' dir='ltr'><strong>tibus</strong></span> <span class='ocrx_word' id='word_1_765' title='bbox 2383 3339 2397 3363; x_wconf 94' lang='lat'><strong>,</strong></span> <span class='ocrx_word' id='word_1_766' title='bbox 2436 3297 2807 3352; x_wconf 86' lang='lat' dir='ltr'><strong>inhorrescunt</strong></span> <span class='ocrx_word' id='word_1_767' title='bbox 2848 3311 3034 3351; x_wconf 91' lang='lat' dir='ltr'><strong>omnes</strong></span> <span class='ocrx_word' id='word_1_768' title='bbox 3077 3297 3236 3350; x_wconf 90' lang='lat' dir='ltr'><strong>etiam</strong></span> <span class='ocrx_word' id='word_1_769' title='bbox 3269 3297 3338 3361; x_wconf 92' lang='lat' dir='ltr'><strong>ii,</strong></span> <span class='ocrx_word' id='word_1_770' title='bbox 3362 3297 3449 3366; x_wconf 85' lang='lat' dir='ltr'><strong>qui</strong></span> <span class='ocrx_word' id='word_1_771' title='bbox 3476 3305 3622 3351; x_wconf 80' lang='lat' dir='ltr'><strong>extra</strong></span> <span class='ocrx_word' id='word_1_772' title='bbox 3651 3297 3795 3365; x_wconf 84' lang='lat' dir='ltr'><strong>peri-</strong></span> 
     </span>
    </p>
   </div>
   <div class='ocr_carea' id='block_1_93' title="bbox 2216 3387 3793 3456">
    <p class='ocr_par' dir='ltr' id='par_1_93' title="bbox 2216 3387 3793 3456">
     <span class='ocr_line' id='line_1_93' title="bbox 2216 3387 3793 3456; baseline -0.003 -13"><span class='ocrx_word' id='word_1_773' title='bbox 2216 3388 2394 3443; x_wconf 90' lang='lat' dir='ltr'><strong>culum</strong></span> <span class='ocrx_word' id='word_1_774' title='bbox 2428 3398 2580 3452; x_wconf 89' lang='lat' dir='ltr'><strong>sunt,</strong></span> <span class='ocrx_word' id='word_1_775' title='bbox 2607 3403 2727 3442; x_wconf 90' lang='lat' dir='ltr'><strong>cum</strong></span> <span class='ocrx_word' id='word_1_776' title='bbox 2762 3388 2829 3443; x_wconf 84' lang='lat' dir='ltr'><strong>de</strong></span> <span class='ocrx_word' id='word_1_777' title='bbox 2873 3389 3123 3441; x_wconf 84' lang='lat' dir='ltr'><strong>universo</strong></span> <span class='ocrx_word' id='word_1_778' title='bbox 3150 3387 3278 3441; x_wconf 72' lang='lat' dir='ltr'><strong>oahe</strong></span> <span class='ocrx_word' id='word_1_779' title='bbox 3298 3387 3618 3456; x_wconf 69' lang='lat' dir='ltr'><strong>judimbitur</strong></span> <span class='ocrx_word' id='word_1_780' title='bbox 3644 3402 3673 3439; x_wconf 90' lang='lat' dir='ltr'><strong>a</strong></span> <span class='ocrx_word' id='word_1_781' title='bbox 3704 3387 3793 3439; x_wconf 87' lang='lat' dir='ltr'><strong>tali</strong></span> 
     </span>
    </p>
   </div>
   <div class='ocr_carea' id='block_1_94' title="bbox 2211 3477 3791 3550">
    <p class='ocr_par' dir='ltr' id='par_1_94' title="bbox 2211 3477 3791 3550">
     <span class='ocr_line' id='line_1_94' title="bbox 2211 3477 3791 3550; baseline -0.001 -19"><span class='ocrx_word' id='word_1_782' title='bbox 2211 3480 2391 3550; x_wconf 89' lang='lat' dir='ltr'><strong>judice</strong></span> <span class='ocrx_word' id='word_1_783' title='bbox 2412 3522 2426 3545; x_wconf 94' lang='lat'><strong>,</strong></span> <span class='ocrx_word' id='word_1_784' title='bbox 2456 3480 2543 3550; x_wconf 93' lang='lat' dir='ltr'><strong>qui</strong></span> <span class='ocrx_word' id='word_1_785' title='bbox 2572 3494 2743 3549; x_wconf 85' lang='lat' dir='ltr'><strong>neque</strong></span> <span class='ocrx_word' id='word_1_786' title='bbox 2784 3478 3035 3543; x_wconf 79' lang='lat' dir='ltr'><strong>teStibus,</strong></span> <span class='ocrx_word' id='word_1_787' title='bbox 3062 3493 3234 3548; x_wconf 87' lang='lat' dir='ltr'><strong>neque</strong></span> <span class='ocrx_word' id='word_1_788' title='bbox 3274 3477 3673 3547; x_wconf 89' lang='lat' dir='ltr'><strong>probationibus</strong></span> <span class='ocrx_word' id='word_1_789' title='bbox 3709 3478 3791 3530; x_wconf 89' lang='lat' dir='ltr'><strong>in-</strong></span> 
     </span>
    </p>
   </div>
   <div class='ocr_carea' id='block_1_95' title="bbox 2216 3568 3786 3639">
    <p class='ocr_par' dir='ltr' id='par_1_95' title="bbox 2216 3568 3786 3639">
     <span class='ocr_line' id='line_1_95' title="bbox 2216 3568 3786 3639; baseline -0.003 -15"><span class='ocrx_word' id='word_1_790' title='bbox 2216 3571 2359 3639; x_wconf 79' lang='lat' dir='ltr'><strong>diget</strong></span> <span class='ocrx_word' id='word_1_791' title='bbox 2379 3612 2394 3632; x_wconf 92' lang='lat'><strong>,</strong></span> <span class='ocrx_word' id='word_1_792' title='bbox 2426 3569 2518 3623; x_wconf 86' lang='lat' dir='ltr'><strong>sed</strong></span> <span class='ocrx_word' id='word_1_793' title='bbox 2548 3570 2747 3639; x_wconf 87' lang='lat' dir='ltr'><strong>absque</strong></span> <span class='ocrx_word' id='word_1_794' title='bbox 2773 3568 2855 3623; x_wconf 89' lang='lat' dir='ltr'><strong>his</strong></span> <span class='ocrx_word' id='word_1_795' title='bbox 2884 3569 3129 3623; x_wconf 91' lang='lat' dir='ltr'><strong>omnibus</strong></span> <span class='ocrx_word' id='word_1_796' title='bbox 3152 3610 3166 3634; x_wconf 94' lang='lat'><strong>,</strong></span> <span class='ocrx_word' id='word_1_797' title='bbox 3197 3578 3251 3623; x_wconf 89' lang='lat' dir='ltr'><strong>et</strong></span> <span class='ocrx_word' id='word_1_798' title='bbox 3280 3584 3440 3638; x_wconf 89' lang='lat' dir='ltr'><strong>opera</strong></span> <span class='ocrx_word' id='word_1_799' title='bbox 3469 3578 3524 3622; x_wconf 91' lang='lat' dir='ltr'><strong>et</strong></span> <span class='ocrx_word' id='word_1_800' title='bbox 3543 3568 3701 3623; x_wconf 83' lang='lat' dir='ltr'><strong>verba</strong></span> <span class='ocrx_word' id='word_1_801' title='bbox 3731 3577 3786 3620; x_wconf 88' lang='lat' dir='ltr'><strong>ct</strong></span> 
     </span>
    </p>
   </div>
   <div class='ocr_carea' id='block_1_96' title="bbox 2214 3660 3789 3732">
    <p class='ocr_par' dir='ltr' id='par_1_96' title="bbox 2214 3660 3789 3732">
     <span class='ocr_line' id='line_1_96' title="bbox 2214 3660 3789 3732; baseline -0.003 -16"><span class='ocrx_word' id='word_1_802' title='bbox 2214 3663 2559 3732; x_wconf 84' lang='lat' dir='ltr'><strong>cogitationes</strong></span> <span class='ocrx_word' id='word_1_803' title='bbox 2604 3662 2654 3715; x_wconf 93' lang='lat' dir='ltr'><strong>in</strong></span> <span class='ocrx_word' id='word_1_804' title='bbox 2701 3661 2932 3715; x_wconf 89' lang='lat' dir='ltr'><strong>medium</strong></span> <span class='ocrx_word' id='word_1_805' title='bbox 2980 3660 3226 3724; x_wconf 81' lang='lat' dir='ltr'><strong>adducit,</strong></span> <span class='ocrx_word' id='word_1_806' title='bbox 3271 3660 3556 3729; x_wconf 90' lang='lat' dir='ltr'><strong>omniaque</strong></span> <span class='ocrx_word' id='word_1_807' title='bbox 3596 3674 3691 3715; x_wconf 90' lang='lat' dir='ltr'><strong>ceu</strong></span> <span class='ocrx_word' id='word_1_808' title='bbox 3738 3660 3789 3712; x_wconf 92' lang='lat' dir='ltr'><strong>in</strong></span> 
     </span>
    </p>
   </div>
   <div class='ocr_carea' id='block_1_97' title="bbox 2215 3750 3791 3824">
    <p class='ocr_par' dir='ltr' id='par_1_97' title="bbox 2215 3750 3791 3824">
     <span class='ocr_line' id='line_1_97' title="bbox 2215 3750 3791 3824; baseline 0 -17"><span class='ocrx_word' id='word_1_809' title='bbox 2215 3754 2442 3824; x_wconf 79' lang='lat' dir='ltr'><strong>imagine</strong></span> <span class='ocrx_word' id='word_1_810' title='bbox 2467 3762 2519 3808; x_wconf 90' lang='lat' dir='ltr'><strong>et</strong></span> <span class='ocrx_word' id='word_1_811' title='bbox 2558 3753 2898 3822; x_wconf 87' lang='lat' dir='ltr'><strong>peccantibus</strong></span> <span class='ocrx_word' id='word_1_812' title='bbox 2948 3760 3001 3807; x_wconf 88' lang='lat' dir='ltr'><strong>et</strong></span> <span class='ocrx_word' id='word_1_813' title='bbox 3038 3752 3402 3822; x_wconf 86' lang='lat' dir='ltr'><strong>ignorantibus</strong></span> <span class='ocrx_word' id='word_1_814' title='bbox 3430 3750 3791 3807; x_wconf 82' lang='lat' dir='ltr'><strong>demonstrat.</strong></span> 
     </span>
    </p>
   </div>
   <div class='ocr_carea' id='block_1_98' title="bbox 2214 3843 3792 3916">
    <p class='ocr_par' dir='ltr' id='par_1_98' title="bbox 2214 3843 3792 3916">
     <span class='ocr_line' id='line_1_98' title="bbox 2214 3843 3792 3916; baseline -0.002 -17"><span class='ocrx_word' id='word_1_815' title='bbox 2214 3846 2480 3916; x_wconf 87' lang='lat' dir='ltr'><strong>quomodo</strong></span> <span class='ocrx_word' id='word_1_816' title='bbox 2502 3845 2615 3900; x_wconf 85' lang='lat' dir='ltr'><strong>ﬁeri</strong></span> <span class='ocrx_word' id='word_1_817' title='bbox 2644 3854 2854 3913; x_wconf 89' lang='lat' dir='ltr'><strong>potest,</strong></span> <span class='ocrx_word' id='word_1_818' title='bbox 2887 3853 2943 3897; x_wconf 90' lang='lat' dir='ltr'><strong>ut</strong></span> <span class='ocrx_word' id='word_1_819' title='bbox 2981 3843 3229 3913; x_wconf 64' lang='lat' dir='ltr'><strong>quaelibet</strong></span> <span class='ocrx_word' id='word_1_820' title='bbox 3260 3844 3425 3895; x_wconf 77' lang='lat' dir='ltr'><strong>virtus</strong></span> <span class='ocrx_word' id='word_1_821' title='bbox 3466 3858 3570 3896; x_wconf 67' lang='lat' dir='ltr'><strong>non</strong></span> <span class='ocrx_word' id='word_1_822' title='bbox 3603 3852 3792 3896; x_wconf 84' lang='lat' dir='ltr'><strong>tremat</strong></span> 
     </span>
    </p>
   </div>
   <div class='ocr_carea' id='block_1_99' title="bbox 2213 3931 3789 4001">
    <p class='ocr_par' dir='ltr' id='par_1_99' title="bbox 2213 3931 3789 4001">
     <span class='ocr_line' id='line_1_99' title="bbox 2213 3931 3789 4001; baseline -0.006 -8"><span class='ocrx_word' id='word_1_823' title='bbox 2213 3948 2265 3993; x_wconf 92' lang='lat' dir='ltr'><strong>et</strong></span> <span class='ocrx_word' id='word_1_824' title='bbox 2291 3936 2661 3993; x_wconf 82' lang='lat' dir='ltr'><strong>concutiatur?</strong></span> <span class='ocrx_word' id='word_1_825' title='bbox 2693 3936 2841 3990; x_wconf 89' lang='lat' dir='ltr'><strong>Licet</strong></span> <span class='ocrx_word' id='word_1_826' title='bbox 2868 3936 3008 3989; x_wconf 90' lang='lat' dir='ltr'><strong>enim</strong></span> <span class='ocrx_word' id='word_1_827' title='bbox 3040 3934 3230 3987; x_wconf 79' lang='lat' dir='ltr'><strong>fluvius</strong></span> <span class='ocrx_word' id='word_1_828' title='bbox 3266 3934 3447 4001; x_wconf 79' lang='lat' dir='ltr'><strong>igneus</strong></span> <span class='ocrx_word' id='word_1_829' title='bbox 3477 3946 3580 3985; x_wconf 90' lang='lat' dir='ltr'><strong>non</strong></span> <span class='ocrx_word' id='word_1_830' title='bbox 3611 3931 3789 3985; x_wconf 88' lang='lat' dir='ltr'><strong>trahe-</strong></span> 
     </span>
    </p>
   </div>
   <div class='ocr_carea' id='block_1_100' title="bbox 2215 4022 3791 4097">
    <p class='ocr_par' dir='ltr' id='par_1_100' title="bbox 2215 4022 3791 4097">
     <span class='ocr_line' id='line_1_100' title="bbox 2215 4022 3791 4097; baseline -0.007 -14"><span class='ocrx_word' id='word_1_831' title='bbox 2215 4040 2380 4089; x_wconf 89' lang='lat' dir='ltr'><strong>retur,</strong></span> <span class='ocrx_word' id='word_1_832' title='bbox 2411 4043 2582 4097; x_wconf 88' lang='lat' dir='ltr'><strong>neque</strong></span> <span class='ocrx_word' id='word_1_833' title='bbox 2615 4026 2785 4095; x_wconf 87' lang='lat' dir='ltr'><strong>angeli</strong></span> <span class='ocrx_word' id='word_1_834' title='bbox 2826 4024 3101 4079; x_wconf 88' lang='lat' dir='ltr'><strong>adstarent</strong></span> <span class='ocrx_word' id='word_1_835' title='bbox 3140 4022 3537 4088; x_wconf 77' lang='lat' dir='ltr'><strong>formidabiles;</strong></span> <span class='ocrx_word' id='word_1_836' title='bbox 3570 4022 3668 4075; x_wconf 82' lang='lat' dir='ltr'><strong>soli</strong></span> <span class='ocrx_word' id='word_1_837' title='bbox 3698 4035 3791 4073; x_wconf 86' lang='lat' dir='ltr'><strong>an-</strong></span> 
     </span>
    </p>
   </div>
   <div class='ocr_carea' id='block_1_101' title="bbox 2216 4112 3794 4181">
    <p class='ocr_par' dir='ltr' id='par_1_101' title="bbox 2216 4112 3794 4181">
     <span class='ocr_line' id='line_1_101' title="bbox 2216 4112 3794 4181; baseline -0.006 -8"><span class='ocrx_word' id='word_1_838' title='bbox 2216 4130 2320 4175; x_wconf 91' lang='lat' dir='ltr'><strong>tem</strong></span> <span class='ocrx_word' id='word_1_839' title='bbox 2380 4119 2623 4173; x_wconf 87' lang='lat' dir='ltr'><strong>homines</strong></span> <span class='ocrx_word' id='word_1_840' title='bbox 2670 4115 2979 4180; x_wconf 85' lang='lat' dir='ltr'><strong>convocati,</strong></span> <span class='ocrx_word' id='word_1_841' title='bbox 3019 4114 3106 4167; x_wconf 89' lang='lat' dir='ltr'><strong>alii</strong></span> <span class='ocrx_word' id='word_1_842' title='bbox 3153 4113 3393 4167; x_wconf 90' lang='lat' dir='ltr'><strong>laudibus</strong></span> <span class='ocrx_word' id='word_1_843' title='bbox 3425 4121 3482 4166; x_wconf 88' lang='lat' dir='ltr'><strong>et</strong></span> <span class='ocrx_word' id='word_1_844' title='bbox 3517 4112 3794 4181; x_wconf 68' lang='lat' dir='ltr'><strong>prtec0niis</strong></span> 
     </span>
    </p>
   </div>
   <div class='ocr_carea' id='block_1_102' title="bbox 2215 4204 3793 4276">
    <p class='ocr_par' dir='ltr' id='par_1_102' title="bbox 2215 4204 3793 4276">
     <span class='ocr_line' id='line_1_102' title="bbox 2215 4204 3793 4276; baseline -0.007 -10"><span class='ocrx_word' id='word_1_845' title='bbox 2215 4213 2651 4273; x_wconf 88' lang='lat' dir='ltr'><strong>celebrarentur;</strong></span> <span class='ocrx_word' id='word_1_846' title='bbox 2682 4210 2768 4262; x_wconf 87' lang='lat' dir='ltr'><strong>alii</strong></span> <span class='ocrx_word' id='word_1_847' title='bbox 2804 4223 2925 4262; x_wconf 90' lang='lat' dir='ltr'><strong>cum</strong></span> <span class='ocrx_word' id='word_1_848' title='bbox 2973 4206 3257 4276; x_wconf 88' lang='lat' dir='ltr'><strong>ignominia</strong></span> <span class='ocrx_word' id='word_1_849' title='bbox 3305 4204 3691 4274; x_wconf 82' lang='lat' dir='ltr'><strong>abjicereutur,</strong></span> <span class='ocrx_word' id='word_1_850' title='bbox 3725 4219 3793 4256; x_wconf 92' lang='lat' dir='ltr'><strong>ne</strong></span> 
     </span>
    </p>
   </div>
   <div class='ocr_carea' id='block_1_103' title="bbox 2216 4294 3788 4370">
    <p class='ocr_par' dir='ltr' id='par_1_103' title="bbox 2216 4294 3788 4370">
     <span class='ocr_line' id='line_1_103' title="bbox 2216 4294 3788 4370; baseline -0.007 -15"><span class='ocrx_word' id='word_1_851' title='bbox 2216 4303 2456 4357; x_wconf 81' lang='lat' dir='ltr'><strong>viderent</strong></span> <span class='ocrx_word' id='word_1_852' title='bbox 2504 4302 2724 4370; x_wconf 88' lang='lat' dir='ltr'><strong>gloriam</strong></span> <span class='ocrx_word' id='word_1_853' title='bbox 2781 4300 2871 4351; x_wconf 86' lang='lat' dir='ltr'><strong>Dei</strong></span> <span class='ocrx_word' id='word_1_854' title='bbox 2904 4316 2916 4350; x_wconf 90' lang='lat'><strong>:</strong></span> <span class='ocrx_word' id='word_1_855' title='bbox 2950 4298 3179 4351; x_wconf 86' lang='lat' dir='ltr'><strong>Tollatnr</strong></span> <span class='ocrx_word' id='word_1_856' title='bbox 3204 4298 3224 4327; x_wconf 78' lang='lat'>&#39;</span> <span class='ocrx_word' id='word_1_857' title='bbox 3250 4336 3264 4358; x_wconf 94' lang='lat'><strong>,</strong></span> <span class='ocrx_word' id='word_1_858' title='bbox 3323 4296 3525 4363; x_wconf 89' lang='lat' dir='ltr'><strong>inquit,</strong></span> <span class='ocrx_word' id='word_1_859' title='bbox 3570 4294 3788 4362; x_wconf 88' lang='lat' dir='ltr'><strong>intpius,</strong></span> 
     </span>
    </p>
   </div>
   <div class='ocr_carea' id='block_1_104' title="bbox 2216 4383 3795 4461">
    <p class='ocr_par' dir='ltr' id='par_1_104' title="bbox 2216 4383 3795 4461">
     <span class='ocr_line' id='line_1_104' title="bbox 2216 4383 3795 4461; baseline -0.007 -15"><span class='ocrx_word' id='word_1_860' title='bbox 2216 4412 2279 4449; x_wconf 88' lang='lat' dir='ltr'><strong>ne</strong></span> <span class='ocrx_word' id='word_1_861' title='bbox 2297 4392 2460 4446; x_wconf 84' lang='lat' dir='ltr'><strong>videat</strong></span> <span class='ocrx_word' id='word_1_862' title='bbox 2484 4392 2697 4461; x_wconf 90' lang='lat' dir='ltr'><strong>gloriam</strong></span> <span class='ocrx_word' id='word_1_863' title='bbox 2723 4389 2962 4450; x_wconf 87' lang='lat' dir='ltr'><strong>Domini;</strong></span> <span class='ocrx_word' id='word_1_864' title='bbox 2985 4401 3159 4441; x_wconf 89' lang='lat' dir='ltr'><strong>nonne</strong></span> <span class='ocrx_word' id='word_1_865' title='bbox 3183 4385 3364 4454; x_wconf 78' lang='lat' dir='ltr'><strong>quavis</strong></span> <span class='ocrx_word' id='word_1_866' title='bbox 3386 4383 3621 4453; x_wconf 84' lang='lat' dir='ltr'><strong>gehenua</strong></span> <span class='ocrx_word' id='word_1_867' title='bbox 3645 4396 3795 4435; x_wconf 83' lang='lat' dir='ltr'><strong>acer-</strong></span> 
     </span>
    </p>
   </div>
   <div class='ocr_carea' id='block_1_105' title="bbox 2214 4472 3789 4547">
    <p class='ocr_par' dir='ltr' id='par_1_105' title="bbox 2214 4472 3789 4547">
     <span class='ocr_line' id='line_1_105' title="bbox 2214 4472 3789 4547; baseline -0.011 -8"><span class='ocrx_word' id='word_1_868' title='bbox 2214 4485 2333 4538; x_wconf 90' lang='lat' dir='ltr'><strong>bius</strong></span> <span class='ocrx_word' id='word_1_869' title='bbox 2360 4482 2437 4536; x_wconf 89' lang='lat' dir='ltr'><strong>vel</strong></span> <span class='ocrx_word' id='word_1_870' title='bbox 2480 4481 2530 4534; x_wconf 90' lang='lat' dir='ltr'><strong>id</strong></span> <span class='ocrx_word' id='word_1_871' title='bbox 2579 4480 2782 4542; x_wconf 88' lang='lat' dir='ltr'><strong>solum,</strong></span> <span class='ocrx_word' id='word_1_872' title='bbox 2815 4477 2955 4547; x_wconf 91' lang='lat' dir='ltr'><strong>quod</strong></span> <span class='ocrx_word' id='word_1_873' title='bbox 2989 4492 3017 4529; x_wconf 94' lang='lat' dir='ltr'><strong>a</strong></span> <span class='ocrx_word' id='word_1_874' title='bbox 3053 4476 3211 4529; x_wconf 86' lang='lat' dir='ltr'><strong>tantis</strong></span> <span class='ocrx_word' id='word_1_875' title='bbox 3250 4474 3569 4527; x_wconf 80' lang='lat' dir='ltr'><strong>excidissent</strong></span> <span class='ocrx_word' id='word_1_876' title='bbox 3597 4472 3747 4524; x_wconf 89' lang='lat' dir='ltr'><strong>bonis</strong></span> <span class='ocrx_word' id='word_1_877' title='bbox 3773 4512 3789 4535; x_wconf 92' lang='lat'><strong>,</strong></span> 
     </span>
    </p>
   </div>
   <div class='ocr_carea' id='block_1_106' title="bbox 2215 4564 3790 4643">
    <p class='ocr_par' dir='ltr' id='par_1_106' title="bbox 2215 4564 3790 4643">
     <span class='ocr_line' id='line_1_106' title="bbox 2215 4564 3790 4643; baseline -0.01 -14"><span class='ocrx_word' id='word_1_878' title='bbox 2215 4576 2540 4643; x_wconf 85' lang='lat' dir='ltr'><strong>abjectorum</strong></span> <span class='ocrx_word' id='word_1_879' title='bbox 2567 4570 2771 4624; x_wconf 87' lang='lat' dir='ltr'><strong>animas</strong></span> <span class='ocrx_word' id='word_1_880' title='bbox 2796 4566 3174 4623; x_wconf 82' lang='lat' dir='ltr'><strong>excruciaret?</strong></span> <span class='ocrx_word' id='word_1_881' title='bbox 3217 4564 3347 4619; x_wconf 87' lang='lat' dir='ltr'><strong>Illud</strong></span> <span class='ocrx_word' id='word_1_882' title='bbox 3382 4578 3509 4617; x_wconf 88' lang='lat' dir='ltr'><strong>vero</strong></span> <span class='ocrx_word' id='word_1_883' title='bbox 3536 4572 3790 4633; x_wconf 89' lang='lat' dir='ltr'><strong>quantum</strong></span> 
     </span>
    </p>
   </div>
   <div class='ocr_carea' id='block_1_107' title="bbox 2214 4654 3792 4729">
    <p class='ocr_par' dir='ltr' id='par_1_107' title="bbox 2214 4654 3792 4729">
     <span class='ocr_line' id='line_1_107' title="bbox 2214 4654 3792 4729; baseline -0.01 -10"><span class='ocrx_word' id='word_1_884' title='bbox 2214 4666 2281 4719; x_wconf 89' lang='lat' dir='ltr'><strong>sit</strong></span> <span class='ocrx_word' id='word_1_885' title='bbox 2311 4663 2505 4717; x_wconf 90' lang='lat' dir='ltr'><strong>malum</strong></span> <span class='ocrx_word' id='word_1_886' title='bbox 2528 4704 2543 4728; x_wconf 90' lang='lat'><strong>,</strong></span> <span class='ocrx_word' id='word_1_887' title='bbox 2576 4676 2714 4715; x_wconf 90' lang='lat' dir='ltr'><strong>nunc</strong></span> <span class='ocrx_word' id='word_1_888' title='bbox 2740 4660 2951 4729; x_wconf 87' lang='lat' dir='ltr'><strong>quidem</strong></span> <span class='ocrx_word' id='word_1_889' title='bbox 2992 4671 3237 4712; x_wconf 87' lang='lat' dir='ltr'><strong>sermone</strong></span> <span class='ocrx_word' id='word_1_890' title='bbox 3270 4655 3527 4709; x_wconf 85' lang='lat' dir='ltr'><strong>declarari</strong></span> <span class='ocrx_word' id='word_1_891' title='bbox 3570 4654 3751 4721; x_wconf 87' lang='lat' dir='ltr'><strong>nequit</strong></span> <span class='ocrx_word' id='word_1_892' title='bbox 3779 4671 3792 4714; x_wconf 88' lang='lat'><strong>;</strong></span> 
     </span>
    </p>
   </div>
   <div class='ocr_carea' id='block_1_108' title="bbox 2218 4744 3791 4822">
    <p class='ocr_par' dir='ltr' id='par_1_108' title="bbox 2218 4744 3791 4822">
     <span class='ocr_line' id='line_1_108' title="bbox 2218 4744 3791 4822; baseline -0.009 -11"><span class='ocrx_word' id='word_1_893' title='bbox 2218 4765 2341 4811; x_wconf 90' lang='lat' dir='ltr'><strong>tunc</strong></span> <span class='ocrx_word' id='word_1_894' title='bbox 2387 4770 2515 4809; x_wconf 88' lang='lat' dir='ltr'><strong>vero</strong></span> <span class='ocrx_word' id='word_1_895' title='bbox 2555 4770 2618 4809; x_wconf 79' lang='lat' dir='ltr'><strong>ex</strong></span> <span class='ocrx_word' id='word_1_896' title='bbox 2675 4770 2732 4807; x_wconf 87' lang='lat' dir='ltr'><strong>re</strong></span> <span class='ocrx_word' id='word_1_897' title='bbox 2775 4754 2886 4822; x_wconf 92' lang='lat' dir='ltr'><strong>ipsa</strong></span> <span class='ocrx_word' id='word_1_898' title='bbox 2929 4749 3204 4803; x_wconf 79' lang='lat' dir='ltr'><strong>manifeste</strong></span> <span class='ocrx_word' id='word_1_899' title='bbox 3260 4760 3659 4817; x_wconf 78' lang='lat' dir='ltr'><strong>cognoscemus.</strong></span> <span class='ocrx_word' id='word_1_900' title='bbox 3711 4744 3791 4797; x_wconf 90' lang='lat' dir='ltr'><strong>Tu</strong></span> 
     </span>
    </p>
   </div>
   <div class='ocr_carea' id='block_1_109' title="bbox 2215 4837 3789 4909">
    <p class='ocr_par' dir='ltr' id='par_1_109' title="bbox 2215 4837 3789 4909">
     <span class='ocr_line' id='line_1_109' title="bbox 2215 4837 3789 4909; baseline -0.011 -6"><span class='ocrx_word' id='word_1_901' title='bbox 2215 4861 2346 4903; x_wconf 87' lang='lat' dir='ltr'><strong>vero</strong></span> <span class='ocrx_word' id='word_1_902' title='bbox 2376 4861 2515 4900; x_wconf 92' lang='lat' dir='ltr'><strong>nunc</strong></span> <span class='ocrx_word' id='word_1_903' title='bbox 2545 4844 2626 4898; x_wconf 90' lang='lat' dir='ltr'><strong>his</strong></span> <span class='ocrx_word' id='word_1_904' title='bbox 2653 4843 2785 4896; x_wconf 87' lang='lat' dir='ltr'><strong>adde</strong></span> <span class='ocrx_word' id='word_1_905' title='bbox 2830 4839 3142 4909; x_wconf 88' lang='lat' dir='ltr'><strong>supplicium</strong></span> <span class='ocrx_word' id='word_1_906' title='bbox 3175 4837 3301 4891; x_wconf 90' lang='lat' dir='ltr'><strong>illud</strong></span> <span class='ocrx_word' id='word_1_907' title='bbox 3326 4876 3341 4902; x_wconf 94' lang='lat'><strong>,</strong></span> <span class='ocrx_word' id='word_1_908' title='bbox 3384 4849 3557 4904; x_wconf 87' lang='lat' dir='ltr'><strong>neque</strong></span> <span class='ocrx_word' id='word_1_909' title='bbox 3588 4842 3789 4887; x_wconf 90' lang='lat' dir='ltr'><strong>tantum</strong></span> 
     </span>
    </p>
   </div>
   <div class='ocr_carea' id='block_1_110' title="bbox 2218 4925 3794 5005">
    <p class='ocr_par' dir='ltr' id='par_1_110' title="bbox 2218 4925 3794 5005">
     <span class='ocr_line' id='line_1_110' title="bbox 2218 4925 3794 5005; baseline -0.011 -10"><span class='ocrx_word' id='word_1_910' title='bbox 2218 4940 2459 4995; x_wconf 90' lang='lat' dir='ltr'><strong>homines</strong></span> <span class='ocrx_word' id='word_1_911' title='bbox 2488 4935 2688 5005; x_wconf 84' lang='lat' dir='ltr'><strong>pudore</strong></span> <span class='ocrx_word' id='word_1_912' title='bbox 2715 4931 2961 4996; x_wconf 82' lang='lat' dir='ltr'><strong>suffusos,</strong></span> <span class='ocrx_word' id='word_1_913' title='bbox 2994 4930 3079 4983; x_wconf 89' lang='lat' dir='ltr'><strong>vel</strong></span> <span class='ocrx_word' id='word_1_914' title='bbox 3108 4936 3295 4998; x_wconf 90' lang='lat' dir='ltr'><strong>operto</strong></span> <span class='ocrx_word' id='word_1_915' title='bbox 3320 4927 3492 4996; x_wconf 85' lang='lat' dir='ltr'><strong>capite</strong></span> <span class='ocrx_word' id='word_1_916' title='bbox 3510 4967 3525 4993; x_wconf 92' lang='lat'><strong>,</strong></span> <span class='ocrx_word' id='word_1_917' title='bbox 3549 4936 3603 4979; x_wconf 89' lang='lat' dir='ltr'><strong>et</strong></span> <span class='ocrx_word' id='word_1_918' title='bbox 3626 4925 3794 4978; x_wconf 83' lang='lat' dir='ltr'><strong>oculis</strong></span> 
     </span>
    </p>
   </div>
   <div class='ocr_carea' id='block_1_111' title="bbox 2219 5018 3796 5088">
    <p class='ocr_par' dir='ltr' id='par_1_111' title="bbox 2219 5018 3796 5088">
     <span class='ocr_line' id='line_1_111' title="bbox 2219 5018 3796 5088; baseline -0.009 -5"><span class='ocrx_word' id='word_1_919' title='bbox 2219 5030 2271 5083; x_wconf 92' lang='lat' dir='ltr'><strong>in</strong></span> <span class='ocrx_word' id='word_1_920' title='bbox 2312 5038 2507 5082; x_wconf 88' lang='lat' dir='ltr'><strong>terram</strong></span> <span class='ocrx_word' id='word_1_921' title='bbox 2536 5023 2755 5088; x_wconf 81' lang='lat' dir='ltr'><strong>deﬁxis,</strong></span> <span class='ocrx_word' id='word_1_922' title='bbox 2787 5021 2883 5076; x_wconf 89' lang='lat' dir='ltr'><strong>sed</strong></span> <span class='ocrx_word' id='word_1_923' title='bbox 2924 5023 3085 5075; x_wconf 90' lang='lat' dir='ltr'><strong>etiam</strong></span> <span class='ocrx_word' id='word_1_924' title='bbox 3130 5028 3326 5074; x_wconf 90' lang='lat' dir='ltr'><strong>tractos</strong></span> <span class='ocrx_word' id='word_1_925' title='bbox 3374 5032 3467 5087; x_wconf 88' lang='lat' dir='ltr'><strong>per</strong></span> <span class='ocrx_word' id='word_1_926' title='bbox 3505 5018 3643 5071; x_wconf 86' lang='lat' dir='ltr'><strong>viam</strong></span> <span class='ocrx_word' id='word_1_927' title='bbox 3676 5032 3796 5085; x_wconf 78' lang='lat' dir='ltr'><strong>quas</strong></span> 
     </span>
    </p>
   </div>
   <div class='ocr_carea' id='block_1_112' title="bbox 2220 5108 3794 5185">
    <p class='ocr_par' dir='ltr' id='par_1_112' title="bbox 2220 5108 3794 5185">
     <span class='ocr_line' id='line_1_112' title="bbox 2220 5108 3794 5185; baseline -0.009 -9"><span class='ocrx_word' id='word_1_928' title='bbox 2220 5119 2387 5176; x_wconf 88' lang='lat' dir='ltr'><strong>tendit</strong></span> <span class='ocrx_word' id='word_1_929' title='bbox 2410 5116 2476 5170; x_wconf 88' lang='lat' dir='ltr'><strong>ad</strong></span> <span class='ocrx_word' id='word_1_930' title='bbox 2516 5116 2693 5185; x_wconf 88' lang='lat' dir='ltr'><strong>ignem</strong></span> <span class='ocrx_word' id='word_1_931' title='bbox 2718 5156 2732 5181; x_wconf 92' lang='lat'><strong>,</strong></span> <span class='ocrx_word' id='word_1_932' title='bbox 2760 5122 2816 5169; x_wconf 88' lang='lat' dir='ltr'><strong>et</strong></span> <span class='ocrx_word' id='word_1_933' title='bbox 2843 5113 2910 5168; x_wconf 89' lang='lat' dir='ltr'><strong>ad</strong></span> <span class='ocrx_word' id='word_1_934' title='bbox 2938 5122 3203 5167; x_wconf 89' lang='lat' dir='ltr'><strong>tormenta</strong></span> <span class='ocrx_word' id='word_1_935' title='bbox 3230 5114 3476 5179; x_wconf 87' lang='lat' dir='ltr'><strong>abreptos</strong></span> <span class='ocrx_word' id='word_1_936' title='bbox 3500 5152 3515 5175; x_wconf 96' lang='lat'><strong>,</strong></span> <span class='ocrx_word' id='word_1_937' title='bbox 3544 5108 3794 5163; x_wconf 46' lang='lat' dir='ltr'><strong>traditos</strong></span> 
     </span>
    </p>
   </div>
   <div class='ocr_carea' id='block_1_113' title="bbox 2218 5203 3798 5280">
    <p class='ocr_par' dir='ltr' id='par_1_113' title="bbox 2218 5203 3798 5280">
     <span class='ocr_line' id='line_1_113' title="bbox 2218 5203 3798 5280; baseline -0.007 -17"><span class='ocrx_word' id='word_1_938' title='bbox 2218 5225 2318 5280; x_wconf 91' lang='lat' dir='ltr'><strong>que</strong></span> <span class='ocrx_word' id='word_1_939' title='bbox 2350 5208 2667 5261; x_wconf 87' lang='lat' dir='ltr'><strong>immanibus</strong></span> <span class='ocrx_word' id='word_1_940' title='bbox 2691 5204 3041 5275; x_wconf 88' lang='lat' dir='ltr'><strong>potestatibus</strong></span> <span class='ocrx_word' id='word_1_941' title='bbox 3070 5221 3083 5255; x_wconf 89' lang='lat'><strong>:</strong></span> <span class='ocrx_word' id='word_1_942' title='bbox 3114 5203 3269 5271; x_wconf 90' lang='lat' dir='ltr'><strong>idque</strong></span> <span class='ocrx_word' id='word_1_943' title='bbox 3290 5216 3354 5254; x_wconf 88' lang='lat' dir='ltr'><strong>eo</strong></span> <span class='ocrx_word' id='word_1_944' title='bbox 3383 5208 3623 5269; x_wconf 87' lang='lat' dir='ltr'><strong>tempore</strong></span> <span class='ocrx_word' id='word_1_945' title='bbox 3644 5238 3661 5265; x_wconf 92' lang='lat'><strong>,</strong></span> <span class='ocrx_word' id='word_1_946' title='bbox 3688 5215 3798 5268; x_wconf 89' lang='lat' dir='ltr'><strong>quo</strong></span> 
     </span>
    </p>
   </div>
   <div class='ocr_carea' id='block_1_114' title="bbox 2220 5294 3801 5367">
    <p class='ocr_par' dir='ltr' id='par_1_114' title="bbox 2220 5294 3801 5367">
     <span class='ocr_line' id='line_1_114' title="bbox 2220 5294 3801 5367; baseline -0.006 -11"><span class='ocrx_word' id='word_1_947' title='bbox 2220 5312 2561 5367; x_wconf 89' lang='lat' dir='ltr'><strong>coronantur,</strong></span> <span class='ocrx_word' id='word_1_948' title='bbox 2590 5300 2925 5355; x_wconf 85' lang='lat' dir='ltr'><strong>celebrantur</strong></span> <span class='ocrx_word' id='word_1_949' title='bbox 2955 5296 3250 5365; x_wconf 88' lang='lat' dir='ltr'><strong>thronoquc</strong></span> <span class='ocrx_word' id='word_1_950' title='bbox 3276 5295 3421 5364; x_wconf 82' lang='lat' dir='ltr'><strong>regio</strong></span> <span class='ocrx_word' id='word_1_951' title='bbox 3446 5295 3705 5347; x_wconf 87' lang='lat' dir='ltr'><strong>sistuntur</strong></span> <span class='ocrx_word' id='word_1_952' title='bbox 3736 5294 3769 5347; x_wconf 92' lang='lat' dir='ltr'><strong>ii</strong></span> <span class='ocrx_word' id='word_1_953' title='bbox 3788 5335 3801 5354; x_wconf 89' lang='lat'><strong>.</strong></span> 
     </span>
    </p>
   </div>
   <div class='ocr_carea' id='block_1_115' title="bbox 2219 5383 3791 5465">
    <p class='ocr_par' dir='ltr' id='par_1_115' title="bbox 2219 5383 3791 5465">
     <span class='ocr_line' id='line_1_115' title="bbox 2219 5383 3791 5465; baseline -0.008 -18"><span class='ocrx_word' id='word_1_954' title='bbox 2219 5394 2306 5465; x_wconf 92' lang='lat' dir='ltr'><strong>qui</strong></span> <span class='ocrx_word' id='word_1_955' title='bbox 2338 5394 2472 5447; x_wconf 90' lang='lat' dir='ltr'><strong>bona</strong></span> <span class='ocrx_word' id='word_1_956' title='bbox 2502 5399 2722 5461; x_wconf 84' lang='lat' dir='ltr'><strong>egerunt</strong></span> <span class='ocrx_word' id='word_1_957' title='bbox 2742 5399 2795 5445; x_wconf 91' lang='lat' dir='ltr'><strong>et</strong></span> <span class='ocrx_word' id='word_1_958' title='bbox 2815 5388 2973 5459; x_wconf 87' lang='lat' dir='ltr'><strong>gestis</strong></span> <span class='ocrx_word' id='word_1_959' title='bbox 2998 5387 3107 5441; x_wconf 91' lang='lat' dir='ltr'><strong>suis</strong></span> <span class='ocrx_word' id='word_1_960' title='bbox 3128 5396 3326 5441; x_wconf 77' lang='lat' dir='ltr'><strong>:eterna</strong></span> <span class='ocrx_word' id='word_1_961' title='bbox 3354 5385 3457 5437; x_wconf 87' lang='lat' dir='ltr'><strong>vita</strong></span> <span class='ocrx_word' id='word_1_962' title='bbox 3482 5383 3623 5452; x_wconf 83' lang='lat' dir='ltr'><strong>digni</strong></span> <span class='ocrx_word' id='word_1_963' title='bbox 3649 5393 3791 5435; x_wconf 91' lang='lat' dir='ltr'><strong>sunt.</strong></span> 
     </span>
    </p>
   </div>
   <div class='ocr_carea' id='block_1_116' title="bbox 2293 5472 3797 5554">
    <p class='ocr_par' dir='ltr' id='par_1_116' title="bbox 2293 5472 3797 5554">
     <span class='ocr_line' id='line_1_116' title="bbox 2293 5472 3797 5554; baseline -0.008 -17"><span class='ocrx_word' id='word_1_964' title='bbox 2293 5486 2379 5538; x_wconf 78' lang='grc'><strong>15.</strong></span> <span class='ocrx_word' id='word_1_965' title='bbox 2404 5482 2623 5537; x_wconf 71' lang='lat' dir='ltr'><strong>Carlestis</strong></span> <span class='ocrx_word' id='word_1_966' title='bbox 2653 5480 2903 5554; x_wconf 79' lang='lat' dir='ltr'><strong>felicitatis</strong></span> <span class='ocrx_word' id='word_1_967' title='bbox 2930 5478 3261 5548; x_wconf 85' lang='lat' dir='ltr'><strong>imago.—Et</strong></span> <span class='ocrx_word' id='word_1_968' title='bbox 3305 5475 3416 5529; x_wconf 73' lang='lat' dir='ltr'><strong>lucc</strong></span> <span class='ocrx_word' id='word_1_969' title='bbox 3455 5474 3666 5543; x_wconf 88' lang='lat' dir='ltr'><strong>quidem</strong></span> <span class='ocrx_word' id='word_1_970' title='bbox 3709 5472 3797 5525; x_wconf 89' lang='lat' dir='ltr'><strong>illa</strong></span> 
     </span>
    </p>
   </div>
   <div class='ocr_carea' id='block_1_117' title="bbox 2222 5565 3796 5645">
    <p class='ocr_par' dir='ltr' id='par_1_117' title="bbox 2222 5565 3796 5645">
     <span class='ocr_line' id='line_1_117' title="bbox 2222 5565 3796 5645; baseline -0.011 -14"><span class='ocrx_word' id='word_1_971' title='bbox 2222 5578 2338 5631; x_wconf 88' lang='lat' dir='ltr'><strong>die:</strong></span> <span class='ocrx_word' id='word_1_972' title='bbox 2372 5590 2489 5645; x_wconf 79' lang='lat' dir='ltr'><strong>qua:</strong></span> <span class='ocrx_word' id='word_1_973' title='bbox 2518 5589 2645 5627; x_wconf 89' lang='lat' dir='ltr'><strong>vero</strong></span> <span class='ocrx_word' id='word_1_974' title='bbox 2681 5582 2796 5643; x_wconf 87' lang='lat' dir='ltr'><strong>post</strong></span> <span class='ocrx_word' id='word_1_975' title='bbox 2820 5570 2991 5624; x_wconf 89' lang='lat' dir='ltr'><strong>futura</strong></span> <span class='ocrx_word' id='word_1_976' title='bbox 3022 5577 3144 5623; x_wconf 88' lang='lat' dir='ltr'><strong>sunt</strong></span> <span class='ocrx_word' id='word_1_977' title='bbox 3178 5568 3292 5638; x_wconf 90' lang='lat' dir='ltr'><strong>quis</strong></span> <span class='ocrx_word' id='word_1_978' title='bbox 3322 5579 3497 5619; x_wconf 90' lang='lat' dir='ltr'><strong>sermo</strong></span> <span class='ocrx_word' id='word_1_979' title='bbox 3528 5565 3678 5619; x_wconf 91' lang='lat' dir='ltr'><strong>nobis</strong></span> <span class='ocrx_word' id='word_1_980' title='bbox 3703 5579 3796 5615; x_wconf 79' lang='lat' dir='ltr'><strong>cx-</strong></span> 
     </span>
    </p>
   </div>
   <div class='ocr_carea' id='block_1_118' title="bbox 2225 5654 3768 5738">
    <p class='ocr_par' dir='ltr' id='par_1_118' title="bbox 2225 5654 3768 5738">
     <span class='ocr_line' id='line_1_118' title="bbox 2225 5654 3768 5738; baseline -0.01 -17"><span class='ocrx_word' id='word_1_981' title='bbox 2225 5668 2435 5738; x_wconf 87' lang='lat' dir='ltr'><strong>primat,</strong></span> <span class='ocrx_word' id='word_1_982' title='bbox 2467 5664 2791 5734; x_wconf 90' lang='lat' dir='ltr'><strong>voluptatem</strong></span> <span class='ocrx_word' id='word_1_983' title='bbox 2822 5675 3009 5729; x_wconf 89' lang='lat' dir='ltr'><strong>nempe</strong></span> <span class='ocrx_word' id='word_1_984' title='bbox 3038 5676 3104 5713; x_wconf 80' lang='lat' dir='ltr'><strong>ex</strong></span> <span class='ocrx_word' id='word_1_985' title='bbox 3123 5656 3314 5713; x_wconf 89' lang='lat' dir='ltr'><strong>Christi</strong></span> <span class='ocrx_word' id='word_1_986' title='bbox 3336 5655 3624 5719; x_wconf 90' lang='lat' dir='ltr'><strong>consortio,</strong></span> <span class='ocrx_word' id='word_1_987' title='bbox 3657 5654 3768 5706; x_wconf 87' lang='lat' dir='ltr'><strong>utili</strong></span> 
     </span>
    </p>
   </div>
   <div class='ocr_carea' id='block_1_119' title="bbox 2282 5812 3789 5885">
    <p class='ocr_par' dir='ltr' id='par_1_119' title="bbox 2282 5812 3789 5885">
     <span class='ocr_line' id='line_1_119' title="bbox 2282 5812 3789 5885; baseline -0.009 -11"><span class='ocrx_word' id='word_1_988' title='bbox 2282 5836 2305 5861; x_wconf 69' lang='grc' dir='ltr'><strong>ι</strong></span> <span class='ocrx_word' id='word_1_989' title='bbox 2340 5826 2558 5885; x_wconf 85' lang='lat' dir='ltr'><strong>Quinque</strong></span> <span class='ocrx_word' id='word_1_990' title='bbox 2599 5832 2726 5883; x_wconf 86' lang='lat' dir='ltr'><strong>Mss.,</strong></span> <span class='ocrx_word' id='word_1_991' title='bbox 2753 5822 2814 5872; x_wconf 90' lang='lat' dir='ltr'><strong>de</strong></span> <span class='ocrx_word' id='word_1_992' title='bbox 2842 5834 3009 5884; x_wconf 89' lang='lat' dir='ltr'><strong>parva.</strong></span> <span class='ocrx_word' id='word_1_993' title='bbox 3036 5817 3219 5885; x_wconf 61' lang='lat' dir='ltr'><strong>Morel.,</strong></span> <span class='ocrx_word' id='word_1_994' title='bbox 3242 5816 3457 5885; x_wconf 33' lang='lat' dir='ltr'><strong>Savil._.et</strong></span> <span class='ocrx_word' id='word_1_995' title='bbox 3480 5812 3577 5885; x_wconf 72' lang='lat' dir='ltr'><strong>alii,</strong></span> <span class='ocrx_word' id='word_1_996' title='bbox 3602 5815 3662 5861; x_wconf 84' lang='lat' dir='ltr'><strong>de</strong></span> <span class='ocrx_word' id='word_1_997' title='bbox 3682 5824 3789 5885; x_wconf 72' lang='lat' dir='ltr'><strong>una.</strong></span> 
     </span>
    </p>
   </div>
   <div class='ocr_carea' id='block_1_120' title="bbox 2288 5875 3779 5937">
    <p class='ocr_par' dir='ltr' id='par_1_120' title="bbox 2288 5875 3779 5937">
     <span class='ocr_line' id='line_1_120' title="bbox 2288 5875 3779 5937; baseline -0.01 1"><span class='ocrx_word' id='word_1_998' title='bbox 2288 5892 2307 5921; x_wconf 86' lang='grc'>¹</span> <span class='ocrx_word' id='word_1_999' title='bbox 2340 5875 2411 5937; x_wconf 72' lang='lat' dir='ltr'><strong>sic</strong></span> <span class='ocrx_word' id='word_1_1000' title='bbox 2426 5875 2534 5935; x_wconf 76' lang='lat' dir='ltr'><strong>etim</strong></span> <span class='ocrx_word' id='word_1_1001' title='bbox 2553 5885 2692 5934; x_wconf 76' lang='lat' dir='ltr'><strong>savil.</strong></span> <span class='ocrx_word' id='word_1_1002' title='bbox 2713 5875 2809 5935; x_wconf 78' lang='lat' dir='ltr'><strong>duo</strong></span> <span class='ocrx_word' id='word_1_1003' title='bbox 2844 5875 2956 5933; x_wconf 63' lang='lat' dir='ltr'><strong>&#39;ttss.</strong></span> <span class='ocrx_word' id='word_1_1004' title='bbox 2982 5889 3030 5933; x_wconf 86' lang='lat' dir='ltr'><strong>tu</strong></span> <span class='ocrx_word' id='word_1_1005' title='bbox 3054 5875 3215 5930; x_wconf 60' lang='lat' dir='ltr'><strong>Morel;</strong></span> <span class='ocrx_word' id='word_1_1006' title='bbox 3244 5887 3295 5933; x_wconf 86' lang='lat' dir='ltr'><strong>et</strong></span> <span class='ocrx_word' id='word_1_1007' title='bbox 3316 5876 3517 5937; x_wconf 83' lang='lat' dir='ltr'><strong>reliquis</strong></span> <span class='ocrx_word' id='word_1_1008' title='bbox 3556 5875 3684 5934; x_wconf 75' lang='lat' dir='ltr'><strong>lucc,</strong></span> <span class='ocrx_word' id='word_1_1009' title='bbox 3708 5884 3779 5923; x_wconf 62' lang='lat' dir='ltr'><strong>to.</strong></span> 
     </span>
    </p>
   </div>
   <div class='ocr_carea' id='block_1_121' title="bbox 2231 5948 2741 6012">
    <p class='ocr_par' dir='ltr' id='par_1_121' title="bbox 2231 5948 2741 6012">
     <span class='ocr_line' id='line_1_121' title="bbox 2231 5948 2741 6012; baseline -0.012 -11"><span class='ocrx_word' id='word_1_1010' title='bbox 2231 5950 2374 6012; x_wconf 74' lang='lat' dir='ltr'><strong>tatur,</strong></span> <span class='ocrx_word' id='word_1_1011' title='bbox 2404 5956 2519 6009; x_wconf 68' lang='grc' dir='ltr'><strong>εις..</strong></span> <span class='ocrx_word' id='word_1_1012' title='bbox 2544 5948 2741 5997; x_wconf 84' lang='lat' dir='ltr'><strong>desunt.</strong></span> 
     </span>
    </p>
   </div>
  </div>
