4506 6742
832 558 935 612 295

835 683 1038 740 tatem,
1092 671 1339 742 gaudium
1400 673 1459 725 ‘l
1507 674 1696 728 Anima
1768 676 1961 745 quippe
2016 677 2084 732 ad
2148 677 2417 749 propriam

834 764 1054 819 reducta
1083 764 1430 832 nobilitatem,
1454 778 1573 835 qua:
1589 765 1779 822 deinde
1807 767 2091 823 Dominum
2119 783 2271 823 suum
2298 783 2417 823 cum

835 856 1081 911 libertate
1107 855 1420 925 conspicere
1447 855 1608 920 valet,
1640 868 1833 927 quanta
1859 857 2133 929 voluptate
2161 860 2421 914 afﬁciatur

835 955 891 1001 et
915 957 1167 1017 quantum
1197 946 1327 999 lucri
1354 946 1570 1013 referat,
1596 948 1832 1003 enarrari
1855 951 2042 1019 nequit
2066 968 2079 1004 :
2128 952 2245 1005 lmta
2272 951 2417 1004 scili-

835 1048 944 1106 cet,
976 1053 1080 1092 non
1104 1045 1303 1091 tantum
1326 1039 1467 1109 quod
1494 1038 1650 1094 bonis
1672 1040 2032 1108 prtesentibus
2057 1042 2262 1096 fruatur
2284 1084 2300 1107 ,
2327 1040 2421 1095 sed

840 1128 980 1197 quod
1007 1136 1151 1183 certa
1173 1127 1243 1181 sit
1270 1143 1333 1184 ea
1355 1144 1641 1199 numquam
1666 1128 1903 1184 desitura
1938 1145 2079 1187 esse.
2109 1133 2254 1187 Hanc
2276 1140 2421 1187 certe

842 1220 1075 1274 Iartitiam
1118 1233 1217 1274 nec
1265 1220 1441 1275 verbis
1488 1225 1789 1289 exprimere
1817 1262 1834 1287 ,
1863 1236 1964 1277 nec
2006 1233 2185 1279 mente
2231 1237 2421 1292 capere

841 1323 1125 1383 possumus
1189 1311 1252 1365 ἐ
1312 1310 1538 1365 obscure
1605 1319 1781 1367 tamen
1814 1352 1831 1378 ,
1876 1323 2140 1381 quatenus
2201 1321 2424 1383 possunt

839 1415 1029 1471 magna
1058 1401 1235 1470 parvis
1258 1400 1539 1469 declarari,
1566 1417 1685 1456 eam
1712 1402 2014 1460 describere
2036 1406 2267 1461 tentabo.
2297 1405 2424 1460 Per-

840 1489 1134 1559 rcndamus
1157 1504 1251 1545 eos
1272 1492 1364 1561 qui
1386 1491 1439 1545 in
1472 1494 1721 1561 praesenti
1742 1494 1847 1547 vita
1878 1493 2037 1564 huius
2060 1495 2241 1550 mundi
2269 1510 2419 1549 eom-

839 1580 1013 1637 modis
1041 1580 1309 1650 fruuntur,
1335 1582 1553 1650 divitiis,
1586 1584 1821 1654 inquam,
1853 1588 2183 1658 magistratu,
2214 1588 2381 1658 gloria
2410 1606 2423 1642 :

838 1686 947 1740 quo
984 1682 1139 1740 pacto
1167 1673 1367 1728 scilicet
1390 1674 1456 1728 de
1482 1674 1619 1729 bona
1648 1674 1858 1731 fortuna
1888 1678 2255 1747 superbientes
2282 1720 2297 1744 ,
2328 1694 2426 1733 ne-

843 1775 950 1826 que
970 1774 1028 1815 se
1052 1762 1104 1816 in
1136 1771 1275 1817 terra
1308 1764 1511 1833 positos
1536 1766 1903 1833 arbitrantur;
1936 1770 2149 1825 tametsi
2177 1770 2242 1825 iis
2272 1770 2426 1824 bonis

839 1852 1083 1907 lruantur
1112 1893 1126 1919 ,
1169 1870 1289 1923 qua:
1319 1870 1493 1925 neque
1513 1856 1651 1911 bona
1675 1872 1794 1912 esse
1820 1859 2147 1926 creduntur,
2178 1874 2351 1929 neque
2374 1860 2424 1912 in

838 1960 1025 1999 eorum
1057 1948 1395 2015 possessione
1432 1959 1779 2019 permanent,
1820 1950 1915 2004 sed
1945 1953 2155 2004 somnio
2183 1951 2427 2008 velocius

838 2036 1096 2091 avolant:
1124 2037 1266 2107 quod
1308 2039 1353 2092 si
1385 2038 1655 2110 paulisper
1693 2040 1980 2111 aliquando
2006 2043 2338 2106 consistant,
2372 2042 2427 2097 in

838 2128 1090 2198 praesenti
1128 2128 1301 2183 solum
1341 2128 1449 2184 vita
1492 2130 1610 2185 usui
1648 2144 1770 2186 esse
1793 2143 2015 2201 possunt
2044 2176 2058 2200 ,
2085 2149 2182 2189 nec
2206 2134 2428 2190 ulterius

838 2234 945 2274 una
970 2220 1219 2291 progredi
1247 2223 1444 2277 valent.
1475 2222 1531 2279 Si
1549 2232 1725 2279 autem
1745 2225 2047 2294 huiusmodi
2081 2227 2219 2282 bona
2249 2228 2425 2282 domi-

838 2326 940 2367 nos
966 2321 1112 2367 tanto
1152 2313 1348 2384 gaudio
1384 2314 1647 2369 extollunt
1676 2357 1692 2381 ,
1730 2316 1856 2386 quid
1901 2318 2137 2374 futurum
2181 2329 2335 2389 putas
2361 2320 2429 2376 de

836 2403 1119 2459 animabus
1148 2405 1252 2460 illis
1278 2447 1291 2470 ,
1320 2406 1595 2462 accersitis
1621 2407 1688 2462 ad
1710 2408 1913 2464 inﬁnita
1940 2411 2025 2465 illa
2049 2427 2168 2483 qua:
2198 2413 2249 2467 in
2279 2414 2428 2470 caalis

839 2504 967 2550 sunt
1003 2495 1142 2551 bona
1174 2536 1189 2563 ,
1220 2512 1339 2567 qua:
1370 2497 1526 2553 ﬁrma
1554 2512 1768 2570 semper
1807 2508 1865 2557 et
1914 2502 2130 2557 immota
2160 2514 2379 2560 manent
2406 2506 2429 2559 ?

839 2582 1025 2656 Neque
1053 2601 1115 2641 ea
1138 2602 1197 2642 re
1222 2587 1397 2642 solum
1440 2590 1771 2645 antecellunt
1796 2632 1809 2656 ,
1853 2592 1946 2648 sed
1977 2594 2139 2649 etiam
2164 2595 2429 2666 magnitu-

839 2674 968 2732 dine
990 2685 1044 2731 et
1069 2676 1376 2733 conditione
1425 2694 1521 2735 sua
1560 2680 1632 2735 ita
1676 2685 2029 2752 praesentibus
2057 2688 2425 2755 praastantiora

852 2776 967 2829 )unt
986 2768 1044 2835 ³,
1093 2778 1152 2824 ut
1180 2785 1351 2841 neque
1368 2771 1420 2825 in
1456 2788 1550 2828 eor
1580 2774 1810 2829 hominis
1843 2776 1896 2831 id
1916 2777 2209 2833 ascendere
2236 2781 2423 2848 possit.

840 2858 994 2916 Nunc
1031 2863 1229 2918 etenim
1270 2864 1715 2933 quemadmodum
1753 2867 1806 2922 in
1850 2877 2003 2924 utero
2024 2870 2195 2925 infans
2224 2913 2237 2933 ,
2269 2873 2425 2927 sicin

840 2953 945 3007 hoc
966 2953 1167 3009 mundo
1189 2956 1446 3025 angustiis
1468 2958 1703 3013 conclusi
1724 2958 1985 3030 degimus,
2016 2977 2116 3016 nec
2145 2977 2429 3031 possumus

840 3043 1006 3100 futuri
1033 3047 1213 3101 sarculi
1242 3048 1583 3118 splendorem
1612 3060 1668 3105 et
1714 3051 2022 3109 libertatem
2049 3059 2293 3111 contueri
2328 3075 2341 3110 :
2373 3067 2430 3113 at

847 3136 937 3192 ubi
968 3148 1152 3209 partus
1192 3150 1401 3211 tempus
1437 3142 1718 3199 advenerit
1747 3186 1765 3211 ,
1796 3162 2090 3217 omnesque
2136 3149 2379 3205 homines
2410 3192 2425 3218 ,

840 3244 975 3300 quos
994 3243 1316 3302 susceperat,
1335 3233 1421 3289 hic
1437 3235 1667 3290 mundus
1682 3236 1749 3291 ad
1769 3236 1911 3293 diem
1921 3238 2107 3308 judicii
2123 3240 2424 3310 protulerit,

840 3320 1067 3375 abortivi
1097 3321 1365 3392 quideme
1391 3325 1626 3380 tenebris
1652 3326 1704 3381 in
1738 3327 1987 3384 tenebras
2016 3329 2392 3401 ingredientur
2412 3374 2425 3399 ,

838 3420 895 3466 et
919 3428 983 3467 ex
1006 3415 1267 3485 angustiis
1296 3416 1348 3470 in
1379 3418 1652 3487 angustias
1678 3420 1981 3488 graviores;
2025 3424 2220 3479 maturi
2247 3435 2425 3480 autem

838 3499 999 3567 fetus,
1032 3504 1120 3573 qui
1147 3505 1307 3575 regia:
1332 3506 1579 3575 imaginis
1602 3506 1831 3565 formam
1858 3521 1913 3567 et
1942 3524 2097 3568 notas
2121 3524 2423 3581 servarunt,

843 3592 957 3663 regi
978 3593 1262 3661 sistentur,
1292 3595 1528 3666 illudque
1557 3600 1912 3656 ministerium
1943 3615 2227 3674 eapessent
2246 3645 2263 3671 ,
2282 3606 2425 3676 quod

837 3682 1010 3752 angeli
1038 3692 1093 3738 et
1128 3685 1433 3757 archangeli
1480 3689 1850 3746 universorum
1881 3692 1991 3748 Deo
2021 3694 2319 3764 perhibent.
2349 3697 2425 3754 Ne

836 3772 1016 3842 itaque
1038 3772 1134 3830 hos
1160 3774 1500 3832 characteres
1523 3820 1539 3844 ,
1565 3796 1597 3833 ο
1622 3781 1792 3837 amice
1820 3823 1837 3849 ,
1873 3799 2040 3854 usque
2059 3786 2113 3840 in
2145 3785 2303 3840 ﬁnem
2326 3788 2422 3843 de-

838 3860 951 3917 lere
970 3863 1121 3929 velis,
1151 3865 1247 3920 sed
1274 3881 1370 3921 eos
1388 3872 1781 3939 quamprimum
1802 3874 2127 3932 instauratos
2151 3878 2205 3933 in
2233 3880 2421 3935 melio-

838 3966 953 4006 rem
996 3951 1221 4009 formam
1262 3955 1510 4013 reducas.
1554 3959 1686 4015 Nam
1728 3962 2176 4032 pulchritudinem
2207 3969 2423 4039 quidem

835 4057 1150 4114 corpoream
1175 4046 1313 4102 intra
1334 4058 1541 4106 natura;
1583 4052 1780 4109 limites
1816 4058 2077 4114 conclusit
2101 4059 2272 4115 Deus:
2304 4064 2422 4117 ani-

840 4148 945 4190 mae
966 4149 1097 4190 vero
1115 4136 1279 4193 decor
1294 4139 1403 4194 illic
1420 4156 1451 4195 a
1474 4145 1789 4201 necessitate
1800 4158 1851 4201 et
1866 4149 2123 4205 servitute
2142 4151 2421 4219 liberatur,

840 4233 1022 4296 utpote
1046 4239 1305 4298 corporea
1339 4229 1508 4286 forma
1540 4233 1697 4304 longe
1740 4239 2121 4305 praistantior:
2166 4251 2328 4314 atque
2371 4246 2423 4299 in

837 4317 993 4373 nobis
1015 4329 1071 4374 et
1095 4320 1147 4375 in
1180 4320 1273 4377 Dei
1314 4335 1443 4378 nutu
1466 4324 1603 4381 situs
1632 4337 1714 4383 est
1737 4339 1900 4386 totus.
1933 4332 2207 4403 Siquidem
2236 4335 2421 4391 Domi-

840 4424 940 4466 nus
969 4424 1148 4468 noster
1172 4414 1443 4472 beneﬁcus
1481 4432 1602 4473 cum
1640 4420 1731 4487 sit,
1765 4420 1866 4478 hoc
1895 4426 2133 4481 maxime
2159 4426 2299 4482 dono
2323 4444 2421 4499 ge-

834 4514 937 4557 nus
964 4512 1203 4558 nostrum
1231 4508 1511 4563 exornavit
1536 4551 1552 4573 ,
1607 4519 1664 4564 ut
1700 4527 1820 4582 qua:
1866 4515 2072 4570 minora
2123 4526 2288 4587 sunt,
2319 4535 2420 4576 nec

836 4594 1011 4664 magni
1039 4595 1321 4664 intersunt,
1350 4614 1450 4655 nec
1478 4599 1645 4657 refert
1680 4604 1949 4675 quidpiam
1980 4608 2028 4663 si
2049 4609 2371 4668 intercidant
2398 4653 2416 4680 ,

834 4698 897 4735 ea
930 4693 1131 4739 natura:
1159 4690 1464 4743 necessitati
1503 4691 1807 4761 addixerit;
1840 4712 2085 4753 verorum
2116 4708 2296 4757 autem
2324 4702 2420 4756 bo-

835 4788 1027 4830 norum
1056 4790 1155 4832 nos
1178 4778 1397 4847 opiﬁces
1421 4794 1540 4837 esse
1564 4788 1908 4841 concesserit.
1948 4791 2163 4844 Atenim
2206 4792 2252 4845 si
2298 4794 2419 4861 pul-

835 4864 1152 4921 chritudinis
1200 4882 1477 4938 corporea:
1559 4886 1659 4927 nos
1729 4874 1978 4931 dominos
2047 4878 2417 4949 reddidisset,

835 4954 1158 5024 superﬂuam
1198 4960 1609 5018 sollicitudinem
1660 4966 2086 5037 suseepissemus
2109 5010 2125 5036 ,
2173 4978 2335 5040 atque
2364 4971 2419 5027 in

836 5046 998 5102 rebus
1088 5045 1433 5108 infructuosis
1523 5062 1691 5110 totum
1768 5066 1978 5130 tempus
2044 5060 2369 5132 impendisse
2392 5094 2415 5104 -

836 5152 976 5204 inus,
1005 5137 1198 5193 anima:
1220 5153 1348 5194 cura
1371 5156 1587 5210 prorsus
1614 5147 1872 5216 neglecta.

907 5228 1146 5299 Corporis
1164 5231 1494 5303 pulchritudo
1504 5236 1680 5307 augeri
1696 5253 1796 5293 non
1818 5248 1997 5309 potest,
2018 5242 2204 5299 anima
2220 5261 2417 5315 semper

839 5324 1213 5389 potest.—Cum
1223 5327 1359 5382 enim
1370 5329 1712 5401 negatanobis
1722 5330 2008 5401 huiusmodi
2019 5328 2265 5391 facultate
2279 5353 2417 5393 nunc

835 5413 1011 5468 omnia
1029 5412 1302 5480 faciamus,
1325 5419 1501 5472 omnia
1522 5421 1823 5488 moliamur,
1844 5438 1908 5478 ac
1925 5438 2047 5478 cum
2070 5439 2251 5479 veram
2269 5440 2414 5482 asse-

835 5505 925 5575 qui
951 5507 1184 5576 speciem
1194 5522 1538 5579 nequeamus,
1559 5511 1837 5582 pigmentis
1853 5513 1996 5568 illam
2016 5514 2169 5570 nobis
2183 5515 2415 5573 vindice-

835 5608 977 5661 mus.
1004 5608 1069 5650 ac
1091 5595 1376 5667 coloribus,
1402 5599 1651 5668 picturis,
1678 5602 1992 5673 capillorum
2028 5604 2409 5677 concinnitate,

897 5734 915 5767 I
951 5738 1079 5845 pou:
1097 5733 1349 5797 gaudium,
1373 5734 1518 5808 aliqui
1530 5736 2113 5815 sddunt,_jucmtditatem.

897 5796 919 5827 ³
950 5796 1025 5845 25c
1079 5808 1143 5845 uo
1305 5805 1358 5845 et
1388 5797 1587 5845 autdem
1619 5799 1797 5845 melius
1816 5814 1959 5845 quam
1980 5802 2079 5845 alii-
2104 5821 2113 5845 ι

1079 5808 1143 5846 uo
1163 5802 1358 5868 uss-net
1388 5797 1587 5868 quidem
1619 5797 1797 5849 melius
1816 5814 1959 5863 quam
1980 5802 2080 5865 alii,
2104 5806 2188 5868 qui
2214 5807 2286 5857 sic
2319 5807 2408 5856 ba-

832 5855 977 5967 mt,
1002 5869 1092 5907 nec
1156 5858 1314 5911 verbis
1348 5855 1641 5922 exprimere,
1705 5874 1793 5913 nec
1833 5855 2005 5916 mente.
2064 5855 2280 5920 eum;
2321 5855 2410 5921 ita-

898 5948 1092 6031 fida:
1112 5988 1161 6033 ct
1176 5983 1271 6034 duo
1296 5991 1397 6034 uss.
1425 5982 1618 6047 adde
1642 5985 1745 6048 illa,
1768 5995 1893 6048 post.
1911 5995 2033 6042 una.

1546 558 1600 612 S.
1641 556 1921 616 JOANNIS
1955 560 2434 621 CHRYSOSTOMI
2475 564 2787 621 ARCIIIEP.
2830 567 3360 629 CONSTANTlNOP.

4000 579 4098 636 9.96

2531 680 2757 734 vestium
2808 682 3037 745 amictu,
3083 685 3354 740 oculorum
3396 686 3620 739 attiﬂcio
3663 687 3885 757 aliisque
3932 696 4105 749 multis

2530 770 2791 825 machinis
2803 770 2989 825 falsam
3010 775 3451 841 pulchritudinem
3467 777 3834 841 ementiamur,
3844 782 4102 848 quodnam

2532 860 2764 915 studium
2791 862 2979 916 animm
3008 872 3063 916 et
3088 865 3249 921 rebus
3272 868 3505 923 honestis
3528 881 3845 939 poneremus
3862 909 3877 933 ,
3907 870 3951 922 si
3983 886 4104 925 cor-

2534 966 2633 1019 pus
2663 954 2713 1007 in
2753 954 3025 1024 pulchram
3056 954 3280 1012 formam
3321 970 3526 1016 mutare
3563 960 3874 1030 possemus?
3898 959 4106 1018 Nullam

2534 1040 2756 1099 fortasse
2779 1044 2931 1099 aliam
2962 1059 3179 1113 operam
3210 1052 3599 1120 susciperemus
3627 1053 3666 1117 ¹,
3696 1051 3739 1105 si
3770 1050 3886 1105 btec
3914 1061 4105 1107 nostra:

2534 1131 2800 1190 facultatis
2828 1144 3006 1201 esset,
3038 1136 3133 1191 sed
3162 1147 3328 1193 totum
3356 1156 3790 1198 consumeremus
3825 1152 4029 1213 tempus
4053 1153 4109 1198 ut

2532 1242 2743 1284 servam
2767 1229 2983 1284 inﬁnitis
3000 1232 3328 1286 ornamentis
3344 1233 3739 1303 deeoraremus,
3757 1237 3880 1292 dum
3896 1237 4106 1291 domina

2532 1318 2652 1387 plus
2677 1335 2836 1390 quam
2862 1320 2965 1374 vile
2993 1320 3313 1390 mancipium
3342 1322 3395 1375 in
3434 1323 3767 1382 deformitate
3806 1336 3860 1383 et
3891 1328 4111 1399 segnitie

2527 1410 2753 1479 iaceret.
2792 1412 2903 1479 Qua
2928 1412 2994 1467 de
3035 1427 3193 1466 causa
3238 1414 3409 1475 Deus,
3442 1413 3686 1485 adempta
3724 1419 3918 1475 infelici
3948 1436 4109 1486 cura,

2534 1504 2775 1560 melioris
2803 1505 2882 1559 rei
2906 1514 3074 1559 artem
3101 1504 3254 1557 nobis
3286 1503 3513 1569 indidit;
3542 1506 3609 1558 ita
3636 1517 3693 1561 ut
3715 1510 3801 1576 qui
3831 1526 4026 1580 corpus
4044 1526 4112 1567 ex

2534 1595 2759 1651 deformi
2779 1596 2995 1665 elegans
3015 1594 3239 1650 reddere
3260 1610 3366 1650 non
3389 1604 3582 1665 potest,
3610 1596 3654 1648 is
3676 1599 3840 1664 possit
3858 1601 4109 1668 animam,

2537 1686 2746 1741 etiamsi
2771 1689 2822 1741 in
2848 1695 3139 1742 extremam
3168 1685 3559 1741 deformitatem
3580 1686 3860 1752 deciderit,
3887 1691 3937 1745 in
3964 1708 4113 1747 sum-

2537 1792 2677 1831 mam
2723 1777 3163 1847 pulchritudinem
3208 1777 3504 1843 reducere,
3550 1777 3792 1847 adeoque
3831 1782 4113 1837 amabilem

2530 1868 2921 1939 jucundamque
2942 1868 3162 1923 reddere
3182 1910 3195 1933 ,
3230 1877 3286 1922 ut
3314 1884 3418 1923 non
3448 1871 3596 1939 probi
3624 1878 3827 1923 tantum
3857 1872 3950 1923 viri
3976 1913 3992 1936 ,
4020 1873 4116 1928 sed

2535 1960 2695 2015 etiam
2723 1962 2958 2017 omnium
2987 1961 3096 2016 [lex
3127 1971 3180 2016 et
3223 1962 3364 2017 Deus
3395 1964 3446 2017 in
3488 1963 3601 2031 eius
3630 1964 4117 2032 concupiscentiam

2536 2052 2717 2106 veniat
2750 2070 2763 2106 :
2793 2051 3237 2121 quemadmodum
3268 2063 3321 2108 et
3351 2054 3621 2124 psalmista
3651 2053 3716 2107 de
3753 2054 3844 2107 illa
3879 2055 4117 2123 pulchri-

2538 2143 2719 2198 tudine
2735 2144 2964 2213 loquitur
2982 2160 2995 2195 :
3021 2142 3089 2196 Et
3104 2145 3417 2216 concupiscet
3439 2162 3528 2199 rea:
3542 2146 3767 2198 decorent
3790 2155 3925 2198 tuum
3943 2144 4115 2217 (Psal.

2534 2234 2603 2288 46
2623 2276 2639 2300 ,
2670 2236 2779 2308 12).
2802 2237 2990 2289 Annon
3021 2234 3171 2290 vides
3202 2236 3253 2290 in
3284 2236 3623 2307 lupanaribus
3648 2236 3915 2291 deformes
3942 2246 3999 2291 et
4021 2238 4119 2290 im-

2537 2326 2796 2395 pudentes
2825 2326 3077 2382 mulieres
3104 2342 3173 2382 ne
3202 2343 3230 2380 a
3262 2328 3640 2397 gladiatoribus
3666 2328 3903 2398 quidem,
3933 2329 4116 2399 fugiti-

2536 2418 2637 2482 vis,
2664 2426 2718 2473 et
2744 2419 2807 2471 iis
2830 2418 2920 2487 qui
2943 2434 3064 2473 cum
3092 2420 3277 2474 bestiis
3299 2419 3640 2490 depugnant,
3671 2420 3911 2483 admitti;
3939 2422 3981 2474 si
4018 2437 4117 2491 qua

2536 2525 2662 2564 vero
2687 2511 2754 2562 sit
2782 2510 3036 2575 formosa,
3067 2511 3294 2581 ingenua
3319 2520 3374 2566 et
3405 2510 3725 2578 pudibunda,
3751 2526 3867 2579 qum
3893 2511 4118 2565 calami-

2536 2611 2643 2657 tate
2687 2601 2916 2671 quadam
2964 2604 3015 2655 in
3062 2604 3220 2657 talem
3268 2602 3512 2657 inciderit
3557 2602 3966 2667 necessitatem,
3996 2618 4119 2656 eam

2533 2709 2752 2747 uxorem
2776 2693 2973 2748 ducere
2997 2709 3063 2748 ne
3092 2695 3232 2747 viros
3259 2692 3469 2763 quidem
3497 2707 3718 2762 magnos
3745 2701 3796 2746 et
3825 2693 4120 2761 Splendidzc

2535 2785 2759 2839 fortuna:
2788 2785 3148 2840 erubescere?
3175 2784 3323 2852 Quod
3356 2785 3398 2837 si
3426 2793 3568 2838 tanta
3590 2794 3673 2838 est
3702 2783 3843 2853 apud
3874 2783 4120 2837 homines

2533 2874 2918 2941 misericordia,
2932 2884 2987 2930 et
3006 2884 3179 2929 tantus
3190 2876 3371 2945 gloria:
3387 2885 3596 2930 contem
3604 2886 3805 2945 ptus.ut
3818 2889 3960 2944 szepe
3975 2876 4116 2937 illas,

2533 2979 2652 3034 qua":
2676 2965 2728 3018 in
2752 2966 2954 3020 fornice
2976 2965 3255 3035 ignominia
3280 2976 3403 3018 sunt
3423 2964 3644 3029 affectze,
3665 2966 3732 3020 ab
3753 2965 3843 3019 illa
3863 2966 4121 3019 servitute

2536 3053 2764 3109 liberent
2786 3094 2802 3121 ,
2834 3064 2888 3109 et
2930 3071 3025 3124 pro
3053 3055 3366 3124 coniugibus
3402 3054 3634 3109 habeant
3666 3072 3680 3109 :
3711 3065 3906 3124 quanto
3944 3058 4121 3122 major

2534 3144 2673 3212 apud
2714 3144 2885 3199 Deum
2906 3144 3007 3199 erit
3046 3160 3168 3214 erga
3207 3145 3441 3208 animas,
3484 3160 3601 3213 quae
3641 3158 3735 3211 per
3780 3144 4119 3215 tyrannidem

2533 3235 2727 3290 diaboli
2769 3252 2801 3292 a
2847 3237 3019 3308 prisca
3060 3237 3149 3290 illa
3195 3237 3471 3292 nobilitate
3512 3238 3531 3267 '
3581 3236 3633 3290 in
3677 3236 3954 3305 praesentis
3994 3238 4121 3289 vita:

2535 3327 2757 3398 lupanar
2800 3328 3031 3383 reductae
3074 3328 3237 3382 sunt?
3282 3326 3595 3395 Huiusmodi
3638 3325 3876 3394 exempla
3916 3326 4119 3394 passim

2531 3420 2671 3491 apud
2696 3420 2983 3491 pr0pltetas
3006 3421 3262 3490 reperias,
3286 3433 3408 3473 cum
3433 3416 3722 3472 Jerusalem
3745 3415 4115 3484 alloquuntur,

2530 3528 2646 3583 qua:
2674 3513 2853 3583 utique
2882 3512 2935 3567 in
2979 3512 3380 3566 fornicationem
3414 3508 3705 3570 inciderat,
3737 3505 3844 3559 imo
3882 3502 4117 3559 fornica-

2532 3604 2728 3658 tionem
2769 3604 2897 3658 novi
2965 3603 3198 3676 generis,
3239 3598 3690 3673 quemadmodum
3719 3597 3794 3650 ait
3822 3595 4071 3651 Ezechiel
4104 3614 4117 3649 :

2533 3694 2777 3747 Omnibus
2802 3694 3141 3748 meretricibus
3161 3696 3346 3745 dantur
3367 3688 3634 3751 mercedes,
3662 3697 3713 3740 tu
3734 3703 3848 3740 vero
3868 3688 4121 3740 mercedes

2528 3783 2705 3847 dabas,
2736 3793 2784 3836 et
2813 3784 2953 3852 apud
2978 3791 3023 3835 te
3048 3783 3239 3835 diverso
3269 3782 3415 3835 modo
3445 3781 3638 3852 agitur,
3672 3793 3819 3846 quant
3846 3778 3983 3846 apud
4010 3794 4117 3833 αε-

2529 3881 2661 3927 teras
2688 3871 2915 3945 (Ezec/t.
2945 3873 3031 3926 16.
3058 3874 3124 3926 55
3145 3872 3187 3943 ).
3221 3872 3286 3925 Et
3313 3872 3467 3936 alius,
3497 3868 3688 3926 St’disti
3718 3878 4009 3937 exspectans
4032 3885 4119 3923 eos

2531 3974 2788 4033 tamquam
2830 3965 3005 4016 cornix
3033 3963 3223 4019 deserta
3250 3962 3270 3993 ³
3297 3960 3425 4035 (Jer.
3456 3964 3510 4017 5.
3534 3962 3573 4015 2
3596 3962 3637 4031 ).
3664 3958 3809 4013 Hanc
3836 3958 4010 4027 itaque
4038 3960 4119 4014 sic

2532 4051 2842 4108 fornicatam
2866 4067 3070 4107 rursum
3094 4063 3280 4107 evocat
3297 4052 3454 4107 Deus.
3476 4049 3689 4107 Etenim
3710 4048 3985 4116 captivitas
4006 4063 4117 4100 non

2532 4154 2638 4199 tam
2659 4144 2729 4198 ad
2755 4144 3034 4199 vindictam
3055 4143 3343 4210 acciderat,
3366 4160 3523 4215 quant
3545 4142 3612 4196 ad
3636 4140 4042 4196 conversionem
4062 4150 4118 4192 et

2529 4236 2975 4292 emendationem.
2996 4236 3268 4307 Siquidem
3290 4236 3335 4291 si
3357 4251 3451 4289 eos
3471 4248 3687 4304 prorsus
3707 4230 3893 4286 ulcisci
3914 4230 4115 4283 voluis-

2527 4338 2609 4383 set
2634 4329 2793 4394 Deus,
2816 4344 2918 4382 non
2936 4330 3238 4383 reduxisset
3257 4328 3496 4387 domum,
3522 4339 3621 4379 nec
3643 4324 3829 4380 urbem
3848 4320 4112 4390 maiorem

2525 4418 3023 4489 ctsplendidiorem,
3039 4433 3137 4473 nec
3148 4417 3402 4484 templum
3415 4414 3595 4468 itidem
3610 4414 3782 4469 denuo
3794 4416 4104 4470 excitasset:

2526 4510 2638 4564 Erit
2656 4511 2809 4575 enim,
2833 4511 2924 4572 ait,
2944 4508 3109 4579 gloria
3134 4508 3311 4561 domus
3331 4506 3481 4575 hujus
3501 4506 3768 4559 novissima
3790 4508 4111 4577 prastantior

2525 4602 2692 4671 priore
2720 4600 2872 4673 (Agg.
2892 4598 3079 4668 2.10).
3111 4596 3261 4664 Quod
3291 4597 3335 4650 si
3362 4596 3501 4651 Deus
3530 4612 3671 4667 saepe
3696 4608 4107 4669 conspurcatam

2526 4689 2743 4742 libidine
2777 4703 2808 4740 a
2848 4686 3155 4755 paenitentia
3188 4700 3293 4741 non
3317 4686 3572 4755 exclusit,
3601 4689 3766 4743 multo
3792 4690 3955 4759 magis
3983 4689 4104 4742 ani-

2527 4793 2667 4831 mam
2690 4786 2835 4830 tuam
2855 4774 3259 4844 amplexabitur,
3282 4792 3399 4846 qua:
3420 4792 3559 4831 nunc
3579 4778 3806 4848 primum
3829 4779 3976 4848 lapsa
3999 4788 4103 4831 est.

2526 4867 2694 4923 Nemo
2715 4866 2881 4930 enim,
2905 4880 3063 4919 nemo
3083 4880 3354 4936 corporea:
3372 4876 3577 4923 amator
3596 4867 3802 4934 formaz,
3826 4875 4106 4937 quantum-

2525 4961 2653 5016 libet
2693 4960 2910 5014 insanus
2930 4999 2943 5021 ,
2975 4966 3118 5011 tanta
3149 4959 3333 5012 amica:
3371 4976 3481 5013 sua:
3506 4959 3527 4990 ⁸
3548 4960 3699 5015 ardet
3723 4958 4105 5025 c0ncupiscen-

2526 5053 2618 5118 tia,
2648 5059 2847 5120 quanto
2877 5048 3051 5102 studio
3082 5049 3224 5104 Deus
3249 5050 3544 5104 animarum
3577 5059 3875 5103 nostrarum
3904 5047 4104 5115 appetit

2523 5144 2748 5199 salutem
2780 5158 2793 5195 :
2818 5140 2957 5210 quod
2987 5152 3093 5195 tum
3122 5158 3186 5198 ex
3214 5143 3276 5197 iis
3297 5158 3416 5213 qua:
3437 5140 3674 5213 quotidie
3697 5138 3963 5203 accidunt,
3987 5150 4101 5193 tum

2523 5253 2589 5291 ex
2606 5235 2903 5290 divinarum
2924 5233 3311 5305 Scripturarum
3329 5235 3484 5291 dictis
3504 5232 3681 5287 videre
3702 5232 3844 5285 licet.
3867 5230 4101 5285 Observa

2523 5338 2629 5383 tam
2658 5328 2710 5381 in
2737 5328 2853 5395 ipso
2872 5325 3115 5382 Jeremite
3141 5328 3381 5393 exordio,
3409 5340 3565 5396 quam
3592 5323 3719 5377 alibi
3745 5324 3939 5392 passim
3962 5325 4100 5393 apud

2522 5422 2831 5493 prophetas,
2859 5421 3122 5490 quomodo
3143 5422 3427 5491 despectus
3448 5427 3501 5471 et
3524 5416 3847 5484 contemptui
3869 5415 4097 5484 habitus,

2520 5527 2735 5570 rursum
2764 5511 2924 5565 instet
2956 5522 3010 5566 et
3034 5512 3319 5567 amicitiam
3354 5523 3540 5563 eorum
3567 5548 3582 5573 ,
3610 5507 3699 5575 qui
3737 5506 3805 5561 ab
3844 5523 3903 5562 se
3928 5512 4098 5565 aversi

2521 5608 2772 5672 fuerant,
2799 5607 3043 5677 exquirat
3069 5625 3083 5661 :
3113 5605 3255 5677 quod
3275 5603 3437 5659 etiam
3464 5602 3576 5670 ipse
3603 5600 3655 5654 in
3682 5600 3980 5674 Evangeliis
4006 5605 4096 5661 de-

2584 5808 2598 5873 f
2635 5806 2774 5873 Savil.
2797 5817 2849 5860 et
2864 5809 3061 5872 quidam
3087 5814 3197 5873 μᾶς.
3223 5801 3422 5873 adsiluit,

2581 5870 2602 5900 θ
2634 5870 2773 5919 Savil.
2794 5879 2844 5921 et
2866 5862 2993 5919 tinus
3011 5867 3144 5924 cod.,
3169 5863 3414 5915 nobilitate
3430 5871 3476 5914 et
3499 5862 3687 5915 decore.

2583 5931 2605 5964 ³
2634 5932 2777 5983 savii.
2796 5940 2849 5983 et
2862 5935 3212 5995 quatuor-363.,
3422 5925 3471 5977 in
3493 5927 3682 5979 deserto
3700 5926 3819 5979 sata.

2586 5999 2608 6026 ο
2640 5999 2806 6053 Deest,
2826 5992 2948 6053 cule,
2965 5993 3014 6040 in
3036 5992 3217 6051 aliquot
3235 5993 3344 6039 MSS.
