4516 6766
279 582 409 639 995

1532 577 1622 632 AD
1662 576 2091 634 THEODORUM
2132 579 2429 637 LAPSUM.
2472 581 2511 635 Ι.

3646 582 3754 639 296

274 694 390 749 ἰπὶ
420 695 483 749 τὸ
513 696 619 770 πῦρ
656 699 977 769 ἑλκομένους
1000 694 1140 754 ὁδὸν,
1170 691 1261 744 καὶ
1299 690 1436 762 πρὸς
1467 693 1606 747 αὐτὰ
1640 689 1972 764 συρομένους
2081 692 2200 768 θείᾳ
2250 695 2326 767 μὴ
2350 694 2649 767 δυνάμεθα,
2701 696 2796 751 καὶ
2822 696 3073 769 χρώμασι
3125 697 3220 751 καὶ
3258 696 3455 767 βαφαῖς
3494 698 3588 751 καὶ
3627 716 3753 752 συν-

276 782 363 832 τά
382 779 772 854 βασανιστήρια
790 782 883 835 καὶ
911 780 1034 838 ταῖς
1060 775 1354 854 ἀποτόμοις
1384 777 1842 847 παραδιδομένους
1876 775 1968 828 δυ·-

278 860 514 933 νάμεσι,
544 868 636 920 καὶ
660 850 833 919 ταῦτα
856 862 1165 929 πάσχοντας
1207 850 1348 913 κατά
1390 860 1480 914 τὸν
1510 861 1722 932 καιρὸν,
1754 859 1873 911 καθ’
1903 858 1961 911 ὃν

283 949 685 1016 στεφανοῦνται
719 948 812 1000 καὶ
858 942 1323 1013 ἀποκηρύττονται
1348 945 1441 997 καὶ
1471 944 1549 1013 τῷ
1601 942 1773 1013 θρόνῳ
1818 958 1962 1013 παρ-

286 1028 544 1085 (στανται
570 1030 647 1099 τῷ
681 1023 945 1097 βασιλικῷ
975 1026 1022 1076 οἱ
1052 1023 1120 1077 τά
1170 1024 1350 1092 ἁγαθά
1403 1024 1711 1097 πράξαντες
1740 1023 1958 1089 πάντες,

286 1113 391 1165 καὶ
416 1113 542 1176 ἄξια
565 1112 663 1179 τῆς
686 1106 906 1160 αἰωνίου
937 1104 1085 1175 ζωῆς
1116 1107 1460 1177 ποιήσαντες.

367 1202 437 1255 ιγ’
445 1236 458 1248 .
483 1192 590 1245 Καὶ
604 1189 776 1242 ταῦτα
795 1189 894 1260 μὲν
912 1190 968 1242 ἐν
984 1189 1167 1263 ἐκείνῃ
1182 1192 1247 1260 τῇ
1265 1190 1466 1261 ἡμέρᾳ·
1483 1186 1550 1240 τὰ
1563 1186 1620 1239 δὲ
1636 1184 1761 1256 ἑξῆς
1780 1185 1963 1243 λοιπὸν

283 1275 378 1338 τίς
408 1277 540 1343 ἡμῖν
566 1273 910 1341 παραστήσει
935 1273 1112 1342 λόγος,
1139 1276 1239 1344 τῆς
1272 1271 1409 1342 μετά
1443 1268 1537 1321 τοῦ
1567 1267 1805 1338 Χριστοῦ
1834 1286 1960 1323 συν-

287 1357 481 1415 ουσίας
534 1352 634 1423 τὴν
667 1354 879 1426 ἡδονὴν,
904 1356 1000 1428 τὴν
1035 1356 1325 1425 ὠφέλειαν,
1357 1351 1456 1421 τὴν
1484 1350 1659 1421 χαράν
1691 1362 1758 1415 ﬁ;
1801 1351 1963 1423 Ψυχὴ

287 1438 403 1507 γὰρ
430 1439 510 1498 είς
535 1435 633 1507 τὴν
658 1429 865 1493 οἰκείαν
918 1441 1199 1508 εὐγένειαν
1258 1431 1651 1496 ἐπανελθοῦσα,
1687 1434 1782 1487 καὶ
1824 1435 1964 1505 μετά

287 1520 605 1590 παρρησίας
631 1519 812 1577 λοιπὸν
846 1523 1134 1595 δυνηθεῖσα
1165 1520 1256 1573 τὸν
1278 1516 1478 1586 ἑαυτῆς
1506 1515 1784 1587 Δεσπότην
1810 1519 1962 1589 όρᾷν,

285 1600 392 1652 οὐκ
431 1600 577 1655 ἐστιν
612 1604 785 1658 εἰπεῖν
831 1607 964 1676 ὅσην
995 1601 1304 1673 καρποῦται
1342 1598 1440 1670 τὴν
1471 1598 1686 1669 ἡδονὴν,
1749 1601 1873 1653 ὅσον
1903 1602 1965 1654 τὸ

287 1683 502 1752 κέρδος,
548 1687 609 1739 οὐ
641 1692 755 1751 τοῖς
789 1691 847 1742 ἐν
884 1688 1039 1758 χερσὶ
1068 1685 1228 1755 μόνον
1258 1683 1524 1754 χαίρουσα
1553 1683 1795 1750 ἀγαθοῖς,
1828 1684 1964 1737 ἁλλά

287 1766 388 1817 καὶ
413 1765 490 1836 τῷ
521 1771 809 1824 πεπεῖσθαι
833 1769 1038 1830 λοιπὸν,
1073 1768 1153 1820 δτι
1188 1765 1422 1837 οὐδαμοῦ
1448 1766 1476 1805 ι’
1501 1765 1676 1819 ταῦτα
1711 1764 1964 1837 τελευτή-

288 1863 375 1899 σει
397 1848 466 1902 τά
490 1852 649 1906 καλά.
668 1854 856 1906 Πᾶσαν
885 1852 983 1922 μὲν
1010 1847 1101 1903 οὖν
1117 1848 1214 1920 τὴν
1238 1848 1578 1919 εὐφροσύνην
1602 1846 1817 1917 ἐκείνην
1838 1847 1964 1902 οὐτε

283 1931 433 2003 λόγῳ
458 1937 826 2007 παραστῆσαι,
845 1935 969 1989 οὐτε
1000 1934 1076 2005 νῷ
1094 1933 1364 1987 διαλαϐεῖν
1388 1932 1555 1986 ἐστιν·
1574 1932 1833 2004 ἀμυδρῶς
1855 1943 1878 1972 ε
1903 1933 1961 1987 δὲ

285 2015 385 2067 καὶ
411 2015 487 2080 ὡς
505 2018 570 2072 ἀν
599 2036 683 2083 τις
710 2020 797 2072 διὰ
834 2018 1044 2091 μικρῶν
1078 2016 1289 2087 μεγάλα
1320 2016 1563 2088 δεικνύῃ,
1621 2016 1960 2087 πειράσομαι

286 2099 512 2169 ποιῆσαι
535 2102 787 2173 φανερόν.
829 2101 1202 2170 Ἐξετάσωμεν
1244 2100 1352 2169 γὰρ
1375 2101 1502 2161 τοὺς
1537 2101 1595 2151 ἐν
1621 2098 1699 2169 τῷ
1733 2099 1961 2167 παρόντι

290 2182 391 2251 βίῳ
408 2182 517 2235 τῶν
549 2184 643 2236 τοῦ
674 2186 880 2255 κόσμου
922 2183 1103 2239 καλῶν
1131 2183 1522 2245 ἀπολαύοντας,
1567 2179 1797 2233 πλούτου
1817 2181 1962 2249 λέγω

289 2265 383 2316 καὶ
404 2265 719 2331 δυναστείας
767 2268 861 2321 καὶ¹
887 2267 1068 2339 δόξης,
1110 2265 1228 2329 πῶς
1256 2266 1359 2319 ὑπὸ
1395 2265 1496 2332 τῆς
1531 2262 1800 2332 εὐθυμίας
1827 2280 1961 2331 γαυ-

287 2347 561 2419 ρούμενοι,
596 2350 716 2403 οὐδέ
751 2352 843 2404 ἐπὶ
882 2352 981 2421 τῆς
1015 2351 1121 2421 γῆς
1158 2346 1296 2404 εἶναι
1328 2348 1629 2419 νομίζουσι,
1668 2347 1763 2399 καὶ
1792 2345 1963 2399 ταῦτα

283 2428 410 2482 οὐτε
434 2431 877 2503 ὁμολογουμένων
912 2434 1281 2497 ἀπολαύοντας
1321 2432 1525 2493 καλῶν,
1557 2429 1682 2483 οὔτε
1706 2445 1960 2500 παραμε-

285 2512 485 2565 νόντων
516 2515 723 2581 αὐτοῖς,
750 2515 866 2569 ἀλλ’
900 2517 1292 2589 άφιπταμένων
1333 2514 1546 2585 ὀνείρου
1566 2513 1881 2584 ταχύτερον·
1911 2512 1961 2565 εί

285 2592 344 2645 δέ
378 2610 509 2647 ποτε
553 2597 647 2649 καὶ
685 2598 844 2668 σταίη
888 2600 1106 2669 μικρὸν,
1167 2599 1327 2669 μέχρι
1370 2596 1471 2666 τῆς
1500 2595 1782 2666 παρούσης
1813 2595 1962 2666 ζωῆς

290 2676 392 2747 τὴν
418 2677 631 2733 εὔνοιαν
662 2681 1144 2751 ἐπιδεικνυμένων,
1188 2679 1501 2750 περαιτέρω
1537 2679 1595 2732 δὲ
1615 2679 1715 2732 οὐκ
1746 2678 1958 2748 ίσχυόν-

283 2776 395 2813 των
432 2762 791 2826 συνεξελθεῖν.
826 2765 890 2817 Εἰ
916 2764 973 2815 δέ
1002 2762 1171 2816 ταῦτα
1203 2763 1281 2826 είς
1326 2762 1598 2831 τοσαύτην
1653 2762 1797 2833 αῐρει
1829 2763 1958 2827 τοὺς

284 2841 509 2912 ἔχοντας
541 2846 736 2915 χαρὰν,
772 2846 824 2898 τί
853 2845 955 2898 οἴει
991 2843 1235 2912 γίνεσθαι
1281 2844 1495 2907 ἐκείνας
1515 2844 1613 2907 τάς
1627 2843 1825 2914 ψυχὰς,
1858 2844 1958 2907 τὰς

285 2925 627 2996 καλουμένας
659 2929 753 2979 ἐπὶ
772 2927 842 2980 τά
873 2926 1043 2997 μυρία
1069 2926 1247 2994 άγαθά
1276 2925 1345 2978 τά
1369 2928 1427 2979 ἐν
1452 2929 1564 2989 τοῖς
1589 2926 1860 2998 οὐρανοῖς,
1887 2925 1957 2979 τά

285 3007 570 3079 πεπηγότα
603 3010 697 3061 καὶ
749 3008 958 3061 ἑστῶτα
1017 3007 1249 3078 βεϐαίως
1300 3007 1627 3075 διαπαντός;
1688 3008 1824 3061 υύδὲ
1847 3008 1956 3079 γὰρ

283 3090 442 3143 τοῦτο
474 3091 651 3161 μόνον,
678 3090 814 3143 ἀλλά
847 3093 941 3144 καὶ
968 3095 1033 3162 τῇ
1074 3092 1331 3161 ποσότητι
1370 3092 1465 3146 καὶ
1501 3095 1568 3163 τῇ
1593 3092 1838 3162 ποιότητι
1864 3108 1957 3143 το-

287 3173 463 3242 σούτῳ
496 3174 728 3243 κρείττω
763 3173 879 3244 [20]
918 3174 1027 3227 τῶν
1044 3174 1321 3245 παρόντων
1343 3175 1492 3227 ἐστὶν
1512 3174 1564 3237 ἀ,
1598 3173 1674 3236 ὼς
1700 3173 1838 3244 μηδὲ
1863 3173 1956 3226 ἐπὶ

288 3255 516 3325 καρδίαν
546 3256 829 3325 avﬂpo'mou
857 3258 1283 3327 ἀναϐῆναίποτε.
1308 3255 1423 3309 Νῦν
1449 3256 1550 3327 μὲν
1578 3255 1687 3328 γὰρ
1704 3256 1957 3328 καθάπερ

286 3340 347 3390 ἐν
384 3340 564 3409 μήτρᾳ
592 3338 821 3403 παιδίον,
873 3338 1044 3402 οὕτως
1080 3342 1136 3392 ἐν
1164 3339 1243 3409 τῷ
1276 3338 1465 3409 κόσμῳ
1488 3338 1664 3409 τούτῳ
1696 3337 1956 3408 διάγομεν

288 3421 799 3490 στενοχωρούμενοι,
819 3422 913 3474 καὶ
942 3420 1035 3473 τοῦ
1063 3420 1346 3491 μέλλοντος
1361 3419 1557 3482 αἰῶνος
1583 3420 1684 3490 τὴν
1702 3418 1953 3491 λαμπρό-

284 3517 427 3570 τητα
460 3501 554 3554 καὶ
583 3502 681 3572 τὴν
708 3502 1018 3572 ἐλευθερίαν
1048 3504 1110 3555 οὐ
1137 3502 1423 3572 δυνάμενοι
1465 3500 1716 3554 συνιδεῖν·
1749 3501 1877 3555 ὃταν
1898 3501 1955 3555 δὲ

282 3587 313 3637 6
344 3584 534 3655 καιρὸς
563 3586 755 3655 ἐπιστῇ
793 3584 901 3637 τῶν
916 3585 1141 3649 ὠδίνων,
1159 3585 1255 3638 καὶ
1286 3584 1532 3657 ἀποτέκῃ
1562 3584 1703 3638 κατά
1736 3585 1836 3657 τὴν
1859 3585 1955 3656 τῆς

283 3666 521 3734 κρίσεως
538 3664 749 3735 ἡμέραν
759 3664 852 3725 οὒς
880 3665 1173 3731 ὑπεδέξατο
1188 3666 1395 3730 πάντας
1414 3666 1734 3737 ἀνθρώπους
1762 3668 1791 3719 6
1818 3684 1955 3737 παρα

283 3747 362 3801 ὼν
400 3746 534 3817 βίος,
569 3746 637 3798 τὰ
676 3748 773 3817 μὲν
805 3747 1221 3818 ὲξαμϐλωθέντα
1258 3748 1366 3801 ἀπὸ
1411 3749 1635 3811 σκότους
1660 3749 1740 3810 είς
1762 3748 1953 3813 σκότος

285 3830 526 3899 ἔρχεται,
560 3830 653 3881 καὶ⁵
676 3830 784 3882 ἀπὸ
817 3829 1047 3899 θλίψεως
1071 3833 1151 3894 είς
1171 3831 1347 3901 θλῖψιν
1372 3833 1776 3903 χαλεπωτέραν·
1800 3831 1869 3883 τὰ
1896 3831 1953 3885 δὲ

284 3914 451 3982 ἄρτια
484 3922 508 3951 ο
542 3912 636 3965 καὶ
660 3912 761 3982 τῆς
789 3912 1072 3983 βασιλικῆς
1098 3914 1304 3977 εἰκόνος
1332 3916 1457 3978 τοὺς
1478 3913 1833 3985 χαρακτῆρας
1847 3913 1956 3966 δια-

286 3993 598 4064 φυλάξαντα
633 3996 1075 4065 παραστήσονται
1104 3994 1180 4065 τῷ
1208 3996 1436 4065 βασιλεῖ,
1465 3996 1562 4048 καὶ
1588 3994 1687 4064 τὴν
1713 3994 1955 4067 λειτουρα

285 4078 414 4145 γίαν
439 4078 783 4142 άναδέξονται
806 4078 1118 4149 ἐκείνην,ἢν
1147 4078 1368 4146 ἄγγελοι
1397 4079 1491 4129 καὶ
1513 4077 1847 4148 ἀρχάγγελοι
1875 4077 1955 4148 τῷ

285 4160 508 4214 πάντων
536 4160 907 4214 διακονοῦνται
944 4160 1082 4231 Θεῷ.
1104 4162 1196 4231 Μὴ
1221 4160 1399 4214 τοίνυν
1442 4161 1521 4220 είς
1549 4160 1701 4222 τέλος
1727 4160 1954 4226 τούτους

284 4244 419 4311 ἡμῖν
449 4242 720 4314 ἀφανίσῃς
750 4244 875 4305 τοὺς
892 4244 1265 4314 χαρακτῆρας,
1309 4239 1353 4295 ὧ
1378 4240 1548 4310 φίλος,
1578 4241 1715 4294 ἀλλά
1746 4243 1956 4313 ταχέως

284 4326 485 4389 αὐτοὺς
513 4327 980 4397 ἀνακτησάμενος,
1026 4326 1119 4378 ἐπὶ
1153 4327 1215 4379 τὸ
1238 4325 1441 4385 βέλτιον
1478 4321 1836 4378 διατύπωσον.
1879 4326 1953 4378 Τὸ

290 4407 390 4477 μὲν
407 4408 513 4475 γὰρ
538 4408 729 4470 κάλλος
744 4409 804 4460 τὸ
833 4409 1140 4477 σωματικὸν
1159 4408 1287 4459 εἴσω
1318 4405 1425 4457 τῶν
1441 4404 1541 4474 τῆς
1573 4405 1790 4471 φύσεως
1813 4406 1955 4476 ὅρων

287 4489 627 4542 συνέκλεισεν
656 4491 684 4541 6
714 4491 865 4551 Θεὸς,
902 4494 933 4560 ἠ
966 4491 1022 4543 δὲ
1054 4491 1151 4559 τῆς
1177 4487 1353 4557 ψυχῆς
1386 4485 1505 4557 ὥρα
1542 4487 1640 4555 τῆς
1675 4486 1773 4556 μὲν
1815 4488 1956 4540 ἐκεῖ-

284 4568 379 4621 θεν
411 4570 653 4634 ἀνάγκης
681 4573 775 4623 καὶ
806 4572 1047 4634 δουλείας
1076 4571 1094 4609 ί
1129 4569 1494 4640 ἀπήλλακται,
1530 4569 1624 4622 ἆτε
1662 4566 1725 4639 δὴ
1774 4570 1955 4641 πολλῷ

287 4650 512 4717 βελτίων
559 4646 693 4703 οῦσα
740 4651 840 4717 τῆς
891 4652 1208 4722 σωματικῆς
1263 4650 1587 4721 εὐμορφίας·
1617 4650 1702 4718 ἐφ’
1737 4651 1869 4720 ἡμῖν
1895 4652 1953 4705 δὲ

285 4733 476 4786 ἅπασα
505 4735 680 4785 κεῖται
714 4734 807 4786 καὶ
824 4736 892 4803 τῇ
923 4736 1061 4804 ῥοπῇ
1094 4733 1189 4785 τοῦ
1213 4731 1368 4785 Θεοῦ.
1414 4730 1796 4803 Φιλάνθρωπος
1841 4733 1951 4804 7&9

283 4817 363 4869 ὣν
389 4819 417 4870 6
466 4817 741 4886 Δεσπότης
782 4817 959 4886 ἡμῶν,
1004 4817 1097 4869 καὶ
1116 4815 1288 4886 τούτῳ
1319 4815 1552 4886 μάλιστα
1584 4815 1646 4867 τὸ
1679 4815 1951 4887 ἡμέτερον

284 4901 510 4968 ἐτίμησε
525 4901 698 4967 γένος,
716 4902 781 4954 τά
803 4900 900 4971 μὲν
918 4900 1173 4954 ἐλάττονα
1193 4901 1280 4953 καλ
1300 4899 1450 4952 οὐδὲν
1470 4898 1609 4967 μέγα
1633 4899 1952 4954 συντελοῦν-

283 4997 355 5032 τα
380 4984 528 5051 ἡμῖν,
554 4984 667 5035 ἁλλ’
692 4985 837 5047 ὅπως
870 4982 936 5037 ἂν
971 4984 1110 5053 πέσῃ
1141 4982 1409 5051 ἀδιάφορα
1458 4980 1607 5043 ὄντα,
1635 4982 1704 5050 τῇ
1726 4980 1828 5051 τῆς
1850 4984 1952 5052 φύ-

287 5077 425 5125 σεως
445 5064 741 5132 ἐπιτρέψας
770 5067 1004 5137 ἀνάγκη,
1032 5064 1211 5116 τῶνδὲ
1228 5063 1394 5123 ὅντως
1429 5059 1607 5112 καλῶν
1637 5061 1783 5131 ἡμᾶς
1798 5067 1951 5135 ποιή-

287 5159 388 5207 σας
406 5141 542 5198 εῐναι
565 5147 945 5216 δημιουργούς.
998 5148 1063 5201 EE
1100 5147 1199 5216 μὲν
1250 5143 1357 5215 7&9
1378 5144 1472 5197 καὶ
1511 5144 1605 5196 τοῦ
1634 5149 1948 5215 σωματικοῦ

286 5226 515 5289 κάλλους
542 5229 687 5297 ἡμᾶς
717 5229 969 5298 ἐποίησεν
1002 5227 1139 5281 εἶναι
1176 5227 1418 5297 κυρίους,
1454 5227 1547 5280 καὶ
1576 5226 1829 5297 φροντίδα
1854 5246 1950 5282 πε-

291 5309 474 5375 ριττὴν
496 5309 792 5380 ἐδεξάμεθα
817 5312 840 5348 ⁸
884 5311 970 5374 ἂν,
1004 5312 1097 5364 καὶ
1123 5313 1179 5362 ἐν
1221 5311 1335 5372 τοῖς
1374 5308 1522 5361 οὐδὲν
1556 5308 1823 5375 ὠφελοῦσι
1859 5311 1949 5364 τὸν

285 5384 502 5442 ᾶπαντα
531 5392 596 5444 ἂν
621 5392 1077 5463 ἀπησχολήσαμεν
1115 5392 1325 5461 χρόνον,
1352 5391 1445 5443 καὶ
1475 5388 1575 5459 τῆς
1601 5389 1779 5460 ψυχῆς
1822 5394 1950 5461 σφό-

283 5468 385 5539 δρα
424 5471 490 5522 ἆν
536 5475 570 5541 ἡ
578 5476 711 5547 μελή
720 5493 785 5527 σα
793 5492 909 5545 μεν.

357 5552 531 5606 Ὅπου
578 5557 685 5626 7&9
742 5558 835 5611 νῦν
890 5557 992 5610 οὐκ
1040 5554 1206 5625 οὔσης
1254 5556 1313 5607 ἐν
1364 5558 1497 5626 ἡμῖν
1551 5554 1647 5624 τῆς
1700 5553 1949 5622 ἐξουσίας

282 5634 488 5706 ταύτης
533 5636 746 5691 ἅπαντα
800 5641 1109 5711 πράττομεν
1151 5638 1246 5691 καὶ
1302 5637 1637 5708 βιαζόμεθα,
1666 5640 1759 5690 καὶ
1789 5656 1950 5693 σκια-

284 5717 544 5787 γραφίαις
579 5719 895 5790 ἐκδιδόαμεν
950 5720 1172 5783 ἑαυτοὺς
1221 5719 1251 5758 h
1278 5759 1293 5783 ,
1345 5718 1438 5771 καὶ
1486 5717 1670 5788 ἐπειδὴ
1715 5721 1781 5789 τῇ
1816 5720 1949 5792 ἀλη-

344 5806 370 5870 f
400 5805 673 5870 Ροειχαράν
683 5807 835 5867 aliqui
852 5808 1035 5870 addunt
1053 5809 1138 5865 τὴν
1158 5804 1540 5870 τερπνότητα.)
1554 5806 1946 5870 Ξανὶιρύδαμῶς.

347 5822 370 5834 -
403 5822 835 5914 ιὀειέχαρανδιιιιιιι
852 5822 1035 5856 acaum
1053 5822 1138 5865 την
1158 5822 1462 5870 τερπνοτητα.
1512 5822 1540 5845 υ
1554 5822 1945 5870 δᾶνιι.ουοαμως.

347 5869 381 5931 ο,
398 5868 479 5931 Sjc
535 5880 596 5914 uo
613 5880 748 5926 mss.,
763 5867 1035 5928 etquidem
1063 5870 1242 5917 melius
1263 5880 1407 5931 quam
1428 5867 1704 5931 glirireljpse
1726 5868 1837 5918 Sav.
1861 5872 1945 5931 qui

283 5930 357 6001 εἰς
371 5928 887 6001 ὴαρεῐξῐωαραστῆισαι
914 5930 1204 6001 ἔστινηοῦτε
1221 5932 1303 5991 νῷ·
1326 5928 1559 6001 ἀμυδρέξς.
1587 5928 1695 6001 μοι
1711 5943 1838 6001 unus:
1863 5928 1947 6001 με-

286 5992 401 6060 γάλα
423 5990 961 6064 ἰσχύσειε,πειρρὶσομαι
987 5997 1182 6063 ποιῆσαι
1196 5990 1414 6064 φανερόν,
1455 5990 1775 6061 Ἐξετάσωμεν
1799 5992 1837 6064 εἰ
1866 5990 1947 6040 δο-

284 6050 590 6123 ιιεῖιττούςίβι
611 6052 721 6123 Sa}.
750 6050 1042 6123 ἐξετάσωμεν
1061 6053 1148 6123 γὰρ
1173 6050 1452 6123 είδοκεί,-ἰει
1472 6053 1667 6123 capteris
1692 6058 1743 6100 ut
1763 6054 1943 6103 editur.

346 6110 372 6149 d
398 6110 548 6172 _S_avi|.
575 6118 627 6160 et
648 6114 746 6161 duo
769 6127 886 6161 mss.
907 6110 1089 6161 addunt
1113 6110 1267 6158 ἐκεῖνα
1291 6118 1397 6172 post
1421 6110 1565 6157 ἐστίν.

350 6183 375 6211 ο
397 6170 531 6221 Unus
559 6175 661 6223 "Od.
683 6178 737 6221 τὰ
764 6176 809 6219 δὲ
836 6174 1152 6235 ἀπηρτισμένα
1177 6170 1329 6234 ἕρμα,
1356 6173 1479 6220 alius
1501 6172 1555 6217 τὰ
1592 6174 1637 6220 δὲ
1666 6174 1847 6237 ἆρτίως,

2077 778 2225 833 θέσει
2258 777 2461 849 τριχῶν
2480 780 2574 833 καὶ
2593 780 2825 852 ἱματίων
2852 781 3163 854 περιϐολαῖς
3188 780 3285 835 καί⁵
3301 782 3538 850 γραφαῖς
3552 780 3752 849 ὀφθαλ-

2075 863 2212 934 μῶν,
2244 862 2341 916 καὶ
2373 860 2587 926 πολλοῖς
2637 863 2855 936 ἑτέροις
2884 865 3241 935 μηχανήμασι
3284 862 3511 917 τοιαῦτα
3532 862 3750 932 σοφιζό-

2074 944 2215 1014 μεθα
2244 943 2440 1015 κάλλη·
2457 946 2579 1000 τίνα
2604 946 2670 1001 ἀν
2696 950 2763 1020 τῇ
2793 948 2937 1020 ψυχῇ
2971 948 3067 1002 καὶ
3091 951 3203 1010 τοῖς
3231 946 3540 1011 σπουδαίοις
3555 945 3752 1017 σχολὴν

2071 1028 2469 1099 ἀπενείμαμεν,
2507 1033 2555 1084 εί
2599 1033 2737 1104 πρὸς
2756 1033 2855 1106 τὴν
2888 1033 3059 1098 ὅντως
3083 1032 3216 1086 αὐτὸ
3248 1032 3550 1103 εὐμορφίαν
3586 1049 3752 1103 μετα-

2072 1112 2245 1166 θεῖναι
2278 1112 2531 1184 εῐχομενς
2572 1116 2726 1187 Τάχα
2760 1118 2870 1189 7&9
2893 1118 3001 1171 οὐδ’
3037 1117 3105 1173 ἂν
3158 1118 3378 1187 ἐγένετο
3416 1117 3550 1186 ἡμῖν
3589 1115 3750 1187 ἔργον

2069 1196 2278 1266 ἕτερον,
2336 1198 2385 1250 εί
2435 1196 2595 1251 τοῦτο
2626 1198 2644 1237 ί
2678 1199 2837 1269 ἔργον
2860 1201 3129 1272 ἡμέτερον
3156 1197 3247 1272 ῆν,
3284 1199 3424 1255 ἀλλὰ
3453 1198 3633 1252 πάντα
3658 1198 3751 1251 τὸν

2070 1279 2263 1351 χρόνον
2300 1280 2367 1335 ἂν
2394 1280 2775 1353 ἀνηλώσαμεν·
2808 1282 2906 1353 τὴν
2940 1282 3040 1353 μὲν
3070 1283 3263 1353 δούλην
3283 1279 3296 1288 ’
3314 1278 3751 1345 καλλωπίζοντες

2074 1363 2289 1435 μυρίοις
2338 1365 2770 1436 καλλωπισμοῖς,
2809 1365 2909 1438 τὴν
2961 1365 3015 1419 δὲ
3064 1364 3269 1437 ταύτης
3306 1366 3501 1437 κυρίαν
3548 1363 3750 1427 παντὸς

2071 1446 2404 1517 ἀνδραπόδου
2456 1448 2656 1516 μᾶλλον
2713 1451 2771 1502 ἐν
2803 1449 3053 1521 ἀμορφία
3107 1450 3203 1503 καὶ
3244 1448 3488 1519 ῥᾳθυμίᾳ
3550 1449 3749 1510 ἐῶντες

2071 1528 2285 1580 κεῖσθαι
2330 1529 2642 1594 διαπαντός.
2697 1532 2796 1586 Διά
2831 1532 2989 1586 τοῦτο
3028 1532 3231 1603 ταύτης
3264 1532 3413 1603 ἡμᾶς
3449 1530 3550 1601 τῆς
3582 1548 3747 1584 κακο-

2074 1610 2292 1680 σκολίας
2310 1610 2623 1678 ἀπαλλάξας
2648 1614 2676 1666 6
2699 1613 2852 1679 Θεὸς,
2867 1615 2958 1667 τοῦ
2979 1614 3248 1683 βελτίονος
3281 1615 3414 1684 ἡμῖν
3429 1613 3529 1684 τὴν
3547 1613 3743 1683 τέχνην

2072 1690 2318 1760 ἐνέθηκε,
2343 1694 2438 1746 καὶ
2474 1692 2577 1746 ὁτὸ
2616 1693 2777 1764 σῶμα
2801 1694 2876 1765 μὴ
2891 1694 3187 1765 δυνάμενος
3221 1693 3495 1766 εὔμορφον
3520 1694 3743 1763 ποιῆσαι

2072 1773 2129 1838 ἐξ
2150 1774 2440 1844 είδεχθοῦς.
2474 1770 2626 1839 οὗτος
2650 1777 2750 1846 τὴν
2776 1777 2976 1847 ψυχὴν,
3002 1779 3105 1832 κᾶν
3125 1779 3206 1841 είς
3220 1778 3453 1847 ἐσχάτην
3473 1775 3745 1830 δυσειδίαν

2072 1854 2389 1927 κατενεχθῇ,
2422 1856 2503 1918 είς
2526 1856 2694 1927 αὐτὴν
2723 1858 2821 1927 τὴν
2850 1859 2951 1928 τῆς
2975 1859 3123 1930 ὧρας
3141 1859 3439 1927 ἀναγαγεῖν
3460 1857 3747 1927 δυνήσεται

2070 1936 2335 2009 κορυφὴν,
2389 1938 2483 1991 καὶ
2511 1936 2686 2003 οὕτως
2720 1938 3022 2010 ἐπέραστον
3048 1944 3273 2011 ποιῆσαι
3322 1939 3417 1993 καὶ⁸
3469 1936 3743 2006 ποθεινὴν,

2068 2017 2209 2072 ὥστε
2235 2020 2309 2091 μὴ
2339 2021 2499 2090 μόνον
2526 2021 2655 2084 τοὺς
2702 2020 2901 2093 ἄνδρας
2930 2023 3054 2085 τοὺς
3071 2023 3307 2091 ἀγαθοὺς
3336 2022 3417 2085 είς
3448 2018 3747 2088 ἐπιθυμίαν

2068 2103 2239 2171 αὐτῆς
2273 2103 2468 2167 ἐλθεῖν,
2501 2103 2638 2158 ἀλλά
2670 2104 2763 2157 καὶ
2789 2104 2953 2157 αὐτὸν
2981 2105 3074 2157 τὸν
3089 2105 3199 2158 τῶν
3238 2105 3491 2158 ἁπάντων
3523 2101 3746 2173 βασιλέα

2068 2184 2162 2234 καὶ
2199 2182 2352 2249 Θεὸν,
2402 2184 2587 2247 καθὼς
2617 2186 2713 2238 καὶ
2737 2185 3093 2257 ὁΨαλμῳδὸς
3123 2187 3252 2257 περὶ
3275 2185 3465 2239 τούτου
3492 2182 3586 2236 τοῦ
3612 2182 3747 2236 κάλ-

2068 2261 2194 2324 λους
2213 2262 2595 2334 διαλεγόμενος
2640 2265 2813 2333 ἔλεγε·
2851 2268 2959 2321 Καὶ
2993 2266 3352 2336 ἐπιθυμήσει
3383 2268 3418 2321 ὀ
3444 2264 3747 2331 ,ϐασιλεὺς

2068 2343 2175 2397 τοῦ
2204 2343 2472 2412 κάλλους
2498 2362 2635 2401 σου.
2671 2349 2785 2419 Οὐχ
2822 2348 2954 2419 ὁρᾷς
2984 2350 3077 2402 καὶ
3099 2352 3157 2402 ἐν
3181 2353 3293 2413 τοῖς
3328 2348 3747 2421 χαμαιτυπείοις

2067 2421 2177 2476 τῶν
2214 2427 2509 2492 γυναικῶν,
2555 2429 2638 2482 ὅτι
2674 2430 2775 2494 τὰς
2814 2431 2913 2500 μὲν
2945 2430 3206 2502 είδεχθεῖς
3238 2433 3331 2484 καὶ
3358 2430 3748 2500 ἀναισχύντους

2072 2508 2369 2579 μονομάχοι
2401 2511 2495 2564 καὶ
2521 2511 2785 2583 δραπέται
2811 2514 2905 2567 καὶ
2935 2513 3260 2585 θηριομάχοι
3309 2512 3461 2585 μόλις
3486 2511 3554 2566 ἂν
3576 2511 3746 2583 πρόσ-

2066 2604 2231 2643 οιντο·
2295 2590 2410 2663 [21]
2466 2594 2515 2646 εί
2546 2594 2603 2646 δέ
2638 2594 2741 2647 πού
2785 2613 2870 2659 τις
2915 2595 3190 2668 εὔμορφος
3222 2597 3318 2650 καὶ
3368 2594 3596 2665 εὐγενὴς
3651 2593 3746 2647 καὶ

2065 2673 2402 2745 αίσχυντηρὰ
2435 2676 2579 2730 κατά
2610 2693 2730 2730 τινα
2759 2677 3077 2748 περίστασιν
3122 2681 3198 2742 είς
3242 2677 3447 2749 ταύτην
3487 2676 3746 2748 ἐλθοιτὴν

2063 2756 2332 2828 ἀνάγκην,
2368 2757 2489 2812 οὐδέ
2543 2758 2653 2812 τῶν
2696 2759 2902 2830 σφόδρα
2940 2759 3211 2831 λαμπρῶν
3242 2760 3339 2813 καὶ
3371 2758 3622 2830 μεγάλων
3648 2758 3746 2810 ἀν-

2062 2839 2204 2910 δρῶν
2232 2840 2324 2895 τὸν
2352 2841 2569 2911 ἐκείνης
2601 2859 2685 2906 τις
2714 2842 2892 2910 γάμον
2932 2842 3342 2913 ἐρυθριάσειεν;
3396 2842 3461 2895 Εἰ
3503 2840 3562 2894 δέ
3593 2838 3747 2910 παρά

2063 2922 2372 2993 ἀνθρώποις
2394 2924 2646 2988 τοσοῦτος
2679 2924 2851 2988 ἐλεος,
2877 2926 2975 2979 καὶ
2996 2924 3233 2996 τοσαύτη
3264 2924 3424 2995 δόξης
3447 2921 3742 2994 ὑπεροψία,

2063 3004 2206 3057 ὥστε
2247 3005 2347 3068 τὰς
2389 3005 2652 3069 πολλάκις
2690 3007 3179 3078 καταισχυνθείσας
3206 3007 3299 3060 ἐπὶ
3321 3006 3418 3059 τοῦ
3472 3006 3668 3073 τέγους
3716 3001 3734 3054 i

2063 3087 2374 3154 ἀπαλλάξαι
2396 3088 2495 3159 τῆς
2519 3090 2765 3153 δουλείας
2798 3092 3035 3160 ἐκείνης,
3066 3092 3161 3143 καὶ
3188 3092 3246 3143 ἐν
3297 3089 3449 3155 τάξει
3474 3087 3618 3159 ἐχειν
3645 3103 3746 3155 γυο

2063 3171 2288 3237 ναικῶν,
2320 3171 2499 3241 πολλῷ
2524 3172 2725 3242 μᾶλλον
2758 3174 2852 3227 ἐπὶ
2879 3173 2973 3226 τοῦ
3005 3173 3140 3227 Θεοῦ
3170 3173 3329 3227 τοῦτό
3354 3174 3492 3237 ἐστι,
3526 3167 3744 3224 καὶτῶν

2061 3252 2251 3323 ψυχῶν
2280 3253 2390 3309 τῶν
2413 3254 2523 3307 ἀπὸ
2554 3255 2654 3325 τῆς
2683 3256 2890 3310 ἄνωθεν
2919 3257 3197 3324 εὐγενείας
3225 3254 3370 3308 κατά
3389 3254 3488 3325 τὴν
3513 3250 3609 3306 τοῦ
3635 3250 3746 3304 δια-

2064 3334 2218 3387 ϐόλου
2240 3334 2528 3406 τυραννίδα
2558 3336 2639 3399 είς
2668 3335 2728 3388 τὸ
2754 3335 2848 3389 τοῦ
2874 3337 3143 3409 παρόντος
3178 3336 3295 3407 βίου
3338 3334 3745 3407 χαμαιτυπεῖον

2063 3417 2490 3471 καταπεσουσῶν
2506 3416 2554 3470 κ.
2594 3418 2708 3471 Καὶ
2726 3417 2934 3472 τούτων
2958 3419 3214 3490 εὑρήσεις
3233 3419 3342 3471 τῶν
3367 3416 3744 3490 παραδειγμά-

2062 3517 2168 3553 των
2184 3500 2310 3563 τοὺς
2328 3501 2613 3574 προφήτας
2640 3499 3127 3572 πεπληρωμένους,
3155 3502 3283 3554 ὅταν
3300 3500 3656 3567 διαλέγωνται
3670 3498 3739 3567 τῇ

2075 3583 2449 3654 Ἰερουσαλήμ·
2486 3585 2582 3636 καὶ
2610 3583 2718 3654 γάρ
2735 3584 2952 3655 ἐκείνην
2975 3586 3055 3647 είς
3086 3585 3342 3653 πορνείαν
3367 3580 3739 3653 ἐμπεσοῦσαν,

2062 3665 2317 3736 πορνείαν
2344 3665 2466 3718 τινά
2492 3667 2833 3737 καινοτέραν,
2891 3665 3075 3730 καθὼς
3100 3666 3193 3719 καὶ
3218 3669 3249 3722 6
3273 3665 3533 3736 ἰεζεκιήλ
3580 3679 3736 3734 φησι·

2060 3748 2293 3814 Πάσαις
2330 3748 2582 3815 πόρναις
2610 3749 2839 3802 δίδοται
2865 3749 3236 3818 μισθώματα,
3269 3748 3351 3802 σὺ
3372 3748 3439 3800 δὲ
3468 3745 3743 3816 προσεδί-

2060 3832 2177 3897 δως
2213 3830 2586 3900 μισθώματα,
2624 3831 2723 3884 καὶ
2754 3830 2991 3901 ἐγένετο
3020 3832 3090 3886 ἐν
3126 3832 3226 3885 σοὶ
3264 3829 3741 3900 διεστραμμένων

2061 3912 2222 3982 παρὰ
2250 3913 2357 3979 τὰς
2368 3912 2608 3979 λοιπάς·
2631 3915 2725 3967 καὶ
2750 3913 2910 3967 πάλιν
2928 3915 3133 3984 ἕτερος·
3165 3912 3476 3977 Ἐκάθισας
3489 3909 3743 3978 προσδο-

2062 3995 2233 4049 κῶσα
2270 3994 2494 4061 αὐτοὺς
2522 3994 2668 4048 ὡσεί
2691 3994 2921 4064 κορώνη
2949 3994 3307 4063 ἠρημωμένη
3334 3993 3610 4063 ¹.Ταύτην
3644 3989 3739 4046 οὖν

2060 4075 2160 4146 τὴν
2202 4074 2348 4129 οὕτω
2373 4075 2752 4146 πορνεύσασαν
2800 4075 3151 4132 ἀνακαλεῖται
3176 4076 3339 4130 πάλιν
3368 4075 3397 4128 6
3426 4074 3580 4138 856;.
3628 4073 3739 4128 Καὶ

2062 4159 2170 4231 7&9
2197 4161 2231 4231 ἡ
2264 4159 2611 4231 αίχμαλωσία
2626 4160 2661 4231 ἡ
2683 4159 2973 4231 γενομένη,
3002 4160 3062 4213 οὐ
3084 4159 3356 4231 τιμωρίας
3369 4157 3622 4212 τοσοῦτον
3646 4152 3737 4229 ἦν,

2061 4242 2185 4296 ὅσον
2209 4243 2547 4313 ἐπιστροφῆς
2577 4242 2672 4297 καί
2723 4241 3081 4313 διορθώσεως·
3113 4243 3257 4310 ἐπεὶ,
3293 4244 3342 4295 εί
3376 4240 3604 4296 κολάσαι
3643 4241 3740 4294 αὐ-

2059 4325 2188 4389 τοὺς
2218 4324 2473 4390 καθάπαξ
2493 4324 2745 4377 ἐϐούλετο
2792 4327 2820 4377 6
2846 4324 3001 4387 856;,
3029 4325 3130 4377 οὐκ
3158 4324 3226 4377 ἂν
3261 4323 3424 4377 πάλιν
3460 4322 3738 4394 ἐπανήγα-

2062 4424 2158 4476 γεν
2194 4407 2398 4473 οἴκαδε,
2429 4408 2529 4460 οὐκ
2562 4406 2629 4460 ἂν
2669 4405 2892 4477 μείζονα
2925 4408 3018 4460 καὶ
3069 4407 3459 4479 λαμπροτέραν
3505 4406 3598 4461 καὶ
3638 4406 3740 4481 τὴν

2064 4491 2215 4545 πόλιν
2270 4489 2363 4543 καὶ
2395 4489 2485 4542 τὸν
2515 4489 2645 4543 ναὸν
2672 4489 3092 4553 κατεσκεύαζεν·
3139 4491 3347 4543 Ἔσται
3380 4488 3514 4561 7&9,
3546 4488 3738 4559 φησὶν,

2062 4573 2100 4639 ἡ
2139 4569 2289 4634 δόξα
2314 4570 2419 4623 τοῦ
2444 4570 2615 4623 οἴκου
2642 4571 2857 4625 τούτου
2874 4571 2914 4637 ἠ
2941 4570 3169 4641 ἐσχάτη
3201 4570 3352 4640 ὑπὲρ
3380 4569 3494 4637 τὴν
3519 4569 3738 4639 ἔμπρο-

2061 4656 2230 4706 σθεν.
2270 4651 2333 4703 Εί
2355 4650 2526 4721 δὲτὴν
2552 4650 2811 4714 πολλάκις
2838 4651 3284 4722 ἐκπορνεύσασαν
3305 4652 3405 4705 οὐκ
3442 4650 3736 4705 ἀπέκλεισε

2060 4736 2159 4804 τῆς
2192 4731 2478 4801 μετανοίας
2502 4733 2531 4783 6
2560 4732 2713 4796 Θεὸς,
2743 4732 2921 4802 πολλῷ
2952 4732 3152 4802 μᾶλλον
3205 4732 3306 4801 τῆς
3336 4732 3435 4803 σῆς
3454 4731 3736 4798 ἀνθέξεται

2058 4814 2260 4885 ψυχῆς,
2282 4813 2440 4867 τοῦτο
2489 4814 2703 4883 πρῶτον
2732 4813 3006 4886 πεσούσης
3032 4816 3092 4870 τὸ
3137 4816 3358 4885 πτῶμα.
3387 4816 3577 4880 Οὐδεὶς
3601 4817 3730 4888 γὰρ,

2058 4898 2232 4960 οὐδεὶς
2275 4896 2542 4966 σωμάτων
2573 4896 2831 4967 ἐραστὴς,
2862 4897 2966 4951 κᾶν
3001 4898 3207 4972 σφόδρα
3321 4900 3567 4971 μανικὸς,
3591 4900 3733 4953 οὕτω

2057 4980 2157 5050 τῆς
2182 4980 2463 5050 ἐρωμένης
2483 4982 2582 5050 τῆς
2619 4979 2782 5034 αὐτοῦ
2812 4991 2853 5021 ιιι
2884 4981 3246 5052 περικαίεται,
3280 4982 3357 5045 ὼς
3396 4984 3425 5036 6
3465 4982 3598 5046 Θεὸς
3632 4982 3730 5051 τῆς

2060 5062 2330 5132 σωτηρίας
2364 5062 2576 5131 ἐφίεται
2615 5063 2721 5116 τῶν
2747 5063 3033 5135 ἡμετέρων
3058 5063 3270 5135 ψυχῶν·
3323 5065 3419 5118 καὶ
3458 5064 3615 5117 τοῦτο
3646 5065 3732 5117 έν-

2057 5160 2173 5195 εστι
2204 5145 2303 5213 μὲν
2321 5144 2416 5197 καὶ
2430 5147 2614 5197 ἐκτῶν
2634 5144 2756 5197 καθ’
2774 5144 3012 5217 ἑκάστην
3029 5145 3246 5216 ἡμέραν
3257 5145 3557 5216 γινομένων
3580 5147 3729 5212 ίδεῖν,

2056 5225 2233 5279 ἔνεστι
2260 5227 2317 5280 δὲ
2346 5228 2438 5281 καὶ
2467 5227 2576 5281 ἀπὸ
2602 5226 2708 5280 τῶν
2737 5227 2897 5282 θείων
2926 5227 3179 5298 Γραφῶν.
3215 5228 3357 5299 Ὅρα
3384 5228 3536 5296 γοῦν,
3560 5230 3652 5282 καὶ
3671 5231 3729 5282 ἐν

2127 5380 2145 5417 ί
2176 5380 2261 5449 _Sic
2282 5383 2483 5449 aliquot‘
2506 5395 2620 5449 τοδε,
2665 5383 2895 5449 et_Savil.
2921 5382 3041 5433 Hec
3083 5384 3364 5448 recepimus
3389 5399 3478 5448 pro
3505 5399 3568 5435 eo
3598 5391 3755 5449 quod'

2060 5442 2335 5503 legebatur,
2357 5449 2439 5499 τῆς
2462 5442 2690 5499 δουλείας.
2718 5446 2851 5493 Enn.

2121 5506 2147 5565 ε
2172 5504 2320 5565 Savil.
2345 5508 2397 5551 et
2421 5504 2518 5551 duo
2537 5504 2863 5565 ἀνεδεξάμεθα.

2118 5564 2522 5641 {MiquthlpAs-s‘.
2556 5564 2999 5641 MI‘OXWPQQhI‘c
3020 5565 3177 5641 ’.τοῦτο
3214 5568 3727 5641 ἑκδιδόαμεν-ἐαυςι·οῖς.

2057 5624 2257 5701 130mm,,
2268 5624 2338 5673 ’ex
2359 5625 2556 5701 Mo’rel.!
2584 5629 2663 5674 καὶ
2684 5624 2930 5701 σκ..τοῦτο
2959 5626 3237 5701 έκδικοῦμεν
3258 5624 3439 5701 ἑαυτοῖς
3473 5632 3578 5701 Μρι
3600 5624 3727 5683 ἐπείη

2056 5687 2330 5757 8ﬁ..._.sine
2366 5686 2467 5745 καί,
2504 5691 2558 5735 et
2589 5687 2817 5757 στροφαῖς
2859 5690 2971 5757 Ioco_
2996 5686 3235 5757 _79a:p_a‘i;._
3263 5692 3728 5757 Savilzsgripluram

2055 5750 2214 5811 σοοοεὶ
2230 5760 2415 5811 sumus.
2450 5750 2659 5811 servatis
2684 5755 2850 5798 tamen
2871 5750 3140 5799 verbis’xai
3161 5753 3259 5807 τοῖς
3282 5750 3572 5811 σπουδαίοις.
3590 5757 3725 5807 Eon.

2124 5809 2139 5875 ξ
2170 5808 2324 5875 §avil.
2351 5816 2405 5858 et
2424 5810 2620 5875 quidam
2641 5811 3012 5875 mgs.‘E1596v_jrv.
3034 5811 3083 5860 ἐν
3100 5814 3168 5874 τῷ
3196 5814 3301 5875 βίῳ,
3326 5815 3364 5861 εί
3390 5808 3632 5867 τοῦτο’τό.

2086 5932 2098 5945 ν
2121 5871 2136 5919 Ι
2170 5869 2280 5945 Βυο
2324 5869 2455 5919 ιηεεξ
2467 5872 2677 5932 στέγους.
2702 5870 2830 5920 Infra
2851 5869 3001 5922 Savll.
3027 5879 3081 5923 et
3103 5869 3230 5923 uiuis
3258 5869 3367 5923 bod.
3396 5877 3627 5939 εὐγενείας
3646 5883 3726 5929 καὶ

2055 5948 2143 5979 ευπ
2174 5947 2307 5980 επεια
2339 5967 2349 5976 .

2116 5948 2330 6064 kp§aviLC
2346 5998 2397 6042 et
2422 6007 2549 6042 unus
2583 5993 2689 6043 cod.
2714 5997 3138 6058 κατενηνεγμένων.
3165 5995 3320 6046 Paulo
3345 5999 3468 6048 infra
3490 6002 3619 6050 Idem
3644 6002 3723 6050 ικ-

2052 6071 2315 6102 πεσουσαν.

2121 6115 2309 6185 LSgyil.
2328 6120 2389 6185 ἐἰ
2408 6119 2625 6185 gnatum-
2642 6127 2754 6185 ms§_.
2787 6120 2903 6185 (hci)
2932 6122 3116 6182 κορώνη
3142 6121 3187 6168 ἐν
3214 6122 3373 6185 ἐρήμῳ
3405 6124 3539 6184 μόνη.

2112 6176 2150 6204 m
2174 6180 2269 6235 Ta;
2289 6175 2431 6225 αὐτοῦ
2454 6177 2597 6226 deest
2614 6178 2662 6225 in
2688 6179 2871 6238 aliquot
2891 6175 3005 6230 mssl
