4506 6726
412 571 507 623 ill?

412 696 581 743 cura!
610 690 687 743 his
726 694 900 746 verbis
934 712 946 745 :
978 690 1258 744 Jerusalem
1284 730 1297 753 ,
1329 689 1607 743 Jerusalem
1628 732 1641 754 ,
1673 707 1785 761 quoe
1807 690 1992 744 occidis

415 786 682 845 prophetas
701 828 714 849 ,
743 796 791 838 ct
828 783 1028 853 lapidns
1063 797 1144 834 eos
1169 783 1254 849 qui
1291 782 1358 834 ad
1393 790 1438 835 te
1470 783 1605 835 missi
1632 793 1774 849 sunt,
1806 784 1996 851 quoties

416 878 549 928 valui
568 891 874 947 congregare
898 873 1034 941 ﬁlios
1061 883 1192 940 tuos,
1215 875 1633 940 quemadmodum
1660 877 1849 945 gallina
1872 892 1994 927 cou-

412 978 588 1038 (μέσαι
610 968 775 1037 pullos
795 981 913 1018 suos
933 966 1024 1018 sub
1044 966 1174 1030 alas,
1200 975 1246 1018 et
1266 967 1495 1022 noluistis
1520 968 1598 1039 (Μ
1604 971 1730 1021 altli.
1753 969 1842 1022 25.
1868 967 1997 1035 57)?

419 1060 483 1113 Et
506 1059 698 1113 Paulus
726 1058 777 1108 in
805 1054 1032 1124 Epistula
1060 1056 1125 1110 ad
1150 1058 1450 1115 Corinthios
1469 1060 1680 1116 diccbat
1705 1077 1717 1111 :
1746 1059 1997 1126 Quoniam

418 1151 555 1200 [lens
594 1154 700 1199 erat
736 1146 789 1198 in
825 1144 1024 1199 Christo
1045 1190 1058 1211 ,
1093 1151 1335 1204 mundum
1373 1151 1702 1205 reconcilians
1738 1151 1865 1217 sibi,
1896 1168 1996 1205 non

417 1246 653 1299 reputans
678 1236 778 1289 illis
807 1237 987 1290 delicta
1016 1240 1260 1309 ipsorum,
1289 1253 1336 1297 et
1363 1245 1527 1312 posuit
1552 1246 1602 1297 in
1628 1245 1771 1300 nobis
1796 1246 1995 1298 verbum

416 1328 854 1383 “conciliationis.
890 1330 991 1384 Pro
1017 1333 1216 1387 Christo
1259 1353 1375 1405 ergo
1410 1338 1657 1407 lcgatione
1700 1338 1994 1407 fungimur,

420 1427 656 1487 tanquam
685 1417 790 1471 Deo
815 1424 1108 1476 exhortante
1129 1441 1216 1493 per
1240 1442 1350 1478 nos.
1382 1424 1711 1479 Obsecramus
1738 1442 1828 1494 pro
1852 1424 2000 1480 Chri-

419 1519 515 1570 sto,
540 1512 928 1567 reconciliantini
951 1515 1058 1569 Deo
1081 1516 1155 1585 (2.
1187 1515 1304 1569 Cor.
1327 1518 1379 1570 5.
1408 1517 1495 1570 19.
1522 1516 1636 1585 20).
1666 1518 1792 1573 ΙΙωο
1813 1518 1878 1572 ad
1902 1534 2002 1572 nos

424 1614 565 1652 nunc
590 1601 728 1656 dicta
754 1614 932 1672 putato
961 1623 973 1657 :
1000 1621 1101 1657 nou
1124 1606 1268 1659 enim
1292 1606 1633 1661 incredulitas
1655 1616 1881 1675 tantum,
1906 1610 2000 1664 scd

420 1694 580 1746 etiam
609 1695 716 1748 vita
746 1696 1013 1749 immunda
1042 1696 1281 1751 odiosam
1318 1697 1453 1751 hanc
1480 1698 1809 1754 inimicitiam
1853 1703 1999 1757 exci-

423 1794 537 1838 tare
564 1794 734 1853 potest
760 1803 773 1837 :
803 1783 939 1837 Nam
963 1786 1209 1854 sapientia
1233 1788 1418 1853 carnis,
1439 1789 1628 1857 inquit,
1648 1790 1909 1844 inimicitia
1931 1800 2002 1845 est

426 1872 534 1924 Deo
563 1872 583 1930 l
606 1872 756 1925 Rom.
788 1878 840 1928 8.
870 1876 901 1929 7
928 1880 966 1944 ).
998 1878 1340 1932 Destruamus
1370 1879 1528 1948 igitur
1553 1879 1655 1935 hoc
1679 1892 1911 1950 septum,
1940 1896 2006 1937 ac

426 1967 700 2017 diruamus
729 1976 1099 2037 mortuumque
1130 1985 1408 2039 ponamus,
1434 1980 1491 2025 ut
1520 1971 1726 2026 beatam
1758 1975 2003 2029 reconci-

423 2053 698 2108 liationem
723 2053 1110 2124 adipiscamur,
1141 2070 1197 2114 ut
1222 2059 1505 2116 reddamur
1532 2063 1722 2118 iterum
1750 2065 2006 2121 amabiles

433 2157 476 2197 et
510 2145 748 2201 desidera
758 2147 888 2201 biles
913 2149 1040 2203 Deo.

523 2255 611 2307 14.
664 2254 968 2308 Theodorus
1004 2255 1309 2309 llerutiones
1340 2272 1517 2309 amore
1543 2267 1749 2323 captus.
1789 2285 1859 2295 -——
1890 2255 2016 2308 Scio

450 2357 504 2400 te
536 2360 681 2399 nunc
713 2345 1037 2398 liermioues
1070 2346 1301 2397 formam
1327 2346 1539 2407 mirari,
1562 2346 1804 2412 nihilque
1828 2345 1880 2397 in
1910 2352 2018 2397 ter-

451 2438 530 2489 ris
581 2436 701 2503 ejus
738 2434 1149 2503 pulchritudine
1181 2449 1277 2503 par
1312 2450 1435 2488 esse
1478 2444 1687 2502 putare.
1743 2432 1939 2487 Verum
1972 2432 2017 2486 si

450 2528 607 2591 velis,
641 2541 673 2579 ο
706 2526 901 2588 amice,
945 2532 1097 2579 tanto
1147 2524 1237 2578 illa
1288 2525 1587 2595 elegantior
1630 2532 1684 2578 et
1741 2522 2021 2593 pulchrior

449 2618 583 2679 eris,
607 2624 811 2685 quanto
829 2616 989 2669 luteis
1022 2631 1201 2670 aurea:
1222 2622 1437 2670 statuae.
1461 2613 1594 2667 Nam
1631 2616 1674 2668 si
1700 2615 1752 2667 in
1784 2628 2018 2683 corpore

455 2708 808 2779 pulchritudo
845 2707 1139 2759 uudtorum
1181 2705 1394 2761 animos
1426 2706 1499 2759 ita
1537 2705 1785 2775 percellit
1818 2712 1873 2758 et
1928 2719 2024 2758 ex-

450 2802 604 2865 citat,
654 2798 872 2869 quando
917 2814 980 2853 ea
1018 2799 1071 2851 in
1106 2798 1287 2851 anima
1321 2796 1619 2858 refulserit,
1655 2795 1787 2865 quid
1841 2795 2025 2863 hujus-

452 2890 598 2944 modi
625 2882 837 2959 spceie‘;
869 2904 933 2943 ac
957 2886 1347 2958 pulchritudini
1382 2888 1561 2942 simile
1604 2886 1811 2940 fuerit?
1842 2883 2024 2954 Siqui-

451 2984 573 3036 dem
602 2982 765 3050 hujus
798 2979 1219 3049 pulchritudinis
1249 2978 1557 3032 substantia
1589 2977 1727 3030 nihil
1754 2974 1901 3028 aliud
1920 2981 2026 3037 est,

448 3086 611 3139 quam
641 3070 912 3138 phlegma,
942 3067 1185 3137 sanguis,
1225 3066 1442 3129 humor,
1462 3066 1610 3128 bilis,
1636 3073 1691 3119 et
1720 3063 1828 3117 cibi
1851 3060 2026 3117 mansi

448 3175 672 3214 succus.
709 3157 806 3212 His
847 3157 1047 3227 quippe
1094 3157 1257 3211 rebus
1288 3156 1458 3221 oculi,
1507 3169 1659 3225 gente
1706 3160 1761 3208 et.
1815 3152 2027 3221 reliqua

447 3251 687 3305 membra
741 3252 1037 3318 irrigantur
1079 3248 1269 3318 :quod
1318 3248 1365 3303 si
1416 3246 1792 3317 irrigationem
1842 3244 2030 3313 hujus-

448 3340 593 3392 modi
636 3354 665 3392 a
718 3349 908 3393 ventre
935 3347 989 3393 et
1016 3354 1045 3392 a
1071 3339 1257 3407 jecore
1294 3345 1711 3407 promanantem
1746 3352 1853 3392 non
1885 3352 2025 3407 quo-

448 3432 581 3486 tidie
595 3432 891 3501 accipiant,
908 3440 1033 3485 cute
1056 3430 1717 3495 indecoremarcescente,
1732 3430 2017 3499 oculisque

448 3523 744 3592 depressis,
778 3523 891 3577 oris
920 3522 1134 3589 species
1169 3528 1281 3575 tota
1320 3521 1585 3574 continuo
1622 3521 1821 3575 avolat.
1850 3519 1927 3574 ita
1961 3529 2021 3573 ut

446 3618 493 3669 si
534 3614 869 3671 consideres.
912 3628 1033 3682 quae
1070 3612 1421 3681 pulchritudo
1473 3614 1604 3668 insit
1651 3613 1848 3676 oculis,
1902 3627 2023 3681 qua:

445 3711 595 3756 recte
624 3703 944 3771 compositis
969 3702 1217 3765 naribus,
1245 3718 1367 3772 quae
1396 3704 1613 3772 corpori
1645 3711 1699 3757 et
1728 3703 1903 3773 genis,
1934 3702 2017 3754 ni-

446 3792 520 3843 hil
554 3790 697 3844 aliud
728 3806 850 3847 esse
877 3792 1126 3860 corporis
1153 3792 1619 3862 pulchritudinem
1651 3794 1827 3858 dicas,
1855 3808 2018 3864 quam

444 3883 798 3953 sepulchrum
840 3883 1151 3936 dealbatam
1198 3903 1211 3938 :
1244 3890 1397 3937 tanta
1428 3900 1625 3953 nempe
1670 3885 1819 3940 intus
1860 3883 2021 3940 sorde

448 3977 673 4045 plenum
726 3983 827 4029 est.
870 3973 1072 4029 Deinde
1112 3990 1353 4045 pannum
1407 3977 1452 4029 si
1486 3976 1689 4031 videris
1731 3976 2017 4030 intinctum

445 4066 758 4132 hujusmodi
804 4066 990 4133 rebus,
1038 4066 1236 4136 pituita
1283 4067 1535 4121 videlicet
1577 4076 1670 4120 aut
1722 4067 1913 4129 ﬂuore,
1952 4083 2019 4122 ne

442 4154 703 4207 extremis
730 4153 946 4223 quidem
972 4154 1155 4224 digitis
1182 4157 1520 4226 contingere,
1557 4156 1667 4209 imo
1709 4171 1811 4210 nec
1844 4157 2020 4226 respi-

443 4259 567 4299 cere
595 4244 763 4297 audes
800 4264 812 4299 :
855 4253 911 4299 et
941 4253 1122 4301 tamen
1166 4247 1478 4315 hujusmodi
1520 4262 1700 4301 rerum
1735 4248 2016 4301 conclavia

440 4346 495 4390 et
530 4336 825 4405 apothecas
856 4339 1077 4408 plurimi
1114 4339 1288 4396 facis?
1314 4340 1383 4393 At
1408 4340 1755 4409 pulchritudo
1786 4348 1876 4392 tua
1906 4354 2013 4393 non

443 4428 758 4496 hujusmodi
795 4439 933 4491 erat,
977 4431 1070 4484 sed
1108 4431 1180 4484 ita
1219 4432 1569 4501 priestantior
1615 4431 1728 4494 illa,
1778 4438 1836 4484 at
1888 4431 2013 4485 coeli

441 4528 642 4573 terram
673 4522 1047 4585 antecellunt;
1088 4522 1198 4576 imo
1226 4522 1381 4578 cretis
1408 4521 1545 4593 ipsis
1576 4521 1744 4576 multo
1772 4522 2015 4590 Splendi-

443 4612 565 4662 dior
605 4618 657 4660 et
698 4608 907 4662 melior.
938 4610 1189 4664 Animam
1235 4613 1436 4682 quippe
1479 4611 1737 4666 nudatam
1780 4626 2012 4681 corpore

442 4707 598 4745 vetito
626 4691 880 4748 hactenus
924 4695 1053 4749 vidit
1094 4717 1106 4751 :
1154 4700 1366 4757 aliunde
1394 4713 1567 4761 tamen
1608 4707 1722 4776 ejus
1766 4709 1855 4762 tibi
1889 4714 2010 4777 pol-

437 4783 790 4838 chritudincm
844 4783 1211 4843 demonstrare
1260 4796 1509 4863 tentabo,
1558 4813 1587 4850 a
1642 4800 1886 4867 potentiis
1929 4802 2013 4854 ni-

438 4888 631 4926 mirum
683 4874 991 4942 majoribus.
1021 4880 1156 4932 Audi
1198 4881 1359 4948 igitur
1386 4888 1653 4953 quomodo
1676 4889 1843 4942 virum
1866 4890 2011 4944 desi-

439 4964 707 5017 deriorum
728 4966 743 4995 ¹
765 4964 971 5019 illarum
995 4966 1160 5024 decor
1187 4974 1498 5038 perculscrit
1519 4996 1531 5029 :
1550 4994 1668 5032 cum
1691 4979 1848 5033 vellet
1868 4980 2010 5035 enim

436 5068 619 5107 earum
666 5055 1109 5121 pulchritudinem
1152 5058 1443 5130 declarare,
1473 5082 1571 5122 nec
1601 5078 1777 5136 posset
1818 5084 2015 5141 corpus

439 5146 522 5197 his
548 5146 719 5199 simile
750 5148 1006 5215 reperire,
1029 5148 1095 5202 ad
1118 5153 1436 5209 metallieam
1460 5161 1731 5212 materiam
1754 5160 2008 5231 confugit,

437 5252 609 5305 neque
651 5237 732 5291 his
776 5248 1079 5304 contentus,
1128 5242 1348 5313 fulguris
1378 5248 1712 5317 splendorem
1745 5250 1797 5304 in
1825 5267 2009 5306 exem-

436 5335 577 5401 plum
609 5331 802 5386 attulit.
837 5332 949 5385 Etsi
992 5343 1167 5389 autem
1210 5339 1315 5392 illa:
1349 5355 1453 5394 non
1487 5358 1673 5411 puram
1713 5342 2011 5411 nudamque

433 5425 781 5477 substantiam
828 5441 974 5477 suam
1021 5428 1369 5492 ostenderint,
1416 5432 1509 5485 sed
1556 5432 1778 5485 obscure
1824 5432 2011 5487 admo-

434 5522 583 5579 illum,
614 5530 675 5567 ac
706 5518 849 5569 velut
879 5518 927 5570 in
960 5519 1183 5584 umbris,
1228 5524 1297 5574 ita
1328 5532 1503 5575 tamen
1544 5520 2008 5590 resplenduerunt,

435 5620 491 5662 ut
521 5622 612 5663 eas
640 5623 895 5678 apparere
923 5612 1208 5667 verisimile
1228 5624 1447 5669 estcqu
1479 5631 1635 5669 omne
1654 5615 2009 5671 velamentqu

435 5708 695 5755 remotum
727 5699 903 5754 fuerit.
937 5703 1064 5758 Tale
1091 5706 1356 5775 quidpiam
1383 5707 1449 5763 de
1479 5706 1869 5776 pulchritudine
1898 5710 2012 5763 ani-

498 5864 513 5891 ·
535 5868 679 5926 tinus
694 5858 928 5926 redisset
951 5861 1089 5926 savii.
1128 5863 1175 5926 in
1208 5864 1447 5926 margine,
1475 5862 1675 5913 tentabo.
1710 5862 1843 5926 tjnde
1865 5863 2012 5926 igitur

434 5923 487 5971 id
509 5918 879 5989 demonstrabo?
900 5933 931 5989 ᾳ
960 5922 1228 5989 ccclestibns
1273 5918 1506 5989 potentiis.
1534 5933 1586 5974 Et
1627 5923 1744 5973 audi
1780 5918 2013 5985 quomodo

436 5982 875 6034 wrermtnralibus
900 5982 1138 6031 initiatum
1162 5982 1315 6035 virum
1339 5988 1686 6037 desideriorum
1714 6024 1723 6034 .
1756 6025 1765 6035 .
1794 5982 1802 6033 ζ
1828 6022 1841 6034 .
1874 6028 1883 6036 .

1577 574 1666 629 AD
1706 573 2129 633 THEODORUM
2172 573 2459 629 LAPSL'M.
2500 578 2541 632 l.

3578 575 3681 628 2:13

2112 706 2213 745 ma:
2243 694 2473 762 cogitare
2498 710 2615 762 opu:
2634 704 2724 748 tet.
2758 694 2939 757 lirnnt,
2971 692 3158 762 inquit,
3184 691 3310 745 sicut
3339 696 3501 763 angeli
3534 695 3681 759 (an.

2109 787 2204 842 20.
2229 786 2343 858 56).
2378 787 2431 839 In
2462 785 2774 854 corporibus
2797 799 3005 854 quoque
3031 800 3115 848 ea,
3142 800 3261 855 qua:
3284 784 3477 838 leviora
3506 793 3558 837 et
3605 796 3685 838 te-

2110 879 2297 932 nuiora
2330 886 2476 941 sunt,
2503 891 2727 946 quaeque
2751 890 2845 944 per
2867 875 3004 927 viam
3029 873 3265 928 feruntur
3284 873 3352 928 ad
3374 873 3686 942 incorporea

2109 968 2438 1032 tendentem,
2468 968 2624 1038 longe
2646 966 3016 1036 prmstantiora
3051 973 3104 1017 ct
3131 964 3449 1019 mirabiliora
3476 963 3688 1018 ueteris

2112 1059 2391 1112 habentur.
2419 1058 2620 1113 Canum
2652 1059 2809 1129 igitur
2834 1057 3013 1123 terris,
3052 1056 3187 1126 ignis
3212 1055 3384 1125 aquis,
3412 1056 3577 1110 stellze
3611 1055 3690 1108 la-

2109 1150 2319 1220 pidibus
2366 1151 2646 1219 pretiosis,
2694 1151 2852 1219 longe
2908 1148 3231 1219 speciosiora
3275 1155 3452 1200 sunt:
3499 1145 3686 1201 iridcm

2112 1243 2282 1298 multo
2312 1242 2499 1310 magis.
2546 1256 2703 1311 quam
2730 1241 2916 1305 violas,
2954 1253 3105 1293 rosas
3130 1249 3460 1308 ceterosque
3502 1251 3691 1291 omnes

2114 1348 2271 1391 terrm
2305 1333 2464 1390 liores
2490 1334 2835 1389 admiramur.
2865 1330 2923 1386 In
2944 1345 3151 1386 summa
3188 1331 3233 1384 si
3273 1344 3458 1399 posses
3496 1328 3691 1384 anima:

2116 1426 2566 1502 pulchritmliuem
2608 1426 2776 1479 oculis
2820 1422 3097 1492 corporeis
3144 1420 3337 1475 intueri
3365 1461 3382 1485 ,
3430 1435 3690 1490 corporea

2113 1518 2225 1569 hzec
2270 1516 2511 1585 exempla
2557 1515 2852 1580 derideres,
2902 1530 3070 1583 usque
3096 1512 3229 1568 adeo
3266 1511 3497 1567 tenuiter
3538 1510 3693 1565 nobis

2114 1608 2304 1661 anima:
2350 1606 2575 1661 formam
2623 1606 2977 1675 decoremque
3017 1605 3306 1660 delineant.
3332 1604 3432 1670 Ne,
3483 1618 3688 1675 quaeso,

2117 1699 2273 1753 talem
2305 1698 2717 1768 possessionem,
2754 1707 2808 1753 et
2842 1696 3148 1766 hujusmodi
3190 1696 3494 1751 felicitatem
3524 1697 3697 1766 uegli~

2111 1806 2298 1859 gamus
2338 1810 2351 1844 :
2399 1806 2521 1844 cum
2566 1791 2795 1845 maxime
2836 1790 3005 1845 facilis
3034 1789 3191 1844 nobis
3230 1788 3408 1843 aditus
3436 1790 3502 1842 ad
3546 1789 3693 1843 illam

2114 1879 2557 1948 pulchritudinem
2587 1879 2742 1934 detur
2761 1894 2856 1949 per
2875 1894 3021 1947 spem
3051 1880 3391 1934 futurorum‘.
3410 1877 3697 1933 Momentu-

2114 1987 2262 2026 ueum
2290 1972 2443 2037 enim,
2488 1972 2677 2042 inquit,
2710 1984 2756 2026 et
2795 1972 2900 2026 lere
2947 1971 3285 2025 tribulationis
3327 1981 3511 2026 nostra
3536 1988 3697 2041 supra

2112 2063 2317 2117 modum
2342 2063 2395 2116 in
2418 2063 2739 2129 sublimitate,
2762 2073 3004 2117 internum
3028 2060 3209 2132 gloria:
3221 2062 3422 2131 pondus
3437 2071 3692 2130 operatur,

2114 2170 2213 2207 non
2239 2152 2690 2220 contemplantibus
2729 2152 2870 2205 nobis
2897 2167 3009 2222 quae
3032 2151 3284 2215 videntur,
3313 2153 3403 2205 sed
3441 2166 3556 2223 qua:
3596 2167 3703 2203 non

2112 2245 2342 2298 uidentur
2366 2266 2384 2298 .-
2427 2261 2539 2310 quae
2573 2245 2705 2297 enim
2750 2245 2978 2297 videntur
3026 2244 3322 2313 temporalia
3370 2252 3486 2297 sunt
3518 2258 3539 2308 ;
3586 2258 3701 2313 qua:

2115 2346 2281 2388 autem
2302 2352 2404 2388 non
2431 2336 2682 2398 ridentur,
2724 2344 2910 2387 a'terna
2937 2334 3013 2407 (2.
3044 2334 3162 2388 Cor.
3190 2335 3242 2388 ι.
3292 2334 3403 2403 Π).
3452 2334 3607 2400 Quod
3650 2336 3697 2390 si

2120 2424 2508 2487 tribulationes,
2537 2439 2671 2493 quas
2693 2423 2852 2490 nosti,
2876 2424 3022 2479 leves
3044 2424 3251 2479 vocavit
3270 2425 3459 2480 beatus
3478 2424 3696 2490 Paulus,

2117 2513 2240 2583 quia
2267 2527 2372 2568 non
2402 2514 2686 2583 respicitur
2709 2514 2775 2569 ad
2801 2528 2863 2568 ea
2883 2528 3004 2584 qua:
3032 2514 3299 2579 videntur,
3332 2515 3500 2569 multo
3529 2514 3701 2568 levius

2117 2614 2171 2659 et
2200 2603 2409 2659 facilius
2451 2607 2555 2659 erit
2590 2605 2861 2660 libidinem
2910 2605 3119 2660 sedare.
3148 2604 3393 2660 Nondum
3445 2605 3589 2660 enim
3632 2604 3699 2658 ad

2118 2697 2354 2767 pericula
2387 2705 2439 2752 te
2468 2696 2559 2751 illa
2583 2712 2861 2764 vocamus,
2888 2711 2993 2751 non
3023 2696 3088 2751 ad
3118 2706 3318 2751 mortes
3337 2696 3697 2766 quotidianas,

2117 2804 2223 2844 non
2251 2788 2319 2843 ad
2346 2789 2525 2859 plagas
2553 2789 2884 2859 frequentes,
2925 2788 3166 2851 verbera,
3209 2788 3439 2854 vincula,
3470 2787 3700 2841 inimici-

2117 2880 2218 2934 tias
2246 2893 2367 2934 cum
2396 2879 2525 2934 orbe
2555 2888 2840 2944 terrarum,
2883 2893 2988 2933 non
3018 2879 3086 2933 ad
3111 2878 3230 2933 odia
3256 2878 3699 2944 domesticorum,

2120 2983 2226 3024 non
2274 2970 2339 3024 ad
2369 2970 2574 3039 vigilias
2620 2970 2948 3040 frequentes,
2995 2970 3183 3039 longas
3223 2969 3699 3039 peregrinationes,

2118 3058 2412 3131 naufragia,
2458 3061 2721 3116 latronum
2766 3061 3032 3127 incursus,
3063 3070 3411 3129 cognatorum
3460 3059 3700 3122 insidias,

2118 3153 2334 3209 dolores
2351 3155 2646 3210 amicorum
2675 3169 2870 3217 causa;
2900 3168 3005 3208 non
3047 3153 3113 3208 ad
3142 3154 3357 3217 famem,
3385 3151 3574 3221 frigus,
3601 3168 3701 3206 nu-

2118 3245 2354 3312 ditatem,
2384 3246 2740 3311 exustionem,
2773 3244 3079 3301 ntmstitiam
3116 3258 3213 3314 pro
3246 3246 3405 3299 rebus
3429 3243 3545 3298 sive
3574 3243 3696 3307 tuis,

2119 3336 2230 3392 sive
2252 3351 2358 3391 non
2390 3337 2513 3392 tuis.
2551 3336 2693 3392 Nihil
2742 3337 2932 3390 horum
2973 3336 3082 3407 jam
3111 3336 3441 3405 postulamus
3480 3335 3618 3401 ;sed
3648 3335 3699 3388 id

2117 3429 2288 3484 solum
2309 3444 2577 3505 rogamus,
2599 3445 2629 3483 a
2657 3428 2939 3483 maledicta
2958 3428 3215 3484 servitute
3244 3429 3436 3484 liberes
3458 3437 3530 3491 te,
3549 3436 3608 3485 et
3634 3428 3700 3482 ad

2118 3522 2397 3592 pristinam
2441 3521 2742 3578 libertatem
2790 3531 3093 3585 revertare,
3137 3531 3306 3575 tecum
3358 3528 3609 3588 reputans
3646 3527 3702 3573 et

2116 3612 2350 3666 libidinis
2374 3626 2580 3681 pcenas,
2614 3621 2669 3667 et
2698 3612 2931 3667 debitum
2953 3611 3193 3682 pristina:
3211 3610 3393 3664 virtuti
3430 3618 3535 3664 tuae
3564 3624 3703 3679 prae-

2117 3703 2302 3757 mium.
2327 3702 2458 3757 Nam
2506 3702 2648 3773 quod
2679 3702 2939 3757 increduli
2962 3702 3105 3757 circa
3135 3700 3582 3756 resurrectionem
3610 3714 3702 3755 se-

2117 3795 2293 3866 gniter
2321 3793 2495 3850 allecti
2541 3795 2669 3860 sint,
2701 3809 2802 3849 nec
2848 3807 3099 3863 umquam
3127 3791 3254 3846 inde
3287 3801 3489 3846 metum
3533 3791 3704 3846 susci-

2118 3888 2285 3957 piant,
2312 3887 2445 3941 nihil
2469 3896 2617 3942 certe
2659 3886 2853 3941 mirum
2880 3894 3006 3941 est:
3038 3883 3135 3940 sed
3179 3883 3319 3955 quod
3348 3898 3447 3938 nos
3490 3883 3582 3953 qui
3632 3882 3702 3937 de

2119 3978 2309 4034 futuris
2338 3980 2508 4050 magis
2550 3993 2708 4049 quam
2751 3978 2818 4032 de
2860 3976 3213 4047 praesentibus
3256 3976 3418 4031 rebus
3460 3976 3700 4045 persuasi

2118 4083 2325 4133 sumus,
2363 4078 2473 4125 tam
2498 4070 2693 4126 misere
2720 4068 2995 4139 degamus,
3025 4077 3134 4123 tam
3163 4066 3492 4132 calamitose,
3522 4068 3700 4122 nullo-

2118 4176 2223 4231 que
2247 4175 2409 4216 sensu
2439 4176 2505 4216 ex
2534 4176 2719 4216 earum
2758 4159 3014 4215 memoria
3038 4159 3355 4219 afficiamur.
3394 4158 3489 4213 sed
3526 4158 3579 4212 in
3609 4174 3703 4214 ex-

2122 4260 2344 4306 tremam
2393 4252 2653 4305 incuriam
2682 4250 3012 4315 delabamur,
3044 4249 3097 4303 id
3141 4262 3273 4304 sane
3296 4248 3544 4303 amentia:
3585 4247 3701 4316 ple-

2121 4358 2244 4396 num
2272 4350 2375 4397 est.
2406 4342 2460 4397 Si
2487 4344 2631 4397 enim
2663 4358 2762 4396 nos
2798 4341 2983 4398 fideles
3003 4340 3190 4396 eadem
3219 4356 3338 4409 quae
3365 4339 3604 4395 inﬁdeles
3623 4340 3701 4394 illi

2120 4432 2361 4493 facimus,
2385 4432 2495 4485 imo
2516 4432 2874 4485 miserabilius
2893 4445 3051 4499 quam
3075 4430 3151 4484 illi
3172 4428 3343 4483 allecti
3370 4430 3697 4497 sumus(non

2119 4522 2311 4577 desunt
2326 4522 2467 4577 enim
2490 4523 2629 4576 inter
2644 4522 2782 4587 illos,
2799 4522 2885 4590 qui
2904 4520 3133 4575 humana
3154 4522 3346 4575 virtute
3363 4520 3696 4586 claruerint):

2118 4627 2237 4680 qua:
2268 4612 2420 4666 nobis
2449 4611 2554 4667 erit
2599 4611 2916 4677 consolatio,
2946 4626 3066 4681 qua:
3091 4610 3305 4665 demum
3321 4606 3519 4664 venia?
3550 4610 3698 4664 “ulti

2120 4702 2335 4771 quidem
2358 4710 2685 4757 mercatores
2705 4700 3035 4771 naufragium
3058 4701 3200 4770 passi
3226 4714 3335 4755 non
3357 4700 3537 4754 animo
3568 4714 3699 4754 cou-

2120 4794 2484 4861 ciderunt,sed
2508 4794 2693 4849 eadem
2719 4793 2963 4847 institere
2980 4792 3083 4857 via;
3107 4805 3425 4861 quamquam
3445 4790 3497 4844 id
3518 4790 3695 4844 damni

2120 4903 2225 4941 non
2254 4903 2320 4941 ex
2348 4887 2570 4957 segnitie
2598 4885 2838 4941 evenerit
2860 4884 2959 4938 sibi
2990 4924 3007 4950 ,
3032 4882 3126 4939 sed
3155 4883 3204 4936 vi
3235 4889 3516 4937 ventorum
3554 4901 3569 4937 :
3600 4898 3696 4938 nos

2119 4992 2317 5040 autem,
2358 4979 2550 5048 quibus
2594 4977 2664 5032 de
2707 4978 2849 5032 bono
2897 4976 3004 5033 ﬁne
3032 4992 3247 5046 semper
3290 4992 3508 5047 sperare
3550 4977 3694 5043 licet,

2119 5086 2237 5123 cum
2280 5070 2445 5138 probe
2498 5070 2751 5135 sciamus,
2801 5086 2973 5139 neque
3020 5070 3373 5139 naufragium,
3404 5085 3579 5140 neque
3602 5070 3698 5125 de-

2123 5162 2354 5214 trimenti
2380 5159 2639 5230 quidlibet
2659 5162 2837 5215 invitis
2865 5162 3021 5215 nobis
3048 5161 3401 5215 obventurum
3427 5176 3568 5226 esse,
3603 5178 3697 5215 an-

2122 5268 2227 5305 non
2252 5267 2365 5305 rem
2392 5252 2794 5321 aggrediemur?
2814 5265 2989 5305 annon
3029 5249 3295 5316 eamdem,
3326 5265 3485 5321 quam
3528 5254 3695 5321 prius,

2122 5353 2471 5400 mercaturam
2522 5356 2872 5406 resumcmus,
2914 5342 3009 5396 sed
3045 5343 3222 5411 supini
3267 5345 3528 5397 consertis
3555 5346 3695 5414 apud

2122 5452 2219 5493 nos
2266 5437 2509 5491 manibus
2550 5435 2885 5504 jaecbimus‘l
2924 5435 2994 5490 Et
3036 5436 3233 5489 utinam
3275 5436 3414 5504 apud
3445 5450 3545 5491 nos
3575 5448 3693 5491 tau-

2121 5538 2255 5594 tum,
2306 5538 2359 5581 et
2391 5544 2494 5581 non
2521 5530 2680 5582 etiam
2712 5538 2895 5582 contra
2919 5543 3037 5591 nos,
3066 5526 3206 5594 quod
3234 5536 3434 5595 aperta:
3473 5529 3693 5582 insaniae

2120 5628 2221 5672 est.
2252 5618 2385 5673 Nam
2416 5618 2461 5671 si
2488 5618 2607 5687 quis
2653 5620 2796 5688 pugil
2837 5619 3037 5673 omisso
3074 5616 3402 5683 adversario,
3452 5619 3503 5671 in
3531 5628 3694 5687 caput

2120 5728 2271 5767 suum
2304 5724 2491 5763 manus
2514 5720 2852 5767 converteret
2879 5711 3171 5779 faciemque
3212 5724 3362 5763 suam
3393 5708 3691 5763 contunde-

2120 5814 2221 5863 rct,
2250 5816 2426 5854 annon
2454 5818 2576 5856 eum
2599 5804 2735 5857 inter
2764 5801 2991 5855 furiosos
3018 5798 3531 5854 annumeraremus?
3555 5798 3693 5868 Sup-

2184 5918 2197 5943 ι
2220 5917 2393 5976 Regius
2413 5928 2538 5965 unus
2554 5916 2707 5966 addit:
2725 5920 2779 5964 Et
2801 5914 2927 5976 quod
2950 5912 3039 5964 hoc
3063 5927 3226 5964 verum
3245 5919 3333 5972 est,
3356 5912 3474 5962 audi
3494 5913 3690 5976 Paulum

2119 5977 2239 6032 illud
2261 5974 2389 6032 nam
2412 5974 2887 6031 derrwnstrmztem'iis
2912 5990 3018 6039 qua:
3036 5978 3100 6026 ad
3124 5976 3382 6029 Corinthios
3399 5974 3575 6030 scribit.
