4506 6714
790 546 893 603 99η

787 662 1039 729 plantavit
1067 681 1162 721 nos
1193 668 1430 726 diabolus
1469 687 1533 729 ac
1561 675 1754 748 dejecit
1783 698 1795 733 :
1827 695 2151 757 quaprOpter
2181 706 2358 744 resur-

784 766 912 819 gere
952 765 1182 823 oportet,
1226 774 1522 831 curareque
1562 782 1632 822 ne
1674 769 2035 843 abripiamur,
2084 796 2217 835 neve
2266 798 2363 838 nos

788 844 1088 913 praccipites
1113 847 1320 914 demus,
1351 866 1455 907 neu
1498 854 1616 922 ejus
1645 859 1810 928 plagis
1838 862 1968 918 alias
1996 881 2023 919 a
2054 870 2207 925 nobis
2234 871 2362 939 ipsis

792 932 965 987 illatas
990 935 1324 1005 adjiciamus.
1354 941 1626 1013 Siquidem
1662 947 1849 1005 beatus
1876 953 2041 1011 David
2076 960 2127 1013 in
2157 932 2361 1030 lapsum

785 1021 979 1075 decidit
1029 1032 1121 1080 tuo
1162 1028 1413 1094 similem,
1456 1033 1563 1086 imo
1608 1043 1663 1089 et
1705 1037 1865 1093 alium
1906 1043 2121 1113 adjecit,
2170 1021 2363 1120 nempe

787 1109 1153 1169 homicidium.
1199 1118 1336 1184 Quid
1386 1120 1587 1189 igitur?
1629 1141 1755 1181 nntn
1803 1109 2098 1198 prostratus
2127 1109 2363 1195 mansit?

782 1217 960 1257 annon
1001 1206 1176 1258 statim
1207 1210 1380 1264 erexit
1425 1226 1518 1279 se,
1552 1224 1873 1289 strenueque
1917 1223 2111 1281 bellum
2162 1232 2364 1298 paravit

780 1304 963 1348 eontra
1010 1296 1324 1355 inimicum?
1353 1303 1465 1359 lmo
1494 1306 1563 1360 ita
1604 1309 1812 1366 fortiter
1841 1314 2011 1383 ipsum
2056 1296 2358 1388 debellavit,

780 1392 837 1436 ut
873 1385 1033 1438 etiam
1079 1400 1323 1446 mortuus
1365 1400 1637 1464 progeniei
1690 1416 1799 1456 sua:
1851 1409 2097 1473 praesidio
2144 1422 2287 1467 esset
2318 1385 2357 1468 '.

786 1474 1059 1531 Salomoni
1090 1482 1286 1550 quippe
1316 1484 1501 1554 ingens
1530 1488 1783 1560 ﬂagitium
1815 1511 2084 1567 aggresso,
2132 1513 2185 1556 et
2215 1505 2362 1562 mille

784 1575 986 1619 mortes
1017 1574 1330 1639 promerito,
1377 1590 1597 1647 propter
1637 1584 1797 1640 David
1830 1605 2047 1658 regnum
2095 1594 2359 1665 integrum

775 1668 837 1707 se
864 1656 1163 1728 relinquere
1190 1662 1318 1718 dicit
1340 1666 1481 1722 Dens
1512 1671 1593 1724 his
1614 1675 1788 1729 verbis
1816 1696 1829 1729 :
1859 1656 2109 1737 scindens
2130 1686 2361 1743 scindant

787 1759 998 1813 regnum
1041 1758 1183 1802 tuum
1226 1753 1291 1806 de
1320 1773 1473 1809 manu
1513 1770 1618 1825 tua,
1648 1772 1697 1816 et
1716 1764 1847 1819 dabo
1894 1768 2026 1824 illud
2067 1790 2213 1830 servo
2252 1788 2358 1832 tuo.

794 1830 973 1885 Verum
1013 1836 1065 1888 in
1110 1837 1285 1894 diebus
1327 1845 1425 1896 tuis
1454 1846 1549 1900 hoc
1586 1852 1605 1880 ³
1637 1868 1739 1906 non
1778 1857 1966 1925 faciam
2012 1862 2085 1930 (5.
2114 1830 2359 1935 Regii.

781 1922 895 1991 Η).
942 1923 1157 1990 Quare?
1210 1929 1432 2002 Propter
1481 1935 1648 1993 David
1685 1922 1877 2011 patrem
1921 1922 2059 2004 tuum
2107 1970 2126 2006 :
2161 1922 2223 2008 de
2248 1974 2359 2011 ma-

775 2014 922 2068 nibus
947 2017 1043 2083 ﬁlii
1070 2020 1145 2071 tui
1168 2021 1300 2109 illud
1321 2027 1587 2109 accipiam.
1615 2033 1856 2109 Ezechia:
1885 2056 2096 2109 quoque
2121 2045 2188 2098 de
2209 2062 2359 2101 sum-

769 2107 859 2144 ina
887 2108 1067 2145 rerum
1093 2094 1443 2163 periclitanti,
1469 2115 1801 2171 quamquam
1818 2094 2021 2174 justus'
2057 2094 2367 2181 esset:pro-

770 2192 892 2251 pter
918 2183 1135 2238 beatum
1178 2186 1329 2241 illum
1364 2189 1544 2244 virum
1574 2194 1836 2250 auxilium
1880 2199 2129 2266 promisit
2161 2218 2174 2254 :
2222 2202 2353 2258 Pro-

771 2284 968 2343 tegam,
996 2276 1191 2345 inquit,
1220 2279 1399 2332 urbem
1418 2281 1577 2347 hanc,
1608 2294 1667 2337 ut
1688 2304 1883 2342 servent
1908 2305 2023 2342 eam
2046 2302 2263 2359 propter
2286 2313 2367 2351 me

766 2377 815 2419 et
839 2381 1055 2435 propter
1083 2370 1254 2425 David
1269 2388 1490 2441 puerum
1508 2394 1679 2432 meum
1699 2381 1772 2449 (.l.
1797 2381 1921 2453 Reg.
1948 2383 2034 2439 19.
2056 2386 2166 2457 54).
2190 2388 2363 2445 Tanta

765 2468 869 2516 test
892 2464 1222 2532 pmnitentia:
1244 2468 1438 2525 virtus.
1464 2469 1636 2529 Porro
1659 2476 1702 2529 si
1729 2490 1813 2539 ea,
1840 2494 1947 2545 qua
1966 2486 2027 2535 tu
2048 2497 2214 2549 nunc,
2235 2501 2362 2540 sen-

774 2555 933 2608 entia
983 2554 1198 2621 fuisset,
1241 2558 1406 2613 Deum
1455 2577 1562 2615 non
1618 2579 1779 2633 posse
1809 2568 2069 2641 deinceps
2099 2576 2301 2642 placari
2346 2597 2358 2632 :

770 2655 826 2701 et
878 2648 923 2702 si
969 2648 1111 2701 intra
1163 2665 1223 2704 se
1251 2651 1518 2718 dixisset,
1556 2654 1781 2714 Honore
1816 2677 2014 2733 magno
2054 2681 2140 2720 me
2181 2668 2360 2723 afl‘ecit

768 2736 938 2801 Deus.
972 2740 1114 2793 inter
1143 2744 1437 2813 prophetas
1465 2748 1772 2812 constituit,
1809 2750 1861 2804 in
1892 2754 2228 2811 contributas
2256 2758 2358 2811 im-

761 2829 973 2896 perium
1006 2832 1253 2896 tradidit,
1281 2838 1665 2907 sexcentisque
1694 2856 1781 2896 me
1817 2843 2080 2911 periculis
2105 2849 2307 2904 exemit
2338 2868 2350 2904 :

762 2920 1041 2986 quomodo
1082 2933 1203 2990 post
1242 2933 1323 2977 tot
1348 2926 1610 2982 beneficia
1650 2931 1861 2999 lapsus.
1897 2942 1951 2988 et
1981 2946 2225 2994 extrema
2256 2952 2357 2995 au'

761 3023 858 3062 sus
882 3010 1155 3076 facinora,
1181 3014 1389 3082 possim
1412 3032 1535 3071 eum
1558 3018 1739 3075 denuo
1762 3024 1895 3078 mihi
1916 3028 2355 3098 propitiumred-

742 3100 936 3155 'dere?
975 3102 1021 3155 si
1050 3102 1168 3157 hinc
1211 3104 1265 3159 in
1297 3116 1481 3163 mente
1512 3109 1832 3179 habuisset,
1880 3132 1993 3171 non
2040 3120 2217 3175 solum
2250 3138 2348 3188 ea,

761 3208 884 3260 quae
915 3203 1104 3263 postea
1134 3206 1285 3253 recte
1323 3201 1515 3267 gessit,
1553 3218 1663 3258 non
1697 3204 1974 3264 etfecisset
1994 3250 2010 3275 ,
2057 3211 2159 3266 sed
2181 3214 2346 3269 etiam

739 3283 944 3351 'priora
972 3299 1191 3352 pessum
1223 3286 1494 3345 dedisset.

831 3374 918 3427 15.
945 3377 1149 3430 Anima:
1164 3379 1337 3430 morbi
1357 3381 1577 3449 quilibet
1594 3400 1798 3455 semper
1818 3392 2001 3445 curari
2023 3404 2351 3459 possunt.—

738 3462 945 3534 .Neqne
994 3468 1142 3521 enim
1190 3471 1367 3524 solum
1410 3472 1430 3502 ³
1473 3478 1760 3545 corporis,
1792 3480 1889 3536 sed
1937 3483 2100 3537 etiam
2141 3485 2344 3540 anima

736 3559 986 3611 ivulnera
1025 3558 1296 3614 inducunt
1326 3572 1583 3619 mortem.
1626 3568 1881 3626 Attamen
1914 3588 1982 3627 eo
2014 3574 2346 3645 insipientia:

755 3651 1029 3714 venimus,
1046 3661 1106 3704 ut
1122 3650 1213 3705 illa
1227 3651 1517 3725 diligenter
1529 3672 1811 3728 curemus,
1828 3663 1943 3719 haec
1962 3666 2231 3737 negligam
2243 3683 2338 3724 us:

756 3758 1090 3812 quamquam
1127 3759 1330 3816 corpus
1367 3747 1660 3807 insanabili
1695 3770 1840 3825 saepe
1873 3758 2068 3813 morbo
2103 3759 2335 3825 laboret,

758 3836 895 3888 nihil
926 3842 1107 3890 tamen
1135 3836 1203 3891 de
1231 3839 1408 3895 salute
1440 3842 1798 3911 desperamus
1830 3865 1845 3902 :
1887 3862 1953 3903 ac
1979 3849 2104 3903 licet
2139 3850 2335 3904 medici

757 3929 1070 3997 trequenter
1086 3928 1493 3993 dicant,morbo
1509 3950 1615 3989 non
1631 3952 1793 4007 posse
1808 3939 2111 3995 remedium
2130 3938 2334 4005 atl'erri,

753 4020 1025 4074 instamus
1041 4019 1402 4078 nihilominus
1414 4035 1692 4095 rogantes,
1707 4028 1946 4098 aliquam
1966 4030 2048 4085 vel
2066 4030 2334 4085 tantillam

733 4098 940 4183 :aﬂ’erri
964 4113 1421 4171 consolationem:
1446 4117 1502 4171 in
1528 4120 1739 4176 morbis
1761 4129 1944 4177 autem
1964 4123 2179 4186 animae,
2204 4138 2334 4193 quo-

733 4196 876 4258 ‘rum
900 4204 1033 4257 nulli
1064 4205 1396 4262 insanabiles
1423 4216 1574 4273 sunt,
1597 4211 1799 4282 quippe
1821 4213 1913 4282 qui
1948 4228 1976 4265 a
2008 4223 2215 4267 natura:
2241 4228 2333 4269 ne-

751 4296 1009 4352 cessitate
1033 4313 1142 4351 non
1173 4298 1492 4368 procedant,
1518 4316 1583 4357 ac
1605 4303 1651 4358 si
1678 4304 1872 4361 alienae
1890 4314 2075 4362 essent
2101 4306 2330 4361 inﬁrmi-

750 4397 890 4444 tates
907 4390 949 4454 δ,
971 4389 1194 4459 perinde
1211 4391 1547 4463 negligenter
1562 4396 1795 4466 agimus,
1811 4398 1922 4453 imo
1938 4398 2324 4469 desperamus:

740 4478 905 4540 atque
929 4476 1017 4528 ubi
1043 4487 1226 4530 natura
1257 4482 1426 4534 morbi
1466 4483 1793 4551 deploratam
1823 4491 2177 4549 valetudinem
2202 4510 2322 4551 esse

744 4562 956 4628 suadet,
990 4578 1051 4619 ac
1076 4566 1119 4618 si
1147 4580 1271 4634 spes
1290 4580 1431 4623 esset
1453 4574 1615 4627 multa
1641 4576 1857 4644 salutis,
1889 4594 2070 4636 curam
2098 4585 2322 4641 adbibe-

746 4667 896 4716 mus;
928 4654 1014 4706 ubi
1051 4670 1177 4709 vero
1203 4658 1344 4710 nulla
1372 4660 1687 4729 desperandi
1715 4682 1871 4721 causa
1889 4709 1907 4733 ,
1933 4670 2327 4740 despondemus

746 4743 1018 4807 animum,
1062 4753 1116 4797 et
1157 4744 1224 4796 ah
1266 4746 1411 4800 omni
1450 4763 1575 4803 cura
1620 4752 2152 4828 absistimus:usque
2193 4762 2329 4819 adeo

748 4834 1008 4902 majorem
1056 4836 1293 4903 corporis
1318 4878 1332 4901 ,
1374 4854 1530 4908 quam
1571 4843 1792 4911 animae,
1839 4848 2098 4903 rationem
2158 4851 2326 4907 habe-

751 4939 891 4977 mus.
914 4924 1241 4991 Quapropter
1263 4944 1326 4981 ne
1347 4946 1541 4998 corpus
1557 4935 1769 5002 quidem
1792 4952 2007 4993 servare
2022 4954 2326 5009 possumus.

752 5014 886 5068 Nam
918 5016 1006 5083 qui
1029 5017 1167 5085 quod
1199 5023 1516 5090 prmcipuum
1544 5036 1626 5079 est
1654 5028 1870 5097 negligit
1892 5071 1907 5094 ,
1939 5041 1993 5085 et
2022 5032 2072 5085 in
2104 5034 2329 5087 minori-

755 5116 855 5169 bus
883 5128 1094 5167 onmem
1124 5115 1531 5169 Sollicitudinem
1564 5120 1732 5185 ponit,
1774 5131 1995 5190 utraque
2024 5125 2248 5179 destruit
2275 5137 2330 5181 et

761 5207 969 5275 perdit:
988 5208 1076 5275 qui
1121 5218 1297 5261 autem
1324 5208 1568 5262 ordinem
1596 5217 1801 5274 servat,
1831 5218 1886 5263 et
1912 5212 2051 5280 quod
2084 5214 2231 5281 prius
2252 5227 2334 5270 est

764 5301 993 5354 maxime
1031 5312 1220 5365 curat,
1267 5300 1473 5354 etiamsi
1502 5300 1643 5371 quod
1676 5304 1941 5370 posterius
1963 5313 2045 5357 est
2070 5305 2333 5374 negligat,

766 5406 861 5460 per
887 5390 1109 5445 salutem
1142 5391 1280 5446 illius
1304 5394 1404 5447 hoc
1430 5394 1589 5447 etiam
1616 5402 1917 5449 conservat.
1942 5392 1997 5449 ld
2028 5410 2154 5448 vero
2178 5393 2337 5449 Chri-

771 5499 878 5541 stus
928 5485 1121 5541 nobis“
1165 5487 1398 5540 declarat
1450 5487 1533 5541 bis
1580 5488 1794 5542 verbis:
1825 5486 1999 5542 Nolite
2039 5488 2213 5541 timere
2249 5503 2334 5540 eos

832 5604 843 5633 '
874 5608 1003 5651 vum
1038 5609 1260 5660 ttts.,esse
1282 5607 1452 5663 posset.
1482 5602 1624 5652 Savil.
1648 5610 1776 5663 post,
1798 5607 2027 5662 mortuus,
2052 5600 2198 5660 addit,
2226 5600 2344 5650 beao

766 5672 860 5754 “
884 5725 1023 5776 Savil.
1053 5733 1106 5777 et
1118 5726 1299 5786 aliquot
1320 5730 1448 5786 Mss,
1467 5724 1592 5774 lites.

835 5786 855 5859 ξ
888 5788 1070 5859 eum
1095 5784 1223 5845 uss;
1249 5784 1585 5859 59¢“.

835 5849 857 5876 δ
880 5845 1015 5898 savii.
1042 5859 1095 5900 et
1115 5862 1243 5901 unus
1264 5847 1423 5895 00(1le
1450 5845 2135 5926 ίιὲὒωῑρέιίίίξηβ
2202 5908 2303 5926 .-η

839 5910 859 5938 ι
888 5914 959 5959 sic
998 5915 1131 5963 sam
1163 5920 1213 5962 et
1259 5922 1427 5956 mnnes
1452 5922 1578 5971 pene
1758 5916 1805 5958 in
1844 5908 1959 5958 ωλι.
1996 5918 2136 5958 Morel
2186 5908 2345 5957 deest.

774 5990 829 6024 ’Κλ

1458 556 1512 610 8.
1552 556 1830 619 JOANNIS
1867 565 2336 629 CHRYSOSTOMI
2375 577 2694 641 ARCHIEP.
2735 586 3266 655 CONSTANTINOP.

3943 616 4042 673 τιῢο

2474 701 2560 766 qui
2579 706 2810 759 occidunt
2846 725 3031 780 corpus
3050 753 3064 773 ,
3097 718 3316 771 animam
3342 729 3508 774 autent
3535 738 3633 774 non
3661 738 3865 791 possunt
3904 735 4036 784 occi-

2473 789 2630 858 dere;
2675 798 2761 849 sed
2802 800 2966 865 potius
3011 803 3173 859 timete
3210 825 3322 861 eum
3364 812 3451 880 qui
3480 821 3637 881 potest
3661 789 3711 864 et
3749 816 3966 869 animam
3995 831 4043 873 et

2471 896 2653 951 corpus
2687 888 2891 957 perdere
2931 891 2982 943 in
3011 894 3235 961 geltenna
3257 901 3468 969 (Matth.
3510 905 3597 959 i0.
3637 904 3749 975 28).
3782 905 4039 977 Numquid

2467 971 2577 1040 jam
2611 978 2703 1031 tibi
2750 994 3055 1048 persuasum
3096 1000 3178 1043 est
3216 1008 3500 1064 numquam
3525 997 3591 1051 de
3618 998 3809 1053 anima:
3842 1002 4039 1055 morbis

2472 1068 2620 1131 quasi
2645 1068 3018 1125 insanabilibus
3034 1074 3423 1145 desperandum
3439 1101 3577 1154 esse,
3598 1103 3665 1142 an
3686 1104 3811 1144 vero
3825 1105 4043 1146 necesse

2473 1163 2633 1209 estet
2673 1159 2771 1211 alia
2808 1160 3062 1218 adhibere
3106 1170 3419 1227 ratiocinia?
3458 1176 3854 1244 Quantumlibet
3894 1181 4033 1234 enim

2472 1247 2585 1314 ipse
2611 1252 2843 1306 animum
2866 1254 3220 1325 despondeas,
3252 1278 3349 1320 nos
3372 1282 3654 1341 numquam
3676 1273 3743 1327 de
3771 1282 3819 1329 te
3847 1275 4036 1345 despe-

2473 1338 2709 1395 rabimus
2733 1360 2744 1395 :
2770 1359 2937 1413 neque
2968 1346 3017 1400 id
3048 1351 3186 1417 quod
3215 1353 3332 1407 aliis
3359 1358 3487 1411 vitio
3517 1338 3787 1427 vertimus,
3818 1365 3916 1434 ipsi
3941 1366 4038 1420 ad-

2471 1428 2774 1498 mittetnus;
2821 1434 2939 1489 licet
2983 1452 3087 1491 non
3132 1454 3227 1508 par
3255 1452 3309 1497 et
3347 1448 3549 1513 mquale
3574 1452 3675 1515 sit,
3710 1455 3935 1522 aliquem
3972 1456 4037 1507 de

2470 1521 2649 1589 seipso
2686 1524 3003 1594 desperare,
3054 1538 3145 1583 aut
3181 1533 3337 1588 alium
3373 1537 3439 1592 de
3475 1540 3589 1609 ipso
3623 1543 3659 1593 ί.
3692 1521 3819 1595 Nam
3854 1545 3940 1612 qui
3968 1544 4037 1598 de

2470 1610 2574 1664 alio
2605 1614 2759 1690 talem
2793 1615 2947 1670 habet
2990 1620 3328 1692 opinionem,
3370 1629 3475 1683 cito
3515 1631 3719 1684 veniam
3747 1610 4032 1699 obtinebit,

2469 1701 2557 1769 qui
2586 1711 2759 1759 autem
2789 1706 2855 1761 de
2882 1709 3079 1778 seipse,
3108 1729 3212 1765 non
3238 1716 3384 1771 item.
3407 1720 3619 1785 Quare?
3647 1721 3775 1787 Quia
3804 1723 3890 1777 ille
3918 1727 4033 1794 qui.

2468 1791 2589 1845 dem
2619 1795 2734 1863 ejus
2763 1798 2991 1851 studium
3035 1811 3088 1854 et
3135 1808 3496 1871 paenitentiam
3539 1810 3589 1861 in
3639 1820 3898 1878 potestate
3931 1791 4041 1869 non

2467 1881 2625 1936 habet
2652 1903 2664 1938 :
2688 1887 2781 1940 sed
2804 1889 2915 1957 ipse
2934 1891 3080 1946 solus
3100 1894 3321 1950 obtinet.
3344 1898 3515 1952 Nihilo
3537 1902 3702 1970 magis
3723 1912 3896 1959 tamen
3917 1906 4039 1962 ideo

2465 1971 2532 2026 de
2565 1984 2615 2028 te
2644 1975 3043 2046 desperabimus
3064 2024 3079 2048 ,
3121 1986 3327 2041 etiamsi
3362 1999 3413 2041 tu
3445 1990 3637 2044 millies
3678 1994 3910 2050 animum
3938 1997 4031 2052 dc-

2465 2068 2732 2133 spondeas
2757 2088 2768 2123 :
2794 2070 3018 2127 fortasse
3045 2077 3186 2131 enim
3209 2121 3223 2143 ,
3254 2079 3477 2135 fortasse
3500 2083 3735 2151 inquam,
3759 2088 3945 2158 aliquis
3968 2093 4034 2146 ad

2465 2158 2712 2213 virtutem
2734 2178 3027 2232 regressus,
3047 2170 3218 2239 aliqua
3252 2174 3485 2241 pristina:
3516 2177 3635 2230 vita:
3661 2181 4035 2252 redintegratio

2462 2248 2690 2306 dabitur.
2708 2254 2841 2308 Audi
2859 2261 3149 2327 sequentia.
3167 2262 3404 2318 Ninivitrc
3420 2266 3599 2320 audito
3612 2248 3897 2338 prOpbetai
3910 2274 4035 2329 ebc-

2462 2351 2672 2395 menter
2698 2347 3077 2413 comminante,
3097 2350 3277 2405 Adhuc
3306 2364 3402 2406 tres
3432 2356 3617 2421 dies,et
3642 2358 4036 2418 Ninivesubver-

2464 2442 2593 2485 tetur
2622 2434 2762 2505 (Ion.
2781 2437 2925 2509 5.4),
2957 2458 3021 2495 ne
3048 2444 3113 2495 ita
3136 2444 3347 2512 quidem
3374 2446 4032 2519 animoconciderunt,sed

2462 2526 2669 2579 etiamsi
2693 2529 2833 2582 nulla
2851 2530 2917 2585 de
2933 2534 3039 2586 Deo
3060 2535 3325 2588 exorando
3343 2551 3463 2606 spes
3485 2540 3749 2596 videretur
3768 2560 3905 2610 esse,
3928 2546 4032 2598 imo

2463 2617 2635 2683 potius
2649 2621 2968 2674 contrarium
2986 2638 3050 2676 ex
3064 2626 3277 2679 oraculo
3290 2628 3605 2684 suaderetur
3619 2634 3743 2700 (non
3756 2636 3895 2689 enim
3914 2651 4030 2689 cum

2459 2705 2798 2764 distinctione
2846 2714 3089 2781 quapiam
3134 2715 3185 2769 id
3218 2716 3415 2772 dictum
3455 2718 3643 2787 fuerat,
3675 2723 3768 2777 sed
3796 2734 4034 2794 apertum

2459 2795 2731 2853 decretum
2761 2803 2919 2874 erat);
2954 2806 3118 2861 nihilo
3146 2818 3321 2863 tamen
3348 2812 3519 2865 minus
3545 2816 3907 2882 paenitentiam
3944 2834 4030 2871 es-

2462 2890 2679 2945 hibuere
2708 2894 2943 2952 dicentes
2975 2916 2987 2951 :
3024 2898 3149 2965 Quis
3174 2905 3265 2955 scit
3295 2921 3415 2956 num
3454 2907 3791 2973 paenitentiam
3826 2920 3957 2977 aget,
3986 2921 4034 2963 et

2462 2986 2751 3039 exorabitur
2774 2987 2931 3053 Deus,
2952 3002 2999 3045 et
3023 3004 3273 3047 evertetur
3300 2997 3363 3049 ab
3388 2998 3465 3050 ira
3498 2998 3686 3066 furoris
3721 2999 3817 3063 sui,
3854 3010 3898 3053 et
3933 3019 4030 3056 non

2462 3075 2769 3142 peribimus?
2794 3078 2859 3132 Et
2885 3082 3007 3135 vidit
3034 3083 3171 3137 Deus
3201 3101 3353 3153 Opera
3373 3105 3562 3152 eorum,
3594 3091 3730 3158 quod
3764 3095 3924 3145 aversi
3950 3111 4027 3147 es-

2461 3175 2567 3218 sent
2594 3185 2623 3219 α
2652 3169 2743 3222 viis
2769 3171 2876 3224 suis
2911 3173 3075 3226 malis.
3112 3173 3173 3226 Et
3199 3177 3427 3243 paenituit
3461 3177 3595 3231 Deus
3634 3196 3785 3247 super
3814 3184 4026 3249 malitia,

2459 3274 2609 3326 quam
2654 3261 2850 3315 dixerat
2924 3280 2979 3318 se
3035 3265 3331 3335 facturum,
3383 3277 3431 3322 et
3483 3284 3585 3322 non
3626 3270 3749 3339 fecit
3784 3269 3945 3339 (Ibid.
3983 3273 4038 3329 9.

2462 3350 2573 3421 10).
2592 3352 2743 3417 Quod
2763 3355 2807 3407 si
2824 3354 3065 3410 homines
3091 3359 3295 3414 barbari
3318 3371 3371 3414 et
3392 3361 3583 3416 indocti
3616 3372 3813 3417 tantum
3839 3375 4024 3432 potue-

2459 3452 2582 3495 runt
2616 3443 2941 3514 intelligere,
2970 3449 3137 3502 multo
3165 3452 3330 3519 magis
3361 3467 3457 3506 nos
3501 3454 3551 3507 id
3583 3453 3759 3509 facere
3793 3466 4025 3524 oportet,

2458 3534 2547 3601 qui
2576 3535 2767 3591 divinis
2797 3538 3127 3608 dogmatibus
3162 3544 3350 3597 eruditi
3393 3559 3597 3609 sumus,
3639 3556 3691 3601 et
3718 3548 3880 3601 multa
3924 3548 3995 3602 bu

2452 3624 2686 3692 jusmodi
2716 3630 2958 3697 exempla
2992 3642 3093 3683 tam
3128 3633 3299 3688 verbis
3335 3650 3492 3702 quam
3520 3636 3769 3702 operibus
3794 3636 4026 3691 exhibita

2457 3716 2704 3772 vidimus.
2735 3717 2856 3773 Non
2877 3722 3026 3785 enim,
3047 3723 3229 3791 inquit,
3252 3735 3369 3778 sunt
3390 3724 3599 3779 consilia
3627 3742 3736 3779 mea
3752 3728 3880 3780 sicut
3901 3744 4022 3782 con-

2456 3806 2571 3857 silia
2598 3816 2781 3873 vestra,
2813 3826 2966 3879 neque
2992 3812 3083 3864 vite
3111 3828 3236 3865 nth
3258 3814 3383 3865 sicut
3412 3814 3504 3866 vite
3525 3823 3700 3867 vestrm
3715 3831 3734 3878 ;
3753 3816 3842 3869 sed
3865 3833 4025 3887 quan-

2458 3905 2564 3948 tum
2601 3898 2753 3951 distat
2789 3902 2965 3953 etclam
2989 3919 3021 3954 a
3059 3913 3223 3967 terra,
3257 3912 3451 3955 tantum
3479 3902 3666 3956 distant
3703 3906 4023 3975 cogitationes

2456 4003 2579 4041 mete
2622 4004 2654 4041 a
2696 3991 2996 4058 cogitatione
3034 4003 3226 4057 vestra,
3271 4002 3318 4045 et
3356 3992 3564 4045 consilia
3584 4009 3693 4047 mea
3729 4011 3761 4046 a
3803 3996 4023 4049 consiliis

2454 4080 2625 4132 vestris
2668 4079 2816 4151 (lsai.
2846 4083 2931 4137 55.
2964 4083 3017 4137 8.
3050 4082 3129 4150 9).
3167 4082 3220 4136 Si
3262 4097 3397 4136 vero
3433 4080 3661 4138 famulos
3693 4095 3902 4141 nostros
3929 4088 4017 4157 qni

2454 4184 2595 4239 sche
2608 4171 2943 4241 deliquerint,
2968 4190 3087 4227 cum
3118 4175 3427 4241 promittunt
3447 4188 3505 4228 se
3527 4176 3771 4232 meliores
3799 4178 4018 4244 futuros,

2455 4263 2851 4320 etadmittimus
2877 4276 2930 4321 et
2968 4267 3020 4320 in
3067 4267 3341 4334 pristinum
3372 4266 3625 4322 honorem
3656 4272 3983 4326 restituimus
4002 4312 4017 4334 ,

2454 4355 2560 4409 imo
2589 4355 2891 4426 frequenter
2919 4360 3173 4426 majorem
3206 4357 3333 4426 ipsis
3361 4357 3603 4413 fiduciam
3624 4360 3832 4429 damus,
3858 4363 4020 4416 multo

2453 4446 2622 4515 magis
2650 4446 2700 4501 id
2721 4446 2955 4500 facturus
2983 4448 3067 4501 ille
3092 4459 3191 4501 εει.
3216 4446 3344 4499 Nam
3375 4448 3417 4501 si
3453 4449 3571 4503 ideo
3601 4465 3709 4505 nos
3727 4450 3937 4507 fecisset
3964 4462 4020 4505 ut

2452 4535 2712 4603 supplicio
2743 4535 3015 4598 afliceret,
3040 4534 3162 4603 jure
3199 4534 3556 4604 desponderes
3597 4540 3829 4594 animum
3856 4556 3916 4595 ac
3955 4541 4020 4593 de

2452 4623 2622 4681 salute
2648 4633 2733 4677 tua
2761 4624 3031 4679 dubitares
3060 4641 3075 4677 :
3105 4625 3149 4679 si
3183 4641 3310 4679 vero
3338 4642 3443 4681 non
3463 4629 3561 4683 alia
3584 4629 3650 4684 de
3677 4645 3834 4685 causa
3861 4646 4018 4699 quam

2454 4711 2692 4767 bonitate
2711 4726 2803 4767 sua
2826 4722 3020 4781 motus,
3050 4730 3145 4769 nos
3165 4718 3443 4784 creaverit,
3473 4728 3526 4773 ut
3549 4720 3763 4775 aeternis
3787 4720 4021 4773 fruamur

2454 4803 2630 4870 bonis,
2675 4814 2834 4875 atque
2874 4806 2997 4861 ideo
3036 4808 3211 4862 omnia
3255 4810 3362 4879 agit
3406 4822 3460 4865 et
3487 4821 3738 4881 Operatur
3778 4824 3809 4863 a
3851 4809 4018 4876 prima

2454 4911 2619 4965 usque
2651 4896 2716 4950 ad
2746 4907 3060 4966 praesentem
3091 4898 3254 4965 diem,
3284 4900 3411 4970 quid
3453 4917 3550 4955 nos
3578 4901 3642 4953 ad
3669 4914 3785 4954 eam
3817 4898 4021 4951 dubita-

2453 4987 2648 5041 tionem
2696 4987 2967 5057 impellat?
3013 4988 3164 5045 lllum
3208 4990 3553 5047 vehementer
3594 4987 3927 5052 offendimus,
3968 4998 4021 5041 et

2448 5089 2701 5150 quantum
2744 5079 2878 5135 alius
2900 5083 3093 5137 nemo?
3118 5093 3172 5137 at
3193 5084 3320 5138 ideo
3361 5083 3590 5138 maxime
3613 5095 3641 5133 a
3668 5079 4018 5147 prtesentibos

2447 5170 2704 5224 absistere
2737 5182 2964 5240 oportet,
2987 5184 3041 5230 et
3070 5176 3432 5245 pcenitentiam
3467 5173 3534 5227 de
3561 5170 3837 5239 prmteritis
3861 5186 4019 5240 agere

2450 5277 2799 5331 magnamque
2839 5267 3183 5322 mutationem
3231 5265 3500 5320 exhibere.
3548 5260 3728 5329 Neque
3753 5260 3893 5315 enim
3932 5278 4017 5329 ea,

2449 5367 2568 5420 qua:
2608 5363 2912 5421 perpetrare
2936 5358 3049 5412 ausi
3089 5372 3294 5421 sumus,
3318 5355 3464 5408 illum
3508 5352 3551 5413 ‘,
3573 5360 3675 5403 tam
3703 5356 4016 5421 possuntir-

2450 5442 2631 5507 ritare,
2663 5458 2818 5512 quam
2840 5447 2978 5515 quod
3008 5448 3240 5502 nolimus
3268 5444 3481 5497 demum
3518 5440 3852 5509 resipiscere.
3887 5444 4014 5501 Nam

2452 5548 2673 5602 peccare
2695 5536 2930 5605 quidem,
2956 5538 3242 5594 humanum
3280 5543 3397 5599 est;
3426 5540 3480 5587 at
3509 5532 3558 5587 in
3588 5536 3817 5602 peccatis
3843 5552 4011 5607 per»

2518 5858 2532 5928 ξ
2567 5860 2775 5928 Quidam,
2802 5859 3007 5921 aliquem
3030 5858 3091 5928 de
3113 5870 3162 5907 se
3185 5857 3286 5928 ipso
3303 5864 3351 5928 ct
3366 5861 3433 5928 de
3452 5860 3546 5912 alio
3563 5864 3833 5928 desperare.

2517 5923 2534 5951 ³
2570 5925 2614 5965 1η
2633 5918 2771 5973 δθνὶιζ
2797 5930 2848 5970 et
2871 5918 2966 5968 uno
2986 5918 3149 5970 codice
3174 5918 3331 5982 deest,
3358 5920 3509 5984 illum,
3538 5934 3586 5975 et
3613 5918 3731 5978 infra
3755 5938 3878 5992 post,
3902 5944 3985 5990 pas

2456 5992 2576 6039 sunt,
2606 5984 2837 6047 adjicitur,
2867 5991 3031 6033 Deum.
