4506 6712
460 550 557 610 5M

458 681 666 732 vetare,
699 664 747 719 id
776 681 879 721 nou
903 665 1191 720 humanum
1222 669 1322 725 est,
1352 659 1445 715 scd
1473 657 1692 712 omnino
1714 654 2032 708 satanicum.

461 758 861 814 Animadvertas
890 757 1029 811 enim
1059 750 1326 821 quomodo
1349 766 1439 819 per
1460 746 1771 818 prophetam
1798 744 1895 797 hoc
1919 742 2036 811 plus

459 867 615 923 quam
647 851 773 905 illud
810 843 1165 918 reprehendat
1201 842 1343 897 Deus
1377 860 1388 895 :
1420 841 1487 893 Et
1518 838 1645 902 dixi,
1680 836 1864 905 inquit,
1891 842 2033 902 post-

456 962 606 1015 quam
634 944 878 1008 fornicata
906 946 979 990 est
1002 934 1081 987 Itis
1106 936 1348 995 omnibus,
1374 931 1442 985 ad
1476 944 1555 982 me
1573 937 1830 991 reuertere,
1859 937 1904 977 et
1933 939 2033 976 non

456 1014 651 1090 reversa
690 1041 761 1086 est
804 1028 935 1096 (Jer.
978 1026 1033 1079 ὅ.
1075 1026 1149 1094 7).
1182 1025 1250 1079 Et
1283 1023 1407 1077 alibi
1446 1032 1657 1074 rursum
1693 1024 1751 1070 ut
1788 1014 2037 1069 ostendat

457 1146 614 1200 quam
641 1134 938 1195 propensus
979 1117 1045 1170 sit
1083 1117 1147 1170 ad
1191 1124 1429 1170 nostram
1472 1109 1717 1172 salutem,
1745 1107 1867 1176 quia
1915 1111 2037 1174 post

458 1221 621 1273 multa
644 1215 834 1269 delicta
854 1210 1202 1278 promiserant
1220 1223 1277 1261 se
1294 1209 1440 1259 recta
1459 1201 1545 1254 via
1569 1199 1888 1260 incessuras,
1911 1209 2033 1249 cum

459 1312 508 1363 il
540 1306 794 1365 audisset,
829 1300 903 1353 ait
932 1317 944 1353 :
972 1298 1094 1363 Quis
1120 1297 1255 1350 dabit
1286 1304 1340 1347 ut
1369 1293 1442 1345 ita
1465 1289 1565 1343 sint
1593 1289 1745 1342 corda
1770 1300 1941 1339 eorum
1981 1284 2034 1335 in

458 1399 579 1465 ipsis
608 1404 661 1446 ut
691 1393 891 1443 timeant
909 1406 1004 1454 me,
1032 1398 1077 1442 et
1104 1385 1391 1441 custodiant
1414 1377 1653 1432 mandata
1672 1394 1781 1430 mea
1803 1374 2034 1428 omnibus

460 1490 635 1541 diebus
659 1486 783 1546 suis,
812 1491 866 1534 ut
907 1485 1027 1535 bene
1056 1480 1121 1532 sit
1147 1479 1216 1531 eis
1260 1484 1306 1528 et
1351 1472 1471 1539 ﬁliis
1503 1486 1673 1524 eorum
1704 1468 1754 1520 in
1791 1463 2035 1519 swculum

460 1578 636 1648 (Deut.
662 1575 713 1629 5.
742 1573 871 1643 29)?
903 1573 967 1626 Et
992 1570 1198 1639 M~:yses
1224 1567 1368 1633 ipsos
1396 1561 1718 1630 compellans
1747 1556 1863 1608 haec
1894 1553 2036 1605 dice-

461 1645 591 1720 bat:
629 1665 689 1717 Et
718 1680 866 1723 nunc,
912 1661 1094 1717 Israel,
1142 1655 1263 1724 quid
1304 1652 1551 1705 Dominus
1580 1649 1716 1703 Deus
1755 1645 1878 1716 petit
1909 1659 1939 1695 α
1967 1653 2032 1704 te,

462 1757 559 1808 nisi
587 1765 638 1806 ut
660 1757 830 1807 timeas
860 1750 1132 1804 Dominum
1159 1744 1321 1797 Deum
1343 1752 1499 1805 tuum,
1524 1750 1570 1794 et
1596 1736 1820 1791 ambules
1849 1735 1901 1785 in
1928 1750 2038 1784 om-

462 1846 605 1898 nibus
632 1845 720 1897 uiis
750 1845 879 1912 ejus,
904 1849 953 1893 et
979 1838 1103 1906 dilig
1124 1852 1161 1887 :s
1188 1835 1354 1902 ipsum
1382 1830 1557 1903 (Deut.
1596 1829 1683 1882 10.
1710 1827 1841 1895 l2)?
1870 1824 2032 1893 igitur

461 1936 548 2004 qui
582 1934 781 2001 echlil.
810 1947 837 1982 a
872 1928 1024 1981 nobis
1052 1924 1259 1988 amari,
1296 1930 1350 1976 et
1386 1928 1602 1990 prepter
1638 1917 1739 1972 boc
1768 1914 1899 1969 nihil
1929 1927 2033 1966 non

460 2030 583 2094 agit.
605 2028 693 2096 qui
734 2040 801 2078 ne
839 2022 946 2076 ﬁlio
986 2018 1200 2088 quidem
1246 2029 1344 2069 suo
1370 2014 1438 2067 ob
1477 2024 1712 2065 amorem
1744 2004 1911 2062 nostri
1944 2019 2035 2072 pe—

463 2121 647 2188 percit,
677 2133 740 2171 ac
764 2113 951 2185 quovis
976 2123 1215 2179 tempore
1240 2114 1301 2161 ut
1335 2119 1454 2158 cum
1479 2104 1569 2157 illo
1604 2100 2030 2159 reconciliemur.

462 2187 572 2265 rem
603 2209 703 2264 sibi
733 2204 1116 2276 optatissimam
1140 2198 1321 2260 habet,
1348 2197 1438 2264 qui
1464 2194 1574 2247 lieri
1594 2192 1763 2261 possit
1784 2199 1839 2241 ut
1866 2187 2036 2257 ι)ωηὶ-

462 2310 632 2355 tentes
675 2315 779 2350 non
820 2295 1061 2348 admittat
1105 2300 1160 2347 et
1198 2284 1571 2357 amplexetur?
1612 2281 1749 2336 Audi
1789 2280 1913 2350 quid
1942 2294 2037 2348 per

463 2391 776 2460 prephetam
805 2386 976 2439 dicat:
1002 2383 1095 2435 Dic
1126 2391 1199 2444 tu,
1229 2381 1321 2443 ait,
1347 2375 1634 2446 iniquitates
1672 2382 1784 2424 tuas
1810 2370 1949 2439 prior
1994 2370 2037 2433 ‘,

462 2494 515 2536 ut
546 2479 842 2552 justi/icert's
864 2475 1013 2547 (lsai.
1057 2475 1144 2527 4⁵5.
1172 2471 1284 2540 ‘26).
1328 2469 1381 2523 ld
1425 2482 1575 2531 vero,
1604 2479 1711 2534 quo
1740 2462 2038 2515 vehementi

466 2574 519 2627 in
541 2550 662 2627 eunt
699 2583 880 2621 auiore
908 2566 1212 2633 flagremus,
1242 2558 1441 2627 expetit
1472 2574 1501 2611 a
1530 2556 1705 2611 nobis.
1733 2553 1865 2605 Cum
1896 2550 2037 2605 enim

464 2666 511 2718 is
532 2662 619 2733 qui
643 2670 785 2713 atnat
804 2700 818 2721 ,
850 2658 917 2709 ab
945 2655 1009 2709 iis
1036 2654 1126 2724 qui
1150 2659 1394 2706 amantur
1415 2646 1753 2704 contumeliis
1782 2642 2001 2698 allectus
2020 2682 2035 2706 ,

464 2772 570 2810 non
596 2765 767 2808 tamen
798 2746 1090 2816 exstinguit
1111 2758 1345 2798 amorem
1369 2758 1383 2805 ;
1412 2756 1517 2794 non
1555 2739 1654 2791 alia
1682 2736 1750 2791 de
1784 2748 1944 2789 eausa
1973 2732 2036 2785 il-

464 2848 594 2899 latas
623 2839 971 2896 contumelias
997 2837 1050 2890 in
1082 2834 1310 2889 medium
1345 2831 1521 2884 afferri
1563 2828 1771 2892 Studet,
1799 2839 1955 2894 quam
1982 2832 2039 2879 ut

464 2937 849 2995 vehementiam
879 2932 1079 2986 amoris
1108 2930 1189 2984 sui
1214 2928 1515 2992 declarans,
1539 2925 1605 2979 ad
1635 2924 1919 2977 arctiorem
1944 2934 2039 2974 eos

463 3044 516 3087 ct
545 3032 796 3100 majorem
819 3024 1153 3081 dilectionem
1180 3020 1471 3091 pertrahat.
1498 3018 1552 3072 Si
1577 3024 1754 3070 autem
1774 3011 2040 3067 confessio

467 3130 798 3191 peccatorum
829 3124 1027 3169 tantum
1048 3113 1206 3168 affert
1234 3111 1432 3174 solatii,
1461 3108 1628 3162 multo
1655 3106 1825 3175 majus
1855 3103 2043 3157 alleret

464 3229 646 3267 eorum
670 3226 764 3283 per
788 3210 920 3262 bona
941 3220 1102 3276 opera
1123 3203 1343 3258 ablutio.
1363 3200 1635 3272 Siquidem
1664 3199 1763 3253 nisi
1786 3199 1855 3251 ita
1878 3203 2040 3262 esset,

466 3306 560 3361 sed
590 3303 752 3358 semel
781 3300 982 3355 aversis
1014 3313 1043 3351 a
1074 3304 1219 3351 recta
1251 3296 1335 3349 via
1364 3293 1429 3347 ad
1459 3292 1679 3363 pristina
1707 3289 1932 3344 reditum
1957 3286 2039 3340 in-

470 3393 811 3452 tercluderet,
853 3403 1009 3443 nemo
1050 3386 1223 3456 plane,
1270 3384 1373 3439 nisi
1419 3383 1557 3437 forte
1598 3377 1899 3451 paucissimi
1942 3392 2037 3431 nu-

467 3502 637 3551 mero,
674 3485 727 3539 itt
757 3496 977 3551 regnum
1006 3479 1254 3534 czelorum
1281 3474 1683 3546 ingrederetur;
1714 3470 1859 3541 atqui
1905 3484 2041 3538 pra:-

464 3578 721 3632 elariorcs
747 3574 907 3628 fuisse
942 3585 1034 3627 eos
1063 3570 1410 3639 reperiemus,
1438 3566 1525 3636 qui
1571 3565 1715 3633 prius
1746 3560 1884 3631 lapsi
1931 3560 2047 3614 fue-

469 3678 607 3724 rant.
637 3667 735 3735 Qui
763 3666 905 3722 enim
930 3677 1175 3733 magnam
1205 3660 1259 3714 in
1289 3658 1441 3713 malis
1468 3656 1717 3725 operibus
1745 3652 2040 3706 vehemen-

470 3761 595 3813 tiam
635 3756 1006 3818 adhibuerant,
1044 3750 1288 3807 eamdem
1328 3756 1510 3818 postea
1551 3746 1605 3799 in
1643 3741 1799 3798 bonis
1822 3739 2043 3809 agendis

469 3849 825 3910 exhibebunt,
857 3854 1040 3915 utpote
1078 3844 1169 3913 qui
1208 3843 1379 3897 sciant
1417 3839 1629 3911 quantis
1669 3836 1776 3890 sint
1806 3831 2044 3887 obstricti

471 3942 664 3997 debitis
691 3958 705 3994 :
737 3937 875 4008 quod
904 3945 959 3990 ct
981 3935 1223 3989 Christus
1252 3932 1563 3994 declaravit,
1592 3927 1805 3999 quando
1842 3923 2047 3979 Simoni

472 4036 613 4091 circa
640 4032 916 4087 mulierem
958 4027 1313 4097 loquebatur:
1348 4025 1519 4089 Vides,
1550 4023 1654 4086 ait,
1699 4022 1831 4074 hanc
1867 4018 2050 4072 mulie-

474 4126 619 4181 rem?
642 4122 839 4178 Intraui
863 4121 916 4173 in
942 4120 1147 4172 domum
1178 4128 1337 4179 tuam,
1361 4130 1544 4183 aquam
1567 4112 1775 4183 pedibus
1807 4111 1929 4164 meis
1951 4125 2053 4162 non

478 4216 659 4271 dedisti
692 4230 711 4268 :
739 4214 844 4267 lucc
869 4220 1032 4263 autem
1058 4206 1290 4277 lacrytnis
1314 4205 1493 4273 rigavit
1521 4202 1672 4270 pedes
1701 4216 1856 4263 meos,
1891 4209 1938 4253 et
1967 4214 2055 4250 ca-

480 4308 617 4378 pillis
636 4306 740 4360 suis
770 4303 928 4357 tersit.
954 4300 1197 4354 Osculum
1223 4296 1344 4349 mihi
1369 4311 1469 4347 non
1499 4292 1680 4345 dedisti
1700 4306 1718 4355 ;
1740 4291 1847 4342 [nec
1882 4298 2051 4341 autem

480 4376 541 4452 ex
565 4413 662 4465 quo
694 4393 895 4455 intravi,
925 4408 1026 4443 non
1059 4387 1267 4442 cessavit
1305 4382 1523 4439 osculari
1553 4381 1701 4451 pedes
1742 4395 1894 4433 meos.
1927 4376 2049 4428 Oleo

481 4494 629 4556 caput
661 4500 823 4535 meum
859 4498 956 4533 non
995 4480 1183 4532 unxisti
1220 4494 1238 4530 :
1274 4478 1379 4529 [nec
1416 4484 1581 4526 autem
1619 4478 1870 4539 unguento
1910 4466 2052 4519 unxit

482 4578 629 4649 pedes
656 4590 811 4627 ansas.
840 4570 1057 4639 Propter
1084 4568 1220 4638 quod
1244 4569 1356 4620 dico
1387 4566 1494 4627 tibi,
1530 4565 1846 4617 remittuntur
1868 4558 1911 4610 ei
1939 4572 2053 4625 pec-

483 4678 595 4721 cato
623 4681 715 4719 sua
755 4662 933 4724 multa,
961 4660 1079 4727 quia
1107 4658 1281 4709 dilexit
1312 4655 1548 4706 multant.
1575 4652 1669 4704 Cui
1701 4660 1865 4701 autem
1893 4647 2058 4697 minus

484 4757 768 4817 dimittitur,
789 4752 954 4804 minus
979 4747 1164 4817 diligit.
1194 4744 1335 4797 Dixit
1356 4753 1523 4794 autem
1549 4742 1615 4792 ad
1644 4740 1789 4791 illam
1819 4754 1838 4790 :
1870 4736 2058 4788 lietnit-

452 4828 459 4837 ’
484 4859 658 4904 tantur
682 4845 765 4898 tibi
796 4849 996 4914 peccata
1028 4837 1173 4909 (Luc.
1206 4835 1257 4888 7.
1284 4833 1497 4901 4448).

556 4940 644 4994 16.
678 4936 879 4991 Idcirco
904 4929 1145 4987 diabolus
1175 4940 1370 4996 gnarus
1398 4939 1511 4985 eos,
1538 4921 1626 4987 qui
1659 4918 1887 4987 iugentia
1919 4916 2055 4969 mala

492 5034 877 5100 perpetrarunt,
898 5023 984 5078 ubi
1004 5021 1226 5090 primum
1238 5013 1491 5079 cit-perint
1509 5010 1786 5079 prenitere,
1804 5007 1855 5060 id
1871 5021 2061 5075 magno

488 5099 660 5179 studio
675 5133 852 5189 agere,
867 5125 1049 5184 utpote
1065 5110 1307 5167 conscios
1323 5105 1638 5159 delictorum
1656 5114 1893 5163 suorum,
1914 5099 2065 5150 timet

489 5223 544 5269 et
574 5210 821 5267 formidat
851 5222 918 5261 ne
945 5205 1159 5274 quando
1201 5215 1311 5254 rem
1341 5194 1701 5251 exordiantur.
1740 5190 1870 5243 Nam
1912 5195 2058 5255 post~

487 5319 645 5372 quam
679 5298 963 5369 coeperint,
995 5290 1255 5345 contineri
1293 5290 1427 5342 ultra
1456 5289 1755 5352 nequeunt,
1791 5290 1854 5329 ac
1896 5274 2067 5343 paeni-

489 5395 651 5450 tentia
678 5393 824 5461 quasi
852 5392 969 5460 igne
994 5384 1258 5449 succensi,
1283 5396 1413 5434 auro
1440 5392 1569 5447 puro
1599 5374 1836 5444 puriores
1864 5368 2067 5420 animas

491 5501 614 5542 suas
640 5485 897 5549 efﬁciunt,
928 5477 1248 5536 conscientia
1290 5486 1483 5539 nempe
1507 5484 1569 5522 ac
1596 5462 1851 5521 memoria
1879 5472 2069 5529 pecca-

494 5591 667 5633 torum
711 5589 927 5628 suorum
966 5571 1116 5642 quasi
1166 5572 1325 5619 vento
1368 5560 1597 5631 quodam
1646 5554 1973 5611 validissimo
2017 5550 2068 5602 in

495 5668 700 5726 virtutis
725 5666 747 5697 ¹
778 5670 987 5734 portum
1032 5658 1263 5731 impulsi.
1297 5657 1473 5723 anue
1516 5650 1567 5703 in
1614 5663 1673 5702 re
1713 5652 1962 5716 prmstant
2010 5642 2073 5695 iis

563 5825 579 5855 ε
614 5829 731 5867 1res
766 5821 855 5863 Mss
878 5848 891 5871 ,
921 5808 1079 5861 [rictu
1117 5808 1327 5871 primunt
1369 5798 1638 5871 iniquitates
1661 5801 1782 5845 tuas.
1820 5794 1891 5842 sic
1928 5792 2073 5839 etiam

498 5866 661 5935 savil..
684 5877 772 5927 sed
798 5866 902 5937 pro,
925 5866 1159 5937 primum,
1188 5870 1354 5937 habet:
1378 5866 1526 5937 prior.
1658 5917 1723 5937 Ἠ

965 5918 1088 5990 ἰθέα),
1114 5918 1315 5987 t'it'ttttis,
1337 5918 1533 5987 habent,
1561 5918 1785 5984 aptttltitt'.

1620 543 1712 596 AD
1750 538 2168 597 TllEODOBUll
2205 540 2498 597 LAPSUM.
2542 541 2582 595 l.

3623 549 3726 605 502

2143 656 2231 723 qui
2263 672 2551 726 numquam
2572 659 2899 722 ceciderunt,
2922 662 3061 730 quod
3083 662 3283 732 majore
3300 674 3514 719 utantur
3533 669 3724 723 alacri-

2140 754 2269 811 tate,
2297 749 2339 801 si
2365 759 2586 813 tantum,
2620 761 2673 805 ut
2695 753 2804 818 jam
2834 753 2963 819 dixi,
2988 771 3098 809 rem
3133 759 3525 826 aggrediantur.

2211 838 2526 896 Paznitentitz
2545 842 2739 895 initium
2761 844 3000 911 arduum,
3021 859 3199 900 cratera
3220 848 3451 918 deinceps
3470 850 3721 918 faciliora.

2136 957 2207 969 --
2229 929 2361 983 Nam
2390 932 2493 984 hoc
2517 946 2651 999 Opus
2670 974 2682 995 ,
2715 935 2801 989 hic
2829 936 2978 990 labor
3002 948 3082 990 est
3104 979 3118 1003 ,
3154 954 3306 1006 posse
3328 941 3599 994 introitum
3632 958 3724 1009 pe-

2138 1030 2271 1086 tere,
2296 1038 2358 1077 ac
2381 1022 2638 1078 vestibula
2663 1026 2984 1093 paenitentia
3001 1032 3323 1099 contingere,
3346 1032 3725 1102 inimicumque

2140 1113 2359 1166 multum
2390 1113 2678 1182 spirantem
2708 1126 2762 1170 et
2787 1118 3073 1172 instantem
3114 1120 3380 1187 depellere
3408 1134 3567 1192 atque
3595 1138 3724 1192 pro-

2138 1212 2397 1260 sternere.
2424 1205 2626 1261 Deinde
2656 1223 2779 1262 vero
2810 1226 2913 1263 non
2944 1220 3146 1263 tantum
3175 1212 3267 1267 ille
3299 1213 3531 1269 furorem
3572 1216 3727 1269 exhi-

2139 1292 2301 1358 bebit,
2330 1295 2495 1350 semel
2521 1308 2799 1365 superatus
2828 1308 2882 1353 et
2904 1315 3005 1369 qua
3032 1311 3179 1369 parte
3207 1302 3395 1357 fortior
3423 1314 3537 1359 erat
3579 1305 3728 1375 deje.

2138 1395 2282 1438 ctus:
2302 1403 2400 1442 nos
2427 1398 2603 1443 autem
2630 1390 2897 1446 alacritate
2926 1403 3191 1462 resumpta
3212 1395 3430 1464 majore,
3450 1398 3724 1465 pulchrum

2141 1473 2243 1530 boc
2271 1478 2494 1533 stadium
2526 1479 2773 1535 facillime
2797 1483 3164 1539 decurramus.
3210 1486 3596 1554 Aggrediamur
3625 1488 3727 1540 ita-

2140 1582 2245 1635 que
2271 1569 2496 1624 reditum
2522 1612 2536 1633 ,
2587 1586 2925 1626 recurramus
2954 1575 3005 1626 in
3044 1576 3313 1630 civitatem
3359 1578 3629 1632 catiostem
3670 1579 3724 1632 in

2140 1672 2296 1725 quam
2325 1659 2596 1729 adscripti,
2631 1663 2716 1716 ubi
2739 1662 2933 1731 degere
2958 1664 3090 1731 jussi
3112 1680 3311 1718 sumus.
3334 1666 3464 1721 Nam
3487 1668 3553 1722 de
3574 1668 3726 1722 nobis

2142 1748 2270 1815 ipsis
2300 1748 2585 1817 desperare
2615 1770 2717 1805 non
2764 1753 2815 1807 id
2841 1754 3014 1806 solum
3042 1753 3196 1811 affert
3239 1756 3361 1810 mali
3386 1797 3402 1823 ,
3444 1760 3581 1827 quod
3612 1761 3729 1826 ejus

2141 1838 2287 1892 urbis
2316 1848 2495 1906 portas
2526 1841 2677 1894 nobis
2702 1843 3046 1909 intercludat,
3080 1860 3179 1899 nec
3216 1845 3359 1915 quod
3385 1847 3437 1900 in
3468 1848 3723 1914 majorem

2138 1929 2418 1997 segnitiem
2450 1938 2505 1984 et
2532 1942 2893 2000 contemptum
2921 1934 3179 2001 deducat,
3203 1937 3294 1991 sed
3325 1936 3467 2005 quod
3500 1937 3551 1991 in
3583 1936 3723 1991 furo-

2138 2035 2250 2073 rem
2280 2036 2379 2076 nos
2412 2023 2708 2076 satanicum
2739 2024 2972 2092 dejieiat.
3004 2026 3206 2079 Etenim
3233 2028 3474 2082 diabolus
3500 2045 3602 2082 non
3626 2030 3725 2082 alia

2140 2110 2207 2163 de
2234 2126 2392 2165 causa
2416 2112 2536 2166 talis
2566 2115 2734 2167 evasit
2761 2156 2776 2179 ,
2812 2130 2969 2183 quam
3000 2117 3121 2185 quia
3150 2132 3377 2185 primum
3408 2118 3725 2188 desperavit,

2140 2200 2458 2272 domumque
2487 2220 2553 2258 ex
2580 2204 2953 2273 desperatione
2997 2206 3049 2259 in
3079 2208 3337 2262 insaniam
3380 2208 3595 2264 decidit.
3628 2210 3727 2265 Ubi

2145 2296 2369 2363 primum
2390 2297 2532 2349 enim
2578 2298 2755 2350 anima
2804 2311 2953 2364 spem
3002 2300 3189 2352 salutis
3226 2300 3440 2364 amisit,
3471 2316 3541 2355 ne
3569 2303 3730 2355 sentit

2143 2383 2355 2451 quidem
2382 2385 2607 2452 amplius
2637 2401 2743 2455 quo
2773 2395 2930 2455 pacto
2966 2400 3205 2455 praeceps
3234 2397 3437 2456 agatur,
3467 2398 3519 2443 et
3546 2390 3725 2444 omnia

2144 2485 2328 2528 contra
2383 2477 2607 2530 salutem
2657 2479 2923 2546 propriam
2969 2478 3158 2547 agitet
3188 2478 3336 2533 dicit.
3364 2480 3445 2535 Ac
3471 2481 3729 2550 quemad-

2146 2566 2361 2618 modum
2392 2565 2576 2621 furiosi
2609 2567 2695 2621 ubi
2746 2568 2911 2621 semel
2936 2583 2965 2621 a
2995 2582 3124 2622 sana
3169 2579 3347 2624 mente
3393 2570 3732 2638 exciderunt,

2142 2657 2275 2710 nihil
2300 2658 2483 2711 timent
2507 2698 2523 2722 ,
2576 2657 2723 2711 nullo
2744 2656 2946 2727 pudore
2974 2666 3219 2712 tenentur
3244 2701 3256 2723 ,
3287 2659 3381 2715 sed
3402 2661 3517 2715 sine
3547 2661 3728 2717 formio

2140 2746 2265 2801 diue
2293 2748 2467 2799 omnia
2512 2746 2775 2814 audcnt’,
2795 2762 2904 2802 nec
2949 2748 3123 2815 ignem
3170 2764 3268 2803 nec
3290 2765 3435 2803 mare
3463 2766 3562 2805 nec
3598 2767 3732 2820 pra:-

2141 2840 2317 2907 eipitia
2345 2839 2490 2893 adire
2518 2841 2933 2907 pertimescunt;
2963 2840 3039 2894 sic
3069 2848 3126 2895 et
3161 2842 3192 2893 ii
3224 2842 3311 2907 qui
3340 2841 3729 2911 desperationis

2142 2930 2360 2983 vesania
2403 2930 2631 2998 correpti
2677 2939 2839 2992 sunt,
2886 2930 3244 2983 intolerabiles
3270 2932 3461 2985 deinde
3490 2933 3541 2985 in
3572 2948 3737 2987 omne

2145 3021 2405 3073 malorum
2432 3035 2600 3088 genus
2626 3021 2948 3081 decurrunt;
2977 3029 3030 3073 et
3058 3021 3156 3073 nisi
3202 3036 3349 3074 mers
3372 3037 3467 3075 eos
3491 3023 3559 3075 ah
3589 3025 3730 3075 insa-

2147 3111 2231 3165 nia
2257 3120 2313 3165 et
2340 3112 2538 3181 impetu
2586 3120 2869 3175 coerceat,
2916 3111 3192 3164 innumera
3239 3110 3338 3164 sibi
3382 3111 3510 3179 ipsis
3552 3112 3727 3177 gravia

2145 3209 2472 3269 perpetrant.
2498 3199 2672 3268 Quare
2700 3199 2941 3260 obsecro.
2970 3207 3252 3267 antequam
3276 3200 3343 3252 ab
3361 3200 3446 3253 illa
3472 3199 3732 3253 ebrietate

2145 3292 2304 3346 altius
2330 3291 2678 3361 demergaris,
2710 3289 2995 3358 resipiscas
3022 3298 3075 3343 et
3104 3290 3510 3357 expergiscaris.
3541 3288 3727 3341 diabo-

2145 3381 2407 3450 licamque
2445 3381 2588 3435 illam
2616 3378 2883 3449 crapulam
2930 3379 3202 3443 excutias;
3234 3379 3372 3447 quod
3402 3379 3444 3429 si
3474 3378 3523 3430 id
3555 3376 3734 3430 cenfc-

2147 3473 2269 3527 stim
2294 3488 2451 3541 agerc
2480 3488 2585 3526 non
2607 3472 2799 3542 possis,
2832 3470 3031 3525 sensim
3056 3478 3111 3523 et
3132 3469 3378 3537 paulatim
3403 3469 3582 3522 facias.
3608 3468 3732 3522 Mihi

2147 3573 2293 3617 certe
2316 3563 2470 3631 longe
2498 3561 2707 3615 facilius
2720 3562 2949 3625 videtur,
2993 3570 3049 3614 ut
3072 3560 3138 3614 ab
3162 3559 3407 3612 omnibus
3431 3559 3589 3613 simul
3615 3560 3731 3628 qui—

2148 3654 2247 3708 bus
2272 3653 2611 3721 complicaris
2641 3652 2850 3706 funibus
2879 3652 3203 3705 abstractum
3232 3660 3282 3705 te
3313 3636 3363 3704 iu
3407 3652 3733 3718 patuiteutia

2148 3747 2482 3815 gymnasium
2504 3745 2812 3798 transferas.
2836 3745 2888 3799 Si
2923 3753 3100 3797 tamen
3117 3744 3207 3797 tibi
3225 3743 3448 3797 arduum
3470 3743 3734 3809 videatur,

2150 3846 2211 3891 ut
2242 3838 2472 3891 volueris
2505 3839 2643 3891 viam
2667 3838 2735 3891 ad
2774 3837 2994 3892 meliora
3023 3836 3303 3890 ducentem
3331 3835 3491 3889 adeas
3511 3876 3526 3899 ,
3575 3835 3737 3889 modo

2154 3944 2265 3983 rem
2295 3928 2552 3997 suscipias
2572 3937 2625 3981 et
2643 3928 2884 3982 obtineas
2898 3927 3056 3979 vitam
3078 3936 3353 3979 mternam.
3382 3925 3551 3978 Etiam
3576 3934 3734 3993 atque

2154 4020 2314 4074 etiam
2340 4033 2469 4088 rogo
2488 4027 2545 4073 et
2567 4019 2790 4072 obsecro
2818 4033 2911 4085 per
2934 4017 3204 4085 pristinam
3234 4026 3375 4068 tuam
3399 4016 3741 4084 probitatem,

2156 4128 2252 4181 per
2279 4111 2522 4166 fiduciam
2547 4110 2710 4173 illam,
2734 4117 2785 4162 te
2801 4110 2991 4163 iterum
3018 4107 3288 4161 videamus
3309 4108 3359 4159 in
3385 4107 3474 4159 illo
3488 4108 3738 4168 culmine,

2159 4202 2209 4256 in
2236 4202 2323 4256 illa
2344 4202 2757 4269 perseverantia.
2775 4199 3026 4254 Miserere
3055 4200 3352 4266 corum,qni
3379 4208 3593 4266 pmpter
3616 4207 3666 4252 te
3689 4199 3740 4250 in

2155 4292 2527 4346 ollendiculum
2550 4292 2898 4360 impegcrunt,
2923 4291 3011 4358 qui
3036 4290 3171 4357 lapsi
3199 4300 3339 4354 sunt,
3366 4290 3447 4342 vel
3469 4292 3741 4358 segniores

2155 4383 2351 4445 effecti,
2384 4384 2472 4451 qui
2502 4383 2568 4436 de
2595 4382 2807 4435 virtutis
2828 4380 2907 4433 via
2936 4382 3305 4447 desperarunt.
3341 4380 3487 4432 Nunc
3525 4378 3737 4447 quidem

2158 4473 2367 4527 tristitia
2394 4472 2615 4525 fratrum
2642 4470 2864 4524 chorum
2888 4478 3112 4537 occupat
3132 4509 3145 4528 ,
3177 4468 3419 4537 voluptas
3467 4482 3641 4521 autem
3684 4478 3739 4522 ct

2162 4564 2339 4618 ltrtitia
2368 4562 2657 4616 infidelium
2686 4569 3005 4615 conventum
3025 4600 3038 4616 .
3070 4574 3168 4611 nec
3195 4572 3298 4610 non
3338 4558 3590 4624 jnvcnum
3631 4558 3742 4609 otio

2162 4657 2478 4712 deditorum.
2501 4655 2555 4709 Si
2577 4662 2751 4708 autem
2778 4653 2841 4706 ad
2863 4662 3161 4706 accuratam
3186 4651 3324 4703 illam
3343 4652 3464 4702 vita:
3484 4650 3740 4703 rationem

2163 4750 2421 4813 redieris,
2447 4746 2769 4802 contrarium
2797 4743 3026 4803 accidet,
3061 4750 3343 4809 nostraque
3380 4739 3665 4808 ignominia
3690 4739 3741 4791 in

2164 4841 2499 4895 adversarios
2548 4847 2654 4891 tota
2701 4838 2721 4868 ³
2759 4835 3132 4890 derivabitur:
3178 4847 3275 4884 nos
3320 4840 3496 4883 autem
3545 4829 3735 4883 ﬁducia

2169 4932 2330 4985 multa
2364 4929 2601 4983 instructi
2635 4927 2856 4987 erimus,
2890 4932 2941 4976 te
2978 4922 3163 4990 majori
3195 4921 3479 4990 splendore
3517 4935 3745 4975 corona-

2168 5033 2275 5076 tum
2333 5019 2783 5089 prmdicatumque
2826 5013 3089 5069 videntes.
3132 5012 3290 5066 Tales
3327 5013 3468 5066 enim
3514 5011 3745 5063 vietorim

2171 5115 2424 5184 majorem
2459 5112 2636 5165 ferunt
2662 5122 2707 5163 et
2739 5109 2961 5179 gloriam
2997 5117 3048 5161 el
3075 5106 3416 5172 voluptatem.
3461 5102 3572 5155 Non
3601 5103 3741 5155 enim

2174 5208 2427 5277 pncclare
2466 5214 2735 5273 gestorum
2779 5211 2977 5254 tantum
3024 5196 3322 5249 mercedem
3356 5193 3607 5263 recipies,
3655 5193 3746 5246 scd

2173 5301 2330 5353 etiam
2355 5298 2580 5352 aliorum
2602 5290 2979 5348 cohortationis
2999 5297 3053 5342 et
3075 5286 3473 5350 consolationis,
3496 5286 3549 5338 in
3570 5299 3747 5337 exem-

2174 5393 2317 5459 plmn
2357 5390 2697 5458 conspicuum
2735 5381 2973 5451 positus;
3023 5386 3085 5433 ut
3114 5377 3158 5431 si
3198 5377 3314 5445 quis
3344 5377 3393 5427 in
3426 5374 3565 5442 paria
3612 5373 3745 5424 mala

2173 5482 2471 5541 delabatur,
2515 5482 2756 5542 resurgat
2785 5473 2973 5525 iterum
3000 5512 3013 5533 ,
3042 5480 3094 5523 et
3121 5468 3184 5521 ad
3228 5466 3499 5519 meliorem
3546 5461 3745 5531 frugeir

2176 5590 2234 5628 se
2255 5573 2493 5641 recipiat.
2533 5568 2611 5622 Ne
2641 5574 2842 5621 tantum
2887 5563 3015 5617 lucri
3062 5569 3402 5620 contemnas,
3451 5572 3620 5625 neque
3663 5556 3730 5609 de

2243 5845 2259 5871 ί
2296 5836 2433 5886 savii.
2458 5842 2507 5882 et
2525 5834 2621 5881 duo
2641 5829 2747 5877 Cod.
2776 5831 2899 5887 post,
2922 5823 3119 5879 audent,
3146 5817 3341 5870 addunt,
3370 5820 3411 5861 ct
3433 5810 3612 5871 ﬁmum

2244 5906 2261 5934 ³
2298 5910 2344 5949 tu
2370 5894 2509 5946 savii.
2536 5894 2783 5943 omittitur,
2810 5894 2919 5935 tota.
