4506 6738
783 551 888 605 303

785 664 948 715 ducas
968 660 1166 712 auhnas
1187 663 1398 708 nostras
1424 666 1544 707 cum
1572 648 1780 703 tristitia
1806 647 1872 700 ad
1900 646 2117 710 inferos,
2150 643 2243 697 sed
2276 643 2358 696 fac

785 752 1106 817 respiremus
1128 788 1142 808 ,
1177 755 1231 802 et
1261 745 1506 799 nebulam
1533 741 1780 804 tristitiae,
1809 753 1928 807 qua:
1971 739 2044 790 tui
2079 747 2236 789 causa
2265 748 2362 787 nos

787 849 1026 907 occupat,
1048 838 1394 892 excutiamus.
1420 832 1570 886 Nunc
1595 829 1737 885 enim
1761 829 1972 883 damnis
1993 825 2188 881 nostris
2206 827 2361 877 omis-

782 933 877 992 sis,
901 932 1231 983 calamitates
1249 927 1585 996 deploramus
1615 931 1750 976 tuas.
1795 921 1947 989 Quod
1973 921 2016 973 si
2047 917 2358 986 resipiscere

783 1022 917 1076 velis
964 1031 1018 1075 et
1057 1020 1238 1074 oculos
1283 1017 1532 1086 aperire,
1582 1023 1739 1082 atque
1782 1013 2034 1081 angelica:
2092 1008 2291 1064 militia:
2339 1008 2356 1039 ι

785 1109 1172 1174 conuumerari,
1197 1115 1251 1162 et
1287 1121 1385 1161 nos
1412 1121 1442 1160 a
1471 1107 1611 1160 luctu
1635 1103 1850 1172 eripies,
1882 1113 1937 1157 et
1965 1114 2203 1171 magnam
2229 1112 2358 1167 pec-

781 1215 1016 1256 catorum
1053 1209 1357 1255 nostrorum
1403 1207 1605 1270 partem
1641 1196 1938 1262 absterges.
1977 1191 2129 1258 Quod
2178 1197 2356 1242 autem

783 1295 1093 1362 contingat,
1136 1307 1232 1348 eos
1255 1293 1343 1361 qui
1386 1305 1482 1360 per
1513 1286 1876 1358 paenitentiam
1925 1281 2150 1338 restituti
2192 1287 2353 1343 sunt,

777 1384 1064 1438 admodum
1107 1382 1449 1453 resplendere
1469 1421 1483 1444 ,
1513 1389 1566 1432 et
1593 1391 1736 1446 saepe
1767 1376 1958 1444 magis,
2005 1386 2160 1443 quam
2201 1370 2234 1423 ii
2264 1369 2354 1437 qui

779 1494 1066 1546 numquam
1095 1477 1227 1546 lapsi
1266 1482 1389 1526 sunt
1412 1513 1426 1533 ,
1460 1471 1510 1524 id
1536 1486 1600 1524 ex
1629 1468 1924 1537 Scripturis
1952 1465 2141 1519 divinis
2181 1462 2353 1530 palam

779 1568 1021 1620 fecimus.
1053 1566 1140 1622 Sic
1177 1574 1231 1620 et
1258 1561 1524 1632 publicani
1562 1571 1617 1615 et
1659 1559 1966 1613 meretrices
2005 1567 2225 1623 regnum
2263 1551 2357 1606 Dei

775 1659 1067 1726 possident,
1083 1657 1156 1710 sic
1173 1672 1241 1710 ex
1261 1654 1564 1708 novissimis
1580 1653 1728 1706 multi
1749 1650 1928 1721 primis
1945 1653 2356 1717 anteponuntur.

849 1748 936 1802 l7.
979 1746 1210 1800 Historia
1254 1744 1615 1808 adolescentis,
1652 1743 1740 1811 qui
1779 1744 1951 1810 lapsus
1984 1741 2191 1807 resipuit
2217 1745 2356 1805 post-

775 1855 854 1891 ea.
896 1867 967 1878 —
998 1837 1236 1891 Narrabo
1263 1836 1379 1899 tibi,
1408 1850 1524 1902 qua:
1548 1843 1732 1886 nostro
1759 1843 1997 1898 tempore
2018 1830 2357 1896 contigerunt

775 1940 829 1984 et
857 1944 1081 1999 quorum
1113 1929 1228 1995 ipse
1273 1927 1419 1979 testis
1463 1939 1582 1978 esse
1623 1922 1876 1992 potueris.
1918 1920 2065 1974 Nosti
2099 1919 2349 1987 juvenem

773 2020 918 2072 illum
947 2018 1109 2070 lilium
1132 2016 1350 2078 Urbani,
1377 2014 1708 2078 Phtnnicem,
1733 2013 1821 2076 qui
1851 2012 2158 2064 immaturus
2179 2007 2353 2062 adhuc

773 2110 1000 2179 pupillus
1021 2108 1234 2171 mansit,
1265 2107 1520 2175 pecuniis,
1551 2103 1808 2156 famulitio
1827 2111 1881 2155 et
1904 2101 2045 2171 agris
2064 2099 2348 2153 admodum

771 2202 1079 2256 instructus.
1115 2199 1161 2252 ls
1188 2198 1413 2266 primum
1442 2195 1528 2248 ubi
1560 2193 1669 2247 ludi
1699 2192 1963 2261 magistris
1988 2193 2203 2261 longum
2234 2190 2351 2243 vale

771 2291 1013 2353 dixisset,
1048 2288 1220 2356 posito
1245 2284 1678 2354 Splendidissima
1703 2282 1920 2344 amictu,
1954 2291 2172 2349 totoque
2191 2280 2352 2347 hujus

770 2386 892 2438 vita:
924 2381 1063 2436 fastu
1088 2422 1102 2444 ,
1132 2389 1352 2450 repente
1382 2379 1574 2433 vestitu
1599 2391 1658 2431 se
1693 2375 1878 2429 viliore
1901 2373 2132 2428 contexit
2159 2390 2172 2435 ;
2205 2380 2256 2424 et
2285 2370 2350 2424 ad

772 2476 1031 2530 montium
1067 2472 1408 2528 solitudinem
1455 2468 1740 2531 secedens,
1788 2467 2054 2536 egregiam
2107 2464 2352 2519 exhibuit

769 2564 1195 2636 philosophiam,
1247 2576 1352 2615 non
1394 2557 1685 2614 secundum
1734 2555 1907 2610 tetatis
1957 2554 2208 2616 modum,
2253 2552 2348 2606 sed

767 2656 977 2726 qualem
1022 2662 1203 2724 posset
1228 2653 1310 2705 vir
1349 2649 1612 2720 quispiam
1651 2661 1872 2715 magnus
1899 2653 1953 2700 et
1981 2643 2343 2699 admirandus.

769 2744 970 2800 Deinde
992 2757 1142 2798 sacra
1167 2741 1541 2813 mysteriorum
1563 2737 1858 2792 initiatione
1885 2735 2149 2804 dignatus,
2179 2732 2347 2785 multo

768 2836 936 2904 magis
966 2835 1016 2888 in
1048 2834 1240 2887 virtute
1269 2843 1577 2900 progressus
1596 2837 1677 2882 est
1696 2843 1718 2893 ;λ
1755 2828 1825 2880 ita
1852 2835 1910 2880 ut
1936 2838 2122 2879 omnes
2150 2822 2348 2893 gaude-

769 2935 889 2979 rent
914 2925 1128 2993 Deoque
1159 2922 1382 2992 gloriam
1410 2919 1706 2983 referrent,
1737 2917 1881 2987 quod
1923 2914 1978 2970 in
1997 2914 2194 2970 divitiis
2218 2912 2349 2968 edu-

764 3027 948 3082 catus,
991 3016 1148 3071 claris
1189 3014 1356 3067 atavis
1380 3021 1529 3066 ortus
1568 3008 1961 3078 admodumqae
2001 3005 2346 3070 adolescens,

768 3108 1069 3179 proculcata
1094 3106 1373 3161 confestim
1397 3105 1519 3159 vitae
1548 3118 1760 3172 pompa,
1779 3100 1845 3155 ad
1869 3114 2051 3155 verum
2082 3096 2348 3167 fastigium

765 3199 1114 3257 ascendisset.
1147 3198 1278 3251 Cum
1313 3197 1413 3250 hoc
1443 3196 1494 3248 in
1522 3202 1664 3248 statu
1693 3202 1871 3256 esset,
1899 3199 1952 3246 et
1986 3189 2223 3244 omnium
2253 3186 2348 3242 ad-

767 3295 1104 3350 mirationem
1131 3297 1408 3354 moveret,
1454 3295 1796 3354 corruptores
1837 3283 2051 3354 quidam
2093 3281 2185 3351 qui
2223 3278 2347 3350 jure

763 3388 1100 3458 cognationis
1142 3384 1259 3450 ejus
1296 3377 1479 3437 curam
1515 3377 1818 3442 habebant,
1849 3374 1915 3429 ad
1943 3374 2195 3443 pristinos
2219 3385 2344 3427 eum

768 3482 958 3536 fluctus
986 3477 1332 3534 reduxerunt.
1367 3472 1600 3542 Rejectis
1626 3472 1784 3540 igitur
1806 3469 1983 3524 denuo
2002 3466 2283 3528 omnibus,
2313 3479 2345 3517 a

764 3571 1033 3626 montibus
1062 3569 1116 3621 in
1147 3565 1381 3620 medium
1423 3564 1593 3618 forum
1616 3576 1674 3615 se
1704 3559 1961 3622 contulit,
2001 3565 2057 3613 et
2078 3573 2218 3627 equo
2247 3570 2343 3610 ve-

762 3673 880 3718 ctus
909 3658 1274 3726 famulitioque
1312 3654 1480 3709 multo
1531 3653 1791 3721 stipatus,
1833 3650 1912 3704 sic
1954 3655 2116 3702 totam
2159 3646 2343 3700 urbem

763 3752 1041 3810 circuibat,
1061 3762 1160 3801 nec
1179 3746 1245 3799 ad
1267 3759 1448 3798 sanam
1469 3742 1645 3796 redire
1667 3749 1899 3794 mentem
1920 3737 2149 3792 volebat.
2170 3734 2341 3789 Nimia

762 3844 959 3912 quippe
988 3840 1256 3908 voluptate
1287 3848 1607 3897 succensus,
1639 3833 1692 3887 in
1723 3831 1985 3886 absurdos
2009 3843 2220 3883 amores
2251 3842 2343 3880 ne-

762 3933 996 3987 cessario
1025 3928 1341 3999 perpellitur
1370 3944 1383 3979 :
1418 3939 1679 3993 nemoque
1708 3932 1822 3977 erat
1845 3937 1912 3977 ex
1949 3922 2014 3974 iis
2037 3920 2126 3990 qui
2153 3920 2204 3971 in
2230 3931 2345 3971 me-

763 4024 852 4077 dio
878 4021 1250 4080 versabantur,
1281 4017 1406 4086 quin
1438 4015 1552 4083 ejus
1583 4015 1807 4068 salutem
1828 4012 2154 4080 deploratam
2177 4007 2344 4062 habe-

768 4128 885 4177 ret;
919 4121 1061 4165 tanta
1099 4111 1244 4164 illum
1289 4105 1653 4161 circumdabat
1681 4105 2011 4158 adulatorum
2041 4103 2191 4156 turba
2213 4144 2227 4166 ,
2256 4101 2344 4155 cui

764 4204 1088 4260 accedebant
1115 4209 1390 4271 parentum
1413 4199 1636 4260 orbitas,
1651 4197 1903 4266 juventus
1919 4203 1974 4250 et
1992 4211 2119 4265 opes
2142 4196 2341 4248 multze.

761 4301 861 4367 Qui
893 4306 1070 4352 autem
1095 4295 1272 4348 omnia
1302 4292 1452 4346 facile
1482 4291 1656 4345 solent
1681 4288 2022 4352 calumniari,
2055 4287 2344 4356 reprehen-

759 4392 956 4446 debant
981 4403 1075 4442 eos
1095 4387 1185 4457 qui
1216 4385 1282 4439 ab
1312 4384 1463 4438 initio
1499 4381 1646 4436 illum
1677 4380 1742 4434 ad
1766 4380 1868 4434 hoc
1888 4381 2011 4433 vitm
2039 4393 2207 4447 genus
2232 4387 2343 4430 tra-

758 4483 1069 4542 duxissent,
1117 4477 1470 4541 dicebantque
1498 4489 1619 4526 eum
1650 4480 1704 4525 et
1741 4487 1768 4523 a
1810 4469 2170 4540 spiritualihus
2194 4467 2343 4520 defe-

759 4574 932 4633 cisse,
964 4578 1020 4625 et
1043 4569 1119 4622 rei
1149 4567 1390 4619 familiari
1421 4575 1603 4632 postea
1631 4563 1867 4616 inutilem
1899 4560 2040 4626 fore,
2069 4575 2188 4613 cum
2219 4567 2343 4612 ante

758 4676 969 4732 tempus
995 4677 1024 4714 a
1047 4661 1320 4713 literarum
1349 4656 1526 4710 studio
1560 4654 1858 4718 resiliisset,
1886 4653 2189 4720 nullumque
2219 4650 2344 4704 inde

759 4757 992 4810 fructum
1015 4752 1304 4820 decerpere
1332 4747 1609 4818 potuisset.
1641 4745 1772 4799 Cum
1800 4743 1851 4797 hi
1883 4757 2160 4796 sermones
2183 4741 2345 4809 jacta-

766 4858 952 4902 rentur
980 4845 1284 4910 multusque
1311 4847 1731 4907 consequeretur
1756 4835 1879 4889 inde
1909 4834 2101 4903 pudor,
2129 4832 2342 4902 quidam

761 4937 934 4992 sancti
982 4935 1079 4987 viri
1129 4932 1220 5002 qui
1274 4943 1644 4997 smpenumero
1689 4927 1843 4980 talem
1892 4925 2126 4995 prmdam
2170 4923 2344 4978 venati

762 5030 1004 5090 fuerant,
1037 5034 1092 5078 et
1139 5021 1472 5091 experientia
1511 5018 1676 5086 probe
1720 5017 2048 5078 didicerant,
2104 5029 2171 5068 ne
2201 5014 2343 5068 circa

761 5123 879 5174 illos
929 5117 1144 5188 quidem
1192 5111 1586 5183 desperandum
1627 5124 1745 5163 esse
1781 5109 1845 5162 iis
1868 5149 1882 5173 ,
1927 5109 2014 5176 qui
2045 5107 2219 5160 divina
2248 5119 2343 5173 spe

761 5219 886 5264 sunt
916 5205 1161 5262 instructi
1181 5247 1196 5269 ,
1228 5203 1577 5257 observantes
1617 5213 1738 5253 eum
1782 5198 1994 5250 assidue
2014 5236 2027 5258 ,
2056 5197 2100 5250 si
2129 5195 2343 5265 quando

763 5303 1006 5356 viderent
1029 5300 1080 5351 in
1109 5297 1223 5350 foro
1247 5337 1262 5358 ,
1294 5292 1616 5348 accedebant
1637 5300 1690 5344 et
1715 5287 2171 5358 amplectebantur
2195 5303 2339 5341 eum.

767 5397 830 5448 Et
852 5391 1111 5461 principio
1139 5386 1352 5457 quidem
1386 5386 1473 5438 ille
1507 5400 1538 5438 e
1573 5383 1783 5436 sublimi
1812 5396 1950 5451 equo
1979 5389 2160 5433 vectus
2199 5380 2344 5449 ipsos

766 5488 1102 5552 insequentes
1123 5479 1338 5546 oblique
1365 5474 1731 5544 alloquebatur
1755 5491 1769 5522 :
1801 5481 1940 5525 tanta
1969 5478 2085 5525 erat
2111 5471 2339 5539 primmn

764 5573 1089 5646 imjmdentia
1136 5568 1388 5623 hominis.
1443 5568 1512 5620 At
1554 5565 1630 5618 illi
1681 5562 2040 5617 misericordia
2080 5570 2136 5616 et
2160 5575 2342 5615 amore

764 5665 1055 5730 commoti,
1083 5661 1458 5717 contumeliam
1503 5656 1806 5726 hujusmodi
1837 5671 1939 5708 non
1969 5663 2246 5719 curantes,
2278 5667 2342 5707 eo

763 5759 934 5814 solum
956 5753 1284 5827 spectabant,
1311 5760 1368 5806 ut
1387 5765 1580 5820 agnum
1607 5747 1742 5818 lupis
1764 5746 2135 5801 subtrnherent
2158 5765 2167 5798 :
2199 5745 2340 5814 quod

829 5931 844 5961 ι
883 5937 1006 5979 tinus
1029 5929 1136 5978 cod.
1163 5935 1210 5975 cl
1235 5926 1369 5975 Sat-il.
1392 5929 1436 5975 in
1457 5928 1691 5982 margine,
1719 5932 1759 5972 rt
1785 5921 1973 5972 civitati.

1523 541 1579 595 S.
1619 535 1894 593 JOANNIS
1922 530 2736 590 CHRYSOSTOMIARCHIEP.
2780 537 3307 597 CONSTANTINOP.

3949 554 4046 610 504

2475 654 2529 698 et
2567 660 2662 714 per
2691 648 2999 714 patientiam
3051 653 3403 722 perfecerunt.
3449 654 3687 711 Tandem
3727 666 3869 719 cnim
3911 671 4048 722 velut

2473 753 2534 792 ex
2561 738 2786 808 quadam
2813 745 3046 798 amentia
3073 762 3320 802 reversus
3343 791 3357 814 ,
3384 749 3450 803 de
3475 750 3684 803 assidua
3710 767 3896 810 eorum
3921 776 4046 815 cura

2470 831 2665 884 rubore
2693 830 2956 897 suﬂ'usus,
2987 836 3034 888 si
3073 839 3287 907 quando
3325 843 3468 910 ipsos
3511 842 3695 911 procul
3733 847 4049 904 accedentes

2470 921 2695 988 videret,
2724 923 2902 976 statim
2927 925 3147 995 abequo
3165 930 3462 997 desiliebat,
3481 934 3830 1003 demissisque
3853 941 4044 1005 oculis,

2470 1026 2654 1064 eorum
2687 1013 2884 1066 monita
2915 1029 3035 1068 cum
3085 1017 3302 1074 silentio
3334 1023 3614 1088 audiebat,
3658 1039 3719 1078 ac
3763 1039 4046 1095 progressu

2469 1104 2725 1170 temporis
2777 1106 3035 1174 majorem
3095 1107 3224 1175 ipsis
3272 1117 3627 1171 reverentiam
3682 1117 4045 1189 honoremque

2466 1191 2724 1246 exhibuit.
2758 1194 2952 1265 Sicque
2981 1197 3072 1252 Dei
3113 1200 3279 1267 gratia
3319 1204 3573 1270 paulatim
3615 1224 3736 1262 eum
3764 1208 3831 1262 ab
3856 1209 4040 1278 hujus-

2465 1281 2605 1334 modi
2650 1283 2852 1338 retibus
2905 1289 3206 1356 expeditum
3233 1332 3246 1354 ,
3293 1293 3529 1358 pristina:
3570 1301 3841 1355 solitudini
3885 1311 4042 1371 atque

2465 1373 2813 1444 philosophia:
2842 1378 3208 1434 reddiderunt.
3249 1381 3398 1436 Nunc
3427 1383 3642 1441 demum
3681 1400 3828 1445 tanto
3856 1394 4036 1463 splen-

2464 1465 2596 1523 dore
2621 1468 2799 1534 fulsit,
2829 1479 2885 1525 ut
2907 1472 3129 1540 pristina
3160 1473 3277 1543 ejus
3302 1475 3405 1529 vita
3431 1517 3446 1538 ,
3479 1478 3524 1530 si
3552 1493 3896 1550 comparetur
3920 1501 4037 1540 cum

2464 1574 2526 1612 ea
2557 1575 2658 1629 qua
2690 1571 2808 1629 post
2834 1563 3036 1632 lapsum
3067 1565 3256 1618 claruit
3280 1607 3294 1627 ,
3327 1565 3476 1620 nihili
3505 1567 3748 1626 habenda
3774 1576 4034 1631 videatur.

2465 1650 2596 1704 Cum
2621 1653 2762 1705 enim
2784 1656 3150 1723 experimento
3175 1657 3446 1713 didicisset
3464 1674 3581 1728 quae
3602 1671 3746 1715 esset
3767 1664 4035 1735 illecebra,

2463 1744 2760 1812 absumptis
2779 1747 2828 1800 in
2856 1764 3144 1818 egenorum
3164 1768 3290 1806 usus
3309 1754 3546 1822 pecuniis
3567 1757 3831 1822 omnibus,
3856 1758 4036 1829 hujus-

2463 1834 2604 1886 modi
2630 1837 2772 1889 curis
2799 1839 3078 1905 expeditus
3097 1881 3110 1903 ,
3140 1856 3354 1895 omnem
3384 1844 3775 1900 insidiatoribus
3801 1853 4038 1915 pnccidit

2458 1924 2795 1978 occasionem
2828 1946 2841 1978 :
2887 1938 2941 1981 et
2973 1945 3115 1984 nunc
3142 1931 3194 1984 in
3225 1933 3310 1986 illa
3332 1949 3449 2002 quae
3475 1936 3619 1990 ducit
3646 1937 3712 1990 ad
3735 1939 3922 1992 czelum
3952 1943 4034 1995 via

2457 2026 2772 2081 progressus
2797 2016 2863 2069 ad
2894 2018 3103 2072 virtutis
3129 2022 3335 2087 apicem
3363 2024 3578 2081 demum
3611 2031 3868 2097 pervenit.

2529 2101 2834 2172 Exemplum
2868 2106 3032 2160 aliud.
3069 2139 3134 2148 ——
3175 2112 3244 2163 At
3275 2111 3362 2166 ille
3390 2116 3607 2182 quidem
3627 2159 3643 2182 ,
3675 2120 3884 2189 juvenis
3912 2137 4032 2177 cum

2456 2204 2619 2260 esset,
2649 2195 2826 2264 lapsus
2851 2208 2932 2252 est
2973 2208 3028 2254 et
3063 2203 3293 2255 surrexit
3317 2221 3331 2256 :
3357 2205 3496 2260 alius
3524 2224 3652 2263 vero
3676 2211 3886 2280 quidam
3915 2225 4034 2281 post

2459 2285 2654 2340 multos
2698 2287 2750 2339 in
2786 2288 2890 2341 vita
2922 2290 3188 2344 eremitica
3219 2292 3475 2359 sudores,
3515 2313 3621 2352 uno
3649 2310 3850 2355 tantum
3887 2304 4034 2358 socio

2459 2377 2619 2430 vitam
2658 2380 2948 2448 angelicam
2996 2396 3278 2448 emensus,
3324 2400 3444 2439 cum
3469 2387 3579 2456 jam
3609 2390 3675 2444 ad
3705 2405 4031 2449 senectutem

2455 2469 2766 2535 accederet,
2798 2473 2978 2527 nescio
3000 2490 3104 2544 quo
3131 2486 3284 2546 pacto
3309 2489 3510 2534 satana:
3538 2486 3770 2539 versutia
3800 2487 4032 2542 circum-

2455 2569 2647 2614 ventus
2667 2602 2681 2624 ,
2725 2572 2779 2616 et
2805 2563 2946 2631 quod
2975 2567 3246 2622 remissius
3273 2579 3454 2638 ageret
3483 2571 3618 2627 dans
3645 2575 3844 2631 aditum
3874 2581 4029 2634 mali-

2449 2665 2586 2721 gno,
2639 2653 2690 2705 in
2731 2657 3216 2726 concupiscentiam
3253 2661 3530 2716 mulierum
3570 2663 3750 2734 lapsus
3790 2678 3908 2734 est,
3940 2673 4029 2740 qui

2453 2749 2629 2796 tamen
2651 2784 2666 2809 ,
2700 2758 2767 2798 ex
2796 2761 2903 2814 quo
2929 2751 3280 2805 monasticam
3299 2753 3458 2807 vitam
3486 2755 3712 2820 inierat,
3741 2773 4029 2829 numquam

2453 2836 2730 2891 mulierem
2758 2838 2981 2893 viderat.
3020 2840 3090 2895 Et
3126 2843 3299 2911 primo
3341 2845 3552 2914 quidem
3592 2849 4026 2907 contubernalem

2454 2926 2707 2996 rogabat,
2749 2927 2850 2982 sibi
2883 2945 3102 2986 carnem
3131 2942 3185 2987 et
3221 2935 3401 2991 vinum
3429 2937 3783 3005 ministraret,
3807 2941 4030 3010 adjectis

2453 3019 2610 3073 minis
2648 3034 2742 3087 se,
2773 3021 2874 3076 nisi
2902 3021 2956 3077 id
2982 3023 3331 3093 impetraret,
3361 3027 3413 3081 in
3445 3029 3614 3084 forum
3650 3029 4026 3087 descensurum

2455 3125 2594 3165 esse.
2627 3109 2780 3178 Quod
2811 3127 2914 3166 non
2943 3127 3008 3167 ex
3035 3113 3305 3169 desiderio
3333 3120 3570 3172 carnium
3597 3119 3822 3188 dicebat,
3853 3122 3943 3177 sed
3972 3134 4028 3178 ut

2454 3201 2578 3255 hinc
2615 3217 2796 3256 ansam
2825 3204 3083 3273 arriperet
3115 3205 3405 3261 descensus
3451 3209 3503 3262 in
3548 3210 3750 3264 urbem.
3785 3211 3874 3266 llle
3902 3228 4030 3268 vero

2451 3294 2645 3348 anxius
2681 3309 2745 3349 ae
2785 3295 2978 3350 timens
3006 3311 3103 3362 ne,
3132 3297 3177 3351 si
3205 3298 3257 3352 id
3283 3299 3603 3369 denegaret,
3638 3303 3690 3356 in
3717 3304 3885 3373 majus
3921 3308 4026 3359 cri-

2451 3404 2574 3444 men
2600 3405 2723 3444 eum
2750 3391 3044 3459 conjiceret
3065 3430 3081 3454 ,
3115 3392 3230 3460 ejus
3255 3395 3454 3461 optatui
3497 3395 3706 3450 abunde
3747 3397 4024 3452 satisfecit.

2451 3480 2548 3534 Hie
2589 3488 2766 3535 autem
2795 3492 2858 3536 ut
2893 3482 3026 3536 vidit
3065 3481 3260 3536 frustra
3288 3485 3516 3539 cessisse
3559 3485 3805 3539 callidum
3846 3488 4026 3540 cousi-

2452 3573 2615 3636 lium,
2668 3572 3007 3643 impudenter
3057 3574 3271 3629 demum
3303 3591 3464 3644 agens
3507 3577 3896 3631 simulationem
3930 3577 4025 3632 de-

2451 3667 2608 3730 texit,
2661 3674 2714 3720 et
2760 3666 2895 3720 dixit
2937 3681 3161 3721 necesse
3191 3682 3408 3736 prorsus
3445 3682 3563 3721 esse
3599 3667 3695 3722 sibi
3741 3669 3794 3722 in
3839 3669 4024 3723 urbem

2451 3755 2736 3826 proficisci.
2786 3755 2887 3811 Ubi
2935 3768 3115 3811 autem
3168 3756 3544 3811 animadvertit
3585 3757 3674 3811 ille
3725 3772 3784 3813 se
3830 3757 4025 3812 frustra

2451 3847 2639 3912 obniti,
2663 3847 2874 3903 tandem
2894 3847 3116 3914 dimisit,
3138 3855 3191 3902 et
3210 3847 3395 3916 procul
3418 3857 3671 3917 sequutus
3690 3849 4022 3914 observabat,

2447 3953 2549 4007 qua
2596 3937 2663 3993 de
2710 3954 2868 3992 causa
2912 3939 3282 3994 descenderet.
3328 3938 3428 3994 Ubi
3458 3939 3590 3993 vidit
3632 3939 3924 4009 ingressum
3970 3942 4024 3996 in

2451 4030 2691 4097 lupanar,
2721 4045 2919 4098 gnarus
2963 4045 3084 4085 cum
3113 4047 3232 4085 cum
3266 4039 3444 4085 scorto
3473 4045 3586 4084 rem
3623 4027 3902 4094 habuisse,
3935 4047 4024 4085 ex-

2450 4127 2741 4186 spectavit;
2787 4128 2842 4174 et
2870 4130 3146 4188 postquam
3191 4121 3236 4174 is
3263 4119 3495 4174 absurdo
3530 4119 3794 4173 desiderio
3831 4118 4025 4186 potitus

2450 4225 2696 4281 egressus
2724 4220 2843 4276 est,
2888 4213 3091 4280 supinis
3130 4227 3251 4266 eum
3285 4210 3527 4265 manibus
3555 4210 3803 4279 excepit;
3831 4217 3884 4263 et
3908 4223 4024 4262 am-

2451 4303 2690 4371 plexatus
2718 4312 3064 4372 amanterque
3093 4303 3464 4367 exosculatus,
3495 4301 3628 4354 nihil
3653 4301 3937 4370 objurgans
3956 4301 4026 4354 ob

2450 4394 2671 4457 facinus,
2690 4393 2910 4461 rogabat
2930 4402 3161 4456 tantum,
3179 4400 3235 4445 ut
3255 4403 3529 4461 postquam
3544 4391 4024 4460 concupiscentiam

2450 4499 2602 4537 suam
2634 4483 2977 4550 expleverat,
3025 4482 3078 4534 in
3117 4482 3416 4535 solitudinis
3441 4481 3760 4536 domiciliqu
3802 4481 4021 4535 rediret.

2451 4573 2544 4626 llle
2573 4588 2703 4625 vero
2730 4571 2799 4623 ob
2829 4581 3024 4624 tantam
3050 4571 3504 4626 mansuetudinem
3533 4571 3733 4639 pudore
3759 4571 4022 4636 suffusus,

2450 4666 2736 4733 animoque
2778 4664 3084 4732 perculsus,
3138 4671 3191 4716 et
3235 4663 3302 4717 de
3345 4663 3582 4716 facinore
3635 4672 4023 4731 compunctus,

2451 4755 2623 4824 ipsum
2679 4755 2732 4809 in
2788 4765 3022 4808 montem
3085 4762 3301 4808 euntem
3354 4753 3596 4821 sequitur
3648 4769 3661 4804 :
3717 4751 3804 4804 ubi
3855 4752 4024 4804 virum

2450 4856 2639 4916 rogat,
2685 4862 2744 4900 se
2794 4847 2845 4899 in
2893 4847 3059 4899 altera
3108 4846 3300 4899 cellula
3347 4843 3658 4904 concludat,
3705 4850 3760 4895 et
3799 4841 4028 4894 occlusis

2451 4937 2701 4991 domicilii
2765 4936 2967 4990 foribus
3007 4977 3022 5001 ,
3090 4935 3240 4988 statis
3301 4934 3489 4988 diebus
3553 4931 3652 4984 sibi
3719 4945 3908 4998 panem
3975 4938 4030 4982 et

2452 5043 2639 5096 aquam
2695 5026 2966 5095 prreheat,
3021 5039 3084 5078 ac
3140 5023 3562 5093 perquirentibus
3615 5021 3934 5089 respondeat
3971 5035 4029 5072 se

2453 5118 2856 5172 obdormivisse.
2937 5115 3223 5169 Postulatis
3298 5112 3584 5167 assenlitur
3651 5113 3875 5170 socius;
3941 5111 4030 5164 ille

2452 5218 2628 5262 autem
2681 5207 2949 5271 inclusus,
2993 5207 3221 5260 assiduis
3263 5204 3479 5272 jejuniis
3518 5243 3532 5266 ,
3572 5204 3817 5272 precibus
3855 5210 3909 5254 et
3948 5203 4027 5254 la-

2454 5300 2650 5368 crymis
2671 5298 2861 5351 anima:
2882 5297 3068 5352 sordes
3091 5297 3395 5363 abstergere
3438 5295 3677 5347 curabat.
3703 5290 3819 5344 Non
3864 5291 4031 5344 multo

2454 5400 2628 5443 autem
2660 5389 2840 5457 elapso
2872 5397 3113 5455 tempore
3137 5425 3152 5448 ,
3181 5399 3299 5437 cum
3324 5383 3532 5438 siccitas
3571 5381 3841 5448 regionem
3869 5394 4028 5432 occu-

2454 5489 2633 5552 paret,
2661 5494 2952 5548 omnesque
2979 5476 3163 5529 incola:
3183 5475 3233 5528 in
3267 5488 3495 5529 mmrore
3515 5472 3794 5540 (legerent,
3814 5470 4029 5540 quidam

2453 5591 2547 5644 per
2571 5588 2816 5628 somnum
2842 5571 3023 5638 jussus
3056 5577 3137 5622 est
3161 5567 3308 5620 abire
3327 5576 3380 5619 et
3406 5565 3574 5616 virum
3592 5562 3736 5616 illum
3767 5562 4025 5616 inclusum

2452 5668 2732 5721 obsecrare
2754 5707 2768 5728 ,
2799 5673 2857 5716 ut
2879 5670 3180 5730 precaretur
3211 5669 3264 5714 et
3313 5655 3605 5710 siccitatem
3657 5656 3905 5710 auferret.
3939 5653 4027 5705 Illo

2453 5760 2666 5814 amicis'
2697 5754 3074 5809 comitantihus
3127 5748 3477 5821 proficiscitur
3509 5765 3518 5798 :
3559 5747 3648 5815 qui
3689 5746 3857 5814 primo
3885 5743 4024 5795 illius

2519 5929 2528 5948 ί
2569 5927 2670 5977 Pro,
2697 5912 2882 5974 tunicis,
2908 5913 3105 5959 savilius
3125 5917 3171 5957 ct
3196 5907 3290 5955 duo
3315 5914 3440 5963 alia,
3467 5904 3587 5954 aliis.
