4516 6694
265 578 368 634 503

264 692 447 746 αντίον
481 694 785 764 γενήσεται,
843 693 936 748 καὶ
962 695 994 763 ή
1034 691 1132 762 μέν
1157 691 1398 761 ἡμετέρα
1429 695 1655 765 αἰσχύνη
1686 697 1767 757 είς
1794 693 1939 744 ἐκεί-

264 788 391 834 νους
426 775 820 845 μεταστήσεται
850 772 1201 839 πᾶσα,ήμεῖς
1234 770 1371 823 δὲέν
1395 774 1674 845 παρρησία
1704 769 1941 839 ἐσόμεθα

265 850 457 921 πολλῇ,
493 852 629 922 μετά
657 853 902 914 πλείονος
958 849 1343 920 λαμπρότητος
1399 850 1832 920 στεφανούμενόν
1879 866 1937 902 σε

262 930 360 982 καὶ
388 930 896 1004 ἀνακηρυττόμενον
953 927 1190 999 ὁρῶντες
1229 929 1408 983 πάλιν.
1466 931 1705 993 Μείζονα
1735 928 1843 997 γὰρ
1882 929 1940 980 αἱ

262 1009 510 1065 τοιαῦται
531 1015 676 1065 νῖκαι
701 1010 928 1081 φέρουσι
962 1008 1056 1060 καὶ
1085 1008 1185 1079 τὴν
1207 1008 1554 1080 εὐδοκίμησιν
1580 1008 1675 1061 καὶ
1694 1008 1794 1077 τὴν
1822 1005 1941 1077 ήδο-

261 1089 532 1158 νῄν,υὺδὲ
561 1090 671 1160 γὰρ
696 1102 721 1130 ι
743 1087 854 1139 τῶν
883 1086 1099 1139 οἰκείων
1130 1087 1572 1159 κατορθωμάτων
1605 1086 1764 1156 μόνον
1793 1083 1936 1155 λήψῃ

260 1167 355 1220 τὸν
384 1170 595 1239 μισθὸν,
614 1165 755 1221 ἀλλά
776 1164 872 1218 καὶ
900 1166 998 1235 τῆς
1028 1165 1229 1238 ἐτέρων
1279 1166 1680 1238 παρακλήσεως
1708 1164 1803 1216 καὶ
1840 1180 1940 1216 πα-

260 1250 555 1317 ραμυθίας,
585 1245 889 1314 ὑπόδειγμα
927 1244 1179 1315 μέγιστον
1200 1247 1519 1315 ἐκκείμενος
1548 1243 1595 1306 δ,
1620 1241 1674 1293 εί
1699 1241 1828 1294 ποτέ
1853 1257 1938 1304 τις

260 1330 379 1389 τοῖς
409 1326 592 1387 αὐτοῖς
613 1324 922 1393 περιπέσοι,
975 1325 1112 1395 πρὸς
1156 1326 1217 1379 τὸ
1243 1323 1593 1393 διαναστῆναι
1652 1320 1812 1375 πάλιν
1844 1322 1937 1373 καὶ

261 1403 673 1474 ἀνακτήσασθαι
721 1405 927 1457 ἐαυτόν.
962 1406 1051 1477 Μὴ
1084 1406 1148 1476 δὴ
1178 1405 1369 1476 κέρδος
1406 1401 1640 1472 παρίδῃς
1661 1401 1936 1463 τοσοῦτον,

265 1486 401 1555 μηδέ
425 1483 743 1555 καταγάγῃς
770 1486 849 1547 είς
869 1484 991 1555 ᾅδου
1028 1486 1166 1556 μετά
1190 1484 1370 1552 λύπης
1397 1482 1497 1544 τὰς
1532 1480 1809 1551 ἡμετέρας
1832 1480 1937 1548 ψυ-

260 1567 386 1633 χὰς,
418 1561 555 1615 ἀλλά
584 1562 673 1625 δὸς
700 1565 834 1633 ήμῖν
889 1565 1249 1624 ἀναπνεῦσαι,
1301 1562 1397 1614 καὶ
1431 1561 1492 1612 τὸ
1523 1558 1751 1628 κατέχον
1788 1560 1936 1629 ήμᾶς

258 1643 349 1694 διὰ
376 1642 435 1693 σέ
462 1640 563 1709 τῆς
589 1640 824 1712 ἀθυμίας
851 1644 1245 1697 ἀποσείσασθαι
1273 1638 1583 1709 νέφος.Νὖν
1612 1638 1710 1708 μὲν
1737 1636 1845 1708 γὰρ
1867 1637 1939 1689 τὰ

259 1722 437 1772 οἰκεῖα
472 1719 737 1788 παρέντες
779 1722 947 1782 κακὰ,
994 1722 1297 1793 θρηνοῦμεν
1358 1719 1456 1782 τὰς
1492 1720 1588 1781 σὰς
1628 1718 1933 1789 συμφοράς’

262 1799 361 1850 ἐὰν
391 1798 447 1849 δὲ
474 1797 704 1871 θελήσῃς
732 1800 1003 1869 ἀνανῆψαι
1030 1803 1124 1853 καὶ
1176 1799 1484 1869 διαϐλέψαι,
1516 1798 1611 1852 καὶ
1642 1798 1743 1866 τῆς
1780 1815 1938 1867 στρα-

261 1879 386 1939 τιᾶς
412 1887 435 1914 ο
460 1877 813 1931 ἐπιλαϐέσθαι
838 1878 936 1948 τῆς
973 1880 1290 1949 ἀγγελικῆς,
1326 1883 1419 1933 καὶ
1454 1878 1647 1932 τούτου
1678 1877 1772 1930 τοῦ
1806 1881 1936 1932 πέν-

262 1957 393 2017 θους
420 1956 751 2021 ἀπαλλάξεις
783 1959 951 2028 ἡμᾶς,
983 1958 1211 2012 καὶτῶν
1262 1962 1545 2031 ἡμετέρων
1603 1957 1938 2030 ἁμαρτημά-

259 2050 371 2088 των
398 2037 459 2089 τὸ
489 2036 648 2091 πλέον
701 2039 867 2107 ἀρεῖς.
926 2041 1049 2092 Ὅτι
1075 2039 1183 2110 γὰρ
1214 2039 1328 2092 ἐστι
1374 2046 1498 2104 τοὺς
1542 2043 1607 2094 ἐκ
1648 2039 1938 2110 μετανοίας

263 2117 426 2168 πάλιν
451 2118 843 2184 ἐπανελθόντας
869 2120 1080 2191 λάμψαι
1113 2120 1255 2191 μέγα
1274 2122 1367 2172 καὶ
1402 2121 1645 2192 φαιδρὸν,
1662 2121 1755 2173 καὶ
1776 2119 1938 2172 πλέον

263 2196 524 2261 πολλάκις
552 2199 659 2251 τῶν
687 2200 823 2270 μηδὲ
851 2202 1129 2255 πεσόντων
1159 2199 1185 2239 ἀ
1217 2200 1315 2271 τὴν
1346 2202 1540 2272 ἀρχὴν,
1574 2200 1937 2270 ἀπεδείξαμεν

261 2276 361 2328 καὶ
388 2277 494 2330 ἀπὸ
512 2278 621 2331 τῶν
647 2278 805 2333 θείων
837 2280 1090 2353 Γραφῶν.
1134 2279 1293 2334 Οὐτω
1317 2281 1446 2348 γοῦν
1504 2283 1597 2334 καὶ
1625 2282 1674 2333 οἰ
1702 2279 1936 2332 τελῶναι

262 2356 359 2408 καὶ
388 2358 444 2410 αἱ
473 2358 666 2430 πόρναι
684 2359 781 2431 τὴν
809 2359 1083 2430 βασιλείαν
1095 2361 1204 2413 τῶν
1231 2361 1474 2431 οὐρανῶν
1489 2359 1935 2433 κληρονομοῦσιν,

260 2433 406 2486 οῦτω
417 2438 600 2490 πολλοὶ
613 2438 976 2508 τῶνέσχάτων
987 2440 1096 2493 τῶν
1110 2438 1933 2512 πρώτωνὲμπροσθεντίθενται.

336 2512 422 2574 ιζ’.
440 2515 581 2585 Ἐρῶ
598 2515 655 2568 δέ
684 2534 765 2569 σοι
787 2518 879 2570 καὶ
905 2518 973 2571 τὰ
988 2518 1073 2588 ἐφ’
1093 2510 1249 2590 ήμῶν
1268 2510 1735 2589 γεγενημένα,ξκαὶ
1757 2510 1831 2570 ὧν
1845 2516 1941 2568 δυ-

262 2590 399 2661 νήσῃ
422 2594 674 2658 γενέσθαι
698 2596 908 2668 μάρτυς
925 2598 1104 2662 αὐτός.
1130 2594 1303 2652 υἷσθά
1328 2614 1431 2649 που
1465 2607 1489 2635 ο
1524 2596 1615 2649 τὸν
1650 2597 1769 2649 νέον
1798 2598 1939 2649 ἐκεῖ-

265 2685 355 2721 νον
379 2671 471 2722 τὸν
494 2674 772 2743 Οὐρϐανοῦ
792 2677 974 2743 παῖδα,
995 2678 1087 2730 τὸν
1113 2678 1359 2739 Φοίνικα,
1384 2676 1477 2730 τὸν
1502 2677 1558 2729 ἐν
1586 2675 1818 2747 ὀρφανίᾳ
1837 2676 1938 2747 μὲν

264 2750 695 2821 καταλειφθέντα
729 2755 909 2827 ἀώρῳ,
951 2756 1139 2827 κύριον
1175 2756 1235 2809 δέ
1262 2756 1473 2809 πολλῶν
1502 2756 1799 2826 χρημάτων
1844 2756 1938 2807 καὶ

262 2830 489 2883 οἰκετῶν
534 2834 823 2904 γενόμενον
860 2838 954 2890 καί⁵
986 2836 1191 2909 ἀγρῶν.
1244 2828 1415 2899 Οὗτος
1466 2835 1529 2888 τὸ
1583 2835 1682 2906 μὲν
1726 2834 1937 2906 πρῶτον

263 2909 540 2982 ἐρρῶσθαι
596 2913 766 2969 πολλά
829 2920 949 2979 ταῖς
1007 2919 1065 2971 ἐν
1118 2918 1232 2980 τοῖς
1300 2914 1575 2986 μουσείοις
1636 2913 1939 2985 διατριϐαῖς

264 2990 457 3059 εἰπὼν,
486 2993 580 3045 καὶ
625 2993 724 3062 τὴν
761 2993 1017 3066 λαμπρὰν
1066 2994 1281 3066 ἐκείνην
1304 2994 1571 3066 ἀμφίασιν
1616 2993 1808 3063 ἀφεὶς,
1847 2998 1941 3049 καὶ

263 3073 359 3125 τὸν
424 3072 591 3142 τῦφον
653 3074 865 3129 ἅπαντα
915 3075 1008 3129 τόν
1060 3076 1343 3146 βιωτικὸν,
1410 3074 1670 3148 ἐξαίφνης
1728 3076 1940 3146 ἱμάτιον

265 3154 481 3217 εὐτελὲς
531 3156 907 3227 περιθέμενος,
961 3156 1056 3210 καὶ
1118 3156 1257 3227 πρὸς
1316 3156 1417 3227 τήν
1476 3159 1533 3209 ἐν
1584 3160 1698 3220 τοῖς
1755 3156 1940 3227 ὄρεσιν

263 3234 497 3306 ἐρημίαν
544 3237 925 3307 ἀναχωρήσας,
973 3236 1168 3307 πολλὴν
1221 3235 1535 3299 ἐπεδείξατο
1574 3234 1675 3307 τήν
1724 3236 1941 3304 φιλοσο-

267 3315 417 3382 φίαν,
448 3314 509 3366 οὐ
536 3314 677 3367 κατὰ
698 3315 797 3384 τὴν
826 3314 1039 3384 ήλικίαν
1075 3314 1232 3386 μόνον
1255 3314 1300 3377 ί,
1330 3315 1444 3367 ἀλλ’
1470 3315 1604 3384 ὅσην
1633 3313 1699 3367 ἀν
1719 3332 1805 3377 τις
1830 3315 1940 3369 τῶν

270 3392 519 3462 μεγάλων
534 3392 628 3446 καὶ
658 3392 988 3463 θαυμαστῶν
1007 3392 1237 3463 ἀνδρῶν.
1256 3393 1412 3445 Μετά
1438 3393 1495 3445 δὲ
1521 3393 1692 3446 ταῦτα
1721 3394 1816 3446 καὶ
1838 3393 1939 3464 τῆς

270 3471 422 3541 ἱερᾶς
450 3469 558 3523 τῶν
595 3472 911 3543 μυστηρίων
938 3471 1161 3543 τελετῆς
1200 3471 1453 3536 ἀξιωθεὶς
1475 3510 1489 3535 ,
1523 3470 1701 3542 πολλῷ
1739 3472 1938 3542 μᾶλλον

269 3549 511 3604 ἐπεδίδου
544 3550 683 3619 πρὸς
710 3551 933 3621 ἀρετήν.
954 3552 1066 3605 Kal
1091 3550 1293 3615 πάντες
1318 3551 1554 3622 ἔχαιρον,
1579 3552 1673 3603 καὶ
1694 3550 1939 3617 ἐδόξαζον

267 3630 359 3683 τὸν
388 3629 539 3693 Θεὸν,
595 3630 675 3683 ὅτι
710 3631 805 3683 καὶ
839 3632 897 3683 ἐν
931 3630 1147 3701 πλούτῳ
1172 3632 1404 3700 τραφεὶς
1431 3634 1477 3696 ε,
1518 3630 1614 3684 καὶ
1645 3632 1942 3701 προγόνους

268 3710 407 3779 ἔχων
433 3709 735 3780 λαμπροὺς,
774 3709 868 3762 καί
903 3709 1107 3779 σφόδρα
1140 3708 1220 3761 ἐτι
1251 3709 1371 3771 νέος
1410 3708 1507 3773 ὢν,
1542 3709 1806 3780 ἐξαίφνης
1837 3712 1944 3765 πᾶ-

272 3807 371 3843 σαν
402 3789 499 3859 τὴν
533 3787 832 3857 φαντασίαν
856 3787 950 3840 τοῦ
975 3786 1089 3858 βίου
1120 3788 1540 3858 καταπατήσας,
1573 3789 1713 3859 πρὸς
1732 3789 1792 3841 τὸ
1811 3788 1944 3858 ῦψος

269 3868 541 3939 ἀνέδραμε
590 3866 651 3919 τὸ
694 3866 967 3937 ἀληθινόν.
1013 3867 1101 3919 Ἐν
1153 3866 1329 3936 τούτῳ
1370 3865 1428 3918 δέ
1470 3867 1632 3919 αὐτὸν
1679 3868 1809 3921 ὄντα
1848 3871 1943 3922 καὶ

270 3946 702 4017 θαυμαζόμενον,
737 3945 927 4015 φθόροι
946 3944 1090 4008 τινὲς
1118 3944 1309 4015 ἄνδρες
1341 3945 1482 3998 κατὰ
1503 3946 1592 3998 τὸν
1615 3948 1713 4016 τῆς
1744 3963 1943 4014 συγγε-

270 4027 419 4090 νείας
445 4024 863 4087 ἐπισκοποῦντες
903 4024 1087 4093 νόμον,
1114 4018 1271 4086 αὖθις
1303 4022 1396 4074 ἐπὶ
1416 4024 1506 4075 τὸν
1529 4024 1793 4094 πρότερον
1817 4023 1943 4077 κλύ-

270 4105 413 4158 δωνα
443 4106 806 4175 ἐπανήγαγον.
846 4104 954 4157 Kal
987 4102 1165 4155 πάντα
1202 4101 1370 4172 ῥίψας
1402 4104 1605 4166 ἐκεῖνα,
1642 4104 1800 4157 πάλιν
1833 4105 1941 4158 ἀπὸ

271 4183 381 4236 τῶν
422 4185 592 4255 ὀρέων
638 4186 715 4247 εἰς
762 4180 932 4253 μέσην
976 4180 1179 4241 εὐθέως
1210 4180 1418 4251 κατέϐη
1461 4181 1560 4253 τὴν
1587 4184 1817 4255 ἀγοράν,
1847 4185 1942 4238 καὶ

270 4263 424 4332 ῖππῳ
448 4262 563 4335 [29]
584 4264 893 4334 ὀχούμενος,
915 4260 1009 4313 καὶ
1028 4258 1353 4321 ἀκολούθους
1372 4259 1510 4328 ἔχων
1531 4263 1779 4327 πολλοὺς,
1801 4263 1944 4316 οῦτω

271 4344 487 4413 περιῄει
533 4343 631 4413 τὴν
668 4342 820 4395 πόλιν
855 4341 1095 4401 ἃπασαν,
1137 4340 1231 4392 καὶ
1264 4337 1382 4390 οὐδὲ
1424 4342 1721 4409 σωφρονεῖν
1759 4341 1942 4394 λοιπὸν

269 4420 478 4492 ἤθελεν.
530 4420 668 4472 Ὑπὸ
693 4422 803 4490 γάρ
837 4422 937 4491 τῆς
972 4418 1175 4489 πολλῆς
1204 4418 1555 4488 ἐκκαιόμενος
1582 4420 1814 4488 τρυφῆς,
1846 4421 1940 4473 καί¹

270 4502 349 4563 εἰς
385 4498 594 4569 ἔρωτας
622 4500 857 4563 ἀτόπους
903 4500 1198 4570 ἐμπίπτειν
1229 4496 1566 4567 ἠναγκάζετο
1585 4539 1599 4562 ,
1641 4501 1735 4552 καὶ
1765 4499 1940 4563 οὐδεὶς

268 4576 337 4651 ἦν
364 4578 472 4631 τῶν
516 4581 573 4631 ἐν
600 4577 751 4648 μέσῳ
786 4580 1191 4650 στρεφομένων,
1231 4580 1377 4643 ὅστις
1403 4580 1499 4650 τὴν
1532 4580 1803 4649 σωτηρίαν
1838 4581 1941 4633 οὐκ

271 4657 613 4729 ἀπηγόρευσε
643 4658 745 4725 τήν
785 4657 999 4711 ἐκείνου
1020 4676 1034 4689 ο
1067 4659 1322 4724 τοσοῦτος
1349 4661 1511 4713 αὐτὸν
1538 4664 1747 4730 συνεῖχε
1779 4661 1941 4716 κολά-

271 4757 382 4793 κων
412 4736 593 4808 ἐσμὸς,
617 4736 711 4788 καὶ
731 4738 938 4806 προσῆν
961 4737 1191 4807 ὀρφανία
1211 4739 1238 4777 ιι
1266 4741 1359 4792 καὶ
1388 4740 1575 4811 νεότης
1597 4741 1691 4794 καὶ
1717 4741 1945 4805 πλοῦτος

271 4818 461 4881 πολύς.
498 4816 608 4869 Kal
633 4817 683 4868 οἰ
714 4816 783 4867 τὰ
824 4815 1001 4869 πάντα
1026 4815 1264 4879 εὐκόλως
1299 4821 1662 4889 μεμφόμενοι,
1694 4821 1801 4875 τῶν
1851 4824 1946 4874 ἐπὶ

268 4898 429 4951 τοῦτο
465 4897 564 4967 τὴν
611 4894 783 4967 ἀρχὴν
817 4894 1133 4963 ἀγαγόντων
1172 4895 1334 4947 αὐτὸν
1378 4900 1718 4967 κατηγόρουν
1760 4900 1945 4968 λέγον-

269 4995 384 5042 τες,
420 4978 502 5031 ὅτι
537 4977 631 5031 καὶ
664 4975 770 5029 τῶν
799 4973 1184 5044 πνευματικῶν
1213 4974 1504 5044 διήμαρτε,
1540 4978 1635 5029 καὶ
1676 4979 1793 5031 οὐδὲ
1833 4983 1945 5044 τοῖς

269 5056 437 5109 αὐτοῦ
477 5057 763 5129 πράγμασι
795 5055 1061 5126 χρήσιμος
1101 5053 1253 5106 ἔσται
1282 5054 1486 5118 λοιπὸν,
1517 5057 1623 5126 πρὸ
1658 5056 1809 5128 ὥρας
1836 5061 1944 5113 τῶν

270 5137 401 5211 περὶ
428 5135 620 5205 λόγους
640 5138 817 5191 πόνων
844 5133 1221 5203 ἀποπηδήσας,
1256 5133 1349 5185 καὶ
1376 5134 1542 5205 μηδὲν
1569 5137 1778 5191 ἐκεῖθεν
1806 5156 1946 5211 καρ-

270 5210 557 5291 πῶσασθαι
598 5216 866 5287 δυνηθείς.
904 5212 1118 5268 Τούτων
1156 5212 1213 5264 δὲ
1259 5212 1568 5284 λεγομένων
1611 5218 1706 5270 καὶ
1744 5218 1945 5291 πολλῆς

266 5289 369 5359 τῆς
402 5294 667 5366 αἰσχύνης
697 5295 893 5367 οὔσης,
930 5292 1073 5363 ἀγιοί
1103 5293 1120 5333 ί
1155 5309 1300 5355 τινες
1329 5293 1522 5366 ἄνδρες
1561 5298 1652 5350 καὶ
1683 5289 1946 5365 πολλάκις

335 5444 497 5512 _‘
525 5461 652 5498 unus
672 5453 729 5499 οὐ
750 5452 923 5501 τοίνυν.

330 5502 361 5542 δ
384 5502 639 5584 ‘Sjclectq
655 5513 792 5571 Sam.
807 5520 861 5563 et
876 5527 994 5584 illo:
1014 5512 1276 5584 περιπέσοι,
1291 5524 1386 5584 oro.
1399 5514 1663 5584 ἐγκείμενος
1684 5524 1733 5567 et
1754 5524 1947 5584 περιπέ-

268 5581 357 5657 «ει-ῃ,Ξ
373 5566 453 5613 AI.
476 5565 543 5614 ib.
560 5571 643 5617 καί
675 5565 991 5683 παὲἀμυθίας,
1014 5565 1561 5647 προτροπῆς’ὐπόδὲιγμα
1587 5565 1942 5645 μέγ.

345 5685 359 5699 1
384 5624 521 5699 £1003
682 5641 737 5681 et
774 5637 908 5687 'avnl.
932 5640 985 5686 in
1009 5648 1226 5699 margine
1246 5636 1327 5683 καὶ
1348 5643 1431 5696 τῆς
1450 5640 1707 5697 πολιτείας.

332 5685 360 5758 εὶ
383 5686 534 5758 βαγίι.
558 5695 616 5758 _et
639 5685 905 5758 unus_
923 5685 1407 5758 μηδέπωυπεσόντωνῖ

329 5716 990 5809 ῗὲἦέιὶἱὸῗιὶιὲἑῖᾜοῗὶὲἷῖ

337 5808 361 5879 ξ
384 5808 540 5879 gain.
568 5818 622 5860 et
649 5826 776 5879 unos
800 5808 944 5879 μόνον
959 5823 1046 5879 τήν
1073 5817 1263 5871 ἑαυτοῦ,

336 5870 664 5951 ures:
714 5876 761 5923 ἐν
785 5870 981 5951 τὲλοιὶῖσρ
1009 5870 1203 5951 ’μᾶλλον
1237 5885 1439 5951 τραφείς.
1468 5884 1708 5951 sumet
1752 5893 1948 5941 υηοεέν

268 5935 465 6014 ξτλούτὲ
662 5938 868 6014 τραφείς.
898 5935 1070 6014 Μόνιέί.
1094 5935 1435 6014 et_unu's_
1463 5948 1510 5996 ἐν
1526 5949 1716 6011 πλούτῳ
1738 5935 1945 6014 {phiala}.

273 5995 635 6073 qunS’aY‘iligt
656 5995 979 6073 aliquot‘mss.
1006 6005 1090 6073 ῷν,
1114 6008 1266 6073 οὕτως
1286 5995 1516 6073 ἐξαίφνης.

336 6057 534 6136 58am;
556 6057 755 6136 eingnug
780 6063 860 6109 καὶ
883 6057 1161 6136 manus)
1209 6057 1337 6131 δρφί
1359 6057 1501 6122 uim?
1527 6070 1675 6121 Savil.
1721 6078 1773 6122 et
1822 6087 1947 6125 unus

273 6122 382 6170 cod.
404 6122 563 6175 πολύς.
590 6124 650 6169 Ol
675 6122 829 6169 τοίνυν
850 6122 927 6171 τά.

341 6183 357 6221 ι
395 6182 529 6233 Unus
552 6183 703 6233 codex
732 6185 957 6250 αἰσχύνης
983 6196 1371 6255 καταχρωμένης,
1425 6198 1566 6259 ἅγιοι.
1616 6195 1738 6247 Infra
1786 6197 1919 6250 Savil

1499 578 1588 630 Al)
1628 577 2059 634 THEODORUM
2100 576 2402 634 LAPSUM.
2445 579 2486 631 1.

3613 572 3717 629 303

2046 694 2303 764 τοιαύτης
2334 692 2509 763 θήρας
2535 692 2903 764 ἐπιτυχόντες,
2936 695 3029 746 καὶ
3051 695 3137 748 διὰ
3166 692 3266 761 τῆς
3297 689 3488 759 πείρας
3524 688 3725 759 μαθόν-

2044 790 2136 836 τες
2166 772 2385 835 καλῶς,
2432 772 2515 823 ὅτι
2546 773 2698 826 οὐδὲν
2743 772 2853 825 τῶν
2897 774 3152 826 τοιούτων
3183 768 3582 837 ἀπογινώσκειν
3614 768 3723 839 χρὴ

2042 855 2164 915 ταῖς
2193 854 2273 915 εἰς
2306 850 2398 903 τὸν
2430 850 2562 903 Θεὸν
2592 849 2987 921 ὀπλιζομένους
3018 851 3228 911 ἐλπίσι,
3275 844 3725 919 παρατηροῦντες

2039 931 2205 984 αὐτὸν
2245 929 2487 999 συνεχῶς
2506 969 2519 992 ,
2553 931 2604 983 εί
2636 947 2767 984 ποτε
2798 924 2937 982 εἶδον
2972 930 3212 998 φανέντα
3241 931 3333 979 ἐπὶ
3364 928 3463 997 τῆς
3493 924 3722 994 ἀγορᾶς.

2040 1010 2136 1062 xal
2168 1010 2483 1080 προσῄεσαν
2510 1009 2603 1060 καί
2628 1008 2962 1078 ήσπάζοντο.
2995 1008 3106 1061 Καὶ
3131 1007 3193 1059 τὸ
3224 1008 3320 1076 μὲν
3345 1006 3562 1077 πρῶτον
3591 1003 3729 1057 ἀνω-

2041 1087 2133 1141 θεν
2175 1090 2361 1150 αὐτοῖς
2407 1090 2612 1150 ἐκεῖνος
2649 1087 2759 1140 ἀπὸ
2795 1085 2893 1139 τοῦ
2930 1082 3626 1158 ἵππουπαρακολουθοῦσιν
3661 1081 3727 1131 ἐκ

2042 1168 2291 1237 πλαγίων
2314 1165 2616 1233 διελέγετο*
2647 1165 2889 1234 τοσαύτη
2914 1168 3163 1235 κατεῖχεν
3193 1165 3355 1218 αὐτὸν
3374 1158 3727 1230 ἀναισχυντία

2037 1250 2138 1319 τὴν
2178 1248 2378 1319 ἀρχήν.
2423 1247 2486 1298 Oi
2517 1246 2573 1297 δὲ
2621 1245 2985 1315 εὐσπλαγχνοι
3028 1248 3121 1297 καὶ
3172 1244 3488 1314 φιλόπαιδες
3524 1243 3725 1293 ἐκεῖνοι

2038 1328 2243 1381 τούτων
2291 1326 2391 1398 μὲν
2424 1325 2719 1397 ᾐσχύνοντο
2760 1325 2937 1390 οὐδὲν,
2976 1324 3057 1386 είς
3102 1323 3159 1375 ἐν
3197 1325 3253 1376 δὲ
3314 1323 3473 1392 μόνον
3510 1320 3722 1398 ἐῶρων,

2038 1406 2185 1469 ὅπως
2210 1396 2320 1459 τῶν
2348 1396 2530 1458 λύκων
2561 1404 2622 1458 τὸ
2646 1405 2833 1476 ἀρνίον
2868 1403 3266 1457 ἀποσπάσωσιν
3286 1419 3301 1434 υ
3346 1402 3484 1471 ὅπερ
3510 1396 3604 1453 οὖν
3632 1399 3727 1451 καὶ

2038 1482 2126 1536 διὰ
2152 1486 2252 1555 τῆς
2283 1484 2578 1556 καρτερίας
2600 1486 2822 1554 ῆνυσαν.
2849 1484 3118 1553 ’Ύστερον
3147 1483 3256 1554 γάρ
3278 1480 3467 1552 ὥσπερ
3493 1479 3557 1533 ἐκ
3582 1494 3727 1538 τινος

2042 1564 2426 1633 παραπληξίας
2454 1567 2511 1616 ἐν
2544 1562 2722 1633 ἑαυτῷ
2752 1564 3046 1632 γενόμενος
3075 1564 3305 1626 ἐκεῖνος,
3342 1561 3434 1615 κα¹ι
3461 1560 3563 1629 τὴν
3593 1556 3728 1611 πολ-

2039 1639 2137 1712 λὴν
2159 1643 2336 1695 αὐτῶν
2363 1641 2722 1714 προσεδρείαν
2750 1642 3103 1713 ἐρυθριάσας,
3132 1640 3185 1692 εἴ
3212 1658 3342 1692 ποτε
3367 1639 3562 1699 αὐτοὺς
3588 1635 3725 1707 πόρ-

2042 1720 2216 1791 ρωθεν
2238 1724 2561 1792 προσιόντας
2592 1717 2752 1785 εἶδεν,
2789 1720 3079 1792 ἀπεπήδαὶ
3116 1737 3174 1774 τε
3206 1720 3428 1783 εὐθέως,
3459 1718 3555 1771 καὶ
3575 1715 3731 1769 κάτω

2038 1799 2214 1855 νεύων
2243 1801 2386 1855 οῦτω
2410 1803 2550 1872 μετά
2572 1803 2731 1872 σιγῆς
2754 1802 2823 1855 τὰ
2854 1805 2987 1874 παρ’
3008 1802 3234 1856 ἐκείνων
3257 1803 3454 1872 ἤκουεν
3486 1799 3725 1859 ἅπαντα,

2039 1879 2136 1933 καὶ
2162 1878 2370 1952 προῖὼν
2394 1879 2618 1933 πλείονα
2636 1880 2736 1950 τὴν
2758 1882 2896 1951 πρὸς
2912 1882 3111 1944 αὐτοὺς
3129 1881 3263 1933 αἰδῶ
3311 1881 3406 1933 καὶ
3439 1878 3607 1948 τιμὴν
3628 1878 3729 1928 ἐπ-

2041 1958 2338 2013 εδείκνυτο.
2384 1960 2494 2013 Kal
2540 1959 2714 2022 οὕτως
2741 1960 2906 2013 αὐτὸν
2944 1961 3086 2014 κατὰ
3133 1961 3326 2031 μικρὸν
3356 1962 3424 2029 τῇ
3461 1958 3555 2011 τοῦ
3589 1956 3729 2009 Θεοῦ

2039 2038 2222 2109 χάριτι
2258 2040 2477 2093 πάντων
2522 2040 2749 2095 ἐκείνων
2793 2040 3183 2106 ἐξελκύσαντες
3215 2040 3323 2093 τῶν
3362 2036 3615 2103 δικτύων,
3660 2039 3727 2107 τῇ

2041 2118 2282 2190 προτέρᾳ
2323 2118 2490 2171 πάλιν
2534 2118 2743 2191 ἐρημίᾳ
2792 2120 2886 2173 καὶ
2915 2119 3204 2190 φιλοσοφίᾳ
3240 2118 3586 2189 παρέδωκαν.
3620 2115 3731 2167 Kal

2041 2196 2132 2248 ἐπὶ
2175 2197 2428 2251 τοσοῦτον
2455 2198 2665 2269 ἔλαμψε
2693 2197 2808 2262 νῦν,
2846 2199 2924 2262 ὡς
2948 2198 3041 2252 τόν
3076 2199 3338 2270 πρότερον
3370 2195 3535 2250 αὐτοῦ
3568 2194 3681 2265 βίον
3702 2193 3726 2232 κ

2040 2275 2120 2345 τῷ
2165 2277 2303 2346 μετὰ
2329 2278 2430 2347 τὴν
2454 2276 2727 2331 ἔκπτωσιν
2758 2278 3245 2350 παραϐαλλόμενον
3279 2276 3444 2346 μηδὲν
3474 2270 3616 2327 εἶναι
3643 2272 3730 2324 δο-

2043 2358 2180 2409 κεῖν.
2210 2355 2447 2409 Συνιδὼν
2473 2356 2583 2425 γὰρ
2609 2358 2719 2410 ἀπὸ
2742 2358 2840 2427 τῆς
2868 2357 3066 2427 πείρας
3091 2356 3273 2418 καλῶς
3306 2354 3369 2407 τό
3395 2354 3607 2424 δέλεαρ,
3636 2352 3734 2405 καὶ

2043 2435 2223 2489 πάντα
2239 2438 2318 2500 εἰς
2334 2438 2462 2498 τοὺς
2489 2437 2780 2507 δεομένους
2800 2437 3087 2499 ἀναλώσας
3108 2436 3201 2488 τὸν
3225 2435 3473 2496 πλοῦτον,
3500 2434 3596 2487 καὶ
3618 2433 3729 2484 τῶν

2044 2517 2344 2586 φροντίδων
2373 2516 2654 2582 ἀπολύσας
2683 2517 2875 2572 ἐαυτὸν
2906 2518 3149 2578 ἐκείνων,
3186 2518 3366 2571 πᾶσαν
3403 2518 3514 2577 τοῖς
3540 2512 3727 2583 βουλο-

2047 2598 2229 2667 μένοις
2254 2597 2627 2651 ἐπιϐουλεύειν
2653 2599 2878 2669 ἐξέκοψε
2913 2601 3012 2668 τὴν
3038 2599 3312 2669 πρόφασιν
3331 2614 3343 2627 ⁸
3377 2596 3475 2649 καὶ
3505 2595 3601 2648 νῦν
3631 2593 3732 2663 τὴν

2042 2677 2136 2729 ἐπὶ
2158 2676 2249 2732 τὸν
2269 2679 2497 2750 οὐρανὸν
2530 2678 2760 2748 βαδίζων
2787 2680 2931 2742 ὁδὸν,
2963 2679 3103 2750 πρὸς
3120 2679 3253 2732 αὐτὸ
3279 2676 3466 2730 λοιπὸν
3486 2675 3549 2728 τὸ
3575 2674 3732 2736 τέλος

2041 2755 2243 2825 ἔφθασε
2270 2758 2369 2828 τῆς
2401 2759 2626 2829 ἀρετῆς.
2645 2758 2787 2811 Ἀλλ’
2804 2754 2961 2822 οὗτος
2994 2758 3091 2829 μὲν
3114 2758 3192 2812 ἐτι
3217 2758 3339 2820 νέος
3366 2755 3441 2808 ῶν
3457 2756 3551 2808 καίΙ
3591 2770 3727 2807 κατ-

2040 2835 2207 2889 έπεσε
2250 2836 2346 2889 καὶ
2373 2837 2597 2907 ἀνέστη’
2623 2836 2812 2906 ἐτερος
2835 2836 2892 2889 δέ
2913 2853 2999 2900 τις
3022 2836 3161 2906 μετά
3180 2837 3308 2899 τούς
3329 2833 3558 2895 πολλοὺς
3580 2830 3731 2901 ἱδρῶ·

2040 2931 2160 2978 τας,
2187 2913 2278 2979 οὓς
2306 2916 2364 2968 ἐν
2391 2918 2512 2979 ταῖς
2535 2915 2795 2988 ἐρημίαις
2821 2915 3113 2986 διατρίϐων
3135 2915 3386 2985 ῆνεγκεν,
3421 2912 3517 2967 ἕνα
3548 2909 3729 2963 σύνοι-

2042 3011 2137 3047 κον
2171 2993 2309 3063 ἐχων
2345 2995 2524 3064 μόνον,
2571 2996 2666 3049 καὶ
2708 2994 3001 3063 ἀγγελικόν
3052 2993 3167 3064 βίον
3209 2994 3391 3063 βιοὺς,
3437 2990 3534 3043 καὶ
3590 2988 3733 3059 πρὸς

2042 3074 2219 3142 γῆρας
2247 3072 2487 3127 ἐλαύνων
2516 3073 2723 3137 λοιπὸν,
2751 3075 2853 3127 οὐκ
2880 3069 2995 3126 οῖδα
3022 3073 3141 3135 πῶς
3170 3073 3277 3126 ὐπὸ
3314 3070 3608 3137 σατανικῆς
3646 3086 3728 3120 τι-

2044 3172 2133 3218 νος
2174 3156 2552 3227 περιστάσεως
2580 3154 2800 3210 καὶτοῦ
2846 3154 3219 3220 ἀπνυστάξαι
3260 3153 3457 3225 μικρὸν
3495 3150 3732 3219 πάροδον

2043 3238 2169 3302 δοὺς
2191 3239 2270 3308 τῷ
2298 3238 2547 3309 Πονηρῷ,
2578 3240 2658 3300 εἰς
2685 3236 2983 3308 ἐπιθυμίαν
3010 3237 3111 3307 τῆς
3138 3236 3272 3307 πρὸς
3298 3237 3565 3304 γυναῖκας
3601 3233 3728 3299 ὀμι-

2041 3321 2163 3386 λίας
2191 3322 2465 3385 ἐνέπεσεν,
2495 3324 2523 3374 ὀ
2556 3320 2828 3391 μηδέποτε
2858 3323 3093 3388 γυναῖκα
3135 3318 3259 3373 ἰδὼν
3288 3318 3350 3383 ἐξ
3373 3311 3435 3371 οὗ
3468 3315 3607 3387 πρὸς
3638 3312 3731 3365 τὸν

2041 3404 2151 3459 τῶν
2192 3404 2443 3475 μοναχῶν
2476 3402 2591 3472 βίον
2636 3401 2937 3473 μετέθηκεν
2971 3401 3185 3454 ἐαυτόν.
3372 3398 3483 3451 Kal
3510 3395 3731 3465 πρῶτον

2045 3488 2146 3559 μὲν
2179 3487 2331 3557 ἠξίου
2361 3487 2452 3540 τὸν
2485 3486 2731 3539 σύνοικον
2759 3485 2900 3556 κρέα
2937 3484 3032 3539 καὶ
3056 3481 3198 3538 οἶνον
3226 3481 3375 3554 αὐτῷ
3405 3481 3729 3553 παρασχεῖν,

2042 3573 2138 3625 καὶ
2165 3570 2398 3641 ἠπείλει,
2432 3570 2481 3622 εί
2512 3570 2587 3639 μὴ
2613 3568 2791 3629 λάϐοι,
2820 3566 3247 3621 κατελεύσεσθαι
3269 3568 3349 3630 εἰς
3373 3565 3473 3635 τὴν
3500 3562 3727 3632 ἀγοράν.

2043 3654 2229 3708 Ταῦτα
2271 3654 2329 3706 δὲ
2366 3653 2464 3723 οὐχ
2512 3652 2655 3705 οὐτω
2688 3649 2908 3722 κρεῶνι
2953 3652 3235 3723 ἐπιθυμῶν
3265 3651 3469 3717 ἔλεγεν,
3507 3646 3621 3701 ἀλλ’
3654 3646 3730 3708 ῶς

2046 3737 2300 3808 ἀφορμήν
2331 3753 2452 3789 τινα
2490 3735 2584 3788 καὶ
2618 3735 2892 3805 πρόφασιν
2936 3734 3258 3804 βουλόμενος
3287 3732 3473 3786 λαϐεῖν
3511 3730 3611 3801 τῆς
3652 3731 3733 3790 είς

2046 3821 2145 3890 τὴν
2178 3820 2331 3872 πόλιν
2377 3818 2626 3872 καθόδου.
2687 3816 2811 3870 Ἐπὶ
2842 3816 3057 3881 τούτοις
3107 3820 3315 3879 ἐκεῖνος
3359 3814 3733 3885 ἀπορούμενος

2046 3901 2141 3954 xal
2174 3900 2457 3965 δεδοικὼς,
2514 3899 2589 3971 μὴ
2620 3898 2777 3953 τοῦτο
2808 3900 3061 3963 κωλύσας
3113 3901 3206 3953 ἐπὶ
3238 3900 3383 3968 μέγα
3419 3898 3580 3950 αὐτὸν
3614 3895 3730 3966 ὤσῃ

2045 3985 2236 4047 κακὸν,
2261 3984 2477 4036 δίδωσιν
2499 3983 2878 4053 ἐμφορηθῆναι
2897 3983 2998 4052 τῆς
3029 3982 3325 4052 ἐπιθυμίας
3347 3980 3513 4050 αὐτῷ.
3555 3979 3644 4041 Ὠς
3674 3977 3733 4031 δὲ

2043 4066 2185 4133 ἔγνω
2216 4066 2277 4117 τὸ
2308 4065 2471 4133 σοφὸν
2497 4064 2657 4117 τοῦτο
2679 4064 2845 4118 ἕωλον
2876 4065 3121 4134 γεγονὸς,
3153 4064 3404 4135 φανερῶς
3434 4065 3731 4131 ἀναισχυν-

2043 4151 2211 4221 τήσας
2250 4148 2458 4209 λοιπὸν,
2488 4147 2804 4217 ἀπεκάλυψε
2832 4148 2933 4219 τὴν
2962 4149 3277 4219 ὑπόκρισιν,
3312 4146 3408 4201 καὶ
3437 4146 3547 4199 δεῖν
3578 4144 3731 4212 ἔλεγε

2049 4232 2267 4294 πάντως
2300 4233 2379 4295 εἰς
2430 4229 2528 4300 τὴν
2563 4231 2717 4284 πόλιν
2760 4231 2923 4285 αὐτὸν
2968 4232 3272 4285 κατελθεῖν.
3332 4232 3419 4293 Ὠς
3464 4230 3521 4282 δὲ
3580 4228 3731 4281 οὐδὲν

2050 4317 2203 4385 ἴσχυε
2239 4313 2464 4366 κωλύων
2493 4316 2721 4378 ἐκεῖνος,
2751 4314 2903 4377 τέλος
2939 4316 3140 4385 ἀφῆκε,
3175 4315 3270 4367 xal
3301 4312 3582 4382 πόρρωθεν
3604 4312 3732 4365 ἀκο-

2047 4395 2257 4448 λουθῶν
2290 4397 2549 4467 ἐπετήρει
2615 4397 2668 4449 τί
2701 4414 2834 4449 ποτε
2883 4398 2990 4469 ἄρα
3051 4397 3199 4466 αὐτῴ
3246 4396 3494 4465 βούλεται
3522 4394 3660 4463 αῦτη
3695 4397 3729 4464 ή

2045 4478 2296 4541 κάθοδος.
2314 4478 2533 4532 Ἰδὼνδέ
2567 4481 2647 4543 είς
2675 4483 3071 4551 χαμαιτυπεῖον
3083 4480 3417 4544 εἰσελθόντα,
3448 4479 3542 4532 καὶ
3568 4477 3731 4546 γνοὺς

2042 4561 2125 4614 ὅτι
2151 4561 2329 4633 πόρνῃ
2366 4562 2667 4630 συγγέγονε
2694 4564 2935 4629 γυναικὶ,
2977 4564 3303 4635 περιμείνας
3339 4560 3477 4632 μετὰ
3505 4560 3567 4612 τὸ
3596 4559 3732 4629 πλη-

2047 4642 2218 4713 ρῶσαι
2246 4643 2347 4713 τὴν
2378 4643 2581 4696 ἄτοπον
2604 4644 2904 4714 ἐπιθυμίαν
2935 4647 3167 4714 ἐκείνην,
3196 4644 3481 4709 ἐξελθόντα
3509 4641 3731 4705 ὑπτίαις

2045 4725 2262 4795 δέχεται
2312 4727 2433 4788 ταῖς
2486 4726 2678 4795 χερσὶ,
2716 4727 2811 4779 καὶ
2850 4727 3168 4797 περιχυθεὶς
3210 4726 3304 4779 καὶ
3345 4725 3727 4794 καταφιλήσαςΙ

2048 4806 2267 4879 θερμῶς
2279 4816 2339 4872 ω,
2371 4807 2466 4859 καὶ
2498 4806 2641 4876 ὐπέρ
2668 4806 2777 4859 τῶν
2810 4807 3195 4877 γεγενημένων
3224 4807 3530 4877 ἐγκαλέσας
3557 4806 3724 4870 οὐδὲν,

2049 4890 2353 4962 παρεκάλει
2389 4889 2567 4960 μόνον,
2609 4889 2801 4959 ἐπειδὴ
2832 4890 2932 4959 τὴν
2977 4888 3275 4961 ἐπιθυμίαν
3308 4890 3593 4960 ἐπλήρωσε
3631 4890 3730 4957 τὴν

2049 4974 2266 5038 ἑαυτοῦ,
2316 4974 2477 5027 πάλιν
2524 4974 2616 5026 ἐπὶ
2646 4972 2708 5025 τὸ
2734 4973 2838 5043 τῆς
2880 4974 3116 5045 ἐρημίας
3149 4975 3460 5043 οἰκητήριον
3502 4972 3731 5023 ἐπανελ-

2049 5056 2181 5109 θεῖν.
2228 5059 2286 5109 ὐ
2319 5057 2375 5110 δὲ
2411 5059 2509 5127 τὴν
2564 5057 2764 5129 πολλὴν
2820 5058 3120 5110 ἐπιείκειαν
3168 5055 3335 5109 αὐτοῦ
3392 5055 3727 5125 αἰσχυνθεὶς,

2049 5135 2261 5205 ἐπλήγη
2295 5152 2357 5188 τε
2388 5136 2593 5200 εὐθέως
2620 5136 2718 5207 τὴν
2756 5136 2949 5206 ψυχὴν,
2983 5136 3077 5188 xal
3120 5135 3447 5203 κατανυγείς
3483 5137 3575 5186 ἐπί⁵
3614 5136 3729 5195 τοῖς

2046 5214 2415 5285 τολμηθεῖσιν,
2464 5216 2649 5268 εἵπετο
2675 5214 2811 5285 πρὸς
2846 5214 2906 5265 τὸ
2931 5213 3055 5285 ὅρος
3094 5212 3244 5284 αὐτῷ
3266 5231 3280 5245 ·
3312 5214 3408 5266 καὶ
3437 5214 3731 5282 γενόμενος

2048 5297 2165 5349 ἐκεῖ
2193 5294 2364 5347 δεῖται
2404 5292 2500 5346 τοῦ
2534 5292 2727 5363 ἀνδρὸς
2750 5332 2765 5356 ,
2807 5294 2865 5344 ἐν
2896 5293 3126 5365 οἰκίσκῳ
3157 5310 3218 5346 τε
3247 5293 3407 5346 αὐτὸν
3444 5290 3727 5362 καθεῖρξαι

2050 5374 2241 5445 ἑτέρῳ,
2270 5374 2365 5427 καὶ
2397 5373 2493 5435 τάς
2524 5370 2694 5444 θύρας
2714 5382 2739 5408 ο
2770 5372 3175 5427 ἀποκλείσαντα
3201 5373 3293 5426 τοῦ
3322 5372 3595 5441 δωματίου
3625 5372 3728 5442 ἄρ-

2048 5518 2104 5566 οὐ
2147 5517 2216 5566 δεῖ
2259 5518 2353 5565 τῶν
2392 5515 2622 5563 τοιούτων
2663 5515 3009 5577 ἀπογινώσκειν
3059 5515 3285 5578 χρησταῖς
3322 5516 3386 5570 εἰς
3427 5515 3565 5564 Θεὸν.
3618 5515 3730 5565 Duo

2049 5592 2163 5628 mss.
2194 5580 2363 5627 οὐδένα
2383 5580 2479 5625 τῶν
2500 5578 2749 5625 τοιούτων.

2115 5642 2131 5690 l
2168 5641 2319 5689 Savil.
2356 5648 2410 5688 et
2452 5652 2625 5688 omnes
2668 5651 2797 5698 pene
2821 5651 2934 5684 mss.
2970 5637 3399 5695 ἀπεπήδα.Μοτεὶ.
3427 5640 3724 5696 ἀπεπήδησε,

2051 5708 2107 5750 et
2130 5710 2302 5761 postea
2342 5704 2570 5760 ἤκουσεν,
2617 5703 2765 5762 τηειρ.
2815 5698 2934 5746 Ibid.
2998 5698 3152 5749 Savil.
3197 5710 3252 5749 et
3290 5700 3459 5749 Morel.
3500 5702 3726 5762 προσιών.

2050 5758 2254 5826 Aliquot
2276 5758 2397 5826 ipss.
2422 5758 2619 5826 προϊών.
2643 5758 2837 5808 melius.

2114 5821 2247 5873 k'Sic
2268 5824 2423 5873 Savil.
2463 5821 2519 5871 'et
2556 5836 2644 5871 sex
2691 5835 2807 5870 mss.
2838 5828 2993 5885 recte.
3032 5822 3205 5874 Morel.
3252 5830 3305 5873 et
3347 5821 3428 5871 alii
3463 5822 3585 5885 βίου.
3613 5821 3726 5871 Mox

2052 5887 2238 5948 aliquot
2281 5899 2381 5933 mss
2434 5885 2568 5948 οὐδὲν
2593 5885 2710 5948 εἶναι
2732 5884 2911 5932 δοκεῖν.
2938 5884 3068 5935 Infra
3100 5888 3286 5947 aliquot
3325 5898 3442 5932 mss.
3466 5884 3729 5947 φροντίδων

2052 5946 2320 6003 ἀπαλλάξας
2342 5947 2509 5994 ἑαυτὸν
2544 5946 2755 5993 ἐκείνων.

2124 6014 2134 6049 ι
2171 6012 2321 6060 Savil.
2359 6014 2413 6057 et
2442 6010 2633 6069 aliquot
2650 6022 2765 6057 mss.
2792 6009 2880 6071 οὐχ
2903 6009 2974 6056 ὅτι
2996 6011 3166 6072 κρεῶν,
3189 6010 3350 6072 mjnu§
3370 6013 3526 6055 lecte.

2113 6074 2151 6102 ω
2188 6072 2388 6135 Aliquot
2426 6082 2540 6118 mss.
2588 6072 2915 6132 καταφιλήσας
2960 6070 3193 6135 σφοδρῶς.
3228 6070 3381 6120 Paulo
3420 6077 3532 6132 post
3567 6070 3727 6120 delidl

2052 6138 2253 6196 penitus
2276 6133 2411 6184 Colb.
2438 6145 2581 6196 unus.

2117 6199 2143 6225 “
2174 6197 2376 6260 Aliquot
2398 6208 2511 6245 mss.
2537 6194 2620 6252 τὰς
2641 6193 2841 6259 θυρίδας.
