4506 6718
850 503 951 559 307

849 616 1159 686 spictentes,
1185 634 1304 674 cum
1353 621 1680 690 impudentia
1712 639 1897 691 magna
1929 635 2145 694 peccata
2185 641 2279 680 sua
2311 642 2431 696 per-

850 709 977 764 inde
1017 721 1174 779 alque
1229 711 1396 763 aliena
1438 713 1685 766 omnibus
1714 713 2060 781 proclamant.
2093 716 2262 769 Nolim
2305 732 2431 771 sane

851 812 904 855 te
953 818 1018 856 ex
1064 803 1274 856 illorum
1325 819 1551 858 numero
1594 818 1751 868 esse,
1807 805 1890 858 vel
1945 823 2010 862 ex
2064 809 2431 877 desperatione

844 892 1231 948 confessionem
1303 896 1494 961 edere,
1552 894 1646 948 sed
1701 910 1820 949 cum
1872 898 2008 953 bona
2079 917 2214 971 spe,
2254 904 2430 956 omni-

842 1000 946 1054 que
991 997 1198 1041 resecta
1254 987 1640 1057 desperationis
1693 989 1874 1044 radice
1934 996 2257 1048 contrarium
2309 993 2432 1050 huic

844 1078 1079 1132 studium
1111 1079 1383 1132 exhibere.
1412 1079 1668 1149 Quwnam
1713 1096 1884 1137 mater
1911 1095 1965 1138 et
1993 1087 2142 1140 radix
2172 1087 2427 1156 despera-

847 1170 1004 1223 tionis
1033 1171 1153 1224 est?
1180 1170 1393 1240 Ignavia
1443 1191 1458 1228 :
1503 1175 1611 1229 imo
1662 1192 1765 1230 non
1799 1178 1947 1231 radix
1986 1180 2144 1233 modo
2188 1191 2425 1244 vocetur,

843 1259 935 1313 sed
978 1262 1136 1314 etiam
1165 1264 1342 1316 nutrix
1383 1276 1436 1317 et
1480 1275 1666 1320 mater.
1718 1267 2171 1334 Quemadmodum
2206 1270 2344 1322 enim
2376 1271 2425 1322 in

845 1352 960 1402 lana
992 1353 1166 1406 tineas
1197 1354 1365 1422 gignit
1393 1357 1663 1422 corruptio
1688 1396 1700 1416 ,
1732 1372 1850 1424 qua:
1882 1368 2062 1423 postea
2108 1358 2174 1408 ab
2206 1359 2308 1410 illis
2337 1375 2428 1411 au-

847 1454 1039 1512 getur:
1068 1446 1145 1499 sic
1175 1446 1332 1499 etiam
1361 1445 1446 1500 hic
1485 1447 1690 1515 ignavia
1720 1447 2144 1517 desperationem
2180 1451 2342 1517 parit,
2375 1461 2430 1506 et

846 1545 1027 1601 postea
1058 1550 1086 1587 a
1113 1535 1483 1604 desperatione
1522 1537 1702 1601 alitur,
1736 1549 1789 1593 et
1832 1539 2004 1594 ambae
2051 1550 2235 1595 mutuo
2273 1556 2430 1595 exse-

839 1625 1095 1680 crandum
1123 1626 1224 1680 sibi
1252 1637 1543 1697 procurant
1572 1633 1954 1687 incrementum
1974 1675 1989 1700 ,
2021 1649 2122 1689 nec
2167 1635 2428 1690 modicam

838 1720 1201 1772 accessionem
1231 1722 1465 1789 capiunt.
1509 1721 1564 1776 Si
1592 1725 1709 1790 quis
1737 1725 1896 1792 igitur
1922 1726 2143 1780 alteram
2184 1727 2431 1796 praesciu-

841 1805 953 1873 dat,
987 1811 1257 1864 residuam
1285 1813 1509 1868 alteram
1539 1812 1693 1866 facile
1725 1813 1920 1880 poterit
1949 1831 2225 1883 superare.
2258 1816 2427 1870 Num-

840 1913 998 1966 quam
1022 1900 1164 1952 enim
1196 1900 1285 1968 qui
1324 1917 1428 1953 non
1461 1901 1714 1969 torpescit
1745 1901 1795 1955 in
1823 1901 2248 1972 desperationem
2281 1904 2427 1958 labe-

841 1996 946 2051 tur,
981 2003 1153 2056 neque
1176 1990 1263 2058 qui
1293 1990 1452 2044 alitur
1482 2005 1576 2060 spe
1602 1992 1763 2056 bona,
1793 2008 1890 2046 nec
1912 1993 2147 2048 animum
2187 1995 2423 2063 despon-

838 2078 949 2143 det,
980 2095 1215 2147 unquam
1247 2081 1443 2151 potcrit
1488 2083 1538 2135 in
1566 2084 1840 2152 segnitiem
1871 2083 2082 2138 cadere.
2117 2086 2218 2138 Par
2247 2086 2425 2156 itaque

841 2171 971 2225 illud
1015 2172 1225 2234 divellc,
1255 2183 1308 2227 et
1330 2174 1516 2247 jngum
1556 2175 1830 2243 confringe
1852 2217 1868 2239 ,
1902 2177 2103 2230 variam
2132 2177 2250 2233 dico
2281 2178 2424 2232 illam

836 2270 891 2314 et
916 2278 1126 2330 gravem
1153 2264 1527 2332 cogitationem
1551 2282 1564 2317 :
1593 2281 1770 2336 neque
1801 2268 1942 2321 enim
1974 2267 2063 2322 illa
2089 2285 2208 2338 quas
2229 2278 2428 2324 utram-

848 2367 954 2418 que
995 2353 1392 2421 complectitur,
1422 2356 1577 2410 unius
1620 2366 1703 2410 est
1733 2356 1951 2424 formae,
2001 2359 2095 2413 sed
2143 2361 2342 2414 variam
2373 2370 2428 2416 et

834 2443 1197 2497 omnimodam
1229 2446 1462 2512 speciem
1493 2446 1724 2514 prchert.
1755 2447 2010 2514 Quarnam
2039 2459 2121 2504 est
2146 2449 2426 2504 illa‘ICou-

837 2535 995 2601 tingit
1018 2535 1301 2604 aliquando
1343 2537 1689 2604 ptenitentem
1724 2540 1889 2593 multa
1917 2550 2063 2594 recte
2093 2551 2146 2595 et
2166 2542 2426 2612 praeclare

833 2640 991 2693 agere
1024 2643 1037 2678 :
1074 2625 1392 2695 interimque
1433 2642 1463 2680 a
1492 2627 1644 2681 bonis
1665 2629 1915 2696 operibus
1954 2631 2061 2685 labi
2099 2647 2194 2700 per
2218 2633 2422 2700 peccati

840 2716 968 2786 ipsis
996 2725 1144 2770 recte
1193 2715 1345 2770 factis
1393 2719 1646 2786 gravitate
1672 2719 1853 2786 paria:
1886 2727 1940 2773 et
1975 2719 2075 2773 hoc
2109 2721 2341 2774 maxime
2370 2722 2422 2774 in

835 2808 1258 2876 desperationem
1305 2807 1522 2874 injicere
1563 2808 1741 2872 valet;
1794 2823 1856 2861 ac
1895 2809 1939 2862 si
1987 2824 2052 2864 ea
2118 2825 2239 2878 quae
2285 2825 2419 2864 con-

843 2906 1045 2951 structa
1078 2896 1286 2950 fuerant
1311 2897 1482 2951 diruta
1509 2899 1649 2964 sint,
1680 2909 1735 2953 et
1782 2900 1973 2954 frustra
2019 2901 2246 2956 cesserit
2271 2901 2425 2955 labor

833 2989 886 3042 in
915 2989 1017 3044 illis
1045 2988 1285 3059 agendis.
1314 2988 1536 3058 Oportet
1561 2999 1740 3044 autem
1771 2991 1874 3046 hoc
1916 3002 2096 3048 mente
2137 3002 2387 3063 reputare
2406 3034 2422 3058 ,

834 3089 891 3132 et
932 3079 1069 3134 hanc
1116 3080 1489 3149 cogitationem
1530 3079 1846 3150 depellere:
1893 3086 2143 3152 quoniam
2189 3085 2234 3138 si
2280 3093 2425 3139 recte

832 3167 1091 3224 factorum
1115 3184 1414 3223 mensuram
1439 3210 1455 3236 ,
1488 3171 1747 3240 aqualem
1791 3173 2020 3241 peccatis
2041 3216 2054 3237 ,
2086 3191 2205 3244 qua:
2236 3183 2420 3244 postea

833 3261 1120 3315 commissa
1140 3270 1288 3324 sunt,
1311 3276 1419 3314 non
1439 3261 1734 3330 depositam
1755 3261 2068 3329 habeamus,
2096 3265 2229 3319 nihil
2251 3265 2422 3334 prohi-

834 3351 981 3406 bebit
1020 3352 1305 3422 quominus
1341 3355 1555 3421 penitus
1581 3353 1964 3423 deprimamur.
1995 3357 2063 3410 At
2106 3367 2250 3412 recte
2278 3356 2420 3411 facta

834 3441 923 3496 illa
952 3453 1080 3496 sunt
1117 3441 1279 3496 veluti
1330 3442 1523 3497 thorax
1563 3442 1740 3509 fortis,
1770 3445 1859 3515 qui
1889 3456 2102 3500 acutum
2145 3447 2424 3501 acerbum-

835 3548 941 3602 que
971 3534 1135 3587 telum
1174 3533 1418 3602 reprimit
1444 3550 1510 3589 ne
1539 3550 1674 3604 opus
1700 3551 1853 3590 suum
1883 3538 2154 3605 perficiat,
2187 3539 2280 3592 sed
2311 3539 2422 3608 ipse

834 3624 1097 3678 discissus
1130 3625 1353 3678 multum
1403 3625 1622 3694 periculi
1668 3637 1907 3681 removet
1956 3642 1986 3681 a
2015 3643 2259 3696 corpore.
2287 3629 2419 3683 Nam

833 3717 922 3785 qui
953 3731 1073 3770 cum
1113 3717 1294 3771 multis
1331 3725 1442 3771 tum
1492 3716 1646 3772 bonis
1682 3726 1792 3772 tum
1831 3719 1986 3774 malis
2012 3721 2261 3790 operibus
2296 3722 2421 3775 illuc

832 3809 1090 3872 abscedit,
1122 3807 1344 3863 habebit
1386 3808 1585 3877 aliquid
1633 3808 1813 3862 solatii
1846 3810 1898 3863 in
1945 3811 2204 3879 supplicio
2228 3852 2243 3876 ,
2288 3813 2419 3866 etin

835 3899 1195 3964 cruciatibus;
1239 3899 1328 3968 qui
1372 3907 1551 3953 autem
1607 3899 1870 3954 bonorum
1923 3915 2144 3968 operum
2189 3917 2418 3971 expers,

835 3989 967 4044 mala
998 3996 1206 4041 tantum
1243 4002 1425 4041 secum
1457 3986 1669 4052 defert,
1696 3988 1803 4043 dici
1839 3990 2020 4058 nequit
2050 4000 2244 4059 quanta
2293 4006 2416 4060 pas—

833 4094 990 4132 surus
1014 4079 1122 4143 sit,
1149 4077 1215 4132 ad
1241 4087 1501 4132 :eternum
1531 4079 1846 4148 supplicium
1877 4080 2167 4149 ablegatus.
2207 4083 2416 4137 Etenim

833 4174 940 4227 illic
969 4173 1337 4242 appendentur
1359 4189 1519 4242 opera
1574 4174 1714 4227 mala
1739 4216 1754 4239 ,
1785 4190 1905 4228 cum
1927 4175 2043 4228 aliis
2071 4193 2173 4230 non
2206 4178 2417 4244 talibus,

832 4274 886 4317 et
919 4266 962 4318 si
1003 4268 1115 4319 haec
1140 4275 1402 4334 postrema
1434 4265 1637 4320 lancem
1673 4265 1992 4334 deprimant,
2023 4281 2125 4318 non
2159 4266 2417 4321 modicam

834 4357 1060 4410 salutem
1084 4356 1306 4411 afferent
1337 4357 1542 4411 auctori
1577 4374 1589 4409 :
1631 4373 1801 4427 neque
1833 4365 2033 4411 tantam
2071 4359 2174 4411 vim
2211 4360 2422 4415 habebit

837 4445 1095 4498 malorum
1118 4460 1337 4515 operum
1367 4462 1524 4511 noxa,
1555 4457 1610 4501 ut
1629 4463 1748 4501 eum
1784 4447 1849 4501 de
1879 4449 1996 4502 loco
2018 4465 2115 4502 suo
2140 4450 2422 4504 deturbare

831 4536 1032 4603 possit;
1074 4537 1118 4590 si
1148 4546 1325 4592 autem
1359 4538 1496 4591 mala
1523 4553 1682 4607 opera
1706 4540 2046 4606 prtevaleant,
2080 4541 2131 4594 in
2167 4541 2421 4610 gehennre

834 4627 1012 4695 ignem
1056 4627 1400 4696 deprimunt;
1435 4643 1498 4681 eo
1526 4629 1664 4697 quod
1691 4629 1948 4682 bonorum
1989 4646 2207 4699 Operum
2237 4648 2420 4686 nume-

837 4731 926 4770 rus
948 4731 1052 4770 non
1080 4717 1124 4771 is
1149 4717 1237 4782 sit,
1270 4719 1358 4787 qui
1393 4719 1558 4788 possit
1594 4719 1978 4774 vehementiori
2012 4722 2258 4791 impulsni
2290 4740 2419 4776 con-

836 4809 1002 4862 trario
1025 4809 1291 4864 resistere.
1318 4809 1429 4863 Hoc
1452 4826 1607 4878 porro
1637 4827 1743 4864 non
1771 4812 2106 4866 ratiocinium
2141 4813 2298 4867 modo
2323 4830 2417 4868 ηο-

835 4909 1007 4950 strum
1045 4899 1296 4966 suggerit,
1339 4900 1429 4952 sed
1451 4901 1612 4953 etiam
1642 4901 1814 4955 divina
1859 4904 2070 4956 oracula
2096 4921 2110 4969 ;
2145 4905 2255 4972 ipse
2279 4908 2419 4959 enim

837 4988 1007 5056 inquit
1023 4987 1237 5041 'Reddel
1249 4989 1509 5054 unicuique
1524 4991 1795 5042 secundant
1811 5009 1961 5059 Opera
1979 4994 2087 5062 ejus
2102 4996 2119 5062 (
2129 4993 2416 5064 Roucilli).

839 5083 914 5132 Ac
941 5097 1042 5132 non
1075 5080 1124 5132 in
1155 5079 1396 5149 gehenna
1427 5079 1620 5143 solum,
1652 5081 1743 5134 sed
1772 5083 1928 5135 etiam
1959 5086 2008 5136 in
2039 5101 2202 5154 regno
2231 5086 2422 5138 discri-

839 5170 983 5222 mina
1013 5170 1027 5199 ¹
1057 5170 1280 5238 plurima
1324 5171 1560 5240 reperias
1602 5188 1614 5222 :
1670 5171 1979 5237 Mansiones,
2019 5176 2222 5243 inquit,
2250 5175 2422 5229 multa

907 5304 918 5330 '
961 5308 1074 5378 Reg.
1587 5304 2172 5378 Audigquoqnefltristum
2195 5306 2349 5370 ipsum
2371 5309 2422 5358 in

839 5367 1386 5430 bruttgeliisdiceulemu
1407 5367 1463 5418 in
1481 5367 1622 5418 domo
1647 5367 1800 5418 Patris
1833 5367 1926 5419 inci
1964 5370 2124 5418 multa:
2145 5367 2250 5418 sunt
2281 5384 2418 5420 mau-

1559 506 1614 561 S.
1657 509 1934 566 JOANNIS
1970 513 2448 569 CIIRYSOSTOMI
2490 520 2808 577 ARClllEP.
2832 525 3362 588 CONSTANTINOI’.
4017 552 4110 608 509

2540 647 2658 688 sum
2686 640 2824 703 apud
2849 639 3056 696 Patrem
3088 664 3246 699 meum
3276 647 3446 716 (luctu.
3481 653 3563 703 H.
3600 655 3687 719 2);
3721 671 3792 718 et,
3821 663 3932 716 Alm
3963 670 4115 734 gloria

2537 725 2674 786 solis,
2701 729 2804 779 alia
2831 730 2966 785 (una:
2995 734 3070 801 (Ι.
3091 734 3202 789 Cor.
3240 740 3323 793 15.
3347 741 3455 810 lii).
3488 739 3553 794 Et
3577 744 3699 811 quid
3728 749 3916 803 mirum
4011 758 4116 811 Ita-c

2540 821 2642 865 tam
2683 830 2930 873 accurate
2977 824 3297 893 distinxerit,
3345 831 3553 900 quando
3593 834 3800 889 stellam
3841 856 4046 912 quoque
4088 867 4114 900 a

2537 903 2686 956 stella
2719 904 2787 957 ibi
2818 906 3032 965 differre
3059 916 3152 968 ait.
3207 918 3403 972 llorum
3441 923 3614 993 itaque
3637 928 3804 994 gnari,
3836 903 4113 999 numquam

2536 996 2603 1050 ab
2630 1000 2880 1053 exercitio
2918 1001 3178 1059 bonorum
3212 1026 3432 1080 operum
3480 1018 3816 1081 absistamus,
3847 1037 4013 1090 neque
4043 1027 4110 1078 la-

2538 1086 2921 1145 horieedamus
2960 1109 2972 1144 :
3020 1111 3122 1148 neu
3163 1101 3284 1166 qttia
3329 1105 3392 1156 ad
3426 1107 3554 1160 solis
3597 1109 3837 1180 lunarque
3878 1113 4112 1169 ordinem

2535 1178 2827 1234 ascendere
2857 1197 2960 1235 non
2991 1199 3295 1253 possumus,
3330 1195 3603 1253 stellarum
3634 1178 3826 1256 statum
3857 1202 4112 1272 despicia-

2535 1280 2670 1319 mus.
2702 1266 2836 1323 Nam
2866 1271 2908 1323 si
2939 1273 3097 1327 talem
3130 1277 3316 1329 saltem
3347 1281 3593 1339 virtutem
3621 1266 4032 1359 exhibuerimus,
4066 1297 4114 1348 in

2534 1358 2670 1412 cado
2691 1375 2810 1416 esse
2831 1366 3141 1432 poterimus.
3177 1367 3239 1420 Et
3263 1369 3306 1422 si
3332 1386 3436 1423 non
3463 1389 3673 1438 aurum,
3706 1398 3808 1435 non
3837 1385 3966 1452 lapis
3997 1403 4115 1455 pre-

2535 1448 2706 1504 tiosus
2749 1451 3023 1518 fuerimus,
3055 1460 3257 1526 argenti
3287 1460 3473 1515 saltem
3512 1467 3732 1532 gradum
3769 1448 4023 1530 habentes
4065 1479 4113 1531 in

2536 1539 2880 1598 fundamento
2910 1546 3258 1602 manebimus.
3315 1550 3370 1604 ld
3413 1567 3575 1605 ttnum
3603 1569 3918 1626 caveamus,
3953 1581 4018 1620 ne
4053 1567 4117 1620 ad

2536 1631 2679 1684 illam
2711 1644 3046 1690 revertamur
3074 1642 3372 1707 materiam,
3401 1658 3555 1710 quam
3587 1645 3741 1699 facile
3770 1648 3904 1716 ignis
3935 1654 4115 1708 incen-

2535 1720 2633 1787 dit,
2662 1738 2794 1777 neve
2816 1740 2936 1779 cum
2969 1730 3176 1798 egregia
3213 1731 3443 1786 facinora
3472 1734 3631 1788 edere
3664 1753 3766 1788 non
3791 1739 4049 1806 valemus,
4087 1758 4117 1798 a

2533 1815 2770 1868 minimis
2798 1817 2956 1870 etiam
2979 1819 3294 1875 absistamus
3328 1842 3339 1876 :
3379 1824 3430 1878 id
3456 1825 3594 1879 enim
3621 1838 3871 1883 extrema:
3896 1831 4117 1885 demen-

2535 1903 2622 1956 tia:
2649 1913 2730 1957 est
2754 1921 2767 1957 :
2801 1905 2941 1972 quod
2971 1908 3108 1962 absit
3130 1926 3158 1962 a
3187 1913 3357 1966 nobis.
3390 1914 3842 1979 Quemadmodum
3871 1921 4010 1973 enim
4039 1923 4121 1976 di-

2531 1994 2672 2048 vitiae
2697 2010 2971 2065 corporea:
2998 2012 3258 2068 augentur
3276 2019 3396 2057 cum
3424 2022 3606 2061 earum
3633 2021 3900 2066 amatores
3923 2029 3986 2067 ne
4008 2017 4115 2068 mi-

2531 2086 2672 2140 nima
2697 2087 2914 2157 quidem
2939 2090 3081 2145 lucra
3113 2095 3404 2165 negligunt,
3434 2100 3510 2152 sic
3552 2109 3607 2153 et
3649 2102 3951 2170 spirituales
3976 2106 4117 2161 divi-

2535 2176 2640 2230 tice.
2669 2178 2940 2249 Siquidem
2959 2183 3244 2239 absurdum
3270 2197 3371 2253 est,
3401 2189 3486 2243 ubi
3508 2189 3676 2246 Judex
3705 2209 3771 2248 ne
3789 2194 3976 2264 frigido
3996 2200 4118 2266 qui-

2533 2266 2653 2321 dem
2685 2270 2880 2337 poculo
2911 2274 3213 2328 mercedem
3251 2288 3426 2346 negat,
3460 2295 3556 2334 nos
3592 2281 3694 2336 nisi
3734 2284 3924 2338 eximia
3955 2301 4118 2356 opera

2531 2358 2771 2425 edamus,
2813 2362 3019 2418 minora
3065 2382 3169 2420 non
3210 2384 3417 2425 curare.
3452 2372 3549 2439 Qui
3592 2376 3732 2428 enim
3765 2378 3966 2432 minora
4013 2396 4118 2434 non

2536 2451 2761 2516 spernit,
2791 2467 2915 2522 erga
2941 2457 3169 2510 maxima
3198 2475 3440 2526 magnam
3471 2464 3793 2533 diligentiam
3818 2469 4118 2534 exhibebit;

2531 2540 2619 2606 qui
2649 2557 2772 2594 vero
2817 2542 2933 2596 hzec
2974 2545 3232 2615 despicit,
3265 2551 3423 2605 etiam
3454 2554 3520 2606 ab
3560 2555 3662 2609 illis
3684 2556 3894 2610 demum
3935 2559 4122 2614 absce-

2529 2629 2620 2683 det
2650 2647 2662 2681 :
2695 2633 2836 2700 quod
2864 2649 2932 2687 ne
2954 2634 3106 2689 fieret
3125 2638 3284 2692 etiam
3314 2641 3396 2694 his
3418 2644 3718 2699 mercedem
3739 2649 4119 2717 amplissimam

2527 2720 2815 2789 assignavit
2863 2722 3128 2779 Christus.
3176 2728 3310 2793 Quid
3367 2731 3508 2785 enim
3572 2733 3776 2791 facilius
3822 2749 3923 2803 est,
3959 2755 4117 2807 quam

2528 2811 2714 2864 morbo
2746 2812 3048 2868 laborantes
3087 2818 3338 2873 visitare?
3362 2821 3483 2876 huic
3514 2833 3686 2879 tamen
3724 2829 3798 2880 rei
3831 2845 4079 2898 magnum
4103 2832 4118 2862 '

2530 2900 2713 2954 tribuit
2740 2905 3038 2971 praemium.
3072 2907 3244 2961 Vitam
3286 2911 3466 2979 itaque
3503 2916 3880 2982 sempiternam
3921 2935 4116 2990 appre-

2532 2988 2727 3052 hende,
2759 2991 3026 3049 delectare
3063 2997 3117 3049 in
3145 2998 3388 3063 Domino,
3425 3011 3481 3055 et
3515 3005 3748 3072 suppliea
3789 3007 3861 3061 illi
3892 3027 3904 3061 :
3931 2988 4118 3079 jugutn

2530 3079 2660 3133 illud
2689 3095 2853 3136 suave
2894 3082 3084 3139 iterum
3129 3090 3360 3157 suscipe,
3401 3093 3516 3146 subi
3563 3096 3676 3149 leve
3717 3112 3870 3163 onus,
3899 3099 4118 3168 dignum

2531 3171 2794 3241 principio
2840 3173 2998 3230 finem
3042 3179 3337 3245 superadde
3375 3199 3388 3234 :
3437 3200 3503 3237 ne
3557 3185 3764 3240 divitias
3806 3198 3976 3244 tantas
4015 3192 4120 3245 dif-

2527 3263 2694 3320 fluere
2723 3270 2962 3337 patiaris.
2994 3271 3126 3326 Nam
3168 3276 3212 3328 si
3259 3276 3421 3330 Deum
3453 3294 3739 3346 provocare
3776 3299 3984 3352 pergas,
4024 3301 4118 3339 eas

2527 3371 2716 3410 omnes
2739 3374 2834 3426 per
2862 3372 3008 3429 gesta
3037 3373 3122 3416 tua
3152 3364 3382 3432 perdes;
3407 3380 3588 3421 contra
3616 3386 3741 3423 vero
3761 3373 3804 3424 si
3830 3382 4116 3442 antequam

2529 3449 2753 3503 multum
2775 3451 3207 3521 damniaccedat,
3240 3467 3292 3511 et
3321 3469 3528 3527 segetes
3559 3461 3895 3529 inundentur,
3929 3468 4116 3533 nequi-

2530 3540 2616 3594 tia:
2641 3541 2857 3596 canales
2886 3543 3233 3610 obstruxeris,
3260 3564 3383 3617 quae
3409 3551 3612 3619 perdita
3651 3563 3773 3606 sunt
3798 3569 4117 3623 recuperare

2525 3632 2746 3699 poteris,
2777 3633 2943 3702 iisque
2966 3651 3069 3688 unn
3098 3637 3361 3692 modicam
3386 3641 3744 3696 accessionem
3771 3644 3961 3698 facere.
3985 3645 4117 3711 Qum

2527 3722 2703 3774 omnia
2751 3733 2923 3776 tecum
2970 3735 3222 3794 reputans
3262 3739 3451 3784 excute
3499 3731 3769 3798 pulverem
3795 3771 3811 3797 ,
3855 3735 3922 3789 de
3966 3745 4114 3789 terra

2527 3826 2706 3880 surge,
2740 3824 2792 3866 et
2819 3815 2927 3867 eris
2956 3816 3262 3871 adversario
3282 3817 3629 3876 formidabilis
3657 3841 3669 3876 :
3704 3825 3816 3892 ipse
3841 3827 4035 3895 quippe
4064 3838 4116 3883 te

2528 3904 2834 3969 prostravit,
2882 3907 3032 3973 quasi
3087 3921 3190 3960 non
3224 3918 3583 3964 surrecturum
3623 3929 3872 3983 umquam
3903 3931 3916 3968 :
3948 3918 3992 3970 si
4018 3933 4116 3971 au-

2526 3998 2631 4042 tent
2663 4000 2713 4043 te
2735 4008 2947 4047 rursum
2985 3995 3175 4049 viderit
3201 4000 3392 4051 erectis
3432 4009 3614 4054 contra
3658 4005 3930 4071 manibus,
3963 4007 4116 4062 inex-

2526 4090 2762 4147 spectata
2787 4097 2847 4136 re
2875 4086 3151 4152 perculsus
3175 4127 3189 4150 ,
3217 4089 3429 4158 segnior
3460 4091 3564 4144 erit
3598 4092 3663 4146 ad
3700 4102 3750 4147 te
3776 4095 3951 4150 denuo
3981 4112 4114 4167 sup-

2529 4171 2907 4237 plantandum;
2955 4183 3011 4227 tu
3057 4191 3185 4229 vero
3236 4179 3436 4232 firmior
3464 4182 3681 4247 evades,
3715 4194 3771 4237 ut
3805 4202 3870 4239 ne
3905 4187 4112 4256 plagam

2529 4259 2831 4328 huiusmodi
2857 4262 3033 4318 denuo
3061 4267 3312 4334 accipias.
3347 4270 3553 4324 Etenim
3578 4274 3619 4325 si
3642 4274 3863 4329 aliorum
3896 4279 4113 4332 calami-

2527 4359 2660 4404 tates
2682 4367 2778 4404 nos
2801 4353 3015 4409 erudire
3032 4367 3274 4424 possunt,
3299 4361 3465 4412 multo
3502 4364 3668 4430 magis
3685 4365 3810 4429 illan,
3833 4382 3964 4435 quas
3986 4383 4108 4421 sus—

2527 4441 2802 4508 tinuimus,
2832 4458 2929 4496 nos
2955 4446 3218 4499 erudient.
3251 4448 3399 4516 Quod
3433 4451 3483 4503 in
3515 4453 3627 4519 ipso
3672 4457 3846 4523 capite
3874 4467 3961 4510 tuo
3983 4476 4110 4526 pro-

2528 4532 2734 4598 pediem
2768 4549 2852 4585 me
2878 4532 3116 4588 visurum
3142 4548 3410 4606 exspecto,
3436 4550 3486 4594 et
3517 4553 3567 4596 te
3595 4544 3684 4598 Dei
3713 4558 3838 4600 nutu
3879 4550 4111 4616 splendi-

2526 4622 2727 4676 diuretn
2769 4623 3023 4690 futurttm,
3055 4636 3108 4681 et
3139 4637 3336 4684 tantam
3367 4632 3611 4687 virtutem
3633 4636 4013 4701 exhibiturum,
4053 4650 4110 4693 ut

2524 4713 2686 4766 etiam
2717 4715 2834 4768 aliis
2864 4716 2970 4770 illic
2997 4720 3314 4786 patrocinari
3341 4725 3534 4778 valeas.
3568 4727 3789 4780 Tantum
3823 4744 3887 4782 ne
3913 4731 4107 4798 despe-

2526 4818 2631 4868 res,
2665 4821 2835 4874 neque
2865 4809 3112 4862 concidas
3145 4811 3280 4866 :hoc
3305 4816 3446 4868 enim
3480 4817 3640 4870 tibiin
3671 4818 3814 4870 omni
3847 4823 4107 4873 sermonis

2526 4908 2834 4964 congressu,
2862 4897 3176 4968 ubicumque
3205 4911 3254 4955 te
3278 4903 3478 4969 videro,
3507 4915 3559 4957 et
3582 4905 3806 4959 aliorum
3833 4908 3988 4960 etiam
4015 4926 4107 4964 ore

2526 4995 2771 5053 repetere
2831 5004 2934 5042 non
2979 4991 3240 5044 cessabo:
3292 4995 3431 5061 quod
3468 4995 3511 5047 si
3554 4997 3812 5060 audieris,
3846 4998 3964 5052 aliis
3988 5016 4097 5052 am-

2529 5077 2663 5144 plius
2686 5080 2932 5132 remediis
2962 5097 3065 5135 non
3085 5083 3282 5152 cgebis.

2525 5187 2953 5255 sionesrrdrpsum
2993 5192 3137 5255 etiam
3172 5205 3238 5243 ea:
3260 5192 3475 5255 Apostolo
3494 5196 3559 5246 ad
3589 5207 3665 5246 eo:
3681 5197 3851 5250 int/tios
3872 5199 4099 5250 scribent:

2528 5250 2821 5318 audiendum
2841 5259 2932 5318 est.
2959 5271 2977 5303 ι
2991 5253 3100 5307 Alia
3120 5250 3386 5318 gloriaf...)

2591 5315 2777 5382 f-Loeo,
2814 5315 2954 5382 savii.
2998 5324 3050 5382 et
3094 5315 3196 5363 tt'es
3237 5324 3361 5376 Mss,
3399 5317 3542 5380 hujus
3577 5327 3735 5369 “men
3770 5321 3837 5370 rei
3875 5333 4093 5382 magnum

2527 5372 2656 5421 nobis
2679 5380 2711 5422 tt
2727 5374 2842 5424 ibuit
2862 5376 3132 5437 prtemium.

2283 5631 2695 5724 «me»
