4506 6712
490 535 597 592 ξας»

512 672 785 684 Μή-ημ
854 660 1151 679 ,να--ρ--νσ
1170 658 1373 670 ..ι-Ἅρ-
1412 659 1458 667 ⁴...-

1620 522 1710 576 AD
1760 521 2170 578 l‘llEOllllRU“
2213 516 2503 573 LAPSUM.
2570 518 2633 571 Il.

1470 744 2012 828 EJUSDEM
2061 742 2219 823 AD
2278 738 2797 822 EUMDEM

3665 515 3767 572 3w

3002 652 3094 661 .-ο-
3113 653 3207 660 αρν-
3260 651 3413 659 --4.“
3439 652 3776 667 ..μήν’-ο*

1530 914 2708 1052 THEODORUM

1702 1142 1981 1231 armet
2052 1136 2461 1230 secuubus
2503 1124 2565 1222 ί.

1942 1311 1979 1353 =8
1992 1304 2306 1360 Wa)

568 1454 614 1507 Ι.
644 1451 701 1507 Si
732 1450 886 1504 fletus
912 1456 1129 1517 possent
1150 1457 1201 1501 et
1223 1446 1447 1515 gannitus
1475 1458 1571 1513 per
1602 1440 1784 1492 literas
1811 1432 2072 1497 exhiberi,

496 1544 580 1596 his
601 1541 854 1611 repletam
879 1537 1155 1608 epistolam
1176 1536 1241 1591 ad
1264 1545 1313 1591 te
1334 1536 1620 1590 misissem.
1650 1526 1911 1595 Equidem
1940 1524 2043 1579 ilco
2062 1567 2076 1589 ,

497 1651 603 1690 non
625 1631 764 1702 quod
788 1640 1127 1700 paternarum
1155 1644 1330 1684 rerum
1356 1619 1766 1681 sollicitudinem
1789 1630 1964 1687 geras,
1989 1615 2081 1668 sed

495 1724 637 1795 quod
661 1740 723 1778 ex
754 1725 971 1777 fratrum
992 1732 1041 1776 te
1062 1721 1299 1791 catalogo
1319 1712 1605 1775 deleveris,
1623 1710 1763 1781 quod
1784 1719 1935 1780 pacta
1962 1724 2081 1763 cum

495 1818 710 1873 Christo
734 1817 858 1869 inita
883 1813 1189 1869 calcaveris.
1219 1812 1299 1867 Ad
1324 1811 1439 1864 haec
1464 1809 1679 1871 horreo,
1707 1818 1866 1874 super
1884 1802 1967 1857 his
1983 1817 2077 1855 an-

497 1926 613 1980 gor,
638 1922 913 1979 propterea
940 1908 1102 1963 timeo
1121 1916 1173 1960 et
1192 1916 1382 1969 tremo,
1402 1912 1598 1971 gnarus
1630 1896 1818 1951 horum
1838 1904 2081 1951 contem-

498 2012 642 2072 ptum
658 2017 898 2071 magnam
910 2000 1097 2056 afferre
1108 1996 1603 2054 condemnationem
1618 1990 1795 2059 iis,qui
1810 1991 1859 2045 in
1876 2003 2079 2043 sacram

500 2094 634 2148 hanc
666 2094 905 2147 militiam
927 2090 1197 2160 adscripti,
1235 2103 1331 2158 per
1359 2083 1637 2154 segnitiem
1668 2083 1907 2136 ordinem
1924 2095 2080 2135 suum

498 2182 1023 2248 deseruerunLQuod
1041 2190 1215 2236 autem
1230 2176 1545 2247 supplicium
1561 2176 1624 2229 iis
1634 2173 1953 2228 destinatum
1969 2186 2084 2241 gra-

498 2278 615 2330 vius
631 2276 806 2339 sit,vel
823 2290 886 2329 ex
912 2290 968 2328 re
985 2276 1095 2342 ipsa
1114 2273 1329 2342 planum
1352 2268 1730 2322 est.Privatum
1749 2265 1889 2319 enim
1910 2263 2082 2317 homi-

500 2382 621 2421 nem
646 2382 804 2421 nemo
823 2366 1046 2420 desertae
1078 2364 1278 2417 militia:
1306 2361 1632 2415 accusaverit
1655 2376 1669 2423 ;
1690 2358 1783 2412 sed
1806 2356 1894 2426 qui
1916 2353 2083 2408 semel

498 2458 653 2513 miles
681 2456 899 2511 effectus
928 2467 1009 2510 est
1034 2497 1050 2521 ,
1082 2455 1125 2509 si
1170 2453 1223 2507 in
1268 2452 1572 2507 desertione
1613 2445 2044 2518 deprehendatur
2067 2485 2080 2506 ,

497 2558 737 2605 extremo
764 2548 1001 2619 periculo
1028 2546 1287 2615 subjacet.
1313 2542 1428 2597 Non
1459 2550 1541 2596 est
1568 2554 1730 2609 grave
1755 2579 1770 2602 ,
1801 2534 2083 2591 Theodore

496 2641 803 2707 carissime,
834 2647 1123 2694 certantem
1153 2635 1346 2690 cadere
1369 2675 1383 2699 ,
1411 2633 1505 2688 sed
1545 2634 1599 2686 in
1638 2631 1789 2699 lapsu
1819 2641 2036 2683 manere
2063 2644 2079 2679 :

497 2749 601 2789 non
632 2744 714 2789 est
740 2733 1099 2804 perniciosum
1130 2736 1451 2799 pugnantem
1494 2723 1807 2786 vulnerari,
1839 2720 1934 2775 sed
1965 2729 2083 2789 post

496 2824 750 2879 inflictum
779 2824 970 2877 vulnus
999 2822 1286 2890 desperare
1314 2828 1369 2874 et
1398 2818 1605 2887 plagam
1636 2814 1924 2884 negligere.
1952 2812 2079 2866 Nul-

494 2918 580 2971 lus
609 2924 874 2970 mercator
904 2910 1237 2982 naufragium
1274 2923 1460 2979 passus
1482 2949 1496 2973 ,
1528 2906 1832 2974 amissoque
1873 2918 2035 2958 onere
2061 2945 2075 2968 ,

493 3007 743 3076 navigare
768 3004 925 3059 desiit
954 3020 968 3056 :
996 3001 1089 3057 sed
1123 3014 1332 3055 rursum
1360 3014 1510 3053 mare
1534 3038 1549 3062 ,
1580 2996 1773 3050 fluctus
1797 3035 1813 3060 ,
1845 3002 2080 3047 vastum-

493 3112 597 3167 que
616 3096 832 3166 pelagus
855 3103 1091 3164 permeat
1118 3133 1132 3157 ,
1161 3091 1489 3159 amissasque
1511 3088 1760 3157 pecunias
1779 3093 2074 3155 recuperat.

493 3188 737 3244 Athletas
764 3199 975 3255 quoque
1004 3182 1245 3237 videmus
1276 3189 1397 3250 post
1424 3179 1732 3249 frequentes
1766 3176 1948 3247 lapsus
1988 3190 2081 3229 co-

494 3282 671 3337 ronari
720 3299 733 3335 :
782 3280 935 3334 miles
976 3278 1134 3333 etiam
1179 3290 1320 3345 saepe
1346 3276 1366 3305 ²
1430 3281 1548 3343 post
1584 3270 1757 3341 fugam
1785 3311 1800 3336 ,
1857 3268 2081 3323 bellator

492 3385 741 3430 strenuus
779 3371 987 3436 evasit,
1021 3368 1305 3437 hostesque
1342 3364 1660 3434 proﬂigavit.
1707 3360 1855 3415 Multi
1899 3370 2079 3413 autem

492 3467 648 3536 quivi
678 3474 1063 3519 tormentorum
1100 3458 1247 3514 fracti
1275 3456 1545 3510 Christum
1578 3460 1920 3522 negaverant,
1952 3451 2077 3504 red-

494 3559 754 3625 integrato
799 3553 1089 3609 certamine
1138 3548 1377 3619 martyrii
1416 3560 1668 3601 coronam
1720 3552 2075 3612 reportarunt.

492 3648 644 3717 Quod
674 3648 717 3701 si
746 3660 933 3700 eorum
962 3642 1184 3712 quilibet
1212 3639 1280 3694 ob
1306 3639 1537 3708 priorem
1569 3636 1775 3705 plagam
1803 3633 2081 3704 deSperas—

492 3750 613 3807 set,
644 3752 927 3806 numquam
957 3732 1291 3797 sequentium
1332 3731 1591 3783 bonorum
1637 3725 1864 3780 fructum
1893 3739 2077 3795 perce—

493 3833 676 3901 pisset.
732 3828 805 3883 Ita
846 3836 901 3882 et
942 3840 1081 3880 nunc
1106 3867 1121 3891 ,
1181 3824 1352 3877 amice
1395 3818 1675 3875 Theodore
1700 3818 1742 3882 ³,
1796 3834 1901 3881 ne,
1954 3817 2075 3886 quia

493 3924 736 3978 inimicus
767 3931 818 3975 te
848 3934 877 3973 a
909 3919 1137 3973 statione
1165 3914 1431 3986 paululum
1454 3911 1791 3974 deturbavit,
1825 3920 1875 3964 te
1902 3910 2074 3979 ipsum

494 4017 548 4071 in
580 4013 928 4084 prmcipitium
948 4009 1184 4065 decutias
1208 4024 1223 4072 ;
1254 4007 1349 4061 sed
1375 4015 1588 4060 strenue
1616 4004 1848 4058 consiste
1872 4044 1886 4069 ,
1919 4012 1975 4058 et
2010 4004 2074 4057 ad

492 4110 666 4164 locum
700 4106 840 4160 unde
865 4102 1042 4159 exiisti
1068 4102 1175 4156 cito
1201 4099 1431 4168 remigra
1465 4114 1479 4151 :
1513 4111 1579 4150 ne
1609 4094 1805 4165 probro
1836 4095 1929 4150 tibi
1960 4094 2076 4150 fore

495 4209 644 4270 putes
673 4198 830 4252 talem
867 4204 988 4266 post
1033 4193 1238 4263 plagam
1284 4197 1553 4257 acceptam
1598 4186 1847 4240 reditum.
1893 4184 2076 4254 Neque

492 4292 632 4345 enim
665 4286 1023 4359 reprehendas
1057 4284 1279 4338 militem
1304 4323 1319 4347 ,
1342 4294 1462 4335 cum
1491 4278 1555 4333 de
1576 4277 1760 4347 prmlio
1789 4278 2077 4331 revertitur

492 4382 801 4436 vulneratus
836 4397 848 4432 :
880 4377 1225 4448 opprobrium
1263 4388 1393 4428 sane
1432 4380 1515 4427 est
1552 4384 1697 4425 arma
1734 4368 1994 4438 projicere
2023 4379 2077 4422 et

492 4473 679 4545 procul
707 4474 773 4524 ab
804 4471 1047 4523 hustibus
1091 4466 1352 4521 removeri
1383 4482 1397 4529 ;
1435 4462 1684 4532 quamdiu
1715 4468 1890 4514 autem
1925 4460 2071 4528 quis-

492 4566 631 4633 piam
665 4563 715 4614 in
744 4560 991 4614 conflictu
1024 4565 1239 4621 manet,
1268 4555 1478 4609 etiamsi
1522 4552 1739 4606 feriatur
1776 4560 1829 4603 et
1873 4550 2071 4619 paulis-

493 4670 589 4723 per
631 4651 825 4715 cedat,
885 4662 1041 4701 nemo
1088 4647 1159 4699 ita
1208 4645 1372 4698 durus
1419 4658 1480 4695 ac
1530 4643 1734 4697 bellica:
1779 4640 2072 4708 disciplina:

491 4758 683 4813 expers
730 4748 844 4802 est,
881 4748 937 4792 ut
965 4738 1066 4792 hoc
1116 4736 1194 4790 illi
1218 4735 1241 4766 ⁸
1277 4734 1404 4787 vitio
1432 4743 1623 4788 vertat.
1681 4731 1796 4785 Non
1834 4746 2074 4800 pugnan-

493 4840 625 4893 tium
669 4835 863 4906 quippe
908 4840 990 4885 est
1028 4845 1131 4884 non
1177 4828 1486 4883 vulnerari:
1533 4825 1619 4895 qui
1665 4831 1845 4878 autem
1882 4838 2075 4893 magno

491 4931 670 4985 animo
715 4928 895 4981 hostes
928 4922 1278 4985 adoriuntur,
1320 4933 1463 4988 smpe
1505 4916 1766 4971 feriuntur
1806 4922 1861 4969 et
1897 4915 2075 4969 conci-

492 5022 663 5085 dunt,
724 5028 781 5071 ut
825 5017 918 5071 tibi
968 5029 1107 5068 nunc
1151 5011 1409 5082 contigit,
1458 5008 1549 5079 qui
1598 5008 1727 5062 dum
1773 5015 2072 5076 serpentem

494 5109 737 5165 occidere
759 5106 1012 5162 nitebaris
1028 5148 1041 5170 ,
1070 5120 1251 5158 morsu
1274 5104 1580 5156 vulneratus
1600 5115 1678 5154 es.
1700 5098 1804 5153 Sed
1826 5098 2034 5153 confide
2054 5138 2069 5160 ,

493 5202 781 5256 sobrietate
808 5198 1074 5267 paululum
1098 5197 1261 5251 utaris
1280 5203 1489 5264 oportet
1514 5235 1526 5256 ,
1560 5192 1867 5260 nullumque
1896 5189 2076 5243 vulne-

495 5291 567 5344 ris
592 5291 871 5361 vestigium
896 5288 1191 5343 remanebit
1225 5305 1237 5340 :
1272 5288 1377 5339 imo
1420 5300 1545 5339 vero
1583 5300 1680 5354 per
1721 5283 1813 5337 Dei
1853 5283 2073 5350 gratiam

550 5422 563 5450 ι
584 5422 655 5469 sic
669 5420 829 5469 Morel.
846 5428 897 5469 et
911 5431 1036 5468 unus
1056 5416 1160 5467 cod.
1176 5416 1326 5474 Colb.;
1344 5413 1467 5462 alius
1482 5416 1598 5461 item
1610 5413 1739 5461 Colh.
1749 5451 1760 5471 ,
1777 5410 2000 5474 Ejusdem
2012 5411 2078 5460 ad

496 5481 715 5529 etmtdem
736 5482 931 5536 epistola
952 5489 1015 5529 ll.
1031 5472 1378 5533 Tertiusmlb.,
1395 5474 1611 5536 ejusdem
1621 5475 1686 5524 ad
1702 5472 1922 5523 eumdem
1940 5472 2081 5521 Theo-

498 5545 671 5590 dorum
703 5536 1055 5595 adhortatorius
1078 5541 1130 5590 in
1160 5540 1354 5589 modum
1388 5536 1601 5597 epistola:
1645 5544 1807 5584 sermo
1835 5542 1897 5597 If.
1916 5536 2077 5597 savil.,

495 5603 814 5665 rlnysoJomi
831 5606 895 5653 ad
928 5604 1148 5654 eumdem
1173 5595 1465 5665 Theodorum
1490 5597 1674 5665 lapsum
1696 5608 1759 5643 ea:
1781 5596 1959 5657 optima
1987 5595 2083 5645 tita

498 5658 658 5715 sermo
686 5672 723 5711 I.
746 5671 835 5711 Cur
858 5674 1021 5715 autem
1043 5666 1147 5713 haec
1171 5661 1371 5725 epistola
1397 5658 1773 5725 adgl‘heodorum
1788 5671 1940 5725 ,__qua:
1962 5672 2081 5725 vere

497 5726 707 5777 secunda
719 5732 810 5783 est,
827 5728 973 5785 prima
985 5727 1170 5776 locetur
1183 5718 1227 5774 in
1240 5726 1355 5772 Edit.
1372 5721 1531 5779 savil.,
1543 5722 1589 5769 in
1600 5722 1771 5785 monito
1784 5718 1963 5785 dictum
1974 5718 2082 5769 fuit.

556 5797 576 5825 ι
595 5786 731 5836 savil.
749 5781 1097 5834 etomnesatss.
1114 5790 1459 5845 liabent,swpe.
1474 5790 1520 5831 In
1538 5781 1959 5831 Morel.decsthtec
1970 5796 2085 5833 vox.

564 5854 585 5884 ³
605 5860 716 5904 vox,
738 5848 990 5903 1heodore,
1015 5849 1159 5897 deest
1183 5852 1230 5897 in
1251 5849 1441 5897 duobus
1463 5852 1568 5894 Mss.

564 5916 585 5946 ι
609 5923 723 5965 \‘mt,
758 5908 829 5957 illi
848 5946 861 5963 .
890 5923 935 5956 in
974 5910 1129 5959 tribus
1151 5920 1253 5959 Mss.
1280 5911 1440 5960 deest.
1469 5909 1588 5958 Infra
1629 5907 1724 5955 duo
1749 5914 1851 5957 Mss.
1881 5918 1971 5955 non
1998 5906 2085 5953 ha-

501 5977 643 6038 bent,
667 5984 712 6026 et
734 5970 1002 6024 conridmtt.

2188 1454 2355 1521 ipsius
2384 1453 2596 1523 maligni
2624 1462 2781 1521 caput
2800 1450 3104 1520 confringes
3128 1469 3141 1515 ;
3172 1464 3345 1520 neque
3374 1456 3423 1503 te
3449 1450 3729 1504 conturbet
3748 1490 3764 1513 ,

2190 1544 2330 1613 quod
2358 1545 2463 1597 cito
2484 1552 2538 1596 et
2556 1543 2625 1596 ab
2644 1544 2759 1611 ipso
2781 1542 3040 1610 principio
3059 1541 3391 1611 compeditus
3418 1540 3602 1596 fueris.
3630 1540 3778 1596 Vidit

2192 1634 2336 1688 enim
2361 1674 2378 1697 ,
2406 1642 2460 1688 et
2484 1632 2730 1687 celeriter
2758 1630 2888 1685 vidit
2918 1629 3179 1701 malignus
3206 1631 3295 1685 ille
3315 1631 3479 1685 animi
3508 1632 3582 1684 tui
3613 1632 3781 1685 virtue

2192 1735 2296 1780 tem
2322 1768 2337 1791 ,
2359 1735 2413 1781 et
2432 1742 2496 1781 ex
2520 1724 2701 1779 multis
2720 1723 2885 1793 signis
2911 1764 2927 1789 ,
2958 1732 3017 1777 ut
3040 1732 3288 1778 strenuus
3317 1722 3419 1777 sibi
3442 1722 3777 1777 adversarius

2191 1818 2334 1872 vires
2362 1825 2580 1887 augeret
2610 1814 2845 1870 futurmn
2878 1815 3156 1885 przesensit
3188 1834 3200 1867 :
3234 1829 3358 1869 eum
3396 1813 3539 1868 enim
3568 1813 3657 1883 qui
3686 1813 3778 1867 tali

2189 1919 2441 1979 tantoque
2476 1908 2654 1962 studio
2692 1918 2878 1962 contra
2913 1921 2971 1962 se
3003 1906 3089 1961 vel
3120 1905 3188 1961 ab
3231 1906 3381 1961 initio
3407 1915 3649 1961 uteretur
3670 1948 3686 1969 ,
3734 1908 3779 1959 si

2188 2009 2559 2069 perseveraret
2584 2039 2600 2064 ,
2628 1998 2780 2052 facile
2807 2014 2865 2052 se
2884 1996 3274 2052 debellaturum
3295 2011 3416 2051 esse
3434 1997 3777 2051 existimavit.

2189 2091 2416 2159 Ideoque
2465 2089 2769 2153 festinavit,
2814 2089 3130 2152 excubavit,
3176 2096 3422 2158 totusque
3458 2096 3644 2143 contra
3685 2098 3775 2152 te,

2192 2182 2301 2234 imo
2331 2182 2503 2250 potius
2530 2191 2717 2234 contra
2756 2188 2917 2247 caput
2948 2195 3103 2233 suum
3138 2179 3424 2233 insurrexit
3446 2219 3461 2243 ,
3507 2180 3552 2233 si
3599 2187 3779 2233 tamen

2189 2271 2421 2325 volueris
2448 2278 2665 2325 strenue
2690 2270 2970 2324 obsistere.
3001 2269 3130 2336 Quis
3173 2270 3313 2323 enim
3354 2270 3590 2325 celerem
3635 2269 3779 2324 illam

2192 2371 2335 2414 tuam
2363 2404 2375 2425 ,
2401 2361 2664 2415 sinceram
2688 2369 2845 2430 atque
2872 2359 3163 2415 ferventem
3188 2360 3253 2413 ad
3276 2360 3410 2414 bona
3433 2360 3780 2415 mutationem

2191 2470 2294 2506 non
2331 2454 2550 2506 miratus
2582 2453 2706 2507 est?
2733 2452 3022 2521 Epularum
3051 2452 3193 2507 enim
3226 2452 3512 2506 oblectatio
3537 2462 3779 2508 contem-

2190 2543 2299 2613 ptui
2330 2554 2444 2597 erat
2467 2584 2481 2607 ,
2530 2542 2686 2597 luxus
2726 2542 2951 2597 vestium
2981 2542 3403 2612 vilipendebatur
3425 2584 3439 2607 ,
3470 2543 3777 2598 calcabatur

2186 2634 2351 2690 fastus
2378 2635 2554 2690 omnis
2574 2676 2589 2700 ,
2617 2644 2723 2689 tota
2754 2635 2841 2689 illa
2865 2644 3099 2689 externae
3120 2633 3469 2703 philosophia:
3497 2651 3623 2690 cura
3649 2651 3779 2690 con-

2186 2726 2365 2782 fertitr.
2395 2727 2447 2781 in
2470 2726 2646 2781 divina
2668 2727 2877 2796 eloquia
2900 2725 3156 2780 translata
3186 2725 3359 2780 fuerat
3389 2744 3402 2779 :
3432 2726 3644 2780 lectioni
3664 2727 3781 2781 dies

2184 2819 2341 2873 solidi
2369 2862 2383 2886 ,
2413 2820 2643 2873 orationi
2673 2827 2857 2873 noctes
2887 2820 3107 2888 integrae
3132 2817 3566 2887 deputabantur:
3600 2830 3777 2889 pater-

2189 2926 2273 2964 nte
2302 2910 2576 2981 dignitatis
2603 2912 2744 2964 nulla
2768 2911 2969 2965 mentio
2996 2953 3010 2974 ,
3037 2910 3338 2964 divitiarum
3362 2911 3506 2964 nulla
3530 2912 3778 2965 recorda-

2184 3003 2260 3056 tio
2292 3021 2304 3055 :
2334 3001 2555 3055 fratrum
2582 3011 2759 3055 autem
2792 3016 2959 3071 genua
2991 3000 3271 3069 complecti
3298 3045 3312 3066 ,
3355 3017 3645 3071 eorumque
3683 3019 3778 3072 pc-

2184 3093 2341 3148 dibus
2370 3108 2654 3147 accurrere
2678 3134 2691 3155 ,
2716 3092 2860 3146 omni
2886 3091 3162 3146 nobilitate
3181 3092 3461 3147 sublimius
3476 3092 3774 3161 judicabas.

2187 3185 2311 3238 llatc
2338 3184 2654 3237 malevolum
2683 3184 2829 3236 illum
2858 3182 3169 3237 cruciabant
3193 3223 3207 3243 ,
3256 3181 3371 3238 hzec
3407 3183 3474 3238 ad
3513 3185 3774 3239 acriorem

2186 3289 2413 3343 pugnam
2483 3274 2868 3328 conserendam
2932 3274 3327 3328 incitarunt‘:
3375 3283 3610 3330 attamen
3671 3290 3776 3331 non

2188 3366 2343 3421 letale
2375 3365 2561 3418 vulnus
2584 3364 2796 3418 inﬂixit.
2819 3363 2951 3418 Nam
2972 3365 3017 3418 si
3040 3373 3165 3433 post
3190 3364 3500 3419 diuturnum
3528 3373 3738 3435 tempus
3758 3407 3773 3429 .

2186 3468 2305 3527 post
2325 3457 2523 3526 jejunia
2557 3457 2719 3509 multa
2743 3499 2758 3523 ,
2792 3455 2937 3509 humi
2966 3455 3278 3510 cubationes
3306 3455 3545 3525 aliasque
3569 3457 3777 3511 exerci-

2186 3549 2413 3603 tatioues
2436 3558 2486 3601 te
2507 3547 2790 3617 dejecisset
2805 3588 2819 3613 ,
2841 3562 3015 3615 neque
3042 3556 3167 3599 tunc
3186 3544 3579 3614 deSpcrandum
3599 3556 3772 3613 esset,

2183 3641 2308 3696 licet
2339 3640 2628 3693 maximum
2657 3638 2909 3693 damnum
2939 3645 3217 3706 putaretur
3247 3645 3365 3706 post
3390 3636 3585 3690 multos
3610 3637 3773 3691 sudo-

2182 3748 2268 3787 res
2292 3774 2306 3797 ,
2334 3732 2543 3786 labores
2564 3740 2615 3785 et
2646 3731 2898 3785 victorias
2924 3731 2995 3784 ita
3028 3729 3291 3799 prosterni
3319 3748 3331 3782 :
3363 3745 3546 3784 verum
3569 3731 3689 3800 quia
3719 3730 3771 3783 in

2181 3826 2298 3895 ipso
2324 3827 2599 3896 procinctu
2626 3824 2932 3878 certaminis
2973 3831 3023 3876 te
3054 3822 3411 3891 supplantavit
3440 3863 3454 3885 ,
3503 3820 3554 3874 id
3595 3820 3773 3875 solum

2181 3919 2397 3983 effecit,
2422 3928 2478 3973 ut
2500 3916 2776 3971 fortiorem
2800 3925 2850 3970 te
2872 3914 3122 3970 redderet
3149 3912 3217 3967 ad
3245 3928 3471 3983 pugnam
3506 3926 3628 3967 cum
3656 3914 3774 3982 ipso

2182 4012 2491 4065 ineundum.
2523 4008 2681 4063 Modo
2718 4008 2863 4062 enim
2909 4016 2960 4060 te
3009 4021 3040 4060 e
3079 4014 3237 4075 portu
3280 4004 3574 4059 solventem
3599 4046 3615 4069 ,
3663 4019 3769 4060 non

2182 4119 2246 4156 ex
2280 4102 2639 4171 negotiatione
2670 4106 3032 4153 revertentem
3058 4140 3074 4163 ,
3108 4112 3206 4165 nec
3233 4105 3477 4151 onuSIam
3508 4096 3775 4153 mercibus

2184 4208 2369 4247 navem
2405 4192 2747 4246 reducentem
2775 4231 2790 4256 ,
2823 4188 2969 4243 ferus
2997 4189 3086 4242 ille
3118 4189 3285 4258 pirata
3316 4187 3533 4242 adortus
3562 4196 3663 4243 est.
3694 4190 3774 4244 Ac

2182 4282 2624 4352 quemadmodum
2657 4282 2701 4334 si
2730 4282 2849 4350 quis
2882 4295 3202 4349 generosum
3242 4281 3451 4334 leonem
3490 4296 3774 4350 aggressus

2182 4373 2373 4441 pellem
2401 4372 2516 4441 ejus
2547 4371 2720 4425 solum
2751 4371 2943 4425 raserit
2970 4412 2984 4436 ,
3018 4371 3165 4425 illum
3194 4370 3406 4440 quidem
3435 4371 3566 4426 nihil
3589 4371 3735 4429 laedit
3754 4414 3767 4435 .

2180 4464 2273 4520 sed
2321 4472 2507 4519 contra
2549 4464 2782 4533 seipsum
2832 4463 3029 4518 excitat
3069 4479 3190 4518 eum
3216 4505 3231 4529 ,
3279 4478 3341 4516 ac
3386 4464 3674 4519 firmiorem
3717 4476 3773 4520 et

2179 4565 2337 4627 captu
2364 4556 2721 4610 difficiliorem
2745 4554 2920 4609 reddit
2947 4570 2963 4608 :
2992 4554 3070 4609 sic
3102 4562 3158 4608 et
3191 4556 3490 4609 communis
3526 4556 3763 4611 omnium

2183 4649 2428 4703 inimicus
2456 4664 2578 4703 cum
2604 4647 2765 4700 altam
2798 4645 3037 4715 infligere
3078 4646 3285 4715 plagam
3324 4656 3546 4699 conatus
3582 4658 3728 4701 esset

2184 4756 2213 4794 a
2240 4754 2404 4810 scopo
2429 4739 2641 4806 quidem
2669 4735 2933 4789 aberravit
2958 4777 2972 4801 ,
3013 4735 3106 4789 sed
3131 4735 3197 4788 ad
3226 4735 3429 4804 vigilias
3468 4744 3524 4790 et
3566 4736 3761 4805 jejuniv

2187 4832 2565 4902 promptiorem
2596 4828 2841 4882 reddidit.

2254 4923 2306 4977 2.
2349 4922 2568 4975 Lubrica
2608 4930 2678 4975 est
2719 4922 2940 4974 humana
2982 4931 3165 4975 natura
3186 4964 3200 4987 ,
3232 4922 3329 4975 cito
3368 4923 3501 4976 cadit
3528 4964 3539 4987 ,
3569 4923 3665 4977 cito
3689 4940 3762 4977 τοι

2182 5016 2361 5084 surgit.
2389 5044 2460 5052 —
2486 5012 2711 5066 Lubrica
2756 5023 2839 5066 est
2882 5012 3108 5067 lnnnana
3151 5024 3335 5067 natura
3360 5054 3375 5077 ,
3414 5014 3522 5067 cito
3562 5014 3768 5085 decipi-

2185 5115 2270 5159 tur
2296 5145 2311 5169 ,
2354 5104 2449 5157 sed
2496 5105 2602 5158 cito
2638 5120 2667 5157 a
2712 5103 2897 5159 fraude
2938 5120 2995 5158 se
3029 5104 3276 5171 expedit;
3318 5112 3372 5157 et
3411 5105 3548 5160 sicut
3587 5106 3771 5161 confe-

2184 5196 2305 5251 stim
2333 5196 2513 5262 cadit,
2557 5198 2627 5251 ita
2671 5196 2948 5251 confestim
2991 5196 3228 5266 erigitur.
3268 5195 3539 5267 Siquidem
3583 5200 3770 5254 beatus

2184 5289 2275 5343 ille
2314 5288 2433 5349 vir,
2486 5288 2734 5343 Davidem
2777 5288 2898 5343 dico
2924 5330 2936 5350 ,
2979 5290 3069 5357 qui
3109 5289 3311 5344 eleCtus
3356 5290 3450 5343 fuit
3489 5292 3541 5345 in
3586 5306 3766 5362 regem

2186 5391 2240 5438 et
2289 5382 2641 5452 prophetam,
2686 5396 2806 5435 cum
2854 5381 3018 5434 multa
3066 5381 3320 5450 prmclare
3365 5381 3615 5447 fecisset,
3670 5385 3768 5437 ho-

2186 5475 2384 5528 minem
2413 5489 2471 5527 se
2508 5488 2627 5527 esse
2666 5472 2982 5525 monstravit
3004 5512 3017 5535 ,
3052 5480 3106 5524 et
3144 5472 3333 5525 alicam
3369 5475 3550 5527 uxoris
3582 5488 3766 5528 amore

2188 5575 2375 5634 captus
2420 5573 2501 5618 est
2551 5581 2563 5615 :
2616 5578 2714 5617 nec
2762 5562 2832 5617 ibi
2879 5562 3051 5616 solum
3093 5563 3367 5627 constitit,
3416 5563 3508 5618 sed
3549 5573 3767 5633 propter

2190 5655 2676 5724 concupiscentiam
2702 5654 3018 5709 adulterium
3036 5697 3049 5719 ,
3084 5667 3299 5724 propter
3324 5654 3641 5709 adulterium
3664 5657 3765 5711 ho-

2190 5747 2457 5801 micidium
2486 5748 2746 5816 patravit:
2778 5747 2870 5800 sed
2900 5748 3023 5816 quia
3063 5746 3168 5801 duo
3196 5755 3336 5800 tanta
3364 5747 3579 5803 vulnera
3616 5764 3767 5803 acce.

2192 5851 2373 5911 perat,
2402 5859 2504 5895 non
2532 5840 2651 5895 ideo
2678 5842 2891 5895 tertium
2920 5842 3145 5905 addidit;
3177 5840 3271 5896 sed
3300 5842 3477 5896 statim
3505 5845 3571 5900 ad
3599 5847 3762 5900 mcu'v

2258 5968 2273 5997 ι
2310 5967 2377 6015 sic
2390 5978 2557 6013 omnes
2583 5972 2684 6012 ηδε.
2706 5970 2753 6011 rt
2780 5963 2915 6012 Savil.
2941 5962 3099 6013 \torel.
3117 5976 3253 6028 vero,
3266 5963 3521 6015 duxerunt.
