4506 6704
768 543 863 595 διι

769 668 891 710 cum
936 651 1198 711 accurrit.
1240 654 1295 702 et
1332 643 1683 699 medicamina
1723 638 2002 711 apposuit,
2047 638 2347 709 jejunium,

772 750 1066 818 lacrymas,
1096 742 1284 807 fletus,
1317 737 1588 791 orationes
1615 734 1949 805 frequentes,
1982 732 2177 801 smpius
2197 728 2351 784 adhi-

774 838 939 892 bitam
970 834 1170 905 peccati
1199 829 1624 893 canfessionem;
1657 827 1825 896 iisque
1854 824 2027 878 modis
2056 825 2222 879 Deum
2247 820 2357 891 pla-

776 929 938 995 cavit,
972 928 1041 981 ita
1069 936 1124 980 ut
1153 923 1219 978 ad
1244 922 1523 991 pristinam
1550 919 1859 988 dignitatem
1885 914 2114 981 rediret,
2143 912 2276 968 adeo
2302 920 2358 964 ιιι

778 1022 939 1077 etiam
967 1028 1088 1090 post
1112 1015 1426 1072 adulterium
1449 1025 1502 1069 et
1523 1011 1723 1068 credem
1743 1051 1757 1075 ,
1793 1008 1959 1079 patris
1983 1009 2236 1063 memoria
2265 1005 2357 1059 filii

776 1106 1127 1166 idololatriam
1145 1114 1324 1177 posset
1338 1102 1777 1175 obtegem.Filius
1798 1099 1993 1171 quippe
2012 1100 2127 1170 ejus
2148 1097 2360 1153 nomine

775 1204 1024 1259 Salomon
1054 1198 1240 1255 eodem
1262 1242 1277 1264 ,
1300 1214 1406 1269 quo
1433 1207 1582 1268 pater
1600 1237 1614 1258 .
1646 1197 1832 1264 laqueo
1865 1204 2053 1262 captus
2077 1200 2191 1255 est,
2219 1202 2270 1244 et
2303 1190 2354 1241 in

778 1295 1061 1349 mulierum
1115 1293 1341 1361 gratiam
1392 1306 1421 1343 a
1468 1298 1688 1358 paterno
1736 1288 1847 1341 Deo
1902 1286 2144 1339 recessit.
2202 1281 2359 1335 Vides

778 1394 1035 1456 quantum
1064 1384 1258 1437 malum
1283 1381 1352 1436 sit
1381 1381 1704 1449 voluptatem
1737 1392 1841 1430 non
1867 1376 2119 1430 cohibere
2140 1417 2154 1440 ,
2187 1384 2238 1428 et
2268 1390 2359 1425 na-

778 1490 910 1535 tnrm
938 1476 1288 1546 principatum
1318 1482 1646 1544 pervertere,
1670 1472 1741 1525 ita
1767 1482 1825 1526 ut
1846 1468 1929 1525 vir
1948 1468 2017 1523 sit
2039 1469 2056 1499 ⁸
2082 1467 2359 1522 mulierum

778 1587 986 1629 servus.
1016 1572 1166 1628 ilunc
1196 1572 1376 1642 itaque
1401 1568 1743 1624 Salomonem
1766 1606 1781 1631 ,
1811 1565 1899 1635 qui
1936 1563 2087 1634 prius
2111 1562 2283 1630 justus
2310 1568 2363 1612 et

775 1665 989 1735 sapiens
1013 1663 1183 1719 fuerat
1206 1678 1222 1728 ;
1244 1676 1366 1717 cum
1389 1657 1681 1729 periculum
1704 1664 1865 1721 esset,
1891 1670 1957 1709 ne
1985 1651 2185 1723 peccati
2206 1664 2361 1704 causa

777 1768 1000 1824 regnum
1025 1762 1193 1808 totum
1219 1751 1521 1813 amitteret,
1542 1748 1611 1802 ob
1637 1754 1916 1816 paternum
1946 1743 2193 1797 meritum
2224 1740 2363 1793 Deus

777 1853 982 1899 sextam
1013 1841 1164 1912 regni
1192 1841 1489 1911 portionem
1513 1837 1711 1891 habere
1732 1833 1994 1905 permisit.
2026 1831 2082 1885 Si
2105 1830 2199 1883 tibi
2221 1842 2362 1882 cura:

780 1932 968 1989 fuisset
993 1942 1212 1989 externa
1252 1931 1340 1985 illa
1384 1928 1717 1999 eloquentia,
1747 1940 1973 1994 eamque
2035 1931 2215 1992 postea
2264 1919 2361 1974 ad-

782 2025 999 2081 modum
1029 2024 1363 2095 negligeres,
1394 2038 1492 2093 ego
1518 2036 1647 2075 sane
1684 2027 1931 2074 revocata
1962 2016 2056 2070 tibi
2094 2015 2194 2070 fori
2214 2056 2229 2080 ,
2265 2013 2363 2068 tri-

780 2116 1009 2181 bunalis,
1035 2129 1355 2171 coronarum
1386 2112 1509 2167 inde
1535 2109 2000 2180 consequentium,
2032 2122 2095 2161 ac
2125 2105 2363 2175 pristina:

780 2208 835 2263 in
863 2206 1128 2279 loquendo
1184 2205 1392 2261 fiducia:
1446 2203 1740 2268 memoria,
1786 2209 1973 2255 auctor
2006 2205 2179 2254 essem
2209 2206 2268 2252 ut
2295 2196 2364 2251 ad

782 2302 1083 2372 praeteritos
1110 2299 1322 2355 labores
1341 2296 1577 2353 redires:
1609 2292 2039 2365 quandoquidem
2068 2299 2247 2345 autem
2270 2304 2366 2359 pro

782 2392 1080 2449 caziestibus
1113 2390 1412 2456 currimus,
1461 2399 1900 2451 terrenarumque
1944 2396 2125 2437 rerum
2166 2381 2365 2436 nullam

783 2484 1049 2539 rationem
1078 2480 1336 2536 habemus
1356 2519 1370 2543 ,
1396 2478 1617 2532 alterius
1655 2474 1750 2529 tibi
1770 2472 1986 2544 judicii,
2012 2471 2369 2540 borrendique

785 2572 1064 2629 tribunalis
1088 2570 1413 2627 mentionem
1441 2566 1581 2622 facio
1609 2584 1621 2620 :
1656 2564 1765 2619 Nos
1790 2563 1975 2633 quippe
2011 2577 2183 2616 omnes
2203 2578 2365 2630 appa-

782 2683 891 2721 rere
940 2673 1133 2736 oportet
1179 2672 1297 2717 ante
1334 2660 1555 2716 tribunal
1585 2658 1770 2714 Christi
1807 2658 1827 2688 ¹
1861 2655 1879 2727 (
1910 2655 1965 2708 2.
1995 2652 2113 2709 Cor.
2142 2652 2194 2708 5.
2228 2651 2294 2706 10
2328 2656 2365 2719 ).

786 2757 879 2813 llle
900 2770 1027 2812 vero
1053 2764 1176 2810 tunc
1198 2752 1364 2825 judex
1387 2750 1613 2815 sedebit,
1642 2750 1731 2819 qui
1759 2762 1901 2801 nunc
1925 2761 1955 2799 a
1979 2753 2031 2800 te
2054 2742 2364 2812 despicitur.

786 2848 921 2917 Quid
950 2861 1079 2917 ergo
1106 2855 1231 2901 tunc
1258 2844 1497 2899 dicemus
1516 2884 1531 2908 ,
1558 2840 1646 2895 die
1672 2838 1799 2893 mihi
1822 2879 1837 2903 ,
1861 2852 2022 2908 quam
2063 2831 2368 2890 excusatio-

785 2954 907 2994 nem
937 2937 1220 2995 aﬂ'eremus
1240 2978 1255 3003 ,
1285 2935 1328 2989 si
1359 2935 1409 2988 in
1451 2932 1540 2987 tali
1567 2930 2007 3003 praevaricatione
2053 2940 2365 2996 persevere-

787 3033 946 3088 mus?
974 3030 1120 3101 quid,
1151 3043 1354 3099 qumso,
1378 3024 1654 3082 dicemus?
1686 3024 2090 3093 negotiornmne
2116 3018 2371 3074 sollicitu-

787 3125 967 3180 dinem
994 3121 1420 3193 prazteudemus?
1450 3117 1557 3174 Sed
1582 3132 1679 3170 nos
1708 3118 1820 3184 ipse
1850 3112 2115 3182 prrevertit
2146 3112 2329 3166 dicens
2354 3126 2368 3167 :

791 3217 927 3284 Quid
965 3214 1186 3286 proderit
1223 3212 1413 3265 homini
1437 3211 1480 3264 si
1510 3208 1755 3262 mundum
1792 3207 2076 3260 universum
2116 3202 2367 3265 lucretur,

789 3310 975 3364 anima!
1002 3322 1116 3360 vero
1136 3320 1242 3359 sua:
1269 3304 1618 3358 detrimentum
1642 3299 1866 3369 patiatur
1894 3293 2106 3368 (Matth.
2132 3292 2217 3347 16.
2242 3290 2372 3363 26)?

787 3403 869 3456 An
902 3399 1143 3454 dicemus
1182 3410 1281 3450 nos
1310 3396 1378 3448 ab
1420 3393 1538 3446 aliis
1578 3391 1825 3445 seductos
1879 3388 2078 3441 fuisse?
2128 3386 2196 3439 At
2238 3383 2371 3436 nihil

790 3493 993 3548 Adamn
1025 3491 1077 3544 in
1116 3487 1488 3544 defensionem
1517 3481 1747 3554 proluit,
1790 3478 1932 3549 quod
1962 3492 2181 3532 uxorem
2221 3475 2375 3529 incu-

789 3592 935 3640 saret
957 3581 1182 3638 dicens:
1213 3576 1437 3643 Mulier,
1468 3590 1622 3646 quant
1659 3572 1844 3626 dedisti
1889 3585 2083 3625 mecum
2106 3609 2122 3635 ,
2153 3568 2268 3638 ipsa
2299 3582 2376 3620 me

789 3676 986 3746 decepit
1015 3670 1168 3745 (Gen.
1190 3670 1249 3725 3.
1280 3667 1350 3723 12
1377 3666 1399 3739 )
1425 3683 1440 3719 :
1474 3667 1611 3721 sicut
1630 3677 1731 3719 nec
1756 3660 1965 3717 mulieri
1985 3658 2129 3730 quod
2148 3672 2372 3727 serpen-

792 3777 899 3824 tem
928 3771 1201 3820 auctorem
1229 3759 1453 3814 diceret.
1482 3754 1815 3811 llorrendum
1840 3767 1970 3807 sane
1994 3758 2098 3817 est,
2124 3765 2158 3804 ο
2177 3747 2373 3804 dilecte

792 3856 1110 3919 Theodore,
1152 3850 1387 3908 tribunal
1428 3847 1591 3913 illud,
1637 3845 1777 3917 quod
1822 3859 1922 3900 nec
1974 3840 2375 3898 accusatoribus

794 3960 971 4023 egeat,
999 3962 1100 4003 nec
1121 3953 1284 4001 testes
1304 3948 1575 4011 exspectet
1600 3957 1614 3994 :
1644 3936 1903 4008 judicanti
1923 3936 2066 3991 enim
2094 3933 2172 3988 illi
2196 3931 2376 3986 omnia

797 4043 939 4100 nuda
967 4050 1020 4098 et
1046 4047 1229 4109 aperta
1256 4043 1401 4101 sunt,
1428 4048 1528 4089 nec
1550 4034 1810 4087 factorum
1834 4037 2062 4092 tantum,
2087 4024 2187 4080 sed
2211 4024 2373 4078 etiam

796 4135 1178 4209 cogitationum
1208 4142 1395 4200 pomus
1415 4126 1694 4182 dabimus:
1725 4138 1845 4177 nam
1867 4120 2031 4189 judes
2060 4117 2148 4173 ille
2172 4125 2377 4171 scruta-

798 4244 885 4289 tor
923 4225 1306 4300 cogitationum
1340 4231 1395 4276 et
1446 4218 1789 4275 consiliorum
1826 4213 2005 4270 cordis
2037 4220 2139 4267 est.
2171 4212 2241 4265 At
2270 4209 2378 4263 for~

800 4335 943 4380 tasse
970 4329 1175 4378 natura:
1201 4316 1567 4373 infirmitatem
1596 4309 1857 4365 obtendes
1877 4350 1893 4375 ,
1924 4308 2177 4376 dicesque
2215 4314 2267 4359 te
2291 4304 2377 4374 jn-

798 4429 925 4487 gum
990 4410 1133 4468 ferre
1192 4423 1300 4463 non
1341 4419 1519 4477 posse.
1563 4402 1669 4458 Sed
1730 4414 1975 4470 quamam
2025 4398 2142 4452 haec
2188 4396 2381 4451 defen-

800 4508 883 4563 sio
907 4547 922 4571 ,
970 4516 1133 4559 suave
1170 4497 1301 4555 illud
1348 4496 1534 4566 jugum
1581 4491 1706 4547 ferri
1747 4505 1855 4543 non
1898 4503 2076 4559 posse,
2108 4502 2208 4541 nec
2246 4500 2383 4539 onus

802 4598 921 4654 leve
986 4589 1229 4665 portari?
1282 4604 1349 4642 an
1427 4583 1603 4655 gravis
1658 4594 1990 4648 onerosaque
2042 4592 2129 4632 res
2169 4585 2251 4631 est
2298 4591 2380 4629 rer

800 4690 999 4746 creatio
1027 4702 1058 4740 a
1097 4680 1398 4740 laboribus?
1419 4678 1498 4734 Ad
1545 4678 1660 4731 bace
1692 4673 1887 4745 quippe
1907 4686 2003 4725 nos
2023 4678 2178 4725 vocat
2200 4668 2382 4723 Chris-

802 4794 890 4838 tus
916 4781 1098 4835 diccns
1123 4796 1136 4832 :
1174 4775 1350 4830 Venite
1367 4771 1436 4825 ad
1453 4787 1532 4824 me
1555 4784 1726 4824 omnes
1748 4766 1832 4837 qui
1854 4762 2096 4818 laboratis
2122 4772 2166 4814 et
2192 4760 2385 4812 onerati

804 4876 948 4939 estis,
972 4882 1018 4925 et
1059 4886 1149 4940 ego
1197 4866 1421 4933 reﬁciam
1463 4879 1550 4915 vos
1579 4860 1775 4914 :tollite
1802 4859 1988 4927 jugum
2033 4869 2199 4907 meum
2239 4868 2387 4920 super

805 4984 914 5034 vos,
943 4974 988 5020 et
1015 4962 1190 5017 discite
1216 4974 1248 5011 a
1275 4973 1354 5010 me
1375 4955 1494 5026 quia
1520 4953 1652 5005 mitis
1676 4966 1788 5003 sum
1806 4959 1852 5003 et
1874 4947 2077 5002 humilis
2094 4943 2246 4999 corde
2268 4959 2284 4996 :
2295 4944 2382 5012 ju-

807 5074 927 5130 gum
957 5054 1088 5109 enim
1114 5063 1280 5102 meum
1304 5060 1455 5099 suave
1483 5051 1577 5104 est,
1605 5050 1650 5094 et
1678 5056 1804 5093 onus
1832 5055 1994 5090 meum
2021 5039 2124 5091 leve
2153 5034 2380 5107 (Matth.

811 5127 900 5205 li.
930 5147 1002 5202 28
1041 5146 1083 5215 ),
1113 5139 1250 5209 Quid
1279 5138 1421 5193 enim
1452 5134 1624 5189 levius
1645 5172 1659 5194 ,
1688 5130 1777 5184 dic
1804 5129 1933 5182 mihi
1955 5169 1969 5192 ,
2012 5142 2170 5196 quam
2204 5127 2347 5180 curis
2369 5168 2383 5188 ,

811 5238 1036 5309 negotiis
1055 5279 1071 5303 ,
1101 5231 1384 5290 timoribus
1422 5234 1583 5297 atque
1626 5221 1895 5277 laboribus
1922 5220 2102 5280 eximi,
2132 5218 2199 5272 ab
2227 5217 2387 5287 hujus

812 5333 938 5387 vine
956 5327 1201 5382 fluctibus
1220 5319 1512 5393 segregari,
1528 5327 1581 5372 et
1603 5318 1653 5368 in
1676 5313 1959 5384 tranquillo
1983 5322 2138 5381 portu
2156 5309 2385 5379 degere?

879 5422 936 5478 5.
969 5418 1105 5484 Quid
1120 5418 1171 5469 in
1192 5418 1284 5469 hac
1303 5415 1404 5468 vita
1424 5411 1486 5466 sit
1511 5402 1961 5479 optabile.—Quid
1986 5404 2037 5456 in
2065 5402 2165 5455 hoc
2189 5399 2385 5454 mundo

811 5516 1017 5569 lelicius
1047 5509 1142 5563 tibi
1176 5506 1381 5559 videtur
1409 5512 1464 5558 et
1498 5495 1823 5570 optabilius?
1852 5493 2215 5561 Principatum
2245 5490 2384 5544 haud

817 5604 976 5660 dubie
1003 5602 1152 5656 dices
1192 5605 1247 5653 et
1288 5595 1498 5650 divitias
1529 5593 1826 5657 bonamque
1855 5584 1995 5655 apud
2026 5584 2269 5641 homines
2307 5581 2388 5637 fa-

881 5804 898 5833 ⁸
931 5801 1118 5850 nabent
1147 5799 1242 5862 duo
1273 5798 1477 5862 signat
1500 5790 1571 5839 vir
1608 5788 1811 5853 sapiens,
1833 5798 1929 5838 etc.
1954 5787 2077 5837 Infra
2100 5799 2270 5837 omnes
2290 5786 2389 5848 alii,

732 5878 737 5884 '
764 5880 769 5886 '
815 5864 896 5929 qui
912 5864 1072 5929 justus
1090 5894 1105 5917 ,
1120 5861 1500 5929 omisso,_prit_ts.

880 5909 1104 5985 ἰθύει-εἱ(
1118 5924 1166 5969 in
1190 5909 1407 5981 margine
1430 5914 1591 5985 savil.,
1622 5919 1672 5982 ut
1694 5912 1893 5985 quisque
1917 5910 2085 5981 afferat
2103 5920 2216 5985 gum
2235 5944 2250 5969 ,
2276 5909 2391 5960 dum

817 5992 865 6042 in
889 5971 1085 6051 εόνροῗε
1108 5986 1249 6040 esset,
1268 5971 1486 6043 o'pcratus
1503 5982 1569 6027 est
1590 5974 1685 6026 sive
1705 5971 1889 6033 bonum,
1909 5971 2001 6022 sive
2018 5971 2212 6020 malmn.

1477 532 1532 586 s.
1574 528 1851 587 massis
1889 522 2356 583 CllltYSOSTOMI
2396 521 2712 582 ARCHIEP.
2756 527 3288 589 CONSTANTINOP.

3938 533 4039 588 ξιξ

2462 652 2625 694 mam.
2639 640 2742 697 Sed
2759 642 2880 712 quid
2898 642 2977 697 bis
2995 646 3346 703 miserabilius
3360 655 3461 711 est,
3474 646 3516 698 si
3533 642 3945 701 Christianorum
3976 651 4039 703 li-

2462 727 2652 787 bertati
2672 736 3083 803 comparentur?
3106 738 3237 794 Nam
3268 743 3514 815 princeps
3541 743 3705 800 furori
3729 746 4042 815 populorum

2464 821 2704 921 subjacet
2749 826 3009 921 brutoque
3056 829 3410 921 multitudinis
3454 837 3670 907 impetui
3708 879 3724 904 ,
3781 838 4041 908 majorum

2467 915 2765 1003 principum
2792 916 2989 983 timori,
3018 918 3365 979 sollicitudini
3395 942 3519 997 erga
3558 928 3797 985 subditos
3823 948 3835 984 :
3866 945 3928 988 ac
3953 934 4042 1003 qui

2466 1001 2578 1095 heri
2598 1008 2845 1078 princeps
2860 1017 2993 1076 erat,
3011 1008 3171 1067 hodie
3188 1015 3423 1081 privatus
3438 1019 3695 1079 efficitur:
3720 1022 3833 1079 hzec
3851 1001 4047 1095 quippe

2465 1094 2570 1148 vita
2597 1097 2731 1152 nihil
2759 1114 2789 1154 a
2818 1115 2976 1155 scena
3007 1101 3201 1158 differt.
3225 1103 3358 1159 Nam
3382 1117 3439 1162 ut
3468 1110 3540 1165 ibi
3567 1112 3655 1168 hic
3681 1094 4044 1184 imperatoris.

2466 1185 2557 1242 ille
2586 1188 2758 1257 ducis,
2777 1193 2909 1248 alter
2936 1193 3122 1249 militis
3150 1196 3334 1266 implet
3353 1198 3588 1257 officium
3607 1224 3618 1258 :
3638 1210 3844 1277 vesperi
3870 1219 4045 1264 autem

2467 1294 2569 1336 nec
2594 1283 2906 1353 imperator,
2938 1288 3026 1356 qui
3054 1288 3343 1357 imperator
3369 1302 3507 1358 erat,
3537 1311 3637 1351 nec
3659 1298 3767 1353 dux
3794 1301 3882 1369 qui
3911 1301 4041 1367 dus,

2467 1389 2567 1431 nec
2597 1378 2751 1434 miles
2780 1380 2867 1451 qui
2897 1382 3049 1437 miles
3074 1391 3190 1438 erat
3209 1424 3223 1448 ,
3255 1394 3497 1440 remanet
3521 1403 3535 1439 :
3563 1388 3639 1442 sic
3665 1398 3719 1443 et
3746 1392 3799 1444 in
3822 1392 3909 1448 die
3935 1394 4043 1459 illa,

2467 1480 2573 1521 non
2604 1483 2633 1523 a
2658 1486 2905 1540 persona.
2937 1472 3031 1528 sed
3061 1472 3129 1528 ab
3156 1476 3409 1544 operibus
3425 1477 3637 1548 dignam
3652 1482 3878 1550 quisque
3904 1500 4045 1539 nter-

2467 1560 2653 1615 cedem
2684 1566 2925 1635 accipiet.
2958 1567 3025 1620 At
3048 1566 3214 1635 gloria
3237 1567 3483 1624 fortassis
3504 1571 3557 1625 in
3582 1573 3753 1640 pretio
3778 1573 4044 1640 habenda,

2466 1666 2587 1720 qua:
2613 1654 2751 1709 cadit
2782 1666 3048 1727 tamquam
3098 1656 3198 1712 flos
3246 1657 3399 1715 feni?
3439 1662 3509 1717 At
3535 1660 3732 1718 divitia:
3758 1704 3772 1726 ,
3800 1678 3931 1733 quas
3958 1667 4047 1733 qui

2469 1744 2746 1810 possident
2790 1748 2973 1803 miseri
3001 1747 3398 1818 praedicantur?
3427 1751 3535 1820 Vw,
3572 1753 3760 1824 inquit,
3792 1756 4048 1823 divitibus;

2467 1844 2522 1889 et
2548 1836 2757 1904 iterum,
2796 1839 2884 1895 Va:
2901 1842 2987 1911 qui
3020 1843 3280 1910 conﬁdunt
3313 1844 3366 1898 in
3394 1846 3571 1901 virtute
3589 1864 3700 1911 sua,
3732 1858 3778 1903 et
3805 1852 3858 1904 in
3879 1853 4050 1905 multi-

2466 1927 2643 1982 tudine
2662 1931 2933 1985 divitiarun
2952 1947 3159 1986 suarum
3180 1934 3463 2004 gloriantur
3483 1935 3629 2009 (Luc.
3649 1938 4047 1995 6.2£.Psal.48.

2466 2020 2564 2094 6).
2620 2022 2950 2080 Christianus
2995 2042 3280 2096 numquam
3307 2044 3372 2083 ex
3416 2030 3652 2101 principe
3678 2031 3909 2101 privatus
3934 2031 4052 2087 effi-

2467 2114 2625 2179 citur,
2656 2130 2754 2171 nec
2778 2131 2978 2187 panper
2997 2133 3063 2173 ex
3087 2117 3271 2184 divite,
3295 2136 3396 2176 nec
3422 2136 3487 2177 ex
3514 2122 3750 2193 glorioso
3766 2124 4049 2193 inglorius;

2468 2205 2564 2261 sed
2610 2206 2661 2261 in
2692 2207 2891 2263 divitiis
2933 2219 3113 2266 manet
3138 2210 3299 2267 etiam
3328 2227 3452 2269 cum
3489 2214 3777 2284 mendicat,
3806 2226 3861 2272 et
3886 2218 4052 2287 erigi-

2471 2308 2559 2352 tur
2576 2314 2697 2354 cum
2725 2315 2847 2357 sese
2872 2302 3176 2373 deprimere
3202 2306 3416 2377 satagit,
3445 2316 3499 2362 ct
3530 2323 3684 2375 eum,
3721 2324 3878 2381 quem
3907 2310 4051 2365 obti-

2471 2393 2969 2463 net,principatum,
2994 2412 3098 2451 non
3126 2397 3424 2467 hominum,
3452 2401 3548 2456 sed
3599 2404 3894 2474 principum
3914 2444 3930 2470 ,
3959 2405 4053 2474 qui

2470 2493 2596 2538 sunt
2633 2485 2733 2539 sub
2759 2496 3023 2556 potestate
3066 2491 3290 2546 rectoris
3330 2493 3706 2562 tenebrarum,
3731 2495 3906 2551 nullus
3946 2498 4050 2567 ipsi

2471 2584 2645 2644 potest
2668 2575 2900 2633 auferre.
2947 2578 3204 2650 Legitima
3251 2598 3338 2637 res
3375 2592 3459 2639 est
3502 2586 3803 2655 conjugium
3826 2627 3843 2653 ,
3874 2588 3926 2642 id
3952 2604 4057 2659 ego

2470 2668 2766 2736 confiteor;
2798 2669 3111 2725 Honorabile
3127 2674 3271 2727 enim
3293 2684 3365 2728 est
3383 2676 3707 2743 connubium,
3727 2687 3774 2731 et
3798 2672 3935 2733 torus
3952 2680 4054 2733 im-

2471 2760 2756 2815 maculatus
2782 2777 2803 2816 :
2828 2762 3155 2831 fornicatores
3199 2775 3369 2820 autem
3408 2775 3456 2821 et
3499 2767 3758 2823 adulteros
3801 2771 4058 2840 judicabit

2474 2852 2613 2907 Deus
2660 2855 2678 2923 (
2711 2854 2837 2908 Heb.
2862 2855 2947 2910 15.
2976 2854 3054 2925 4).
3110 2855 3218 2912 Sed
3248 2858 3340 2912 tibi
3380 2858 3489 2927 jam
3531 2874 3640 2915 non
3668 2868 3751 2915 est
3791 2862 4056 2934 integrum

2467 2943 2590 3013 jura
2629 2945 2879 3000 connubii
2918 2962 3155 3005 servare.
3209 2950 3344 3004 Eum
3398 2952 3570 3017 enim,
3603 2954 3694 3024 qtti
3736 2956 3903 3010 semel
3944 2972 4057 3011 ca:-

2476 3035 2596 3092 lesti
2650 3052 2849 3107 sponso
2893 3039 3112 3108 junctus
3159 3050 3242 3096 est
3270 3083 3285 3107 ,
3337 3044 3381 3096 si
3435 3043 3503 3097 ab
3549 3058 3616 3098 eo
3672 3044 3953 3102 divellatur
4001 3061 4059 3102 et

2474 3146 2697 3186 uxorem
2745 3132 2939 3198 ducat,
2988 3133 3307 3189 adulterium
3373 3137 3620 3193 amittere
3675 3147 3877 3193 certum
3930 3148 4057 3205 est,

2473 3223 2717 3293 quamvis
2766 3224 2959 3278 millies
3003 3223 3105 3279 hoc
3170 3226 3340 3294 ipsum
3396 3227 3604 3297 nuptias
3662 3243 3875 3295 voces;
3948 3231 4061 3283 imo

2474 3314 2531 3370 id
2583 3325 2731 3370 tanto
2772 3317 2983 3384 gravius
3026 3316 3289 3371 adulterio
3336 3328 3437 3383 est,
3477 3326 3678 3387 quanto
3722 3322 4061 3389 praestantior

2478 3405 2623 3460 Deus
2662 3405 2897 3461 homine.
2928 3406 3006 3461 Ne
3035 3408 3153 3476 quis
3185 3417 3235 3461 te
3256 3407 3486 3479 decipiat
3515 3408 3702 3464 dicens
3734 3429 3748 3464 :
3782 3426 3998 3466 uxorem
4040 3414 4057 3444 '

2477 3494 2675 3551 ducere
2718 3512 2823 3551 non
2871 3506 3015 3551 vetat
3062 3498 3219 3553 Deus.
3265 3499 3318 3552 ld
3364 3514 3463 3570 ego
3506 3515 3717 3570 quoque
3763 3502 3915 3568 novi;
3961 3502 4060 3557 sed

2478 3589 2792 3644 adulterium
2833 3590 3125 3658 prohibuit,
3176 3591 3316 3661 quod
3362 3601 3417 3646 tu
3461 3591 3746 3648 admittere
3791 3593 4008 3649 volebas
4043 3611 4060 3650 :

2476 3686 2617 3757 quod
2647 3686 2803 3752 absit,
2835 3696 2891 3741 ut
2932 3687 3181 3741 nimirum
3209 3686 3475 3742 connubio
3513 3686 3756 3758 jnngaris
3783 3702 4060 3759 umquam.

2478 3777 2682 3848 Ecquid
2719 3778 2933 3833 miraris
2956 3778 3001 3832 si
3028 3778 3229 3848 nuptite
3276 3793 3372 3847 pro
3396 3778 3659 3834 adulterio
3707 3787 4019 3850 reputantur
4039 3820 4059 3847 ,

2478 3871 2691 3942 quando
2732 3870 3088 3925 contemnitur
3130 3870 3308 3927 Deus?
3333 3870 3520 3926 Ca2ch
3566 3871 3632 3925 ad
3667 3871 3924 3941 justitiam
3968 3886 4060 3926 re-

2480 3971 2658 4030 putata
2681 3970 2782 4028 est,
2813 3969 2867 4015 et
2888 3960 3185 4016 humanitas
3212 3960 3328 4029 plus
3354 3975 3509 4030 quam
3532 3960 3877 4017 homicidium
3904 3962 4060 4017 dam-

2483 4063 2603 4107 nata
2644 4051 2767 4117 fuit;
2797 4052 3045 4122 quoniam
3094 4052 3182 4105 illa
3213 4067 3278 4106 ex
3324 4052 3587 4107 sententia
3635 4052 3750 4116 Dei,
3792 4052 3905 4107 haec
3932 4069 4063 4108 vero

2483 4148 2575 4202 illo
2621 4146 2931 4217 prohibente
2968 4145 3203 4201 exhibita
3233 4154 3335 4200 est.
3365 4144 3434 4198 Et
3478 4144 3694 4198 Phinea:
3722 4144 3936 4213 quidem
3974 4162 4064 4201 re-

2484 4249 2721 4310 putatum
2747 4248 2829 4294 est
2855 4240 2918 4294 ad
2938 4238 3217 4308 justitiam,
3244 4237 3385 4306 quod
3413 4235 3756 4290 fornicantem
3784 4238 4061 4293 mulierem

2483 4348 2603 4387 cum
2649 4341 2945 4387 scortatore
2997 4329 3353 4392 confodisset;
3402 4326 3615 4382 Saulem
3670 4345 3800 4384 vero
3848 4340 4063 4386 sant-tus

2487 4425 2582 4480 Dei
2609 4422 2845 4486 Samuel,
2875 4422 2927 4475 in
2969 4420 3117 4483 ﬂetu.
3159 4420 3304 4473 luctu
3330 4428 3385 4474 et
3414 4419 3657 4488 precibus
3688 4435 3830 4490 sarpe
3874 4437 4065 4491 perno~

2489 4524 2662 4578 etans,
2694 4528 2798 4567 non
2828 4511 2997 4581 potuit
3018 4526 3047 4564 a
3074 4510 3434 4575 damnatione,
3453 4525 3611 4579 quam
3644 4510 3781 4566 Deus
3807 4512 4063 4568 adversus

2490 4608 2662 4675 ipsum
2696 4604 3156 4674 pronuntiaverat,
3185 4603 3420 4673 eripere;
3450 4603 3572 4672 quia
3603 4619 3781 4673 regem
3807 4604 4063 4674 alienige-

2490 4712 2701 4761 narum,
2732 4711 2887 4766 quem
2930 4694 3164 4749 occisum
3193 4702 3539 4764 oportuerat,
3581 4706 3775 4764 praeter
3815 4695 3906 4750 Dei
3936 4710 4061 4749 sen-

2490 4788 2711 4847 tentiam
2742 4785 2913 4841 salute
2950 4785 3186 4841 donavit.
3217 4783 3274 4840 Si
3301 4800 3433 4855 ergo
3469 4785 3771 4839 humanitas
3806 4782 4061 4851 majorem

2489 4897 2647 4952 quam
2675 4878 2850 4936 ctedes
2892 4877 3291 4933 damnationem
3317 4876 3509 4943 infert,
3539 4876 3661 4946 quia
3688 4875 3796 4928 Deo
3829 4888 3932 4927 non
3960 4873 4059 4927 ob-

2492 4982 2815 5042 temperatur
2845 4991 2859 5026 :
2890 4970 3017 5041 quid
3048 4971 3244 5025 mirum
3275 4970 3321 5024 si
3346 4968 3546 5038 nuptiae
3586 4965 3882 5037 graviorem
3905 4980 4061 5031 quam

2490 5066 2807 5120 adulterium
2832 5065 3230 5118 damnationem
3260 5062 3510 5127 inferant,
3543 5057 3754 5129 quando
3777 5056 4068 5127 despicitur

2493 5156 2768 5212 Christus?
2796 5154 2947 5221 Nam,
2980 5164 3036 5209 ut
3063 5156 3213 5209 initio
3237 5153 3480 5209 dicebam
3510 5168 3523 5204 :
3556 5150 3600 5205 si
3632 5148 3866 5219 privatus
3887 5162 4065 5217 esses,

2495 5264 2650 5304 nemo
2676 5260 2729 5303 te
2764 5248 2993 5303 deserta:
3034 5247 3239 5302 militia:
3268 5250 3579 5307 accusaret;
3608 5256 3749 5296 nunc
3774 5249 3951 5295 autem
3991 5244 4067 5298 tui
4095 5280 4103 5325 ί

2491 5345 2626 5415 juris
2661 5358 2764 5398 non
2796 5356 2853 5397 es
2896 5342 3156 5410 amplius,
3184 5339 3275 5410 qui
3302 5345 3449 5392 tanto
3491 5333 3797 5403 imperatori
3844 5335 4070 5391 militare

2494 5438 2723 5507 cmpisti.
2750 5436 2959 5491 Etenim
2984 5436 3029 5490 si
3058 5434 3249 5488 mulier
3268 5430 3348 5485 sui
3367 5426 3606 5497 corporis
3627 5434 3939 5496 potestatem
3962 5444 4066 5485 non

2494 5531 2688 5595 habet,
2720 5529 2812 5585 sed
2836 5530 2933 5594 vir,
2964 5527 3130 5582 multo
3157 5522 3326 5592 magis
3350 5520 3440 5590 qui
3468 5520 3648 5574 vivunt
3675 5520 3725 5575 in
3753 5520 3966 5579 Christo
3988 5526 4067 5579 sui

2494 5622 2733 5691 corporis
2774 5629 3088 5691 potestatem
3133 5630 3238 5670 non
3266 5611 3493 5666 habeant
3522 5609 3597 5681 (l.
3638 5610 3754 5668 Cor.
3785 5615 3837 5669 7.
3867 5616 3942 5685 6).
3970 5616 4067 5682 Qui

2499 5728 2640 5767 nunc
2669 5709 3049 5771 contemnitur,
3079 5706 3192 5775 ipse
3231 5712 3311 5757 est
3336 5702 3423 5772 qui
3456 5710 3579 5756 tunc
3600 5702 3854 5774 judicabit
3884 5723 3898 5760 :
3930 5706 4067 5773 hunc

2497 5816 2712 5871 semper
2766 5809 2979 5870 cogita,
3041 5808 3250 5849 necnon
3313 5791 3528 5848 fluvium
3604 5794 3751 5851 illum
3820 5797 4066 5867 igneum;

2564 5966 2581 5995 ί
2616 5960 2756 6013 savil.
2788 5960 2837 6006 in
2860 5956 3097 6018 margine,
3122 5963 3321 6002 uxorem
3338 5948 3611 6016 legitimam.
