  <div class='ocr_page' id='page_1' title='image "/cluster/home/n/w/nwhite01/storage/ocr_20150623/47/hvd.32044025239690/270.png"; bbox 0 0 4516 6712; ppageno 0'>
   <div class='ocr_carea' id='block_1_1' title="bbox 356 560 457 614">
    <p class='ocr_par' dir='ltr' id='par_1_1' title="bbox 356 560 457 614">
     <span class='ocr_line' id='line_1_1' title="bbox 356 560 457 614; baseline -0.01 0"><span class='ocrx_word' id='word_1_1' title='bbox 356 560 457 614; x_wconf 76' lang='lat' dir='ltr'>3H</span> 
     </span>
    </p>
   </div>
   <div class='ocr_carea' id='block_1_2' title="bbox 1564 536 2565 598">
    <p class='ocr_par' dir='ltr' id='par_1_2' title="bbox 1564 536 2565 598">
     <span class='ocr_line' id='line_1_2' title="bbox 1564 536 2565 598; baseline -0.009 -1"><span class='ocrx_word' id='word_1_2' title='bbox 1564 542 1655 598; x_wconf 78' lang='grc' dir='ltr'>ΑΙ)</span> <span class='ocrx_word' id='word_1_3' title='bbox 1692 539 2129 596; x_wconf 69' lang='grc' dir='ltr'>ΤΗΕουοιιυΜ</span> <span class='ocrx_word' id='word_1_4' title='bbox 2164 536 2465 590; x_wconf 79' lang='lat' dir='ltr'>LAPSUM.</span> <span class='ocrx_word' id='word_1_5' title='bbox 2502 536 2565 590; x_wconf 91' lang='grc' dir='ltr'>ΙΙ.</span> 
     </span>
    </p>
   </div>
   <div class='ocr_carea' id='block_1_3' title="bbox 3707 524 3812 578">
    <p class='ocr_par' dir='ltr' id='par_1_3' title="bbox 3707 524 3812 578">
     <span class='ocr_line' id='line_1_3' title="bbox 3707 524 3812 578; baseline -0.01 -1"><span class='ocrx_word' id='word_1_6' title='bbox 3707 524 3812 578; x_wconf 69' lang='lat'>312</span> 
     </span>
    </p>
   </div>
   <div class='ocr_carea' id='block_1_4' title="bbox 355 642 3817 744">
    <p class='ocr_par' dir='ltr' id='par_1_4' title="bbox 355 642 3817 744">
     <span class='ocr_line' id='line_1_4' title="bbox 355 642 3817 744; baseline -0.008 -17"><span class='ocrx_word' id='word_1_7' title='bbox 355 678 543 728; x_wconf 85' lang='grc' dir='ltr'>πίπτει</span> <span class='ocrx_word' id='word_1_8' title='bbox 575 673 803 744; x_wconf 85' lang='grc' dir='ltr'>ταχέως,</span> <span class='ocrx_word' id='word_1_9' title='bbox 838 674 981 727; x_wconf 85' lang='grc' dir='ltr'>οῦτω</span> <span class='ocrx_word' id='word_1_10' title='bbox 1007 671 1101 725; x_wconf 75' lang='grc' dir='ltr'>καὶ</span> <span class='ocrx_word' id='word_1_11' title='bbox 1127 668 1322 721; x_wconf 78' lang='grc' dir='ltr'>θᾶττον</span> <span class='ocrx_word' id='word_1_12' title='bbox 1376 662 1684 715; x_wconf 84' lang='grc' dir='ltr'>ἀνίσταται.</span> <span class='ocrx_word' id='word_1_13' title='bbox 1716 653 2025 744; x_wconf 42' lang='grc' dir='ltr'>καὶ.γάρὸ</span> <span class='ocrx_word' id='word_1_14' title='bbox 2131 650 2597 744; x_wconf 47' lang='grc' dir='ltr'>τισμένοιαάχὼ</span> <span class='ocrx_word' id='word_1_15' title='bbox 2616 649 2950 744; x_wconf 55' lang='grc' dir='ltr'>ἀναπαύσω</span> <span class='ocrx_word' id='word_1_16' title='bbox 2989 644 3138 744; x_wconf 71' lang='grc' dir='ltr'>ὑμᾶς</span> <span class='ocrx_word' id='word_1_17' title='bbox 3210 644 3402 744; x_wconf 57' lang='grc' dir='ltr'>ἄρατε</span> <span class='ocrx_word' id='word_1_18' title='bbox 3421 647 3446 684; x_wconf 75' lang='grc' dir='ltr'><strong><em>ε</em></strong></span> <span class='ocrx_word' id='word_1_19' title='bbox 3494 646 3601 737; x_wconf 61' lang='grc' dir='ltr'>τεν</span> <span class='ocrx_word' id='word_1_20' title='bbox 3628 642 3817 744; x_wconf 41' lang='grc' dir='ltr'>,ζυγόν</span> 
     </span>
    </p>
   </div>
   <div class='ocr_carea' id='block_1_5' title="bbox 359 725 3815 827">
    <p class='ocr_par' dir='ltr' id='par_1_5' title="bbox 359 725 3815 827">
     <span class='ocr_line' id='line_1_5' title="bbox 359 725 3815 827; baseline -0.008 -18"><span class='ocrx_word' id='word_1_21' title='bbox 910 754 1084 821; x_wconf 83' lang='grc' dir='ltr'>ἀνὴρ,</span> <span class='ocrx_word' id='word_1_22' title='bbox 1124 748 1215 827; x_wconf 70' lang='grc' dir='ltr'>τὸν</span> <span class='ocrx_word' id='word_1_23' title='bbox 1248 742 1428 827; x_wconf 37' lang='grc' dir='ltr'>Δαυῒδ-</span> <span class='ocrx_word' id='word_1_24' title='bbox 1450 740 1614 809; x_wconf 90' lang='grc' dir='ltr'>λέγω,</span> <span class='ocrx_word' id='word_1_25' title='bbox 1636 738 1741 827; x_wconf 64' lang='grc' dir='ltr'>⁸τὸν</span> <span class='ocrx_word' id='word_1_26' title='bbox 1771 733 2025 827; x_wconf 60' lang='grc' dir='ltr'>ἐκλεκτδν</span> <span class='ocrx_word' id='word_1_27' title='bbox 2126 753 2247 827; x_wconf 66' lang='grc' dir='ltr'>μοι)</span> <span class='ocrx_word' id='word_1_28' title='bbox 2276 734 2369 802; x_wconf 66' lang='grc' dir='ltr'>ἐφ’</span> <span class='ocrx_word' id='word_1_29' title='bbox 2408 732 2586 827; x_wconf 38' lang='grc' dir='ltr'>ὺμιᾶς,</span> <span class='ocrx_word' id='word_1_30' title='bbox 2624 733 2724 826; x_wconf 67' lang='grc' dir='ltr'>καί</span> <span class='ocrx_word' id='word_1_31' title='bbox 2768 730 2989 827; x_wconf 53' lang='grc' dir='ltr'>μάθετε</span> <span class='ocrx_word' id='word_1_32' title='bbox 3014 730 3117 827; x_wconf 65' lang='grc' dir='ltr'>ἀπ’</span> <span class='ocrx_word' id='word_1_33' title='bbox 3368 725 3456 781; x_wconf 84' lang='grc' dir='ltr'>ὄτι</span> <span class='ocrx_word' id='word_1_34' title='bbox 3485 728 3675 796; x_wconf 75' lang='grc' dir='ltr'>πρᾶός</span> <span class='ocrx_word' id='word_1_35' title='bbox 3700 733 3815 827; x_wconf 59' lang='grc' dir='ltr'>είμι</span> 
     </span>
    </p>
   </div>
   <div class='ocr_carea' id='block_1_6' title="bbox 357 815 2026 907">
    <p class='ocr_par' dir='ltr' id='par_1_6' title="bbox 357 815 2026 907">
     <span class='ocr_line' id='line_1_6' title="bbox 357 815 2026 907; baseline -0.014 -17"><span class='ocrx_word' id='word_1_36' title='bbox 357 815 583 905; x_wconf 75' lang='grc' dir='ltr'>βασιλέα</span> <span class='ocrx_word' id='word_1_37' title='bbox 602 815 705 891; x_wconf 61' lang='grc' dir='ltr'>ικαὶ</span> <span class='ocrx_word' id='word_1_38' title='bbox 739 815 1043 907; x_wconf 66' lang='grc' dir='ltr'>προφήτην,</span> <span class='ocrx_word' id='word_1_39' title='bbox 1075 826 1240 907; x_wconf 86' lang='grc' dir='ltr'>ήνίκα</span> <span class='ocrx_word' id='word_1_40' title='bbox 1257 823 1444 907; x_wconf 65' lang='grc' dir='ltr'>Δπολλά</span> <span class='ocrx_word' id='word_1_41' title='bbox 1466 834 1491 862; x_wconf 79' lang='grc' dir='ltr'>ι</span> <span class='ocrx_word' id='word_1_42' title='bbox 1513 815 2026 907; x_wconf 37' lang='grc' dir='ltr'>κατώρθωρενλούκ</span> 
     </span>
    </p>
   </div>
   <div class='ocr_carea' id='block_1_7' title="bbox 357 894 2026 987">
    <p class='ocr_par' dir='ltr' id='par_1_7' title="bbox 357 894 2026 987">
     <span class='ocr_line' id='line_1_7' title="bbox 357 894 2026 987; baseline -0.013 -19"><span class='ocrx_word' id='word_1_43' title='bbox 357 894 548 971; x_wconf 71' lang='grc' dir='ltr'>ἐλαϐεν</span> <span class='ocrx_word' id='word_1_44' title='bbox 590 894 873 987; x_wconf 73' lang='grc' dir='ltr'>ἄνθρωπος</span> <span class='ocrx_word' id='word_1_45' title='bbox 888 894 992 971; x_wconf 71' lang='grc' dir='ltr'>ῶν,</span> <span class='ocrx_word' id='word_1_46' title='bbox 1014 894 1131 960; x_wconf 86' lang='grc' dir='ltr'>ἀλλ’</span> <span class='ocrx_word' id='word_1_47' title='bbox 1165 903 1381 976; x_wconf 80' lang='grc' dir='ltr'>ήράσθη</span> <span class='ocrx_word' id='word_1_48' title='bbox 1429 900 1560 987; x_wconf 84' lang='grc' dir='ltr'>ποτέ</span> <span class='ocrx_word' id='word_1_49' title='bbox 1584 896 1841 987; x_wconf 76' lang='grc' dir='ltr'>γυναικὸς</span> <span class='ocrx_word' id='word_1_50' title='bbox 1868 894 2026 987; x_wconf 82' lang='grc' dir='ltr'>ἀλλο-</span> 
     </span>
    </p>
   </div>
   <div class='ocr_carea' id='block_1_8' title="bbox 357 980 2028 1073">
    <p class='ocr_par' dir='ltr' id='par_1_8' title="bbox 357 980 2028 1073">
     <span class='ocr_line' id='line_1_8' title="bbox 357 980 2028 1073; baseline -0.016 -16"><span class='ocrx_word' id='word_1_51' title='bbox 357 1002 533 1073; x_wconf 82' lang='grc' dir='ltr'>τρίας,</span> <span class='ocrx_word' id='word_1_52' title='bbox 560 1002 654 1056; x_wconf 70' lang='grc' dir='ltr'>καὶ</span> <span class='ocrx_word' id='word_1_53' title='bbox 676 980 776 1053; x_wconf 78' lang='grc' dir='ltr'>οὐκ</span> <span class='ocrx_word' id='word_1_54' title='bbox 824 996 954 1061; x_wconf 71' lang='grc' dir='ltr'>ἔστ-η</span> <span class='ocrx_word' id='word_1_55' title='bbox 989 990 1150 1061; x_wconf 87' lang='grc' dir='ltr'>μέχρι</span> <span class='ocrx_word' id='word_1_56' title='bbox 1174 988 1388 1052; x_wconf 92' lang='grc' dir='ltr'>τούτου,</span> <span class='ocrx_word' id='word_1_57' title='bbox 1420 985 1535 1073; x_wconf 82' lang='grc' dir='ltr'>ἀλλ’</span> <span class='ocrx_word' id='word_1_58' title='bbox 1575 984 1870 1073; x_wconf 84' lang='grc' dir='ltr'>εἰργάσατο</span> <span class='ocrx_word' id='word_1_59' title='bbox 1924 980 2028 1073; x_wconf 36' lang='grc' dir='ltr'>’μὲν</span> 
     </span>
    </p>
   </div>
   <div class='ocr_carea' id='block_1_9' title="bbox 363 1065 2029 1158">
    <p class='ocr_par' dir='ltr' id='par_1_9' title="bbox 363 1065 2029 1158">
     <span class='ocr_line' id='line_1_9' title="bbox 363 1065 2029 1158; baseline -0.015 -16"><span class='ocrx_word' id='word_1_60' title='bbox 363 1065 609 1158; x_wconf 72' lang='grc' dir='ltr'>μοιχείαν</span> <span class='ocrx_word' id='word_1_61' title='bbox 641 1082 729 1137; x_wconf 77' lang='grc' dir='ltr'>διὰ</span> <span class='ocrx_word' id='word_1_62' title='bbox 772 1081 870 1149; x_wconf 84' lang='grc' dir='ltr'>τὴν</span> <span class='ocrx_word' id='word_1_63' title='bbox 926 1074 1245 1143; x_wconf 82' lang='grc' dir='ltr'>ἐπιθυμίαν,</span> <span class='ocrx_word' id='word_1_64' title='bbox 1299 1071 1593 1145; x_wconf 76' lang='grc' dir='ltr'>εἰργάσατο</span> <span class='ocrx_word' id='word_1_65' title='bbox 1638 1071 1695 1124; x_wconf 85' lang='grc' dir='ltr'>δὲ</span> <span class='ocrx_word' id='word_1_66' title='bbox 1726 1070 1841 1158; x_wconf 21' lang='grc' dir='ltr'>*καὶ</span> <span class='ocrx_word' id='word_1_67' title='bbox 1869 1065 2029 1158; x_wconf 79' lang='grc' dir='ltr'>φόνον</span> 
     </span>
    </p>
   </div>
   <div class='ocr_carea' id='block_1_10' title="bbox 358 1152 2031 1239">
    <p class='ocr_par' dir='ltr' id='par_1_10' title="bbox 358 1152 2031 1239">
     <span class='ocr_line' id='line_1_10' title="bbox 358 1152 2031 1239; baseline -0.011 -17"><span class='ocrx_word' id='word_1_68' title='bbox 358 1152 601 1239; x_wconf 29' lang='grc' dir='ltr'>διὰ-*τὴν</span> <span class='ocrx_word' id='word_1_69' title='bbox 644 1163 922 1237; x_wconf 86' lang='grc' dir='ltr'>μοιχείαν·</span> <span class='ocrx_word' id='word_1_70' title='bbox 975 1159 1089 1212; x_wconf 78' lang='grc' dir='ltr'>ἀλλ’</span> <span class='ocrx_word' id='word_1_71' title='bbox 1134 1160 1235 1212; x_wconf 86' lang='grc' dir='ltr'>οὐκ</span> <span class='ocrx_word' id='word_1_72' title='bbox 1282 1158 1469 1228; x_wconf 80' lang='grc' dir='ltr'>ἐπειδὴ</span> <span class='ocrx_word' id='word_1_73' title='bbox 1509 1155 1843 1230; x_wconf 77' lang='grc' dir='ltr'>τηλικαύτας</span> <span class='ocrx_word' id='word_1_74' title='bbox 1871 1152 2031 1206; x_wconf 74' lang='grc' dir='ltr'>ἔλαϐε</span> 
     </span>
    </p>
   </div>
   <div class='ocr_carea' id='block_1_11' title="bbox 359 1241 2030 1320">
    <p class='ocr_par' dir='ltr' id='par_1_11' title="bbox 359 1241 2030 1320">
     <span class='ocr_line' id='line_1_11' title="bbox 359 1241 2030 1320; baseline -0.013 -10"><span class='ocrx_word' id='word_1_75' title='bbox 359 1258 457 1310; x_wconf 83' lang='grc' dir='ltr'>δύο</span> <span class='ocrx_word' id='word_1_76' title='bbox 481 1252 715 1320; x_wconf 76' lang='grc' dir='ltr'>πληγὰς,</span> <span class='ocrx_word' id='word_1_77' title='bbox 743 1247 843 1318; x_wconf 70' lang='grc' dir='ltr'>ἤδη</span> <span class='ocrx_word' id='word_1_78' title='bbox 873 1248 967 1299; x_wconf 71' lang='grc' dir='ltr'>καὶ</span> <span class='ocrx_word' id='word_1_79' title='bbox 995 1246 1183 1317; x_wconf 81' lang='grc' dir='ltr'>τρίτην</span> <span class='ocrx_word' id='word_1_80' title='bbox 1212 1245 1390 1316; x_wconf 83' lang='grc' dir='ltr'>ἐαυτῷ</span> <span class='ocrx_word' id='word_1_81' title='bbox 1420 1245 1604 1299; x_wconf 90' lang='grc' dir='ltr'>δοῦναι</span> <span class='ocrx_word' id='word_1_82' title='bbox 1649 1241 2030 1311; x_wconf 76' lang='grc' dir='ltr'>ἐπεχείρησεν,</span> 
     </span>
    </p>
   </div>
   <div class='ocr_carea' id='block_1_12' title="bbox 360 1324 2033 1403">
    <p class='ocr_par' dir='ltr' id='par_1_12' title="bbox 360 1324 2033 1403">
     <span class='ocr_line' id='line_1_12' title="bbox 360 1324 2033 1403; baseline -0.013 -10"><span class='ocrx_word' id='word_1_83' title='bbox 360 1341 478 1392; x_wconf 79' lang='grc' dir='ltr'>ἀλλ’</span> <span class='ocrx_word' id='word_1_84' title='bbox 523 1333 722 1393; x_wconf 87' lang='grc' dir='ltr'>εὐθέως</span> <span class='ocrx_word' id='word_1_85' title='bbox 772 1330 911 1401; x_wconf 78' lang='grc' dir='ltr'>πρὸς</span> <span class='ocrx_word' id='word_1_86' title='bbox 949 1330 1041 1383; x_wconf 79' lang='grc' dir='ltr'>τὸν</span> <span class='ocrx_word' id='word_1_87' title='bbox 1073 1331 1254 1403; x_wconf 86' lang='grc' dir='ltr'>ἰατρὸν</span> <span class='ocrx_word' id='word_1_88' title='bbox 1286 1331 1497 1401; x_wconf 81' lang='grc' dir='ltr'>ἔτρεχε,</span> <span class='ocrx_word' id='word_1_89' title='bbox 1526 1328 1621 1381; x_wconf 72' lang='grc' dir='ltr'>καὶ</span> <span class='ocrx_word' id='word_1_90' title='bbox 1658 1328 1729 1379; x_wconf 82' lang='grc' dir='ltr'>τά</span> <span class='ocrx_word' id='word_1_91' title='bbox 1761 1324 2033 1393; x_wconf 85' lang='grc' dir='ltr'>φάρμακα</span> 
     </span>
    </p>
   </div>
   <div class='ocr_carea' id='block_1_13' title="bbox 361 1406 2034 1486">
    <p class='ocr_par' dir='ltr' id='par_1_13' title="bbox 361 1406 2034 1486">
     <span class='ocr_line' id='line_1_13' title="bbox 361 1406 2034 1486; baseline -0.021 -10"><span class='ocrx_word' id='word_1_92' title='bbox 361 1420 623 1475; x_wconf 82' lang='grc' dir='ltr'>ἐπετίθει.</span> <span class='ocrx_word' id='word_1_93' title='bbox 662 1416 940 1485; x_wconf 87' lang='grc' dir='ltr'>νηστείαν,</span> <span class='ocrx_word' id='word_1_94' title='bbox 971 1416 1201 1486; x_wconf 82' lang='grc' dir='ltr'>δάκρυα,</span> <span class='ocrx_word' id='word_1_95' title='bbox 1264 1415 1517 1484; x_wconf 71' lang='grc' dir='ltr'>θρήνους,</span> <span class='ocrx_word' id='word_1_96' title='bbox 1553 1410 1719 1479; x_wconf 66' lang='grc' dir='ltr'>εὐχὰς</span> <span class='ocrx_word' id='word_1_97' title='bbox 1766 1406 2034 1471; x_wconf 66' lang='grc' dir='ltr'>συνεχεῖς⁹</span> 
     </span>
    </p>
   </div>
   <div class='ocr_carea' id='block_1_14' title="bbox 362 1488 2037 1571">
    <p class='ocr_par' dir='ltr' id='par_1_14' title="bbox 362 1488 2037 1571">
     <span class='ocr_line' id='line_1_14' title="bbox 362 1488 2037 1571; baseline -0.009 -14"><span class='ocrx_word' id='word_1_98' title='bbox 362 1506 426 1557; x_wconf 85' lang='grc' dir='ltr'>τὺ</span> <span class='ocrx_word' id='word_1_99' title='bbox 461 1503 561 1571; x_wconf 80' lang='grc' dir='ltr'>τὴν</span> <span class='ocrx_word' id='word_1_100' title='bbox 596 1500 870 1571; x_wconf 80' lang='grc' dir='ltr'>ἁμαρτίαν</span> <span class='ocrx_word' id='word_1_101' title='bbox 895 1499 1010 1571; x_wconf 84' lang='grc'>[⁸571</span> <span class='ocrx_word' id='word_1_102' title='bbox 1054 1499 1315 1560; x_wconf 76' lang='grc' dir='ltr'>πολλάκις</span> <span class='ocrx_word' id='word_1_103' title='bbox 1357 1494 1740 1563; x_wconf 75' lang='grc' dir='ltr'>ἀναγγέλλεινο</span> <span class='ocrx_word' id='word_1_104' title='bbox 1771 1491 1866 1543; x_wconf 76' lang='grc' dir='ltr'>καὶ</span> <span class='ocrx_word' id='word_1_105' title='bbox 1894 1488 2037 1542; x_wconf 80' lang='grc' dir='ltr'>οὕτω</span> 
     </span>
    </p>
   </div>
   <div class='ocr_carea' id='block_1_15' title="bbox 362 1573 2038 1655">
    <p class='ocr_par' dir='ltr' id='par_1_15' title="bbox 362 1573 2038 1655">
     <span class='ocr_line' id='line_1_15' title="bbox 362 1573 2038 1655; baseline -0.01 -15"><span class='ocrx_word' id='word_1_106' title='bbox 362 1588 455 1641; x_wconf 69' lang='grc' dir='ltr'>διὰ</span> <span class='ocrx_word' id='word_1_107' title='bbox 478 1583 681 1637; x_wconf 86' lang='grc' dir='ltr'>τούτων</span> <span class='ocrx_word' id='word_1_108' title='bbox 704 1584 829 1637; x_wconf 77' lang='grc' dir='ltr'>ἵλεω</span> <span class='ocrx_word' id='word_1_109' title='bbox 858 1586 1160 1655; x_wconf 88' lang='grc' dir='ltr'>κατέστησε</span> <span class='ocrx_word' id='word_1_110' title='bbox 1182 1582 1272 1635; x_wconf 73' lang='grc' dir='ltr'>τὸν</span> <span class='ocrx_word' id='word_1_111' title='bbox 1306 1580 1460 1638; x_wconf 83' lang='grc' dir='ltr'>Θεὸν,</span> <span class='ocrx_word' id='word_1_112' title='bbox 1486 1577 1563 1640; x_wconf 87' lang='grc' dir='ltr'>ώς</span> <span class='ocrx_word' id='word_1_113' title='bbox 1588 1577 1681 1629; x_wconf 76' lang='grc' dir='ltr'>ἐπὶ</span> <span class='ocrx_word' id='word_1_114' title='bbox 1706 1574 1805 1644; x_wconf 80' lang='grc' dir='ltr'>τὴν</span> <span class='ocrx_word' id='word_1_115' title='bbox 1850 1573 2038 1645; x_wconf 78' lang='grc' dir='ltr'>προτέ-</span> 
     </span>
    </p>
   </div>
   <div class='ocr_carea' id='block_1_16' title="bbox 368 1656 2038 1739">
    <p class='ocr_par' dir='ltr' id='par_1_16' title="bbox 368 1656 2038 1739">
     <span class='ocr_line' id='line_1_16' title="bbox 368 1656 2038 1739; baseline -0.01 -15"><span class='ocrx_word' id='word_1_116' title='bbox 368 1686 469 1739; x_wconf 85' lang='grc' dir='ltr'>ραν</span> <span class='ocrx_word' id='word_1_117' title='bbox 492 1668 803 1722; x_wconf 89' lang='grc' dir='ltr'>ἐπανελθεῖν</span> <span class='ocrx_word' id='word_1_118' title='bbox 832 1667 1005 1732; x_wconf 85' lang='grc' dir='ltr'>ἀξίαν,</span> <span class='ocrx_word' id='word_1_119' title='bbox 1032 1667 1107 1728; x_wconf 87' lang='grc' dir='ltr'>ὼς</span> <span class='ocrx_word' id='word_1_120' title='bbox 1134 1666 1163 1705; x_wconf 69' lang='grc' dir='ltr'>ιι</span> <span class='ocrx_word' id='word_1_121' title='bbox 1189 1662 1325 1733; x_wconf 86' lang='grc' dir='ltr'>μετά</span> <span class='ocrx_word' id='word_1_122' title='bbox 1364 1659 1607 1732; x_wconf 80' lang='grc' dir='ltr'>μοιχείαν</span> <span class='ocrx_word' id='word_1_123' title='bbox 1632 1657 1727 1711; x_wconf 69' lang='grc' dir='ltr'>καὶ</span> <span class='ocrx_word' id='word_1_124' title='bbox 1749 1656 1908 1739; x_wconf 86' lang='grc' dir='ltr'>φόνον</span> <span class='ocrx_word' id='word_1_125' title='bbox 1932 1657 2038 1739; x_wconf 80' lang='grc' dir='ltr'>πά-</span> 
     </span>
    </p>
   </div>
   <div class='ocr_carea' id='block_1_17' title="bbox 365 1738 2040 1819">
    <p class='ocr_par' dir='ltr' id='par_1_17' title="bbox 365 1738 2040 1819">
     <span class='ocr_line' id='line_1_17' title="bbox 365 1738 2040 1819; baseline -0.008 -13"><span class='ocrx_word' id='word_1_126' title='bbox 365 1738 454 1806; x_wconf 83' lang='grc' dir='ltr'>λιν</span> <span class='ocrx_word' id='word_1_127' title='bbox 494 1753 812 1807; x_wconf 70' lang='grc' dir='ltr'>ἐπιτκιάσαι</span> <span class='ocrx_word' id='word_1_128' title='bbox 872 1750 1168 1819; x_wconf 89' lang='grc' dir='ltr'>δυνηθῆναι</span> <span class='ocrx_word' id='word_1_129' title='bbox 1212 1746 1311 1816; x_wconf 84' lang='grc' dir='ltr'>τὴν</span> <span class='ocrx_word' id='word_1_130' title='bbox 1354 1743 1451 1798; x_wconf 91' lang='grc' dir='ltr'>τοῦ</span> <span class='ocrx_word' id='word_1_131' title='bbox 1508 1740 1697 1803; x_wconf 86' lang='grc' dir='ltr'>παιδὸς</span> <span class='ocrx_word' id='word_1_132' title='bbox 1752 1738 2040 1793; x_wconf 83' lang='grc' dir='ltr'>εἰδωλολα-</span> 
     </span>
    </p>
   </div>
   <div class='ocr_carea' id='block_1_18' title="bbox 366 1821 2041 1907">
    <p class='ocr_par' dir='ltr' id='par_1_18' title="bbox 366 1821 2041 1907">
     <span class='ocr_line' id='line_1_18' title="bbox 366 1821 2041 1907; baseline -0.01 -17"><span class='ocrx_word' id='word_1_133' title='bbox 366 1836 557 1907; x_wconf 88' lang='grc' dir='ltr'>τρείαν</span> <span class='ocrx_word' id='word_1_134' title='bbox 592 1836 691 1905; x_wconf 87' lang='grc' dir='ltr'>τὴν</span> <span class='ocrx_word' id='word_1_135' title='bbox 734 1834 829 1889; x_wconf 90' lang='grc' dir='ltr'>τοῦ</span> <span class='ocrx_word' id='word_1_136' title='bbox 879 1832 1085 1904; x_wconf 78' lang='grc' dir='ltr'>πατρὸς</span> <span class='ocrx_word' id='word_1_137' title='bbox 1134 1831 1374 1901; x_wconf 88' lang='grc' dir='ltr'>μνήμην.</span> <span class='ocrx_word' id='word_1_138' title='bbox 1417 1827 1477 1882; x_wconf 89' lang='lat'>&#39;0</span> <span class='ocrx_word' id='word_1_139' title='bbox 1500 1825 1611 1897; x_wconf 89' lang='lat'>7&amp;9</span> <span class='ocrx_word' id='word_1_140' title='bbox 1646 1822 1840 1877; x_wconf 77' lang='grc' dir='ltr'>τούτου</span> <span class='ocrx_word' id='word_1_141' title='bbox 1890 1821 2041 1907; x_wconf 71' lang='grc' dir='ltr'>υίὸς,</span> 
     </span>
    </p>
   </div>
   <div class='ocr_carea' id='block_1_19' title="bbox 368 1904 2037 1990">
    <p class='ocr_par' dir='ltr' id='par_1_19' title="bbox 368 1904 2037 1990">
     <span class='ocr_line' id='line_1_19' title="bbox 368 1904 2037 1990; baseline -0.01 -16"><span class='ocrx_word' id='word_1_142' title='bbox 368 1904 622 1985; x_wconf 81' lang='grc' dir='ltr'>Σολομὼν</span> <span class='ocrx_word' id='word_1_143' title='bbox 648 1904 717 1990; x_wconf 78' lang='grc' dir='ltr'>ῆν</span> <span class='ocrx_word' id='word_1_144' title='bbox 744 1918 915 1989; x_wconf 69' lang='grc' dir='ltr'>ὄνομα</span> <span class='ocrx_word' id='word_1_145' title='bbox 945 1913 1116 1984; x_wconf 81' lang='grc' dir='ltr'>αὐτῷ,</span> <span class='ocrx_word' id='word_1_146' title='bbox 1145 1914 1234 1967; x_wconf 91' lang='grc' dir='ltr'>διά</span> <span class='ocrx_word' id='word_1_147' title='bbox 1266 1913 1365 1983; x_wconf 84' lang='grc' dir='ltr'>τῆς</span> <span class='ocrx_word' id='word_1_148' title='bbox 1394 1910 1567 1980; x_wconf 89' lang='grc' dir='ltr'>αὐτῆς</span> <span class='ocrx_word' id='word_1_149' title='bbox 1612 1907 1757 1962; x_wconf 87' lang='grc' dir='ltr'>ἐάλω</span> <span class='ocrx_word' id='word_1_150' title='bbox 1788 1904 2037 1973; x_wconf 83' lang='grc' dir='ltr'>παγίδος,</span> 
     </span>
    </p>
   </div>
   <div class='ocr_carea' id='block_1_20' title="bbox 366 1992 2040 2082">
    <p class='ocr_par' dir='ltr' id='par_1_20' title="bbox 366 1992 2040 2082">
     <span class='ocr_line' id='line_1_20' title="bbox 366 1992 2040 2082; baseline -0.012 -18"><span class='ocrx_word' id='word_1_151' title='bbox 366 2006 553 2082; x_wconf 77' lang='grc' dir='ltr'>ἧσπερ</span> <span class='ocrx_word' id='word_1_152' title='bbox 604 2008 699 2061; x_wconf 79' lang='grc' dir='ltr'>καὶ</span> <span class='ocrx_word' id='word_1_153' title='bbox 728 2008 755 2060; x_wconf 97' lang='lat'>6</span> <span class='ocrx_word' id='word_1_154' title='bbox 790 2004 989 2075; x_wconf 82' lang='grc' dir='ltr'>πατὴρ,</span> <span class='ocrx_word' id='word_1_155' title='bbox 1030 2000 1127 2055; x_wconf 73' lang='grc' dir='ltr'>καὶ</span> <span class='ocrx_word' id='word_1_156' title='bbox 1173 1997 1386 2068; x_wconf 77' lang='grc' dir='ltr'>γυναιξὶ</span> <span class='ocrx_word' id='word_1_157' title='bbox 1438 1995 1797 2082; x_wconf 78' lang='grc' dir='ltr'>χαριζόμενος</span> <span class='ocrx_word' id='word_1_158' title='bbox 1830 1992 2040 2082; x_wconf 60' lang='grc' dir='ltr'>ἀπέστη</span> 
     </span>
    </p>
   </div>
   <div class='ocr_carea' id='block_1_21' title="bbox 368 2077 2043 2161">
    <p class='ocr_par' dir='ltr' id='par_1_21' title="bbox 368 2077 2043 2161">
     <span class='ocr_line' id='line_1_21' title="bbox 368 2077 2043 2161; baseline -0.01 -16"><span class='ocrx_word' id='word_1_159' title='bbox 368 2077 469 2145; x_wconf 76' lang='grc' dir='ltr'>τοῦ</span> <span class='ocrx_word' id='word_1_160' title='bbox 518 2077 775 2161; x_wconf 81' lang='grc' dir='ltr'>πατρῴου</span> <span class='ocrx_word' id='word_1_161' title='bbox 808 2086 965 2141; x_wconf 87' lang='grc' dir='ltr'>Θεοῦ.</span> <span class='ocrx_word' id='word_1_162' title='bbox 1017 2084 1183 2154; x_wconf 78' lang='grc' dir='ltr'>Ὁρᾷς</span> <span class='ocrx_word' id='word_1_163' title='bbox 1215 2082 1381 2136; x_wconf 86' lang='grc' dir='ltr'>πόσον</span> <span class='ocrx_word' id='word_1_164' title='bbox 1420 2080 1588 2135; x_wconf 80' lang='grc' dir='ltr'>κακὸν</span> <span class='ocrx_word' id='word_1_165' title='bbox 1616 2079 1677 2132; x_wconf 84' lang='grc' dir='ltr'>τὸ</span> <span class='ocrx_word' id='word_1_166' title='bbox 1720 2077 1794 2149; x_wconf 83' lang='grc' dir='ltr'>μὴ</span> <span class='ocrx_word' id='word_1_167' title='bbox 1824 2077 2043 2161; x_wconf 78' lang='grc' dir='ltr'>κρατεῖν</span> 
     </span>
    </p>
   </div>
   <div class='ocr_carea' id='block_1_22' title="bbox 372 2158 2045 2245">
    <p class='ocr_par' dir='ltr' id='par_1_22' title="bbox 372 2158 2045 2245">
     <span class='ocr_line' id='line_1_22' title="bbox 372 2158 2045 2245; baseline -0.013 -15"><span class='ocrx_word' id='word_1_168' title='bbox 372 2175 585 2245; x_wconf 82' lang='grc' dir='ltr'>ἡδονῆς,</span> <span class='ocrx_word' id='word_1_169' title='bbox 616 2158 751 2226; x_wconf 83' lang='grc' dir='ltr'>ἀλλὰ</span> <span class='ocrx_word' id='word_1_170' title='bbox 774 2172 873 2241; x_wconf 78' lang='grc' dir='ltr'>τὴν</span> <span class='ocrx_word' id='word_1_171' title='bbox 896 2168 995 2238; x_wconf 86' lang='grc' dir='ltr'>τῆς</span> <span class='ocrx_word' id='word_1_172' title='bbox 1011 2165 1228 2235; x_wconf 91' lang='grc' dir='ltr'>φύσεως</span> <span class='ocrx_word' id='word_1_173' title='bbox 1252 2164 1576 2235; x_wconf 80' lang='grc' dir='ltr'>ἀνατρέπειν</span> <span class='ocrx_word' id='word_1_174' title='bbox 1599 2161 1794 2245; x_wconf 64' lang='grc' dir='ltr'>ἀρχὴν.</span> <span class='ocrx_word' id='word_1_175' title='bbox 1824 2158 2045 2245; x_wconf 50' lang='grc' dir='ltr'>καὶ-ἀν-</span> 
     </span>
    </p>
   </div>
   <div class='ocr_carea' id='block_1_23' title="bbox 370 2238 2044 2328">
    <p class='ocr_par' dir='ltr' id='par_1_23' title="bbox 370 2238 2044 2328">
     <span class='ocr_line' id='line_1_23' title="bbox 370 2238 2044 2328; baseline -0.011 -17"><span class='ocrx_word' id='word_1_176' title='bbox 370 2238 477 2328; x_wconf 33' lang='grc' dir='ltr'>δνρα</span> <span class='ocrx_word' id='word_1_177' title='bbox 509 2238 640 2310; x_wconf 73' lang='grc' dir='ltr'>ϐντα</span> <span class='ocrx_word' id='word_1_178' title='bbox 669 2238 942 2323; x_wconf 79' lang='grc' dir='ltr'>γυναικῶν</span> <span class='ocrx_word' id='word_1_179' title='bbox 968 2262 989 2290; x_wconf 77' lang='grc' dir='ltr'>α</span> <span class='ocrx_word' id='word_1_180' title='bbox 1021 2245 1157 2303; x_wconf 82' lang='grc' dir='ltr'>εἶναι</span> <span class='ocrx_word' id='word_1_181' title='bbox 1190 2246 1398 2301; x_wconf 87' lang='grc' dir='ltr'>δοῦλον.</span> <span class='ocrx_word' id='word_1_182' title='bbox 1422 2245 1593 2299; x_wconf 80' lang='grc' dir='ltr'>Αὐτὸν</span> <span class='ocrx_word' id='word_1_183' title='bbox 1621 2244 1685 2314; x_wconf 82' lang='grc' dir='ltr'>δὴ</span> <span class='ocrx_word' id='word_1_184' title='bbox 1723 2238 1817 2296; x_wconf 80' lang='grc' dir='ltr'>οῦν</span> <span class='ocrx_word' id='word_1_185' title='bbox 1856 2241 2044 2295; x_wconf 87' lang='grc' dir='ltr'>τοῦτον</span> 
     </span>
    </p>
   </div>
   <div class='ocr_carea' id='block_1_24' title="bbox 372 2324 2045 2408">
    <p class='ocr_par' dir='ltr' id='par_1_24' title="bbox 372 2324 2045 2408">
     <span class='ocr_line' id='line_1_24' title="bbox 372 2324 2045 2408; baseline -0.011 -14"><span class='ocrx_word' id='word_1_186' title='bbox 372 2324 467 2394; x_wconf 62' lang='grc' dir='ltr'>τδν</span> <span class='ocrx_word' id='word_1_187' title='bbox 501 2338 841 2408; x_wconf 86' lang='grc' dir='ltr'>Σολομῶντα,</span> <span class='ocrx_word' id='word_1_188' title='bbox 881 2334 1087 2387; x_wconf 89' lang='grc' dir='ltr'>δίκαιον</span> <span class='ocrx_word' id='word_1_189' title='bbox 1114 2334 1378 2401; x_wconf 79' lang='grc' dir='ltr'>πρότερον</span> <span class='ocrx_word' id='word_1_190' title='bbox 1423 2329 1551 2381; x_wconf 79' lang='grc' dir='ltr'>ὅντα</span> <span class='ocrx_word' id='word_1_191' title='bbox 1598 2328 1693 2379; x_wconf 74' lang='grc' dir='ltr'>καὶ</span> <span class='ocrx_word' id='word_1_192' title='bbox 1741 2324 1925 2392; x_wconf 77' lang='grc' dir='ltr'>σοφὸν,</span> <span class='ocrx_word' id='word_1_193' title='bbox 1947 2406 1954 2408; x_wconf 18' lang='grc' dir='ltr'><em>Α</em></span> <span class='ocrx_word' id='word_1_194' title='bbox 1977 2324 2045 2377; x_wconf 77' lang='grc' dir='ltr'>δι’</span> 
     </span>
    </p>
   </div>
   <div class='ocr_carea' id='block_1_25' title="bbox 373 2406 2049 2491">
    <p class='ocr_par' dir='ltr' id='par_1_25' title="bbox 373 2406 2049 2491">
     <span class='ocr_line' id='line_1_25' title="bbox 373 2406 2049 2491; baseline -0.009 -17"><span class='ocrx_word' id='word_1_195' title='bbox 373 2406 651 2491; x_wconf 78' lang='grc' dir='ltr'>ἁμαρτίαν</span> <span class='ocrx_word' id='word_1_196' title='bbox 684 2421 861 2472; x_wconf 82' lang='grc' dir='ltr'>πᾶσαν</span> <span class='ocrx_word' id='word_1_197' title='bbox 888 2415 1252 2486; x_wconf 76' lang='grc' dir='ltr'>ἀφαιρεθῆναι</span> <span class='ocrx_word' id='word_1_198' title='bbox 1282 2413 1381 2483; x_wconf 82' lang='grc' dir='ltr'>τὴν</span> <span class='ocrx_word' id='word_1_199' title='bbox 1407 2410 1683 2481; x_wconf 87' lang='grc' dir='ltr'>βασιλείαν</span> <span class='ocrx_word' id='word_1_200' title='bbox 1710 2406 2049 2491; x_wconf 82' lang='grc' dir='ltr'>κινδυνεύον-</span> 
     </span>
    </p>
   </div>
   <div class='ocr_carea' id='block_1_26' title="bbox 374 2490 2051 2571">
    <p class='ocr_par' dir='ltr' id='par_1_26' title="bbox 374 2490 2051 2571">
     <span class='ocr_line' id='line_1_26' title="bbox 374 2490 2051 2571; baseline -0.01 -15"><span class='ocrx_word' id='word_1_201' title='bbox 374 2523 469 2566; x_wconf 87' lang='grc' dir='ltr'>τα,</span> <span class='ocrx_word' id='word_1_202' title='bbox 502 2490 603 2557; x_wconf 78' lang='grc' dir='ltr'>διά</span> <span class='ocrx_word' id='word_1_203' title='bbox 630 2502 728 2571; x_wconf 77' lang='grc' dir='ltr'>τὴν</span> <span class='ocrx_word' id='word_1_204' title='bbox 758 2500 854 2554; x_wconf 88' lang='grc' dir='ltr'>τοῦ</span> <span class='ocrx_word' id='word_1_205' title='bbox 886 2500 1094 2570; x_wconf 70' lang='grc' dir='ltr'>πατρὸς</span> <span class='ocrx_word' id='word_1_206' title='bbox 1119 2496 1473 2567; x_wconf 81' lang='grc' dir='ltr'>εὐδοκίμησιν</span> <span class='ocrx_word' id='word_1_207' title='bbox 1500 2493 1562 2547; x_wconf 76' lang='grc' dir='ltr'>τὸ</span> <span class='ocrx_word' id='word_1_208' title='bbox 1586 2494 1687 2563; x_wconf 86' lang='grc' dir='ltr'>τῆς</span> <span class='ocrx_word' id='word_1_209' title='bbox 1702 2490 1878 2561; x_wconf 84' lang='grc' dir='ltr'>ἀρχῆς</span> <span class='ocrx_word' id='word_1_210' title='bbox 1892 2490 2051 2571; x_wconf 79' lang='grc' dir='ltr'>ἐκτον</span> 
     </span>
    </p>
   </div>
   <div class='ocr_carea' id='block_1_27' title="bbox 381 2570 2052 2656">
    <p class='ocr_par' dir='ltr' id='par_1_27' title="bbox 381 2570 2052 2656">
     <span class='ocr_line' id='line_1_27' title="bbox 381 2570 2052 2656; baseline -0.009 -17"><span class='ocrx_word' id='word_1_211' title='bbox 381 2587 547 2656; x_wconf 82' lang='grc' dir='ltr'>μέρος</span> <span class='ocrx_word' id='word_1_212' title='bbox 562 2570 773 2653; x_wconf 84' lang='grc' dir='ltr'>ἀφῆκεν</span> <span class='ocrx_word' id='word_1_213' title='bbox 801 2582 945 2651; x_wconf 76' lang='grc' dir='ltr'>ἔχειν</span> <span class='ocrx_word' id='word_1_214' title='bbox 969 2583 997 2634; x_wconf 89' lang='grc' dir='ltr'>ὁ</span> <span class='ocrx_word' id='word_1_215' title='bbox 1022 2580 1173 2643; x_wconf 85' lang='grc' dir='ltr'>Θεός.</span> <span class='ocrx_word' id='word_1_216' title='bbox 1193 2579 1258 2632; x_wconf 70' lang='lat' dir='ltr'><strong>Et</strong></span> <span class='ocrx_word' id='word_1_217' title='bbox 1283 2578 1382 2648; x_wconf 90' lang='grc' dir='ltr'>μέν</span> <span class='ocrx_word' id='word_1_218' title='bbox 1403 2571 1497 2630; x_wconf 84' lang='grc' dir='ltr'>οῦν</span> <span class='ocrx_word' id='word_1_219' title='bbox 1516 2578 1550 2644; x_wconf 85' lang='grc' dir='ltr'>ἠ</span> <span class='ocrx_word' id='word_1_220' title='bbox 1580 2574 1783 2643; x_wconf 90' lang='grc' dir='ltr'>σπουδή</span> <span class='ocrx_word' id='word_1_221' title='bbox 1804 2589 1895 2626; x_wconf 87' lang='grc' dir='ltr'>σου</span> <span class='ocrx_word' id='word_1_222' title='bbox 1923 2570 2052 2642; x_wconf 76' lang='grc' dir='ltr'>περὶ</span> 
     </span>
    </p>
   </div>
   <div class='ocr_carea' id='block_1_28' title="bbox 376 2657 2053 2735">
    <p class='ocr_par' dir='ltr' id='par_1_28' title="bbox 376 2657 2053 2735">
     <span class='ocr_line' id='line_1_28' title="bbox 376 2657 2053 2735; baseline -0.01 -12"><span class='ocrx_word' id='word_1_223' title='bbox 376 2671 505 2732; x_wconf 73' lang='grc' dir='ltr'>τοὺς</span> <span class='ocrx_word' id='word_1_224' title='bbox 529 2666 730 2732; x_wconf 79' lang='grc' dir='ltr'>ἔξωθεν</span> <span class='ocrx_word' id='word_1_225' title='bbox 753 2666 946 2733; x_wconf 79' lang='grc' dir='ltr'>λόγους</span> <span class='ocrx_word' id='word_1_226' title='bbox 982 2660 1051 2735; x_wconf 79' lang='grc' dir='ltr'>ἦν</span> <span class='ocrx_word' id='word_1_227' title='bbox 1071 2704 1086 2724; x_wconf 95' lang='grc'>,</span> <span class='ocrx_word' id='word_1_228' title='bbox 1123 2658 1242 2716; x_wconf 75' lang='grc' dir='ltr'>εἶτα</span> <span class='ocrx_word' id='word_1_229' title='bbox 1266 2658 1759 2733; x_wconf 72' lang='grc' dir='ltr'>άπερῥαθύμησας,</span> <span class='ocrx_word' id='word_1_230' title='bbox 1794 2657 2053 2724; x_wconf 78' lang='grc' dir='ltr'>δικαστη-</span> 
     </span>
    </p>
   </div>
   <div class='ocr_carea' id='block_1_29' title="bbox 383 2739 2054 2821">
    <p class='ocr_par' dir='ltr' id='par_1_29' title="bbox 383 2739 2054 2821">
     <span class='ocr_line' id='line_1_29' title="bbox 383 2739 2054 2821; baseline -0.007 -19"><span class='ocrx_word' id='word_1_231' title='bbox 383 2754 515 2821; x_wconf 84' lang='grc' dir='ltr'>ρίων</span> <span class='ocrx_word' id='word_1_232' title='bbox 531 2751 627 2804; x_wconf 75' lang='grc' dir='ltr'>καὶ</span> <span class='ocrx_word' id='word_1_233' title='bbox 650 2749 891 2820; x_wconf 84' lang='grc' dir='ltr'>βήματος</span> <span class='ocrx_word' id='word_1_234' title='bbox 912 2749 1007 2801; x_wconf 74' lang='grc' dir='ltr'>καὶ</span> <span class='ocrx_word' id='word_1_235' title='bbox 1030 2746 1139 2801; x_wconf 92' lang='grc' dir='ltr'>τῶν</span> <span class='ocrx_word' id='word_1_236' title='bbox 1175 2745 1384 2799; x_wconf 82' lang='grc' dir='ltr'>ἐκεῖθεν</span> <span class='ocrx_word' id='word_1_237' title='bbox 1412 2742 1689 2811; x_wconf 88' lang='grc' dir='ltr'>στεφάνων</span> <span class='ocrx_word' id='word_1_238' title='bbox 1719 2739 1811 2793; x_wconf 73' lang='grc' dir='ltr'>καὶ</span> <span class='ocrx_word' id='word_1_239' title='bbox 1837 2740 2054 2809; x_wconf 76' lang='grc' dir='ltr'>παρρη-</span> 
     </span>
    </p>
   </div>
   <div class='ocr_carea' id='block_1_30' title="bbox 383 2824 2051 2904">
    <p class='ocr_par' dir='ltr' id='par_1_30' title="bbox 383 2824 2051 2904">
     <span class='ocr_line' id='line_1_30' title="bbox 383 2824 2051 2904; baseline -0.008 -16"><span class='ocrx_word' id='word_1_240' title='bbox 383 2837 503 2899; x_wconf 86' lang='grc' dir='ltr'>σίας</span> <span class='ocrx_word' id='word_1_241' title='bbox 526 2834 977 2904; x_wconf 81' lang='grc' dir='ltr'>ἀναμιμνήσκων,</span> <span class='ocrx_word' id='word_1_242' title='bbox 998 2829 1349 2903; x_wconf 86' lang='grc' dir='ltr'>παρεκάλεσα</span> <span class='ocrx_word' id='word_1_243' title='bbox 1378 2828 1445 2882; x_wconf 82' lang='grc' dir='ltr'>ἂν</span> <span class='ocrx_word' id='word_1_244' title='bbox 1475 2825 1792 2880; x_wconf 89' lang='grc' dir='ltr'>ἐπανελθεῖν</span> <span class='ocrx_word' id='word_1_245' title='bbox 1820 2825 1902 2887; x_wconf 91' lang='grc' dir='ltr'>εἰς</span> <span class='ocrx_word' id='word_1_246' title='bbox 1924 2824 2051 2887; x_wconf 83' lang='grc' dir='ltr'>τούς</span> 
     </span>
    </p>
   </div>
   <div class='ocr_carea' id='block_1_31' title="bbox 383 2907 2053 2987">
    <p class='ocr_par' dir='ltr' id='par_1_31' title="bbox 383 2907 2053 2987">
     <span class='ocr_line' id='line_1_31' title="bbox 383 2907 2053 2987; baseline -0.008 -16"><span class='ocrx_word' id='word_1_247' title='bbox 383 2919 526 2987; x_wconf 83' lang='grc' dir='ltr'>ὑπὲρ</span> <span class='ocrx_word' id='word_1_248' title='bbox 563 2916 786 2969; x_wconf 79' lang='grc' dir='ltr'>ἐκείνων</span> <span class='ocrx_word' id='word_1_249' title='bbox 821 2916 1048 2977; x_wconf 74' lang='grc' dir='ltr'>πόνους·</span> <span class='ocrx_word' id='word_1_250' title='bbox 1105 2912 1290 2982; x_wconf 82' lang='grc' dir='ltr'>ἐπειδὴ</span> <span class='ocrx_word' id='word_1_251' title='bbox 1309 2911 1367 2964; x_wconf 85' lang='grc' dir='ltr'>δέ</span> <span class='ocrx_word' id='word_1_252' title='bbox 1392 2910 1534 2979; x_wconf 82' lang='grc' dir='ltr'>ὑπὲρ</span> <span class='ocrx_word' id='word_1_253' title='bbox 1560 2908 1667 2962; x_wconf 90' lang='grc' dir='ltr'>τῶν</span> <span class='ocrx_word' id='word_1_254' title='bbox 1718 2908 1777 2961; x_wconf 82' lang='grc' dir='ltr'>ἐν</span> <span class='ocrx_word' id='word_1_255' title='bbox 1802 2907 2053 2977; x_wconf 73' lang='grc' dir='ltr'>οὐρανοῖς</span> 
     </span>
    </p>
   </div>
   <div class='ocr_carea' id='block_1_32' title="bbox 383 2989 2053 3070">
    <p class='ocr_par' dir='ltr' id='par_1_32' title="bbox 383 2989 2053 3070">
     <span class='ocr_line' id='line_1_32' title="bbox 383 2989 2053 3070; baseline -0.007 -18"><span class='ocrx_word' id='word_1_256' title='bbox 383 3000 650 3070; x_wconf 81' lang='grc' dir='ltr'>τρέχομεν</span> <span class='ocrx_word' id='word_1_257' title='bbox 669 3038 684 3061; x_wconf 94' lang='grc'>,</span> <span class='ocrx_word' id='word_1_258' title='bbox 712 2999 806 3051; x_wconf 70' lang='grc' dir='ltr'>καλ⁸</span> <span class='ocrx_word' id='word_1_259' title='bbox 834 2997 947 3050; x_wconf 87' lang='grc' dir='ltr'>τῶν</span> <span class='ocrx_word' id='word_1_260' title='bbox 972 2998 1063 3050; x_wconf 83' lang='grc' dir='ltr'>ἐπὶ</span> <span class='ocrx_word' id='word_1_261' title='bbox 1099 2996 1199 3064; x_wconf 88' lang='grc' dir='ltr'>τῆς</span> <span class='ocrx_word' id='word_1_262' title='bbox 1225 2996 1329 3063; x_wconf 85' lang='grc' dir='ltr'>γῆς</span> <span class='ocrx_word' id='word_1_263' title='bbox 1358 2994 1516 3062; x_wconf 82' lang='grc' dir='ltr'>λόγος</span> <span class='ocrx_word' id='word_1_264' title='bbox 1545 2993 1677 3062; x_wconf 89' lang='grc' dir='ltr'>ήμῖν</span> <span class='ocrx_word' id='word_1_265' title='bbox 1706 2990 1902 3054; x_wconf 73' lang='grc' dir='ltr'>οὐδεὶς,</span> <span class='ocrx_word' id='word_1_266' title='bbox 1933 2989 2053 3042; x_wconf 81' lang='grc' dir='ltr'>ἐτέ-</span> 
     </span>
    </p>
   </div>
   <div class='ocr_carea' id='block_1_33' title="bbox 390 3070 2055 3153">
    <p class='ocr_par' dir='ltr' id='par_1_33' title="bbox 390 3070 2055 3153">
     <span class='ocr_line' id='line_1_33' title="bbox 390 3070 2055 3153; baseline -0.007 -17"><span class='ocrx_word' id='word_1_267' title='bbox 390 3101 481 3153; x_wconf 75' lang='grc' dir='ltr'>ρου</span> <span class='ocrx_word' id='word_1_268' title='bbox 509 3099 567 3135; x_wconf 92' lang='grc' dir='ltr'>σε</span> <span class='ocrx_word' id='word_1_269' title='bbox 600 3081 1003 3152; x_wconf 86' lang='grc' dir='ltr'>ἀναμιμνήσκω</span> <span class='ocrx_word' id='word_1_270' title='bbox 1017 3078 1391 3149; x_wconf 84' lang='grc' dir='ltr'>δικαστηρίου,</span> <span class='ocrx_word' id='word_1_271' title='bbox 1423 3075 1519 3128; x_wconf 74' lang='grc' dir='ltr'>καὶ</span> <span class='ocrx_word' id='word_1_272' title='bbox 1549 3074 1791 3144; x_wconf 78' lang='grc' dir='ltr'>βήματος</span> <span class='ocrx_word' id='word_1_273' title='bbox 1819 3070 2055 3141; x_wconf 83' lang='grc' dir='ltr'>φοϐεροῦ</span> 
     </span>
    </p>
   </div>
   <div class='ocr_carea' id='block_1_34' title="bbox 387 3154 2065 3238">
    <p class='ocr_par' dir='ltr' id='par_1_34' title="bbox 387 3154 2065 3238">
     <span class='ocr_line' id='line_1_34' title="bbox 387 3154 2065 3238; baseline -0.007 -19"><span class='ocrx_word' id='word_1_274' title='bbox 387 3168 480 3219; x_wconf 74' lang='grc' dir='ltr'>καὶ</span> <span class='ocrx_word' id='word_1_275' title='bbox 506 3165 836 3238; x_wconf 76' lang='grc' dir='ltr'>φρικώδουςο</span> <span class='ocrx_word' id='word_1_276' title='bbox 886 3164 1125 3228; x_wconf 78' lang='grc' dir='ltr'>Πάντας</span> <span class='ocrx_word' id='word_1_277' title='bbox 1150 3164 1263 3231; x_wconf 72' lang='grc' dir='ltr'>γὰρ</span> <span class='ocrx_word' id='word_1_278' title='bbox 1319 3157 1478 3228; x_wconf 73' lang='grc' dir='ltr'>ἡμᾶς</span> <span class='ocrx_word' id='word_1_279' title='bbox 1521 3155 1937 3238; x_wconf 72' lang='grc' dir='ltr'>φανερωθῆναι</span> <span class='ocrx_word' id='word_1_280' title='bbox 1967 3154 2065 3238; x_wconf 76' lang='grc' dir='ltr'>δεῖ</span> 
     </span>
    </p>
   </div>
   <div class='ocr_carea' id='block_1_35' title="bbox 395 3236 2058 3318">
    <p class='ocr_par' dir='ltr' id='par_1_35' title="bbox 395 3236 2058 3318">
     <span class='ocr_line' id='line_1_35' title="bbox 395 3236 2058 3318; baseline -0.008 -15"><span class='ocrx_word' id='word_1_281' title='bbox 395 3236 741 3318; x_wconf 81' lang='grc' dir='ltr'>ἔμπροσθεν</span> <span class='ocrx_word' id='word_1_282' title='bbox 767 3246 875 3300; x_wconf 91' lang='grc' dir='ltr'>τοῦ</span> <span class='ocrx_word' id='word_1_283' title='bbox 897 3245 1174 3313; x_wconf 78' lang='grc' dir='ltr'>βήματος</span> <span class='ocrx_word' id='word_1_284' title='bbox 1202 3243 1311 3298; x_wconf 84' lang='grc' dir='ltr'>τοῦ</span> <span class='ocrx_word' id='word_1_285' title='bbox 1355 3240 1616 3311; x_wconf 84' lang='grc' dir='ltr'>Χριστοῦ</span> <span class='ocrx_word' id='word_1_286' title='bbox 1646 3237 1695 3293; x_wconf 76' lang='grc' dir='ltr'>δ.</span> <span class='ocrx_word' id='word_1_287' title='bbox 1746 3237 1956 3309; x_wconf 78' lang='grc' dir='ltr'>Κριτής</span> <span class='ocrx_word' id='word_1_288' title='bbox 2001 3236 2058 3291; x_wconf 76' lang='grc' dir='ltr'>δέ</span> 
     </span>
    </p>
   </div>
   <div class='ocr_carea' id='block_1_36' title="bbox 389 3318 2059 3404">
    <p class='ocr_par' dir='ltr' id='par_1_36' title="bbox 389 3318 2059 3404">
     <span class='ocr_line' id='line_1_36' title="bbox 389 3318 2059 3404; baseline -0.007 -18"><span class='ocrx_word' id='word_1_289' title='bbox 389 3335 622 3404; x_wconf 86' lang='grc' dir='ltr'>κάθηται</span> <span class='ocrx_word' id='word_1_290' title='bbox 653 3331 773 3383; x_wconf 85' lang='grc' dir='ltr'>τότε</span> <span class='ocrx_word' id='word_1_291' title='bbox 801 3331 831 3384; x_wconf 91' lang='lat'>6</span> <span class='ocrx_word' id='word_1_292' title='bbox 862 3329 957 3383; x_wconf 90' lang='grc' dir='ltr'>νῦν</span> <span class='ocrx_word' id='word_1_293' title='bbox 990 3328 1352 3398; x_wconf 88' lang='grc' dir='ltr'>ἀθετούμενος</span> <span class='ocrx_word' id='word_1_294' title='bbox 1403 3325 1512 3380; x_wconf 77' lang='grc' dir='ltr'>ὑπὸ</span> <span class='ocrx_word' id='word_1_295' title='bbox 1546 3324 1664 3382; x_wconf 88' lang='grc' dir='ltr'>σοῦ.</span> <span class='ocrx_word' id='word_1_296' title='bbox 1688 3321 1754 3376; x_wconf 80' lang='grc' dir='ltr'>Τί</span> <span class='ocrx_word' id='word_1_297' title='bbox 1786 3318 1880 3376; x_wconf 84' lang='grc' dir='ltr'>οῦν</span> <span class='ocrx_word' id='word_1_298' title='bbox 1904 3320 2059 3394; x_wconf 88' lang='grc' dir='ltr'>ἐροῦ-</span> 
     </span>
    </p>
   </div>
   <div class='ocr_carea' id='block_1_37' title="bbox 392 3404 2059 3487">
    <p class='ocr_par' dir='ltr' id='par_1_37' title="bbox 392 3404 2059 3487">
     <span class='ocr_line' id='line_1_37' title="bbox 392 3404 2059 3487; baseline -0.007 -18"><span class='ocrx_word' id='word_1_299' title='bbox 392 3434 512 3487; x_wconf 88' lang='grc' dir='ltr'>μεν,</span> <span class='ocrx_word' id='word_1_300' title='bbox 547 3414 668 3468; x_wconf 69' lang='grc' dir='ltr'>εἰτεέ</span> <span class='ocrx_word' id='word_1_301' title='bbox 706 3430 819 3485; x_wconf 90' lang='grc' dir='ltr'>μοι,</span> <span class='ocrx_word' id='word_1_302' title='bbox 870 3413 1022 3478; x_wconf 87' lang='grc' dir='ltr'>τότε;</span> <span class='ocrx_word' id='word_1_303' title='bbox 1062 3412 1115 3465; x_wconf 91' lang='grc' dir='ltr'>τί</span> <span class='ocrx_word' id='word_1_304' title='bbox 1154 3412 1213 3465; x_wconf 84' lang='grc' dir='ltr'>δέ</span> <span class='ocrx_word' id='word_1_305' title='bbox 1264 3410 1361 3465; x_wconf 79' lang='grc' dir='ltr'>καὶ</span> <span class='ocrx_word' id='word_1_306' title='bbox 1415 3405 1909 3479; x_wconf 83' lang='grc' dir='ltr'>ἀπολογησόμεθα,</span> <span class='ocrx_word' id='word_1_307' title='bbox 1963 3404 2059 3459; x_wconf 84' lang='grc' dir='ltr'>ἐὰν</span> 
     </span>
    </p>
   </div>
   <div class='ocr_carea' id='block_1_38' title="bbox 388 3488 2059 3568">
    <p class='ocr_par' dir='ltr' id='par_1_38' title="bbox 388 3488 2059 3568">
     <span class='ocr_line' id='line_1_38' title="bbox 388 3488 2059 3568; baseline -0.005 -17"><span class='ocrx_word' id='word_1_308' title='bbox 388 3498 737 3568; x_wconf 75' lang='grc' dir='ltr'>ἐπιμένωμεν</span> <span class='ocrx_word' id='word_1_309' title='bbox 757 3496 1077 3560; x_wconf 79' lang='grc' dir='ltr'>ἀθετοῦντες</span> <span class='ocrx_word' id='word_1_310' title='bbox 1103 3513 1119 3557; x_wconf 73' lang='grc' dir='ltr'>ς</span> <span class='ocrx_word' id='word_1_311' title='bbox 1169 3495 1236 3549; x_wconf 88' lang='grc' dir='ltr'>Τί</span> <span class='ocrx_word' id='word_1_312' title='bbox 1264 3490 1359 3548; x_wconf 83' lang='grc' dir='ltr'>οῦν</span> <span class='ocrx_word' id='word_1_313' title='bbox 1391 3492 1664 3564; x_wconf 86' lang='grc' dir='ltr'>ἐροῦμεν;</span> <span class='ocrx_word' id='word_1_314' title='bbox 1715 3488 2059 3559; x_wconf 82' lang='grc' dir='ltr'>πραγμάτων</span> 
     </span>
    </p>
   </div>
   <div class='ocr_carea' id='block_1_39' title="bbox 389 3569 2060 3652">
    <p class='ocr_par' dir='ltr' id='par_1_39' title="bbox 389 3569 2060 3652">
     <span class='ocr_line' id='line_1_39' title="bbox 389 3569 2060 3652; baseline -0.006 -15"><span class='ocrx_word' id='word_1_315' title='bbox 389 3581 678 3652; x_wconf 83' lang='grc' dir='ltr'>φροντίδας</span> <span class='ocrx_word' id='word_1_316' title='bbox 722 3580 1071 3651; x_wconf 82' lang='grc' dir='ltr'>σκηψόμεθα;</span> <span class='ocrx_word' id='word_1_317' title='bbox 1112 3579 1277 3632; x_wconf 78' lang='grc' dir='ltr'>Ἀλλά</span> <span class='ocrx_word' id='word_1_318' title='bbox 1308 3576 1596 3649; x_wconf 86' lang='grc' dir='ltr'>προλαϐὼν</span> <span class='ocrx_word' id='word_1_319' title='bbox 1624 3569 1774 3627; x_wconf 79' lang='grc' dir='ltr'>εἷπε·</span> <span class='ocrx_word' id='word_1_320' title='bbox 1812 3574 1873 3627; x_wconf 85' lang='grc' dir='ltr'>Τί</span> <span class='ocrx_word' id='word_1_321' title='bbox 1908 3572 2060 3643; x_wconf 69' lang='lat'>(1)598-</span> 
     </span>
    </p>
   </div>
   <div class='ocr_carea' id='block_1_40' title="bbox 388 3655 2062 3732">
    <p class='ocr_par' dir='ltr' id='par_1_40' title="bbox 388 3655 2062 3732">
     <span class='ocr_line' id='line_1_40' title="bbox 388 3655 2062 3732; baseline -0.006 -14"><span class='ocrx_word' id='word_1_322' title='bbox 388 3665 568 3731; x_wconf 74' lang='grc' dir='ltr'>λήσει</span> <span class='ocrx_word' id='word_1_323' title='bbox 591 3665 919 3732; x_wconf 81' lang='grc' dir='ltr'>ἄνθρωπος,</span> <span class='ocrx_word' id='word_1_324' title='bbox 947 3663 1055 3716; x_wconf 85' lang='grc' dir='ltr'>ἐὰν</span> <span class='ocrx_word' id='word_1_325' title='bbox 1082 3661 1191 3715; x_wconf 87' lang='grc' dir='ltr'>τὸν</span> <span class='ocrx_word' id='word_1_326' title='bbox 1215 3662 1450 3729; x_wconf 82' lang='grc' dir='ltr'>κόσμον</span> <span class='ocrx_word' id='word_1_327' title='bbox 1473 3660 1621 3713; x_wconf 74' lang='grc' dir='ltr'>ὅλον</span> <span class='ocrx_word' id='word_1_328' title='bbox 1644 3655 1931 3725; x_wconf 82' lang='grc' dir='ltr'>κερδήσῃ,</span> <span class='ocrx_word' id='word_1_329' title='bbox 1948 3655 2062 3723; x_wconf 81' lang='grc' dir='ltr'>τὴν</span> 
     </span>
    </p>
   </div>
   <div class='ocr_carea' id='block_1_41' title="bbox 389 3742 2060 3820">
    <p class='ocr_par' dir='ltr' id='par_1_41' title="bbox 389 3742 2060 3820">
     <span class='ocr_line' id='line_1_41' title="bbox 389 3742 2060 3820; baseline -0.007 -17"><span class='ocrx_word' id='word_1_330' title='bbox 389 3751 459 3805; x_wconf 82' lang='grc' dir='ltr'>δὲ</span> <span class='ocrx_word' id='word_1_331' title='bbox 483 3750 696 3820; x_wconf 74' lang='grc' dir='ltr'>ψυχὴν</span> <span class='ocrx_word' id='word_1_332' title='bbox 735 3749 921 3804; x_wconf 84' lang='grc' dir='ltr'>αὐτοῦ</span> <span class='ocrx_word' id='word_1_333' title='bbox 950 3746 1239 3816; x_wconf 53' lang='lat' dir='ltr'>(animai);</span> <span class='ocrx_word' id='word_1_334' title='bbox 1267 3744 1431 3798; x_wconf 79' lang='grc' dir='ltr'>Ἀλλά</span> <span class='ocrx_word' id='word_1_335' title='bbox 1470 3744 1531 3796; x_wconf 84' lang='grc' dir='ltr'>τὸ</span> <span class='ocrx_word' id='word_1_336' title='bbox 1560 3744 1651 3811; x_wconf 75' lang='grc' dir='ltr'>ὐφ’</span> <span class='ocrx_word' id='word_1_337' title='bbox 1682 3743 1884 3812; x_wconf 83' lang='grc' dir='ltr'>ἑτέρων</span> <span class='ocrx_word' id='word_1_338' title='bbox 1912 3742 2060 3808; x_wconf 79' lang='grc' dir='ltr'>ἡπα-</span> 
     </span>
    </p>
   </div>
   <div class='ocr_carea' id='block_1_42' title="bbox 389 3822 2060 3903">
    <p class='ocr_par' dir='ltr' id='par_1_42' title="bbox 389 3822 2060 3903">
     <span class='ocr_line' id='line_1_42' title="bbox 389 3822 2060 3903; baseline -0.008 -16"><span class='ocrx_word' id='word_1_339' title='bbox 389 3834 615 3903; x_wconf 86' lang='grc' dir='ltr'>τῆσθαι;</span> <span class='ocrx_word' id='word_1_340' title='bbox 646 3832 787 3886; x_wconf 79' lang='grc' dir='ltr'>Ἀλλ’</span> <span class='ocrx_word' id='word_1_341' title='bbox 819 3830 942 3885; x_wconf 92' lang='grc' dir='ltr'>οὐδέ</span> <span class='ocrx_word' id='word_1_342' title='bbox 974 3831 1065 3884; x_wconf 81' lang='grc' dir='ltr'>τὸν</span> <span class='ocrx_word' id='word_1_343' title='bbox 1098 3830 1273 3899; x_wconf 83' lang='grc' dir='ltr'>Ἀδάμ</span> <span class='ocrx_word' id='word_1_344' title='bbox 1300 3828 1437 3899; x_wconf 81' lang='grc' dir='ltr'>πρὸς</span> <span class='ocrx_word' id='word_1_345' title='bbox 1468 3826 1765 3892; x_wconf 88' lang='grc' dir='ltr'>ἀπολογίαν</span> <span class='ocrx_word' id='word_1_346' title='bbox 1796 3824 1973 3892; x_wconf 82' lang='grc' dir='ltr'>ὢνησε</span> <span class='ocrx_word' id='word_1_347' title='bbox 1998 3822 2060 3903; x_wconf 84' lang='grc' dir='ltr'>τὸ</span> 
     </span>
    </p>
   </div>
   <div class='ocr_carea' id='block_1_43' title="bbox 392 3902 2062 3983">
    <p class='ocr_par' dir='ltr' id='par_1_43' title="bbox 392 3902 2062 3983">
     <span class='ocr_line' id='line_1_43' title="bbox 392 3902 2062 3983; baseline -0.006 -16"><span class='ocrx_word' id='word_1_348' title='bbox 392 3902 759 3983; x_wconf 86' lang='grc' dir='ltr'>προϐαλέσθαι</span> <span class='ocrx_word' id='word_1_349' title='bbox 812 3913 913 3982; x_wconf 80' lang='grc' dir='ltr'>τὴν</span> <span class='ocrx_word' id='word_1_350' title='bbox 944 3914 1175 3981; x_wconf 87' lang='grc' dir='ltr'>γυναῖκα</span> <span class='ocrx_word' id='word_1_351' title='bbox 1198 3950 1213 3975; x_wconf 93' lang='grc'>,</span> <span class='ocrx_word' id='word_1_352' title='bbox 1258 3910 1354 3962; x_wconf 74' lang='grc' dir='ltr'>καὶ</span> <span class='ocrx_word' id='word_1_353' title='bbox 1382 3910 1558 3961; x_wconf 83' lang='grc' dir='ltr'>εἰπεῖν</span> <span class='ocrx_word' id='word_1_354' title='bbox 1577 3924 1591 3936; x_wconf 78' lang='grc'><strong>’</strong></span> <span class='ocrx_word' id='word_1_355' title='bbox 1634 3908 1695 3961; x_wconf 84' lang='grc' dir='ltr'><strong><em>Ἠ</em></strong></span> <span class='ocrx_word' id='word_1_356' title='bbox 1754 3904 1909 3975; x_wconf 79' lang='grc' dir='ltr'>γυνὴ</span> <span class='ocrx_word' id='word_1_357' title='bbox 1932 3944 1948 3969; x_wconf 94' lang='grc'>,</span> <span class='ocrx_word' id='word_1_358' title='bbox 1980 3902 2062 3971; x_wconf 78' lang='grc' dir='ltr'>ἣν</span> 
     </span>
    </p>
   </div>
   <div class='ocr_carea' id='block_1_44' title="bbox 391 3984 2060 4063">
    <p class='ocr_par' dir='ltr' id='par_1_44' title="bbox 391 3984 2060 4063">
     <span class='ocr_line' id='line_1_44' title="bbox 391 3984 2060 4063; baseline -0.007 -15"><span class='ocrx_word' id='word_1_359' title='bbox 391 3994 621 4060; x_wconf 78' lang='grc' dir='ltr'>ἔδωκας</span> <span class='ocrx_word' id='word_1_360' title='bbox 644 3995 773 4063; x_wconf 81' lang='grc' dir='ltr'>μετ’</span> <span class='ocrx_word' id='word_1_361' title='bbox 803 3993 968 4063; x_wconf 85' lang='grc' dir='ltr'>ἐμοῦ,</span> <span class='ocrx_word' id='word_1_362' title='bbox 1019 3992 1171 4057; x_wconf 87' lang='grc' dir='ltr'>αῦτη</span> <span class='ocrx_word' id='word_1_363' title='bbox 1199 4008 1276 4059; x_wconf 87' lang='grc' dir='ltr'>με</span> <span class='ocrx_word' id='word_1_364' title='bbox 1316 3988 1669 4057; x_wconf 69' lang='grc' dir='ltr'>ἠπάτησεν*</span> <span class='ocrx_word' id='word_1_365' title='bbox 1719 3986 1907 4055; x_wconf 89' lang='grc' dir='ltr'>ῶσπερ</span> <span class='ocrx_word' id='word_1_366' title='bbox 1939 3984 2060 4039; x_wconf 82' lang='grc' dir='ltr'>οὐδὲ</span> 
     </span>
    </p>
   </div>
   <div class='ocr_carea' id='block_1_45' title="bbox 389 4067 2065 4148">
    <p class='ocr_par' dir='ltr' id='par_1_45' title="bbox 389 4067 2065 4148">
     <span class='ocr_line' id='line_1_45' title="bbox 389 4067 2065 4148; baseline -0.008 -14"><span class='ocrx_word' id='word_1_367' title='bbox 389 4078 492 4148; x_wconf 78' lang='grc' dir='ltr'>τὴν</span> <span class='ocrx_word' id='word_1_368' title='bbox 520 4078 751 4145; x_wconf 84' lang='grc' dir='ltr'>γυναῖκα</span> <span class='ocrx_word' id='word_1_369' title='bbox 777 4077 805 4130; x_wconf 92' lang='lat'>6</span> <span class='ocrx_word' id='word_1_370' title='bbox 830 4076 971 4145; x_wconf 81' lang='grc' dir='ltr'>δφις.</span> <span class='ocrx_word' id='word_1_371' title='bbox 998 4074 1252 4145; x_wconf 82' lang='grc' dir='ltr'>Φοϐερὸν,</span> <span class='ocrx_word' id='word_1_372' title='bbox 1274 4067 1320 4125; x_wconf 82' lang='grc' dir='ltr'>ὧ</span> <span class='ocrx_word' id='word_1_373' title='bbox 1340 4071 1457 4139; x_wconf 89' lang='grc' dir='ltr'>φίλε</span> <span class='ocrx_word' id='word_1_374' title='bbox 1489 4070 1731 4141; x_wconf 88' lang='grc' dir='ltr'>Θεόδωρε</span> <span class='ocrx_word' id='word_1_375' title='bbox 1769 4080 1815 4133; x_wconf 77' lang='grc' dir='ltr'>θ,</span> <span class='ocrx_word' id='word_1_376' title='bbox 1833 4067 1895 4121; x_wconf 82' lang='grc' dir='ltr'>τὸ</span> <span class='ocrx_word' id='word_1_377' title='bbox 1917 4068 2065 4121; x_wconf 89' lang='grc' dir='ltr'>δικα-</span> 
     </span>
    </p>
   </div>
   <div class='ocr_carea' id='block_1_46' title="bbox 394 4152 2063 4232">
    <p class='ocr_par' dir='ltr' id='par_1_46' title="bbox 394 4152 2063 4232">
     <span class='ocr_line' id='line_1_46' title="bbox 394 4152 2063 4232; baseline -0.005 -18"><span class='ocrx_word' id='word_1_378' title='bbox 394 4163 616 4232; x_wconf 79' lang='grc' dir='ltr'>στήριον</span> <span class='ocrx_word' id='word_1_379' title='bbox 643 4163 818 4215; x_wconf 88' lang='grc' dir='ltr'>ἐκεῖνο</span> <span class='ocrx_word' id='word_1_380' title='bbox 844 4202 857 4224; x_wconf 95' lang='grc'>,</span> <span class='ocrx_word' id='word_1_381' title='bbox 889 4160 954 4213; x_wconf 89' lang='grc' dir='ltr'>οὐ</span> <span class='ocrx_word' id='word_1_382' title='bbox 1005 4158 1327 4229; x_wconf 81' lang='grc' dir='ltr'>κατηγόρων</span> <span class='ocrx_word' id='word_1_383' title='bbox 1356 4154 1639 4225; x_wconf 88' lang='grc' dir='ltr'>δεόμενον,</span> <span class='ocrx_word' id='word_1_384' title='bbox 1670 4152 1731 4205; x_wconf 90' lang='grc' dir='ltr'>οὐ</span> <span class='ocrx_word' id='word_1_385' title='bbox 1778 4152 2063 4223; x_wconf 89' lang='grc' dir='ltr'>μάρτυρας</span> 
     </span>
    </p>
   </div>
   <div class='ocr_carea' id='block_1_47' title="bbox 395 4236 2066 4316">
    <p class='ocr_par' dir='ltr' id='par_1_47' title="bbox 395 4236 2066 4316">
     <span class='ocr_line' id='line_1_47' title="bbox 395 4236 2066 4316; baseline -0.005 -17"><span class='ocrx_word' id='word_1_386' title='bbox 395 4246 719 4316; x_wconf 86' lang='grc' dir='ltr'>περιμένον·</span> <span class='ocrx_word' id='word_1_387' title='bbox 753 4244 1053 4315; x_wconf 82' lang='grc' dir='ltr'>πάνταγὰρ</span> <span class='ocrx_word' id='word_1_388' title='bbox 1078 4243 1263 4312; x_wconf 89' lang='grc' dir='ltr'>γυμνά</span> <span class='ocrx_word' id='word_1_389' title='bbox 1303 4239 1400 4294; x_wconf 77' lang='grc' dir='ltr'>καὶ</span> <span class='ocrx_word' id='word_1_390' title='bbox 1431 4236 1904 4309; x_wconf 75' lang='grc' dir='ltr'>τετραχηλισμένα</span> <span class='ocrx_word' id='word_1_391' title='bbox 1947 4237 2066 4291; x_wconf 81' lang='grc' dir='ltr'>ἐστὶ</span> 
     </span>
    </p>
   </div>
   <div class='ocr_carea' id='block_1_48' title="bbox 392 4324 2066 4401">
    <p class='ocr_par' dir='ltr' id='par_1_48' title="bbox 392 4324 2066 4401">
     <span class='ocr_line' id='line_1_48' title="bbox 392 4324 2066 4401; baseline -0.002 -18"><span class='ocrx_word' id='word_1_392' title='bbox 392 4332 473 4401; x_wconf 78' lang='grc' dir='ltr'>τῷ</span> <span class='ocrx_word' id='word_1_393' title='bbox 497 4332 789 4397; x_wconf 79' lang='grc' dir='ltr'>δικάζοντι,</span> <span class='ocrx_word' id='word_1_394' title='bbox 834 4333 930 4385; x_wconf 76' lang='grc' dir='ltr'>καὶ</span> <span class='ocrx_word' id='word_1_395' title='bbox 968 4332 1029 4383; x_wconf 88' lang='grc' dir='ltr'>οὐ</span> <span class='ocrx_word' id='word_1_396' title='bbox 1056 4329 1306 4401; x_wconf 84' lang='grc' dir='ltr'>πράξεων</span> <span class='ocrx_word' id='word_1_397' title='bbox 1341 4326 1522 4398; x_wconf 88' lang='grc' dir='ltr'>μόνον,</span> <span class='ocrx_word' id='word_1_398' title='bbox 1554 4324 1689 4378; x_wconf 89' lang='grc' dir='ltr'>άλλά</span> <span class='ocrx_word' id='word_1_399' title='bbox 1722 4324 1816 4378; x_wconf 80' lang='grc' dir='ltr'>καὶ</span> <span class='ocrx_word' id='word_1_400' title='bbox 1846 4325 2066 4379; x_wconf 80' lang='grc' dir='ltr'>ἐννοιῶν</span> 
     </span>
    </p>
   </div>
   <div class='ocr_carea' id='block_1_49' title="bbox 395 4407 2066 4485">
    <p class='ocr_par' dir='ltr' id='par_1_49' title="bbox 395 4407 2066 4485">
     <span class='ocr_line' id='line_1_49' title="bbox 395 4407 2066 4485; baseline -0.003 -18"><span class='ocrx_word' id='word_1_401' title='bbox 395 4416 625 4480; x_wconf 85' lang='grc' dir='ltr'>εὐθύνας</span> <span class='ocrx_word' id='word_1_402' title='bbox 652 4416 873 4485; x_wconf 78' lang='grc' dir='ltr'>ὑπέχειν</span> <span class='ocrx_word' id='word_1_403' title='bbox 912 4415 1024 4467; x_wconf 83' lang='grc' dir='ltr'>δεῖ’</span> <span class='ocrx_word' id='word_1_404' title='bbox 1084 4410 1329 4483; x_wconf 76' lang='grc' dir='ltr'>κριτικὸς</span> <span class='ocrx_word' id='word_1_405' title='bbox 1364 4410 1473 4480; x_wconf 91' lang='grc' dir='ltr'>γάρ</span> <span class='ocrx_word' id='word_1_406' title='bbox 1522 4410 1670 4461; x_wconf 83' lang='grc' dir='ltr'>ἐστιν</span> <span class='ocrx_word' id='word_1_407' title='bbox 1716 4407 2066 4478; x_wconf 86' lang='grc' dir='ltr'>ἐνθυμήσεων</span> 
     </span>
    </p>
   </div>
   <div class='ocr_carea' id='block_1_50' title="bbox 395 4494 2066 4573">
    <p class='ocr_par' dir='ltr' id='par_1_50' title="bbox 395 4494 2066 4573">
     <span class='ocr_line' id='line_1_50' title="bbox 395 4494 2066 4573; baseline -0.004 -17"><span class='ocrx_word' id='word_1_408' title='bbox 395 4504 491 4556; x_wconf 67' lang='grc' dir='ltr'>καὶ</span> <span class='ocrx_word' id='word_1_409' title='bbox 516 4502 733 4556; x_wconf 84' lang='grc' dir='ltr'>ἐννοιῶν</span> <span class='ocrx_word' id='word_1_410' title='bbox 766 4501 991 4573; x_wconf 83' lang='grc' dir='ltr'>καρδίας</span> <span class='ocrx_word' id='word_1_411' title='bbox 1016 4502 1045 4554; x_wconf 88' lang='lat'>6</span> <span class='ocrx_word' id='word_1_412' title='bbox 1063 4498 1321 4567; x_wconf 82' lang='grc' dir='ltr'>δικαστὴς</span> <span class='ocrx_word' id='word_1_413' title='bbox 1342 4498 1565 4559; x_wconf 83' lang='grc' dir='ltr'>ἐκεῖνος.</span> <span class='ocrx_word' id='word_1_414' title='bbox 1585 4494 1728 4548; x_wconf 84' lang='grc' dir='ltr'>Ἀλλ’</span> <span class='ocrx_word' id='word_1_415' title='bbox 1754 4496 1885 4559; x_wconf 84' lang='grc' dir='ltr'>ίσως</span> <span class='ocrx_word' id='word_1_416' title='bbox 1905 4496 2066 4549; x_wconf 85' lang='grc' dir='ltr'>ἀσθέ-</span> 
     </span>
    </p>
   </div>
   <div class='ocr_carea' id='block_1_51' title="bbox 395 4583 2064 4658">
    <p class='ocr_par' dir='ltr' id='par_1_51' title="bbox 395 4583 2064 4658">
     <span class='ocr_line' id='line_1_51' title="bbox 395 4583 2064 4658; baseline -0.004 -16"><span class='ocrx_word' id='word_1_417' title='bbox 395 4608 543 4642; x_wconf 84' lang='grc' dir='ltr'>νειαν</span> <span class='ocrx_word' id='word_1_418' title='bbox 566 4592 779 4658; x_wconf 85' lang='grc' dir='ltr'>φύσεως</span> <span class='ocrx_word' id='word_1_419' title='bbox 805 4590 970 4658; x_wconf 79' lang='grc' dir='ltr'>ἐρεῖς,</span> <span class='ocrx_word' id='word_1_420' title='bbox 1017 4590 1112 4642; x_wconf 74' lang='grc' dir='ltr'>καὶ</span> <span class='ocrx_word' id='word_1_421' title='bbox 1140 4588 1201 4639; x_wconf 77' lang='grc' dir='ltr'>τὸ</span> <span class='ocrx_word' id='word_1_422' title='bbox 1245 4586 1319 4658; x_wconf 85' lang='grc' dir='ltr'>μὴ</span> <span class='ocrx_word' id='word_1_423' title='bbox 1352 4585 1647 4657; x_wconf 87' lang='grc' dir='ltr'>δυνηθῆναι</span> <span class='ocrx_word' id='word_1_424' title='bbox 1702 4584 1948 4651; x_wconf 85' lang='grc' dir='ltr'>ἐνεγκεῖν</span> <span class='ocrx_word' id='word_1_425' title='bbox 1973 4583 2064 4637; x_wconf 82' lang='grc' dir='ltr'>τὸν</span> 
     </span>
    </p>
   </div>
   <div class='ocr_carea' id='block_1_52' title="bbox 396 4670 2064 4744">
    <p class='ocr_par' dir='ltr' id='par_1_52' title="bbox 396 4670 2064 4744">
     <span class='ocr_line' id='line_1_52' title="bbox 396 4670 2064 4744; baseline -0.004 -15"><span class='ocrx_word' id='word_1_426' title='bbox 396 4677 579 4744; x_wconf 83' lang='grc' dir='ltr'>ζυγόν.</span> <span class='ocrx_word' id='word_1_427' title='bbox 614 4676 724 4729; x_wconf 77' lang='grc' dir='ltr'>Καὶ</span> <span class='ocrx_word' id='word_1_428' title='bbox 751 4676 877 4727; x_wconf 89' lang='grc' dir='ltr'>ποία</span> <span class='ocrx_word' id='word_1_429' title='bbox 900 4675 1039 4744; x_wconf 89' lang='grc' dir='ltr'>αῦτη</span> <span class='ocrx_word' id='word_1_430' title='bbox 1068 4674 1359 4742; x_wconf 83' lang='grc' dir='ltr'>ἀπολογία,</span> <span class='ocrx_word' id='word_1_431' title='bbox 1397 4672 1561 4741; x_wconf 74' lang='grc' dir='ltr'>ζυγὸν</span> <span class='ocrx_word' id='word_1_432' title='bbox 1613 4672 1687 4743; x_wconf 78' lang='grc' dir='ltr'>μὴ</span> <span class='ocrx_word' id='word_1_433' title='bbox 1714 4670 1928 4741; x_wconf 87' lang='grc' dir='ltr'>ἰσχῦσαι</span> <span class='ocrx_word' id='word_1_434' title='bbox 1972 4672 2064 4724; x_wconf 76' lang='grc' dir='ltr'>τὸν</span> 
     </span>
    </p>
   </div>
   <div class='ocr_carea' id='block_1_53' title="bbox 398 4758 2064 4834">
    <p class='ocr_par' dir='ltr' id='par_1_53' title="bbox 398 4758 2064 4834">
     <span class='ocr_line' id='line_1_53' title="bbox 398 4758 2064 4834; baseline -0.004 -18"><span class='ocrx_word' id='word_1_435' title='bbox 398 4762 629 4834; x_wconf 82' lang='grc' dir='ltr'>χρηστὸν</span> <span class='ocrx_word' id='word_1_436' title='bbox 654 4762 914 4827; x_wconf 81' lang='grc' dir='ltr'>ἐνεγκεῖν,</span> <span class='ocrx_word' id='word_1_437' title='bbox 940 4761 1159 4829; x_wconf 86' lang='grc' dir='ltr'>φορτίον</span> <span class='ocrx_word' id='word_1_438' title='bbox 1192 4759 1210 4798; x_wconf 70' lang='grc' dir='ltr'><em>τ</em></span> <span class='ocrx_word' id='word_1_439' title='bbox 1257 4759 1333 4829; x_wconf 81' lang='grc' dir='ltr'>μὴ</span> <span class='ocrx_word' id='word_1_440' title='bbox 1358 4759 1651 4830; x_wconf 87' lang='grc' dir='ltr'>δυνηθῆναι</span> <span class='ocrx_word' id='word_1_441' title='bbox 1688 4758 1953 4828; x_wconf 81' lang='grc' dir='ltr'>βαστάσαι</span> <span class='ocrx_word' id='word_1_442' title='bbox 2003 4759 2064 4810; x_wconf 84' lang='grc' dir='ltr'>τὸ</span> 
     </span>
    </p>
   </div>
   <div class='ocr_carea' id='block_1_54' title="bbox 396 4841 2063 4913">
    <p class='ocr_par' dir='ltr' id='par_1_54' title="bbox 396 4841 2063 4913">
     <span class='ocr_line' id='line_1_54' title="bbox 396 4841 2063 4913; baseline -0.001 -17"><span class='ocrx_word' id='word_1_443' title='bbox 396 4844 663 4913; x_wconf 83' lang='grc' dir='ltr'>ἐλαφρόν;</span> <span class='ocrx_word' id='word_1_444' title='bbox 716 4842 854 4912; x_wconf 85' lang='grc' dir='ltr'>βαρύ</span> <span class='ocrx_word' id='word_1_445' title='bbox 901 4844 1135 4912; x_wconf 78' lang='grc' dir='ltr'>πρᾶγμα</span> <span class='ocrx_word' id='word_1_446' title='bbox 1198 4841 1294 4893; x_wconf 76' lang='grc' dir='ltr'>καὶ</span> <span class='ocrx_word' id='word_1_447' title='bbox 1340 4842 1599 4910; x_wconf 81' lang='grc' dir='ltr'>φορτικὸν</span> <span class='ocrx_word' id='word_1_448' title='bbox 1652 4842 1687 4912; x_wconf 90' lang='grc' dir='ltr'>ή</span> <span class='ocrx_word' id='word_1_449' title='bbox 1735 4842 1842 4894; x_wconf 90' lang='grc' dir='ltr'>τῶν</span> <span class='ocrx_word' id='word_1_450' title='bbox 1878 4841 2063 4895; x_wconf 83' lang='grc' dir='ltr'>κόπων</span> 
     </span>
    </p>
   </div>
   <div class='ocr_carea' id='block_1_55' title="bbox 397 4922 2065 4997">
    <p class='ocr_par' dir='ltr' id='par_1_55' title="bbox 397 4922 2065 4997">
     <span class='ocr_line' id='line_1_55' title="bbox 397 4922 2065 4997; baseline -0.002 -17"><span class='ocrx_word' id='word_1_451' title='bbox 397 4928 726 4997; x_wconf 77' lang='grc' dir='ltr'>άνάκτησιςς</span> <span class='ocrx_word' id='word_1_452' title='bbox 768 4925 891 4977; x_wconf 78' lang='grc' dir='ltr'>Ἐπὶ</span> <span class='ocrx_word' id='word_1_453' title='bbox 915 4924 1087 4976; x_wconf 81' lang='grc' dir='ltr'>ταῦτα</span> <span class='ocrx_word' id='word_1_454' title='bbox 1117 4922 1226 4993; x_wconf 89' lang='lat'>7&amp;9</span> <span class='ocrx_word' id='word_1_455' title='bbox 1252 4922 1432 4976; x_wconf 88' lang='grc' dir='ltr'>πάντα</span> <span class='ocrx_word' id='word_1_456' title='bbox 1469 4924 1626 4976; x_wconf 91' lang='grc' dir='ltr'>καλεῖ</span> <span class='ocrx_word' id='word_1_457' title='bbox 1649 4925 1677 4976; x_wconf 89' lang='lat'>6</span> <span class='ocrx_word' id='word_1_458' title='bbox 1713 4923 1943 4993; x_wconf 81' lang='grc' dir='ltr'>Χριστὸς</span> <span class='ocrx_word' id='word_1_459' title='bbox 1978 4923 2065 4976; x_wconf 85' lang='grc' dir='ltr'>λέ-</span> 
     </span>
    </p>
   </div>
   <div class='ocr_carea' id='block_1_56' title="bbox 397 5004 2065 5081">
    <p class='ocr_par' dir='ltr' id='par_1_56' title="bbox 397 5004 2065 5081">
     <span class='ocr_line' id='line_1_56' title="bbox 397 5004 2065 5081; baseline -0.004 -15"><span class='ocrx_word' id='word_1_460' title='bbox 397 5028 509 5081; x_wconf 91' lang='grc' dir='ltr'>γων</span> <span class='ocrx_word' id='word_1_461' title='bbox 529 5027 541 5037; x_wconf 79' lang='grc'><strong>“</strong></span> <span class='ocrx_word' id='word_1_462' title='bbox 581 5011 757 5065; x_wconf 83' lang='grc' dir='ltr'>Δεῦτε</span> <span class='ocrx_word' id='word_1_463' title='bbox 772 5008 920 5077; x_wconf 77' lang='grc' dir='ltr'>πρὸς</span> <span class='ocrx_word' id='word_1_464' title='bbox 949 5006 1041 5076; x_wconf 87' lang='grc' dir='ltr'>μὲ,</span> <span class='ocrx_word' id='word_1_465' title='bbox 1075 5004 1295 5071; x_wconf 80' lang='grc' dir='ltr'>πάντες</span> <span class='ocrx_word' id='word_1_466' title='bbox 1318 5008 1373 5058; x_wconf 85' lang='grc' dir='ltr'>οἱ</span> <span class='ocrx_word' id='word_1_467' title='bbox 1389 5006 1711 5071; x_wconf 78' lang='grc' dir='ltr'>κοπιῶντες</span> <span class='ocrx_word' id='word_1_468' title='bbox 1731 5006 1827 5059; x_wconf 76' lang='grc' dir='ltr'>καί</span> <span class='ocrx_word' id='word_1_469' title='bbox 1843 5022 2065 5078; x_wconf 72' lang='grc' dir='ltr'>πεφορ-</span> 
     </span>
    </p>
   </div>
   <div class='ocr_carea' id='block_1_57' title="bbox 464 5161 2065 5225">
    <p class='ocr_par' dir='ltr' id='par_1_57' title="bbox 464 5161 2065 5225">
     <span class='ocr_line' id='line_1_57' title="bbox 464 5161 2065 5225; baseline -0.003 -9"><span class='ocrx_word' id='word_1_470' title='bbox 464 5169 488 5196; x_wconf 77' lang='grc'><strong>⁸</strong></span> <span class='ocrx_word' id='word_1_471' title='bbox 511 5167 661 5216; x_wconf 82' lang='lat' dir='ltr'>Savil.</span> <span class='ocrx_word' id='word_1_472' title='bbox 685 5166 733 5214; x_wconf 88' lang='lat' dir='ltr'><strong>in</strong></span> <span class='ocrx_word' id='word_1_473' title='bbox 756 5168 894 5213; x_wconf 79' lang='lat' dir='ltr'><strong>textu</strong></span> <span class='ocrx_word' id='word_1_474' title='bbox 1017 5161 1107 5225; x_wconf 82' lang='grc' dir='ltr'>γὰρ</span> <span class='ocrx_word' id='word_1_475' title='bbox 1130 5164 1157 5210; x_wconf 90' lang='lat'>6</span> <span class='ocrx_word' id='word_1_476' title='bbox 1178 5161 1424 5225; x_wconf 86' lang='grc' dir='ltr'>μακάριος,</span> <span class='ocrx_word' id='word_1_477' title='bbox 1446 5163 1481 5225; x_wconf 23' lang='lat'><em>67</em></span> <span class='ocrx_word' id='word_1_478' title='bbox 1499 5162 1717 5218; x_wconf 81' lang='grc' dir='ltr'>ἐκλεκτὸς</span> <span class='ocrx_word' id='word_1_479' title='bbox 1740 5162 1960 5225; x_wconf 76' lang='grc' dir='ltr'>βασιλεὺς</span> <span class='ocrx_word' id='word_1_480' title='bbox 1982 5164 2065 5211; x_wconf 78' lang='grc' dir='ltr'>καὶ</span> 
     </span>
    </p>
   </div>
   <div class='ocr_carea' id='block_1_58' title="bbox 395 5224 2066 5292">
    <p class='ocr_par' dir='ltr' id='par_1_58' title="bbox 395 5224 2066 5292">
     <span class='ocr_line' id='line_1_58' title="bbox 395 5224 2066 5292; baseline -0.003 -15"><span class='ocrx_word' id='word_1_481' title='bbox 395 5232 651 5292; x_wconf 78' lang='grc' dir='ltr'>προφήτης·</span> <span class='ocrx_word' id='word_1_482' title='bbox 671 5228 812 5292; x_wconf 78' lang='grc' dir='ltr'>ἡνίκα</span> <span class='ocrx_word' id='word_1_483' title='bbox 828 5224 1014 5292; x_wconf 72' lang='grc' dir='ltr'>πολλοί,</span> <span class='ocrx_word' id='word_1_484' title='bbox 1038 5224 1133 5292; x_wconf 82' lang='lat' dir='ltr'><strong>etc.</strong></span> <span class='ocrx_word' id='word_1_485' title='bbox 1170 5229 1235 5292; x_wconf 83' lang='lat' dir='ltr'>_ul</span> <span class='ocrx_word' id='word_1_486' title='bbox 1256 5224 1422 5292; x_wconf 50' lang='grc' dir='ltr'>ξορεας</span> <span class='ocrx_word' id='word_1_487' title='bbox 1466 5224 1521 5272; x_wconf 88' lang='lat' dir='ltr'>ln</span> <span class='ocrx_word' id='word_1_488' title='bbox 1556 5224 1781 5292; x_wconf 75' lang='lat' dir='ltr'><strong>margine</strong></span> <span class='ocrx_word' id='word_1_489' title='bbox 1806 5237 1945 5292; x_wconf 75' lang='lat' dir='ltr'><strong>vero,</strong></span> <span class='ocrx_word' id='word_1_490' title='bbox 1984 5226 2066 5292; x_wconf 79' lang='grc' dir='ltr'>τὸν</span> 
     </span>
    </p>
   </div>
   <div class='ocr_carea' id='block_1_59' title="bbox 398 5285 2066 5351">
    <p class='ocr_par' dir='ltr' id='par_1_59' title="bbox 398 5285 2066 5351">
     <span class='ocr_line' id='line_1_59' title="bbox 398 5285 2066 5351; baseline -0.004 -11"><span class='ocrx_word' id='word_1_491' title='bbox 398 5285 627 5351; x_wconf 77' lang='grc' dir='ltr'>μακάριον</span> <span class='ocrx_word' id='word_1_492' title='bbox 668 5290 832 5347; x_wconf 74' lang='grc' dir='ltr'>Δαυίδ,</span> <span class='ocrx_word' id='word_1_493' title='bbox 876 5287 970 5351; x_wconf 62' lang='grc' dir='ltr'>τὸνΔ</span> <span class='ocrx_word' id='word_1_494' title='bbox 996 5285 1472 5351; x_wconf 31' lang='grc' dir='ltr'>ἐκλεκτὸνῌβασιλέα,</span> <span class='ocrx_word' id='word_1_495' title='bbox 1490 5287 1591 5351; x_wconf 34' lang='grc' dir='ltr'>μκαί</span> <span class='ocrx_word' id='word_1_496' title='bbox 1630 5285 1891 5349; x_wconf 81' lang='grc' dir='ltr'>προφήτην,</span> <span class='ocrx_word' id='word_1_497' title='bbox 1923 5286 2066 5343; x_wconf 77' lang='grc' dir='ltr'>ἡνίκα</span> 
     </span>
    </p>
   </div>
   <div class='ocr_carea' id='block_1_60' title="bbox 396 5346 1613 5413">
    <p class='ocr_par' dir='ltr' id='par_1_60' title="bbox 396 5346 1613 5413">
     <span class='ocr_line' id='line_1_60' title="bbox 396 5346 1613 5413; baseline -0.004 -15"><span class='ocrx_word' id='word_1_498' title='bbox 396 5346 550 5401; x_wconf 77' lang='grc' dir='ltr'>πολλὰ</span> <span class='ocrx_word' id='word_1_499' title='bbox 568 5346 897 5413; x_wconf 82' lang='grc' dir='ltr'>κατώρθωσεν,</span> <span class='ocrx_word' id='word_1_500' title='bbox 925 5348 1015 5413; x_wconf 78' lang='grc' dir='ltr'>οὐκ</span> <span class='ocrx_word' id='word_1_501' title='bbox 1034 5346 1197 5413; x_wconf 77' lang='grc' dir='ltr'>ἐλαϐεν</span> <span class='ocrx_word' id='word_1_502' title='bbox 1219 5346 1461 5411; x_wconf 78' lang='grc' dir='ltr'>ἄνθρωπον</span> <span class='ocrx_word' id='word_1_503' title='bbox 1485 5348 1613 5394; x_wconf 83' lang='grc' dir='ltr'>ὄντα.</span> 
     </span>
    </p>
   </div>
   <div class='ocr_carea' id='block_1_61' title="bbox 461 5408 2062 5472">
    <p class='ocr_par' dir='ltr' id='par_1_61' title="bbox 461 5408 2062 5472">
     <span class='ocr_line' id='line_1_61' title="bbox 461 5408 2062 5472; baseline -0.003 -10"><span class='ocrx_word' id='word_1_504' title='bbox 461 5413 487 5451; x_wconf 72' lang='grc' dir='ltr'>δ</span> <span class='ocrx_word' id='word_1_505' title='bbox 511 5408 771 5471; x_wconf 53' lang='lat' dir='ltr'>Samae-&quot;ra,</span> <span class='ocrx_word' id='word_1_506' title='bbox 792 5416 846 5459; x_wconf 85' lang='lat' dir='ltr'>et.</span> <span class='ocrx_word' id='word_1_507' title='bbox 866 5422 979 5472; x_wconf 66' lang='lat' dir='ltr'><strong>mox</strong></span> <span class='ocrx_word' id='word_1_508' title='bbox 998 5408 1273 5472; x_wconf 77' lang='grc' dir='ltr'>έπισκιάσαι</span> <span class='ocrx_word' id='word_1_509' title='bbox 1292 5408 1449 5472; x_wconf 66' lang='grc' dir='ltr'>πως...</span> <span class='ocrx_word' id='word_1_510' title='bbox 1466 5414 1524 5471; x_wconf 77' lang='grc' dir='ltr'>τῇ</span> <span class='ocrx_word' id='word_1_511' title='bbox 1542 5426 1586 5455; x_wconf 90' lang='grc' dir='ltr'>τ.</span> <span class='ocrx_word' id='word_1_512' title='bbox 1610 5408 2062 5472; x_wconf 38' lang='grc' dir='ltr'>ἰε-,εἰδωλολατρείφ</span> 
     </span>
    </p>
   </div>
   <div class='ocr_carea' id='block_1_62' title="bbox 462 5469 2063 5534">
    <p class='ocr_par' dir='ltr' id='par_1_62' title="bbox 462 5469 2063 5534">
     <span class='ocr_line' id='line_1_62' title="bbox 462 5469 2063 5534; baseline -0.002 -11"><span class='ocrx_word' id='word_1_513' title='bbox 462 5477 484 5504; x_wconf 73' lang='grc' dir='ltr'><strong>ε</strong></span> <span class='ocrx_word' id='word_1_514' title='bbox 520 5476 629 5523; x_wconf 89' lang='lat' dir='ltr'>Duo</span> <span class='ocrx_word' id='word_1_515' title='bbox 652 5469 769 5524; x_wconf 68' lang='lat' dir='ltr'><strong>mss.</strong></span> <span class='ocrx_word' id='word_1_516' title='bbox 804 5472 885 5521; x_wconf 79' lang='grc' dir='ltr'>καὶ</span> <span class='ocrx_word' id='word_1_517' title='bbox 923 5470 1166 5534; x_wconf 82' lang='grc' dir='ltr'>ἄνθρωπον</span> <span class='ocrx_word' id='word_1_518' title='bbox 1190 5470 1304 5534; x_wconf 62' lang='grc' dir='ltr'>ὄντα</span> <span class='ocrx_word' id='word_1_519' title='bbox 1324 5470 1470 5532; x_wconf 86' lang='grc' dir='ltr'>σοφὸν</span> <span class='ocrx_word' id='word_1_520' title='bbox 1506 5469 1607 5530; x_wconf 77' lang='grc' dir='ltr'>γυν.</span> <span class='ocrx_word' id='word_1_521' title='bbox 1634 5469 1745 5519; x_wconf 79' lang='lat' dir='ltr'>Mox</span> <span class='ocrx_word' id='word_1_522' title='bbox 1786 5469 1958 5534; x_wconf 70' lang='lat' dir='ltr'><strong>omnes</strong></span> <span class='ocrx_word' id='word_1_523' title='bbox 1980 5469 2063 5520; x_wconf 83' lang='lat' dir='ltr'>alii</span> 
     </span>
    </p>
   </div>
   <div class='ocr_carea' id='block_1_63' title="bbox 398 5532 2064 5596">
    <p class='ocr_par' dir='ltr' id='par_1_63' title="bbox 398 5532 2064 5596">
     <span class='ocr_line' id='line_1_63' title="bbox 398 5532 2064 5596; baseline 0 -16"><span class='ocrx_word' id='word_1_524' title='bbox 398 5533 580 5596; x_wconf 73' lang='grc' dir='ltr'>δίκαιον</span> <span class='ocrx_word' id='word_1_525' title='bbox 598 5538 712 5585; x_wconf 79' lang='grc' dir='ltr'>ὄντα</span> <span class='ocrx_word' id='word_1_526' title='bbox 752 5534 933 5585; x_wconf 83' lang='lat' dir='ltr'><strong>omisso</strong></span> <span class='ocrx_word' id='word_1_527' title='bbox 972 5532 1216 5596; x_wconf 74' lang='grc' dir='ltr'>πρότερον.</span> <span class='ocrx_word' id='word_1_528' title='bbox 1236 5532 1395 5596; x_wconf 62' lang='lat' dir='ltr'><strong>Digna</strong></span> <span class='ocrx_word' id='word_1_529' title='bbox 1430 5536 1508 5596; x_wconf 77' lang='lat' dir='ltr'><strong>est</strong></span> <span class='ocrx_word' id='word_1_530' title='bbox 1530 5544 1642 5596; x_wconf 66' lang='lat' dir='ltr'>quas</span> <span class='ocrx_word' id='word_1_531' title='bbox 1678 5535 1879 5596; x_wconf 71' lang='lat' dir='ltr'><strong>notetur</strong></span> <span class='ocrx_word' id='word_1_532' title='bbox 1916 5533 2064 5580; x_wconf 82' lang='lat' dir='ltr'><strong>lectio</strong></span> 
     </span>
    </p>
   </div>
   <div class='ocr_carea' id='block_1_64' title="bbox 399 5592 2060 5700">
    <p class='ocr_par' dir='ltr' id='par_1_64' title="bbox 399 5592 2060 5700">
     <span class='ocr_line' id='line_1_64' title="bbox 399 5592 2060 5700; baseline -0.002 -56"><span class='ocrx_word' id='word_1_533' title='bbox 399 5595 589 5660; x_wconf 79' lang='lat' dir='ltr'>Savilii,</span> <span class='ocrx_word' id='word_1_534' title='bbox 616 5610 888 5660; x_wconf 89' lang='lat' dir='ltr'><strong>nempe</strong></span> <span class='ocrx_word' id='word_1_535' title='bbox 930 5592 1296 5667; x_wconf 55' lang='grc' dir='ltr'>Σολρμῶνταβϋ</span> <span class='ocrx_word' id='word_1_536' title='bbox 1319 5592 1551 5700; x_wconf 60' lang='grc' dir='ltr'>ἁμαρτίαν</span> <span class='ocrx_word' id='word_1_537' title='bbox 1576 5594 1756 5641; x_wconf 88' lang='grc' dir='ltr'>δίκαιον</span> <span class='ocrx_word' id='word_1_538' title='bbox 1796 5594 1910 5641; x_wconf 75' lang='grc' dir='ltr'>ὄντα</span> <span class='ocrx_word' id='word_1_539' title='bbox 1942 5598 2060 5641; x_wconf 85' lang='grc' dir='ltr'>πᾶσ.</span> 
     </span>
     <span class='ocr_line' id='line_1_65' title="bbox 399 5658 1470 5700; baseline 0 0"><span class='ocrx_word' id='word_1_540' title='bbox 399 5661 480 5700; x_wconf 62' lang='lat' dir='ltr'>da).</span> <span class='ocrx_word' id='word_1_541' title='bbox 501 5674 546 5700; x_wconf 81' lang='grc' dir='ltr'>τ.</span> <span class='ocrx_word' id='word_1_542' title='bbox 572 5662 749 5700; x_wconf 37' lang='lat' dir='ltr'>Sami-</span> <span class='ocrx_word' id='word_1_543' title='bbox 771 5660 849 5700; x_wconf 70' lang='grc' dir='ltr'>διὰ</span> <span class='ocrx_word' id='word_1_544' title='bbox 866 5658 953 5700; x_wconf 60' lang='grc' dir='ltr'>τὴν</span> <span class='ocrx_word' id='word_1_545' title='bbox 969 5673 1054 5700; x_wconf 85' lang='grc' dir='ltr'>του</span> <span class='ocrx_word' id='word_1_546' title='bbox 1077 5669 1270 5700; x_wconf 82' lang='grc' dir='ltr'>πατοος.</span> <span class='ocrx_word' id='word_1_547' title='bbox 1289 5669 1337 5700; x_wconf 76' lang='grc' dir='ltr'>κ.</span> <span class='ocrx_word' id='word_1_548' title='bbox 1358 5669 1403 5700; x_wconf 89' lang='grc' dir='ltr'>τ.</span> <span class='ocrx_word' id='word_1_549' title='bbox 1458 5690 1470 5700; x_wconf 93' lang='grc'>.</span> 
     </span>
    </p>
   </div>
   <div class='ocr_carea' id='block_1_65' title="bbox 396 5658 2063 5796">
    <p class='ocr_par' dir='ltr' id='par_1_65' title="bbox 396 5658 2063 5796">
     <span class='ocr_line' id='line_1_66' title="bbox 396 5658 1507 5720; baseline -0.003 -16"><span class='ocrx_word' id='word_1_550' title='bbox 396 5658 480 5717; x_wconf 84' lang='grc' dir='ltr'>ἀφ.</span> <span class='ocrx_word' id='word_1_551' title='bbox 501 5674 546 5704; x_wconf 87' lang='grc' dir='ltr'>τ.</span> <span class='ocrx_word' id='word_1_552' title='bbox 572 5658 751 5720; x_wconf 66' lang='grc' dir='ltr'>βασιλᾷ</span> <span class='ocrx_word' id='word_1_553' title='bbox 771 5660 849 5709; x_wconf 82' lang='grc' dir='ltr'>διὰ</span> <span class='ocrx_word' id='word_1_554' title='bbox 866 5658 953 5717; x_wconf 85' lang='grc' dir='ltr'>τὴν</span> <span class='ocrx_word' id='word_1_555' title='bbox 969 5658 1054 5705; x_wconf 84' lang='grc' dir='ltr'>τοῦ</span> <span class='ocrx_word' id='word_1_556' title='bbox 1077 5658 1270 5717; x_wconf 85' lang='grc' dir='ltr'>πατρός,</span> <span class='ocrx_word' id='word_1_557' title='bbox 1289 5669 1337 5700; x_wconf 90' lang='grc' dir='ltr'>κ.</span> <span class='ocrx_word' id='word_1_558' title='bbox 1358 5669 1403 5701; x_wconf 93' lang='grc' dir='ltr'>τ.</span> <span class='ocrx_word' id='word_1_559' title='bbox 1425 5658 1470 5701; x_wconf 88' lang='grc' dir='ltr'>λ.</span> <span class='ocrx_word' id='word_1_560' title='bbox 1504 5704 1507 5707; x_wconf 29' lang='grc' dir='ltr'><em>ν</em></span> 
     </span>
     <span class='ocr_line' id='line_1_67' title="bbox 453 5714 2063 5796; baseline 0.002 -3"><span class='ocrx_word' id='word_1_561' title='bbox 453 5717 491 5793; x_wconf 66' lang='grc' dir='ltr'>,τι</span> <span class='ocrx_word' id='word_1_562' title='bbox 518 5718 691 5779; x_wconf 60' lang='lat' dir='ltr'>Pw&quot;</span> <span class='ocrx_word' id='word_1_563' title='bbox 709 5722 759 5796; x_wconf 68' lang='lat' dir='ltr'>in</span> <span class='ocrx_word' id='word_1_564' title='bbox 783 5720 1007 5796; x_wconf 61' lang='grc' dir='ltr'>εηιτείηρ</span> <span class='ocrx_word' id='word_1_565' title='bbox 1028 5716 1179 5796; x_wconf 53' lang='lat' dir='ltr'><strong>Sat/it-</strong></span> <span class='ocrx_word' id='word_1_566' title='bbox 1200 5714 1857 5796; x_wconf 47' lang='grc' dir='ltr'>ἓνεὲξεισῖτέςκνίιητιιῑτὲ</span> <span class='ocrx_word' id='word_1_567' title='bbox 1880 5715 2063 5796; x_wconf 65' lang='grc' dir='ltr'>δξὲξτξῖε</span> 
     </span>
    </p>
   </div>
   <div class='ocr_carea' id='block_1_66' title="bbox 399 5776 2065 5902">
    <p class='ocr_par' dir='ltr' id='par_1_66' title="bbox 399 5776 2065 5902">
     <span class='ocr_line' id='line_1_68' title="bbox 399 5776 2065 5846; baseline -0.001 -18"><span class='ocrx_word' id='word_1_568' title='bbox 399 5776 755 5841; x_wconf 26' lang='grc' dir='ltr'>σώματοςθπρὸς</span> <span class='ocrx_word' id='word_1_569' title='bbox 778 5784 811 5829; x_wconf 80' lang='grc' dir='ltr'>ἃ</span> <span class='ocrx_word' id='word_1_570' title='bbox 847 5776 1057 5846; x_wconf 73' lang='grc' dir='ltr'>ἔπραξεν,</span> <span class='ocrx_word' id='word_1_571' title='bbox 1079 5780 1174 5828; x_wconf 79' lang='grc' dir='ltr'>εἴτε</span> <span class='ocrx_word' id='word_1_572' title='bbox 1203 5776 1393 5839; x_wconf 85' lang='grc' dir='ltr'>ἀγαθὸν,</span> <span class='ocrx_word' id='word_1_573' title='bbox 1416 5778 1510 5825; x_wconf 70' lang='grc' dir='ltr'>εἶτε</span> <span class='ocrx_word' id='word_1_574' title='bbox 1546 5776 1709 5825; x_wconf 85' lang='grc' dir='ltr'>κακόν.</span> <span class='ocrx_word' id='word_1_575' title='bbox 1739 5776 1852 5826; x_wconf 80' lang='lat' dir='ltr'>Mox</span> <span class='ocrx_word' id='word_1_576' title='bbox 1893 5790 2065 5827; x_wconf 86' lang='lat' dir='ltr'><strong>omnes</strong></span> 
     </span>
     <span class='ocr_line' id='line_1_69' title="bbox 400 5838 2065 5902; baseline 0 -12"><span class='ocrx_word' id='word_1_577' title='bbox 400 5842 583 5891; x_wconf 87' lang='lat' dir='ltr'><strong>habent</strong></span> <span class='ocrx_word' id='word_1_578' title='bbox 601 5843 905 5902; x_wconf 82' lang='grc' dir='ltr'>ἁθετούμενος</span> <span class='ocrx_word' id='word_1_579' title='bbox 926 5844 1019 5891; x_wconf 75' lang='grc' dir='ltr'>ὑπὸ</span> <span class='ocrx_word' id='word_1_580' title='bbox 1039 5840 1145 5891; x_wconf 81' lang='grc' dir='ltr'>σοῦ.</span> <span class='ocrx_word' id='word_1_581' title='bbox 1174 5839 1347 5890; x_wconf 72' lang='lat' dir='ltr'>Morel.</span> <span class='ocrx_word' id='word_1_582' title='bbox 1371 5838 1676 5901; x_wconf 82' lang='grc' dir='ltr'>άθετούμενος</span> <span class='ocrx_word' id='word_1_583' title='bbox 1694 5840 1825 5901; x_wconf 85' lang='grc' dir='ltr'>παρὰ</span> <span class='ocrx_word' id='word_1_584' title='bbox 1846 5838 1953 5889; x_wconf 84' lang='grc' dir='ltr'>σοῦ.</span> <span class='ocrx_word' id='word_1_585' title='bbox 1985 5841 2065 5890; x_wconf 88' lang='lat' dir='ltr'>In-</span> 
     </span>
    </p>
   </div>
   <div class='ocr_carea' id='block_1_67' title="bbox 400 5903 1338 5967">
    <p class='ocr_par' dir='ltr' id='par_1_67' title="bbox 400 5903 1338 5967">
     <span class='ocr_line' id='line_1_70' title="bbox 400 5903 1338 5967; baseline -0.004 -13"><span class='ocrx_word' id='word_1_586' title='bbox 400 5908 468 5955; x_wconf 83' lang='lat' dir='ltr'>fra</span> <span class='ocrx_word' id='word_1_587' title='bbox 494 5903 667 5967; x_wconf 48' lang='grc' dir='ltr'>δεινὶιζ</span> <span class='ocrx_word' id='word_1_588' title='bbox 672 5904 913 5967; x_wconf 77' lang='grc' dir='ltr'>φροντίδας</span> <span class='ocrx_word' id='word_1_589' title='bbox 933 5904 1338 5967; x_wconf 84' lang='grc' dir='ltr'>προφασισόμεθα.</span> 
     </span>
    </p>
   </div>
   <div class='ocr_carea' id='block_1_68' title="bbox 467 5920 2207 6027">
    <p class='ocr_par' dir='ltr' id='par_1_68' title="bbox 467 5920 2207 6027">
     <span class='ocr_line' id='line_1_71' title="bbox 467 5920 2207 6027; baseline -0.002 -12"><span class='ocrx_word' id='word_1_590' title='bbox 467 5920 1483 6027; x_wconf 42' lang='grc' dir='ltr'>ιδξζιιὲξπίτίιῗύιῗιῗξφοῦὲσῖῗῗὲῗγει-ο</span> <span class='ocrx_word' id='word_1_591' title='bbox 1517 5961 1797 6027; x_wconf 56' lang='grc' dir='ltr'>φοϐερὸνμῦ</span> <span class='ocrx_word' id='word_1_592' title='bbox 1824 5964 2061 6027; x_wconf 78' lang='grc' dir='ltr'>Θεόδωρε.</span> <span class='ocrx_word' id='word_1_593' title='bbox 2108 6006 2115 6021; x_wconf 81' lang='lat'>,</span> <span class='ocrx_word' id='word_1_594' title='bbox 2143 5920 2207 6002; x_wconf 63' lang='grc' dir='ltr'>πμ</span> 
     </span>
    </p>
   </div>
   <div class='ocr_carea' id='block_1_69' title="bbox 404 6024 2065 6089">
    <p class='ocr_par' dir='ltr' id='par_1_69' title="bbox 404 6024 2065 6089">
     <span class='ocr_line' id='line_1_72' title="bbox 404 6024 2065 6089; baseline -0.003 -10"><span class='ocrx_word' id='word_1_595' title='bbox 404 6030 576 6081; x_wconf 74' lang='lat' dir='ltr'><strong>Morel.</strong></span> <span class='ocrx_word' id='word_1_596' title='bbox 607 6026 802 6089; x_wconf 56' lang='grc' dir='ltr'>φοϐερὸν</span> <span class='ocrx_word' id='word_1_597' title='bbox 821 6024 921 6084; x_wconf 80' lang='grc' dir='ltr'>οὖν,</span> <span class='ocrx_word' id='word_1_598' title='bbox 945 6027 1182 6089; x_wconf 84' lang='grc' dir='ltr'>Θεόδωρε.</span> <span class='ocrx_word' id='word_1_599' title='bbox 1203 6026 1333 6078; x_wconf 78' lang='lat' dir='ltr'><strong>Infra</strong></span> <span class='ocrx_word' id='word_1_600' title='bbox 1357 6024 1938 6089; x_wconf 67' lang='grc' dir='ltr'>83νὶ1.’τετραχηλισμένα</span> <span class='ocrx_word' id='word_1_601' title='bbox 1964 6024 2065 6074; x_wconf 79' lang='grc' dir='ltr'>ἐστί</span> 
     </span>
    </p>
   </div>
   <div class='ocr_carea' id='block_1_70' title="bbox 402 6087 2066 6155">
    <p class='ocr_par' dir='ltr' id='par_1_70' title="bbox 402 6087 2066 6155">
     <span class='ocr_line' id='line_1_73' title="bbox 402 6087 2066 6155; baseline -0.001 -16"><span class='ocrx_word' id='word_1_602' title='bbox 402 6096 470 6141; x_wconf 63' lang='lat' dir='ltr'>re?)</span> <span class='ocrx_word' id='word_1_603' title='bbox 491 6087 750 6155; x_wconf 65' lang='grc' dir='ltr'>δικάζοντι..Δ</span> <span class='ocrx_word' id='word_1_604' title='bbox 764 6087 874 6155; x_wconf 77' lang='lat' dir='ltr'>Duq</span> <span class='ocrx_word' id='word_1_605' title='bbox 895 6099 1013 6155; x_wconf 85' lang='lat' dir='ltr'><strong>mss_.</strong></span> <span class='ocrx_word' id='word_1_606' title='bbox 1038 6087 1441 6155; x_wconf 54' lang='grc' dir='ltr'>τετραχηλισμένα</span> <span class='ocrx_word' id='word_1_607' title='bbox 1462 6090 1530 6155; x_wconf 82' lang='grc' dir='ltr'>τῷ</span> <span class='ocrx_word' id='word_1_608' title='bbox 1550 6087 1642 6138; x_wconf 78' lang='grc' dir='ltr'>δικ.</span> <span class='ocrx_word' id='word_1_609' title='bbox 1670 6087 1841 6137; x_wconf 76' lang='lat' dir='ltr'><strong>Morel.</strong></span> <span class='ocrx_word' id='word_1_610' title='bbox 1866 6091 1918 6135; x_wconf 77' lang='lat' dir='ltr'><strong>Ct</strong></span> <span class='ocrx_word' id='word_1_611' title='bbox 1940 6102 2066 6138; x_wconf 87' lang='lat' dir='ltr'><strong>unus</strong></span> 
     </span>
    </p>
   </div>
   <div class='ocr_carea' id='block_1_71' title="bbox 407 6148 1195 6215">
    <p class='ocr_par' dir='ltr' id='par_1_71' title="bbox 407 6148 1195 6215">
     <span class='ocr_line' id='line_1_74' title="bbox 407 6148 1195 6215; baseline -0.003 -16"><span class='ocrx_word' id='word_1_612' title='bbox 407 6156 508 6207; x_wconf 57' lang='grc' dir='ltr'>ωτι</span> <span class='ocrx_word' id='word_1_613' title='bbox 534 6149 931 6215; x_wconf 79' lang='grc' dir='ltr'>τετραχηλισμένα</span> <span class='ocrx_word' id='word_1_614' title='bbox 953 6148 1082 6213; x_wconf 80' lang='grc' dir='ltr'>αὐτῶ</span> <span class='ocrx_word' id='word_1_615' title='bbox 1104 6148 1195 6197; x_wconf 64' lang='grc' dir='ltr'>δικ,</span> 
     </span>
    </p>
   </div>
   <div class='ocr_carea' id='block_1_72' title="bbox 2138 812 3815 884">
    <p class='ocr_par' dir='ltr' id='par_1_72' title="bbox 2138 812 3815 884">
     <span class='ocr_line' id='line_1_75' title="bbox 2138 812 3815 884; baseline -0.004 -12"><span class='ocrx_word' id='word_1_616' title='bbox 2138 818 2237 872; x_wconf 78' lang='grc' dir='ltr'>καὶ</span> <span class='ocrx_word' id='word_1_617' title='bbox 2258 816 2538 882; x_wconf 79' lang='grc' dir='ltr'>ταπεινὸς</span> <span class='ocrx_word' id='word_1_618' title='bbox 2576 815 2652 884; x_wconf 74' lang='grc' dir='ltr'>τῇ</span> <span class='ocrx_word' id='word_1_619' title='bbox 2682 814 2922 883; x_wconf 76' lang='grc' dir='ltr'>καρδίῃ·</span> <span class='ocrx_word' id='word_1_620' title='bbox 2954 817 2985 866; x_wconf 85' lang='grc' dir='ltr'>ό</span> <span class='ocrx_word' id='word_1_621' title='bbox 3020 815 3129 882; x_wconf 72' lang='grc' dir='ltr'>γὰρ</span> <span class='ocrx_word' id='word_1_622' title='bbox 3160 812 3333 881; x_wconf 69' lang='grc' dir='ltr'>ζυγός</span> <span class='ocrx_word' id='word_1_623' title='bbox 3358 829 3478 879; x_wconf 83' lang='grc' dir='ltr'>μου</span> <span class='ocrx_word' id='word_1_624' title='bbox 3528 813 3815 880; x_wconf 80' lang='grc' dir='ltr'>χρηστὸς,</span> 
     </span>
    </p>
   </div>
   <div class='ocr_carea' id='block_1_73' title="bbox 2136 893 3814 969">
    <p class='ocr_par' dir='ltr' id='par_1_73' title="bbox 2136 893 3814 969">
     <span class='ocr_line' id='line_1_76' title="bbox 2136 893 3814 969; baseline -0.005 -13"><span class='ocrx_word' id='word_1_625' title='bbox 2136 900 2323 956; x_wconf 80' lang='grc' dir='ltr'>καὶτὸ</span> <span class='ocrx_word' id='word_1_626' title='bbox 2352 901 2599 969; x_wconf 72' lang='grc' dir='ltr'>φορτίον</span> <span class='ocrx_word' id='word_1_627' title='bbox 2643 916 2764 969; x_wconf 88' lang='grc' dir='ltr'>μου</span> <span class='ocrx_word' id='word_1_628' title='bbox 2812 898 3117 965; x_wconf 72' lang='grc' dir='ltr'>ἐλαφρόν.</span> <span class='ocrx_word' id='word_1_629' title='bbox 3160 898 3226 950; x_wconf 87' lang='grc' dir='ltr'>Τί</span> <span class='ocrx_word' id='word_1_630' title='bbox 3270 896 3378 964; x_wconf 78' lang='grc' dir='ltr'>γάρ</span> <span class='ocrx_word' id='word_1_631' title='bbox 3433 893 3814 966; x_wconf 82' lang='grc' dir='ltr'>ἐλαφρότερον.</span> 
     </span>
    </p>
   </div>
   <div class='ocr_carea' id='block_1_74' title="bbox 2138 977 3819 1056">
    <p class='ocr_par' dir='ltr' id='par_1_74' title="bbox 2138 977 3819 1056">
     <span class='ocr_line' id='line_1_77' title="bbox 2138 977 3819 1056; baseline -0.004 -16"><span class='ocrx_word' id='word_1_632' title='bbox 2138 986 2259 1041; x_wconf 90' lang='grc' dir='ltr'>είπέ</span> <span class='ocrx_word' id='word_1_633' title='bbox 2283 1001 2397 1056; x_wconf 91' lang='grc' dir='ltr'>μοι,</span> <span class='ocrx_word' id='word_1_634' title='bbox 2426 984 2519 1037; x_wconf 90' lang='grc' dir='ltr'>τοῦ</span> <span class='ocrx_word' id='word_1_635' title='bbox 2549 982 2849 1056; x_wconf 88' lang='grc' dir='ltr'>φροντίδων</span> <span class='ocrx_word' id='word_1_636' title='bbox 2879 981 2973 1033; x_wconf 78' lang='grc' dir='ltr'>καὶ</span> <span class='ocrx_word' id='word_1_637' title='bbox 3004 980 3345 1050; x_wconf 83' lang='grc' dir='ltr'>πραγμάτων</span> <span class='ocrx_word' id='word_1_638' title='bbox 3369 979 3465 1032; x_wconf 72' lang='grc' dir='ltr'>καὶ</span> <span class='ocrx_word' id='word_1_639' title='bbox 3487 977 3691 1048; x_wconf 90' lang='grc' dir='ltr'>φόϐων,</span> <span class='ocrx_word' id='word_1_640' title='bbox 3724 979 3819 1035; x_wconf 70' lang='grc' dir='ltr'>καὶ</span> 
     </span>
    </p>
   </div>
   <div class='ocr_carea' id='block_1_75' title="bbox 2140 1062 3819 1138">
    <p class='ocr_par' dir='ltr' id='par_1_75' title="bbox 2140 1062 3819 1138">
     <span class='ocr_line' id='line_1_78' title="bbox 2140 1062 3819 1138; baseline -0.006 -15"><span class='ocrx_word' id='word_1_641' title='bbox 2140 1069 2319 1123; x_wconf 86' lang='grc' dir='ltr'>πόνων</span> <span class='ocrx_word' id='word_1_642' title='bbox 2341 1066 2709 1138; x_wconf 85' lang='grc' dir='ltr'>ἀπηλλάχθαι,</span> <span class='ocrx_word' id='word_1_643' title='bbox 2740 1064 2941 1131; x_wconf 75' lang='grc' dir='ltr'>ἔξωθεν</span> <span class='ocrx_word' id='word_1_644' title='bbox 2991 1064 3049 1118; x_wconf 90' lang='grc' dir='ltr'>δέ</span> <span class='ocrx_word' id='word_1_645' title='bbox 3104 1062 3211 1114; x_wconf 89' lang='grc' dir='ltr'>τῶν</span> <span class='ocrx_word' id='word_1_646' title='bbox 3245 1062 3336 1114; x_wconf 90' lang='grc' dir='ltr'>τοῦ</span> <span class='ocrx_word' id='word_1_647' title='bbox 3398 1062 3515 1131; x_wconf 85' lang='grc' dir='ltr'>βίου</span> <span class='ocrx_word' id='word_1_648' title='bbox 3552 1062 3819 1132; x_wconf 87' lang='grc' dir='ltr'>κυμάτων</span> 
     </span>
    </p>
   </div>
   <div class='ocr_carea' id='block_1_76' title="bbox 2140 1144 3261 1219">
    <p class='ocr_par' dir='ltr' id='par_1_76' title="bbox 2140 1144 3261 1219">
     <span class='ocr_line' id='line_1_79' title="bbox 2140 1144 3261 1219; baseline -0.006 -16"><span class='ocrx_word' id='word_1_649' title='bbox 2140 1150 2382 1213; x_wconf 83' lang='grc' dir='ltr'>ἐστάναι,</span> <span class='ocrx_word' id='word_1_650' title='bbox 2405 1150 2497 1204; x_wconf 78' lang='grc' dir='ltr'>καὶ</span> <span class='ocrx_word' id='word_1_651' title='bbox 2528 1152 2586 1204; x_wconf 85' lang='grc' dir='ltr'>ἐν</span> <span class='ocrx_word' id='word_1_652' title='bbox 2616 1150 2777 1219; x_wconf 81' lang='grc' dir='ltr'>εὐδίῳ</span> <span class='ocrx_word' id='word_1_653' title='bbox 2801 1148 3010 1216; x_wconf 87' lang='grc' dir='ltr'>διάγειν</span> <span class='ocrx_word' id='word_1_654' title='bbox 3042 1144 3261 1216; x_wconf 83' lang='grc' dir='ltr'>λιμένι;</span> 
     </span>
    </p>
   </div>
   <div class='ocr_carea' id='block_1_77' title="bbox 2211 1225 3823 1301">
    <p class='ocr_par' dir='ltr' id='par_1_77' title="bbox 2211 1225 3823 1301">
     <span class='ocr_line' id='line_1_80' title="bbox 2211 1225 3823 1301; baseline -0.006 -14"><span class='ocrx_word' id='word_1_655' title='bbox 2211 1233 2353 1301; x_wconf 90' lang='grc' dir='ltr'>γ¹.Τί</span> <span class='ocrx_word' id='word_1_656' title='bbox 2381 1250 2463 1287; x_wconf 91' lang='grc' dir='ltr'>σοι</span> <span class='ocrx_word' id='word_1_657' title='bbox 2495 1233 2644 1286; x_wconf 87' lang='grc' dir='ltr'>δοκεῖ</span> <span class='ocrx_word' id='word_1_658' title='bbox 2670 1232 2779 1285; x_wconf 86' lang='grc' dir='ltr'>τῶν</span> <span class='ocrx_word' id='word_1_659' title='bbox 2796 1235 2853 1285; x_wconf 90' lang='grc' dir='ltr'>ἐν</span> <span class='ocrx_word' id='word_1_660' title='bbox 2868 1231 3059 1301; x_wconf 80' lang='grc' dir='ltr'>κόσμῳ</span> <span class='ocrx_word' id='word_1_661' title='bbox 3084 1228 3423 1300; x_wconf 78' lang='grc' dir='ltr'>μακαριστὸν</span> <span class='ocrx_word' id='word_1_662' title='bbox 3436 1225 3574 1282; x_wconf 78' lang='grc' dir='ltr'>εἶναι</span> <span class='ocrx_word' id='word_1_663' title='bbox 3605 1229 3700 1282; x_wconf 70' lang='grc' dir='ltr'>καὶ</span> <span class='ocrx_word' id='word_1_664' title='bbox 3728 1230 3823 1300; x_wconf 78' lang='grc' dir='ltr'>ζη-</span> 
     </span>
    </p>
   </div>
   <div class='ocr_carea' id='block_1_78' title="bbox 2141 1312 3823 1387">
    <p class='ocr_par' dir='ltr' id='par_1_78' title="bbox 2141 1312 3823 1387">
     <span class='ocr_line' id='line_1_81' title="bbox 2141 1312 3823 1387; baseline -0.001 -18"><span class='ocrx_word' id='word_1_665' title='bbox 2141 1316 2348 1384; x_wconf 84' lang='grc' dir='ltr'>λωτόν;</span> <span class='ocrx_word' id='word_1_666' title='bbox 2382 1317 2585 1387; x_wconf 78' lang='grc' dir='ltr'>Ἀρχὴν</span> <span class='ocrx_word' id='word_1_667' title='bbox 2627 1316 2846 1379; x_wconf 85' lang='grc' dir='ltr'>πάντως</span> <span class='ocrx_word' id='word_1_668' title='bbox 2887 1317 3034 1384; x_wconf 88' lang='grc' dir='ltr'>ἐρεῖς</span> <span class='ocrx_word' id='word_1_669' title='bbox 3067 1314 3163 1368; x_wconf 72' lang='grc' dir='ltr'>καὶ</span> <span class='ocrx_word' id='word_1_670' title='bbox 3193 1312 3432 1367; x_wconf 86' lang='grc' dir='ltr'>πλοῦτον</span> <span class='ocrx_word' id='word_1_671' title='bbox 3466 1314 3561 1368; x_wconf 69' lang='grc' dir='ltr'>καὶ</span> <span class='ocrx_word' id='word_1_672' title='bbox 3588 1314 3650 1367; x_wconf 87' lang='grc' dir='ltr'>τὸ</span> <span class='ocrx_word' id='word_1_673' title='bbox 3672 1314 3823 1383; x_wconf 87' lang='grc' dir='ltr'>παρὰ</span> 
     </span>
    </p>
   </div>
   <div class='ocr_carea' id='block_1_79' title="bbox 2142 1397 3824 1474">
    <p class='ocr_par' dir='ltr' id='par_1_79' title="bbox 2142 1397 3824 1474">
     <span class='ocr_line' id='line_1_82' title="bbox 2142 1397 3824 1474; baseline -0.006 -18"><span class='ocrx_word' id='word_1_674' title='bbox 2142 1400 2453 1474; x_wconf 85' lang='grc' dir='ltr'>ἀνθρώποις</span> <span class='ocrx_word' id='word_1_675' title='bbox 2481 1400 2811 1468; x_wconf 80' lang='grc' dir='ltr'>εὐδοκιμεῖν.</span> <span class='ocrx_word' id='word_1_676' title='bbox 2844 1400 2954 1451; x_wconf 75' lang='grc' dir='ltr'>Καὶ</span> <span class='ocrx_word' id='word_1_677' title='bbox 2992 1398 3045 1450; x_wconf 86' lang='grc' dir='ltr'>τί</span> <span class='ocrx_word' id='word_1_678' title='bbox 3090 1398 3296 1451; x_wconf 90' lang='grc' dir='ltr'>τούτων</span> <span class='ocrx_word' id='word_1_679' title='bbox 3316 1397 3668 1467; x_wconf 86' lang='grc' dir='ltr'>ἀθλιώτερον,</span> <span class='ocrx_word' id='word_1_680' title='bbox 3694 1398 3824 1449; x_wconf 84' lang='grc' dir='ltr'>ὅταν</span> 
     </span>
    </p>
   </div>
   <div class='ocr_carea' id='block_1_80' title="bbox 2146 1479 3824 1557">
    <p class='ocr_par' dir='ltr' id='par_1_80' title="bbox 2146 1479 3824 1557">
     <span class='ocr_line' id='line_1_83' title="bbox 2146 1479 3824 1557; baseline -0.005 -17"><span class='ocrx_word' id='word_1_681' title='bbox 2146 1485 2281 1556; x_wconf 81' lang='grc' dir='ltr'>πρὸς</span> <span class='ocrx_word' id='word_1_682' title='bbox 2310 1484 2410 1557; x_wconf 85' lang='grc' dir='ltr'>τὴν</span> <span class='ocrx_word' id='word_1_683' title='bbox 2445 1481 2787 1554; x_wconf 81' lang='grc' dir='ltr'>Χριστιανῶν</span> <span class='ocrx_word' id='word_1_684' title='bbox 2809 1481 3122 1553; x_wconf 88' lang='grc' dir='ltr'>ἐλευθερίαν</span> <span class='ocrx_word' id='word_1_685' title='bbox 3148 1483 3536 1553; x_wconf 85' lang='grc' dir='ltr'>συγκρίνηται;</span> <span class='ocrx_word' id='word_1_686' title='bbox 3766 1479 3824 1532; x_wconf 85' lang='lat'>&#39;0</span> 
     </span>
    </p>
   </div>
   <div class='ocr_carea' id='block_1_81' title="bbox 2147 1561 3826 1640">
    <p class='ocr_par' dir='ltr' id='par_1_81' title="bbox 2147 1561 3826 1640">
     <span class='ocr_line' id='line_1_84' title="bbox 2147 1561 3826 1640; baseline -0.005 -17"><span class='ocrx_word' id='word_1_687' title='bbox 2147 1570 2246 1640; x_wconf 82' lang='grc' dir='ltr'>μὲν</span> <span class='ocrx_word' id='word_1_688' title='bbox 2304 1568 2413 1639; x_wconf 84' lang='grc' dir='ltr'>γάρ</span> <span class='ocrx_word' id='word_1_689' title='bbox 2458 1568 2642 1638; x_wconf 80' lang='grc' dir='ltr'>ἄρχων</span> <span class='ocrx_word' id='word_1_690' title='bbox 2680 1566 2870 1637; x_wconf 84' lang='grc' dir='ltr'>δήμων</span> <span class='ocrx_word' id='word_1_691' title='bbox 2920 1564 3205 1618; x_wconf 85' lang='grc' dir='ltr'>ὑπόκειται</span> <span class='ocrx_word' id='word_1_692' title='bbox 3231 1564 3407 1636; x_wconf 82' lang='grc' dir='ltr'>θυμῷ,</span> <span class='ocrx_word' id='word_1_693' title='bbox 3463 1564 3556 1617; x_wconf 69' lang='grc' dir='ltr'>καὶ</span> <span class='ocrx_word' id='word_1_694' title='bbox 3590 1561 3826 1633; x_wconf 81' lang='grc' dir='ltr'>πλήθους</span> 
     </span>
    </p>
   </div>
   <div class='ocr_carea' id='block_1_82' title="bbox 2144 1647 3824 1724">
    <p class='ocr_par' dir='ltr' id='par_1_82' title="bbox 2144 1647 3824 1724">
     <span class='ocr_line' id='line_1_85' title="bbox 2144 1647 3824 1724; baseline -0.004 -19"><span class='ocrx_word' id='word_1_695' title='bbox 2144 1654 2341 1724; x_wconf 79' lang='grc' dir='ltr'>ὁρμαῖς</span> <span class='ocrx_word' id='word_1_696' title='bbox 2369 1652 2606 1721; x_wconf 91' lang='grc' dir='ltr'>ἀλόγοις,</span> <span class='ocrx_word' id='word_1_697' title='bbox 2645 1650 2796 1722; x_wconf 82' lang='grc' dir='ltr'>φόϐῳ</span> <span class='ocrx_word' id='word_1_698' title='bbox 2824 1667 2883 1704; x_wconf 90' lang='grc' dir='ltr'>τε</span> <span class='ocrx_word' id='word_1_699' title='bbox 2929 1649 3209 1721; x_wconf 89' lang='grc' dir='ltr'>ἀρχόντων</span> <span class='ocrx_word' id='word_1_700' title='bbox 3241 1647 3522 1717; x_wconf 79' lang='grc' dir='ltr'>μειζόνων,</span> <span class='ocrx_word' id='word_1_701' title='bbox 3564 1648 3659 1700; x_wconf 69' lang='grc' dir='ltr'>καὶ</span> <span class='ocrx_word' id='word_1_702' title='bbox 3702 1649 3824 1707; x_wconf 89' lang='grc' dir='ltr'>ταῖς</span> 
     </span>
    </p>
   </div>
   <div class='ocr_carea' id='block_1_83' title="bbox 2146 1732 3827 1807">
    <p class='ocr_par' dir='ltr' id='par_1_83' title="bbox 2146 1732 3827 1807">
     <span class='ocr_line' id='line_1_86' title="bbox 2146 1732 3827 1807; baseline -0.004 -18"><span class='ocrx_word' id='word_1_703' title='bbox 2146 1736 2289 1807; x_wconf 88' lang='grc' dir='ltr'>ὐπέρ</span> <span class='ocrx_word' id='word_1_704' title='bbox 2309 1736 2419 1789; x_wconf 91' lang='grc' dir='ltr'>τῶν</span> <span class='ocrx_word' id='word_1_705' title='bbox 2451 1735 2771 1806; x_wconf 81' lang='grc' dir='ltr'>ἀρχομένων</span> <span class='ocrx_word' id='word_1_706' title='bbox 2804 1734 3073 1805; x_wconf 89' lang='grc' dir='ltr'>φροντίσι,</span> <span class='ocrx_word' id='word_1_707' title='bbox 3103 1734 3251 1786; x_wconf 82' lang='grc' dir='ltr'>καὶὸ</span> <span class='ocrx_word' id='word_1_708' title='bbox 3294 1732 3420 1802; x_wconf 83' lang='grc' dir='ltr'>χθὲς</span> <span class='ocrx_word' id='word_1_709' title='bbox 3445 1733 3627 1803; x_wconf 80' lang='grc' dir='ltr'>ἄρχων</span> <span class='ocrx_word' id='word_1_710' title='bbox 3657 1732 3827 1800; x_wconf 87' lang='grc' dir='ltr'>σήμε-</span> 
     </span>
    </p>
   </div>
   <div class='ocr_carea' id='block_1_84' title="bbox 2151 1814 3823 1889">
    <p class='ocr_par' dir='ltr' id='par_1_84' title="bbox 2151 1814 3823 1889">
     <span class='ocr_line' id='line_1_87' title="bbox 2151 1814 3823 1889; baseline -0.003 -17"><span class='ocrx_word' id='word_1_711' title='bbox 2151 1836 2244 1887; x_wconf 87' lang='grc' dir='ltr'>ρον</span> <span class='ocrx_word' id='word_1_712' title='bbox 2274 1817 2526 1889; x_wconf 75' lang='grc' dir='ltr'>ἰδιώτης’</span> <span class='ocrx_word' id='word_1_713' title='bbox 2560 1818 2766 1888; x_wconf 84' lang='grc' dir='ltr'>σκηνῆς</span> <span class='ocrx_word' id='word_1_714' title='bbox 2788 1817 2897 1887; x_wconf 84' lang='grc' dir='ltr'>γὰρ</span> <span class='ocrx_word' id='word_1_715' title='bbox 2929 1817 3081 1869; x_wconf 84' lang='grc' dir='ltr'>οὐδὲν</span> <span class='ocrx_word' id='word_1_716' title='bbox 3115 1818 3145 1869; x_wconf 91' lang='lat'>6</span> <span class='ocrx_word' id='word_1_717' title='bbox 3184 1815 3373 1887; x_wconf 82' lang='grc' dir='ltr'>παρὼν</span> <span class='ocrx_word' id='word_1_718' title='bbox 3391 1814 3663 1887; x_wconf 83' lang='grc' dir='ltr'>διενήνοχε</span> <span class='ocrx_word' id='word_1_719' title='bbox 3689 1814 3823 1885; x_wconf 86' lang='grc' dir='ltr'>βίος·</span> 
     </span>
    </p>
   </div>
   <div class='ocr_carea' id='block_1_85' title="bbox 2145 1890 3828 1970">
    <p class='ocr_par' dir='ltr' id='par_1_85' title="bbox 2145 1890 3828 1970">
     <span class='ocr_line' id='line_1_88' title="bbox 2145 1890 3828 1970; baseline -0.004 -15"><span class='ocrx_word' id='word_1_720' title='bbox 2145 1899 2287 1955; x_wconf 83' lang='grc' dir='ltr'>ἀλλά</span> <span class='ocrx_word' id='word_1_721' title='bbox 2315 1899 2569 1970; x_wconf 81' lang='grc' dir='ltr'>καθάπερ</span> <span class='ocrx_word' id='word_1_722' title='bbox 2612 1900 2731 1953; x_wconf 85' lang='grc' dir='ltr'>ἐκεῖ</span> <span class='ocrx_word' id='word_1_723' title='bbox 2760 1897 3026 1970; x_wconf 86' lang='grc' dir='ltr'>βασιλέως</span> <span class='ocrx_word' id='word_1_724' title='bbox 3059 1899 3159 1968; x_wconf 82' lang='grc' dir='ltr'>μὲν</span> <span class='ocrx_word' id='word_1_725' title='bbox 3193 1890 3380 1961; x_wconf 71' lang='grc' dir='ltr'>οὗτος,</span> <span class='ocrx_word' id='word_1_726' title='bbox 3434 1895 3742 1968; x_wconf 88' lang='grc' dir='ltr'>στρατηγοῦ</span> <span class='ocrx_word' id='word_1_727' title='bbox 3770 1897 3828 1949; x_wconf 85' lang='grc' dir='ltr'>δὲ</span> 
     </span>
    </p>
   </div>
   <div class='ocr_carea' id='block_1_86' title="bbox 2150 1979 3827 2054">
    <p class='ocr_par' dir='ltr' id='par_1_86' title="bbox 2150 1979 3827 2054">
     <span class='ocr_line' id='line_1_89' title="bbox 2150 1979 3827 2054; baseline -0.004 -17"><span class='ocrx_word' id='word_1_728' title='bbox 2150 1986 2389 2048; x_wconf 89' lang='grc' dir='ltr'>ἐκεῖνος,</span> <span class='ocrx_word' id='word_1_729' title='bbox 2443 1984 2632 2054; x_wconf 78' lang='grc' dir='ltr'>ἕτερος</span> <span class='ocrx_word' id='word_1_730' title='bbox 2665 1983 2721 2036; x_wconf 87' lang='grc' dir='ltr'>δὲ</span> <span class='ocrx_word' id='word_1_731' title='bbox 2755 1980 3092 2054; x_wconf 89' lang='grc' dir='ltr'>στρατιώτου</span> <span class='ocrx_word' id='word_1_732' title='bbox 3151 1980 3306 2047; x_wconf 82' lang='grc' dir='ltr'>τάξιν</span> <span class='ocrx_word' id='word_1_733' title='bbox 3356 1979 3575 2051; x_wconf 87' lang='grc' dir='ltr'>πληροῖ,</span> <span class='ocrx_word' id='word_1_734' title='bbox 3632 1980 3729 2049; x_wconf 92' lang='grc' dir='ltr'>τῆς</span> <span class='ocrx_word' id='word_1_735' title='bbox 3770 1980 3827 2032; x_wconf 79' lang='grc' dir='ltr'>δὲ</span> 
     </span>
    </p>
   </div>
   <div class='ocr_carea' id='block_1_87' title="bbox 2150 2062 3828 2139">
    <p class='ocr_par' dir='ltr' id='par_1_87' title="bbox 2150 2062 3828 2139">
     <span class='ocr_line' id='line_1_90' title="bbox 2150 2062 3828 2139; baseline -0.004 -19"><span class='ocrx_word' id='word_1_736' title='bbox 2150 2066 2388 2139; x_wconf 78' lang='grc' dir='ltr'>ἑσπέρας</span> <span class='ocrx_word' id='word_1_737' title='bbox 2417 2065 2855 2137; x_wconf 85' lang='grc' dir='ltr'>καταλαϐούσης,</span> <span class='ocrx_word' id='word_1_738' title='bbox 2896 2064 3021 2119; x_wconf 84' lang='grc' dir='ltr'>οὐτε</span> <span class='ocrx_word' id='word_1_739' title='bbox 3052 2064 3307 2136; x_wconf 84' lang='grc' dir='ltr'>βασιλεὺς</span> <span class='ocrx_word' id='word_1_740' title='bbox 3342 2066 3371 2116; x_wconf 86' lang='lat'>6</span> <span class='ocrx_word' id='word_1_741' title='bbox 3398 2063 3673 2134; x_wconf 80' lang='grc' dir='ltr'>βασιλεὺς,</span> <span class='ocrx_word' id='word_1_742' title='bbox 3704 2062 3828 2115; x_wconf 82' lang='grc' dir='ltr'>οὐτε</span> 
     </span>
    </p>
   </div>
   <div class='ocr_carea' id='block_1_88' title="bbox 2151 2145 3830 2222">
    <p class='ocr_par' dir='ltr' id='par_1_88' title="bbox 2151 2145 3830 2222">
     <span class='ocr_line' id='line_1_91' title="bbox 2151 2145 3830 2222; baseline -0.005 -17"><span class='ocrx_word' id='word_1_743' title='bbox 2151 2151 2333 2222; x_wconf 75' lang='grc' dir='ltr'>ἄρχων</span> <span class='ocrx_word' id='word_1_744' title='bbox 2363 2152 2393 2204; x_wconf 91' lang='lat'>6</span> <span class='ocrx_word' id='word_1_745' title='bbox 2418 2149 2625 2219; x_wconf 78' lang='grc' dir='ltr'>ἄρχων,</span> <span class='ocrx_word' id='word_1_746' title='bbox 2654 2148 2776 2201; x_wconf 82' lang='grc' dir='ltr'>οὐτε</span> <span class='ocrx_word' id='word_1_747' title='bbox 2799 2151 2827 2200; x_wconf 90' lang='lat'>6</span> <span class='ocrx_word' id='word_1_748' title='bbox 2853 2150 3154 2218; x_wconf 84' lang='grc' dir='ltr'>στρατηγὸς</span> <span class='ocrx_word' id='word_1_749' title='bbox 3184 2146 3491 2219; x_wconf 81' lang='grc' dir='ltr'>στρατηγὸς</span> <span class='ocrx_word' id='word_1_750' title='bbox 3515 2187 3530 2210; x_wconf 96' lang='grc'>,</span> <span class='ocrx_word' id='word_1_751' title='bbox 3569 2145 3712 2198; x_wconf 79' lang='grc' dir='ltr'>οὕτω</span> <span class='ocrx_word' id='word_1_752' title='bbox 3734 2147 3830 2198; x_wconf 77' lang='grc' dir='ltr'>καὶ</span> 
     </span>
    </p>
   </div>
   <div class='ocr_carea' id='block_1_89' title="bbox 2152 2226 3833 2305">
    <p class='ocr_par' dir='ltr' id='par_1_89' title="bbox 2152 2226 3833 2305">
     <span class='ocr_line' id='line_1_92' title="bbox 2152 2226 3833 2305; baseline -0.004 -19"><span class='ocrx_word' id='word_1_753' title='bbox 2152 2234 2211 2287; x_wconf 83' lang='grc' dir='ltr'>ἐν</span> <span class='ocrx_word' id='word_1_754' title='bbox 2236 2234 2422 2305; x_wconf 85' lang='grc' dir='ltr'>ἐκείνῃ</span> <span class='ocrx_word' id='word_1_755' title='bbox 2447 2234 2514 2303; x_wconf 85' lang='grc' dir='ltr'>τῇ</span> <span class='ocrx_word' id='word_1_756' title='bbox 2544 2231 2753 2303; x_wconf 73' lang='grc' dir='ltr'>ἡμέρα,</span> <span class='ocrx_word' id='word_1_757' title='bbox 2794 2231 2896 2285; x_wconf 90' lang='grc' dir='ltr'>οὐκ</span> <span class='ocrx_word' id='word_1_758' title='bbox 2949 2230 3056 2284; x_wconf 79' lang='grc' dir='ltr'>ἀπὸ</span> <span class='ocrx_word' id='word_1_759' title='bbox 3087 2230 3184 2283; x_wconf 92' lang='grc' dir='ltr'>τοῦ</span> <span class='ocrx_word' id='word_1_760' title='bbox 3208 2230 3527 2301; x_wconf 82' lang='grc' dir='ltr'>προσώπου,</span> <span class='ocrx_word' id='word_1_761' title='bbox 3576 2228 3693 2282; x_wconf 90' lang='grc' dir='ltr'>ἀλλ’</span> <span class='ocrx_word' id='word_1_762' title='bbox 3722 2226 3833 2281; x_wconf 72' lang='grc' dir='ltr'>ἀπὸ</span> 
     </span>
    </p>
   </div>
   <div class='ocr_carea' id='block_1_90' title="bbox 2152 2310 3833 2385">
    <p class='ocr_par' dir='ltr' id='par_1_90' title="bbox 2152 2310 3833 2385">
     <span class='ocr_line' id='line_1_93' title="bbox 2152 2310 3833 2385; baseline -0.004 -17"><span class='ocrx_word' id='word_1_763' title='bbox 2152 2317 2260 2369; x_wconf 88' lang='grc' dir='ltr'>τῶν</span> <span class='ocrx_word' id='word_1_764' title='bbox 2287 2315 2466 2385; x_wconf 79' lang='grc' dir='ltr'>ἔργων</span> <span class='ocrx_word' id='word_1_765' title='bbox 2504 2315 2735 2377; x_wconf 78' lang='grc' dir='ltr'>ἕκαστος</span> <span class='ocrx_word' id='word_1_766' title='bbox 2767 2312 2998 2385; x_wconf 79' lang='grc' dir='ltr'>λήψεται</span> <span class='ocrx_word' id='word_1_767' title='bbox 3026 2312 3125 2383; x_wconf 83' lang='grc' dir='ltr'>τήν</span> <span class='ocrx_word' id='word_1_768' title='bbox 3180 2312 3339 2380; x_wconf 80' lang='grc' dir='ltr'>ἀξίαν</span> <span class='ocrx_word' id='word_1_769' title='bbox 3372 2311 3628 2384; x_wconf 82' lang='grc' dir='ltr'>ἀμοιϐήν.</span> <span class='ocrx_word' id='word_1_770' title='bbox 3670 2310 3833 2363; x_wconf 83' lang='grc' dir='ltr'>Ἀλλά</span> 
     </span>
    </p>
   </div>
   <div class='ocr_carea' id='block_1_91' title="bbox 2154 2393 3830 2469">
    <p class='ocr_par' dir='ltr' id='par_1_91' title="bbox 2154 2393 3830 2469">
     <span class='ocr_line' id='line_1_94' title="bbox 2154 2393 3830 2469; baseline -0.004 -18"><span class='ocrx_word' id='word_1_771' title='bbox 2154 2397 2281 2462; x_wconf 81' lang='grc' dir='ltr'>δόξα</span> <span class='ocrx_word' id='word_1_772' title='bbox 2294 2398 2497 2467; x_wconf 85' lang='grc' dir='ltr'>τίμιον,</span> <span class='ocrx_word' id='word_1_773' title='bbox 2517 2395 2579 2449; x_wconf 80' lang='grc' dir='ltr'>τὸ</span> <span class='ocrx_word' id='word_1_774' title='bbox 2602 2399 2943 2450; x_wconf 88' lang='grc' dir='ltr'>καταπῖπτον</span> <span class='ocrx_word' id='word_1_775' title='bbox 2956 2395 3031 2459; x_wconf 87' lang='grc' dir='ltr'>ὼς</span> <span class='ocrx_word' id='word_1_776' title='bbox 3045 2396 3205 2459; x_wconf 78' lang='grc' dir='ltr'>ἄνθος</span> <span class='ocrx_word' id='word_1_777' title='bbox 3224 2396 3419 2469; x_wconf 86' lang='grc' dir='ltr'>χόρτου</span> <span class='ocrx_word' id='word_1_778' title='bbox 3442 2412 3455 2461; x_wconf 92' lang='grc'><strong>;</strong></span> <span class='ocrx_word' id='word_1_779' title='bbox 3476 2394 3636 2448; x_wconf 83' lang='grc' dir='ltr'>Ἀλλά</span> <span class='ocrx_word' id='word_1_780' title='bbox 3665 2393 3830 2446; x_wconf 84' lang='grc' dir='ltr'>πλοῦ-</span> 
     </span>
    </p>
   </div>
   <div class='ocr_carea' id='block_1_92' title="bbox 2154 2475 3828 2549">
    <p class='ocr_par' dir='ltr' id='par_1_92' title="bbox 2154 2475 3828 2549">
     <span class='ocr_line' id='line_1_95' title="bbox 2154 2475 3828 2549; baseline -0.002 -18"><span class='ocrx_word' id='word_1_781' title='bbox 2154 2496 2277 2542; x_wconf 90' lang='grc' dir='ltr'>τος,</span> <span class='ocrx_word' id='word_1_782' title='bbox 2327 2478 2386 2531; x_wconf 84' lang='grc' dir='ltr'>ὃν</span> <span class='ocrx_word' id='word_1_783' title='bbox 2414 2480 2464 2531; x_wconf 88' lang='grc' dir='ltr'>οί</span> <span class='ocrx_word' id='word_1_784' title='bbox 2516 2477 2846 2547; x_wconf 82' lang='grc' dir='ltr'>κεκτημένοι</span> <span class='ocrx_word' id='word_1_785' title='bbox 2885 2476 3463 2543; x_wconf 78' lang='grc' dir='ltr'>ταλανίζονται;οὺαί</span> <span class='ocrx_word' id='word_1_786' title='bbox 3487 2478 3619 2549; x_wconf 87' lang='grc' dir='ltr'>γάρ,</span> <span class='ocrx_word' id='word_1_787' title='bbox 3672 2475 3828 2545; x_wconf 76' lang='grc' dir='ltr'>φησὶ,</span> 
     </span>
    </p>
   </div>
   <div class='ocr_carea' id='block_1_93' title="bbox 2157 2556 3833 2625">
    <p class='ocr_par' dir='ltr' id='par_1_93' title="bbox 2157 2556 3833 2625">
     <span class='ocr_line' id='line_1_96' title="bbox 2157 2556 3833 2625; baseline -0.003 -11"><span class='ocrx_word' id='word_1_788' title='bbox 2157 2559 2282 2625; x_wconf 87' lang='grc' dir='ltr'>τοῖς</span> <span class='ocrx_word' id='word_1_789' title='bbox 2327 2559 2650 2624; x_wconf 74' lang='grc' dir='ltr'>πλουσίοις</span> <span class='ocrx_word' id='word_1_790' title='bbox 2671 2575 2685 2587; x_wconf 75' lang='grc' dir='ltr'><strong>ο</strong></span> <span class='ocrx_word' id='word_1_791' title='bbox 2735 2559 2829 2611; x_wconf 80' lang='grc' dir='ltr'>καὶ</span> <span class='ocrx_word' id='word_1_792' title='bbox 2849 2558 3029 2623; x_wconf 87' lang='grc' dir='ltr'>πάλιν,</span> <span class='ocrx_word' id='word_1_793' title='bbox 3076 2558 3223 2613; x_wconf 83' lang='grc' dir='ltr'>Οὺαί</span> <span class='ocrx_word' id='word_1_794' title='bbox 3253 2562 3308 2612; x_wconf 82' lang='grc' dir='ltr'>οἱ</span> <span class='ocrx_word' id='word_1_795' title='bbox 3357 2561 3705 2624; x_wconf 83' lang='grc' dir='ltr'>πεποιθότες</span> <span class='ocrx_word' id='word_1_796' title='bbox 3732 2556 3833 2611; x_wconf 77' lang='grc' dir='ltr'>ἐπὶ</span> 
     </span>
    </p>
   </div>
   <div class='ocr_carea' id='block_1_94' title="bbox 2158 2639 3832 2710">
    <p class='ocr_par' dir='ltr' id='par_1_94' title="bbox 2158 2639 3832 2710">
     <span class='ocr_line' id='line_1_97' title="bbox 2158 2639 3832 2710; baseline -0.001 -15"><span class='ocrx_word' id='word_1_797' title='bbox 2158 2639 2233 2709; x_wconf 80' lang='grc' dir='ltr'>τῇ</span> <span class='ocrx_word' id='word_1_798' title='bbox 2274 2639 2524 2710; x_wconf 80' lang='grc' dir='ltr'>δυνάμει</span> <span class='ocrx_word' id='word_1_799' title='bbox 2571 2639 2791 2705; x_wconf 84' lang='grc' dir='ltr'>αὐτῶν,</span> <span class='ocrx_word' id='word_1_800' title='bbox 2825 2640 2925 2695; x_wconf 79' lang='grc' dir='ltr'>καὶ</span> <span class='ocrx_word' id='word_1_801' title='bbox 2946 2640 3046 2694; x_wconf 82' lang='grc' dir='ltr'>ἐπί</span> <span class='ocrx_word' id='word_1_802' title='bbox 3067 2639 3148 2707; x_wconf 83' lang='grc' dir='ltr'>τῷ</span> <span class='ocrx_word' id='word_1_803' title='bbox 3172 2641 3387 2709; x_wconf 75' lang='grc' dir='ltr'>πλήθει</span> <span class='ocrx_word' id='word_1_804' title='bbox 3431 2641 3538 2696; x_wconf 89' lang='grc' dir='ltr'>τοῦ</span> <span class='ocrx_word' id='word_1_805' title='bbox 3567 2642 3832 2695; x_wconf 80' lang='grc' dir='ltr'>πλούτου</span> 
     </span>
    </p>
   </div>
   <div class='ocr_carea' id='block_1_95' title="bbox 2158 2724 3832 2795">
    <p class='ocr_par' dir='ltr' id='par_1_95' title="bbox 2158 2724 3832 2795">
     <span class='ocr_line' id='line_1_98' title="bbox 2158 2724 3832 2795; baseline -0.001 -16"><span class='ocrx_word' id='word_1_806' title='bbox 2158 2724 2358 2779; x_wconf 84' lang='grc' dir='ltr'>αὐτῶν</span> <span class='ocrx_word' id='word_1_807' title='bbox 2386 2724 2753 2795; x_wconf 84' lang='grc' dir='ltr'>καυχώμενοι</span> <span class='ocrx_word' id='word_1_808' title='bbox 2785 2725 2806 2779; x_wconf 86' lang='lat'><strong>.&#39;</strong></span> <span class='ocrx_word' id='word_1_809' title='bbox 2833 2725 2891 2779; x_wconf 86' lang='grc'>’0</span> <span class='ocrx_word' id='word_1_810' title='bbox 2922 2724 3247 2795; x_wconf 80' lang='grc' dir='ltr'>Χριστιανὸς</span> <span class='ocrx_word' id='word_1_811' title='bbox 3279 2724 3534 2778; x_wconf 88' lang='grc' dir='ltr'>οὐδέποτε</span> <span class='ocrx_word' id='word_1_812' title='bbox 3553 2726 3613 2792; x_wconf 81' lang='grc' dir='ltr'>ἐξ</span> <span class='ocrx_word' id='word_1_813' title='bbox 3641 2725 3832 2794; x_wconf 79' lang='grc' dir='ltr'>ἄρχον-</span> 
     </span>
    </p>
   </div>
   <div class='ocr_carea' id='block_1_96' title="bbox 2156 2803 3834 2876">
    <p class='ocr_par' dir='ltr' id='par_1_96' title="bbox 2156 2803 3834 2876">
     <span class='ocr_line' id='line_1_99' title="bbox 2156 2803 3834 2876; baseline -0.002 -17"><span class='ocrx_word' id='word_1_814' title='bbox 2156 2823 2248 2870; x_wconf 91' lang='grc' dir='ltr'>τος</span> <span class='ocrx_word' id='word_1_815' title='bbox 2280 2804 2493 2876; x_wconf 80' lang='grc' dir='ltr'>ἰδιώτης</span> <span class='ocrx_word' id='word_1_816' title='bbox 2518 2804 2884 2872; x_wconf 85' lang='grc' dir='ltr'>γίνεται,οὐδὲ</span> <span class='ocrx_word' id='word_1_817' title='bbox 2917 2804 3024 2857; x_wconf 86' lang='grc' dir='ltr'>ἀπὸ</span> <span class='ocrx_word' id='word_1_818' title='bbox 3044 2803 3298 2857; x_wconf 88' lang='grc' dir='ltr'>πλουσίου</span> <span class='ocrx_word' id='word_1_819' title='bbox 3335 2804 3525 2874; x_wconf 80' lang='grc' dir='ltr'>πένης,</span> <span class='ocrx_word' id='word_1_820' title='bbox 3553 2804 3675 2857; x_wconf 83' lang='grc' dir='ltr'>οὐδὲ</span> <span class='ocrx_word' id='word_1_821' title='bbox 3709 2803 3834 2857; x_wconf 81' lang='grc' dir='ltr'>ἀδο-</span> 
     </span>
    </p>
   </div>
   <div class='ocr_carea' id='block_1_97' title="bbox 2161 2882 3831 2954">
    <p class='ocr_par' dir='ltr' id='par_1_97' title="bbox 2161 2882 3831 2954">
     <span class='ocr_line' id='line_1_100' title="bbox 2161 2882 3831 2954; baseline -0.001 -18"><span class='ocrx_word' id='word_1_822' title='bbox 2161 2883 2249 2947; x_wconf 84' lang='grc' dir='ltr'>ξος</span> <span class='ocrx_word' id='word_1_823' title='bbox 2287 2884 2396 2937; x_wconf 84' lang='grc' dir='ltr'>ἀπὸ</span> <span class='ocrx_word' id='word_1_824' title='bbox 2429 2884 2638 2949; x_wconf 80' lang='grc' dir='ltr'>ἐνδόξου</span> <span class='ocrx_word' id='word_1_825' title='bbox 2663 2901 2675 2911; x_wconf 88' lang='grc'><strong>·</strong></span> <span class='ocrx_word' id='word_1_826' title='bbox 2714 2885 2850 2937; x_wconf 85' lang='grc' dir='ltr'>ἀλλά</span> <span class='ocrx_word' id='word_1_827' title='bbox 2904 2884 3058 2953; x_wconf 81' lang='grc' dir='ltr'>μένει</span> <span class='ocrx_word' id='word_1_828' title='bbox 3096 2882 3345 2935; x_wconf 81' lang='grc' dir='ltr'>πλουτῶν</span> <span class='ocrx_word' id='word_1_829' title='bbox 3395 2884 3527 2936; x_wconf 82' lang='grc' dir='ltr'>ὅταν</span> <span class='ocrx_word' id='word_1_830' title='bbox 3555 2884 3831 2954; x_wconf 85' lang='grc' dir='ltr'>πτωχεύῃ,</span> 
     </span>
    </p>
   </div>
   <div class='ocr_carea' id='block_1_98' title="bbox 2160 2961 3835 3033">
    <p class='ocr_par' dir='ltr' id='par_1_98' title="bbox 2160 2961 3835 3033">
     <span class='ocr_line' id='line_1_101' title="bbox 2160 2961 3835 3033; baseline -0.001 -18"><span class='ocrx_word' id='word_1_831' title='bbox 2160 2963 2255 3015; x_wconf 72' lang='grc' dir='ltr'>καὶ</span> <span class='ocrx_word' id='word_1_832' title='bbox 2279 2963 2504 3032; x_wconf 77' lang='grc' dir='ltr'>ὑψοῦται</span> <span class='ocrx_word' id='word_1_833' title='bbox 2527 2964 2655 3017; x_wconf 79' lang='grc' dir='ltr'>ὅταν</span> <span class='ocrx_word' id='word_1_834' title='bbox 2708 2962 3002 3014; x_wconf 81' lang='grc' dir='ltr'>ταπεινοῦν</span> <span class='ocrx_word' id='word_1_835' title='bbox 3037 2961 3233 3015; x_wconf 77' lang='grc' dir='ltr'>ἐαυτὸν</span> <span class='ocrx_word' id='word_1_836' title='bbox 3261 2961 3568 3033; x_wconf 81' lang='grc' dir='ltr'>σπουδάζῃ·</span> <span class='ocrx_word' id='word_1_837' title='bbox 3596 2963 3691 3015; x_wconf 76' lang='grc' dir='ltr'>καὶ</span> <span class='ocrx_word' id='word_1_838' title='bbox 3737 2963 3835 3031; x_wconf 86' lang='grc' dir='ltr'>τῆς</span> 
     </span>
    </p>
   </div>
   <div class='ocr_carea' id='block_1_99' title="bbox 2161 3038 3834 3114">
    <p class='ocr_par' dir='ltr' id='par_1_99' title="bbox 2161 3038 3834 3114">
     <span class='ocr_line' id='line_1_102' title="bbox 2161 3038 3834 3114; baseline -0.001 -19"><span class='ocrx_word' id='word_1_839' title='bbox 2161 3042 2338 3112; x_wconf 88' lang='grc' dir='ltr'>ἀρχῆς</span> <span class='ocrx_word' id='word_1_840' title='bbox 2367 3038 2435 3113; x_wconf 81' lang='grc' dir='ltr'>ῆς</span> <span class='ocrx_word' id='word_1_841' title='bbox 2457 3042 2617 3114; x_wconf 77' lang='grc' dir='ltr'>ἄρχει</span> <span class='ocrx_word' id='word_1_842' title='bbox 2638 3082 2653 3104; x_wconf 92' lang='grc'>,</span> <span class='ocrx_word' id='word_1_843' title='bbox 2725 3044 2828 3095; x_wconf 87' lang='grc' dir='ltr'>οὐκ</span> <span class='ocrx_word' id='word_1_844' title='bbox 2858 3040 3184 3112; x_wconf 89' lang='grc' dir='ltr'>ἀνθρώπων,</span> <span class='ocrx_word' id='word_1_845' title='bbox 3244 3040 3384 3094; x_wconf 83' lang='grc' dir='ltr'>ἀλλὰ</span> <span class='ocrx_word' id='word_1_846' title='bbox 3410 3041 3521 3094; x_wconf 88' lang='grc' dir='ltr'>τῶν</span> <span class='ocrx_word' id='word_1_847' title='bbox 3559 3041 3834 3113; x_wconf 85' lang='grc' dir='ltr'>ἀρχόντων</span> 
     </span>
    </p>
   </div>
   <div class='ocr_carea' id='block_1_100' title="bbox 2161 3119 3836 3193">
    <p class='ocr_par' dir='ltr' id='par_1_100' title="bbox 2161 3119 3836 3193">
     <span class='ocr_line' id='line_1_103' title="bbox 2161 3119 3836 3193; baseline 0.001 -21"><span class='ocrx_word' id='word_1_848' title='bbox 2161 3120 2262 3191; x_wconf 89' lang='grc' dir='ltr'>τῆς</span> <span class='ocrx_word' id='word_1_849' title='bbox 2288 3119 2539 3185; x_wconf 84' lang='grc' dir='ltr'>ἐξουσίας</span> <span class='ocrx_word' id='word_1_850' title='bbox 2560 3121 2653 3175; x_wconf 90' lang='grc' dir='ltr'>τοῦ</span> <span class='ocrx_word' id='word_1_851' title='bbox 2679 3119 2705 3158; x_wconf 70' lang='grc' dir='ltr'>ι’</span> <span class='ocrx_word' id='word_1_852' title='bbox 2729 3120 3175 3193; x_wconf 89' lang='grc' dir='ltr'>κοσμοκράτορος</span> <span class='ocrx_word' id='word_1_853' title='bbox 3229 3120 3325 3175; x_wconf 84' lang='grc' dir='ltr'>τοῦ</span> <span class='ocrx_word' id='word_1_854' title='bbox 3362 3121 3613 3184; x_wconf 82' lang='grc' dir='ltr'>σκότους,</span> <span class='ocrx_word' id='word_1_855' title='bbox 3656 3120 3836 3183; x_wconf 75' lang='grc' dir='ltr'>οὐδεὶς</span> 
     </span>
    </p>
   </div>
   <div class='ocr_carea' id='block_1_101' title="bbox 2164 3200 3833 3273">
    <p class='ocr_par' dir='ltr' id='par_1_101' title="bbox 2164 3200 3833 3273">
     <span class='ocr_line' id='line_1_104' title="bbox 2164 3200 3833 3273; baseline -0.001 -20"><span class='ocrx_word' id='word_1_856' title='bbox 2164 3200 2328 3254; x_wconf 80' lang='grc' dir='ltr'>αὐτὸν</span> <span class='ocrx_word' id='word_1_857' title='bbox 2386 3201 2707 3273; x_wconf 86' lang='grc' dir='ltr'>παραλῦσαι</span> <span class='ocrx_word' id='word_1_858' title='bbox 2760 3201 3003 3256; x_wconf 90' lang='grc' dir='ltr'>δύναται.</span> <span class='ocrx_word' id='word_1_859' title='bbox 3040 3201 3256 3263; x_wconf 89' lang='grc' dir='ltr'>Δίκαιος</span> <span class='ocrx_word' id='word_1_860' title='bbox 3285 3201 3536 3271; x_wconf 86' lang='grc' dir='ltr'>όγάμος,</span> <span class='ocrx_word' id='word_1_861' title='bbox 3578 3200 3833 3270; x_wconf 83' lang='grc' dir='ltr'>σύμφημι</span> 
     </span>
    </p>
   </div>
   <div class='ocr_carea' id='block_1_102' title="bbox 2164 3277 3837 3353">
    <p class='ocr_par' dir='ltr' id='par_1_102' title="bbox 2164 3277 3837 3353">
     <span class='ocr_line' id='line_1_105' title="bbox 2164 3277 3837 3353; baseline -0.001 -20"><span class='ocrx_word' id='word_1_862' title='bbox 2164 3277 2322 3348; x_wconf 88' lang='grc' dir='ltr'>κάγὼ</span> <span class='ocrx_word' id='word_1_863' title='bbox 2337 3296 2350 3308; x_wconf 88' lang='grc'>·</span> <span class='ocrx_word' id='word_1_864' title='bbox 2371 3281 2569 3349; x_wconf 82' lang='grc' dir='ltr'>Τίμιος</span> <span class='ocrx_word' id='word_1_865' title='bbox 2592 3282 2610 3321; x_wconf 74' lang='grc' dir='ltr'>ί</span> <span class='ocrx_word' id='word_1_866' title='bbox 2662 3280 2793 3350; x_wconf 88' lang='grc' dir='ltr'>γάρ,</span> <span class='ocrx_word' id='word_1_867' title='bbox 2811 3280 3261 3353; x_wconf 76' lang='grc' dir='ltr'>φησίν,ότάμος,</span> <span class='ocrx_word' id='word_1_868' title='bbox 3275 3280 3371 3333; x_wconf 85' lang='grc' dir='ltr'>καί</span> <span class='ocrx_word' id='word_1_869' title='bbox 3386 3280 3605 3347; x_wconf 81' lang='grc' dir='ltr'>ἠκοίτη</span> <span class='ocrx_word' id='word_1_870' title='bbox 3626 3279 3837 3348; x_wconf 82' lang='grc' dir='ltr'>ἀμίαν-</span> 
     </span>
    </p>
   </div>
   <div class='ocr_carea' id='block_1_103' title="bbox 2162 3358 3835 3431">
    <p class='ocr_par' dir='ltr' id='par_1_103' title="bbox 2162 3358 3835 3431">
     <span class='ocr_line' id='line_1_106' title="bbox 2162 3358 3835 3431; baseline 0 -18"><span class='ocrx_word' id='word_1_871' title='bbox 2162 3377 2267 3425; x_wconf 89' lang='grc' dir='ltr'>τος</span> <span class='ocrx_word' id='word_1_872' title='bbox 2286 3376 2301 3391; x_wconf 81' lang='grc'><strong>’</strong></span> <span class='ocrx_word' id='word_1_873' title='bbox 2326 3362 2591 3428; x_wconf 79' lang='grc' dir='ltr'>πόρνους</span> <span class='ocrx_word' id='word_1_874' title='bbox 2606 3360 2676 3414; x_wconf 84' lang='grc' dir='ltr'>δὲ</span> <span class='ocrx_word' id='word_1_875' title='bbox 2704 3361 2802 3414; x_wconf 80' lang='grc' dir='ltr'>καί</span> <span class='ocrx_word' id='word_1_876' title='bbox 2812 3360 3059 3431; x_wconf 82' lang='grc' dir='ltr'>μοιχοὺς</span> <span class='ocrx_word' id='word_1_877' title='bbox 3080 3359 3314 3429; x_wconf 82' lang='grc' dir='ltr'>κρινεῖό</span> <span class='ocrx_word' id='word_1_878' title='bbox 3336 3361 3501 3425; x_wconf 84' lang='grc' dir='ltr'>Θεός·</span> <span class='ocrx_word' id='word_1_879' title='bbox 3518 3360 3603 3413; x_wconf 77' lang='grc' dir='ltr'>σοὶ</span> <span class='ocrx_word' id='word_1_880' title='bbox 3625 3358 3683 3412; x_wconf 81' lang='grc' dir='ltr'>δὲ</span> <span class='ocrx_word' id='word_1_881' title='bbox 3709 3360 3835 3413; x_wconf 80' lang='grc' dir='ltr'>οὐκ·</span> 
     </span>
    </p>
   </div>
   <div class='ocr_carea' id='block_1_104' title="bbox 2164 3436 3836 3510">
    <p class='ocr_par' dir='ltr' id='par_1_104' title="bbox 2164 3436 3836 3510">
     <span class='ocr_line' id='line_1_107' title="bbox 2164 3436 3836 3510; baseline 0.001 -20"><span class='ocrx_word' id='word_1_882' title='bbox 2164 3438 2246 3491; x_wconf 87' lang='grc' dir='ltr'>έτι</span> <span class='ocrx_word' id='word_1_883' title='bbox 2286 3437 2512 3492; x_wconf 79' lang='grc' dir='ltr'>δυνατὸν</span> <span class='ocrx_word' id='word_1_884' title='bbox 2564 3439 2636 3493; x_wconf 85' lang='grc' dir='ltr'>τά</span> <span class='ocrx_word' id='word_1_885' title='bbox 2684 3439 2868 3494; x_wconf 90' lang='grc' dir='ltr'>δίκαια</span> <span class='ocrx_word' id='word_1_886' title='bbox 2922 3438 3018 3492; x_wconf 88' lang='grc' dir='ltr'>τοῦ</span> <span class='ocrx_word' id='word_1_887' title='bbox 3046 3439 3227 3509; x_wconf 88' lang='grc' dir='ltr'>γάμου</span> <span class='ocrx_word' id='word_1_888' title='bbox 3274 3436 3526 3507; x_wconf 81' lang='grc' dir='ltr'>φυλάξαι.</span> <span class='ocrx_word' id='word_1_889' title='bbox 3576 3436 3681 3491; x_wconf 82' lang='grc' dir='ltr'>Τὸν</span> <span class='ocrx_word' id='word_1_890' title='bbox 3726 3437 3836 3510; x_wconf 89' lang='lat'>7&amp;9</span> 
     </span>
    </p>
   </div>
   <div class='ocr_carea' id='block_1_105' title="bbox 2164 3516 3836 3588">
    <p class='ocr_par' dir='ltr' id='par_1_105' title="bbox 2164 3516 3836 3588">
     <span class='ocr_line' id='line_1_108' title="bbox 2164 3516 3836 3588; baseline 0 -19"><span class='ocrx_word' id='word_1_891' title='bbox 2164 3518 2472 3587; x_wconf 82' lang='grc' dir='ltr'>ἐπουρανίῳ</span> <span class='ocrx_word' id='word_1_892' title='bbox 2501 3517 2839 3587; x_wconf 79' lang='grc' dir='ltr'>συναφθέντα</span> <span class='ocrx_word' id='word_1_893' title='bbox 2854 3535 2916 3571; x_wconf 90' lang='grc' dir='ltr'>νυ</span> <span class='ocrx_word' id='word_1_894' title='bbox 2924 3517 3096 3588; x_wconf 89' lang='grc' dir='ltr'>μφίῳ,</span> <span class='ocrx_word' id='word_1_895' title='bbox 3142 3517 3330 3571; x_wconf 88' lang='grc' dir='ltr'>τοῦτον</span> <span class='ocrx_word' id='word_1_896' title='bbox 3351 3517 3449 3587; x_wconf 83' lang='grc' dir='ltr'>μὲν</span> <span class='ocrx_word' id='word_1_897' title='bbox 3474 3516 3712 3587; x_wconf 86' lang='grc' dir='ltr'>ἀφεῖναι,</span> <span class='ocrx_word' id='word_1_898' title='bbox 3734 3533 3836 3585; x_wconf 87' lang='grc' dir='ltr'>γυ-</span> 
     </span>
    </p>
   </div>
   <div class='ocr_carea' id='block_1_106' title="bbox 2166 3594 3835 3668">
    <p class='ocr_par' dir='ltr' id='par_1_106' title="bbox 2166 3594 3835 3668">
     <span class='ocr_line' id='line_1_109' title="bbox 2166 3594 3835 3668; baseline -0.001 -19"><span class='ocrx_word' id='word_1_899' title='bbox 2166 3595 2315 3649; x_wconf 73' lang='grc' dir='ltr'>ναικὶ</span> <span class='ocrx_word' id='word_1_900' title='bbox 2333 3594 2391 3648; x_wconf 86' lang='grc' dir='ltr'>δὲ</span> <span class='ocrx_word' id='word_1_901' title='bbox 2416 3596 2608 3650; x_wconf 79' lang='grc' dir='ltr'>ἑαυτὸν</span> <span class='ocrx_word' id='word_1_902' title='bbox 2634 3596 2888 3666; x_wconf 72' lang='grc' dir='ltr'>συνάψαι,</span> <span class='ocrx_word' id='word_1_903' title='bbox 2911 3597 3126 3668; x_wconf 90' lang='grc' dir='ltr'>μοιχεία</span> <span class='ocrx_word' id='word_1_904' title='bbox 3149 3595 3211 3649; x_wconf 82' lang='grc' dir='ltr'>τὸ</span> <span class='ocrx_word' id='word_1_905' title='bbox 3233 3595 3607 3665; x_wconf 82' lang='grc' dir='ltr'>πρᾶγμα,κάν</span> <span class='ocrx_word' id='word_1_906' title='bbox 3640 3595 3835 3666; x_wconf 86' lang='grc' dir='ltr'>μυριά-</span> 
     </span>
    </p>
   </div>
   <div class='ocr_carea' id='block_1_107' title="bbox 2167 3672 3836 3747">
    <p class='ocr_par' dir='ltr' id='par_1_107' title="bbox 2167 3672 3836 3747">
     <span class='ocr_line' id='line_1_110' title="bbox 2167 3672 3836 3747; baseline 0 -20"><span class='ocrx_word' id='word_1_907' title='bbox 2167 3691 2257 3737; x_wconf 90' lang='grc' dir='ltr'>κις</span> <span class='ocrx_word' id='word_1_908' title='bbox 2302 3674 2433 3729; x_wconf 79' lang='grc' dir='ltr'>αὐτὸ</span> <span class='ocrx_word' id='word_1_909' title='bbox 2452 3676 2629 3747; x_wconf 92' lang='grc' dir='ltr'>γάμον</span> <span class='ocrx_word' id='word_1_910' title='bbox 2654 3677 2847 3747; x_wconf 83' lang='grc' dir='ltr'>καλῇς·</span> <span class='ocrx_word' id='word_1_911' title='bbox 2885 3676 3087 3747; x_wconf 81' lang='grc' dir='ltr'>μᾶλλον</span> <span class='ocrx_word' id='word_1_912' title='bbox 3118 3675 3175 3729; x_wconf 87' lang='grc' dir='ltr'>δὲ</span> <span class='ocrx_word' id='word_1_913' title='bbox 3204 3676 3298 3728; x_wconf 79' lang='grc' dir='ltr'>καὶ</span> <span class='ocrx_word' id='word_1_914' title='bbox 3328 3675 3573 3745; x_wconf 84' lang='grc' dir='ltr'>μοιχείας</span> <span class='ocrx_word' id='word_1_915' title='bbox 3598 3672 3836 3744; x_wconf 86' lang='grc' dir='ltr'>τοσούτῳ</span> 
     </span>
    </p>
   </div>
   <div class='ocr_carea' id='block_1_108' title="bbox 2166 3753 3836 3826">
    <p class='ocr_par' dir='ltr' id='par_1_108' title="bbox 2166 3753 3836 3826">
     <span class='ocr_line' id='line_1_111' title="bbox 2166 3753 3836 3826; baseline 0 -20"><span class='ocrx_word' id='word_1_916' title='bbox 2166 3753 2504 3824; x_wconf 89' lang='grc' dir='ltr'>δεινότερον,</span> <span class='ocrx_word' id='word_1_917' title='bbox 2590 3756 2701 3826; x_wconf 84' lang='grc' dir='ltr'>ὅσῳ</span> <span class='ocrx_word' id='word_1_918' title='bbox 2751 3755 3016 3826; x_wconf 89' lang='grc' dir='ltr'>κρείττων</span> <span class='ocrx_word' id='word_1_919' title='bbox 3071 3753 3373 3825; x_wconf 84' lang='grc' dir='ltr'>ἀνθρώπων</span> <span class='ocrx_word' id='word_1_920' title='bbox 3424 3753 3577 3817; x_wconf 85' lang='grc' dir='ltr'>Θεός.</span> <span class='ocrx_word' id='word_1_921' title='bbox 3632 3753 3836 3823; x_wconf 87' lang='grc' dir='ltr'>Μηδείς</span> 
     </span>
    </p>
   </div>
   <div class='ocr_carea' id='block_1_109' title="bbox 2170 3830 3837 3904">
    <p class='ocr_par' dir='ltr' id='par_1_109' title="bbox 2170 3830 3837 3904">
     <span class='ocr_line' id='line_1_112' title="bbox 2170 3830 3837 3904; baseline 0.001 -20"><span class='ocrx_word' id='word_1_922' title='bbox 2170 3848 2230 3884; x_wconf 90' lang='grc' dir='ltr'>σε</span> <span class='ocrx_word' id='word_1_923' title='bbox 2253 3833 2517 3886; x_wconf 87' lang='grc' dir='ltr'>ἀπατάτω</span> <span class='ocrx_word' id='word_1_924' title='bbox 2543 3832 2717 3901; x_wconf 89' lang='grc' dir='ltr'>λέγων</span> <span class='ocrx_word' id='word_1_925' title='bbox 2736 3852 2750 3865; x_wconf 91' lang='grc'><strong>·</strong></span> <span class='ocrx_word' id='word_1_926' title='bbox 2799 3834 2839 3886; x_wconf 84' lang='grc' dir='ltr'><strong><em>Γ</em></strong></span> <span class='ocrx_word' id='word_1_927' title='bbox 2840 3837 3000 3904; x_wconf 89' lang='grc' dir='ltr'>αμείν</span> <span class='ocrx_word' id='word_1_928' title='bbox 3029 3834 3131 3886; x_wconf 91' lang='grc' dir='ltr'>οὐκ</span> <span class='ocrx_word' id='word_1_929' title='bbox 3164 3831 3437 3886; x_wconf 86' lang='grc' dir='ltr'>ἐκώλυσεν</span> <span class='ocrx_word' id='word_1_930' title='bbox 3469 3835 3498 3886; x_wconf 92' lang='lat'>6</span> <span class='ocrx_word' id='word_1_931' title='bbox 3528 3832 3678 3896; x_wconf 88' lang='grc' dir='ltr'>Θεός.</span> <span class='ocrx_word' id='word_1_932' title='bbox 3707 3830 3837 3886; x_wconf 78' lang='grc' dir='ltr'>Οἶδα</span> 
     </span>
    </p>
   </div>
   <div class='ocr_carea' id='block_1_110' title="bbox 2164 3908 3837 3982">
    <p class='ocr_par' dir='ltr' id='par_1_110' title="bbox 2164 3908 3837 3982">
     <span class='ocr_line' id='line_1_113' title="bbox 2164 3908 3837 3982; baseline 0.001 -20"><span class='ocrx_word' id='word_1_933' title='bbox 2164 3908 2323 3962; x_wconf 85' lang='grc' dir='ltr'>τοῦτο</span> <span class='ocrx_word' id='word_1_934' title='bbox 2363 3909 2549 3978; x_wconf 80' lang='grc' dir='ltr'>κάγώ’</span> <span class='ocrx_word' id='word_1_935' title='bbox 2598 3914 2801 3982; x_wconf 88' lang='grc' dir='ltr'>γαμεῖν</span> <span class='ocrx_word' id='word_1_936' title='bbox 2847 3911 2985 3966; x_wconf 66' lang='grc' dir='ltr'>οὐκί</span> <span class='ocrx_word' id='word_1_937' title='bbox 3028 3912 3302 3965; x_wconf 86' lang='grc' dir='ltr'>ἐκώλυσεν</span> <span class='ocrx_word' id='word_1_938' title='bbox 3327 3952 3344 3975; x_wconf 90' lang='grc'>,</span> <span class='ocrx_word' id='word_1_939' title='bbox 3383 3911 3520 3967; x_wconf 85' lang='grc' dir='ltr'>ἀλλὰ</span> <span class='ocrx_word' id='word_1_940' title='bbox 3568 3911 3837 3982; x_wconf 87' lang='grc' dir='ltr'>μοιχεύειν</span> 
     </span>
    </p>
   </div>
   <div class='ocr_carea' id='block_1_111' title="bbox 2168 3988 3838 4062">
    <p class='ocr_par' dir='ltr' id='par_1_111' title="bbox 2168 3988 3838 4062">
     <span class='ocr_line' id='line_1_114' title="bbox 2168 3988 3838 4062; baseline 0.002 -21"><span class='ocrx_word' id='word_1_941' title='bbox 2168 3988 2464 4055; x_wconf 78' lang='grc' dir='ltr'>ἐκώλυσεν,</span> <span class='ocrx_word' id='word_1_942' title='bbox 2486 3989 2515 4042; x_wconf 81' lang='grc' dir='ltr'><strong>ὃ</strong></span> <span class='ocrx_word' id='word_1_943' title='bbox 2544 3990 2609 4043; x_wconf 79' lang='grc' dir='ltr'>σὺ</span> <span class='ocrx_word' id='word_1_944' title='bbox 2636 3993 2810 4044; x_wconf 88' lang='grc' dir='ltr'>ποιεῖν</span> <span class='ocrx_word' id='word_1_945' title='bbox 2835 3991 3040 4056; x_wconf 82' lang='grc' dir='ltr'>ἐθέλεις</span> <span class='ocrx_word' id='word_1_946' title='bbox 3058 4007 3073 4022; x_wconf 90' lang='grc'><strong>·</strong></span> <span class='ocrx_word' id='word_1_947' title='bbox 3099 3990 3127 4043; x_wconf 85' lang='grc' dir='ltr'><strong>ὃ</strong></span> <span class='ocrx_word' id='word_1_948' title='bbox 3153 3992 3226 4061; x_wconf 83' lang='grc' dir='ltr'>μὴ</span> <span class='ocrx_word' id='word_1_949' title='bbox 3250 3991 3478 4058; x_wconf 87' lang='grc' dir='ltr'>γένοιτο,</span> <span class='ocrx_word' id='word_1_950' title='bbox 3501 3991 3560 4044; x_wconf 83' lang='grc' dir='ltr'>σὲ</span> <span class='ocrx_word' id='word_1_951' title='bbox 3582 3991 3838 4062; x_wconf 85' lang='grc' dir='ltr'>ὁμιλῆσαι</span> 
     </span>
    </p>
   </div>
   <div class='ocr_carea' id='block_1_112' title="bbox 2168 4067 3838 4141">
    <p class='ocr_par' dir='ltr' id='par_1_112' title="bbox 2168 4067 3838 4141">
     <span class='ocr_line' id='line_1_115' title="bbox 2168 4067 3838 4141; baseline 0.002 -20"><span class='ocrx_word' id='word_1_952' title='bbox 2168 4068 2333 4139; x_wconf 86' lang='grc' dir='ltr'>γάμῳ</span> <span class='ocrx_word' id='word_1_953' title='bbox 2359 4067 2489 4122; x_wconf 82' lang='grc' dir='ltr'>ποτέ</span> <span class='ocrx_word' id='word_1_954' title='bbox 2516 4070 2529 4122; x_wconf 91' lang='lat'><strong>!</strong></span> <span class='ocrx_word' id='word_1_955' title='bbox 2566 4070 2677 4123; x_wconf 81' lang='grc' dir='ltr'>Καὶ</span> <span class='ocrx_word' id='word_1_956' title='bbox 2705 4070 2759 4122; x_wconf 83' lang='grc' dir='ltr'>τί</span> <span class='ocrx_word' id='word_1_957' title='bbox 2788 4069 3086 4141; x_wconf 80' lang='grc' dir='ltr'>θαυμάζεις</span> <span class='ocrx_word' id='word_1_958' title='bbox 3124 4072 3171 4122; x_wconf 89' lang='grc' dir='ltr'>εἰ</span> <span class='ocrx_word' id='word_1_959' title='bbox 3205 4071 3380 4140; x_wconf 88' lang='grc' dir='ltr'>γάμος</span> <span class='ocrx_word' id='word_1_960' title='bbox 3405 4070 3593 4141; x_wconf 86' lang='grc' dir='ltr'>ῶσπερ</span> <span class='ocrx_word' id='word_1_961' title='bbox 3623 4072 3838 4141; x_wconf 86' lang='grc' dir='ltr'>μοιχεία</span> 
     </span>
    </p>
   </div>
   <div class='ocr_carea' id='block_1_113' title="bbox 2171 4148 3839 4220">
    <p class='ocr_par' dir='ltr' id='par_1_113' title="bbox 2171 4148 3839 4220">
     <span class='ocr_line' id='line_1_116' title="bbox 2171 4148 3839 4220; baseline 0.003 -20"><span class='ocrx_word' id='word_1_962' title='bbox 2171 4148 2437 4217; x_wconf 89' lang='grc' dir='ltr'>κρίνεται,</span> <span class='ocrx_word' id='word_1_963' title='bbox 2452 4150 2579 4201; x_wconf 88' lang='grc' dir='ltr'>ὃταν</span> <span class='ocrx_word' id='word_1_964' title='bbox 2600 4148 2858 4219; x_wconf 88' lang='grc' dir='ltr'>ἀθετῆται</span> <span class='ocrx_word' id='word_1_965' title='bbox 2882 4148 3044 4214; x_wconf 88' lang='grc' dir='ltr'>Θεός;</span> <span class='ocrx_word' id='word_1_966' title='bbox 3066 4148 3226 4212; x_wconf 81' lang='grc' dir='ltr'>Φόνος</span> <span class='ocrx_word' id='word_1_967' title='bbox 3245 4148 3589 4220; x_wconf 87' lang='grc' dir='ltr'>δικαιοσύνην</span> <span class='ocrx_word' id='word_1_968' title='bbox 3616 4150 3839 4220; x_wconf 83' lang='grc' dir='ltr'>ήνεγκε,</span> 
     </span>
    </p>
   </div>
   <div class='ocr_carea' id='block_1_114' title="bbox 2172 4226 3839 4299">
    <p class='ocr_par' dir='ltr' id='par_1_114' title="bbox 2172 4226 3839 4299">
     <span class='ocr_line' id='line_1_117' title="bbox 2172 4226 3839 4299; baseline 0.001 -19"><span class='ocrx_word' id='word_1_969' title='bbox 2172 4229 2266 4281; x_wconf 76' lang='grc' dir='ltr'>καὶ</span> <span class='ocrx_word' id='word_1_970' title='bbox 2309 4226 2687 4298; x_wconf 85' lang='grc' dir='ltr'>φιλανθρωπία</span> <span class='ocrx_word' id='word_1_971' title='bbox 2720 4227 2881 4296; x_wconf 83' lang='grc' dir='ltr'>φόνου</span> <span class='ocrx_word' id='word_1_972' title='bbox 2924 4228 3127 4299; x_wconf 83' lang='grc' dir='ltr'>μᾶλλον</span> <span class='ocrx_word' id='word_1_973' title='bbox 3168 4228 3523 4299; x_wconf 60' lang='grc' dir='ltr'>κατέκρινεν</span> <span class='ocrx_word' id='word_1_974' title='bbox 3566 4228 3751 4299; x_wconf 81' lang='grc' dir='ltr'>ἐπειδὴ</span> <span class='ocrx_word' id='word_1_975' title='bbox 3776 4230 3839 4282; x_wconf 78' lang='grc' dir='ltr'>τὸ</span> 
     </span>
    </p>
   </div>
   <div class='ocr_carea' id='block_1_115' title="bbox 2174 4304 3839 4377">
    <p class='ocr_par' dir='ltr' id='par_1_115' title="bbox 2174 4304 3839 4377">
     <span class='ocr_line' id='line_1_118' title="bbox 2174 4304 3839 4377; baseline 0.001 -20"><span class='ocrx_word' id='word_1_976' title='bbox 2174 4306 2275 4376; x_wconf 83' lang='grc' dir='ltr'>μὲν</span> <span class='ocrx_word' id='word_1_977' title='bbox 2295 4306 2436 4360; x_wconf 82' lang='grc' dir='ltr'>κατὰ</span> <span class='ocrx_word' id='word_1_978' title='bbox 2456 4304 2700 4377; x_wconf 88' lang='grc' dir='ltr'>γνώμην,</span> <span class='ocrx_word' id='word_1_979' title='bbox 2725 4308 2787 4360; x_wconf 84' lang='grc' dir='ltr'>τὸ</span> <span class='ocrx_word' id='word_1_980' title='bbox 2808 4307 2864 4360; x_wconf 88' lang='grc' dir='ltr'>δέ</span> <span class='ocrx_word' id='word_1_981' title='bbox 2886 4306 3185 4370; x_wconf 87' lang='grc' dir='ltr'>κωλύοντος</span> <span class='ocrx_word' id='word_1_982' title='bbox 3213 4307 3429 4374; x_wconf 81' lang='grc' dir='ltr'>ἐγένετο</span> <span class='ocrx_word' id='word_1_983' title='bbox 3447 4306 3603 4360; x_wconf 85' lang='grc' dir='ltr'>Θεοῦ.</span> <span class='ocrx_word' id='word_1_984' title='bbox 3632 4308 3739 4361; x_wconf 79' lang='grc' dir='ltr'>Καὶ</span> <span class='ocrx_word' id='word_1_985' title='bbox 3763 4307 3839 4377; x_wconf 83' lang='grc' dir='ltr'>τῷ</span> 
     </span>
    </p>
   </div>
   <div class='ocr_carea' id='block_1_116' title="bbox 2174 4384 3837 4457">
    <p class='ocr_par' dir='ltr' id='par_1_116' title="bbox 2174 4384 3837 4457">
     <span class='ocr_line' id='line_1_119' title="bbox 2174 4384 3837 4457; baseline 0.001 -20"><span class='ocrx_word' id='word_1_986' title='bbox 2174 4385 2272 4454; x_wconf 88' lang='grc' dir='ltr'>μὲν</span> <span class='ocrx_word' id='word_1_987' title='bbox 2294 4385 2479 4449; x_wconf 84' lang='grc' dir='ltr'>Φινεὲς</span> <span class='ocrx_word' id='word_1_988' title='bbox 2500 4384 2750 4455; x_wconf 89' lang='grc' dir='ltr'>ἐλογίσθη</span> <span class='ocrx_word' id='word_1_989' title='bbox 2772 4388 2852 4446; x_wconf 90' lang='grc' dir='ltr'>εἰς</span> <span class='ocrx_word' id='word_1_990' title='bbox 2875 4385 3223 4456; x_wconf 89' lang='grc' dir='ltr'>δικαιοσύνην</span> <span class='ocrx_word' id='word_1_991' title='bbox 3241 4385 3303 4438; x_wconf 85' lang='grc' dir='ltr'>τὸ</span> <span class='ocrx_word' id='word_1_992' title='bbox 3322 4385 3420 4456; x_wconf 83' lang='grc' dir='ltr'>τὴν</span> <span class='ocrx_word' id='word_1_993' title='bbox 3439 4387 3837 4457; x_wconf 87' lang='grc' dir='ltr'>πορνευομένην</span> 
     </span>
    </p>
   </div>
   <div class='ocr_carea' id='block_1_117' title="bbox 2169 4465 3841 4536">
    <p class='ocr_par' dir='ltr' id='par_1_117' title="bbox 2169 4465 3841 4536">
     <span class='ocr_line' id='line_1_120' title="bbox 2169 4465 3841 4536; baseline 0.002 -20"><span class='ocrx_word' id='word_1_994' title='bbox 2169 4467 2402 4531; x_wconf 89' lang='grc' dir='ltr'>γυναῖκα</span> <span class='ocrx_word' id='word_1_995' title='bbox 2434 4466 2573 4534; x_wconf 86' lang='grc' dir='ltr'>μετά</span> <span class='ocrx_word' id='word_1_996' title='bbox 2602 4465 2696 4519; x_wconf 90' lang='grc' dir='ltr'>τοῦ</span> <span class='ocrx_word' id='word_1_997' title='bbox 2714 4465 3070 4536; x_wconf 87' lang='grc' dir='ltr'>πορνεύοντος</span> <span class='ocrx_word' id='word_1_998' title='bbox 3090 4465 3417 4535; x_wconf 80' lang='grc' dir='ltr'>ἐκκεντῆσαι</span> <span class='ocrx_word' id='word_1_999' title='bbox 3437 4481 3452 4495; x_wconf 77' lang='grc' dir='ltr'><strong><em>ο</em></strong></span> <span class='ocrx_word' id='word_1_1000' title='bbox 3475 4465 3567 4518; x_wconf 87' lang='grc' dir='ltr'>τὸν</span> <span class='ocrx_word' id='word_1_1001' title='bbox 3587 4465 3643 4519; x_wconf 86' lang='grc' dir='ltr'>δὲ</span> <span class='ocrx_word' id='word_1_1002' title='bbox 3668 4466 3841 4520; x_wconf 80' lang='grc' dir='ltr'>Σαοὺλ</span> 
     </span>
    </p>
   </div>
   <div class='ocr_carea' id='block_1_118' title="bbox 2170 4544 3840 4617">
    <p class='ocr_par' dir='ltr' id='par_1_118' title="bbox 2170 4544 3840 4617">
     <span class='ocr_line' id='line_1_121' title="bbox 2170 4544 3840 4617; baseline 0.002 -21"><span class='ocrx_word' id='word_1_1003' title='bbox 2170 4545 2200 4596; x_wconf 90' lang='lat'>6</span> <span class='ocrx_word' id='word_1_1004' title='bbox 2227 4544 2381 4611; x_wconf 78' lang='grc' dir='ltr'>ἅγιος</span> <span class='ocrx_word' id='word_1_1005' title='bbox 2411 4544 2503 4597; x_wconf 89' lang='grc' dir='ltr'>τοῦ</span> <span class='ocrx_word' id='word_1_1006' title='bbox 2532 4545 2667 4598; x_wconf 89' lang='grc' dir='ltr'>Θεοῦ</span> <span class='ocrx_word' id='word_1_1007' title='bbox 2698 4546 2951 4617; x_wconf 83' lang='grc' dir='ltr'>Σαμουὴλ</span> <span class='ocrx_word' id='word_1_1008' title='bbox 2982 4546 3190 4609; x_wconf 87' lang='grc' dir='ltr'>ἐκεῖνος</span> <span class='ocrx_word' id='word_1_1009' title='bbox 3209 4545 3335 4608; x_wconf 84' lang='grc' dir='ltr'>ὅλας</span> <span class='ocrx_word' id='word_1_1010' title='bbox 3360 4545 3563 4609; x_wconf 90' lang='grc' dir='ltr'>νύκτας</span> <span class='ocrx_word' id='word_1_1011' title='bbox 3590 4546 3840 4617; x_wconf 89' lang='grc' dir='ltr'>δακρύων</span> 
     </span>
    </p>
   </div>
   <div class='ocr_carea' id='block_1_119' title="bbox 2170 4626 3840 4701">
    <p class='ocr_par' dir='ltr' id='par_1_119' title="bbox 2170 4626 3840 4701">
     <span class='ocr_line' id='line_1_122' title="bbox 2170 4626 3840 4701; baseline 0.002 -21"><span class='ocrx_word' id='word_1_1012' title='bbox 2170 4626 2265 4680; x_wconf 73' lang='grc' dir='ltr'>καὶ</span> <span class='ocrx_word' id='word_1_1013' title='bbox 2294 4626 2505 4681; x_wconf 89' lang='grc' dir='ltr'>πενθῶν</span> <span class='ocrx_word' id='word_1_1014' title='bbox 2531 4629 2627 4681; x_wconf 77' lang='grc' dir='ltr'>καὶ</span> <span class='ocrx_word' id='word_1_1015' title='bbox 2657 4628 3011 4701; x_wconf 88' lang='grc' dir='ltr'>παρακαλῶν,</span> <span class='ocrx_word' id='word_1_1016' title='bbox 3041 4629 3140 4683; x_wconf 92' lang='grc' dir='ltr'>οὐκ</span> <span class='ocrx_word' id='word_1_1017' title='bbox 3177 4630 3395 4698; x_wconf 76' lang='grc' dir='ltr'>ἴσχυσεν</span> <span class='ocrx_word' id='word_1_1018' title='bbox 3429 4628 3705 4695; x_wconf 83' lang='grc' dir='ltr'>ἐξελέσθαι</span> <span class='ocrx_word' id='word_1_1019' title='bbox 3742 4630 3840 4700; x_wconf 90' lang='grc' dir='ltr'>τῆς</span> 
     </span>
    </p>
   </div>
   <div class='ocr_carea' id='block_1_120' title="bbox 2170 4702 3839 4779">
    <p class='ocr_par' dir='ltr' id='par_1_120' title="bbox 2170 4702 3839 4779">
     <span class='ocr_line' id='line_1_123' title="bbox 2170 4702 3839 4779; baseline 0.001 -20"><span class='ocrx_word' id='word_1_1020' title='bbox 2170 4706 2499 4778; x_wconf 89' lang='grc' dir='ltr'>καταδίκης,</span> <span class='ocrx_word' id='word_1_1021' title='bbox 2528 4702 2597 4779; x_wconf 78' lang='grc' dir='ltr'>ἧς</span> <span class='ocrx_word' id='word_1_1022' title='bbox 2625 4706 2885 4779; x_wconf 84' lang='grc' dir='ltr'>ἐξήνεγκε</span> <span class='ocrx_word' id='word_1_1023' title='bbox 2904 4708 2933 4748; x_wconf 71' lang='grc' dir='ltr'>ιι</span> <span class='ocrx_word' id='word_1_1024' title='bbox 2966 4709 3086 4761; x_wconf 84' lang='grc' dir='ltr'>κατ’</span> <span class='ocrx_word' id='word_1_1025' title='bbox 3108 4708 3273 4761; x_wconf 87' lang='grc' dir='ltr'>αὐτοῦ</span> <span class='ocrx_word' id='word_1_1026' title='bbox 3298 4709 3325 4760; x_wconf 92' lang='lat'>6</span> <span class='ocrx_word' id='word_1_1027' title='bbox 3354 4707 3505 4773; x_wconf 76' lang='grc' dir='ltr'>Θεὸς,</span> <span class='ocrx_word' id='word_1_1028' title='bbox 3530 4706 3714 4777; x_wconf 83' lang='grc' dir='ltr'>ἐπειδὴ</span> <span class='ocrx_word' id='word_1_1029' title='bbox 3748 4710 3839 4760; x_wconf 80' lang='grc' dir='ltr'>τὸν</span> 
     </span>
    </p>
   </div>
   <div class='ocr_carea' id='block_1_121' title="bbox 2168 4786 3843 4858">
    <p class='ocr_par' dir='ltr' id='par_1_121' title="bbox 2168 4786 3843 4858">
     <span class='ocr_line' id='line_1_124' title="bbox 2168 4786 3843 4858; baseline 0.001 -18"><span class='ocrx_word' id='word_1_1030' title='bbox 2168 4786 2279 4841; x_wconf 91' lang='grc' dir='ltr'>τῶν</span> <span class='ocrx_word' id='word_1_1031' title='bbox 2304 4786 2616 4856; x_wconf 89' lang='grc' dir='ltr'>ἀλλοφύλων</span> <span class='ocrx_word' id='word_1_1032' title='bbox 2663 4788 2925 4858; x_wconf 84' lang='grc' dir='ltr'>βασιλέα,</span> <span class='ocrx_word' id='word_1_1033' title='bbox 2954 4788 3015 4841; x_wconf 82' lang='grc' dir='ltr'>ὃν</span> <span class='ocrx_word' id='word_1_1034' title='bbox 3053 4788 3172 4840; x_wconf 86' lang='grc' dir='ltr'>δέον</span> <span class='ocrx_word' id='word_1_1035' title='bbox 3216 4788 3444 4849; x_wconf 82' lang='grc' dir='ltr'>ἀνελεῖν,</span> <span class='ocrx_word' id='word_1_1036' title='bbox 3493 4788 3660 4839; x_wconf 77' lang='grc' dir='ltr'>ἔσωσε</span> <span class='ocrx_word' id='word_1_1037' title='bbox 3691 4790 3843 4858; x_wconf 78' lang='grc' dir='ltr'>παρά</span> 
     </span>
    </p>
   </div>
   <div class='ocr_carea' id='block_1_122' title="bbox 2171 4865 3839 4939">
    <p class='ocr_par' dir='ltr' id='par_1_122' title="bbox 2171 4865 3839 4939">
     <span class='ocr_line' id='line_1_125' title="bbox 2171 4865 3839 4939; baseline 0 -20"><span class='ocrx_word' id='word_1_1038' title='bbox 2171 4866 2397 4939; x_wconf 90' lang='grc' dir='ltr'>γνώμην</span> <span class='ocrx_word' id='word_1_1039' title='bbox 2428 4866 2583 4921; x_wconf 92' lang='grc' dir='ltr'>Θεοῦ.</span> <span class='ocrx_word' id='word_1_1040' title='bbox 2613 4869 2676 4921; x_wconf 86' lang='grc' dir='ltr'>Εί</span> <span class='ocrx_word' id='word_1_1041' title='bbox 2702 4868 2877 4921; x_wconf 90' lang='grc' dir='ltr'>τοίνυν</span> <span class='ocrx_word' id='word_1_1042' title='bbox 2903 4866 3278 4937; x_wconf 88' lang='grc' dir='ltr'>φιλανθρωπία</span> <span class='ocrx_word' id='word_1_1043' title='bbox 3308 4865 3505 4935; x_wconf 81' lang='grc' dir='ltr'>μᾶλλον</span> <span class='ocrx_word' id='word_1_1044' title='bbox 3522 4868 3683 4935; x_wconf 87' lang='grc' dir='ltr'>φόνου</span> <span class='ocrx_word' id='word_1_1045' title='bbox 3711 4885 3839 4920; x_wconf 79' lang='grc' dir='ltr'>κοιτ⁸</span> 
     </span>
    </p>
   </div>
   <div class='ocr_carea' id='block_1_123' title="bbox 2174 4946 3837 5019">
    <p class='ocr_par' dir='ltr' id='par_1_123' title="bbox 2174 4946 3837 5019">
     <span class='ocr_line' id='line_1_126' title="bbox 2174 4946 3837 5019; baseline 0 -18"><span class='ocrx_word' id='word_1_1046' title='bbox 2174 4948 2354 5019; x_wconf 87' lang='grc' dir='ltr'>έκρινε</span> <span class='ocrx_word' id='word_1_1047' title='bbox 2403 4949 2492 5002; x_wconf 83' lang='grc' dir='ltr'>διά</span> <span class='ocrx_word' id='word_1_1048' title='bbox 2516 4948 2578 5000; x_wconf 85' lang='grc' dir='ltr'>τὸ</span> <span class='ocrx_word' id='word_1_1049' title='bbox 2603 4946 3053 5017; x_wconf 87' lang='grc' dir='ltr'>παρακουσθῆναι</span> <span class='ocrx_word' id='word_1_1050' title='bbox 3079 4946 3233 5011; x_wconf 83' lang='grc' dir='ltr'>Θεὸν,</span> <span class='ocrx_word' id='word_1_1051' title='bbox 3260 4946 3310 4998; x_wconf 90' lang='grc' dir='ltr'>τί</span> <span class='ocrx_word' id='word_1_1052' title='bbox 3334 4946 3647 5016; x_wconf 78' lang='grc' dir='ltr'>θαυμαστὸν</span> <span class='ocrx_word' id='word_1_1053' title='bbox 3668 4948 3716 5000; x_wconf 88' lang='grc' dir='ltr'>εί</span> <span class='ocrx_word' id='word_1_1054' title='bbox 3739 4952 3837 5016; x_wconf 77' lang='grc' dir='ltr'>γά-</span> 
     </span>
    </p>
   </div>
   <div class='ocr_carea' id='block_1_124' title="bbox 2176 5026 3839 5097">
    <p class='ocr_par' dir='ltr' id='par_1_124' title="bbox 2176 5026 3839 5097">
     <span class='ocr_line' id='line_1_127' title="bbox 2176 5026 3839 5097; baseline 0.001 -18"><span class='ocrx_word' id='word_1_1055' title='bbox 2176 5045 2277 5097; x_wconf 88' lang='grc' dir='ltr'>μος</span> <span class='ocrx_word' id='word_1_1056' title='bbox 2301 5029 2541 5097; x_wconf 88' lang='grc' dir='ltr'>μοιχείας</span> <span class='ocrx_word' id='word_1_1057' title='bbox 2570 5026 2918 5092; x_wconf 76' lang='grc' dir='ltr'>καταδικάζει</span> <span class='ocrx_word' id='word_1_1058' title='bbox 2951 5027 3174 5097; x_wconf 84' lang='grc' dir='ltr'>μᾶλλον,</span> <span class='ocrx_word' id='word_1_1059' title='bbox 3202 5027 3291 5080; x_wconf 90' lang='grc' dir='ltr'>διά</span> <span class='ocrx_word' id='word_1_1060' title='bbox 3313 5027 3373 5079; x_wconf 83' lang='grc' dir='ltr'>τὸ</span> <span class='ocrx_word' id='word_1_1061' title='bbox 3396 5026 3720 5096; x_wconf 88' lang='grc' dir='ltr'>ἀθετηθῆναι</span> <span class='ocrx_word' id='word_1_1062' title='bbox 3748 5028 3839 5080; x_wconf 87' lang='grc' dir='ltr'>τὸν</span> 
     </span>
    </p>
   </div>
   <div class='ocr_carea' id='block_1_125' title="bbox 2170 5103 3835 5179">
    <p class='ocr_par' dir='ltr' id='par_1_125' title="bbox 2170 5103 3835 5179">
     <span class='ocr_line' id='line_1_128' title="bbox 2170 5103 3835 5179; baseline -0.001 -18"><span class='ocrx_word' id='word_1_1063' title='bbox 2170 5108 2433 5177; x_wconf 88' lang='grc' dir='ltr'>Χριστόν;</span> <span class='ocrx_word' id='word_1_1064' title='bbox 2471 5109 2645 5179; x_wconf 87' lang='grc' dir='ltr'>Ὅπερ</span> <span class='ocrx_word' id='word_1_1065' title='bbox 2668 5109 2779 5179; x_wconf 91' lang='lat'>7&amp;9</span> <span class='ocrx_word' id='word_1_1066' title='bbox 2798 5109 2897 5179; x_wconf 81' lang='grc' dir='ltr'>τὴν</span> <span class='ocrx_word' id='word_1_1067' title='bbox 2926 5108 3100 5179; x_wconf 85' lang='grc' dir='ltr'>ἀρχὴν</span> <span class='ocrx_word' id='word_1_1068' title='bbox 3125 5107 3280 5179; x_wconf 77' lang='grc' dir='ltr'>ἔφην,</span> <span class='ocrx_word' id='word_1_1069' title='bbox 3304 5110 3351 5161; x_wconf 89' lang='grc' dir='ltr'>εί</span> <span class='ocrx_word' id='word_1_1070' title='bbox 3386 5108 3482 5176; x_wconf 89' lang='grc' dir='ltr'>μὲν</span> <span class='ocrx_word' id='word_1_1071' title='bbox 3513 5107 3723 5178; x_wconf 81' lang='grc' dir='ltr'>ίδιώτης</span> <span class='ocrx_word' id='word_1_1072' title='bbox 3746 5103 3835 5178; x_wconf 82' lang='grc' dir='ltr'>ἧς,</span> 
     </span>
    </p>
   </div>
   <div class='ocr_carea' id='block_1_126' title="bbox 2170 5184 3836 5259">
    <p class='ocr_par' dir='ltr' id='par_1_126' title="bbox 2170 5184 3836 5259">
     <span class='ocr_line' id='line_1_129' title="bbox 2170 5184 3836 5259; baseline 0.002 -22"><span class='ocrx_word' id='word_1_1073' title='bbox 2170 5184 2348 5249; x_wconf 77' lang='grc' dir='ltr'>οὐδεὶς</span> <span class='ocrx_word' id='word_1_1074' title='bbox 2369 5186 2436 5240; x_wconf 79' lang='grc' dir='ltr'>ἄν</span> <span class='ocrx_word' id='word_1_1075' title='bbox 2458 5204 2517 5240; x_wconf 93' lang='grc' dir='ltr'>σε</span> <span class='ocrx_word' id='word_1_1076' title='bbox 2538 5187 2869 5259; x_wconf 89' lang='grc' dir='ltr'>ἀστρατείας</span> <span class='ocrx_word' id='word_1_1077' title='bbox 2901 5188 3197 5258; x_wconf 67' lang='grc' dir='ltr'>ἐγράψατοο</span> <span class='ocrx_word' id='word_1_1078' title='bbox 3223 5186 3339 5239; x_wconf 74' lang='grc' dir='ltr'>νυνὶ</span> <span class='ocrx_word' id='word_1_1079' title='bbox 3363 5186 3419 5238; x_wconf 88' lang='grc' dir='ltr'>δὲ</span> <span class='ocrx_word' id='word_1_1080' title='bbox 3444 5186 3626 5239; x_wconf 84' lang='grc' dir='ltr'>οὐκέτι</span> <span class='ocrx_word' id='word_1_1081' title='bbox 3650 5187 3836 5259; x_wconf 89' lang='grc' dir='ltr'>κύριος</span> 
     </span>
    </p>
   </div>
   <div class='ocr_carea' id='block_1_127' title="bbox 2171 5262 3832 5337">
    <p class='ocr_par' dir='ltr' id='par_1_127' title="bbox 2171 5262 3832 5337">
     <span class='ocr_line' id='line_1_130' title="bbox 2171 5262 3832 5337; baseline 0.002 -20"><span class='ocrx_word' id='word_1_1082' title='bbox 2171 5262 2265 5317; x_wconf 76' lang='grc' dir='ltr'>εῐι</span> <span class='ocrx_word' id='word_1_1083' title='bbox 2298 5267 2496 5319; x_wconf 86' lang='grc' dir='ltr'>σαυτοῦ</span> <span class='ocrx_word' id='word_1_1084' title='bbox 2518 5306 2532 5330; x_wconf 94' lang='grc'>,</span> <span class='ocrx_word' id='word_1_1085' title='bbox 2574 5267 2787 5337; x_wconf 91' lang='grc' dir='ltr'>βασιλεῖ</span> <span class='ocrx_word' id='word_1_1086' title='bbox 2816 5268 3039 5332; x_wconf 87' lang='grc' dir='ltr'>τοιούτῳ</span> <span class='ocrx_word' id='word_1_1087' title='bbox 3086 5266 3529 5336; x_wconf 86' lang='grc' dir='ltr'>στρατευόμενος.</span> <span class='ocrx_word' id='word_1_1088' title='bbox 3566 5266 3629 5319; x_wconf 73' lang='lat' dir='ltr'><strong>Et</strong></span> <span class='ocrx_word' id='word_1_1089' title='bbox 3662 5266 3771 5337; x_wconf 88' lang='lat'>7&amp;9</span> <span class='ocrx_word' id='word_1_1090' title='bbox 3800 5270 3832 5336; x_wconf 93' lang='grc' dir='ltr'>ή</span> 
     </span>
    </p>
   </div>
   <div class='ocr_carea' id='block_1_128' title="bbox 2170 5343 3835 5419">
    <p class='ocr_par' dir='ltr' id='par_1_128' title="bbox 2170 5343 3835 5419">
     <span class='ocr_line' id='line_1_131' title="bbox 2170 5343 3835 5419; baseline 0.003 -25"><span class='ocrx_word' id='word_1_1091' title='bbox 2170 5344 2307 5415; x_wconf 83' lang='grc' dir='ltr'>γυνὴ</span> <span class='ocrx_word' id='word_1_1092' title='bbox 2328 5345 2422 5399; x_wconf 87' lang='grc' dir='ltr'>τοῦ</span> <span class='ocrx_word' id='word_1_1093' title='bbox 2448 5346 2579 5401; x_wconf 90' lang='grc' dir='ltr'>ἰδίου</span> <span class='ocrx_word' id='word_1_1094' title='bbox 2605 5347 2854 5418; x_wconf 90' lang='grc' dir='ltr'>σώματος</span> <span class='ocrx_word' id='word_1_1095' title='bbox 2876 5346 2975 5399; x_wconf 90' lang='grc' dir='ltr'>οὐκ</span> <span class='ocrx_word' id='word_1_1096' title='bbox 2995 5343 3319 5411; x_wconf 80' lang='grc' dir='ltr'>ἐξουσιάζει,</span> <span class='ocrx_word' id='word_1_1097' title='bbox 3345 5345 3458 5399; x_wconf 83' lang='grc' dir='ltr'>ἀλλ’</span> <span class='ocrx_word' id='word_1_1098' title='bbox 3484 5348 3513 5401; x_wconf 90' lang='lat'>6</span> <span class='ocrx_word' id='word_1_1099' title='bbox 3529 5345 3687 5419; x_wconf 80' lang='grc' dir='ltr'>ἀνὴρ,</span> <span class='ocrx_word' id='word_1_1100' title='bbox 3713 5347 3835 5401; x_wconf 87' lang='grc' dir='ltr'>πολ-</span> 
     </span>
    </p>
   </div>
   <div class='ocr_carea' id='block_1_129' title="bbox 2237 5465 3559 5535">
    <p class='ocr_par' dir='ltr' id='par_1_129' title="bbox 2237 5465 3559 5535">
     <span class='ocr_line' id='line_1_132' title="bbox 2237 5465 3559 5535; baseline 0.001 -19"><span class='ocrx_word' id='word_1_1101' title='bbox 2237 5465 2259 5535; x_wconf 62' lang='grc' dir='ltr'><strong>ξ</strong></span> <span class='ocrx_word' id='word_1_1102' title='bbox 2281 5467 2409 5535; x_wconf 52' lang='grc' dir='ltr'>μεθ.</span> <span class='ocrx_word' id='word_1_1103' title='bbox 2435 5471 2515 5520; x_wconf 85' lang='grc' dir='ltr'>καί</span> <span class='ocrx_word' id='word_1_1104' title='bbox 2543 5470 2745 5535; x_wconf 84' lang='grc' dir='ltr'>φορτίον.</span> <span class='ocrx_word' id='word_1_1105' title='bbox 2771 5469 3002 5535; x_wconf 77' lang='lat' dir='ltr'><strong>InSavit.</strong></span> <span class='ocrx_word' id='word_1_1106' title='bbox 3028 5474 3083 5535; x_wconf 79' lang='lat' dir='ltr'>et</span> <span class='ocrx_word' id='word_1_1107' title='bbox 3102 5470 3275 5535; x_wconf 70' lang='lat' dir='ltr'><strong>Mqrel.</strong></span> <span class='ocrx_word' id='word_1_1108' title='bbox 3301 5469 3384 5535; x_wconf 61' lang='grc' dir='ltr'>καί</span> <span class='ocrx_word' id='word_1_1109' title='bbox 3399 5470 3559 5535; x_wconf 66' lang='grc' dir='ltr'>ἀθεεὶ.</span> 
     </span>
    </p>
   </div>
   <div class='ocr_carea' id='block_1_130' title="bbox 2234 5530 3835 5593">
    <p class='ocr_par' dir='ltr' id='par_1_130' title="bbox 2234 5530 3835 5593">
     <span class='ocr_line' id='line_1_133' title="bbox 2234 5530 3835 5593; baseline -0.001 -14"><span class='ocrx_word' id='word_1_1110' title='bbox 2234 5530 2428 5582; x_wconf 69' lang='lat' dir='ltr'><strong>SSavil.</strong></span> <span class='ocrx_word' id='word_1_1111' title='bbox 2454 5538 2507 5581; x_wconf 83' lang='lat' dir='ltr'>et</span> <span class='ocrx_word' id='word_1_1112' title='bbox 2526 5530 2621 5582; x_wconf 69' lang='lat' dir='ltr'>dub</span> <span class='ocrx_word' id='word_1_1113' title='bbox 2665 5545 2779 5580; x_wconf 86' lang='lat' dir='ltr'>mss.</span> <span class='ocrx_word' id='word_1_1114' title='bbox 2821 5534 2957 5593; x_wconf 77' lang='grc' dir='ltr'>ὑμᾶς·</span> <span class='ocrx_word' id='word_1_1115' title='bbox 2999 5534 3080 5580; x_wconf 90' lang='grc' dir='ltr'>καί</span> <span class='ocrx_word' id='word_1_1116' title='bbox 3114 5532 3271 5593; x_wconf 84' lang='grc' dir='ltr'>πάλιν,</span> <span class='ocrx_word' id='word_1_1117' title='bbox 3320 5530 3511 5593; x_wconf 79' lang='grc' dir='ltr'>Ἀρατε.</span> <span class='ocrx_word' id='word_1_1118' title='bbox 3552 5530 3679 5581; x_wconf 81' lang='lat' dir='ltr'><strong>Infra</strong></span> <span class='ocrx_word' id='word_1_1119' title='bbox 3713 5544 3835 5580; x_wconf 84' lang='lat' dir='ltr'><strong>unus</strong></span> 
     </span>
    </p>
   </div>
   <div class='ocr_carea' id='block_1_131' title="bbox 2170 5591 3835 5703">
    <p class='ocr_par' dir='ltr' id='par_1_131' title="bbox 2170 5591 3835 5703">
     <span class='ocr_line' id='line_1_134' title="bbox 2170 5591 3835 5663; baseline 0.004 -24"><span class='ocrx_word' id='word_1_1120' title='bbox 2170 5593 2428 5663; x_wconf 87' lang='grc' dir='ltr'>φροντίδων</span> <span class='ocrx_word' id='word_1_1121' title='bbox 2451 5596 2681 5657; x_wconf 87' lang='grc' dir='ltr'>βιωτικῶν</span> <span class='ocrx_word' id='word_1_1122' title='bbox 2704 5595 2785 5641; x_wconf 83' lang='grc' dir='ltr'>καὶ</span> <span class='ocrx_word' id='word_1_1123' title='bbox 2803 5591 3091 5656; x_wconf 83' lang='grc' dir='ltr'>πραγμάτων</span> <span class='ocrx_word' id='word_1_1124' title='bbox 3110 5594 3188 5640; x_wconf 85' lang='grc' dir='ltr'>καὶ</span> <span class='ocrx_word' id='word_1_1125' title='bbox 3208 5591 3366 5654; x_wconf 89' lang='grc' dir='ltr'>φόϐων</span> <span class='ocrx_word' id='word_1_1126' title='bbox 3388 5591 3725 5657; x_wconf 79' lang='grc' dir='ltr'>καθημερινῶν.</span> <span class='ocrx_word' id='word_1_1127' title='bbox 3747 5595 3835 5644; x_wconf 87' lang='lat' dir='ltr'>Sa-</span> 
     </span>
     <span class='ocr_line' id='line_1_135' title="bbox 2170 5654 3263 5703; baseline -0.001 0"><span class='ocrx_word' id='word_1_1128' title='bbox 2170 5658 2253 5703; x_wconf 76' lang='lat' dir='ltr'><strong>vn.</strong></span> <span class='ocrx_word' id='word_1_1129' title='bbox 2292 5656 2410 5703; x_wconf 88' lang='lat' dir='ltr'><strong>item</strong></span> <span class='ocrx_word' id='word_1_1130' title='bbox 2433 5656 2581 5703; x_wconf 81' lang='lat' dir='ltr'><strong>habet</strong></span> <span class='ocrx_word' id='word_1_1131' title='bbox 2612 5657 2934 5703; x_wconf 68' lang='grc' dir='ltr'>καθηιιεοινῶν</span> <span class='ocrx_word' id='word_1_1132' title='bbox 2952 5661 3060 5703; x_wconf 77' lang='lat' dir='ltr'>post</span> <span class='ocrx_word' id='word_1_1133' title='bbox 3087 5654 3263 5703; x_wconf 82' lang='grc' dir='ltr'>φόϐων.</span> 
     </span>
    </p>
   </div>
   <div class='ocr_carea' id='block_1_132' title="bbox 2233 5658 3407 5779">
    <p class='ocr_par' dir='ltr' id='par_1_132' title="bbox 2233 5658 3407 5779">
     <span class='ocr_line' id='line_1_136' title="bbox 2233 5658 3263 5718; baseline 0.003 -19"><span class='ocrx_word' id='word_1_1134' title='bbox 2233 5674 2253 5700; x_wconf 81' lang='grc' dir='ltr'>ι.</span> <span class='ocrx_word' id='word_1_1135' title='bbox 2292 5658 2410 5703; x_wconf 88' lang='lat' dir='ltr'><strong>item</strong></span> <span class='ocrx_word' id='word_1_1136' title='bbox 2433 5658 2581 5705; x_wconf 85' lang='lat' dir='ltr'><strong>habet</strong></span> <span class='ocrx_word' id='word_1_1137' title='bbox 2612 5658 2934 5718; x_wconf 70' lang='grc' dir='ltr'>καθημερινᾶΝ</span> <span class='ocrx_word' id='word_1_1138' title='bbox 2952 5661 3060 5715; x_wconf 86' lang='lat' dir='ltr'>post</span> <span class='ocrx_word' id='word_1_1139' title='bbox 3121 5658 3263 5702; x_wconf 87' lang='grc' dir='ltr'>όϐων.</span> 
     </span>
     <span class='ocr_line' id='line_1_137' title="bbox 2233 5672 3407 5779; baseline 0 -14"><span class='ocrx_word' id='word_1_1140' title='bbox 2233 5712 2262 5779; x_wconf 51' lang='grc' dir='ltr'>ξ</span> <span class='ocrx_word' id='word_1_1141' title='bbox 2292 5716 2445 5779; x_wconf 79' lang='lat' dir='ltr'><strong>Savil.</strong></span> <span class='ocrx_word' id='word_1_1142' title='bbox 2474 5718 2713 5779; x_wconf 84' lang='grc' dir='ltr'>ἀρχόντων</span> <span class='ocrx_word' id='word_1_1143' title='bbox 2730 5720 2826 5766; x_wconf 85' lang='grc' dir='ltr'>τῶν</span> <span class='ocrx_word' id='word_1_1144' title='bbox 2848 5718 2940 5765; x_wconf 84' lang='grc' dir='ltr'>ὐπὸ</span> <span class='ocrx_word' id='word_1_1145' title='bbox 2960 5718 3045 5773; x_wconf 83' lang='grc' dir='ltr'>τήν</span> <span class='ocrx_word' id='word_1_1146' title='bbox 3066 5672 3281 5771; x_wconf 53' lang='grc' dir='ltr'>ἐξουσίαν</span> <span class='ocrx_word' id='word_1_1147' title='bbox 3302 5713 3407 5765; x_wconf 76' lang='grc' dir='ltr'>τοῦ.</span> 
     </span>
    </p>
   </div>
   <div class='ocr_carea' id='block_1_133' title="bbox 2238 5777 2615 5834">
    <p class='ocr_par' dir='ltr' id='par_1_133' title="bbox 2238 5777 2615 5834">
     <span class='ocr_line' id='line_1_138' title="bbox 2238 5777 2615 5834; baseline 0.005 -9"><span class='ocrx_word' id='word_1_1148' title='bbox 2238 5777 2254 5815; x_wconf 74' lang='lat' dir='ltr'><strong>i</strong></span> <span class='ocrx_word' id='word_1_1149' title='bbox 2282 5777 2431 5827; x_wconf 83' lang='lat' dir='ltr'><strong>Savil.</strong></span> <span class='ocrx_word' id='word_1_1150' title='bbox 2455 5777 2615 5834; x_wconf 83' lang='grc' dir='ltr'>καλός.</span> 
     </span>
    </p>
   </div>
   <div class='ocr_carea' id='block_1_134' title="bbox 2212 5839 3835 5914">
    <p class='ocr_par' dir='ltr' id='par_1_134' title="bbox 2212 5839 3835 5914">
     <span class='ocr_line' id='line_1_139' title="bbox 2212 5839 3835 5914; baseline 0 -25"><span class='ocrx_word' id='word_1_1151' title='bbox 2212 5840 2251 5914; x_wconf 45' lang='lat' dir='ltr'>&#39;i</span> <span class='ocrx_word' id='word_1_1152' title='bbox 2283 5842 2394 5889; x_wconf 86' lang='lat' dir='ltr'><strong>Sav.</strong></span> <span class='ocrx_word' id='word_1_1153' title='bbox 2410 5842 2460 5888; x_wconf 88' lang='lat' dir='ltr'>in</span> <span class='ocrx_word' id='word_1_1154' title='bbox 2485 5855 2637 5903; x_wconf 83' lang='lat' dir='ltr'><strong>marg.</strong></span> <span class='ocrx_word' id='word_1_1155' title='bbox 2652 5842 2817 5903; x_wconf 85' lang='grc' dir='ltr'>γαμεῖν</span> <span class='ocrx_word' id='word_1_1156' title='bbox 2834 5841 3043 5904; x_wconf 75' lang='grc' dir='ltr'>νομίμως</span> <span class='ocrx_word' id='word_1_1157' title='bbox 3064 5839 3168 5890; x_wconf 82' lang='grc' dir='ltr'>οὐκ.</span> <span class='ocrx_word' id='word_1_1158' title='bbox 3186 5841 3324 5893; x_wconf 84' lang='lat' dir='ltr'><strong>Unus</strong></span> <span class='ocrx_word' id='word_1_1159' title='bbox 3342 5842 3447 5891; x_wconf 88' lang='lat' dir='ltr'>cod.</span> <span class='ocrx_word' id='word_1_1160' title='bbox 3469 5841 3634 5904; x_wconf 80' lang='grc' dir='ltr'>γαμεῖν</span> <span class='ocrx_word' id='word_1_1161' title='bbox 3656 5844 3739 5907; x_wconf 70' lang='grc' dir='ltr'>μὲν</span> <span class='ocrx_word' id='word_1_1162' title='bbox 3759 5862 3835 5895; x_wconf 78' lang='grc' dir='ltr'>νο-</span> 
     </span>
    </p>
   </div>
   <div class='ocr_carea' id='block_1_135' title="bbox 2210 5921 2345 5951">
    <p class='ocr_par' dir='ltr' id='par_1_135' title="bbox 2210 5921 2345 5951">
     <span class='ocr_line' id='line_1_140' title="bbox 2210 5921 2345 5951; baseline 0.015 -2"><span class='ocrx_word' id='word_1_1163' title='bbox 2210 5921 2345 5951; x_wconf 71' lang='grc' dir='ltr'>ιιιως.</span> 
     </span>
    </p>
   </div>
   <div class='ocr_carea' id='block_1_136' title="bbox 2229 5919 3407 6029">
    <p class='ocr_par' dir='ltr' id='par_1_136' title="bbox 2229 5919 3407 6029">
     <span class='ocr_line' id='line_1_141' title="bbox 2229 5919 3407 6029; baseline 0 -15"><span class='ocrx_word' id='word_1_1164' title='bbox 2229 5919 2436 6029; x_wconf 48' lang='grc' dir='ltr'>ῗθξένίι.</span> <span class='ocrx_word' id='word_1_1165' title='bbox 2459 5969 2511 6014; x_wconf 87' lang='lat' dir='ltr'>et</span> <span class='ocrx_word' id='word_1_1166' title='bbox 2530 5980 2649 6017; x_wconf 85' lang='lat' dir='ltr'>mss.</span> <span class='ocrx_word' id='word_1_1167' title='bbox 2673 5966 2730 6026; x_wconf 80' lang='grc' dir='ltr'>ἧς</span> <span class='ocrx_word' id='word_1_1168' title='bbox 2752 5968 2979 6029; x_wconf 76' lang='grc' dir='ltr'>ἐξήνεγκε.</span> <span class='ocrx_word' id='word_1_1169' title='bbox 3012 5964 3185 6017; x_wconf 76' lang='lat' dir='ltr'>Morel.</span> <span class='ocrx_word' id='word_1_1170' title='bbox 3208 5968 3264 6023; x_wconf 90' lang='grc' dir='ltr'>ἢν</span> <span class='ocrx_word' id='word_1_1171' title='bbox 3284 5966 3407 6029; x_wconf 71' lang='grc' dir='ltr'>ἐξῆν.</span> 
     </span>
    </p>
   </div>
   <div class='ocr_carea' id='block_1_137' title="bbox 2238 6026 3835 6104">
    <p class='ocr_par' dir='ltr' id='par_1_137' title="bbox 2238 6026 3835 6104">
     <span class='ocr_line' id='line_1_142' title="bbox 2238 6026 3835 6104; baseline -0.001 -26"><span class='ocrx_word' id='word_1_1172' title='bbox 2238 6026 2254 6104; x_wconf 56' lang='grc' dir='ltr'><em>ξ</em></span> <span class='ocrx_word' id='word_1_1173' title='bbox 2280 6029 2392 6101; x_wconf 71' lang='lat' dir='ltr'><strong>Say.</strong></span> <span class='ocrx_word' id='word_1_1174' title='bbox 2406 6028 2459 6075; x_wconf 85' lang='lat' dir='ltr'>in</span> <span class='ocrx_word' id='word_1_1175' title='bbox 2475 6040 2626 6091; x_wconf 79' lang='lat' dir='ltr'><strong>marg.</strong></span> <span class='ocrx_word' id='word_1_1176' title='bbox 2640 6026 2999 6103; x_wconf 65' lang='grc' dir='ltr'>λειποστρατίου</span> <span class='ocrx_word' id='word_1_1177' title='bbox 3018 6030 3171 6104; x_wconf 70' lang='grc' dir='ltr'>οὐδεὶς</span> <span class='ocrx_word' id='word_1_1178' title='bbox 3186 6028 3434 6104; x_wconf 69' lang='grc' dir='ltr'>ἐγράψατο·</span> <span class='ocrx_word' id='word_1_1179' title='bbox 3463 6028 3559 6104; x_wconf 63' lang='grc' dir='ltr'>νυνὶ</span> <span class='ocrx_word' id='word_1_1180' title='bbox 3579 6030 3629 6104; x_wconf 68' lang='grc' dir='ltr'>δὲ</span> <span class='ocrx_word' id='word_1_1181' title='bbox 3640 6032 3835 6104; x_wconf 68' lang='grc' dir='ltr'>⁸βασιλεῖ</span> 
     </span>
    </p>
   </div>
   <div class='ocr_carea' id='block_1_138' title="bbox 2172 6089 3833 6153">
    <p class='ocr_par' dir='ltr' id='par_1_138' title="bbox 2172 6089 3833 6153">
     <span class='ocr_line' id='line_1_143' title="bbox 2172 6089 3833 6153; baseline 0.002 -18"><span class='ocrx_word' id='word_1_1182' title='bbox 2172 6089 3012 6153; x_wconf 76' lang='grc' dir='ltr'>τη)ικούτῳστρατευόμενος,τοῦτον</span> <span class='ocrx_word' id='word_1_1183' title='bbox 3034 6089 3415 6147; x_wconf 75' lang='grc' dir='ltr'>καταλιπὼν,Μί</span> <span class='ocrx_word' id='word_1_1184' title='bbox 3434 6092 3501 6152; x_wconf 82' lang='grc' dir='ltr'>τῷ</span> <span class='ocrx_word' id='word_1_1185' title='bbox 3523 6089 3669 6153; x_wconf 81' lang='grc' dir='ltr'>έχθρῷ</span> <span class='ocrx_word' id='word_1_1186' title='bbox 3681 6094 3833 6140; x_wconf 84' lang='grc' dir='ltr'>ἀπαν-</span> 
     </span>
    </p>
   </div>
   <div class='ocr_carea' id='block_1_139' title="bbox 2182 6153 3766 6216">
    <p class='ocr_par' dir='ltr' id='par_1_139' title="bbox 2182 6153 3766 6216">
     <span class='ocr_line' id='line_1_144' title="bbox 2182 6153 3766 6216; baseline 0.002 -18"><span class='ocrx_word' id='word_1_1187' title='bbox 2182 6155 2461 6215; x_wconf 70' lang='grc' dir='ltr'>τομολήσας,</span> <span class='ocrx_word' id='word_1_1188' title='bbox 2483 6154 2547 6203; x_wconf 76' lang='grc' dir='ltr'>τίς</span> <span class='ocrx_word' id='word_1_1189' title='bbox 2574 6170 2627 6201; x_wconf 76' lang='grc' dir='ltr'>σε</span> <span class='ocrx_word' id='word_1_1190' title='bbox 2656 6156 2810 6201; x_wconf 71' lang='grc' dir='ltr'>λειποτ</span> <span class='ocrx_word' id='word_1_1191' title='bbox 2833 6154 2948 6207; x_wconf 75' lang='grc' dir='ltr'>ιξῖου</span> <span class='ocrx_word' id='word_1_1192' title='bbox 2972 6156 3024 6201; x_wconf 75' lang='grc' dir='ltr'>ον</span> <span class='ocrx_word' id='word_1_1193' title='bbox 3047 6153 3298 6216; x_wconf 69' lang='grc' dir='ltr'>γράψεταις</span> <span class='ocrx_word' id='word_1_1194' title='bbox 3322 6153 3425 6203; x_wconf 77' lang='grc' dir='ltr'>Οὐκ</span> <span class='ocrx_word' id='word_1_1195' title='bbox 3450 6153 3511 6202; x_wconf 73' lang='grc' dir='ltr'>ἔτι</span> <span class='ocrx_word' id='word_1_1196' title='bbox 3538 6154 3692 6214; x_wconf 59' lang='grc' dir='ltr'>κύριος</span> <span class='ocrx_word' id='word_1_1197' title='bbox 3714 6154 3766 6205; x_wconf 73' lang='grc' dir='ltr'>ςῗ.</span> 
     </span>
    </p>
   </div>
  </div>
