4516 6708
821 537 927 594 313

809 651 886 722 λῷ
916 652 1114 724 μᾶλλον
1143 650 1192 704 οἰ
1225 652 1283 705 ἐν
1316 649 1538 722 Χριστῷ
1568 650 1768 715 ζῶντες
1806 651 1906 703 οὐκ
1949 647 2013 702 ἂν
2061 643 2169 700 εἶεν
2206 645 2360 698 αὐτοὶ
2389 643 2479 696 τοῦ

814 738 1064 809 σώματος
1105 737 1284 792 αὐτῶν
1329 738 1528 810 κύριοι.
1582 739 1640 791 '0
1678 735 2112 810 καταφρονηθεὶς
2166 732 2262 787 νῦν
2323 731 2484 791 αὐτός

813 829 960 879 ἐστιν
979 828 1007 878 ὁ
1030 825 1151 880 τότε
1173 826 1428 892 δικάζων·
1458 823 1644 880 τοῦτον
1670 827 1838 880 ἐννόει
1867 827 1936 879 δι’
1958 825 2078 879 ὅλου
2100 862 2114 886 ,
2151 824 2248 876 καὶ
2271 823 2364 875 τὸν
2390 838 2486 874 πο·

813 913 981 984 ταμὸν
1010 912 1106 967 τοῦ
1145 915 1313 986 πυρός
1333 932 1346 944 ’
1379 913 1655 984 Ποταμός
1683 914 1792 986 γὰρ
1814 956 1827 979 ,
1875 913 2058 984 φησιν,
2093 908 2259 964 εἷλκε
2299 908 2488 977 πυρὸς

813 1001 928 1069 πρὸ
965 1003 1290 1072 προσώπου
1324 1001 1511 1056 αὑτοῦ
1531 1021 1545 1033 ·
1570 1004 1672 1056 οὐκ
1699 1003 1813 1056 ἐστι
1841 1002 1950 1072 γὰρ
1978 1001 2105 1071 παρ’
2136 998 2252 1071 [59]
2281 998 2488 1052 ἐκείνου

815 1091 1190 1161 παραδοθέντα
1205 1089 1285 1162 τῷ
1311 1092 1443 1164 πυρὶ
1465 1090 1830 1162 προσδοκῆσαι
1858 1089 2132 1149 κολάσεως
2152 1087 2324 1152 τέλος.
2355 1085 2488 1138 Ἀλλ’

815 1180 871 1231 αἱ
914 1179 1012 1247 μὲν
1043 1179 1232 1233 ἄτοποι
1257 1179 1350 1232 τοῦ
1393 1179 1508 1249 βίου
1536 1179 1720 1247 ἡδοναὶ
1752 1179 1859 1230 τῶν
1889 1176 2055 1230 σκιῶν
2084 1177 2179 1229 καὶ
2202 1175 2491 1246 ὀνειράτων

815 1266 1163 1337 διαφέρουσιν
1191 1266 1364 1320 οὐδέν·
1391 1267 1520 1337 πρὶν
1543 1265 1576 1336 ἢ
1601 1264 1710 1337 γάρ
1740 1264 2059 1335 τελεσθῆναι
2084 1263 2152 1316 τά
2184 1264 2284 1334 τῆς
2316 1265 2493 1334 ἁμαρ⁸

815 1356 939 1417 τίας
960 1395 974 1415 ,
1006 1354 1285 1407 σϐέννυται
1313 1354 1380 1406 τά
1405 1353 1505 1423 τῆς
1529 1352 1723 1424 ἡδονῆς
1743 1369 1756 1382 ·
1784 1354 1844 1406 αἰ
1862 1353 1918 1407 δὲ
1946 1353 2084 1422 ὑπὲρ
2108 1351 2313 1405 τούτων
2335 1350 2494 1404 κολά-

817 1458 931 1504 σεις
961 1441 1132 1509 πέρας
1151 1441 1250 1493 οὐκ
1277 1440 1512 1510 ἔχουσιν.
1543 1441 1654 1496 Καὶ
1680 1442 1743 1494 τὸ
1767 1443 1866 1512 μὲν
1891 1440 1990 1512 ἡδὺ
2021 1438 2157 1510 πρὸς
2191 1438 2369 1508 ὀλίγον
2390 1477 2406 1503 ,
2434 1437 2492 1490 τὸ

816 1527 873 1580 δὲ
903 1529 1124 1599 ἀνιαρὸν
1153 1527 1391 1582 αἰώνιον.

903 1615 969 1666 Τί
1006 1615 1220 1685 βέϐαιον
1275 1616 1383 1669 τῶν
1432 1619 1489 1668 ἐν
1545 1615 1622 1685 τῷ
1668 1616 1893 1686 κόσμῳ,
1961 1615 2082 1668 εἰπέ
2135 1633 2261 1687 μοις
2321 1613 2494 1667 Πλοῦ-

818 1720 911 1766 τος
960 1705 988 1756 ό
1045 1705 1181 1775 μηδὲ
1252 1707 1412 1775 μέχρι
1465 1705 1564 1774 τῆς
1631 1704 1870 1776 ἑσπέρας
1943 1705 2130 1775 μείνας
2197 1704 2492 1767 πολλάκις;

831 1790 990 1844 Ἀλλά
1043 1791 1213 1857 δόξας
1269 1792 1383 1845 ἀλλ’
1439 1792 1604 1846 ἀκουέ
1657 1809 1803 1856 τινος
1834 1793 2084 1862 λέγοντος
2141 1793 2350 1846 δικαίου
2383 1809 2394 1819 ο
2442 1793 2494 1844 Ὀ

815 1875 954 1940 βίος
997 1891 1118 1943 μου
1157 1875 1332 1928 ἐστὶν
1367 1876 1766 1946 ἐλαφρότερος
1801 1877 2080 1948 δρομέως.
2131 1878 2343 1948 Ὥσπερ
2389 1877 2496 1947 γὰρ

820 1959 1020 2011 ἐκεῖνοι
1046 1957 1226 2030 πρὶνῆ
1253 1958 1446 2029 στῆναι
1469 1961 1879 2031 μεταπηδῶσιν,
1904 1961 2046 2014 οὕτω
2074 1961 2168 2014 καί.
2199 1961 2338 2031 αῦτη
2367 1960 2496 2030 πρὶν

821 2041 856 2110 ἢ
897 2042 1302 2112 παραγενέσθαι
1348 2043 1674 2112 ἀφίπταται.
1722 2045 1887 2098 Οὐδὲν
1915 2045 2093 2118 ψυχῆς
2133 2043 2492 2113 τιμιώτερον·

822 2125 920 2178 καὶ
963 2126 1084 2180 οὐδὲ
1123 2129 1172 2180 οἰ
1222 2129 1434 2199 μωρίας
1486 2130 1564 2192 εἰς
1610 2129 1839 2199 ἔσχατον
1891 2128 2182 2190 ἐλάσαντες
2226 2127 2495 2196 ἠγνόησαν

822 2207 1010 2262 τοῦτο·
1046 2209 1259 2279 Ψυχῆς
1297 2211 1408 2282 γὰρ
1443 2211 1626 2265 οὐδὲν
1660 2211 1946 2275 ἀντάξιον
1965 2220 2004 2274 ·,
2042 2209 2149 2263 τῶν
2183 2208 2382 2272 ἔξωθέν
2414 2226 2497 2270 τις

823 2297 1124 2368 ποιητικῶς
1161 2298 1287 2369 ἔφη.
1344 2295 1477 2352 Οἶδα
1519 2301 1601 2352 ὅτι
1650 2298 1785 2352 πολὺ
1819 2299 1955 2369 πρὸς
1994 2297 2093 2368 τὴν
2129 2297 2224 2350 τοῦ
2257 2297 2496 2368 πονηροῦ

823 2385 1002 2457 πάλην
1029 2386 1414 2460 ἀσθενέστερος
1440 2386 1688 2455 γέγονας·
1724 2383 1840 2440 οἰδα
1871 2387 1952 2439 ὅτι
1983 2387 2039 2438 ἐν
2072 2386 2211 2458 μέσῃ
2238 2385 2347 2438 τῶν
2371 2385 2498 2456 ἡδο-

822 2473 931 2526 νῶν
961 2474 1196 2544 ἕστηκας
1221 2476 1288 2545 τῇ
1308 2473 1493 2544 φλογί·
1517 2474 1634 2528 ἀλλ’
1666 2476 1760 2530 ἐὰν
1791 2475 1950 2548 εἴπῃς
1985 2474 2123 2546 πρὸς
2153 2474 2246 2526 τὸν
2277 2473 2496 2544 ἐχθρὸν,

823 2562 906 2615 δτι
939 2561 1070 2626 Ταῖς
1101 2562 1318 2633 ἡδοναῖς
1347 2580 1441 2616 σου
1463 2563 1523 2616 οὑ
1545 2563 1901 2634 λατρεύομεν,
1925 2563 2022 2616 καὶ
2043 2565 2111 2633 τῇ
2136 2561 2258 2632 ῥίζῃ
2286 2561 2502 2614 πάντων

825 2649 934 2703 τῶν
961 2650 1146 2704 κακῶν
1168 2667 1260 2704 σου
1285 2651 1344 2705 οὐ
1368 2651 1800 2726 προσκυνοῦμεν·
1822 2651 1887 2705 ἂν
1905 2651 2089 2721 τείνῃς
2107 2651 2221 2704 ἀνω
2245 2649 2305 2703 τδ
2325 2649 2500 2720 ὄμμα,

825 2737 1031 2806 τινάξει
1059 2739 1154 2793 καὶ
1196 2739 1290 2793 νῦν
1315 2739 1411 2810 τὴν
1441 2739 1614 2809 φλόγα
1648 2742 1676 2793 ὁ
1702 2740 1910 2810 Σωτὴρ,
1939 2739 2033 2792 καὶ
2059 2738 2187 2801 τοὺς
2221 2738 2320 2808 μὲν
2345 2739 2372 2777 b
2403 2739 2503 2804 ἐμ-

827 2821 1093 2886 ϐαλόντας
1123 2839 1181 2874 σε
1205 2824 1284 2886 εἰς
1311 2822 1372 2875 τὸ
1407 2822 1520 2895 πῦρ
1553 2822 1914 2888 κατακαύσει,
1947 2823 2029 2875 σοὶ
2055 2821 2111 2875 δὲ
2140 2824 2198 2873 ἐν
2229 2820 2370 2892 μέσῃ
2405 2837 2502 2872 κα-

834 2903 972 2975 μίνῳ
998 2906 1225 2976 νεφέλην
1244 2907 1336 2960 καὶ
1360 2906 1549 2978 δρόσον
1575 2907 1670 2960 καὶ
1695 2904 1911 2976 πνεῦμα
1935 2904 2247 2976 διασυρίζον
2268 2906 2501 2958 ἀποστε-

830 2987 934 3049 λεῖ,
962 2988 1038 3051 ῶς
1067 2989 1199 3060 μηδέ
1225 2988 1334 3042 τῶν
1355 2990 1631 3061 λογισμῶν
1663 3007 1757 3043 σου
1786 2990 2000 3061 καὶτῆς
2023 2988 2380 3059 συνειδήσεώς
2411 3005 2501 3040 σου

831 3071 1076 3141 ἅψασθαι
1119 3072 1182 3126 τὸ
1217 3071 1327 3143 πῦρ
1350 3090 1362 3104 ·
1398 3075 1558 3143 μόνον
1592 3072 1817 3126 σεαυτὸν
1865 3073 1939 3142 μὴ
1981 3071 2356 3142 κατακαύσῃς.
2396 3071 2505 3123 Καὶ

833 3156 941 3227 γὰρ
969 3155 1067 3221 τὰς
1097 3156 1298 3227 ὀχυρὰς
1319 3156 1429 3209 τῶν
1457 3157 1663 3210 πόλεων
1691 3156 1830 3210 ὅπλα
1860 3157 1957 3227 μὲν
1988 3155 2248 3218 πολλάκις
2280 3155 2371 3208 καὶ
2405 3173 2506 3224 μη-

833 3239 1125 3310 χανήματα
1154 3239 1261 3292 τῶν
1288 3238 1488 3306 ἔξωθεν
1517 3240 1618 3292 οὐκ
1644 3239 1830 3310 ἴσχυσε
1861 3237 2132 3302 καθελεῖν,
2163 3237 2422 3308 προδοσία
2450 3237 2505 3290 δὲ

835 3325 953 3387 ἐνὸς
984 3323 1016 3393 ἢ
1045 3322 1138 3376 δύο
1167 3322 1278 3376 τῶν
1294 3322 1440 3376 ένδον
1473 3321 1766 3376 οἰκούντων
1813 3320 2046 3374 πολιτῶν
2080 3321 2312 3391 ἀπονητὶ
2345 3320 2506 3390 παρέ-

834 3403 974 3458 δωκε
1000 3409 1112 3468 τοῖς
1150 3404 1380 3478 ἐχθροῖς.
1407 3405 1517 3458 Καὶ
1538 3403 1652 3469 νῦν,
1668 3405 1715 3457 εἰ
1739 3403 1925 3475 μηδείς
1951 3420 2009 3456 σε
2029 3404 2137 3457 τῶν
2160 3404 2306 3457 ἔνδον
2327 3403 2508 3474 προδῷ

835 3487 1141 3558 λογισμῶν,
1163 3488 1265 3542 κάν
1295 3487 1458 3560 μυρία
1495 3488 1822 3559 προσαγάγῃ
1855 3487 2226 3558 μηχανήματα
2256 3486 2455 3552 ἔξωθεν
2481 3489 2509 3540 6

837 3571 1073 3642 πονηρὸς
1093 3610 1110 3634 ,
1137 3571 1398 3644 προσάξει
1432 3569 1632 3642 μάτην.

909 3655 972 3708 δ’.
999 3655 1233 3719 Πολλοὺς
1264 3655 1405 3726 ἔχεις
1421 3654 1554 3708 Θεοῦ
1571 3657 1754 3727 χάριτι
1771 3655 1863 3708 καὶ
1881 3652 2153 3725 μεγάλους
2171 3653 2297 3716 τοὺς
2313 3653 2510 3707 συναλ-

838 3739 1088 3806 γοῦντας,
1113 3739 1237 3802 τοὺς
1266 3738 1603 3809 ἀλείφοντας,
1637 3741 1764 3802 τοὺς
1792 3739 1932 3811 ὑπὲρ
1959 3739 2060 3810 τῆς
2083 3739 2179 3809 σῆς
2213 3739 2513 3808 τρέμοντας

841 3821 1020 3892 ψυχῆς
1041 3863 1056 3887 ,
1082 3821 1174 3876 τὸν
1206 3822 1359 3891 ἀγιον
1385 3821 1478 3876 τοῦ
1509 3823 1646 3876 Θεοῦ
1678 3822 1936 3894 Βαλέριον
1959 3833 2006 3888 ο,
2032 3823 2124 3876 τὸν
2151 3823 2330 3876 πάντα
2362 3823 2513 3894 αὐτῷ

842 3907 1075 3976 ἀδελφὺν
1095 3907 1457 3978 Φλωρέντιον,
1486 3907 1578 3962 τὸν
1610 3908 1710 3977 τὴν
1733 3907 1826 3960 τοῦ
1854 3906 2092 3978 Χριστοῦ
2132 3908 2324 3975 σοφίαν
2351 3908 2513 3976 σοφὸν

844 3991 1184 4063 Πορφύριον.,
1229 3991 1324 4045 καὶ
1356 3992 1579 4065 ἐτέρους
1622 3990 1868 4056 πολλούς.
1913 3985 2074 4046 Οὗτοι
2105 3992 2230 4046 καθ’
2277 3993 2514 4063 ἑκάστην

845 4075 1195 4144 ὀλοφύρονται
1222 4075 1436 4147 ἡμέραν
1465 4076 1559 4128 καὶ
1591 4074 1872 4146 εὐχόμενοι
1909 4077 2010 4130 οὑκ
2046 4076 2356 4130 ἐπαύσαντο
2375 4096 2386 4108 ·
2420 4077 2514 4128 καὶ

846 4160 1034 4229 ἔτυχον
1070 4158 1135 4210 ἂν
1167 4153 1242 4212 ὧν
1272 4160 1479 4213 ἐδέοντο
1500 4159 1702 4225 πάλαι,
1733 4160 1781 4212 εἰ
1819 4160 2013 4231 μικρὸν
2047 4160 2178 4228 γοῦν
2208 4159 2516 4229 ἀποστῆσαι

849 4243 1043 4296 σαυτὸν
1068 4242 1338 4312 ἠθέλησας
1369 4241 1478 4295 τῶν
1511 4241 1604 4294 τοῦ
1630 4241 1888 4311 πολεμίου
1919 4243 2140 4313 χειρῶν.
2160 4244 2283 4307 Πῶς
2305 4242 2396 4298 οὖν
2419 4247 2518 4298 οὐκ

848 4329 1051 4382 ἄτοπον
1075 4328 1294 4399 ἐτέρους
1321 4328 1419 4399 μὲν
1452 4329 1586 4400 μηδέ
1618 4328 1713 4384 νῦν
1737 4329 2052 4397 ἀπογνῶναί
2093 4346 2183 4382 σου
2213 4331 2312 4400 τήν
2349 4349 2520 4404 σωτηο

850 4418 994 4488 ρίαν,
1022 4416 1157 4471 ἀλλά
1184 4419 1259 4470 δι”
1276 4416 1398 4470 ὅλου
1425 4417 1487 4471 τὸ
1518 4416 1676 4488 μέλος
1707 4416 1884 4470 αὐτῶν
1913 4416 2206 4471 ἀπολαϐεῖν
2237 4418 2514 4489 εὔχεσθαι,

851 4502 913 4554 σὲ
939 4499 995 4553 δέ
1022 4500 1176 4566 ἀπαξ
1190 4501 1423 4555 πεσόντα
1455 4501 1530 4573 μὴ
1557 4500 1732 4556 θέλειν
1756 4503 2080 4571 ἀναστῆναι,
2111 4502 2247 4556 ἀλλά
2277 4504 2514 4570 κεῖσθαι,

855 4584 1134 4652 μονονουχὶ
1173 4582 1378 4652 βοῶντα
1408 4583 1542 4655 πρὸς
1578 4583 1668 4637 τὸν
1701 4585 1924 4656 ἐχθρόν·
1961 4585 2202 4654 Σφάττε,
2235 4590 2364 4639 παῖε
2389 4627 2404 4649 ,
2443 4588 2517 4659 μὴ

852 4663 1050 4738 φείσῃς
1082 4659 1179 4729 Μὴ
1196 4669 1227 4719 ό
1244 4666 1478 4718 πίπτων
1498 4668 1609 4719 οὐκ
1633 4666 1981 4730 ἁνίσταται;
2014 4671 2042 4720 ὁ
2066 4668 2206 4730 θεῖος
2239 4667 2345 4738 ἔφη
2378 4686 2514 4738 χρη-

853 4751 1008 4822 σμός.
1034 4751 1108 4804 Σὺ
1135 4750 1192 4804 δέ
1224 4750 1372 4821 μάχῃ
1390 4749 1561 4819 τούτῳ
1581 4750 1676 4802 καὶ
1696 4749 2018 4818 ἀντιλέγεις·
2042 4749 2132 4802 τὸν
2155 4750 2264 4820 γὰρ
2286 4751 2520 4804 πεσόντα

853 4835 1194 4906 ἀπογνῶναι,
1217 4834 1366 4888 οὐδὲν
1393 4834 1521 4890 ἄλλο
1546 4835 1692 4887 ἐστὶν
1723 4835 1896 4887 εἰπεῖν
1913 4874 1927 4898 ,
1956 4832 1988 4904 ἢ
2016 4835 2098 4888 δτι
2121 4836 2148 4887 6
2177 4835 2393 4886 πίπτων
2419 4835 2520 4886 οὐκ

853 4921 1159 4974 ἀνίσταται.
1189 4919 1301 4988 Μὴ,
1330 4917 1633 4988 παρακαλῶ
1651 4957 1667 4980 ,
1704 4916 1779 4988 μὴ
1807 4916 2062 4971 τοσοῦτον
2091 4917 2358 4988 ἀδικήσῃς
2391 4933 2522 4969 σαυ-

853 5004 976 5056 τόν·
1003 5001 1080 5073 μὴ
1108 4999 1374 5068 τοσαύτην
1397 5000 1555 5070 ἡμῶν
1586 5000 1860 5072 καταχέῃς
1889 4999 2101 5070 ὀδύνην.
2131 5000 2207 5052 Ub
2237 4999 2383 5067 λέγω
2402 4998 2518 5061 νῦν,

856 5088 944 5140 ὅτε
982 5083 1136 5138 οὔπω
1165 5081 1406 5135 εἰκοστὸν
1439 5081 1590 5149 ἄγεις
1619 5081 1759 5146 ἔτος,
1790 5082 1924 5135 ἀλλά
1967 5083 2016 5135 εἰ
2049 5083 2217 5136 πολλὰ
2247 5083 2480 5153 ποιήσας
2500 5120 2518 5146 ,

859 5168 953 5221 καὶ
985 5167 1075 5219 τὸν
1099 5164 1319 5219 ἅπαντα
1343 5161 1455 5232 βίον
1488 5165 1545 5215 ἐν
1566 5163 1787 5235 Χριστῷ
1815 5163 2007 5234 ζήσας,
2043 5166 2101 5217 ἐν
2131 5165 2342 5236 ἐσχάτῳ
2373 5169 2519 5236 γήρᾳ,

858 5251 1059 5321 ταύτην
1083 5248 1284 5310 έπαθες
1317 5247 1414 5317 τὴν
1442 5247 1722 5316 ἐπήρειαν,
1750 5242 1820 5317 ἦν
1850 5249 1946 5316 μὲν
1971 5247 2090 5299 οὐδὲ
2116 5247 2236 5300 τότε
2271 5249 2519 5317 ἀπογνῶ-

865 5351 948 5387 «ac
981 5332 1171 5394 καλὸν,
1213 5330 1352 5384 ἀλλά
1394 5332 1453 5382 ἐν
1495 5329 1571 5399 νῷ
1605 5327 1787 5381 λαϐεῖν
1830 5329 1923 5381 τὸν
1962 5329 2020 5380 ἐν
2063 5328 2142 5398 τῷ
2185 5331 2403 5400 σταυρῷ
2443 5331 2520 5384 δι·-

861 5416 1162 5472 καιωθέντα
1186 5413 1388 5487 λῃστὴν
1409 5453 1424 5474 ,
1451 5413 1578 5474 τοὺς
1600 5411 1726 5481 περὶ
1749 5409 1846 5481 τὴν
1867 5409 2155 5479 ἑνδεκάτην
2179 5409 2328 5480 ὥραν
2355 5411 2522 5480 ἐργα-

863 5499 1162 5571 σαμένους.
1202 5499 1298 5550 καὶ
1328 5498 1426 5568 τῆς
1456 5495 1585 5566 ὅλης
1617 5495 1831 5564 ἡμέρας
1865 5492 2232 5563 ἀπειληφότας
2275 5492 2368 5545 τὸν
2405 5492 2520 5563 1401

866 5583 1076 5654 μισθόν.
1107 5582 1312 5651 Ὠσπερ
1335 5582 1392 5634 δὲ
1418 5583 1477 5635 οὐ
1504 5580 1667 5635 καλὸν
1693 5580 1820 5642 τοὺς
1849 5580 1906 5630 ἐν
1935 5578 2148 5648 ἐσχάτῳ
2170 5577 2401 5647 τέρματι
2431 5595 2526 5629 πε-

865 5674 1057 5736 σόντας
1094 5667 1435 5735 ἀπελπίζειν,
1469 5670 1561 5724 ἐὰν
1593 5667 1975 5741 σωφρονῶσιν,
2009 5666 2180 5730 οὕτως
2211 5667 2311 5720 οὐκ
2347 5666 2525 5734 ἀσφα-

927 5779 958 5809 ⁶
977 5779 1127 5842 Sayil.
1149 5780 1304 5842 ψυχῆς
1321 5775 1411 5839 γὰρ
1430 5773 1639 5829 ἀντάξιον
1661 5774 1810 5824 οὐδέν.
1837 5772 2032 5824 Deinde
2071 5773 2167 5820 τῶν
2198 5773 2362 5828 ἔξωθεν
2384 5788 2526 5830 ποιη-

862 5842 1038 5899 τῆςτιε
1217 5840 1244 5842 ⁷⁷
1333 5899 1346 5913 ’
1514 5900 1527 5913 ‘
1578 5895 1604 5908 η
1829 5897 1842 5912 ν

868 5960 906 5974 h
929 5901 959 5942 δ
979 5901 1270 5974 διιτινάξει
1289 5916 1423 5974 κάτω
1449 5916 1530 5972 κριι
1553 5916 1634 5974 vim
1652 5898 1736 5974 τῂν
1757 5898 1953 5974 φλογαρ
1977 5898 2157 5974 Σξωτήρ·
2180 5898 2397 5974 3927109;
2423 5898 2522 5974 μέν.

829 5961 836 5970 ’
868 5960 980 6016 Duo
993 5976 1114 6018 mss.
1138 5964 1330 6018 τινάξεις
1347 5962 1427 6009 καὶ
1445 5959 1526 6010 νῦν
1546 5962 1631 6018 τὴν
1652 5959 1816 6022 φλόγα·
1841 5961 1919 6007 καὶ
1938 5961 2045 6014 τοὺς
2060 5959 2168 6020 μέν.
2196 5959 2313 6006 Mor.
2328 5967 2380 6006 et
2401 5972 2528 6022 linus

868 6035 920 6081 ιιι
947 6027 1006 6083 ξπ
1021 6027 1179 6074 textu;
1209 6023 1276 6071 Ih.
1301 6025 1398 6072 duo
1421 6037 1520 6071 mss
1563 6021 1893 6075 κατακαύσεις.
1908 6023 2003 6084 Alii
2027 6033 2200 6084 omnes
2216 6021 2524 6084 κατακαύσει.

931 6084 955 6116 ’⁸
976 6087 1128 6136 Savil.
1155 6087 1424 6148 Φαλλέριον.
1447 6085 1554 6133 Duo
1577 6099 1693 6148 mss.
1715 6084 1960 6148 Φαλέριον.
1981 6083 2144 6148 λ’διιιο
2171 6089 2273 6148 [MN
2302 6084 2383 6128 ευ
2400 6085 2428 6126 II
2477 6095 2528 6126 (ιι

873 6162 998 6200 unus
1024 6164 1096 6197 ms
1141 6144 1438 6205 ὸ)η·ς·ἳῑ·ο·ιν·ν
1581 6146 1740 6202 -ἡτιέῇνε
1782 6146 1891 6202 ’ri-r
1918 6144 2021 6191 κατι.
2047 6146 2119 6182 v~‘

1601 538 1660 588 ὃ.
1697 536 1980 588 ιυΑΝΝιδ
2015 531 2150 585 Cll“
2166 532 2193 582 Υ
2207 527 2372 584 805⁸1
2384 536 2503 580 UMI

2542 534 2863 581 Αιιωιιιιν.
2903 526 3036 586 Cum
3049 533 3265 587 sum
3283 532 3458 588 ISOP.
4144 542 4232 598 3M

2589 639 2678 701 λὲς
2705 642 2877 718 ταύτῃ
2906 647 3202 716 τρέφεσθαι
3238 653 3303 720 τῇ
3328 648 3521 716 ἐλπίδι,
3549 650 3641 702 καὶ
3663 649 3859 717 λέγειν,
3888 651 3968 703 δτι
3998 654 4236 714 Ἐνταῦθα

2591 723 2726 788 τέως
2755 729 2854 798 μὲν
2881 730 3173 784 ἀπολαύσω
3198 733 3308 784 τῶν
3337 735 3511 804 ἡδέων
3533 735 3628 787 τοῦ
3657 733 3792 804 βίου,
3821 733 3949 786 ὖστε
3960 753 4046 805 ρον
4073 738 4126 793 δὲ
4150 743 4240 796 όλί.

2590 822 2684 873 γον
2709 813 2940 878 πονέσας
2967 813 3177 886 χρόνον,
3205 815 3300 869 τοῦ
3326 819 3526 883 παντὸς
3549 818 3900 888 ἀπολήψομαι
3920 820 4108 888 χρόνου
4129 828 4242 890 τοὺς

2592 890 2832 972 μισθούς.
2875 897 2984 949 Καὶ
3021 896 3128 966 γάρ
3178 897 3464 969 μέμνημαί
3505 918 3601 954 σου
3649 901 3907 964 πολλάκις
3954 902 4246 972 εἰρηκότος,

2590 971 2750 1040 ἡνίκα
2788 993 2870 1030 σοι
2899 980 3084 1032 πολλοὶ
3121 979 3397 1050 παρῄνουν
3430 985 3511 1047 εἰς
3541 989 3773 1055 μουσεῖα·
3801 983 4049 1056 φοιτᾷνάο
4087 985 4147 1038 Τί
4174 988 4243 1050 δὲ,

2591 1056 2686 1109 ἐὰν
2727 1061 2786 1110 ἐν
2831 1062 2908 1132 τῷ
2953 1063 3144 1134 βραχεῖ
3183 1063 3360 1133 χρόνῳ
3412 1067 3602 1131 κακῶς
3644 1069 3936 1123 καταλύσω
3983 1068 4074 1121 τὸν
4123 1068 4244 1137 βίον,

2590 1139 2708 1204 πῶς
2733 1142 3104 1216 ἀπελεύσομαι
3132 1145 3266 1217 πρὸς
3295 1145 3386 1198 τὸν
3415 1150 3696 1219 εἰρηκότα,
3730 1152 3824 1220 Μὴ
3855 1152 4110 1221 ἀνάμενε
4133 1153 4248 1205 ἐπι-

2591 1222 2848 1291 στρέψαι
2885 1229 3036 1296 πρὸς
3069 1231 3314 1297 Κύριον,
3354 1230 3512 1298 μηδὲ
3542 1233 3892 1290 ἀναϐάλλου
3934 1234 4162 1302 ἡμέραν
4186 1236 4246 1298 ἐξ

2591 1305 2838 1374 ἡμέρας
2857 1310 3054 1364 Τοῦτον
3075 1313 3376 1380 ἀνάκτησαι
3403 1313 3494 1365 τὸν
3515 1313 3791 1385 λογισμὸν,
3822 1321 3914 1372 καὶ
3936 1320 4106 1372 δεῖσον
4126 1331 4148 1356 θ
4170 1320 4248 1369 τὶν

2592 1389 2832 1462 κλέπτην
2856 1409 2870 1422 ·
2901 1393 3046 1447 οὕτω
3072 1396 3181 1467 γὰρ
3208 1397 3236 1448 6
3264 1395 3498 1466 Χριστὸς
3526 1397 3626 1466 τὴν
3659 1398 3870 1452 ἐνθένδε
3899 1402 4056 1471 ἡμῶν
4085 1403 4249 1465 ἐξώον

2592 1471 2766 1537 καλεῖ,
2797 1474 2886 1528 διὰ
2917 1476 2978 1528 τὸ
3016 1479 3298 1546 ἀγνοοῦσιν
3330 1478 3678 1547 ἐφίστασθαι.
3726 1481 4010 1552 Ἐννόησον
4039 1485 4142 1547 τὰς’
4164 1486 4248 1537 τοῦ

2595 1554 2710 1622 βίου
2744 1559 3031 1628 φροντίδας
3057 1563 3157 1626 τὰς
3212 1563 3318 1633 ἰδίᾳ
3346 1562 3441 1615 καὶ
3469 1565 3620 1632 κοινῇ
3652 1564 3964 1631 γινομένας,
3992 1569 4118 1632 τοὺς
4155 1570 4250 1620 τῶν

2592 1639 2869 1709 ἀρχόντων
2899 1645 3128 1712 φόϐους,
3166 1646 3258 1699 τὸν
3288 1646 3396 1698 τῶν
3438 1645 3672 1699 πολιτῶν
3717 1646 3939 1714 φθόνον,
3978 1649 4069 1700 τὸν
4104 1651 4251 1721 μέχρι

2593 1724 2700 1778 τῶν
2729 1727 2973 1797 ἐσχάτων
3003 1731 3260 1794 πολλάκις
3290 1730 3667 1802 ἐπαρτηθέντα
3709 1730 3951 1783 κίνδυνον
3971 1769 3985 1794 ,
4016 1733 4142 1794 τοὺς
4168 1735 4254 1785 πό-

2594 1826 2750 1877 νους,
2795 1811 2894 1875 τάς
2925 1813 3328 1884 ταλαιπωρίας,
3373 1814 3472 1878 τάς
3505 1814 3796 1878 κολακείας
3836 1813 3933 1876 τάς
3976 1814 4254 1885 δουλοπρε-

2597 1895 2750 1957 πεῖς,
2798 1897 2892 1949 καὶ
2936 1898 3058 1951 οὐδὲ
3092 1899 3202 1950 τῶν
3236 1898 3582 1968 ἀνδραπόδων
3613 1901 3723 1959 τοῖς
3758 1897 4066 1959 σπουδαίοις
4098 1915 4255 1968 προσ-

2594 1977 2857 2046 ηκούσας,
2887 1980 2949 2032 τὸ
2978 1981 3085 2033 τῶν
3115 1981 3288 2034 πόνων
3316 1982 3406 2034 τὸν
3437 1981 3648 2053 καρπὸν
3679 1980 3866 2033 ἐνθάδε
3893 1980 4172 2050 τελευτᾷν,
4201 1976 4255 2034 οὗ

2595 2060 2646 2112 τί
2681 2061 2745 2114 ἂν
2773 2063 2982 2127 γένοιτο
3007 2064 3414 2136 ἀλγεινότερον;
3445 2065 3668 2128 Πολλοῖς
3695 2063 3752 2116 δὲ
3797 2063 3919 2116 οὐδὲ
3957 2063 4255 2117 ἀπολαῦσαι

2597 2145 2740 2215 ὑπὲρ
2767 2139 2840 2198 ὧν
2879 2147 3140 2200 ἐπόνεσαν
3184 2148 3418 2220 συνέϐη,
3472 2148 3608 2201 ἀλλά
3652 2149 3752 2218 τὴν
3792 2147 4017 2218 πρώτην
4051 2148 4255 2216 ἡλικίαν

2599 2227 2784 2291 πόνοις
2808 2232 2906 2282 καὶ
2938 2231 3202 2294 κινδύνοις
3234 2230 3640 2295 ἀναλώσαντες,
3677 2231 3837 2301 ἡνίκα
3867 2231 4105 2301 ἤλπισαν
4133 2233 4255 2284 ἀπο-

2598 2310 2862 2381 λήψεσθαι
2900 2315 3026 2374 τοὺς
3070 2314 3326 2383 μισθοὺς,
3379 2314 3620 2383 ἀπῆλθον
3671 2314 3836 2384 μηδὲν
3889 2314 4108 2384 ἔχοντες
4148 2316 4254 2386 μεθ’

2601 2394 2830 2447 ἑαυτῶν.
2861 2396 2923 2448 Εἰ
2955 2395 3064 2467 γάρ
3103 2397 3194 2449 τὸν
3223 2398 3315 2450 ἐπὶ
3353 2398 3457 2468 γῆς
3488 2395 3712 2465 βασιλέα
3754 2397 3894 2465 μετά
3934 2398 3996 2450 τὸ
4041 2398 4258 2462 πολλοὺς

2605 2477 2702 2547 μὲν
2725 2478 3014 2548 ὑπομεῖναι
3046 2478 3322 2542 κινδύνους
3341 2519 3355 2542 ,
3391 2479 3617 2542 πολλοὺς
3654 2478 3711 2531 δὲ
3741 2479 3938 2532 ἀνύσαι
3972 2481 4255 2551 πολέμους,

2606 2560 2757 2628 μόλις
2779 2577 2864 2624 τις
2885 2559 3070 2630 ὄψεται
3093 2561 3233 2630 μετὰ
3258 2563 3588 2633 παρρησίας,
3613 2561 3729 2626 πῶς
3751 2563 3844 2616 τὸν
3862 2563 4118 2636 οὐράνιον
4143 2566 4258 2618 ἰδεῖν

2602 2643 2886 2713 δυνήσεταί
2909 2643 3117 2709 τι;,τὸν
3139 2645 3355 2700 ἅπαντα
3376 2647 3567 2717 χῴνον
3593 2645 3764 2717 ἑτέρῳ
3789 2645 3961 2716 ζήσας
3986 2648 4082 2700 καὶ
4111 2665 4259 2720 619a-

2603 2725 2938 2795 τευσάμενος
2960 2744 2975 2793 ;

2673 2814 2735 2862 ε’.
2766 2809 2920 2861 Εἴπω
2941 2808 3120 2879 βούλει
3139 2813 3234 2865 καὶ
3260 2811 3361 2876 τὰς
3384 2813 3522 2866 οἴκοι
3546 2813 3832 2885 φροντίδας
3850 2816 3946 2878 τὰς
3962 2816 4064 2885 τῆς
4084 2833 4258 2884 γυναι-

2604 2891 2820 2956 κὸς,τάς
2843 2891 2950 2945 τῶν
2967 2893 3192 2960 παίδων,
3216 2895 3316 2958 τὰς
3335 2895 3442 2949 τῶν
3467 2897 3722 2962 οἰκετῶν;
3741 2899 4260 2971 Δεινὸν-πενεστέραν

2603 2973 2786 3028 λαϐεῖν
2810 2978 3062 3042 γυναῖκα,
3085 2976 3258 3031 δεινὸν
3277 2979 3662 3050 εὐπορωτέραν
3681 2996 3696 3012 ο
3719 2980 3780 3032 τὸ
3812 2981 3910 3050 μὲν
3934 2981 4045 3052 γάρ
4075 2984 4153 3044 εἰς
4176 2983 4261 3051 τὴν

2604 3058 2792 3110 οὐσίαν
2821 3058 3054 3128 ἔϐλαψε,
3089 3059 3151 3112 τὸ
3186 3059 3242 3113 δὲ
3274 3063 3354 3124 εἰς
3390 3061 3679 3114 αὐθεντίαν
3707 3062 3801 3115 καὶ
3833 3062 4154 3135 ἐλευθερίαν
4182 3065 4260 3117 τὸν

2606 3141 2795 3212 ἄνδρα.
2854 3142 3124 3212 Ἀλγεινὸν
3160 3145 3462 3215 κτήσασθαι
3508 3148 3734 3212 παῖδας,
3779 3147 4157 3217 ἀλγεινότερον
4194 3149 4260 3216 μῆ

2607 3225 2912 3296 κτήσασθαι
2956 3225 2975 3264 ί
3001 3242 3015 3256 ·
3046 3226 3110 3279 τὸ
3153 3228 3250 3297 μὲν
3278 3227 3386 3299 γὰρ
3419 3228 3596 3299 μάτην
3625 3231 3741 3282 ἐστὶ
3769 3233 4184 3300 γεγαμηκέναι,
4212 3230 4262 3282 τὸ

2607 3307 2664 3360 δέ
2702 3309 2905 3380 πικρὰν
2939 3309 3232 3379 ὑπομένειν
3257 3311 3520 3365 δουλείαν.
3570 3312 3926 3384 Ἦρρὼστησε
3949 3314 4010 3366 τὸ
4043 3314 4261 3379 παιδίον,

2609 3391 2769 3460 φόϐος
2802 3392 2864 3445 ού
2908 3393 3120 3463 μικρός·
3162 3393 3400 3462 ἀπῆλθεν
3433 3395 3632 3465 ἄωρον,
3674 3396 3868 3460 πένθος
3909 3399 4264 3470 ἀπαραμύθη-

2608 3493 2700 3529 τον
2721 3483 2746 3522 8
2765 3493 2779 3506 ο
2803 3476 2898 3528 καὶ
2921 3476 3042 3527 καθ’
3072 3475 3307 3541 ἑκάστην
3323 3476 3538 3546 ἠλικίαν
3560 3477 3804 3549 διάφοροι
3828 3480 4112 3548 φροντίδες
4139 3481 4265 3552 ὑπὲρ

2611 3559 2789 3611 αὐτῶν
2815 3557 2909 3611 καὶ
2939 3557 3092 3626 φόϐοι
3119 3558 3214 3610 καὶ
3233 3558 3384 3610 πόνοι
3414 3559 3616 3614 πολλοί.
3644 3561 3708 3612 Τί
3736 3562 3818 3614 δεῖ
3840 3562 4020 3630 λέγειν
4044 3563 4143 3626 τὰς
4169 3563 4266 3615 τῶν

2611 3641 2837 3694 οἰκετῶν
2861 3640 3194 3712 μοχθηρίας;
3218 3641 3340 3703 Βίος
3363 3636 3456 3694 οὖν
3481 3641 3588 3712 ἄρα
3609 3637 3780 3707 οὗτος,
3803 3643 4070 3715 Θεόδωρε,
4096 3647 4174 3708 εἰς
4191 3662 4267 3698 το-

2615 3725 2786 3777 σαῦτα
2823 3723 3136 3795 μερίζεσθαι
3167 3723 3342 3793 ψυχὴν
3376 3725 3506 3795 μίαν
3528 3765 3544 3790 ,
3571 3725 3846 3790 τοσούτοις
3872 3726 4169 3791 δουλεύειν,
4191 3744 4268 3779 το-

2615 3808 2822 3872 σούτοις
2866 3808 2985 3880 ζῇν,
3023 3807 3200 3879 ἐαυτῷ
3234 3808 3292 3862 δέ
3317 3809 3348 3848 h
3379 3807 3681 3879 μηδέποτε;
3721 3811 3886 3864 Οὐδὲν
3919 3811 4128 3864 τούτων
4162 3812 4268 3864 ἐστί

2613 3894 2743 3963 παρ’
2766 3893 2918 3963 ἡμῖν,
2950 3887 2996 3944 ὧ
3032 3891 3182 3960 φίλε,
3221 3891 3316 3945 καὶ
3355 3892 3516 3946 αὐτόν
3551 3909 3611 3946 σε
3644 3893 3896 3965 μάρτυρα
3940 3894 4118 3948 καλῶ.
4153 3895 4268 3947 Ὅτε

2612 3976 2721 4049 γὰρ
2748 3978 2837 4029 τὸν
2877 3975 3079 4049 βραχὺν
3110 3977 3314 4030 ἐκεῖνον
3353 3977 3543 4047 χρόνον
3571 3976 3848 4046 ἀνακύψαι
3870 3977 3986 4031 τῶν
4015 3978 4267 4048 κυμάτων

2615 4059 2922 4130 ⁴ἠθέλησας,
2969 4057 3126 4113 οἶσθα
3167 4061 3338 4131 πόσης
3367 4060 3704 4131 εὐφροσύνης
3739 4060 4010 4123 ἀπέλαυες
4055 4062 4151 4114 καὶ
4179 4076 4266 4128 χα·

2620 4143 2740 4213 ρᾶς.
2783 4141 2859 4194 Οὐ
2889 4141 2996 4214 γάρ
3030 4144 3176 4195 ἐστιν
3212 4141 3527 4212 ἐλεύθερος,
3559 4142 3672 4196 ἀλλ’
3713 4143 3747 4214 ἢ
3791 4145 3952 4213 μόνος
3993 4144 4024 4195 6
4060 4140 4270 4212 Χριστῷ

2620 4225 2747 4290 ζῶν·
2774 4220 2926 4288 οὗτος
2953 4224 3222 4296 ἀνώτερος
3257 4226 3509 4280 ἁπάντων
3535 4226 3734 4296 ἕστηκε
3771 4225 3880 4279 τῶν
3907 4225 4095 4277 δεινῶν
4114 4242 4129 4256 ο
4176 4224 4268 4276 κᾶν

2619 4310 2780 4373 αὐτὸς
2808 4309 2996 4364 ἐαυτὸν
3023 4310 3275 4379 ἀδικῆσαι
3321 4309 3394 4380 μὴ
3426 4309 3714 4379 βούληται,
3751 4308 3936 4378 ἕτερος
3976 4306 4136 4360 τοῦτο
4179 4309 4268 4360 οὐκ

2621 4395 2828 4465 ἰσχύσει
2862 4395 3012 4460 ποτὲ,
3043 4395 3157 4447 ἀλλ’
3189 4394 3336 4447 ἐστιν
3366 4392 3657 4452 ἀνάλωτος,
3691 4390 3750 4442 οὐ
3783 4389 3954 4461 ζημίᾳ
3978 4391 4266 4462 χρημάτων

2618 4479 2970 4549 δακνόμενος·
3008 4477 3178 4547 ἔμαθε
3216 4477 3324 4546 γὰρ
3352 4477 3433 4528 ὄτι
3457 4474 3610 4526 οὐδὲν
3638 4473 4033 4542 εἰσηνέγκαμεν
4068 4477 4149 4537 εἰς
4187 4474 4268 4526 τόν

2618 4565 2822 4632 κόσμον
2858 4563 3045 4614 τοῦτον
3075 4563 3119 4622 i,
3148 4560 3270 4611 οὐδὲ
3295 4558 3596 4624 ἐξενεγκεῖν
3625 4573 3678 4608 τι
3700 4556 4004 4628 δυνάμεθα·
4035 4559 4098 4611 οὐ
4132 4556 4270 4626 πόθῳ

2621 4644 2932 4713 φιλοτιμίας
2965 4641 2999 4711 ἢ
3032 4639 3188 4709 δόξης
3215 4639 3597 4708 ἁλισκόμενος·
3637 4638 3807 4709 ἔμαθε
3849 4642 3958 4712 γὰρ
3980 4643 4062 4694 δτι
4094 4643 4152 4695 ἐν
4191 4643 4272 4694 ούο

2625 4724 2772 4797 ρανῷ
2797 4722 2953 4792 ἡμῶν
2977 4721 3038 4772 τὸ
3065 4720 3361 4790 πολίτευμα
3380 4737 3396 4752 ο
3421 4722 3482 4773 οὐ
3513 4720 3764 4793 λοιδορῶν
3785 4723 3946 4778 αὐτόν
3981 4742 4067 4787 τις
4099 4725 4266 4783 λυπεῖ.

2620 4808 2681 4860 οὑ
2709 4805 2926 4858 τύπτων
2951 4801 3259 4873 παροξύνει·
3291 4804 3389 4873 μία
3414 4804 3668 4876 συμφορά
3693 4807 4004 4877 Χριστιανῷ
4033 4809 4188 4878 μόνη,
4217 4809 4271 4858 τὸ

2623 4885 2994 4959 προσκροῦσαι
3021 4885 3138 4956 Θεῷ
3157 4903 3170 4916 ·
3202 4885 3316 4958 [61]
3344 4887 3413 4941 τά
3436 4887 3494 4941 δὲ
3516 4888 3670 4953 ἀλλα,
3698 4886 3810 4943 οἷον
3835 4890 4128 4960 κτημάτων
4153 4891 4269 4943 ἀπο-

2623 4971 2806 5041 ϐολὴν,
2835 4969 3090 5040 πατρίδος
3116 4969 3390 5040 στέρησιν,
3416 4969 3508 5024 τὸν
3538 4972 3678 5042 ὑπὲρ
3702 4972 3811 5026 τῶν
3836 4974 4080 5042 ἐσχάτων
4105 4971 4270 5024 κίνδυ-

2621 5073 2730 5122 νον,
2749 5055 2869 5108 οὐδὲ
2889 5050 3025 5110 εἷναί
3048 5071 3100 5108 τι
3121 5055 3328 5125 νομίζει
3349 5055 3539 5108 δεινόν·
3567 5057 3660 5110 καὶ
3681 5057 3709 5109 ὃ
3735 5057 3935 5119 πάντες
3957 5055 4267 5125 πεφρίκασι,

2636 5214 2664 5281 ί
2678 5213 2709 5256 ἆ
2737 5214 2885 5281 Savil.
2905 5217 3057 5264 πολλὰ
3073 5217 3306 5281 παρῄνουν
3326 5220 3389 5273 εἰς
3409 5219 3606 5281 μουσεῖα
3627 5219 3860 5281 φοιτῶντι.
3874 5216 4006 5266 Colb.
4021 5230 4147 5281 unus
4163 5216 4271 5263 πο)-

2619 5277 2680 5344 λά
2701 5279 2935 5344 παρῄνουν
2957 5281 3020 5334 εἰς
3039 5277 3238 5344 μουσεῖα
3264 5281 3326 5344 μή
3367 5277 3545 5344 φοιτᾷν.
3577 5277 3692 5344 έρὺο
3715 5280 3797 5326 alii
3825 5278 3943 5326 item
3983 5280 4135 5344 πολλά
4157 5295 4266 5342 παις-

2619 5339 3030 5401 ᾐνουνέντιεειπθ
3043 5339 3250 5401 νὶἀοῐυι·
3268 5339 3417 5390 lectio
3439 5339 3896 5400 Mbrelliana,quam
3918 5341 4184 5401 sequimur.

2687 5401 2710 5459 ἦ
2735 5399 2818 5448 Sic
2842 5400 2992 5448 Savil.
3019 5400 3186 5448 Montf.
3223 5403 3445 5450 ediderat
3468 5404 3631 5459 δῆσον.

2689 5457 2709 5495 τ
2737 5461 3068 5521 διηκάλγεινὸν
3085 5464 3348 5519 κτήσασθαι
3358 5457 3764 5522 παῖδας,ἀλγεινὸν
3790 5463 3853 5522 μή
3879 5463 4154 5518 κτήσασθαι.
4167 5465 4265 5516 Duo

2622 5533 2738 5568 mss.
2754 5523 2974 5584 617::v6v
2994 5526 3056 5584 μὴ
3077 5525 3340 5580 κτήσασθαι
3361 5525 3548 5579 παῖδας,
3573 5523 3782 5582 ἀλγεινὸν
3803 5525 3883 5570 καὶ
3904 5526 4179 5582 κτήσασθαι.

2686 5584 2712 5643 β
2743 5583 2824 5630 Sic
2839 5581 3064 5632 SavilIel
3091 5584 3265 5633 Morel.
3291 5585 3402 5634 Duo
3425 5599 3539 5632 mss.
3565 5581 3727 5637 πένθος
3754 5581 4089 5643 ἀπαραίτητον.

2684 5642 2711 5681 h
2736 5644 2871 5715 Unug
2896 5645 3000 5715 coq.
3027 5650 3187 5715 συζῆν,
3211 5648 3365 5715 ἐαυτῷ
3399 5648 3462 5715 δέ⁹
3477 5645 3587 5691 Mox
3614 5644 3726 5715 ξαν.
3755 5639 3915 5715 ὢφελε
3932 5639 4165 5715 βὲρᾷωρε,
4197 5653 4260 5704 Ib,

2625 5719 2751 5770 unus
2773 5705 2986 5770 codixai
3007 5703 3147 5754 αὐτόν
3167 5724 3223 5756 σε
3258 5703 3364 5770 περὶ
3383 5703 3980 5770 τούτῳνμάρτυραγίαλῶ.
4012 5703 4118 5762 Ioui
4144 5703 4262 5764 idem

2622 5767 2788 5831 χρόνον
2805 5768 3036 5825 ἠθέλησας
3051 5770 3146 5816 τῶν
3164 5765 3393 5831 κυμάτων
3405 5765 3666 5831 ἀπαλλάξαι
3684 5765 3872 5831 σαυτὸν,
3898 5771 4046 5824 οἶσθα.
4071 5775 4142 5824 Ib.
4159 5777 4260 5826 επ.

2528 5876 2531 5879 Ι
2622 5827 2892 5899 graduum;
2922 5832 3205 5899 ,μγ-χαρᾶς,
3339 5829 3438 5899 γάρ
3453 5828 3598 5899 ἐστιν,
3621 5827 3707 5897 οῦκ
3730 5829 3854 5899 ἐστιν
3890 5832 4135 5899 ἐλεύθερος,
4172 5845 4258 5885 elc.

2627 5890 2766 5940 Unus
2795 5893 2900 5954 cod.
2925 5888 3192 5945 ἀπέλαυσας
3213 5893 3292 5954 καὶ
3317 5888 3480 5954 χαρᾶς.
3507 5888 3578 5934 Οὐ
3600 5889 3688 5952 γάρ
3715 5891 3871 5954 ἐστιν,
3895 5896 3982 5944 οὐκ
4006 5888 4262 5946 ἐστινέλεᾶ-

2626 5954 2772 6028 ἱειοςν
2811 5953 2960 6028 διλλὶἢ
2984 5955 3122 6027 μόνος
3155 5953 3302 6028 ὄπιν).
3319 5950 3940 6028 ᾳγέιιεξτρισιέιιλῄσαςᾼά,
3960 5961 4259 6028 Χριστῷβῶν-

2628 6010 2780 6084 Οὗτός
2799 6015 2888 6084 γὰρ
2907 6010 3153 6084 ἀνῶτερος.
3181 6010 3370 6084 Poste?
3397 6010 3524 6081 idem
3548 6010 3634 6058 οὐκ
3651 6010 4032 6084 ἰσχύσειβὶάψαι
4053 6010 4179 6084 ποτέ.

2693 6074 2711 6113 ί
2733 6073 2922 6142 Τοῦτον
2947 6073 3091 6142 ᾁοοξξῐ
3109 6076 3156 6142 iii
3181 6075 3291 6120 δαν.
3317 6073 3456 6142 vl.__in
3481 6087 3592 6142 _uno
3614 6073 3870 6142 οοιίξΙηΐτεί
3907 6073 4010 6142 [νόει
4036 6083 4256 6139 λοιδορῶν.

2635 6139 2766 6181 ιιῦσόκ
2795 6139 2933 6186 deret
2960 6138 3008 6182 in
3038 6134 3224 6181 d-w‘n'h
3252 6149 3346 6182 [ητις
3376 6135 3641 6193 νπτιιειιιοκῖ,
3665 6140 3813 6188 iidom
3839 6134 3920 6180 η-’ἑ
3945 6134 4240 6202 -ςὸςινννςὶέςι
