4506 6718
432 571 536 621 3i3

432 685 677 751 Flavius,
721 687 922 756 inquit,
967 689 1143 754 igneus
1191 681 1416 734 trahebat
1468 681 1519 732 in
1574 689 1838 747 conspectu
1891 680 1999 745 ejus

429 778 591 840 (Dan.
626 780 677 833 7.
711 780 802 850 10)
836 798 849 833 :
878 781 967 850 qui
1010 777 1152 833 enim
1179 774 1344 829 semel
1392 774 1496 843 igni
1542 774 1762 828 traditus
1800 771 1866 823 ab
1909 770 2002 823 illo

430 869 607 937 fuerit,
637 873 837 926 nullum
869 876 1043 939 potest
1070 864 1311 935 supplicii
1342 880 1556 934 sperare
1587 865 1766 918 ﬁnem.
1797 859 1865 913 Et
1902 859 2001 912 ab-

432 964 608 1018 surda:
624 964 836 1033 quidem
856 962 977 1014 vita:
988 958 1288 1026 voluptates
1315 956 1439 1012 nihil
1467 958 1533 1013 ab
1553 953 1758 1011 umbris
1782 961 1837 1007 et
1856 967 2000 1007 som-

431 1056 531 1110 niis
579 1055 870 1109 diﬂ'erunt:
918 1050 1225 1118 priusquam
1274 1050 1413 1102 enim
1462 1053 1677 1116 peccata
1728 1043 1792 1095 ad
1843 1042 1998 1097 ﬁnem

430 1146 781 1204 deducantur,
800 1139 1081 1193 delectatio
1096 1139 1378 1208 voluptatis
1398 1134 1781 1204 exstinguitur;
1801 1133 1999 1202 suppli-

429 1242 512 1293 cia
528 1252 654 1291 vero
672 1235 737 1288 iis
755 1233 1012 1287 destinata
1044 1233 1244 1287 nullum
1266 1234 1463 1288 habent
1490 1227 1792 1284 terminum.
1812 1226 2000 1280 Suavi-

431 1329 620 1383 tasilla
647 1324 958 1379 brevissima
988 1334 1087 1388 est,
1113 1325 1377 1379 cruciatus
1395 1329 1646 1376 mternus.

502 1416 655 1473 Nihil
676 1418 731 1470 in
755 1417 941 1470 mundo
979 1417 1175 1471 stabile.
1197 1446 1267 1457 —
1300 1415 1397 1468 Dic
1444 1410 1609 1475 mihi,
1654 1411 1778 1480 qttid
1821 1412 1871 1464 in
1903 1410 2004 1464 hoc

428 1507 630 1565 mundo
668 1507 859 1564 stabile
903 1510 1024 1565 est?
1063 1511 1144 1563 An
1191 1505 1418 1569 divitia},
1467 1518 1586 1571 quae
1640 1518 1780 1573 smpe
1831 1520 1896 1557 ne
1936 1501 2002 1555 ad

431 1617 711 1672 vesperam
752 1601 964 1672 quidem
1008 1616 1174 1671 usque
1216 1596 1472 1651 manent?
1497 1593 1631 1649 Num
1676 1596 1878 1664 gloria?
1909 1592 2004 1647 sed

430 1693 554 1748 audi
577 1693 775 1763 justum
801 1692 1084 1763 quemdam
1113 1690 1285 1742 virum
1314 1687 1609 1741 dicentem:
1652 1685 1766 1741 Vita
1789 1703 1900 1740 mea
1924 1700 2005 1737 ve-

430 1786 589 1839 locior
610 1794 683 1839 est
718 1802 921 1839 cursore
952 1781 1069 1853 (Job
1107 1780 1162 1835 9.
1199 1779 1315 1848 25).
1362 1778 1507 1833 Sicut
1545 1779 1684 1833 enim
1739 1778 1813 1831 illi
1854 1776 2005 1844 prius

433 1889 589 1940 quam
615 1876 860 1930 steterint
888 1872 1158 1932 exsiliunt,
1191 1868 1260 1922 ita
1287 1876 1343 1923 et
1368 1867 1482 1924 haec
1511 1869 1685 1923 evolat
1721 1876 2003 1934 antequam

432 1966 628 2018 veniat.
651 1963 788 2018 Nihil
814 1963 986 2015 anima
1015 1960 1297 2028 pretiosius
1321 1968 1402 2014 est
1430 1978 1441 2012 :
1473 1960 1611 2029 quod
1640 1976 1705 2013 ne
1728 1960 1761 2012 ii
1789 1957 2002 2028 quidem

431 2058 696 2127 ignorant,
727 2058 816 2125 qui
846 2054 912 2108 ad
957 2061 1254 2107 extremum
1298 2052 1611 2123 insipientia:
1651 2052 2000 2106 devenerunt.

434 2152 625 2205 anima:
643 2149 770 2203 nihil
788 2147 1090 2216 aquantium
1111 2187 1124 2210 ,
1151 2146 1224 2200 ait
1251 2145 1459 2216 quidam
1487 2154 1797 2202 exterorum
1823 2152 2000 2213 poeta.

429 2242 560 2295 Novi
588 2250 641 2295 te
667 2240 823 2308 longe
864 2236 1213 2293 inﬁrmiorem
1242 2238 1309 2293 ad
1337 2247 1605 2293 certamen
1632 2245 1817 2292 contra
1846 2235 1999 2288 mali-

428 2348 589 2401 gnum
610 2330 843 2386 evasisse
875 2346 889 2382 :
917 2329 1040 2384 novi
1067 2338 1119 2383 te
1146 2329 1197 2382 in
1223 2328 1394 2383 media
1420 2328 1747 2393 voluptatum
1789 2326 2001 2380 flamma

427 2425 647 2480 versari.
676 2422 779 2478 Sed
806 2423 852 2477 si
878 2423 1090 2477 inimico
1112 2421 1344 2477 dixeris:
1372 2420 1740 2489 Voluptatibus
1767 2418 1871 2472 tuis
1896 2432 2001 2471 non

425 2514 719 2575 servimus,
756 2512 993 2566 omnium
1036 2512 1297 2566 malorum
1336 2519 1543 2564 tuorum
1607 2508 1839 2562 radicem
1897 2522 2002 2559 non

425 2602 745 2667 adoramus;
796 2605 843 2658 si
890 2617 1102 2656 sursum
1157 2601 1342 2656 oculos
1394 2598 1683 2661 extuleris,
1734 2596 2001 2651 ﬂammam

426 2712 570 2751 nunc
595 2695 838 2751 Salvator
865 2695 1107 2750 excutiet
1143 2709 1340 2761 eosque
1368 2692 1458 2763 qui
1497 2701 1548 2746 te
1576 2691 1626 2745 in
1659 2690 1833 2760 ignem
1869 2703 2000 2742 con-

424 2790 669 2856 iecerunt
711 2787 1021 2850 comburet;
1066 2785 1161 2839 tibi
1207 2793 1381 2838 autem
1421 2783 1473 2837 in
1519 2781 1693 2836 medio
1733 2779 1997 2845 fornacis,

426 2879 644 2943 nubem,
670 2893 846 2933 rorem
873 2886 927 2933 et
952 2876 1250 2930 sibilantem
1280 2890 1462 2928 auram
1489 2874 1690 2933 mittet;
1721 2872 1789 2925 ita
1820 2878 1878 2923 ttt
1902 2883 2001 2923 nec

425 2972 771 3042 cogitationes
813 2986 913 3025 nec
956 2968 1334 3025 conscientiam
1380 2975 1521 3020 tuam
1562 2965 1699 3034 ignis
1736 2963 1997 3031 attingat:

428 3070 630 3117 tantum
660 3078 729 3116 ne
758 3061 983 3130 teipsum
1014 3059 1286 3114 incendas.
1317 3057 1527 3112 Atenim
1556 3055 1716 3110 urbes
1744 3052 1996 3116 munitas,

428 3169 557 3223 quas
582 3168 680 3207 nec
720 3152 821 3207 tela
862 3165 963 3205 nec
993 3149 1252 3204 machina:
1300 3145 1655 3201 obsidentium
1695 3156 2000 3211 expugnare

426 3252 709 3313 potuerant
727 3283 743 3308 ,
772 3256 915 3309 smpe
940 3241 1096 3295 unius
1124 3239 1421 3294 duorumve
1457 3237 1649 3291 civium
1678 3234 1819 3289 intus
1849 3231 2001 3287 habi-

426 3332 648 3387 tantium
675 3330 973 3400 proditione
1015 3330 1160 3384 nullo
1203 3328 1415 3399 negotio
1454 3328 1507 3382 in
1547 3341 1735 3382 manus
1766 3324 1998 3381 hostium

425 3424 771 3478 devenerunt.
803 3422 871 3477 Et
899 3436 1040 3476 nunc
1059 3422 1102 3475 si
1130 3421 1270 3475 nulla
1298 3429 1352 3476 te
1388 3420 1530 3474 intus
1558 3420 1727 3488 posita
1751 3418 2000 3487 cogitatio

427 3514 634 3583 prodat,
676 3515 885 3570 etiamsi
915 3525 1194 3570 sexcentas
1242 3513 1372 3568 foris
1418 3513 1691 3569 machinas
1735 3511 1999 3582 malignus

424 3607 515 3663 ille
534 3607 847 3672 admoverit,
874 3606 926 3661 id
953 3607 1146 3661 frustra
1179 3606 1421 3660 tentabit.

494 3700 546 3753 4.
580 3696 733 3753 Multi
753 3698 1007 3752 Theodori
1035 3699 1190 3751 tricem
1209 3697 1459 3751 dolebant.
1476 3728 1545 3738 —
1566 3697 1757 3752 Multos
1787 3711 1880 3764 per
1906 3695 1999 3750 Dei

424 3790 646 3859 gratiam
677 3804 1004 3859 magnosque
1032 3790 1175 3843 viros
1196 3789 1381 3853 habes,
1415 3790 1503 3857 qui
1530 3789 1699 3843 vicem
1733 3796 1874 3841 luam
1905 3787 1991 3840 do-

425 3883 555 3947 lent,
579 3883 668 3952 qui
692 3890 743 3937 te
763 3881 1131 3943 cohortantur,
1160 3889 1214 3935 et
1235 3894 1333 3946 pro
1360 3880 1533 3933 anima
1560 3888 1648 3933 tua
1677 3877 1992 3940 formidant;

425 3981 664 4028 sanctum
713 3988 905 4042 nempe
950 3973 1041 4026 Dei
1089 3971 1359 4026 Valerium
1387 3972 1439 4037 ⁸,
1491 3970 1655 4041 ipsius
1693 3968 1997 4023 omnimode

425 4065 642 4120 fratrem
687 4063 1033 4129 Florentium,
1082 4064 1405 4132 sapientem,
1454 4071 1509 4116 ct
1544 4060 1757 4131 quidem
1798 4060 1997 4115 Christi

422 4156 703 4229 sapientia,
732 4154 1108 4226 Porphyrium,
1139 4154 1439 4224 multosque
1466 4153 1620 4207 alios.
1651 4152 1716 4207 Hi
1760 4152 1997 4222 quotidie

427 4251 687 4320 lugentes,
717 4248 921 4303 nullum
965 4247 1213 4318 precandi
1262 4246 1421 4301 ﬁnem
1461 4246 1677 4311 faciunt,
1718 4255 1771 4300 et
1795 4246 1996 4313 jamdiu

426 4352 601 4412 optata
627 4340 937 4412 consequuti
962 4348 1162 4404 essent,
1208 4339 1251 4393 si
1289 4339 1372 4393 vel
1401 4338 1669 4407 paululum
1719 4346 1770 4392 te
1800 4336 1997 4391 inimici

426 4434 668 4490 manibus
709 4432 1022 4489 subtrahere
1048 4432 1331 4486 voluisses.
1363 4429 1640 4496 Quomodo
1688 4430 1849 4498 igitur
1890 4444 1997 4482 non

426 4526 712 4582 absurdum
750 4525 928 4586 fuerit,
958 4524 1085 4580 dum
1111 4523 1199 4579 alii
1245 4522 1312 4578 de
1353 4521 1522 4577 salute
1552 4530 1636 4574 tua
1674 4534 1777 4573 non
1805 4519 1997 4586 despe—

424 4626 564 4684 rant,
597 4625 649 4672 et
677 4626 735 4671 ut
777 4617 1073 4673 membrum
1120 4616 1379 4685 recipiant
1421 4629 1573 4669 suum
1617 4611 1829 4667 assidue
1874 4627 1997 4680 pre-

425 4717 633 4772 cantur,
664 4717 715 4762 te
742 4709 907 4763 semel
941 4710 1147 4777 lapsum
1169 4708 1311 4763 nolle
1340 4720 1617 4777 resurgere
1638 4746 1652 4769 ,
1685 4703 1776 4759 sed
1795 4702 1995 4773 jacere,

425 4815 487 4852 ac
513 4798 896 4869 propemodum
940 4799 1150 4854 hostem
1188 4798 1270 4852 his
1299 4798 1519 4853 vocibus
1557 4796 1825 4853 cohortari
1854 4813 1868 4850 :
1899 4792 2000 4848 0c-

424 4891 563 4957 cide,
596 4899 834 4961 percute,
868 4906 935 4945 ne
960 4892 1187 4959 parcas?
1218 4890 1480 4962 Numquid
1505 4892 1591 4961 qui
1616 4891 1773 4951 cadit,
1800 4906 1900 4943 non
1921 4905 2001 4941 re-

426 4992 594 5057 surget
623 4982 753 5054 (Jer.
778 4982 830 5036 8.
860 4982 957 5051 4)?
988 4982 1156 5049 inquit
1179 4982 1415 5037 divinum
1446 4983 1737 5037 oraculum.
1768 4980 1846 5035 Tu
1874 4994 2000 5034 vero

430 5075 550 5130 huic
578 5087 840 5144 repugnas
865 5080 919 5127 et
943 5072 1262 5127 contradicis
1297 5091 1309 5126 :
1334 5088 1456 5127 nam
1483 5074 1685 5141 lapsum
1714 5070 2000 5141 desperare

429 5169 559 5223 nihil
582 5165 725 5222 aliud
747 5174 829 5221 est
872 5180 1027 5235 quam
1060 5164 1259 5230 dicere,
1288 5164 1388 5232 Qui
1419 5164 1559 5219 cadit
1587 5180 1691 5217 non
1738 5172 1997 5233 resurget.

428 5260 525 5327 Ne,
552 5272 756 5329 quzeso,
787 5272 854 5312 ne
879 5270 1045 5325 usque
1072 5254 1206 5308 adeo
1234 5257 1461 5323 teipsum
1490 5254 1670 5320 lzedas,
1703 5270 1771 5310 ne
1798 5264 1998 5309 tantum

429 5351 583 5406 nobis
600 5350 839 5405 dolorem
878 5345 1143 5401 infundas.
1175 5343 1291 5399 Non
1321 5346 1442 5402 dico
1479 5360 1640 5410 nunc,
1668 5345 1882 5414 quando
1904 5361 2000 5399 an-

428 5458 555 5497 num
578 5440 886 5497 vicesimum
932 5437 1156 5494 necdum
1187 5437 1338 5506 agis:
1382 5437 1479 5492 sed
1518 5439 1675 5493 etiam
1718 5438 1762 5490 si
1806 5438 2002 5491 multos

429 5548 600 5587 annos
619 5546 867 5587 emensus
895 5546 1043 5586 esses
1066 5572 1079 5593 ,
1114 5536 1310 5598 etpost
1338 5537 1575 5583 exactam
1604 5530 1655 5583 in
1684 5526 1895 5584 Christo
1923 5539 2000 5583 to-

434 5632 536 5674 tam
564 5622 759 5689 vitam,
790 5623 844 5677 in
883 5631 1119 5677 extrema
1149 5626 1419 5673 senectute
1457 5618 1596 5674 hanc
1629 5634 1818 5689 passus
1858 5634 2001 5674 esses

433 5711 809 5780 calamitatem,
843 5729 910 5769 ne
940 5724 1063 5767 tunc
1094 5710 1304 5782 quidem
1331 5708 1751 5779 desperandum,
1783 5711 1875 5765 sed
1910 5726 2001 5765 co-

432 5800 705 5873 gitandum
731 5818 850 5860 esse
898 5804 966 5859 de
1004 5805 1238 5867 latrone,
1270 5800 1357 5871 qui
1407 5800 1459 5853 in
1505 5815 1661 5856 cruce
1687 5801 2003 5869 iustiﬁcatus

500 6009 513 6033 ¹
552 6000 715 6061 savth
744 5998 1047 6054 PII/dictito".
1087 6012 1184 6050 nuo
1205 6010 1330 6063 Mss,
1364 5996 1646 6049 t'ltttlcrittm.

1580 561 1671 615 AD
1712 556 2130 616 THEODORUM
2172 558 2459 615 LAPSUM.
2500 561 2561 614 11.

3583 569 3685 623 3M

2108 686 2224 739 est,
2270 676 2443 746 deque
2487 677 2584 743 iis,
2633 681 2720 750 qni
2778 682 3055 738 undecima
3104 684 3232 739 hora
3283 690 3514 757 aggressi
3562 701 3687 745 sunt

2110 782 2243 834 onus
2273 776 2326 821 et
2355 768 2517 822 totius
2540 770 2643 825 diei
2690 772 2989 827 mercedem
3018 786 3358 845 acceperunt.
3388 776 3459 832 Ut
3500 788 3679 834 autem

2109 860 2307 913 bonum
2361 873 2466 913 non
2513 872 2597 915 est
2641 878 2775 929 eos,
2830 864 2917 933 qui
2976 864 3029 918 in
3080 877 3319 922 extremo
3382 870 3503 929 vita:
3546 856 3706 947 lapsi;

2109 965 2266 1018 sunt,
2319 953 2604 1024 desperare
2636 998 2653 1024 ,
2715 958 2758 1012 si
2824 965 3001 1015 tamen
3069 947 3428 1032 resipiscan't:
3462 963 3533 1018 ita
3578 966 3682 1020 non

2110 1054 2279 1099 tutum
2324 1054 2407 1100 est
2454 1044 2554 1102 hac
2578 1062 2672 1118 spe
2717 1052 2883 1105 teneri
2930 1066 2993 1106 ac
3038 1052 3216 1108 dicere
3269 1074 3281 1109 :
3326 1056 3420 1111 llic
3469 1058 3682 1125 quidem

2110 1136 2312 1190 interea
2371 1136 2492 1190 vita:
2543 1140 2901 1207 voluptatibus
2958 1140 3129 1206 fruar,
3184 1154 3453 1213 postremo
3502 1156 3678 1204 autem

2109 1229 2256 1284 brevi
2309 1229 2491 1285 labore
2542 1234 2702 1287 totius
2747 1237 2998 1304 temporis
3046 1237 3346 1293 mercedem
3399 1240 3675 1309 accipiam.

2109 1320 2322 1375 Memini
2365 1336 2593 1393 namque
2641 1333 2690 1378 te
2715 1339 2855 1395 seepe
2901 1327 3116 1394 ἀὶχίεηο,
3144 1345 3263 1383 cum
3294 1330 3445 1386 multi
3473 1339 3525 1406 te
3554 1331 3684 1386 hor-

2112 1421 2346 1467 tarentur
2372 1424 2429 1468 ut
2456 1430 2637 1470 musca
2680 1416 3042 1485 frequentares
3072 1436 3084 1471 :
3128 1420 3263 1487 Quid
3293 1437 3438 1485 vero,
3462 1424 3506 1478 si
3536 1424 3684 1479 brevi

2110 1513 2347 1575 tempore
2390 1506 2529 1561 male
2571 1507 2729 1561 vitam
2773 1507 3298 1579 obeam?quomodo
3324 1511 3480 1567 adibo
3531 1513 3680 1568 illum

2108 1595 2196 1665 qui
2221 1596 2353 1651 dixit
2384 1614 2396 1648 :
2430 1596 2511 1650 Ne
2535 1599 2699 1651 tardes
2724 1601 2940 1652 converti
2962 1601 3032 1653 ad
3083 1601 3368 1669 Dominum,
3398 1620 3556 1675 neque
3574 1606 3683 1675 dif.

2109 1688 2241 1755 feras
2271 1688 2332 1742 de
2359 1688 2440 1741 die
2463 1690 2515 1741 in
2563 1690 2692 1741 diem
2725 1689 2742 1759 (
2767 1689 2928 1743 Eccli.
2959 1694 3010 1746 5.
3037 1693 3071 1746 8
3098 1692 3115 1761 )
3145 1695 3169 1745 ’ἒ
3222 1694 3368 1749 llanc
3407 1697 3682 1765 cogitatio—

2110 1793 2229 1831 nem
2256 1787 2458 1847 repete,
2483 1788 2534 1833 et
2558 1778 2723 1834 furem
2754 1782 2879 1835 time
2902 1799 2917 1847 ;
2948 1782 3019 1836 ita
3050 1784 3191 1837 enim
3213 1784 3454 1841 Christus
3478 1788 3679 1843 exitum

2109 1884 2172 1923 ex
2206 1869 2303 1922 hac
2322 1870 2427 1923 vita
2452 1879 2691 1925 nostrum
2707 1884 2876 1937 vocat,
2896 1890 2961 1929 eo
2985 1875 3125 1945 quod
3154 1877 3515 1947 ignorantibus
3537 1884 3679 1936 acci-

2108 1965 2217 2019 dat.
2263 1964 2461 2020 Tecum
2510 1976 2692 2036 reputa
2743 1966 2898 2036 hujus
2941 1971 3062 2023 vitae
3114 1972 3517 2036 sollicitudines,
3568 1981 3679 2028 tum

2106 2056 2324 2127 singulis
2342 2057 2603 2128 proprias,
2631 2068 2741 2113 tum
2770 2059 3007 2129 pluribus
3032 2076 3358 2127 communes,
3386 2063 3679 2134 principum

2105 2158 2327 2215 metum,
2351 2150 2544 2205 civium
2568 2150 2923 2216 invidiam,de
2965 2167 3171 2207 summa
3218 2170 3395 2209 rerum
3434 2156 3683 2227 frequens

2105 2240 2421 2308 periculum,
2454 2242 2715 2306 miserias,
2772 2242 3101 2299 adulationes
3145 2247 3388 2314 serviles,
3417 2247 3525 2303 imo
3553 2250 3683 2319 ipsis

2105 2333 2292 2399 servis,
2323 2333 2369 2388 si
2396 2334 2543 2402 probi
2560 2334 2772 2405 quidem
2794 2336 2916 2400 sint,
2950 2337 3209 2407 indignas,
3240 2339 3414 2410 cogita
3441 2340 3678 2395 laborum

2106 2426 2333 2480 fructum
2362 2427 2449 2482 hic
2483 2428 2719 2494 interire,
2775 2444 2883 2498 quo
2921 2430 3045 2499 quid
3092 2432 3444 2489 miserabilius
3483 2432 3681 2489 fuerit?

2105 2517 2250 2574 Multi
2290 2520 2447 2574 etiam
2486 2519 2722 2574 laborum
2769 2519 2995 2576 fructum
3028 2524 3299 2592 percipere
3349 2540 3455 2581 non
3493 2535 3681 2595 potue-

2105 2621 2265 2667 runt:
2298 2613 2389 2667 sed
2448 2624 2726 2684 postquam
2776 2619 2996 2684 primam
3051 2627 3259 2672 artatem
3298 2619 3581 2675 sudoribus
3630 2632 3683 2675 ct

2105 2703 2353 2772 periculis
2373 2705 2778 2775 insumpsemnt,
2806 2720 2923 2761 cum
2951 2722 3008 2761 sc.
3038 2707 3333 2763 mercedem
3372 2719 3683 2779 accepturos

2104 2802 2401 2862 sperarent,
2430 2794 2799 2850 abscesserunt
2837 2797 2965 2851 nihil
2996 2814 3173 2852 secum
3204 2799 3509 2856 referentes
3548 2801 3677 2856 Nam

2103 2884 2145 2939 si
2174 2892 2441 2940 terrenum
2473 2887 2864 2956 imperatorem,
2904 2889 3061 2943 etiam
3090 2900 3206 2959 post
3236 2892 3394 2945 multa
3425 2894 3679 2962 pericula,

2103 2986 2222 3045 post
2251 2977 2471 3045 plurima
2495 2977 2633 3033 bella
2671 2979 2929 3045 confecta,
2960 2982 3045 3033 vix
3074 2980 3232 3036 audet
3261 2983 3519 3051 quispiam
3559 2999 3679 3038 cum

2105 3066 2292 3121 ﬁducia
2308 3068 2596 3137 respicere,
2621 3070 2887 3139 quomodo
2901 3072 3164 3127 ca-lestem
3185 3073 3328 3127 illum
3353 3074 3546 3142 poterit
3563 3076 3681 3144 quis

2105 3156 2317 3220 intueri,
2338 3159 2427 3228 qui
2448 3167 2557 3213 toto
2582 3170 2820 3229 tempore
2843 3161 2995 3216 alteri
3019 3164 3231 3230 vixerit,
3250 3164 3401 3218 alteri
3418 3165 3680 3220 militarit?

2174 3248 2227 3303 5.
2260 3248 2342 3303 An
2367 3250 2445 3304 vis
2469 3248 2536 3304 de
2584 3250 2895 3306 domesticis
2919 3252 3084 3317 curis,
3134 3253 3339 3321 uxoris,
3368 3254 3676 3319 liberorum,

2103 3338 2421 3395 famulorum
2445 3355 2657 3410 agamus
2678 3341 2701 3395 Ἰ
2745 3341 2918 3398 Grave
2934 3352 3015 3398 est
3035 3358 3318 3413 pauperem
3339 3362 3555 3401 uxorem
3576 3347 3679 3401 du-

2102 3430 2263 3494 xisse,
2284 3445 2446 3501 grave
2469 3431 2853 3501 Opuleutiorem
2885 3452 2898 3487 :
2929 3434 3151 3489 alterum
3194 3436 3335 3490 enim
3381 3435 3677 3504 facultates,

2100 3522 2329 3576 alterum
2364 3522 2462 3576 viri
2489 3524 2854 3578 auctoritatem
2897 3524 3301 3596 libertatemque
3325 3526 3487 3581 lmdit.
3517 3527 3681 3582 Mole-

2104 3620 2243 3664 stum
2267 3619 2351 3666 est
2372 3611 2570 3666 liberos
2585 3613 2904 3681 suscepisse,
2922 3614 3200 3669 molestius
3222 3630 3324 3669 non
3343 3616 3675 3685 suscepisse:

2104 3704 2231 3759 illud
2258 3704 2400 3758 enim
2430 3712 2515 3760 est
2556 3704 2750 3759 frustra
2775 3705 2991 3761 duxisse
3022 3707 3318 3776 conjugem,
3354 3708 3456 3763 hoc
3482 3724 3680 3764 amara:

2103 3797 2343 3850 servituti
2363 3796 2657 3865 subjectum
2679 3813 2819 3853 esse.
2853 3798 3099 3869 Egrotat
3129 3816 3276 3869 puer,
3312 3800 3432 3855 hinc
3467 3817 3572 3856 non
3609 3802 3681 3857 lc-

2102 3886 2181 3940 vis
2199 3886 2422 3941 formido
2453 3905 2464 3941 :
2492 3888 2803 3943 immaturus
2851 3889 3100 3957 decessit,
3144 3890 3271 3946 hinc
3295 3907 3399 3946 non
3438 3895 3680 3949 consola-

2100 3976 2223 4033 bilis
2251 3978 2405 4033 dolor
2436 3997 2451 4034 :
2480 3980 2545 4034 ad
2571 3980 2810 4051 singulos
2830 3984 3000 4038 :ctatis
3020 3984 3235 4055 gradus,
3265 4000 3408 4041 cura:
3432 3987 3499 4042 de
3527 3988 3674 4057 ipsis,

2102 4070 2488 4127 sollicitudines
2512 4083 2567 4128 et
2590 4073 2820 4130 labores.
2856 4075 2990 4143 Quid
3018 4077 3085 4130 de
3125 4076 3535 4133 domesticorum
3575 4080 3679 4134 im-

2104 4162 2365 4232 probitate
2392 4163 2675 4219 dicamus?
2704 4164 2951 4221 Haeccine
3000 4168 3105 4223 vita
3133 4177 3235 4233 est,
3263 4168 3562 4233 Theodore,
3589 4171 3678 4226 ubi

2102 4254 2277 4309 anima
2291 4269 2391 4309 una
2409 4255 2461 4309 in
2484 4264 2560 4310 tot
2578 4271 2734 4310 curas
2755 4256 3087 4323 distrahitur,
3111 4266 3189 4313 tot
3224 4260 3409 4321 servit,
3441 4268 3520 4315 tot
3552 4260 3682 4316 vivit

2103 4344 2430 4412 hominibus,
2460 4347 2560 4401 sibi
2612 4349 2933 4418 numquam?
2961 4349 3098 4403 Nihil
3120 4350 3257 4419 apud
3282 4365 3378 4407 nos
3405 4351 3680 4421 hujusmoo

2102 4434 2155 4488 di
2184 4435 2465 4503 reperitur,
2495 4436 2707 4503 dilecte,
2728 4444 2780 4491 te
2811 4447 2997 4493 testem
3036 4441 3266 4508 appello.

2174 4525 2337 4579 Nemo
2388 4526 2512 4579 liber
2556 4536 2646 4590 est,
2688 4528 2785 4581 nisi
2825 4531 2909 4593 qui
2958 4529 3153 4583 Christo
3187 4532 3320 4583 vivit.
3370 4530 3487 4587 Una
3529 4530 3679 4588 Citri-

2102 4617 2265 4670 stiano
2293 4617 2577 4684 calamitas,
2608 4616 2769 4672 Deum
2800 4618 3071 4685 o/fendere.
3095 4652 3169 4660 —
3191 4621 3344 4677 Brevi
3362 4623 3560 4693 quippe
3588 4624 3678 4677 illo

2103 4717 2364 4779 tempore,
2411 4726 2519 4781 quo
2546 4727 2613 4766 ex
2634 4710 2877 4768 fluctibus
2929 4728 3201 4784 emergere
3259 4715 3489 4780 voluisti,
3543 4718 3679 4771 nosti

2102 4814 2299 4873 quanta
2323 4804 2524 4868 Iaztitia,
2556 4813 2752 4875 quanto
2778 4805 2972 4877 gaudio
2997 4804 3273 4860 fruebaris.
3302 4805 3468 4861 Nemo
3488 4808 3683 4881 quippe

2107 4896 2242 4952 liber
2262 4907 2362 4959 est.
2384 4898 2483 4952 nisi
2506 4898 2594 4968 qui
2611 4898 2823 4953 Christo
2845 4898 2972 4952 vivit
2986 4900 3023 4951 ίε
3050 4898 3135 4954 hic
3155 4899 3406 4956 omnibus
3427 4902 3683 4958 molestiis

2106 4991 2348 5059 superior
2392 4998 2601 5044 estzac
2646 4990 2747 5045 nisi
2791 4990 3023 5059 seipsum
3076 4990 3270 5047 laedere
3311 4992 3458 5059 velit,
3504 4993 3683 5050 nullus

2108 5088 2241 5142 alius
2262 5087 2312 5140 id
2335 5100 2581 5156 umquam
2606 5085 2837 5156 poterit;
2863 5086 3010 5141 nullo
3022 5086 3139 5157 capi
3158 5087 3460 5157 etsuperari
3484 5096 3677 5157 potest,

2108 5195 2210 5233 non
2241 5178 2581 5247 pecuniarum
2629 5177 2834 5247 jactura
2872 5178 3157 5244 cruciatur,
3208 5178 3400 5247 quippe
3428 5178 3515 5248 qui
3541 5178 3681 5233 didi—

2106 5270 2241 5326 cerit
2282 5284 2380 5324 nos
2426 5268 2557 5323 nihil
2600 5269 2653 5323 in
2690 5270 2832 5324 hunc
2857 5272 2877 5301 ²
2916 5269 3170 5323 mundum
3222 5268 3481 5336 attulisse,
3511 5285 3683 5339 neque

2108 5361 2230 5416 inde
2254 5360 2521 5431 quidpiam
2578 5360 2787 5415 auferre
2816 5374 2971 5429 posse
2995 5375 3009 5423 ;
3042 5374 3147 5413 non
3173 5358 3462 5415 ambitione
3488 5369 3542 5415 et
3568 5360 3683 5431 glo-

2108 5454 2200 5508 ria:
2219 5453 2468 5523 cupidine
2496 5461 2727 5517 tenetur,
2751 5466 2946 5520 gnarus
2966 5452 3425 5507 conversationem
3446 5461 3681 5506 nostram

2110 5546 2161 5600 in
2183 5546 2315 5601 czclo
2340 5560 2487 5601 esse:
2512 5559 2615 5599 non
2634 5542 2885 5598 conviciis
2912 5554 3153 5607 vexatur,
3181 5559 3285 5597 non
3309 5542 3477 5612 plagis
3500 5557 3680 5598 move-

2114 5649 2219 5703 tur;
2234 5654 2339 5693 una
2358 5637 2657 5691 Christiano
2681 5635 2957 5690 calamitas
2981 5636 3145 5689 Deum
3167 5633 3468 5689 oll‘endere:
3491 5642 3680 5689 czetera

2109 5747 2235 5787 vero
2255 5773 2269 5797 ,
2292 5740 2349 5784 ut
2372 5728 2769 5799 possessionum
2786 5728 3043 5798 jacturam
3066 5768 3078 5790 ,
3112 5726 3296 5795 patria:
3322 5727 3683 5791 amissionem,

2175 5871 2189 5897 ί
2229 5874 2355 5915 Unus
2375 5865 2531 5914 codex
2556 5879 2567 5912 :
2598 5874 2695 5914 Non
2712 5871 2778 5925 est
2799 5862 2943 5925 enim,
2964 5874 3056 5911 non
3085 5867 3153 5912 est
3179 5861 3312 5917 liber,
3332 5860 3424 5910 nisi
3456 5874 3535 5925 qm
3554 5898 3563 5915 .
3585 5879 3683 5915 nm-

2112 5928 2332 5979 trimonio
2356 5925 2595 5991 inmunis,
2617 5924 2801 5991 Christo
2824 5924 2950 5991 vivit.
3048 5988 3056 5991 _
3308 5985 3331 5991 Μ

2180 5992 2199 6022 ²
2235 5998 2329 6039 vox
2347 6024 2361 6048 ,
2386 5990 2509 6038 Itmtr
2530 6025 2541 6047 ,
2568 5988 2705 6037 deest
2734 5989 2781 6036 in
2804 5986 2922 6035 Savi!
2974 5994 3016 6030 vt
3046 5988 3093 6035 in
3119 6000 3212 6035 uno
3235 5985 3411 6033 codice.
