4506 6724
793 548 899 607 315

802 678 1097 723 extremum
1127 662 1444 733 perieulum,
1474 660 1883 731 neintergravia
1905 660 2119 730 quidem
2140 670 2379 732 reputat;

794 757 1043 828 quodque
1068 772 1254 811 omnes
1281 754 1521 820 horrent,
1542 768 1733 823 nempe
1758 753 1957 807 exitum
1986 767 2049 805 ex
2074 752 2173 806 hac
2196 754 2298 805 vita
2332 753 2383 805 in

797 849 1058 915 aliam,id
1086 851 1135 903 ei
1192 849 1303 916 ipsa
1363 848 1467 901 vita
1520 846 1726 901 dulcius
1769 854 1871 899 est.
1927 844 2381 911 Quemadmodum

794 942 938 999 cnim
967 943 1013 997 si
1035 942 1153 1012 quis
1181 941 1232 994 iu
1250 940 1361 994 alto
1388 940 1607 1009 scepulo
1634 938 1836 1008 positus
1856 939 2244 1008 contempletur
2269 953 2385 991 ma-

797 1053 877 1103 re,
903 1046 959 1093 et
987 1036 1342 1105 navigantium
1371 1035 1505 1088 alios
1544 1049 1573 1086 a
1623 1032 1871 1088 fluctibus
1908 1032 2144 1102 demergi
2185 1031 2381 1097 videat,

796 1130 928 1182 alios
958 1128 1011 1182 in
1042 1127 1258 1183 latentia
1288 1143 1413 1181 saxa
1443 1126 1609 1192 allidi,
1629 1126 1763 1181 alios
1792 1124 1898 1180 alio
1914 1126 2128 1197 quidem
2161 1134 2385 1180 conten-

799 1222 1015 1286 dentes,
1044 1223 1178 1277 alios
1205 1232 1383 1276 autem
1411 1232 1468 1276 ut
1514 1222 1720 1276 vinctos
1746 1222 1799 1275 vi
1846 1231 2128 1277 ventorum
2172 1222 2383 1285 abduci,

797 1313 994 1367 multos
1014 1311 1169 1366 undis
1191 1311 1365 1379 obrui,
1390 1312 1524 1366 alios
1551 1327 1647 1381 pro
1686 1313 1896 1383 navigio
1938 1325 1993 1367 et
2025 1313 2385 1383 gubernaculo

794 1404 1035 1458 manibus
1060 1404 1232 1458 solum
1262 1404 1358 1469 uti,
1377 1405 1510 1458 alios
1532 1404 1615 1459 vel
1644 1405 1821 1459 tabula
1853 1418 1956 1458 una
2009 1405 2093 1459 vel
2119 1405 2385 1474 fragmen-

796 1505 851 1549 to
872 1494 1021 1549 navis
1038 1493 1188 1563 ferri,
1211 1496 1346 1550 alios
1375 1504 1613 1551 mortuos
1638 1504 2004 1565 snpernatare,
2037 1497 2383 1565 multiplicem

795 1587 999 1643 scilicet
1018 1596 1074 1643 et
1096 1587 1295 1642 variam
1319 1588 1674 1641 calamitatem
1706 1605 1719 1641 :
1754 1587 1824 1641 ita
1853 1596 1909 1642 et
1932 1588 2021 1658 qui
2047 1587 2261 1642 Christo
2287 1589 2387 1642 mi-

790 1680 925 1746 litat,
956 1680 1206 1735 tumultui
1236 1690 1291 1736 et
1315 1681 1562 1736 fluctibus
1593 1680 1716 1735 vita:
1764 1695 1824 1734 se
1853 1680 2179 1748 Subducens,
2210 1682 2264 1736 in
2296 1692 2375 1738 tu-

794 1781 850 1825 to
877 1780 933 1827 et
958 1772 1172 1827 excelso
1193 1772 1311 1826 loco
1353 1772 1521 1826 sedet.
1560 1772 1695 1838 Quid
1718 1772 1861 1826 enim
1893 1772 2078 1838 tutius,
2098 1773 2227 1843 quid
2257 1774 2385 1829 sub-

797 1861 975 1917 limius
1018 1862 1200 1928 fuerit,
1231 1878 1387 1933 quam
1430 1864 1638 1918 unicam
1670 1862 1874 1919 habere
1922 1864 2331 1921 sollicitudinem
2367 1886 2381 1921 :

798 1957 1061 2017 Quomodo
1090 1967 1314 2029 aperteat
1331 1957 1529 2029 placere
1553 1956 1661 2011 Deo
1689 1958 1778 2030 (Ι.
1810 1957 1853 2012 Τ
1859 1958 1991 2012 Ιιεεε.
2014 1959 2069 2013 4.
2093 1960 2118 2013 1
2151 1960 2213 2030 )?
2236 1958 2381 2013 Vidi-

794 2048 886 2113 sti,
916 2047 1226 2117 Theodore,
1256 2050 1527 2119 naufragia
1570 2064 1755 2103 eorum
1776 2049 1865 2118 qui
1898 2048 1950 2102 in
1998 2048 2099 2103 hoc
2126 2051 2258 2103 mari
2289 2065 2384 2103 na-

792 2138 1074 2209 vigabant?
1112 2139 1467 2208 Quamobrem
1511 2137 1633 2209 fuge
1663 2140 1682 2171 ί
1734 2140 1991 2209 pelagus,
2043 2139 2231 2193 fluctus
2283 2139 2381 2195 de-

792 2231 952 2291 clina,
971 2229 1278 2301 editumque
1295 2232 1471 2286 locum
1489 2244 1711 2299 occupa,
1742 2230 1828 2283 ubi
1853 2230 2095 2299 intercipi
2123 2245 2380 2299 nequeas;

791 2323 1112 2378 resurrectio
1155 2323 1327 2378 futura
1363 2332 1465 2387 est,
1497 2323 1755 2392 judicium
1808 2322 2003 2387 aderit,
2055 2322 2381 2377 horrendum

793 2421 891 2461 nos
918 2408 1040 2461 hinc
1064 2422 1314 2477 egressos
1340 2406 1569 2461 tribunal
1619 2414 1923 2475 eXSpectat:
1958 2404 2143 2459 Omnes
2171 2406 2381 2462 adstare

791 2506 982 2567 oportet
1010 2508 1126 2552 ante
1169 2498 1391 2552 tribunal
1418 2496 1697 2563 Christiﬁ.
1714 2495 1839 2553 Cor.
1856 2496 1907 2551 5.
1930 2497 2162 2568 10).Non
2186 2498 2381 2553 frustra

789 2603 911 2642 cum
941 2588 1099 2642 minis
1129 2588 1473 2642 denuntiatur
1498 2588 1743 2658 gehenna
1774 2606 1786 2641 :
1815 2603 1920 2641 non
1952 2588 2220 2643 incassum
2264 2597 2383 2642 tau-

793 2690 844 2734 ta
868 2680 1022 2734 nobis
1042 2689 1220 2750 parata
1248 2691 1369 2734 sunt
1398 2681 1554 2733 bona.
1583 2679 1798 2746 Umbra,
1822 2680 1930 2733 imo
1956 2680 2143 2735 umbra
2173 2681 2377 2736 inanio-

790 2786 879 2826 res
915 2781 1038 2826 sunt
1064 2786 1153 2825 res
1178 2771 1398 2840 hujusce
1437 2772 1577 2834 vitte,
1607 2771 1886 2825 timoribus
1908 2772 2168 2840 plurimis,
2201 2772 2381 2826 multis

790 2865 1067 2937 periculis,
1120 2873 1465 2934 extremaque
1493 2864 1748 2919 servitute
1798 2863 1992 2933 plenaz.
2024 2862 2124 2929 Ne,
2170 2877 2374 2933 quarso,

790 2970 843 3016 et
870 2959 1146 3031 praesentis
1196 2968 1252 3014 et
1304 2958 1464 3012 futuri
1503 2957 1962 3026 smculijacturam
2020 2954 2203 3021 facias,
2253 2970 2375 3010 eum

791 3053 951 3107 liccat
994 3060 1276 3121 utrumque
1323 3050 1560 3114 lucrari,
1592 3049 1637 3103 si
1683 3049 1835 3103 velis.
1878 3048 2028 3116 Quod
2069 3054 2247 3103 autem
2300 3046 2376 3114 ii,

790 3144 879 3213 qui
921 3143 975 3197 in
1028 3141 1240 3196 Christo
1271 3141 1475 3206 vivunt,
1521 3141 1681 3194 etiam
1722 3138 1881 3209 hujus
1924 3139 2048 3193 vita).
2106 3138 2247 3194 bona
2296 3138 2381 3193 lu-

792 3243 1029 3300 crentur,
1052 3232 1211 3289 docet
1238 3231 1433 3288 Paulus
1479 3230 1563 3286 his
1612 3230 1833 3286 verbis:
1863 3228 1974 3301 Ego
2022 3238 2191 3283 autem
2242 3229 2380 3283 vobis

790 3343 944 3399 parco
973 3335 1068 3382 :et
1099 3327 1289 3381 iterum
1321 3341 1335 3379 :
1362 3324 1477 3379 Hoc
1522 3332 1691 3378 autem
1717 3323 1831 3377 dico
1858 3322 1925 3376 ad
1950 3333 2163 3377 vestram
2190 3322 2384 3377 utilita-

789 3420 938 3490 trm(l
953 3457 966 3470 .
983 3418 1101 3473 Cor.
1117 3419 1167 3471 7.
1191 3416 1281 3473 28.
1300 3416 1416 3487 55).
1429 3415 1618 3471 Viden’
1631 3430 1751 3470 eum
1764 3414 1852 3485 qui
1867 3413 2134 3484 cogitatea
2151 3428 2271 3483 qua:
2287 3412 2384 3467 Do-

794 3509 924 3563 mini
949 3518 1092 3573 sunt,
1122 3509 1284 3563 etiam
1312 3509 1363 3563 in
1407 3507 1509 3563 hoc
1557 3506 1760 3562 mundo
1788 3506 2115 3577 superiorem
2160 3504 2209 3561 ei
2233 3518 2378 3571 esse,

793 3599 883 3672 qui
900 3614 1124 3654 uxorem
1151 3598 1345 3655 ducit?
1388 3599 1674 3670 Postquam
1701 3599 1827 3655 illuc
1846 3599 2167 3669 transgressi
2214 3598 2381 3653 fueri-

863 3740 879 3767 ⁸
915 3732 1055 3785 savil.
1081 3740 1134 3785 et
1156 3746 1282 3784 unus
1302 3734 1478 3795 codex,
1502 3735 1633 3800 fuge,
1655 3735 1783 3800 fuge.

2268 544 2596 603 MONITllM.

3972 562 4071 620 31.8

2492 680 2630 731 mus,
2659 669 2836 723 nullus
2866 669 3190 740 pmnitentia:
3211 673 3383 729 locus.
3410 672 3506 730 Nai
3534 688 3594 727 us
3618 674 3819 730 athleta
3848 693 3879 732 e
3906 679 4069 734 stadio

2491 771 2757 824 egressus,
2789 770 3066 831 postquam
3100 763 3366 819 theatrum
3412 765 3644 821 solutum
3694 765 3812 828 fuit,
3862 779 4067 826 certare

2491 849 2720 916 amplius
2736 861 2931 921 potest.
2956 853 3081 908 Haec
3105 868 3319 927 semper
3340 859 3534 929 cogita,
3553 866 3608 915 et
3627 867 3838 913 acutum
3854 862 4067 933 maligni

2489 937 2721 1006 gladium
2762 954 3000 1009 contere,
3052 960 3158 1015 quo
3181 946 3297 1015 ipse
3323 951 3518 1006 multos
3545 950 3809 1005 interﬁcit.
3841 950 3965 1006 llzec
3992 963 4071 1006 est

2491 1031 2796 1101 desperatio
2824 1075 2841 1099 ,
2893 1053 3011 1106 qua:
3047 1037 3267 1107 dejectis
3310 1055 3459 1109 spem
3508 1041 3785 1112 praecidit:
3816 1041 3917 1095 hoc
3940 1043 4071 1096 vali-

2490 1122 2615 1177 dum
2642 1132 2725 1178 est
2749 1125 2946 1181 inimici
2970 1131 3153 1194 telum,
3181 1138 3236 1185 et
3254 1133 3422 1187 semel
3442 1144 3627 1204 captos
3654 1152 3759 1189 tton
3776 1136 3884 1189 alio
3914 1149 4071 1203 quam

2491 1214 2594 1271 hoc
2623 1216 2835 1272 vinculo
2866 1224 3187 1278 constrictos
3201 1222 3441 1279 detinet:
3474 1227 3636 1296 quod,
3663 1229 3706 1282 si
3729 1228 4071 1293 voluerimus,

2491 1307 2598 1361 cito
2628 1322 2722 1377 per
2751 1308 2844 1362 Dei
2870 1313 3095 1379 gratiam
3124 1313 3459 1385 confringere
3499 1320 3813 1386 poterimus.
3839 1319 3961 1373 Scio
3986 1335 4072 1373 me

2487 1398 2913 1469 justosepistolaa
2968 1402 3163 1460 limites
3218 1407 3559 1462 excessisse:
3600 1409 3693 1463 sed
3719 1411 4073 1480 iguosce,uon

2492 1494 2633 1545 enim
2662 1492 2848 1547 lubens
2874 1492 2974 1548 hoc
2990 1498 3095 1565 egi,
3145 1499 3237 1554 sed
3269 1499 3465 1553 amoris
3493 1499 3799 1572 dolorisque
3850 1504 3901 1558 vi
3922 1519 4073 1558 com-

2495 1583 2677 1651 pulsus
2706 1601 2717 1636 :
2748 1583 2834 1639 hic
2862 1599 2948 1639 me
2965 1586 3186 1643 allectus
3238 1590 3305 1644 ad
3353 1589 3490 1644 hanc
3538 1591 3697 1644 etiam
3738 1592 4074 1647 scribendam

2490 1675 2769 1743 epistolam
2802 1678 3105 1732 necessario
3134 1679 3365 1747 induxit,
3391 1682 3690 1735 vetantibus
3725 1682 3846 1737 iicct
3891 1685 4074 1742 multis

2490 1780 2554 1819 ac
2575 1766 2907 1821 dicentibus:
2938 1766 3123 1821 Finem
3148 1769 3228 1825 fac
3256 1787 3391 1826 vane
3410 1771 3708 1837 laborandi,
3740 1786 3802 1827 ac
3833 1773 3882 1825 iu
3910 1777 4077 1844 petris

2490 1856 2725 1911 serendi.
2783 1857 2896 1927 Ego
2951 1867 3129 1911 autem
3183 1861 3383 1916 nemini
3432 1876 3618 1915 aurem
3669 1862 3867 1931 praebui
3900 1862 4076 1934 :Spes

2490 1948 2633 2001 enim
2656 1958 2759 2016 est,
2782 1949 3022 2004 dicebam
3053 1951 3193 2021 apud
3231 1968 3339 2018 me,
3386 1953 3480 2008 Dei
3526 1967 3629 2023 ope
3658 1954 3838 2011 literas
3879 1955 4077 2026 aliquid

2489 2036 2796 2107 profuturas
2824 2053 2972 2105 esse;
3018 2042 3162 2110 quod
3190 2043 3234 2096 si
3264 2042 3350 2107 id,
3381 2043 3523 2113 quod
3570 2059 3638 2098 ne
3673 2044 3766 2097 fiat
3807 2045 4077 2115 depreca-

2488 2145 2630 2197 mur,
2654 2130 2927 2196 acciderit,
2948 2131 2998 2184 id
3028 2132 3217 2188 saltem
3244 2134 3589 2198 lucrabimur,
3622 2142 3681 2188 ut
3708 2150 3778 2188 ne
3804 2136 4076 2190 silentium

2488 2222 2643 2275 nobis
2670 2222 2799 2275 vitio
2846 2222 2980 2275 verti
3009 2226 3215 2291 possit:
3248 2239 3423 2295 neque
3451 2225 3746 2279 deteriores
3776 2225 4079 2295 naviganti-

2486 2314 2586 2369 bus
2616 2317 2837 2379 erimus,
2879 2314 3115 2385 quicum
3154 2331 3268 2371 suae
3318 2316 3481 2371 sortis
3521 2316 3771 2370 homines
3819 2316 4077 2384 viderint,

2484 2423 2616 2479 quas
2645 2418 2757 2463 sata
2772 2410 2821 2463 vi
2851 2418 3133 2466 ventorum
3163 2412 3303 2477 navi,
3332 2412 3525 2467 tabulze
3554 2412 3839 2478 hterentes,
3870 2412 4080 2481 demis-

2486 2502 2561 2555 sis
2577 2502 2732 2567 velis,
2757 2502 2899 2572 jacta
2953 2503 3208 2569 anchora,
3233 2512 3289 2559 et
3331 2519 3623 2561 conscensa
3655 2504 3873 2575 scapha,
3899 2504 4078 2560 homi-

2486 2610 2582 2649 nes
2629 2595 2857 2665 ignotos,
2889 2610 2952 2651 ac
2996 2612 3061 2652 ex
3105 2598 3357 2666 praesenti
3412 2598 3582 2653 solum
3626 2597 3927 2654 calamitate
3975 2598 4078 2653 sibi

2485 2687 2727 2757 cognitos
2780 2704 2999 2744 servare
3036 2691 3297 2745 nituntur.
3328 2689 3477 2757 Quod
3533 2691 3577 2744 si
3632 2690 3709 2744 illi
3763 2690 4079 2757 noluerint,

2484 2791 2645 2831 nemo
2671 2778 2966 2847 culpaverit
3002 2793 3097 2833 eos
3115 2820 3131 2844 ,
3165 2778 3308 2850 quod
3332 2788 3616 2850 pereuntes
3653 2794 3870 2836 servare
3894 2780 4080 2836 conati

2487 2870 2614 2924 sint.
2682 2869 2810 2925 Haec
2858 2880 3058 2925 nostra:
3108 2870 3372 2927 facultatis
3422 2880 3591 2926 sunt:
3625 2888 3903 2942 speramus
3971 2888 4080 2927 au-

2485 2969 2592 3013 tem
2633 2969 2684 3014 te
2714 2975 2809 3029 per
2835 2961 2929 3015 Dei
2967 2965 3187 3031 gratiam
3217 3003 3232 3028 ,
3262 2977 3381 3031 quae
3421 2964 3474 3016 in
3531 2971 3618 3017 tua
3666 2971 3929 3032 potestate
3955 2973 4082 3019 sunt

2492 3051 2853 3121 przestiturum
2875 3066 3014 3118 esse,
3044 3051 3263 3122 fereque
3291 3064 3351 3107 ut
3394 3061 3449 3108 te
3477 3069 3690 3108 rursum
3719 3053 3993 3109 videamus
4019 3054 4075 3109 in

2491 3155 2651 3212 grege
2679 3142 2696 3172 ¹
2724 3140 2923 3196 Christi
2956 3140 3236 3198 ﬂorentem
3282 3143 3655 3214 valentemque
3705 3158 3833 3199 vera
3868 3144 4081 3200 valetu-

2485 3229 2628 3297 dine,
2661 3239 2817 3301 teque
2844 3231 3001 3287 citius
3024 3232 3354 3287 orationibus
3387 3242 3691 3288 sanctorum
3718 3233 4061 3303 recipiamus,

2492 3338 2525 3375 ο
2566 3321 2817 3377 dilectum
2843 3330 3021 3393 caput.
3047 3322 3105 3378 Si
3130 3338 3289 3393 quam
3346 3325 3515 3379 nostri
3552 3323 3813 3379 rationem
3857 3324 4082 3393 habeas,

2484 3429 2655 3486 neque
2675 3415 2887 3486 penitus
2915 3429 3013 3470 nos
3039 3431 3070 3471 e
3108 3415 3363 3471 memoria
3390 3425 3479 3470 tua
3520 3415 3765 3486 eieceris,
3795 3416 3949 3471 nobis
3987 3431 4079 3472 rc-

2484 3508 2721 3563 scribere
2742 3507 3016 3580 digneris;
3051 3507 3153 3564 hoc
3181 3506 3325 3563 enim
3350 3507 3511 3563 modo
3536 3522 3726 3579 magna
3752 3522 3852 3564 nos
3892 3507 4080 3567 laetitia

2490 3598 2713 3654 afficies.

2556 3736 2569 3765 ί
2605 3732 2747 3784 Savil.
2771 3735 2822 3784 in
2845 3733 3066 3795 margine
3090 3740 3143 3784 et
3162 3744 3291 3783 unus
3312 3731 3490 3789 uidex.
3505 3731 3557 3783 in
3572 3744 3716 3796 qreqe
3732 3730 3957 3785 undoso.
