4506 6718
865 557 973 613 317

889 698 2492 739 xw

2494 696 3353 711 _..———-—.~a—--.————n—~on
3399 697 3511 704 -λαοι-
3531 695 3597 711 οξε-
3617 695 3657 711 ιρο
3730 698 3745 705 ν
3806 698 3827 707 ο
3850 698 3915 709 ο.
3938 700 3954 709 ο

2340 544 2677 600 MONIUM.
4040 546 4131 599 Siti

1544 874 1665 960 IN
1742 866 2026 956 TRIA
2090 863 2781 973 SEQUENTIA
2852 860 3469 955 OPUSCULA

2151 1080 2829 1197 MONITUM

941 1318 1047 1375 Res
1071 1326 1154 1373 est
1175 1315 1476 1385 explorata,
1500 1314 1617 1368 haec
1647 1313 1771 1378 tria,
1790 1312 1856 1366 de
1873 1310 2195 1380 quibusjam
2225 1306 2456 1375 quaestio

864 1423 967 1476 est,
992 1410 1278 1479 opuscula,
1312 1409 1453 1463 inter
1476 1407 1685 1477 priores
1715 1404 2087 1475 Chrysostomi
2110 1399 2279 1454 nostri
2313 1398 2454 1451 fetus

862 1501 1090 1556 locanda
1115 1515 1258 1566 esse,
1284 1514 1459 1568 neque
1484 1499 1666 1551 minus
1690 1494 2045 1561 conspicuum
2074 1492 2285 1543 videtur
2309 1489 2453 1542 edita

861 1593 1036 1649 fuisse
1104 1593 1423 1663 priusquam
1462 1591 1551 1643 illc
1578 1589 1629 1640 in
1662 1585 2035 1656 presbyterum
2077 1588 2449 1648 cooptaretur.

860 1684 1081 1740 Annum
1110 1699 1239 1738 vero
1274 1691 1513 1736 statuere
1545 1680 1653 1748 iam
1689 1685 1926 1746 oportet.
1957 1673 2179 1728 Certum
2230 1671 2451 1742 quidem

860 1776 1031 1831 estad
1064 1774 1117 1829 id
1160 1772 1405 1828 muneris
1434 1769 1803 1840 praestandum
1852 1768 1921 1821 ab
1951 1766 2132 1821 amico
2170 1764 2451 1819 inductum

860 1866 1032 1920 fuisse
1072 1861 1549 1936 Cbrysostomum,
1594 1876 1717 1914 cum
1763 1858 1981 1929 publica
2036 1857 2455 1928 magistratuum

860 1956 1190 2012 auctoritate
1217 1956 1473 2010 monachi
1502 1962 1743 2008 extrema
1769 1953 2104 2021 paterentur,
2137 1964 2202 2002 ex
2234 1947 2456 2001 sedibus

862 2057 917 2102 et
941 2046 1154 2102 cellulis
1188 2048 1307 2101 suis
1351 2047 1615 2099 violenter
1644 2044 1885 2104 abducd,
1917 2042 1968 2094 in
2022 2039 2201 2092 forum
2232 2035 2453 2105 raptati,

864 2137 1157 2205 verberati,
1183 2139 1238 2192 in
1273 2152 1548 2192 carcerem
1578 2135 1731 2189 trusi.
1760 2133 1885 2186 Haec
1919 2146 2081 2200 porro
2111 2129 2230 2182 dira
2261 2142 2455 2179 mona-

862 2229 1091 2286 chorum
1126 2229 1343 2284 vexatio
1381 2237 1487 2281 tam
1520 2237 1724 2294 aperta,
1756 2222 2016 2293 principis
2042 2223 2260 2276 decreto
2287 2218 2451 2281 facta,

861 2320 1079 2375 nonnisi
1108 2319 1176 2373 ad
1206 2328 1414 2387 tempus
1455 2314 1692 2369 Valentis
1720 2312 2063 2381 imperatoris
2081 2310 2266 2365 reduci
2294 2324 2454 2379 posse

858 2408 1093 2473 videtur,
1124 2407 1217 2477 qui
1243 2422 1368 2461 cum
1394 2405 1447 2458 in
1482 2403 1810 2458 Arianorum
1836 2402 2070 2456 liaarcsin
2110 2400 2451 2463 descivisset,

860 2501 917 2554 in
944 2497 1262 2552 Catholicos
1311 2511 1505 2549 omnes
1548 2494 1918 2563 grassabatur.
1962 2490 2230 2545 Defuncto
2273 2500 2455 2545 autem

862 2588 1245 2643 Valentiniano
1285 2589 1471 2650 fratre,
1506 2586 1594 2654 pio
1624 2585 2006 2653 catholicoque
2036 2583 2299 2652 principe,
2332 2598 2456 2637 cum

862 2681 1001 2736 nihil
1031 2680 1260 2734 ulterius
1288 2679 1547 2733 infestum
1571 2678 1691 2746 ejus
1712 2677 1764 2730 in
1788 2684 2010 2730 sanctos
2042 2674 2186 2728 viros
2212 2673 2457 2726 animum

861 2771 1186 2834 retardaret,
1206 2786 1271 2825 eo
1300 2771 1567 2840 processit
1592 2768 1842 2823 amentia:
1862 2776 1922 2820 ut
1938 2766 2237 2819 monachos
2268 2779 2458 2818 omnes

862 2862 1086 2918 sedibus
1116 2863 1242 2932 pelli
1275 2872 1331 2915 et
1363 2862 1418 2915 in
1453 2862 1700 2914 militiam
1736 2859 2011 2915 conscribi
2037 2857 2283 2927 jusserit.
2314 2856 2459 2910 Obiit

863 2954 1279 3011 Valentinianus
1313 2969 1457 3007 anno
1488 2951 1703 3005 Domini
1740 2951 1866 3017 574,
1904 2959 2068 3020 atque
2094 2950 2229 3004 adeo
2254 2949 2323 3002 ad
2358 2964 2460 3001 an—

864 3062 998 3103 num
1042 3046 1150 3101 375
1188 3046 1273 3100 vel
1297 3045 1399 3099 57G
1445 3043 1717 3113 quadrare
1752 3051 1988 3111 possunt
2040 3040 2097 3095 hi
2142 3050 2251 3095 tres
2285 3039 2461 3094 sancti

864 3137 1107 3193 doctoris
1131 3136 1278 3190 libri.

933 3227 1088 3283 Hanc
1113 3238 1295 3282 tamen
1327 3227 1699 3296 chronologia:
1730 3226 2001 3281 rationem
2047 3224 2256 3293 aliquot
2306 3239 2467 3292 argu-

864 3319 1063 3376 mentis
1078 3320 1261 3388 impeti
1278 3334 1439 3387 posse
1457 3327 1611 3386 putat
1627 3319 1708 3372 vir
1719 3319 1790 3373 cl.
1817 3316 2463 3378 Tillemontius.Etenim,

866 3410 1047 3481 inquit
1068 3410 1180 3475 ille,
1221 3419 1350 3464 tunc
1370 3409 1549 3463 editus
1579 3407 1682 3462 fuit
1709 3409 1847 3462 liber
1870 3407 2101 3477 primus,
2134 3421 2257 3460 cum
2286 3404 2467 3458 adhuc

867 3501 1211 3557 daemonibus
1243 3500 1552 3555 saeriticare
1588 3500 1775 3554 liceret
1809 3517 1823 3552 :
1861 3507 1917 3552 at
1946 3498 2241 3568 postremis
2271 3496 2470 3550 Valen-

868 3590 1062 3644 tiniani
1102 3598 1157 3643 et
1203 3587 1449 3642 Valentis
1502 3588 1662 3641 annis
1714 3586 1987 3641 sacriﬁcia
2037 3586 2353 3655 hnjusmodi
2400 3586 2470 3640 ab

868 3680 1061 3754 iisdem
1090 3679 1515 3749 imperatoribus
1560 3678 1835 3747 prohibita
1870 3683 2019 3741 sunt,
2058 3678 2201 3731 unde
2223 3677 2472 3746 sequitur

869 3782 996 3826 ante
1039 3786 1241 3825 annum
1268 3768 1396 3831 576,
1439 3785 1550 3838 quo
1584 3776 1837 3824 mortuus
1890 3776 1974 3823 est
2027 3766 2465 3831 Valentinianus,

872 3864 955 3918 vel
991 3862 1058 3916 ad
1089 3877 1362 3917 sumnmm
1393 3876 1537 3913 anno
1564 3862 1683 3929 ipso
1704 3859 1829 3923 574,
1847 3860 1963 3913 haec
1983 3860 2269 3929 scripsisse
2294 3859 2463 3930 Chry-

871 3966 1201 4010 Sostomum.
1229 3953 1347 4006 Alia
1394 3953 1521 4006 item
1558 3952 1848 4006 dillicultas
1889 3953 2136 4023 emergit,
2167 3953 2363 4022 inquit,
2394 3966 2462 4005 ex

870 4045 1249 4117 Cbrysostomi
1300 4044 1501 4108 verbis,
1551 4044 1645 4113 qni
1697 4043 1829 4097 dicit
1880 4044 2019 4097 hanc
2067 4044 2462 4096 monachorum

872 4140 1215 4195 vexationem
1263 4137 1542 4191 inductam
1600 4149 1722 4188 esse
1750 4132 1851 4187 sub
1882 4134 1985 4201 piis
2022 4132 2465 4202 imperatoribus,

875 4229 1137 4293 εὐσεϐῶν,
1170 4243 1293 4298 qua:
1318 4241 1451 4281 sane
1492 4226 1615 4279 laus
1640 4225 1708 4279 ad
1756 4224 2057 4291 Valentem,
2086 4225 2468 4295 imperatorem

874 4322 1136 4376 Arianum
1154 4316 1563 4384 Catholicisque
1582 4312 1879 4375 infensum,
1899 4313 2169 4381 quadrare
2188 4326 2295 4365 non
2312 4324 2473 4380 posse

874 4414 1109 4467 videtur.
1140 4408 1389 4473 Den.um,
1422 4422 1544 4476 qua:
1586 4405 1743 4475 longe
1795 4404 2027 4474 gravior,
2064 4404 2158 4463 ait,
2191 4402 2471 4457 difﬁcultas

875 4502 1112 4565 videtur,
1154 4514 1278 4553 cum
1325 4498 1751 4568 Chrysostomus
1805 4496 1871 4549 de
1914 4494 2175 4549 curandis
2232 4494 2467 4547 liliorum

876 4594 1126 4651 moribus
1172 4590 1401 4644 Paulum
1462 4589 1673 4643 inducit
1728 4598 1978 4657 parentes
2030 4596 2341 4641 monentem
2386 4587 2469 4641 his

878 4685 1057 4742 verbis
1086 4702 1099 4738 :
1124 4682 1336 4744 Patres,
1369 4680 1588 4732 educate
1622 4678 1761 4745 ﬁlios
1796 4688 1990 4730 vestros
2027 4678 2080 4729 in
2109 4676 2393 4743 disciplina
2420 4686 2468 4727 et

881 4777 1207 4847 correptione
1242 4771 1455 4825 Domini
1485 4769 1585 4839 (a),
1615 4770 1687 4823 ita
1724 4767 2107 4838 prosequitur:
2132 4767 2191 4822 Si
2212 4769 2351 4820 enim
2378 4784 2470 4820 nos

873 4870 1124 4940 jubemur
1170 4864 1388 4934 vigilare
1419 4878 1513 4930 pro
1552 4861 1832 4915 animabus
1879 4876 2058 4913 eorum
2102 4868 2351 4929 tanquam
2385 4878 2473 4912 ra-

881 4962 1075 5014 tionem
1118 4955 1402 5017 reddituri,
1427 4954 1591 5005 multo
1620 4953 1789 5021 magis
1818 4961 1990 5020 pater,
2031 4950 2120 5020 qui
2153 4950 2351 5019 genuit,
2382 4952 2470 5019 qui

881 5052 1144 5116 educavit,
1186 5049 1275 5119 qui
1321 5062 1439 5099 cum
1470 5045 1561 5097 illo
1597 5046 1739 5097 domi
1762 5060 1965 5113 semper
1994 5056 2209 5106 manet;
2249 5044 2295 5096 si
2328 5044 2471 5097 enim

885 5146 975 5199 hic
1002 5144 1425 5212 Chrysostomus
1453 5154 1515 5193 ex
1550 5154 1608 5192 se
1630 5147 1680 5191 et
1710 5153 1775 5190 ex
1812 5154 2040 5205 persona
2070 5154 2169 5193 sua
2200 5138 2470 5208 loquatur,

884 5235 1261 5306 presbyterum
1307 5233 1495 5286 saltem
1546 5230 1714 5283 fuisse
1745 5230 1985 5299 oportuit
2020 5232 2110 5299 qui
2139 5229 2335 5285 rationi
2376 5245 2472 5298 pro

886 5326 1177 5380 animabus
1200 5325 1481 5378 reddendae
1520 5322 1790 5377 obnoxius
1828 5331 2005 5383 esset;
2038 5324 2122 5376 sin
2145 5324 2360 5378 dicatur
2388 5323 2473 5375 hic

889 5419 1341 5486 Cbrysostomum
1397 5414 1541 5482 loqui
1587 5412 1640 5465 in
1686 5428 1913 5480 persona
1955 5412 2131 5479 Pauli,
2163 5430 2358 5484 magna
2391 5415 2471 5467 vis

890 5509 1048 5563 seriei
1088 5508 1352 5563 inferatur
1402 5520 1627 5560 necesse
1669 5516 1751 5560 est
1776 5523 1791 5562 :
1821 5518 2241 5578 quantacunque
2291 5519 2468 5562 tamen

890 5600 964 5655 sit
1008 5600 1094 5654 illa
1131 5600 1235 5665 vis,
1283 5599 1487 5652 mavult
1528 5596 1905 5654 Tillcmontius
1961 5600 2106 5654 illam
2164 5602 2468 5669 admittere,

889 5708 1054 5761 quam
1108 5692 1558 5763 Cbrysostomum
1594 5700 1722 5747 tunc
1770 5695 2142 5763 presbyterum
2176 5694 2346 5749 fuisse
2376 5712 2471 5764 pn-

890 5800 1023 5841 tare.

961 5946 1036 6012 (tt)
1079 5942 1275 6013 liplit's.
1308 5960 1381 6009 γι,
1414 5943 1467 5997 αἱ.

2629 1302 2757 1356 Mihi
2791 1316 2919 1355 vero
2964 1302 3078 1356 inec
3118 1314 3440 1371 argumenta
3478 1322 3703 1374 prorsus
3739 1308 3873 1362 levia
3916 1323 4035 1363 esse
4069 1315 4119 1361 rt

2561 1394 2757 1448 dentur
2786 1412 2798 1447 :
2833 1410 2958 1446 nam
3006 1396 3149 1463 quod
3185 1395 3363 1464 primo
3393 1396 3638 1463 aﬂ‘ertur,
3671 1402 3868 1457 librum
3913 1402 4142 1471 primum

2563 1490 2825 1558 scriptum
2863 1487 3052 1552 fuisse,
3085 1504 3207 1542 cum
3254 1490 3433 1542 adhuc
3462 1489 3807 1549 dmmonibus
3848 1495 4145 1551 sacriﬁcare

2564 1582 2771 1643 liceret,
2810 1583 2913 1635 hoc
2946 1598 3055 1637 uno
3090 1582 3209 1634 loco
3251 1580 3460 1645 nititur,
3498 1598 3648 1636 num.
3678 1585 3732 1649 Ξ,
3764 1588 3853 1639 ubi
3876 1588 3943 1641 de
3970 1603 4140 1641 mona~

2560 1673 2791 1726 chorum
2824 1675 3253 1743 exagitatoribus
3291 1674 3402 1727 lucc
3437 1675 3687 1743 leguntur
3719 1692 3731 1725 :
3763 1676 3904 1740 Quid
3944 1696 4078 1745 vero,
4106 1682 4147 1732 si

2562 1762 2643 1815 Itis
2665 1779 2869 1832 quoque
2904 1764 3238 1818 mirabiliora
3262 1766 3537 1827 didiceris,
3573 1765 3710 1831 quod
3740 1765 3940 1819 scilicet
3969 1770 4150 1821 horum

2564 1865 2807 1907 auctores
2828 1857 2902 1924 pii
2931 1857 3093 1909 videri
3118 1857 3296 1921 velint,
3320 1865 3367 1909 et
3392 1856 3721 1910 Christianos
3746 1873 3801 1909 se
3832 1871 4148 1928 nuncupent,

2563 1948 2783 2012 plurimi
2817 1958 2990 2000 autem
3016 1964 3079 2000 ex
3110 1949 3216 2001 illis
3250 1950 3409 2001 etiam
3434 1950 3633 2003 initiati
3656 1949 3804 2003 sint:
3837 1950 3941 2002 into
3975 1967 4150 2004 eorum

2563 2038 2800 2107 quidam,
2823 2039 3037 2093 diabolo
3054 2041 3374 2093 vehementer
3390 2041 3615 2109 aﬂlanle,
3634 2041 3951 2093 exsecranda
3971 2041 4151 2110 lingua
4213 2091 4224 2103 ,

2564 2145 2663 2180 sua
2698 2128 2868 2182 dicere
2893 2147 3053 2184 ausus
3085 2132 3176 2194 sit,
3214 2129 3328 2201 [$5]
3365 2148 3419 2184 se
3446 2149 3479 2184 a
3505 2132 3607 2197 ﬁde
3638 2149 3959 2185 recessurum
3979 2141 4154 2186 etam-

2562 2219 2801 2272 monibus
2824 2221 3225 2273 immolatarum
3246 2238 3265 2276 :
3296 2221 3553 2288 suffocari
3578 2224 3711 2273 enim
3745 2238 3799 2275 sc
3826 2223 4047 2274 videndo
4065 2224 4155 2274 lio-

2562 2314 2726 2363 mines
2750 2310 2965 2373 liberos,
2996 2311 3223 2374 nobiles,
3249 2314 3516 2382 vitamque
3546 2312 3749 2366 deliciis
3775 2313 3983 2382 plenam
4003 2330 4155 2383 agere.

2562 2403 2810 2467 raleutes,
2837 2404 2905 2456 ad
2937 2404 3073 2456 hanc
3096 2405 3306 2457 "duram
3336 2407 3455 2458 vita:
3485 2407 3741 2459 rationem
3791 2406 4008 2463 adduci.
4036 2406 4155 2460 Non

2564 2493 2725 2548 video
2778 2504 2961 2549 autem
3009 2495 3141 2565 qttid
3181 2511 3247 2550 ex
3302 2497 3617 2566 huiusmodi
3668 2499 3908 2553 hominis
3965 2499 4159 2554 furiosi

2559 2586 2706 2640 dicto
2740 2585 2933 2640 inferri
2969 2588 3163 2657 possit,
3211 2589 3328 2657 qui,
3371 2599 3433 2652 ut
3477 2605 3544 2644 cx
3581 2591 3719 2644 serie
3762 2592 4030 2657 arguitur,
4072 2592 4157 2645 in-

2562 2678 2915 2733 terminantis
2956 2680 3134 2733 solum
3179 2696 3333 2734 more
3381 2697 3444 2735 ea
3476 2698 3595 2748 qua:
3644 2682 3867 2736 minime
3914 2683 4160 2738 facturus

2559 2777 2679 2822 erat
2708 2784 2767 2823 se
2799 2770 3072 2825 iacturum
3104 2771 3316 2841 jactitat
3341 2791 3355 2825 :
3383 2772 3488 2827 nisi
3522 2772 3754 2828 fortasse
3788 2789 3912 2828 cum
3961 2776 4157 2845 despe-

2560 2869 2708 2916 ratos
2735 2863 3005 2931 quosdam
3052 2862 3305 2918 homines
3343 2879 3404 2918 se
3448 2865 3788 2920 daemonibus
3832 2867 4156 2924 devoventes

2561 2953 2837 3016 audimus,
2870 2953 3002 3008 hinc
3034 2969 3331 3024 arguamus
3366 2954 3417 3009 id
3458 2971 3556 3025 per
3593 2957 3737 3027 leges
3766 2958 4013 3027 publicas
4040 2960 4156 3015 lici-

2566 3053 2677 3098 tum
2725 3058 2868 3098 esse.
2917 3043 3177 3113 Alioquin
3232 3054 3413 3099 autem
3464 3062 3588 3101 cum
3624 3046 3978 3118 imperatores
4010 3050 4153 3119 leges

2567 3136 2857 3206 quaspiam
2890 3136 3224 3198 emitterent,
3262 3152 3371 3191 non
3429 3140 3611 3193 statim
3645 3139 3849 3209 ubique
3876 3141 3928 3194 in
3977 3143 4157 3195 omni-

2568 3229 2779 3296 busque
2833 3227 3049 3297 imperii
3100 3230 3304 3284 linibus
3347 3245 3425 3284 ere
3474 3231 3797 3286 obtinebant
3843 3248 3855 3283 :
3904 3249 4158 3304 smpeque

2567 3335 2801 3374 necesse
2853 3328 2972 3374 erat
3021 3329 3078 3374 ut
3123 3335 3265 3376 nova
3317 3322 3432 3391 lege
3477 3322 3677 3392 prioris
3723 3324 3857 3393 legis
3912 3326 4155 3380 tirmitati

2567 3411 2998 3481 prOSpiceretur,
3034 3423 3096 3466 ut
3133 3428 3279 3482 saepe
3326 3414 3511 3470 videas
3558 3415 3615 3470 in
3661 3414 3863 3471 Codice
3901 3416 4156 3473 Theodo-

2567 3518 2745 3559 srano.

2639 3591 2797 3647 Circa
2818 3592 2950 3649 illud
2983 3605 3163 3651 autem
3190 3596 3336 3665 quod
3370 3595 3572 3651 dicitur
3602 3598 3811 3654 Valenti
3833 3592 4155 3670 imperatori

2570 3685 2749 3755 palam
2775 3686 2981 3740 Ariano
3017 3702 3124 3740 non
3153 3696 3465 3757 competere
3511 3704 3696 3744 vocem
3725 3691 3978 3764 εὐσεϐής,
4010 3695 4155 3763 pius,

2572 3790 2735 3843 quam
2783 3784 2964 3829 tamen
3018 3775 3441 3845 imperatoribus
3488 3778 3635 3835 illius
3668 3783 3930 3850 temporis
3967 3784 4158 3838 tribuit

2570 3865 3040 3936 Chrysostomus:
3076 3882 3273 3935 nempe
3315 3868 3458 3922 libro
3505 3871 3702 3938 primo,
3755 3888 3908 3927 nam.
3953 3875 4013 3940 2,
4064 3876 4156 3930 ubi

2574 3956 2684 4033 ait:
2721 3953 2909 4008 Nostri
2948 3972 3069 4009 vero
3098 3956 3489 4029 (imperatores)
3528 3964 3803 4017 contraria
3835 3966 4069 4033 penitus,
4097 3978 4156 4020 ut

2578 4048 2703 4098 mihi
2730 4047 2837 4115 ipse
2865 4048 3176 4114 persuadeo,
3195 4056 3243 4099 et
3269 4050 3484 4113 cupiunt
3514 4059 3562 4103 et
3591 4062 3791 4120 optant.
3824 4055 4157 4127 Quapropter

2576 4155 2766 4208 magno
2798 4148 3012 4207 stupore
3050 4139 3235 4207 plenus
3261 4156 3380 4193 sum
3411 4143 3549 4211 quod
3572 4144 3975 4212 imperatoribus
4007 4153 4153 4215 piant

2578 4231 2880 4300 religionem
2912 4230 3257 4293 sectantibus,
3295 4233 3353 4285 ὲν
3397 4233 3653 4307 εὐσεϐείᾳ
3691 4236 3928 4304 ζώντων,
3967 4242 4077 4297 hec
4101 4246 4155 4296 in

2574 4324 2762 4377 mediis
2789 4324 3004 4378 urbibus
3031 4324 3242 4393 impune
3266 4324 3386 4391 ﬁeri
3415 4326 3562 4380 dicas
3594 4345 3608 4381 :
3635 4338 3690 4382 et
3714 4329 3851 4385 libro
3880 4335 4151 4401 secundo,

2574 4431 2724 4471 num.
2752 4414 2784 4468 9
2816 4433 2829 4469 :
2860 4412 3001 4468 Neve
3030 4424 3180 4483 putes
3216 4414 3328 4468 Ita'c
3368 4415 3484 4469 ideo
3527 4418 3847 4488 contingere,
3888 4422 4026 4490 quod
4051 4425 4153 4476 im-

2569 4515 2835 4572 peratores
2884 4507 3028 4572 piam
3078 4505 3379 4574 religionem
3426 4507 3624 4571 colant,
3680 4509 3943 4579 βασιλέων
3983 4513 4152 4569 ὄντων

2572 4598 2814 4650 εὐσεϐῶν
2849 4598 3098 4650 :etiamsi
3135 4600 3273 4650 enim
3323 4600 3599 4667 imperium
3636 4602 3867 4670 decidat,
3898 4614 3947 4658 et
3986 4607 4150 4677 impe-

2574 4696 2751 4741 rantes
2788 4688 2843 4739 in
2874 4686 3241 4754 infidelitatem
3272 4686 3523 4742 labantur
3552 4705 3565 4741 :
3604 4698 3759 4746 notes
3795 4691 3956 4746 velim
3983 4694 4074 4749 hic
4095 4704 4148 4749 et

2576 4778 2705 4832 alibi
2738 4778 3205 4849 frequenterapud
3225 4779 3705 4850 Cbrysostomum,
3734 4784 3975 4838 εὐσεϐῶν
3996 4796 4051 4841 et
4085 4789 4145 4840 ἐν

2574 4870 2823 4941 εὐσεϐείᾳ
2839 4870 3077 4935 ζώντων,
3092 4887 3190 4940 pro
3212 4871 3541 4930 Christianis
3556 4884 3765 4929 tantum
3783 4878 3952 4947 accipi
3970 4896 3982 4930 :
4000 4880 4144 4947 quod

2574 4961 2811 5014 maxime
2840 4960 3011 5030 liquet
3034 4961 3086 5014 in
3116 4963 3199 5017 his
3219 4964 3433 5019 duobus
3457 4965 3610 5031 locis;
3630 4968 3684 5019 in
3707 4967 3884 5035 primo
3910 4983 4146 5038 namque

2573 5053 2631 5106 ἐν
2658 5052 2908 5123 εὐσεϐείᾳ
2955 5052 3180 5121 ζῶντας,
3226 5057 3371 5124 piam
3417 5056 3716 5126 religionem
3750 5066 4003 5112 sectantes
4048 5076 4144 5130 op-

2574 5143 2724 5210 ponit
2755 5143 2973 5210 rcgibus
3002 5140 3315 5207 Persarum,
3348 5145 3441 5213 qui
3472 5144 3715 5199 infideles
3744 5155 3930 5211 erant;
3966 5147 4021 5200 in
4053 5164 4139 5204 se-

2574 5234 2753 5289 cundo
2788 5246 2970 5287 autem
2993 5234 3163 5289 ὄντων
3193 5235 3456 5299 εὐσεϐῶν,
3491 5236 3634 5303 piam
3658 5237 3956 5306 religionem
3978 5241 4141 5293 colon-

2528 5350 2547 5375 νν
2575 5331 2732 5391 tibus,
2766 5328 2943 5397 palam
2975 5329 3201 5398 opponit
3230 5328 3571 5398 principibus
3603 5329 3931 5384 infidelibus.
3968 5331 4139 5403 Impe-

2573 5433 2783 5478 ratores
2808 5421 2972 5491 igitur
2993 5422 3155 5475 simul
3186 5421 3491 5488 Valentem,
3513 5422 3834 5478 Gratianum
3861 5436 3913 5479 et
3946 5426 4139 5483 Valen-

2574 5516 2840 5569 tinianum
2891 5514 3215 5577 secundum,
3255 5516 3524 5579 εὐσεϐεῖς,
3571 5529 3669 5569 seu
3717 5514 3819 5584 pia:
3864 5517 4135 5588 religionis

2572 5607 2831 5667 cultores,
2862 5605 2977 5659 sive
3000 5604 3341 5662 Christianos
3362 5614 3538 5661 vocat.
3561 5604 3651 5658 Sic
3668 5606 3827 5661 etiam
3850 5607 4130 5678 Gregorius

2574 5697 2970 5762 Nazianzenus,
3009 5697 3159 5754 Orat.
3193 5710 3376 5751 contra
3416 5697 3711 5763 lulianum,
3761 5699 4134 5754 Constantium

2578 5792 2961 5859 imperatorem
2988 5791 3042 5842 ε’)
3055 5791 3178 5860 σεϐῆ
3203 5800 3379 5857 vocat,
3399 5789 3605 5845 scilicet
3624 5792 4015 5860 Christianum,
4034 5790 4138 5847 etsi
