4506 6756
422 594 526 649 ΞΞἹ

425 708 596 777 probe
626 705 788 760 sciret
812 706 1072 760 Arianum
1099 722 1314 774 semper
1345 705 1532 759 fuisse.
1568 708 1701 760 Cum
1733 719 1912 763 autem
1944 711 1999 762 in

434 802 612 871 primo
647 797 768 853 loco
811 799 941 853 dicit
980 801 1408 869 Cbrysustomus
1465 798 1821 868 imperatores
1870 817 2006 855 con-

428 891 600 947 traria
619 890 691 945 iis
717 905 837 961 qua:
866 893 1192 960 gerebantur
1222 901 1427 957 optare,
1449 892 1654 960 adjicit,
1676 892 1749 953 ὡς
1772 890 2009 960 ἐμαυτὸν

430 979 626 1043 πείθω,
650 988 707 1034 ut
744 981 871 1035 mihi
890 983 999 1051 ipse
1024 978 1335 1048 persuadeo,
1373 995 1474 1049 qua
1502 992 1648 1036 certe
1673 981 1929 1034 cautione
1952 995 2011 1035 se

432 1070 718 1127 adversum
755 1071 1019 1141 suspicari
1056 1067 1395 1124 testiﬁcatur.
1427 1068 1636 1140 Itaque,
1675 1085 1798 1123 cum
1826 1069 2011 1124 hocin

436 1158 658 1227 negotio
687 1158 754 1213 de
780 1158 984 1211 Ariana
1017 1156 1209 1209 bmresi
1242 1172 1347 1211 non
1384 1168 1659 1229 ageretur,
1687 1166 1851 1225 atque
1900 1169 2013 1212 tres

433 1247 809 1317 imperatores,
830 1246 1045 1301 tametsi
1069 1245 1267 1303 Valens
1296 1250 1535 1303 Arianus
1560 1259 1697 1313 erat,
1719 1249 2012 1304 Christiani

429 1348 609 1392 tamen
643 1346 851 1399 essent,
881 1345 1103 1405 stupere
1147 1353 1206 1393 se
1237 1340 1313 1394 ait
1360 1339 1813 1409 Chrysostomus,
1844 1341 2016 1410 impe-

435 1429 712 1482 ratoribus
748 1425 1077 1482 Christianis
1107 1429 1420 1497 bujusmodi
1461 1429 1705 1483 facinora
1738 1432 1792 1484 in
1826 1446 2015 1484 mona—

435 1521 569 1575 chos
618 1519 856 1574 admitti.
889 1519 1022 1574 Nam
1058 1520 1433 1586 Constantius,
1472 1522 1733 1590 Arianus,
1765 1523 1905 1577 nihil
1938 1523 2016 1577 si-

434 1610 562 1662 mile
586 1624 875 1679 aggressus
904 1609 1098 1665 fuerat.

507 1701 667 1754 Aliud
697 1702 930 1773 denique
967 1713 1372 1775 argumentum,
1415 1702 1558 1772 quod
1587 1702 1690 1756 sibi
1723 1703 2019 1757 Tillemon-

437 1794 549 1849 tius
570 1793 778 1862 objicit,
803 1797 1054 1867 quodque
1076 1805 1229 1866 putat
1265 1794 1662 1848 validissimum
1688 1809 1832 1856 esse,
1862 1808 2021 1863 pror-

438 1900 534 1939 sus
573 1886 779 1940 nullum
812 1887 1047 1941 videtur.
1081 1887 1216 1940 Nam
1247 1901 1371 1939 cum
1404 1886 1853 1956 Chrysostomus,
1881 1894 2024 1954 post-

438 1993 600 2047 quam
634 1976 859 2031 Paulum
884 1980 962 2032 sic
981 1980 1292 2046 loquentem
1316 1976 1627 2041 induxerat,
1649 1976 1865 2041 Patres,
1896 1977 2026 2029 edu-

439 2079 554 2122 cata
581 2068 721 2137 filios
748 2079 945 2123 vestros
969 2072 1022 2123 in
1044 2070 1329 2136 disciplina
1359 2078 1407 2122 et
1435 2071 1764 2138 correptione
1787 2069 2020 2134 Domini,

436 2162 509 2215 ita
537 2162 886 2231 prosequitur
912 2182 925 2216 :
951 2161 1010 2216 Si
1055 2163 1195 2215 enim
1234 2178 1325 2213 nos
1369 2163 1620 2227 jubemur
1659 2164 1880 2232 vigilare
1930 2178 2022 2229 pro

438 2256 714 2309 animabus
736 2272 915 2309 eorum
945 2264 1198 2324 tanquam
1240 2256 1496 2306 rationem
1534 2254 1811 2317 reddituri,
1850 2253 2016 2306 multo

438 2347 607 2414 magis
641 2355 813 2414 pater,
841 2347 931 2416 qni
957 2348 1156 2415 genuit,
1205 2346 1295 2415 qui
1327 2346 1588 2409 educarit,
1627 2347 1721 2414 qui
1764 2360 1883 2397 cum
1930 2344 2024 2397 illo

438 2439 584 2491 domi
607 2455 809 2503 semper
825 2448 1020 2493 manet.
1042 2437 1194 2491 Pauli
1216 2438 1355 2493 haud
1384 2437 1573 2500 dubie,
1598 2453 1810 2492 necnon
1834 2451 2027 2491 eorum

440 2532 645 2601 quibus
673 2530 939 2585 incumbit
962 2530 1194 2583 aliorum
1216 2530 1375 2585 saluti
1400 2529 1716 2599 advigilare,
1736 2542 2027 2598 personam

440 2629 572 2697 agit.
624 2626 767 2680 Nihil
807 2628 1007 2696 quippe
1039 2624 1365 2680 familiarius
1410 2625 1510 2690 illi,
1542 2624 1597 2679 in
1651 2624 1738 2679 his
1790 2623 2031 2676 maxime

441 2719 615 2782 libris,
651 2733 817 2789 quam
844 2732 1034 2772 eorum
1068 2731 1209 2786 quos
1243 2715 1297 2770 in
1321 2716 1563 2771 medium
1592 2714 1813 2769 adducit
1840 2728 2031 2783 perso-

443 2825 566 2864 nam
615 2823 917 2866 assumere.
963 2808 1055 2864 Sic
1099 2808 1238 2863 lihro
1270 2824 1353 2872 ιιι,
1402 2824 1555 2861 num.
1594 2808 1681 2873 Μ,
1737 2815 2026 2877 postquam

444 2900 773 2970 probaverat
806 2899 995 2954 iisdem
1036 2898 1230 2953 ofﬁciis
1265 2899 1532 2952 obnoxios
1563 2897 1852 2951 saeculares
1883 2909 2023 2957 esse,

443 2990 643 3061 quibus
673 2990 925 3045 monachi
947 3000 1122 3055 erant,
1145 2989 1258 3042 [nec
1280 2989 1465 3057 adjicit
1488 3006 1500 3041 :
1528 2987 1717 3056 Itaque
1743 2987 2018 3056 quoniam,

446 3094 561 3136 uta
599 3082 750 3136 nobis
797 3082 937 3136 clare
983 3082 1403 3134 demonstratum
1448 3090 1561 3139 est,
1604 3079 1789 3132 iisdem
1848 3092 2030 3130 sumus

448 3173 625 3241 oﬁiciis
645 3172 879 3233 obnoxii,
909 3172 1095 3240 quibus
1122 3170 1387 3233 monachi,
1425 3168 1721 3237 faciliorem
1749 3180 2029 3233 percurra-

448 3282 561 3318 mus
615 3266 776 3330 viam,
814 3264 882 3316 ad
923 3280 1138 3331 eamque
1182 3262 1322 3331 ﬁlios
1372 3261 1731 3314 attraltamus.
1761 3257 1843 3311 An
1898 3257 2030 3311 hinc

452 3355 636 3410 inferri
672 3355 846 3425 possit
879 3354 1354 3425 Chrysostomum,
1378 3351 1473 3421 qui
1505 3359 1638 3404 tunc
1667 3350 1720 3403 in
1747 3347 2030 3402 montibus

451 3456 506 3501 ct
550 3447 604 3500 in
667 3460 885 3501 secessu
919 3444 1155 3509 vivebat,
1185 3441 1503 3498 srccularem
1545 3440 1738 3506 luisse,
1778 3438 2032 3506 filiosque

454 3535 792 3604 suscepisse?
832 3533 897 3588 Et
929 3548 1083 3588 num.
1123 3532 1212 3597 17,
1255 3530 1396 3601 Ergo
1422 3547 1516 3585 nec
1566 3531 1711 3599 ﬁlios
1762 3538 1970 3581 nostros
2001 3543 2035 3581 a

455 3624 665 3678 deserti
687 3624 1098 3677 commoratione
1138 3630 1259 3675 ante
1296 3633 1499 3689 tempus
1540 3620 1869 3673 abducamus
1895 3633 1915 3670 :
1948 3617 2037 3669 sed

454 3718 690 3771 sinamus
726 3716 1039 3784 disciplinas
1075 3714 1238 3767 altius
1271 3713 1528 3780 imprimi,
1558 3724 1608 3765 et
1639 3710 1852 3780 plantas
1890 3710 2040 3761 radia-

459 3812 599 3866 cibus
649 3810 875 3879 ﬁrmari.
932 3806 1078 3861 Nihil
1132 3820 1263 3861 sane
1314 3802 1657 3873 frequentius
1710 3811 1813 3863 est,
1868 3813 2035 3868 quam

459 3902 905 3971 Chrysostomum
924 3897 1106 3952 videre
1121 3895 1286 3949 modo
1306 3893 1666 3955 monentium,
1698 3905 1824 3945 mox
1841 3902 2034 3944 eorum

462 3992 660 4062 quibus
686 3989 887 4044 monita
929 3987 1262 4057 diriguntur,
1289 3998 1581 4054 personam
1612 3996 1791 4052 agere.

536 4083 719 4152 Itaque
768 4081 1214 4151 Cbrysostomus,
1246 4077 1339 4147 qui
1389 4090 1533 4130 anno
1572 4074 1678 4129 374
1710 4073 1778 4127 ad
1822 4082 2040 4127 montes

466 4182 793 4242 secesserat,
825 4186 947 4227 cum
986 4169 1313 4225 auctoritate
1360 4166 1578 4236 publica
1610 4163 1874 4234 exagitari
1916 4176 2036 4215 mo-

467 4266 675 4322 narhos
705 4272 761 4320 et
791 4262 1011 4318 sedibus
1037 4259 1160 4330 pelli
1190 4257 1490 4320 didicisset,
1521 4269 1666 4309 anno
1692 4253 1819 4317 575,
1844 4253 1926 4307 vel
1958 4267 2038 4307 se-

468 4358 680 4427 quenti,
707 4355 868 4410 amici
896 4362 1084 4424 rogatu
1118 4352 1220 4407 hos
1249 4349 1417 4404 libros
1445 4345 1697 4415 scripsit;
1724 4345 1776 4397 in
1801 4357 2039 4413 quorum

472 4448 650 4519 primo
696 4447 853 4501 docet
907 4452 1170 4513 quantum
1206 4438 1309 4495 sibi
1356 4435 1581 4508 periculi
1616 4433 1916 4495 attrahunt,
1948 4431 2038 4500 qui

1893 592 2226 651 MONITUM.

3592 604 3696 661 5l8

2117 722 2337 767 sanctos
2362 725 2414 768 et
2440 713 2531 767 Dei
2562 716 2767 770 amicos
2807 723 3147 786 oppugnant,
3182 716 3421 770 ostendit
3454 732 3549 773 eos
3589 736 3697 773 non

2115 803 2218 871 piis
2248 804 2400 867 viris,
2430 804 2521 859 sed
2558 805 2907 876 sibimetipsis
2942 821 3141 859 nocere
3169 822 3181 857 :
3216 805 3376 874 idque
3408 808 3701 861 continuat

2117 895 2364 964 exemplo
2398 894 2735 958 Judmorum,
2764 898 2879 965 qui,
2905 896 3165 965 quoniam
3205 894 3483 950 Christum
3522 906 3700 951 morte

2119 982 2409 1039 affecerant
2434 984 2820 1054 apostolosque
2868 992 3222 1047 vexaverant,
3261 984 3317 1038 in
3352 999 3445 1039 eas
3474 985 3700 1040 calami-

2120 1084 2256 1130 tates
2289 1075 2753 1144 ineideruntquas
2782 1075 3053 1145 Josephus
3086 1085 3505 1129 commemorat.
3529 1076 3699 1143 Hujus

2120 1180 2283 1235 porro
2314 1166 2603 1235 scriptoris
2626 1165 2838 1235 insigne
2872 1166 3238 1237 fragmentum
3262 1164 3448 1231 refert,
3479 1175 3531 1220 et
3561 1176 3702 1235 post-

2120 1270 2283 1324 quam
2320 1256 2560 1310 ostendit
2587 1256 2807 1324 quantis
2838 1271 2896 1310 se
2940 1258 3198 1326 periculis
3236 1258 3481 1311 eximant
3515 1257 3607 1326 qui
3636 1272 3703 1311 ex

2124 1346 2311 1399 mundi
2371 1345 2654 1400 consortio
2719 1345 3014 1409 secedunt,
3069 1347 3148 1400 sic
3201 1347 3398 1401 librum
3462 1348 3701 1417 primum

2123 1438 2347 1493 claudit.

2198 1529 2251 1582 ln
2280 1530 2517 1585 secundo
2549 1530 2688 1585 libro
2732 1539 2942 1600 patrem
2979 1528 3276 1586 infidelem.
3304 1528 3418 1583 sive
3459 1531 3699 1583 nondum

2127 1622 2435 1675 credentem
2466 1624 2519 1677 in
2553 1622 2859 1688 Christum,
2904 1623 3067 1692 cujus
3118 1620 3287 1675 filium
3335 1621 3702 1676 Christianam

2128 1713 2443 1781 religionem
2486 1715 2852 1782 amplexatum
2886 1716 2938 1767 in
2976 1724 3215 1769 montem
3267 1713 3562 1768 recessisse
3590 1726 3709 1766 mo.

2129 1804 2543 1872 nachorumque
2577 1804 2741 1856 vitam
2793 1805 3099 1873 suscepisse
3152 1805 3327 1873 ﬁngit,
3362 1804 3704 1873 alloquitur:

2132 1897 2499 1965 humanisque
2517 1886 2827 1950 ratiociniis
2845 1905 3009 1965 atque
3025 1897 3287 1963 exemplis
3304 1906 3543 1949 veterum
3567 1894 3711 1950 Grie-

2127 2002 2315 2041 corum
2348 1986 2544 2054 probat
2578 2001 2727 2052 eum,
2759 1986 2853 2056 qui
2894 1986 3078 2041 omnia
3126 1986 3377 2054 despicit,
3415 2000 3540 2040 vere
3570 1984 3711 2039 divi-

2125 2089 2233 2133 tem
2264 2094 2408 2141 esse,
2433 2078 2743 2148 virtuteque
2774 2079 3060 2133 clariorem
3096 2078 3233 2131 eflici
3252 2120 3267 2144 ,
3303 2092 3466 2147 quam
3514 2074 3711 2146 Opibus

2125 2169 2451 2231 efﬁceretur,
2488 2179 2652 2240 atque
2676 2186 2705 2223 a
2735 2170 2958 2223 nemine
2988 2169 3110 2221 laedi
3132 2183 3314 2236 posse.
3349 2167 3501 2222 Licet
3527 2174 3708 2221 autem

2126 2261 2261 2315 illud
2296 2261 2549 2328 ﬁngentis
2602 2274 2755 2313 more
2800 2266 3095 2329 preponat,
3128 2256 3183 2309 in
3226 2254 3335 2309 ﬁne
3366 2263 3548 2309 tamen
3585 2254 3709 2307 libri

2128 2354 2222 2410 ait.
2256 2352 2493 2404 amicum
2529 2350 2630 2405 sibi
2660 2349 2832 2405 fuisse
2853 2348 3055 2403 ethnici
3082 2348 3179 2401 viri
3218 2346 3415 2410 ﬁlium,
3441 2345 3560 2415 qui,
3587 2359 3719 2399 cum.

2127 2441 2497 2495 Christianam
2552 2441 2950 2509 philosophiam
2987 2440 3273 2507 amplexus
3302 2446 3469 2502 esset,
3505 2446 3713 2506 patrem

2130 2547 2190 2586 se
2222 2532 2407 2596 minis,
2438 2532 2671 2586 vinculis
2709 2532 2943 2599 aliisque
2980 2529 3239 2583 aerumnis
3268 2528 3333 2582 ad
3361 2528 3595 2597 priorem
3628 2527 3707 2581 vi-

2134 2629 2244 2674 tam
2276 2636 2535 2676 revocare
2563 2630 2877 2685 conantem,
2902 2620 3123 2673 demum
3166 2617 3475 2673 constantia
3515 2632 3613 2671 sua
3648 2630 3718 2670 eo

2134 2713 2448 2777 adduxerit,
2488 2721 2548 2766 ut
2596 2713 2816 2767 demum
2870 2709 3204 2781 palinodiam
3261 2716 3502 2773 caneret,
3551 2715 3718 2777 atque

2131 2805 2303 2858 ﬁlium
2354 2806 2506 2859 illum
2556 2805 2768 2861 caeteris
2820 2802 3151 2864 anteferret,
3203 2801 3314 2855 imo
3369 2800 3541 2870 patris
3593 2800 3719 2854 loco

2130 2896 2371 2951 haberet.

2201 2990 2258 3040 In
2289 2988 2450 3043 tertio
2484 2988 2643 3058 longe
2671 2985 2955 3058 prolixiori
2980 2984 3226 3040 oratione
3261 2993 3467 3054 patrem
3504 2979 3714 3035 ﬁdelem

2131 3081 2451 3149 alloquitur,
2478 3089 2773 3147 monetque
2805 3092 2872 3132 ne
2918 3076 3088 3130 filium
3143 3074 3398 3129 secedere
3443 3071 3716 3126 volentem

2133 3189 2162 3227 a
2198 3172 2466 3227 sententia
2494 3170 2748 3233 deducat,
2780 3178 2893 3222 tum
2935 3174 3223 3236 parentum
3268 3164 3538 3219 incuriam
3571 3163 3718 3217 circa

2134 3264 2372 3318 ﬁliorum
2419 3261 2650 3317 salutem
2699 3261 3034 3325 insectatur;
3070 3267 3276 3328 quanta
3327 3271 3540 3311 morum
3593 3268 3717 3309 cor-

2137 3354 2320 3424 ruptio
2355 3353 2629 3408 civitatem
2661 3350 2925 3406 invaserit
2952 3348 3270 3419 παθητικῶς
3295 3345 3553 3402 describit
3579 3359 3594 3396 :
3627 3344 3714 3397 vix

2134 3464 2297 3520 posse
2334 3449 2409 3504 ait
2436 3448 2669 3503 salutem
2698 3426 2879 3503 curaii
2911 3447 2966 3500 in
2999 3454 3146 3500 tanta
3170 3443 3429 3499 vitiorum
3463 3441 3716 3497 colluvie.

2138 3539 2351 3594 Laudat
2373 3538 2768 3593 monachorum
2809 3536 3001 3600 vitam,
3024 3535 3425 3603 historiamque
3454 3531 3612 3586 affert
3634 3530 3725 3601 ju-

2139 3632 2296 3686 venis
2328 3645 2358 3684 a
2395 3628 2645 3684 solitario
2687 3628 2742 3682 in
2791 3629 2926 3682 urbe
2957 3625 3213 3690 educati;
3265 3638 3485 3693 remque
3530 3629 3718 3676 notatu

2138 3724 2359 3793 dignam
2388 3722 2569 3787 docet,
2606 3733 2804 3788 nempe
2842 3717 3209 3772 Antiochenos
3244 3715 3385 3769 ﬁlios
3419 3728 3550 3768 suos
3583 3712 3717 3766 ado-

2138 3813 2409 3868 lescentes
2454 3811 2519 3864 ad
2569 3808 2898 3864 monasteria
2950 3806 3162 3861 mittere
3208 3803 3584 3869 consuevissc,
3638 3811 3717 3867 ut,

2136 3914 2425 3976 postquam
2457 3904 2511 3957 in
2534 3902 2737 3956 virtute
2768 3901 3076 3971 pietateque
3093 3897 3261 3969 probe
3281 3895 3561 3951 exercitati
3582 3893 3721 3950 fuis-

2138 4007 2282 4061 sent,
2313 3996 2536 4050 domum
2579 4002 2909 4063 repeterent.

2214 4088 2327 4144 Hos
2360 4103 2523 4158 porro
2556 4088 2723 4141 libros
2756 4085 2981 4139 Latinos
3024 4084 3227 4138 fecerat
3260 4079 3584 4134 Ambrosius
3613 4078 3718 4131 Ca-

2144 4180 2519 4238 maldulcnsis.
2545 4178 2746 4235 Verum
2778 4178 2905 4247 quia
2937 4173 3313 4244 interpretatio
3332 4171 3455 4241 ejus
3478 4169 3719 4240 plerum-

2144 4288 2252 4345 que
2275 4270 2637 4343 parapbrasin
2688 4268 2853 4340 sapit,
2888 4282 3085 4323 novam
3121 4266 3243 4321 ideo
3269 4260 3567 4334 parandam
3600 4275 3723 4315 esse

2143 4375 2352 4436 putavi.
