4506 6712
815 531 915 587 519

833 728 1446 738 ——-~—.————————

1322 729 3196 760 Ἥ

1509 531 1564 586 S.
1609 530 1895 588 JOANNIS
1932 530 2424 588 CIIRYSOSTOMI
2462 532 2781 590 ARCIIIEI’.
2823 536 3373 593 CONSTANTINOP.
3966 544 4066 599 320

3317 734 3701 746 ——____.

988 1089 2117 1249 ADVERSUS
2249 1087 3949 1247 OPPUGNATOBES

1183 1583 1532 1662 EOBUM
1596 1585 1779 1678 QUI
1842 1580 1978 1658 AD
2037 1576 2710 1658 MONASTICAM
2785 1577 3114 1659 VITAM
3176 1573 3754 1655 INDUCUN'I‘.

894 2318 943 2372 1.
985 2317 1117 2371 Cum
1143 2314 1395 2382 templunt
1422 2312 1548 2365 illud
1567 2311 2095 2382 Jerosolymitanum,
2114 2311 2253 2378 quod
2279 2311 2416 2363 Inul-

823 2408 890 2460 lis
919 2406 1071 2460 annis
1101 2405 1215 2456 solo
1245 2410 1509 2472 aequatum
1550 2401 1824 2469 jacucrat,
1853 2415 1881 2452 a
1909 2399 2162 2453 diuturna
2190 2400 2416 2469 captivi-

831 2509 936 2551 tate
963 2496 1161 2551 reversi
1186 2494 1395 2548 Hebrazi
1427 2489 1724 2548 instaurare
1747 2503 2005 2562 cuperent
2027 2491 2110 2564 (9..
2137 2491 2320 2547 Eadm:
2341 2494 2395 2563 4)
2411 2539 2425 2562 ,

825 2600 937 2640 tum
955 2585 1168 2640 barbari
1187 2584 1400 2653 quidam
1424 2593 1479 2638 et
1501 2585 1762 2636 immanes
1783 2581 2047 2644 homines,
2067 2598 2239 2651 neque
2259 2582 2420 2636 Deum

823 2677 1060 2738 reveriti,
1079 2677 1162 2730 cui
1193 2677 1445 2745 templum
1480 2675 1552 2727 illi
1587 2677 1604 2706 ι
1633 2683 1936 2738 erexerant,
1958 2689 2131 2743 neque
2153 2674 2304 2728 fracti
2334 2675 2420 2728 illa

823 2770 1097 2823 hominum
1122 2768 1427 2822 calamitate
1447 2809 1461 2832 ,
1489 2782 1521 2820 a
1549 2781 1650 2835 qua
1679 2781 1803 2820 sero
1831 2767 2042 2820 tandem
2072 2768 2159 2820 vix
2187 2781 2246 2820 sc
2272 2781 2424 2821 rece—

823 2869 1031 2931 perant,
1064 2875 1240 2929 neque
1271 2859 1516 2928 supplicii
1559 2857 1865 2926 hujusmodi
1893 2856 2220 2911 facinoribus
2248 2872 2280 2911 a
2311 2857 2421 2910 Deo

820 2951 1056 3020 deputati
1075 2959 1218 3004 metu
1240 2949 1484 3013 cohibiti,
1505 2949 1678 3018 primo
1698 2948 1911 3018 quidem
1937 2964 2030 3016 per
2045 2963 2102 3002 se
2119 2962 2214 3002 eos
2231 2963 2261 3000 a
2283 2957 2423 3000 stru-

823 3053 971 3098 ctura
983 3057 1234 3097 coercere
1251 3040 1554 3094 nitebantur
1571 3055 1585 3092 :
1605 3055 1724 3094 cum
1743 3049 1920 3093 autem
1939 3038 2068 3092 nihil
2082 3039 2421 3107 proficerent,

827 3134 1005 3188 missis
1042 3133 1108 3186 ad
1157 3147 1334 3200 regem
1379 3147 1532 3185 suum
1580 3132 1790 3196 literis,
1847 3130 2039 3200 quibus
2077 3145 2193 3183 eam
2238 3129 2423 3182 urbem

825 3226 1144 3282 defectionis
1165 3239 1531 3293 novarumque
1557 3239 1738 3278 rerum
1765 3223 2082 3285 studiosam,
2106 3237 2169 3276 ac
2193 3222 2313 3275 belli
2335 3237 2428 3275 cu-

823 3319 1002 3388 pidam
1026 3317 1388 3388 appellabant,
1418 3316 1644 3370 suadent
1673 3315 1745 3378 ei,
1774 3323 1830 3367 ut
1856 3313 1955 3367 sibi
1982 3313 2221 3382 ejusdem
2245 3312 2430 3382 probi.

828 3411 984 3465 bendi
1017 3409 1230 3464 mditicii
1258 3408 1484 3463 facultas
1511 3407 1688 3462 detur.
1729 3407 1842 3472 Qua
1869 3415 2087 3474 accepta
2117 3412 2381 3473 potestate
2404 3443 2422 3470 ,

829 3514 1020 3571 magna
1041 3500 1280 3568 equitum
1309 3513 1471 3552 manu
1496 3498 1638 3551 viros
1666 3495 1860 3560 adorti,
1885 3510 2020 3564 opus
2047 3493 2176 3548 illud
2200 3494 2264 3547 ad
2289 3504 2426 3548 tem-

828 3606 928 3662 pus
969 3591 1246 3644 intermitti
1286 3596 1575 3657 coegerunt
1605 3605 1618 3641 ε
1651 3588 1672 3617 ³
1702 3595 1758 3641 et
1793 3587 1918 3640 elati
1957 3600 2019 3640 ea
2056 3585 2315 3648 victoria,
2357 3583 2424 3638 de

828 3699 930 3753 qua
956 3683 1138 3753 lugere
1158 3681 1472 3744 debuerant,
1495 3679 1874 3748 gloriabantur,
1899 3676 2259 3746 putabantque
2285 3675 2424 3728 hunc

829 3791 951 3829 esse
973 3774 1284 3828 insidiarum
1307 3787 1524 3826 suarum
1553 3771 1863 3825 terminum.
1892 3771 1962 3823 At
1985 3779 2102 3824 erat
2119 3769 2247 3823 illud
2268 3783 2424 3822 exor-

833 3865 982 3919 dium
1011 3865 1324 3933 initiumque
1351 3877 1558 3928 eorum,
1590 3878 1708 3930 qua:
1733 3875 1792 3916 se
1818 3875 1941 3916 mox
1970 3861 2216 3914 invasura
2245 3868 2419 3926 erant,

833 3959 1096 4013 malorum
1128 3973 1144 4012 :
1179 3971 1313 4025 opus
1343 3956 1484 4008 enim
1515 3954 1642 4008 illud
1669 3954 2066 4024 perficiebatur,
2098 3968 2162 4007 ac
2188 3951 2423 4022 denique

833 4049 1146 4120 pneclarum
1175 4055 1385 4101 nactum
1413 4055 1494 4100 est
1523 4048 1699 4100 linem.
1732 4045 1866 4099 Tum
1904 4045 1976 4098 illi
2003 4044 2342 4107 didicerunt,
2362 4058 2426 4097 ac

834 4157 931 4212 per
955 4141 1074 4195 illos
1117 4140 1349 4194 universi
1373 4181 1386 4201 ,
1414 4155 1520 4192 non
1555 4153 1677 4192 cum
1724 4137 2030 4192 hominibus
2070 4137 2207 4191 bella
2235 4151 2426 4205 gerere

836 4231 1195 4288 Mithridatem
1224 4233 1394 4296 illum,
1423 4231 1506 4284 vel
1527 4231 1688 4283 alium
1715 4229 2041 4299 quempiam,
2069 4229 2156 4298 qui
2181 4228 2303 4281 boni
2329 4227 2426 4281 ali-

835 4324 964 4394 quid
983 4338 1140 4392 agere
1169 4323 1506 4376 instituentes
1535 4321 1781 4374 homines
1808 4326 2104 4388 Oppugnet;
2135 4318 2227 4372 sed
2254 4318 2424 4387 potius

835 4434 957 4474 cum
998 4419 1113 4488 ipso
1143 4417 1286 4479 Deo,
1329 4415 1416 4484 qui
1467 4429 1561 4483 per
1602 4413 1719 4467 illos
1758 4412 2067 4466 honoratur.
2113 4411 2211 4478 Qui
2245 4422 2421 4464 autem

836 4511 946 4565 Deo
969 4509 1164 4562 bellum
1191 4513 1388 4570 movet,
1419 4519 1706 4573 numquam
1735 4511 1908 4573 potest
1934 4502 2132 4557 bonum
2161 4500 2287 4554 belli
2330 4517 2418 4552 ex-

833 4603 965 4657 itum
991 4599 1226 4654 babere:
1255 4598 1348 4652 sed
1372 4598 1417 4651 is
1455 4597 1668 4666 quidem
1702 4595 1850 4649 initio
1878 4594 2127 4649 facinoris
2157 4594 2286 4647 nihil
2317 4592 2421 4646 for-

837 4703 981 4746 tasse
1023 4689 1253 4760 patietur
1300 4687 1465 4752 mali;
1513 4687 1557 4740 si
1611 4697 1785 4740 tamen
1835 4703 1940 4740 non
1993 4686 2261 4755 patiatur,
2317 4685 2424 4737 Deo

840 4783 986 4836 illum
1040 4790 1264 4834 vocante
1321 4778 1388 4832 ad
1443 4779 1836 4848 penitentiam,
1889 4787 2047 4848 atque
2097 4778 2425 4832 concedente

841 4880 899 4926 ut
923 4870 1073 4941 quasi
1111 4885 1178 4924 ex
1217 4869 1472 4925 ebrietate
1514 4868 1746 4940 quadam
1793 4868 2099 4938 resipiscat;
2136 4867 2218 4920 sin
2245 4877 2422 4920 autem

841 4967 893 5019 in
925 4964 1156 5019 amentia
1199 4979 1293 5018 sua
1343 4965 1674 5033 perstiterit,
1713 4963 1846 5017 nihil
1891 4979 1956 5018 ex
1998 4962 2299 5030 hujusmodi
2335 4962 2422 5016 llei

844 5057 1122 5110 clementia
1183 5064 1237 5110 et
1299 5055 1550 5126 patientia
1614 5055 1891 5121 lucratus,
1949 5062 2175 5108 eteteros
2236 5053 2424 5106 saltem

844 5149 1127 5202 admodum
1186 5149 1422 5218 juvabit,
1490 5147 1752 5216 supplicio
1809 5163 1907 5202 suo
1971 5146 2304 5205 admonens,
2360 5161 2426 5198 ne

841 5248 1030 5294 contra
1087 5240 1250 5294 Deum
1307 5255 1560 5311 umquam
1618 5239 1812 5294 bellum
1860 5249 2089 5310 gerant,
2147 5237 2296 5308 quod
2342 5237 2425 5289 in-

841 5334 1035 5387 victam
1070 5331 1212 5385 illam
1241 5347 1449 5386 manum
1472 5345 1629 5388 nemo
1648 5331 1880 5402 eﬂ'ugere
1901 5332 2094 5386 valeat.
2118 5330 2303 5383 Tantae
2329 5330 2424 5399 igi-

842 5439 926 5480 tur
955 5425 1075 5480 illos
1103 5424 1278 5480 statim
1303 5425 1543 5481 invasere
1569 5423 1770 5492 clades,
1801 5435 1857 5480 ut
1885 5423 2248 5495 magnitudine
2279 5423 2423 5477 cala-

904 5582 920 5614 ¹
956 5585 1026 5633 sic
1047 5589 1152 5634 Mss.
1179 5581 1278 5632 duo
1314 5589 1367 5632 et
1395 5583 1537 5634 Savil.
1577 5581 1656 5633 ad.
1697 5595 1848 5645 marg.
1894 5581 2030 5642 Editi,
2057 5577 2224 5641 illud;
2268 5579 2426 5627 minus

839 5653 993 5694 recte.

905 5710 924 5738 ¹
962 5706 1090 5755 aliud
1121 5709 1318 5759 omnino
1361 5705 1544 5766 legisse
1575 5706 1768 5758 videtur
1801 5707 2075 5756 Ambrosius
2103 5701 2324 5766 ramald.
2340 5703 2423 5766 qui

840 5773 987 5835 vertit
1005 5777 1098 5835 :‘Ef
1119 5772 1232 5835 elati
1253 5784 1312 5821 ea
1332 5762 1526 5835 arteria
1545 5769 1874 5835 gloriabantur
1903 5781 1920 5817 :
1956 5781 2055 5828 qut,
2079 5765 2276 5835 si
2306 5762 2424 5835 ipsis

839 5833 1000 5903 cordis
1018 5832 1520 5906 Ῑᾳῇδδειτριρςηιζδςεη
1534 5827 1772 5904 delegere
1794 5827 2075 5906 debuerant,
2227 5827 2424 5906 posta-oc

838 5895 1076 5951 ciusmodx'
1103 5895 1278 5946 moliri.
1299 5895 1392 5945 Sed
1414 5902 1571 5945 (itm
1593 5895 1643 5944 in
1665 5901 1890 5944 omnibus
1920 5901 2019 5942 tum
2043 5895 2187 5943 aditis
2206 5900 2307 5942 tum
2329 5896 2422 5939 ata-

838 5959 1097 6022 uuscript'u
1117 5955 1243 6010 aliud
1268 5965 1561 6020 expnmuet,
1579 5967 1633 6007 ut
1655 5970 1745 6008 nos
1767 5955 1972 6007 edimus.

2525 2312 2722 2363 mitatis
2751 2327 2938 2365 omnes
2967 2312 3097 2365 alias
3121 2311 3452 2367 calamitates
3487 2312 3818 2382 obtegerent.
3849 2313 3971 2367 Post
4003 2331 4114 2370 caeo

2525 2403 2620 2454 des
2643 2402 2784 2455 enim
2810 2411 2864 2455 et
2901 2402 3135 2455 inﬁnitas
3163 2412 3388 2471 strages,
3411 2419 3544 2473 quas
3575 2404 3702 2458 olim
3729 2405 3796 2459 ab
3824 2421 3882 2459 se
3909 2409 4118 2461 coerci-

2527 2502 2702 2545 torum
2725 2491 3030 2546 Judzeorum
3061 2508 3249 2547 manus
3270 2505 3645 2563 perpetrarunt
3662 2537 3677 2560 ,
3699 2511 3958 2551 caesorum
3987 2513 4118 2552 san—

2527 2584 2686 2652 guine
2703 2593 2841 2637 terra
2863 2583 2927 2636 ad
2951 2585 3174 2638 multam
3196 2600 3364 2654 usque
3378 2587 3787 2655 profunditatem
3819 2587 4116 2642 madefacta

2529 2684 2663 2739 erat,
2693 2675 2894 2744 lutiqnc
2918 2676 3203 2744 plurimum
3234 2692 3301 2731 ex
3328 2692 3394 2732 eo
3418 2693 3637 2732 crurore
3667 2680 3975 2747 gignebatur
4004 2698 4018 2732 :
4051 2695 4120 2735 ex

2527 2766 2841 2833 corporibus
2868 2775 3046 2820 autem
3078 2782 3335 2836 equorum
3359 2777 3413 2822 et
3437 2768 3712 2823 hominum
3739 2771 3894 2823 simul
3916 2771 4118 2832 mixtis,

2526 2866 2684 2926 atque
2713 2873 2776 2910 ex
2800 2858 3110 2913 vulneribus
3136 2873 3194 2913 se
3222 2859 3449 2914 invicem
3483 2861 3840 2929 tangentibus,
3866 2871 4010 2914 tanta
4041 2863 4122 2915 vis

2526 2951 2784 3003 vermium
2811 2951 3049 3004 ebullivit
3071 2993 3086 3016 ,
3120 2961 3175 3004 ut
3203 2966 3324 3004 cum
3364 2961 3504 3006 terra
3533 2953 3870 3008 multitudine
3897 2955 4125 3008 cadave-

2528 3058 2646 3096 rum
2673 3042 2994 3110 Operiretur,
3025 3042 3137 3097 haec
3171 3042 3430 3097 cadavera
3457 3059 3644 3098 rursus
3668 3044 3937 3100 vermibus
3963 3045 4122 3100 obtev

2530 3144 2802 3202 gerentur.
2839 3135 3068 3188 Dixisset
3098 3134 3333 3202 profecto
3357 3135 3446 3204 qui
3477 3149 3722 3203 campum
3765 3135 3914 3188 illum
3949 3136 4120 3189 vidis-

2533 3231 2618 3278 set
2635 3265 2650 3288 ,
2679 3239 2783 3278 non
2811 3225 3080 3279 substrata
3101 3239 3346 3294 corpora,
3373 3225 3468 3279 sed
3495 3225 3668 3280 fontes
3694 3241 3811 3281 esse
3836 3228 4122 3296 quampl-

2533 3317 2733 3378 rimos,
2767 3316 2869 3370 hoc
2898 3317 3223 3371 insectorum
3258 3332 3428 3388 genus
3465 3318 3762 3387 largissime
3796 3319 4080 3375 fundentes
4108 3339 4122 3376 :

2531 3407 2668 3461 adeo
2695 3408 2840 3460 omni
2872 3410 3215 3463 inundatione
3245 3409 3611 3464 vehementius
3639 3426 3704 3464 ex
3729 3412 4014 3480 putredine
4035 3413 4125 3466 illa

2529 3503 2854 3556 scaturiebat
2883 3501 3071 3572 ingens
3102 3503 3185 3556 illa
3213 3503 3474 3557 vermium
3512 3503 3687 3571 capia.
3730 3506 3900 3571 Atque
3929 3504 3980 3557 id
4014 3519 4121 3559 non

2530 3608 2626 3661 per
2651 3593 2836 3646 decem
2862 3591 2978 3647 dies
3003 3635 3018 3658 ,
3057 3602 3149 3646 aut
3175 3593 3378 3663 viginti,
3410 3594 3502 3648 sed
3533 3609 3631 3662 per
3660 3594 3942 3662 plurimum
3977 3605 4118 3650 tem-

2533 3684 2675 3752 poris
2713 3681 2912 3737 factum
2941 3692 3042 3736 est.
3075 3682 3142 3735 Et
3181 3697 3242 3736 ea
3271 3682 3486 3752 quidem
3513 3698 3632 3750 qua:
3661 3683 3744 3736 hic
3771 3683 3885 3738 istis
3913 3684 4125 3740 accide-

2532 3783 2686 3840 runt,
2716 3772 2976 3843 ejusmodi
3006 3772 3193 3834 fuere;
3225 3788 3345 3841 quae
3370 3788 3498 3827 vero
3533 3773 3655 3827 illos
3697 3773 3750 3826 in
3788 3772 3964 3828 futuro
4008 3789 4126 3828 ma-

2531 3874 2680 3931 nent,
2711 3864 2868 3932 longe
2893 3869 3019 3916 sunt
3045 3862 3127 3916 his
3154 3861 3446 3917 acerbiora.
3471 3861 3654 3929 Neque
3677 3862 3817 3916 enim
3846 3861 3992 3916 mille
4020 3877 4122 3916 an-

2533 3958 2645 4022 nis,
2672 3965 2764 4009 aut
2791 3955 2976 4010 decem
3004 3953 3236 4008 millibus
3256 3995 3270 4018 ,
3313 3962 3406 4008 aut
3443 3953 3525 4008 his
3555 3963 3700 4008 terve
3728 3953 3948 4009 totidem
3979 3997 3995 4020 ,
4025 3955 4124 4009 sed

2534 4045 2754 4100 infinitis
2783 4045 2992 4098 sarculis
3015 4045 3244 4098 animata
3272 4053 3393 4098 tunc
3421 4059 3645 4112 corpora
3675 4044 3940 4098 cruciatus
3971 4045 4124 4098 inex-

2537 4135 2908 4205 pticabilesque
2927 4134 3139 4189 dolores
3161 4135 3514 4189 sustinebunt.
3542 4134 3610 4188 Et
3636 4133 3750 4188 ιιωο
3769 4146 3993 4203 utraque
4019 4148 4122 4188 no-

2536 4231 2608 4282 vit
2631 4229 2815 4283 beatus
2844 4228 3025 4294 Isaias,
3047 4228 3195 4282 novit
3227 4237 3280 4280 et
3295 4226 3617 4280 mirabilium
3642 4225 3903 4279 visionum
3926 4239 4122 4296 specu-

2535 4324 2668 4375 lator
2701 4321 2951 4375 Ezechiel
2970 4361 2985 4382 ,
3016 4321 3105 4390 qui
3135 4319 3437 4388 hujusmodi
3469 4318 3742 4372 hominum
3771 4331 3952 4387 poenas
3981 4318 4123 4371 inter

2530 4432 2587 4470 se
2621 4414 3002 4470 distribuentes
3024 4455 3040 4480 ,
3072 4413 3207 4466 alter
3238 4411 3514 4480 praesentis
3533 4450 3548 4473 ,
3589 4408 3723 4463 alter
3753 4408 3908 4462 futuri
3939 4408 4118 4463 saeculi

2529 4513 2786 4582 supplicia
2814 4516 3154 4566 enarrarunt.

2599 4608 2654 4659 ἓ.
2689 4604 2908 4671 Quidam
2939 4601 3210 4654 monachos
3233 4607 3484 4652 etascetax
3519 4606 3716 4652 vexant.
3744 4627 3815 4637 —
3854 4596 3962 4665 Ego
3986 4609 4118 4649 vero

2534 4699 2647 4750 Itmc
2690 4711 2794 4748 non
2827 4695 2944 4747 sine
2979 4706 3138 4746 causa
3183 4691 3510 4754 memoravi,
3557 4689 3650 4744 sed
3692 4689 3817 4758 quia
3853 4686 4115 4742 accedens

2533 4789 2744 4859 quidam
2777 4785 3016 4840 nuntium
3047 4784 3222 4838 attulit
3259 4783 3472 4853 plenum
3507 4781 3906 4844 amaritudinis,
3937 4780 4112 4835 mole-

2533 4885 2670 4945 Stim,
2700 4880 3028 4949 ingentisque
3066 4878 3322 4932 adversus
3365 4877 3532 4930 Deum
3556 4873 3912 4930 contumelia.
3943 4870 4112 4937 Quos-

2535 4976 2658 5028 dam
2686 4973 2828 5028 enim
2867 4984 2986 5025 esse
3032 4970 3276 5023 homines
3325 4967 3434 5030 ait,
3463 4965 3552 5035 qui
3594 4963 3856 5031 hodieque
3889 4961 4072 5013 eadem
4096 5002 4112 5024 ,

2532 5081 2649 5134 quae
2676 5063 2748 5117 illi
2775 5062 2902 5116 olim
2925 5059 3136 5116 barbari
3159 5101 3172 5125 ,
3203 5059 3485 5112 admittere
3508 5055 3800 5116 auderent;
3828 5051 3936 5104 imo
3961 5051 4115 5119 longe

2536 5157 2794 5227 iniquiora
2825 5173 2837 5210 :
2867 5169 2964 5210 eos
3009 5155 3204 5222 quippe
3231 5153 3318 5220 qui
3362 5146 3712 5219 philosophia:
3760 5154 3955 5198 nostra:
3980 5145 3994 5174 ¹
4021 5158 4113 5198 ca-

2534 5248 2806 5319 pessendae
2825 5255 3074 5301 auctores
3099 5252 3240 5308 sunt,
3266 5241 3497 5310 undique
3516 5237 3806 5307 expellere,
3831 5234 4112 5303 multisque

2532 5342 2728 5397 additis
2773 5339 2935 5393 minis
2969 5346 3148 5391 vetare
3173 5376 3187 5396 .
3219 5350 3287 5390 ne
3314 5333 3584 5404 quidpiam
3616 5326 3919 5398 hujusmodi
3949 5327 4108 5382 ullutn

2534 5448 2784 5502 umquam
2815 5428 3085 5484 hominem
3112 5427 3357 5482 doceant.
3406 5423 3501 5477 llis
3540 5419 3764 5481 auditis,
3797 5433 3895 5488 ego
3933 5418 4109 5473 statim

2533 5523 2758 5580 clamavi
2791 5562 2805 5585 ,
2846 5529 2899 5576 et
2935 5529 3236 5574 narrantem
3277 5529 3420 5584 smpe
3453 5517 3796 5582 percontatus
3837 5524 3988 5576 sum,
4029 5509 4110 5564 lu-

2532 5618 2734 5673 deusne
2764 5614 2879 5669 hzec
2904 5613 3225 5684 loqueretur.
3244 5609 3444 5678 Apage,
3479 5603 3645 5673 inquit
3669 5602 3793 5671 ille;
3824 5615 4107 5672 numquam

2597 5757 2612 5787 ι
2649 5759 2822 5810 Deest,
2869 5755 3078 5807 nostrm,
3103 5747 3153 5794 in
3195 5741 3526 5810 duobus_.\_t_ss.
3550 5737 3829 5810 tht._savil.
3853 5744 3906 5786 et
3938 5731 4107 5810 sitiret.

2533 5795 3096 5867 tané'iBE'ein"iéiuhi',
3146 5813 3300 5867 recte.
3344 5799 3464 5851 Nihil
3500 5801 3628 5867 apud
3673 5799 3951 5867 istius__aavi
3980 5795 4110 5867 scri-

2533 5856 2711 5944 me;
2725 5856 3066 5944 esse;
3086 5856 3417 5944 amitae.
3432 5856 4106 5944 πηρξίειερςεηιηρεξξεοξριῂξξιη

2532 5919 3214 6008 appellariR‘idféregor'ium
3232 5930 3455 5988 sariam,
3476 5927 3703 5977 lsidomm
3727 5919 3884 5974 Pelus.
3898 5928 3950 5970 et
3970 5919 4103 5970 alios.
