4516 6698
190 541 296 598 519

1016 536 1390 594 ADVERSUS
1432 536 1991 597 Ol’PUGNATORES
2026 537 2213 594 VITIE
2249 534 2558 592 MONAS’I‘.
2596 536 2727 593 LIB.
2773 535 2812 591 Ι.

3208 732 3559 745 -α-ῄ

741 1081 1207 1216 ΠΡΟΣ
1284 1081 1743 1216 ΤΟΥΣ
1822 1078 3118 1215 ΠΟΛΕΜΟΥΝΤΑΣ

899 1505 1153 1591 ΤΟΙΣ
1190 1506 1386 1592 ΕΠΙ
1422 1506 1573 1591 ΤΟ
1608 1497 2181 1591 ΜΟΝΑΖΕΙΝ
2219 1494 2928 1589 ΕΝΑΓΟΥΣΙΝΪ

252 2200 462 2273 [4544]
480 2199 683 2255 α’.”οτε
713 2200 806 2255 τὸν
822 2202 881 2255 ἐν
907 2200 1298 2276 Ἱεροσολύμοις
1317 2206 1454 2261 νεὼν
1478 2207 1691 2264 πολλῶν
1714 2210 1851 2265 ἐτῶν

175 2289 353 2359 χαμαὶ
364 2289 611 2360 κείμενον
626 2288 734 2343 ἀπὸ
749 2289 849 2360 τῆς
861 2292 1077 2363 μακρᾶς
1087 2293 1471 2358 ἐπανελθόντες
1480 2298 1857 2366 αἰχμαλωσίας

172 2376 413 2446 ἐγείρειν
440 2376 630 2446 ήθελον
652 2376 761 2429 τῶν
798 2376 1067 2447 Ἐϐραίων
1094 2381 1144 2432 οἰ
1170 2380 1376 2443 παῖδες.
1398 2381 1519 2434 τότε
1548 2381 1612 2453 δὴ
1650 2382 1858 2453 βάρϐα-

175 2462 261 2533 ροί
290 2479 436 2525 τινες
473 2465 567 2518 καὶ
593 2465 862 2537 ἀνήμεροι
902 2464 1203 2537 ἄνθρωποι,
1258 2468 1398 2539 μήτε
1421 2469 1513 2523 τὸν
1546 2470 1680 2524 Θεὸν
1709 2471 1858 2524 αἰδε-

170 2550 418 2613 σθέντες,
445 2543 490 2618 ᾧ
514 2554 608 2605 τὸν
648 2550 786 2606 νεὼν
812 2552 1044 2624 ἥγειραν
1089 2554 1287 2609 ἐκεῖνοι
1310 2564 1351 2619 ⁸,
1398 2557 1538 2628 μήτε
1577 2559 1716 2630 πρὸς
1756 2559 1857 2630 τὴν

166 2636 283 2691 τῶν
314 2636 617 2709 ἀνθρώπων
645 2639 1115 2704 κατακλασθέντες
1151 2644 1472 2715 συμφορὰν,
1514 2647 1609 2714 ἀφ’
1639 2642 1709 2717 ἦς
1753 2647 1855 2717 ὀψέ

166 2740 306 2778 ποτε
340 2727 435 2779 καὶ
464 2726 615 2796 μόλις
639 2728 966 2797 ἀνήνεγκαν,
1000 2730 1141 2800 μήτε
1165 2732 1266 2801 τὴν
1296 2733 1448 2804 παρὰ
1472 2732 1604 2786 Θεοῦ
1636 2736 1753 2798 τοῖς
1785 2735 1855 2788 τά

164 2815 402 2868 τοιαῦτα
440 2812 713 2883 τολμῶσιν
754 2815 1028 2887 ἑπομένην
1069 2817 1403 2889 φοϐηθέντες
1429 2821 1609 2893 δίκην,
1650 2822 1712 2875 τὸ
1754 2822 1856 2892 μὲν

164 2903 396 2974 πρῶτον
446 2902 516 2956 δι’
549 2904 758 2956 ἑαυτῶν
810 2905 1127 2976 ἐπεχείρουν
1167 2907 1399 2962 κωλύειν
1438 2909 1855 2981 οἰκοδομοῦντας

164 2991 405 3055 αὐτούς·
447 2990 524 3054 ὼς
559 2989 617 3043 δὲ
655 2991 809 3046 οὐδὲν
841 2993 1026 3063 ἤνυον,
1052 2994 1361 3065 γράμματα
1412 2998 1731 3068 πέμψαντες
1780 2998 1859 3062 ὡς

164 3078 398 3148 βασιλέα
421 3079 511 3132 τὸν
538 3079 739 3143 αὐτῶν,
757 3079 816 3131 ἐν
838 3074 919 3142 οἷς
934 3080 1248 3153 ἀποστάτην
1276 3086 1319 3113 ·’
1351 3084 1448 3136 καὶ
1470 3084 1857 3156 νεωτεροποιὸν

161 3167 263 3219 καὶ
313 3166 677 3237 φιλοπόλεμον
725 3165 824 3239 τὴν
872 3167 1027 3222 πόλιν
1070 3169 1301 3223 ἐκάλουν
1348 3172 1588 3242 ἐκείνην,
1631 3172 1857 3225 ἔπεισαν

163 3253 468 3323 ἐπιτρέψαι
515 3253 758 3307 κωλῦσαι
790 3254 942 3324 σφίσι
984 3255 1083 3326 τὴν
1115 3258 1425 3330 οἰκοδομήν.
1462 3260 1572 3312 Καὶ
1602 3258 1859 3323 λαϐόντες

159 3341 377 3411 ταύτην
435 3341 567 3411 παρ’
602 3342 812 3395 ἐκείνου
870 3342 969 3414 τὴν
1009 3344 1289 3410 ἐξουσίαν,
1324 3348 1420 3401 καὶ
1464 3346 1606 3419 μετά
1646 3348 1857 3403 πολλῶν

159 3429 357 3491 αὐτοῖς
371 3428 681 3500 ἐπιθέμενοι
692 3429 801 3483 τῶν
824 3431 1054 3498 ἱππέων,
1077 3433 1338 3504 διέκοψάν
1357 3452 1415 3488 τε
1431 3436 1493 3488 τὸ
1512 3436 1673 3507 ἔργον
1693 3436 1852 3500 τέως,

159 3515 264 3569 καὶ⁸
292 3514 553 3585 ἐφρόνουν
581 3516 673 3569 ἐπὶ
704 3520 771 3587 τῇ
792 3517 920 3590 νίκῃ
947 3519 1111 3589 μέγα,
1153 3521 1239 3592 ἐφ’
1282 3517 1352 3593 ἦς
1403 3523 1844 3578 κατακόπτεσθαι

158 3603 300 3667 ἔδει,
325 3604 416 3657 καὶ
450 3604 625 3675 πέρας
646 3604 831 3668 αὐτοῖς
864 3606 1009 3677 ἔχειν
1043 3606 1211 3679 ᾤοντο
1230 3609 1329 3681 τὴν
1371 3609 1682 3682 ἐπιϐουλήν.
1713 3610 1845 3664 Τόδε

155 3687 231 3763 ἧν
258 3691 368 3762 ἀρα
399 3692 682 3763 προοίμιον
714 3694 809 3746 καὶ
846 3694 989 3766 ἀρχὴ
1019 3695 1131 3750 τῶν
1157 3697 1359 3752 αὐτίκα
1376 3698 1440 3769 δὴ
1468 3698 1611 3770 μάλα
1650 3698 1848 3762 αὐτοὺς

158 3780 632 3851 καταληψομένων
672 3781 879 3835 κακῶν.
932 3784 1007 3836 Τό
1056 3802 1116 3838 τε
1167 3785 1277 3857 γὰρ
1312 3785 1471 3858 ἔργον
1497 3787 1714 3856 ἠνύετο,
1753 3787 1849 3840 καὶ

158 3867 419 3938 λαμπρὸν
460 3867 808 3938 ἀπελάμϐανε
837 3869 992 3934 τέλος
1015 3886 1029 3899 ⁸
1061 3872 1265 3927 ἐκεῖνοί
1297 3889 1356 3926 τε
1378 3873 1702 3944 ἐμάνθανον,
1753 3874 1849 3927 καὶ

158 3954 233 4008 δι’
284 3954 509 4008 ἐκείνων
565 3955 823 4020 ἅπαντες,
860 3956 941 4010 ὅτι
990 3958 1091 4010 οὐκ
1146 3958 1257 4029 ἄρα
1306 3958 1616 4029 ἀνθρώποις
1656 3960 1846 4015 ἐπολέ-

163 4029 340 4115 μουν,
383 4043 507 4097 οὗτε
544 4044 879 4116 Μιθριδάτης
899 4045 1042 4112 τότε,
1072 4046 1191 4099 οὐδὲ
1217 4046 1375 4111 ἄλλος
1404 4046 1431 4086 δ
1459 4048 1665 4113 οὐδεὶς,
1696 4049 1755 4113 ὃς
1780 4049 1847 4104 ἂν

158 4131 478 4203 ἀνθρώποις
529 4132 713 4204 ἐληται
762 4134 1017 4205 πολεμεῖν
1048 4133 1251 4203 ἀγαθόν
1288 4152 1342 4188 τι
1390 4138 1848 4208 προαιρουμένοις

160 4222 367 4284 ποιεῖν,
393 4219 506 4273 ἀλλ’
536 4221 687 4291 αὐτῷ
720 4222 828 4294 πρὸ
860 4222 1083 4275 ἐκείνων
1112 4220 1192 4289 τῷ
1224 4221 1290 4275 δι’
1318 4224 1542 4276 ἐκείνων
1596 4226 1844 4294 τιμωμέ-

158 4324 244 4377 νῳ
260 4306 400 4376 Θεῷ.
425 4308 529 4361 Τὸν
549 4308 605 4361 δὲ
630 4308 750 4379 Θεῷ
772 4308 1107 4380 πολεμοῦντα
1127 4310 1227 4363 οὐκ
1248 4308 1325 4362 ἔνι
1350 4310 1480 4363 ποτέ
1509 4312 1588 4373 εἰς
1607 4311 1843 4381 χρηστὸν

161 4392 543 4464 καταστρέψαι
573 4393 743 4458 τέλιλς·
775 4396 890 4449 ἀλλ’
915 4397 944 4448 ό
968 4396 1207 4461 τοιοῦτος
1244 4398 1301 4449 ἐν
1328 4397 1469 4468 ἀρχῇ
1494 4397 1589 4468 μὲν
1605 4397 1701 4467 τῆς
1728 4397 1845 4451 τόλ-

164 4497 281 4552 μης
308 4479 458 4533 οὐδὲν
484 4482 614 4543 ῐσως
632 4481 877 4534 πείσεται
912 4482 1103 4546 δεινὸν,
1127 4483 1193 4538 ἂν
1221 4484 1266 4537 δ’
1282 4485 1389 4555 ἀρα
1419 4485 1493 4557 μὴ
1523 4484 1714 4552 πάθοι,
1748 4486 1841 4539 τοῦ

160 4567 306 4623 Θεοῦ
336 4566 627 4630 καλοῦντος
658 4567 915 4631 αύτὸνείς
934 4570 1245 4638 μετάνοιαν,
1280 4574 1374 4626 καὶ
1400 4574 1635 4638 διδόντος
1656 4573 1845 4647 ῶσπερ

162 4658 234 4711 ἐκ
258 4673 402 4721 τινος
441 4656 609 4727 μέθης
652 4658 983 4723 ἀνενεγκεῖνο
1019 4657 1085 4710 ἂν
1123 4658 1180 4711 δέ
1226 4660 1459 4733 ἐπιμένῃ
1491 4674 1512 4701 ο
1548 4666 1615 4734 τῇ
1650 4681 1847 4734 παροι-

160 4746 281 4818 νίᾳ,
297 4745 461 4817 μηδὲν
478 4745 583 4798 ἀπὸ
602 4744 701 4815 τῆς
721 4743 988 4815 τοσαύτης
1009 4742 1359 4810 ἀνεξικακίας
1374 4765 1435 4801 κε
1445 4750 1694 4819 ρδαίνων9
1718 4751 1838 4804 έτέ-

166 4850 299 4903 ρους
321 4833 450 4901 γοῦν
473 4834 657 4904 ὀνήσει
676 4831 746 4886 τά
763 4831 1013 4903 μέγιστα,
1035 4832 1123 4885 διὰ
1142 4832 1241 4902 τῆς
1272 4836 1351 4895 εἰς
1373 4835 1537 4889 αὑτὸν
1562 4839 1833 4906 τιμωρίας

160 4920 439 4973 παιδεύων
467 4919 734 4990 μηδέποτε
757 4920 855 4991 τῆς
889 4918 1026 4990 πρὸς
1052 4918 1140 4972 τὸν
1165 4918 1299 4972 Θεὸν
1325 4919 1595 4974 ἅπτεσθαι
1629 4923 1832 4993 μάχης,

159 5006 245 5069 ὡς
290 5007 393 5060 οὐκ
441 5007 560 5060 ἐνὸν
595 5007 695 5078 τὴν
736 5008 1005 5078 ἀήττητον
1064 5006 1277 5078 ἐκείνην
1320 5009 1478 5078 χεῖρα
1528 5007 1829 5078 διαφυγεῖν.

159 5091 421 5146 Τοιαῦται
447 5095 579 5162 γοῦν
606 5094 807 5159 εὐθέως
847 5095 1040 5159 αὐτοὺς
1065 5093 1178 5167 [45]
1209 5093 1610 5163 κατελάμϐανον
1628 5112 1836 5166 συμφο-

160 5178 281 5252 ραὶ,
321 5179 397 5242 ὡς
421 5182 739 5253 ἀποκρύψαι
773 5182 851 5253 τῷ
875 5182 1203 5254 μεγέθειτῆς
1219 5183 1525 5255 τραγῳδίας
1540 5183 1717 5245 πάσας
1736 5186 1833 5249 τάς

156 5265 330 5329 ἄλλας
353 5272 659 5338 συμφοράς.
682 5270 834 5326 Μετά
856 5271 965 5343 γάρ
982 5269 1009 5309 ἀ
1031 5272 1158 5335 τοὺς
1174 5272 1369 5341 φόνους
1394 5272 1489 5327 καὶ
1515 5272 1611 5338 τὰς
1634 5275 1832 5345 μυρίας

227 5420 400 5501 :ijgi
427 5424 1052 5501 aufersus'oﬁpugnalores
1073 5428 1204 5501 ﬁne
1228 5432 1509 5501 monasticae
1532 5433 1695 5485 collati
1720 5444 1835 5487 sunt

160 5496 277 5553 eum
428 5484 647 5535 Colbert.
670 5484 768 5553 9η
804 5484 858 5542 e":
898 5506 1007 5541 cum
1044 5492 1142 5540 alio
1181 5494 1319 5553 cujus
1359 5508 1598 5545 numerus
1630 5484 1831 5549 θέείάίήζ

163 5547 249 5619 l’n_
275 5546 421 5619 ιῖιιιίο
460 5560 553 5619 ms.
599 5554 659 5619 ,ει
703 5552 824 5601 edit.
868 5555 1020 5619 Sayil.
1058 5546 1316 5619 ἐνάγουᾶιν.
1358 5557 1497 5619 τ--Ε
1534 5546 1833 5609 εδνίίίο-ἒνέ

160 5606 360 5689 ἀγξυξιν
380 5608 761 5689 rcscrigsimusg
767 5625 855 5671 pro
876 5616 1073 5689 vulgata
1098 5606 1312 5689 lej‘njppe
1339 5606 1622 5689 εἰσάγουσιν.
1653 5606 1785 5671 Ebur:

229 5670 255 5696 "
284 5668 365 5718 Sic
388 5682 501 5718 mss.
530 5669 628 5717 duo
650 5676 705 5718 el
730 5668 843 5720 S'av.
870 5676 929 5723 ad
953 5668 1107 5740 marg.
1135 5677 1263 5728 Editi
1287 5668 1465 5728 ἐκεῖνον
1481 5678 1643 5729 minus
1670 5668 1827 5733 recte.

225 5730 279 5757 δ’
302 5726 449 5781 Forte
476 5731 742 5781 leaendum
768 5732 1045 5781 ἀποστάτιν.

225 5743 278 5757 ει-
302 5743 449 5781 r'orre
476 5743 742 5791 legendum
768 5743 1045 5785 ἀποστάτιν.

223 5789 257 5866 1}
276 5790 565 5866 Colbgunus
577 5793 695 5866 ⁴οὔτε
712 5792 869 5848 ἄλλος.
892 5794 1014 5866 Tota
1036 5802 1267 5866 periodus
1290 5802 1531 5866 tantillum
1551 5801 1741 5866 habere
1757 5807 1833 5853 vi-

159 5853 656 5925 detur_dimeultatis,
698 5868 842 5925 uuam
886 5853 1259 5925 ut_de‘cllna,ret
1300 5865 1605 5925 Ambrosius,
1646 5864 1829 5916 seriem

160 5916 423 5976 paululum
444 5918 739 5973 lmmulavxt,
763 5929 927 5978 neque
950 5921 1114 5968 tamen
1141 5922 1389 5976 aberravit
1407 5942 1434 5976 a
1454 5916 1620 5977 sensu.

231 5976 255 6005 ⁸
282 5976 365 6024 Sic
401 5992 513 6027 mss.
542 5985 691 6029 atoue
728 5981 794 6028 ita
819 5978 939 6029 legit
963 5980 1266 6029 Ambrosinus.
1312 5989 1436 6029 Edili
1468 6002 1583 6029 mm
1606 5991 1648 6029 εἶ

231 5988 253 6005 ·
282 5988 365 6024 διο
401 5992 513 6027 mss.
542 5988 691 6041 atque
728 5988 794 6028 ita
819 5988 939 6042 legit
963 5988 1266 6033 Ambrosinus.
1310 5989 1439 6038 Edili
1468 6002 1583 6040 vero
1606 5991 1707 6040 εἶτα
1727 5993 1828 6042 ἐπι-

160 6037 313 6106 μένῃ-λ
327 6037 479 6088 Paulo
500 6048 611 6102 post
623 6042 726 6106 guo
748 6055 861 6091 mss.
887 6044 947 6090 τὰ
970 6043 1167 6103 μέγιστα
1188 6045 1283 6093 ἀπὸ
1307 6054 1407 6106 τῆς.

223 6097 594 6180 ἀ-ρυοξηξεῖλοι
618 6103 766 6152 Savil.
792 6107 841 6179 iu
865 6097 1017 6177 marg.
1039 6097 1110 6165 τῷ
1135 6108 1313 6180 μεγέθει
1338 6097 1717 6180 ςέᾷςιτραγῳδίας·
1745 6134 1827 6180 με-

159 6178 223 6211 τα
245 6160 346 6222 γάρ.
377 6160 492 6212 lbid.
512 6166 610 6215 duo
632 6179 730 6216 mss
782 6168 875 6215 τῶν
894 6160 1043 6229 edim
1064 6160 1212 6231 male
1234 6176 1285 6244 ul
1307 6160 1523 6245 ridetur:
1538 6160 1547 6174 ⁸
1566 6160 1581 6178 ίδ

496 5731 742 5791 exendum
768 5732 1045 5785 ἀποστάτιν.

1884 5911 1935 5933 εκ

1868 5957 1931 5983 ν.

1961 2209 2174 2280 σφαγάς
2202 2208 2268 2272 ἃς
2280 2208 2457 2262 αἰτῶν
2470 2209 2585 2261 τότε
2598 2204 2953 2276 κωλυομένων
2964 2203 3236 2259 Ἰουδαίων
3248 2204 3328 2267 εἰς
3337 2202 3532 2267 αὐτούς
3544 2220 3567 2253 ε
3577 2203 3653 2274 ἰρ-

1958 2298 2198 2364 γάσαντο
2232 2298 2432 2366 χεῖρες,
2456 2293 2713 2364 ἐϐρέχετο
2746 2291 2845 2361 μὲν
2859 2290 2939 2361 τῷ
2954 2290 3061 2345 τῶν
3084 2291 3446 2362 ἀνῃρημένων
3456 2290 3648 2360 αἵματι

1963 2383 2052 2436 διὰ
2093 2383 2291 2436 πολλοῦ
2334 2381 2427 2435 τοῦ
2458 2380 2657 2451 βάθους
2680 2382 2713 2450 ή
2740 2379 2834 2449 γῆ,
2862 2379 2956 2432 καὶ
2986 2378 3157 2442 πολὺς
3195 2379 3305 2432 ἀπὸ
3332 2377 3523 2431 τούτου
3549 2376 3645 2430 τοῦ

1958 2471 2192 2543 αἵματος
2217 2471 2428 2539 ἐγίνετο
2466 2468 2636 2540 πηλός
2654 2484 2669 2500 ·
2691 2466 2801 2520 τῶν
2828 2466 2885 2519 δὲ
2920 2466 3188 2537 σωμάτων
3203 2465 3311 2520 τῶν
3324 2482 3383 2519 τε
3414 2464 3650 2519 ἱππείων

1955 2558 2066 2612 τῶν
2104 2574 2164 2611 τε
2193 2554 2549 2628 ἀνθρωπίνων
2574 2552 2709 2625 ὁμοῦ
2757 2554 3154 2624 πεφυρμένων,
3200 2554 3265 2607 ἐκ
3304 2552 3508 2606 τούτων
3550 2550 3648 2604 καὶ

1956 2645 2066 2699 τῶν
2096 2646 2156 2698 ἐν
2190 2644 2403 2703 τούτοις
2448 2640 2927 2713 προστριϐομένων
2959 2640 3197 2694 ὡτειλῶν
3222 2641 3475 2694 τοσοῦτον
3498 2656 3646 2693 σκω-

1956 2731 2140 2802 λήκων
2160 2730 2401 2784 ἐτίκτετο
2426 2728 2652 2799 πλῆθος,
2678 2727 2751 2791 ὡς
2776 2729 2876 2799 τὴν
2906 2727 3003 2798 μὲν
3029 2728 3133 2798 γῆν
3159 2726 3235 2798 τῷ
3270 2727 3468 2799 πλήθει
3505 2728 3643 2797 κρύ-

1963 2817 2196 2870 πτεσθαι
2233 2816 2341 2870 τῶν
2379 2816 2611 2887 νεκρῶν,
2649 2816 2875 2877 τούτους
2903 2814 2961 2866 δὲ
2993 2816 3190 2878 αὐτοὺς
3213 2814 3373 2868 πάλιν
3404 2813 3484 2885 τῷ
3534 2814 3639 2870 τῶν

1961 2903 2283 2975 σκωλήκων.
2342 2899 2511 2957 Εἶπεν
2533 2902 2598 2957 ἀν
2623 2919 2725 2965 τις,
2746 2902 2924 2955 ἐκεῖνο
2951 2901 3013 2955 τὸ
3046 2902 3231 2956 πεδίον
3258 2901 3402 2967 ἰδὼν,
3438 2903 3499 2955 ού
3533 2901 3642 2954 σώ-

1963 3009 2113 3062 ματα
2130 2989 2377 3045 κάτωθεν
2397 2989 2716 3044 ὑποκεῖσθαι
2734 2988 2965 3061 νεκρῶν,
2982 2989 3128 3053 ,ἀλλά
3147 2989 3331 3059 πηγάς
3356 2988 3493 3043 εἰναι
3511 2990 3645 3043 πολ·

1959 3082 2078 3148 λάς,
2102 3083 2195 3137 καί
2220 3081 2548 3152 πολλαχόθεν
2575 3082 2750 3134 ἐκεῖνο
2775 3078 3050 3151 φερούσας
3072 3079 3180 3134 τῶν
3200 3078 3355 3145 ζώων
3376 3079 3438 3133 τὸ
3459 3079 3638 3148 γένος’

1960 3170 2104 3223 οῦτω
2128 3170 2309 3240 πάσης
2346 3167 2654 3241 ἐπιρροπῆς
2691 3166 3050 3238 σφοδρότερον
3075 3166 3185 3220 ἀπὸ
3217 3166 3319 3237 τῆς
3350 3167 3641 3238 σηπεδόνος

1960 3256 2174 3326 ἐκείνης
2221 3255 2513 3320 ἀνέϐλυζεν
2540 3257 2574 3327 ἡ
2609 3253 2720 3307 τῶν
2746 3253 3045 3325 σκωλήκων
3069 3253 3229 3326 φορά.
3258 3254 3431 3308 Τοῦτο
3459 3254 3515 3309 δὲ
3538 3254 3641 3307 οὐκ

1959 3345 2052 3397 ἐπὶ
2067 3344 2198 3397 δέκα
2226 3344 2319 3398 καὶ
2355 3343 2559 3397 εἴκοσιν
2583 3342 2819 3413 ήμέραις
2835 3342 3046 3409 ἐγίνετο
3069 3343 3248 3412 μόνον,
3269 3342 3382 3395 ἁλλ’
3402 3343 3497 3397 ὲπί
3513 3342 3640 3396 πολ-

1958 3431 2037 3503 λῷ
2064 3432 2141 3502 τῷ
2164 3433 2359 3503 χρόνῳ.
2398 3432 2507 3486 Καὶ
2553 3432 2620 3483 τά
2657 3429 2754 3500 μὲν
2782 3429 3016 3490 ἐνταῦθα
3046 3429 3289 3484 τοιαῦταο
3336 3431 3407 3484 τά
3438 3430 3494 3484 δὲ
3526 3432 3645 3485 ἐκεῖ

1946 3518 2302 3589 διαδεξόμενα
2325 3518 2544 3583 αὐτοὺς,
2569 3515 2751 3586 πολλῷ
2772 3516 2980 3569 τούτων
3001 3518 3119 3596 ἐστὶ
3146 3518 3524 3590 χαλεπώτερα.
3560 3520 3636 3573 Ού

1948 3607 2061 3679 γάρ
2084 3609 2166 3671 εἰς
2194 3609 2346 3678 χίλια
2367 3607 2486 3679 ἐτη,
2519 3604 2642 3659 ούδέ
2667 3607 2747 3669 εἰς
2778 3604 2946 3676 μύρια
2972 3597 3156 3676 μόνον,
3191 3606 3312 3660 ούδέ
3336 3608 3417 3671 εἰς
3438 3607 3520 3671 δίς
3544 3624 3638 3661 το-

1949 3698 2146 3763 σαῦτα,
2177 3699 2273 3752 καὶ
2302 3698 2444 3771 τρὶς,
2471 3696 2586 3751 ἀλλ’
2612 3698 2693 3760 εἰς
2712 3696 2970 3766 ἀπείρους
2996 3696 3202 3761 αἰῶνας
3226 3696 3546 3769 ψυχωθέντα
3569 3698 3640 3754 τά

1951 3785 2198 3857 σώματα,
2216 3786 2338 3838 τότε
2364 3782 2688 3854 δέχεταιτάς
2707 3782 2971 3853 βασάνους
2997 3786 3093 3837 καὶ
3110 3785 3212 3848 τάς
3239 3786 3512 3857 ἀρρήτους
3540 3785 3638 3838 ἀλ-

1950 3873 2182 3944 γηδόνας
2205 3871 2441 3934 ἐκείνας.
2470 3870 2580 3923 Καὶ
2605 3870 2779 3924 ταῦτα
2807 3871 3095 3943 ἀμφότερα
3132 3868 3241 3926 οἶδε
3270 3873 3371 3943 μὲν
3393 3874 3423 3926 ό
3455 3874 3636 3944 μακά-

1952 3976 2065 4030 ριος
2118 3959 2374 4021 Ἡσαΐας,
2400 3952 2507 4010 οἵδε
2531 3956 2589 4010 δὲ
2627 3958 2656 4010 ὁ
2688 3957 2800 4010 τῶν
2840 3958 3160 4030 παραδόξων
3205 3958 3383 4029 ὄψεων
3429 3959 3636 4031 θεωρὸς

1948 4044 2231 4117 Ἰεζεκιὴλ,
2251 4044 2301 4098 οἳ
2316 4045 2411 4099 καὶ
2426 4044 2535 4097 τῶν
2552 4043 2651 4098 ἀνθ
2659 4043 2857 4116 ρώπων
2878 4045 3084 4099 τούτων
3109 4046 3519 4120 διανειμάμενοι
3533 4048 3633 4120 τὴν

1947 4131 2191 4195 κόλασιν,
2222 4134 2251 4185 ό
2276 4132 2380 4198 μὲν
2399 4132 2497 4202 τὴν
2522 4130 2777 4196 ἐνταῦθα,
2806 4133 2835 4185 ό
2860 4131 2917 4185 δὲ
2952 4131 3053 4203 τὴν
3085 4134 3205 4186 ἐκεῖ
3241 4133 3543 4205 διηγήσατο
3581 4145 3628 4189 ο.

2016 4218 2083 4289 β’.
2112 4218 2254 4287 Ἐγὼ
2284 4218 2341 4271 δὲ
2370 4218 2549 4272 αὐτῶν
2587 4220 2686 4289 οὐχ
2722 4218 2910 4283 ἁπλῶς
2947 4221 3331 4291 ἐμνημόνευσα
3360 4221 3454 4275 νῦν
3476 4262 3491 4285 ,
3514 4222 3631 4275 ἀλλ’

1942 4305 2129 4376 ἐπειδή
2151 4323 2234 4368 τις
2260 4304 2431 4357 ἐλθὼν
2458 4306 2590 4376 ἡμῖν
2619 4306 2954 4376 ἀπήγγειλεν
2985 4308 3247 4375 ἀγγελίαν
3276 4309 3480 4379 πικράν
3508 4326 3629 4362 τινα

1942 4392 2038 4444 καὶ
2064 4391 2325 4462 χαλεπὴν,
2352 4392 2445 4444 καὶ
2467 4392 2667 4462 πολλὴν
2698 4394 2779 4456 εἰς
2804 4393 2895 4445 τὸν
2914 4393 3047 4446 Θεὸν
3071 4394 3171 4467 τὴν
3199 4394 3356 4467 ’ύϐριν
3376 4396 3624 4467 ἔχουσαν.

1942 4474 2096 4533 Εἶναι
2130 4479 2239 4548 γάρ
2268 4495 2422 4542 τινας
2451 4477 2777 4551 ἀνθρώπους
2808 4480 2903 4533 καὶ
2942 4478 3038 4535 νῦν
3069 4482 3139 4535 τά
3170 4482 3310 4535 αύτά
3343 4486 3456 4545 τοῖς
3489 4481 3626 4555 βαρ-

1945 4566 2133 4639 ϐάροις
2156 4566 2471 4637 τολμῶντας
2498 4567 2750 4633 ἐκείνοις,
2769 4569 2969 4639 μᾶλλον
2987 4569 3042 4622 δὲ
3063 4572 3157 4623 καὶ
3180 4570 3625 4642 παρανομώτερα

1947 4657 2169 4710 ἐκείνων
2186 4655 2385 4727 πολλῷ·
2414 4658 2541 4720 τοὺς
2566 4656 2675 4728 γὰρ
2704 4659 2783 4719 εἰς
2808 4657 2907 4727 τὴν
2934 4658 3055 4710 καθ’
3082 4659 3230 4728 ἡμᾶς
3258 4659 3576 4729 φιλοσοφίαν
3596 4659 3618 4700 ι

1945 4744 2179 4811 ἄγοντας
2207 4743 2471 4797 πάντοθεν
2492 4742 2755 4806 ἐλαύνειν,
2782 4744 2876 4796 καὶ
2909 4743 3050 4813 μετὰ
3078 4745 3284 4817 πολλῆς
3317 4748 3418 4818 τῆς
3459 4750 3621 4802 ἀπει-

1944 4829 2043 4899 λῆς
2067 4832 2433 4902 ἀπαγορεύειν
2463 4830 2690 4883 καθόλου
2716 4831 2791 4903 μὴ
2815 4832 3173 4902 φθέγγεσθαι,
3199 4836 3332 4906 μηδὲ
3347 4836 3621 4891 διδάσκειν

1946 4918 2149 4988 μηδένα
2188 4919 2317 4971 ποτέ
2336 4920 2640 4991 ἀνθρώπων
2666 4920 2908 4975 τοιοῦτον
2944 4924 3128 4993 μηδέν.
3173 4924 3311 4994 Ἐγὼ
3338 4926 3436 4996 μὲν
3463 4922 3558 4980 οὖν
3591 4926 3620 4967 ε

1942 5006 2217 5075 ἀνέκραξά
2258 5023 2316 5059 τε
2355 5006 2558 5071 εὐθέως
2590 5007 2852 5074 ἀκούσας,
2892 5011 2986 5063 καὶ
3013 5011 3104 5063 τὸν
3133 5012 3357 5067 εἰπόντα
3385 5015 3619 5085 συνεχῶς

1942 5092 2256 5165 ἀνηρώτων.
2282 5096 2331 5148 εἰ
2376 5094 2454 5167 μὴ
2494 5096 2679 5162 παίζοι
2732 5097 2904 5151 ταῦτα
2949 5099 3142 5169 λέγων.
3175 5102 3233 5154 '0
3262 5102 3339 5165 δὲ,
3374 5104 3614 5172 Ἀπαγε,

1940 5179 2071 5253 ἔφη·
2104 5183 2179 5254 μὴ
2200 5184 2310 5255 γάρ
2333 5184 2399 5238 άν
2422 5202 2553 5238 ποτε
2575 5186 2822 5257 παίζοιμι
2854 5188 3046 5254 ταῦτα,
3072 5189 3196 5259 μηδ’
3216 5188 3281 5243 ἂν
3300 5192 3495 5258 εἰπεῖν,
3520 5194 3618 5247 καὶ

1941 5268 2143 5324 πλάσαι
2177 5270 2404 5326 τοιαῦτα
2428 5272 2504 5343 τῷ
2531 5272 2702 5343 λόγῳ,
2736 5272 2772 5326 ἃ
2810 5274 3005 5328 πολλοῦ
3027 5275 3093 5330 ἂν
3116 5277 3490 5350 ἐτιμησάμην,
3521 5282 3611 5336 καὶ

1942 5357 2201 5423 πολλάκις
2248 5358 2499 5431 ηὐξάμην
2530 5360 2663 5431 μηδὲ
2684 5358 2799 5424 νῦν,
2823 5361 2911 5414 ὅτε
2934 5362 3181 5432 γέγονεν,
3221 5366 3279 5418 ἐν
3310 5366 3444 5439 ἀκοῇ
3483 5368 3616 5437 γοῦν

1939 5446 2191 5512 δέξασθαι
2212 5449 2364 5520 μόνῃ.
2378 5448 2509 5500 Τότε
2526 5448 2589 5519 δὴ
2605 5450 2697 5502 καὶ
2718 5452 3038 5525 πικρότερον
3052 5454 3614 5525 άνοιμώξας,’οντως,

1940 5537 2098 5608 ἔφην,
2120 5537 2228 5591 τῶν
2246 5537 2322 5608 τῷ
2347 5536 2655 5611 Μιθριδάτῃ
2684 5541 2781 5595 καὶ
2806 5543 2971 5596 πᾶσιν
2994 5543 3219 5608 ἐκείνοις
3236 5546 3614 5618 τολμηθέντων

1939 5626 2175 5698 τοσούτῳ
2212 5625 2380 5679 ταῦτα
2433 5626 2769 5701 ἀνοσιώτερα
2790 5670 2804 5694 ,
2834 5632 2941 5701 ὅσῳ
2973 5632 3068 5708 καὶ
3089 5634 3412 5708 σεμνότερος
3436 5635 3613 5708 πολλῷ

1939 5715 2031 5769 καὶ
2058 5712 2359 5785 ἁγιώτερος
2375 5714 2543 5779 ὁναὸς
2563 5709 2719 5782 οὗτος
2737 5717 2963 5772 ἐκείνου.
2982 5719 3147 5773 Ἀλλά
3165 5721 3326 5787 τίνες,
3352 5723 3469 5777 εἰπέ
3498 5744 3613 5795 μοι,

1938 5803 2034 5855 καὶ
2089 5800 2252 5856 πόθεν
2291 5803 2340 5855 οἰ
2384 5802 2561 5858 ταῦτα
2588 5805 2996 5877 τολμήσαντες;
3043 5810 3138 5863 καὶ
3180 5810 3267 5863 διὰ
3308 5811 3383 5876 τί,
3414 5813 3509 5867 καὶ
3549 5814 3615 5867 ἐκ

2002 5992 2163 6059 f_Duo
2180 6009 2297 6045 mss.
2320 5995 2508 6045 habent
2529 5998 2830 6059 διηγήσαντο.

2002 6051 2281 6124 {puomss
2308 6060 2371 6113 εἰς
2394 6051 2691 6121 φιλοσοφίαν,
2715 6064 2895 6110 omisso
2915 6063 3000 6118 τήν
3033 6062 3134 6110 καθ’
3159 6064 3298 6124 ἡμᾶς.
3316 6063 3446 6114 Edil.
3462 6063 3610 6115 Sal‘il.

1935 6124 1985 6164 el
2013 6115 2185 6165 Morel.
2210 6125 2258 6165 ul
2288 6115 2453 6179 supra,
2474 6115 2629 6169 recte.

2002 6181 2025 6217 8
2052 6179 2132 6228 διε
2153 6193 2267 6229 mss.
2296 6188 2346 6228 cl
2369 6182 2488 6232 edit.
2516 6185 2625 6232 δαν.
2653 6181 2705 6231 In
2727 6184 2801 6232 ed.
2829 6190 2993 6234 autem
3020 6185 3134 6235 Mor.
3160 6187 3240 6235 οὖν
3265 6186 3423 6237 det-sl.
