4516 6696
828 531 927 589 52!

830 646 987 711 ποίας
1024 646 1221 708 αἰτίας,
1254 644 1348 695 καὶ
1386 642 1520 714 πρὸς
1554 640 1605 693 τί
1643 638 1932 709 βλέποντες
1975 639 2100 700 τοὺς
2122 634 2303 696 λίθους
2336 634 2413 696 εἰς
2448 635 2506 685 τὸ

833 736 966 803 ὕψος
990 733 1260 803 βάλλουσι,
1276 731 1371 782 καὶ
1384 728 1620 799 πρόςτδν
1648 725 1875 796 οὐρανὸν
1895 724 2237 787 ἀκοντίζουσι
2265 721 2333 774 τὰ
2349 720 2504 791 βέλη,

834 823 927 876 καὶ
942 820 1020 891 τῷ
1036 820 1135 889 τῆς
1166 819 1392 889 εἰρήνης
1415 813 1709 885 πολεμοῦσι
1734 812 1854 883 Θεῷ
1878 831 1892 880 ;
1922 811 2139 883 Σαμέας
2166 809 2262 879 μὲν
2284 811 2393 877 γὰρ
2411 810 2507 861 καὶ

832 907 1193 980 οίΦαραθαῖοι
1216 908 1309 961 καὶ
1323 907 1372 959 οί
1392 905 1648 975 ἄρχοντες
1667 911 1687 931 ⁸
1717 901 2024 973 Ἀσσυρίων
2040 898 2134 953 καὶ
2155 898 2353 959 πάντες
2366 897 2509 949 ἐκεῖο

834 1014 919 1051 νοι
953 994 1220 1069 βάρϐαροί
1241 1010 1299 1046 τε
1321 988 1484 1063 ἦσαν,
1526 990 1603 1053 ώς
1630 989 1725 1043 καὶ
1755 988 1851 1042 ἀπ’
1891 987 2070 1042 αὐτῶν
2102 986 2206 1039 τῶν
2231 983 2510 1052 ὀνομάτων

837 1083 985 1137 ἐστιν
1000 1084 1147 1146 ίδείν,
1176 1078 1385 1148 καὶτῆς
1408 1076 1712 1148 Ἰουδαϊκῆς
1730 1075 2199 1148 μακράνήσκηντο
2215 1069 2507 1135 πολιτείας,

841 1170 954 1242 [46]
989 1170 1083 1223 καὶ
1100 1168 1203 1221 οὐκ
1223 1166 1508 1221 ἐϐούλοντο
1534 1164 1953 1237 προσοικοῦντες
1984 1163 2166 1222 αὐτοῖς
2194 1157 2289 1212 ἀνθ
2300 1156 2512 1227 ρώπους

837 1261 1169 1333 αὐξομένους
1195 1262 1348 1333 ὀρᾷνο
1380 1259 1479 1330 τὴν
1500 1258 1610 1329 γάρ
1632 1256 1862 1325 δύναμιν
1885 1254 1983 1323 τὴν
2017 1252 2240 1333 ἐκείνων
2362 1248 2512 1316 σφῶν

838 1330 1021 1405 αὐτῶν
1039 1330 1328 1421 ἐξουσίᾲήυ
1349 1346 1533 1400 λοιπὸν
1559 1343 1866 1395 ἐπισκοτεῖν
1899 1337 2083 1409 ᾤοντο⁸
2106 1330 2248 1390 οῦτοι
2276 1334 2331 1387 δὲ
2357 1335 2515 1397 ποίας

840 1439 1029 1503 αὐτοῖς
1068 1436 1379 1508 ἐλευθερίας
1434 1429 1864 1500 ἐλαττουμένης,
1918 1425 2079 1489 ποίας
2110 1423 2515 1494 ἐκκοπτομένης

840 1526 1046 1589 ἀδείας,
1077 1526 1229 1586 τίνας
1269 1521 1378 1575 τῶν
1408 1518 1755 1591 κρατούντων
1790 1514 2246 1588 συμπράττοντας
2280 1511 2515 1582 ἔχοντες,

840 1614 1014 1668 ταῦτα
1050 1611 1358 1682 ἐτόλμησαν
1381 1627 1396 1676 ;
1421 1610 1654 1663 Ἐκεῖνοι
1692 1607 1792 1678 μέν
1814 1605 1923 1677 γάρ
1950 1600 2096 1676 εἶχον
2138 1604 2267 1666 τους
2295 1599 2518 1673 Περσῶν

842 1700 1084 1772 βασιλεῖς
1141 1698 1319 1753 ταυτά
1358 1696 1714 1769 βουλομένους
1778 1694 1999 1756 αὐτοῖς’
2069 1692 2116 1744 οί
2170 1690 2227 1742 δέ
2266 1688 2522 1760 ἡμέτεροι

841 1789 1107 1845 τάναντία
1133 1788 1360 1852 τούτων,
1390 1787 1466 1848 ὡς
1483 1783 1720 1854 ἐμαυτὸν
1745 1780 1938 1840 πείθω,
1967 1780 2059 1831 καὶ
2075 1775 2401 1846 ἐπιθυμοῦσι
2429 1774 2521 1828 καὶ

844 1878 1113 1949 εὔχονται.
1139 1875 1301 1928 Ὅθεν
1332 1874 1426 1927 καὶ
1452 1870 1654 1939 πολλῆς
1692 1866 2089 1939 ἐμπέπλησμαι
2129 1867 2228 1933 τῆς
2261 1863 2518 1932 ἀπορίας,

840 1948 1053 2018 ὅτιτῶν
1072 1962 1336 2034 βασιλέων
1358 1962 1415 2013 ἐν
1459 1956 1713 2027 εὐσεϐείᾳ
1734 1954 1971 2020 ζώντων,
1996 1950 2224 2003 τοιαῦτα
2254 1950 2316 2001 σὺ
2341 1948 2520 2014 λέγεις

842 2054 902 2106 ἐν
934 2032 1126 2123 μέσαις
1151 2047 1453 2118 τολμᾶσθαι
1489 2048 1611 2107 ταῖς
1646 2042 1882 2096 πόλεσιν.
1911 2040 1969 2093 '0
1996 2038 2053 2091 δέ
2083 2053 2265 2107 φησιν·
2305 2034 2402 2086 Ἂν
2426 2032 2521 2085 καί⁸

844 2138 907 2193 τό
920 2122 1109 2192 τούτου
1138 2134 1567 2206 παραδοξότερον
1586 2128 1783 2201 μάθῃς,
1807 2129 1889 2181 ὅτι
1903 2126 1997 2180 καί
2018 2126 2068 2178 οἱ
2098 2124 2271 2177 ταῦτα
2287 2122 2523 2195 δρῶντες

844 2225 1174 2288 εὐσεϐεῖς-τε
1199 2218 1340 2275 εἶναι
1382 2218 1703 2289 βούλονται,
1734 2216 1829 2268 καί
1862 2212 2223 2284 Χριστιανοὺς
2264 2208 2525 2264 καλοῦσιν

842 2314 1065 2378 αὐτοὺς,
1106 2311 1294 2365 πολλοὶ
1323 2311 1381 2364 δέ
1408 2307 1589 2363 αὐτῶν
1616 2307 1711 2360 καὶ
1732 2304 1842 2357 τῶν
1866 2303 1969 2374 ήδη
1995 2300 2364 2373 μεμυημένων
2398 2296 2523 2349 εἰσί·

844 2403 940 2456 καί
968 2420 1053 2465 τις
1080 2399 1258 2455 αὐτῶν
1288 2398 1353 2470 δή
1389 2396 1594 2451 τούτων
1631 2390 1829 2446 πολλοῦ
1867 2391 1961 2444 τοῦ
1985 2388 2233 2443 διαϐόλου
2263 2384 2528 2439 πνεύσανο

846 2508 938 2555 τος
959 2491 1040 2553 είς
1058 2490 1221 2544 αὐτὸν
1256 2488 1304 2554 ιι,
1340 2485 1427 2540 διὰ
1461 2488 1562 2556 τῆς
1604 2484 1809 2555 μιαρᾶς
1842 2478 2095 2549 γλώσσης
2130 2475 2344 2546 ἐκείνης
2380 2472 2530 2526 ἐτόλ-

850 2595 1027 2650 μησεν
1068 2578 1263 2639 είπεῖν,
1301 2576 1384 2628 ὅτι
1432 2572 1529 2627 καὶ
1556 2573 1653 2643 τῆς
1699 2570 1939 2630 πίστεως
1989 2564 2394 2633 ἀποστήσεται,
2433 2562 2526 2613 καὶ

848 2645 1076 2718 θύσεται
1114 2664 1387 2733 δαίμοσιν·
1435 2654 1840 2725 ἀποπνίγεσθαι
1877 2653 1987 2722 γὰρ
2019 2650 2161 2723 ὁρῶν
2206 2645 2526 2719 ἀνθρώπους

850 2751 1166 2822 ἐλευθέρους
1203 2749 1297 2803 καὶ
1320 2747 1563 2815 εὐγενεῖς
1593 2744 1689 2798 καὶ
1721 2739 2056 2811 δυναμένους
2085 2740 2143 2791 ἐν
2186 2738 2365 2807 τρυφῇ
2403 2733 2524 2805 ζῇν,

849 2840 943 2893 ἐπὶ
962 2838 1052 2893 τὸν
1081 2836 1315 2908 σκληρὸν
1349 2834 1536 2888 τοῦτον
1573 2829 1874 2902 ἀγομένους
1910 2826 2043 2897 βίον.
2070 2824 2258 2880 Ταῦτα
2289 2824 2529 2887 ἀκούσας

850 2925 962 2997 ἐγὼ
987 2926 1235 2995 ἐπλήγην
1267 2940 1327 2976 τε
1352 2920 1567 2993 πληγὴν
1594 2916 2004 2989 χαλεπωτέραν,
2022 2914 2117 2968 καὶ
2149 2914 2251 2967 ὅσα
2274 2912 2383 2965 ἀπὸ
2404 2911 2530 2965 τού⁴

851 3031 945 3068 του
996 3012 1145 3067 κακά
1187 3006 1610 3079 στοχαζόμενος,
1655 3008 1756 3076 τήν
1801 3021 1861 3056 τε
1906 3001 2232 3072 οἰκουμένην
2273 2999 2534 3069 ἐθρήνουν

853 3102 1091 3160 ἃπασαν.
1112 3100 1205 3154 καὶ
1240 3098 1379 3170 πρὸς
1408 3096 1498 3150 τὸν
1529 3094 1662 3148 Θεὸν
1700 3093 1907 3161 ἔλεγον·
1929 3087 2100 3161 τΑρον
2116 3087 2215 3159 τὴν
2228 3087 2407 3158 ψυχήν
2436 3103 2536 3157 μου

852 3189 947 3243 ἀπ’
971 3187 1128 3260 ἐμοῦ,
1148 3189 1243 3241 καὶ
1261 3188 1326 3240 ἐκ
1342 3185 1450 3239 τῶν
1467 3180 1723 3251 ἀναγκῶν
1742 3197 1847 3251 μου
1870 3176 2111 3247 ἐξάγαγέ
2137 3193 2225 3246 με,
2242 3175 2337 3227 καὶ
2361 3173 2538 3227 ἀπάλ-

852 3277 1013 3342 λαξον
1040 3276 1139 3347 τῆς
1174 3275 1447 3345 ἐπικήρου
1474 3271 1678 3341 ταύτης
1720 3268 1869 3339 ζωῆς
1890 3308 1905 3332 ,
1940 3267 2036 3321 καὶ
2064 3264 2202 3335 πρὸς
2237 3262 2327 3317 τὸν
2364 3262 2539 3332 χῶρον

861 3364 1202 3436 μετάστησον
1228 3364 1459 3426 ἐκεῖνον,
1485 3358 1615 3413 ἔνθα
1636 3355 1875 3411 τοιοῦτον
1890 3354 2044 3409 οὐδὲν
2072 3351 2196 3406 οὔτε
2212 3351 2299 3403 ἐτε
2308 3367 2400 3421 ρος
2425 3351 2541 3420 ἐρεῖ

860 3470 970 3517 τις,
999 3450 1122 3503 οὔτε
1149 3449 1453 3518 ἀκούσομαι
1503 3445 1633 3515 ἐγώ.
1679 3441 1808 3498 Οίδα
1842 3443 1937 3514 μὲν
1961 3441 2090 3511 γὰρ,
2119 3440 2202 3493 ὅτι
2234 3436 2538 3492 ἀπελθόντα

864 3538 1116 3594 ἐντεῦθεν
1142 3538 1203 3591 τὸ
1235 3537 1425 3598 σκότος
1450 3533 1746 3597 διαδέξεται
1778 3531 1839 3584 τὸ
1875 3526 2158 3599 ἐξώτερον,
2197 3525 2326 3578 ἔνθα
2374 3522 2540 3586 πολὺς

857 3637 887 3683 ό
910 3626 1187 3698 κλαυθμὸς
1217 3624 1311 3679 καὶ
1344 3626 1372 3677 ὁ
1403 3622 1648 3694 βρυγμὸς
1690 3619 1800 3674 τῶν
1824 3617 2072 3670 ὀδόντωνο
2097 3613 2211 3668 ἀλλ’
2238 3613 2390 3684 ἥδιον
2418 3612 2542 3683 ἐμοὶ

862 3714 1165 3786 βρυχόντων
1183 3710 1402 3766 ἀκούειν
1418 3709 1663 3772 ὀδόντων,
1680 3708 1715 3777 ἢ
1744 3704 1969 3760 τοιαῦτα
1993 3702 2269 3773 ἠχούντων
2298 3702 2539 3771 ῥήματα.

861 3800 1009 3855 Ἰδὼν
1028 3801 1086 3854 δέ
1112 3817 1180 3871 με
1208 3797 1508 3852 πενθοῦντα
1539 3797 1743 3856 ἐκεῖνος
1763 3791 2031 3862 σφοδρῶς,
2061 3788 2202 3842 Ἀλλ’
2218 3788 2279 3841 ού
2314 3788 2540 3852 τούτων,

859 3891 1047 3959 φησὶν,
1083 3889 1112 3941 ὁ
1140 3885 1333 3957 καιρὸς
1365 3882 1482 3937 νῦν·
1511 3882 1635 3934 οὐδὲ
1669 3880 1778 3950 γάρ
1807 3878 1871 3948 δή
1898 3877 2024 3939 τοὺς
2058 3874 2404 3936 ἀπολωλότας
2452 3873 2545 3926 καὶ

861 3973 1268 4044 ἀπολλυμένους
1281 3973 1395 4034 τοῖς
1414 3970 1647 4040 δάκρυσι
1661 3967 1873 4028 τούτοις
1900 3960 2317 4031 ἀνακτήσασθαι
2339 3960 2544 4030 δυνήσῃ

863 4063 1020 4117 ποτέ*
1040 4061 1134 4115 καὶ
1161 4060 1270 4131 γάρ
1292 4054 1446 4129 οἶμαι
1475 4058 1549 4127 μὴ
1584 4052 1960 4126 στήσεσθαιτὸ
1973 4050 2301 4119 δεινόν.Χρὴ
2328 4047 2385 4100 δέ
2414 4048 2547 4118 ὁρᾷν

862 4154 1012 4216 ὅπως
1028 4151 1314 4221 σϐέσωμεν
1335 4148 1431 4219 τὴν
1468 4146 1669 4216 πυράν,
1695 4144 1788 4197 καὶ
1820 4144 2108 4213 στήσωμεν
2140 4140 2234 4192 τὸν
2268 4138 2547 4208 λοιμὸν,τό

864 4258 929 4309 γε
950 4240 1218 4311 ἡμέτερον
1242 4237 1422 4308 μέρος
1451 4233 1546 4287 καὶ
1567 4230 1622 4283 εῐ
1642 4232 1706 4299 γέ
1740 4230 1832 4300 μοί
1857 4247 1911 4281 τι
1925 4229 2154 4293 πείθοιο,
2171 4228 2280 4280 τῶν
2296 4226 2546 4298 ὀδυρμῶν

862 4332 1070 4386 τούτων
1090 4330 1385 4401 ἀφέμενος,
1414 4326 1647 4397 ἕργασαι
1672 4321 1835 4390 λόγον
1866 4319 2187 4391 παραίνεσιν
2218 4318 2408 4388 ἔχοντα
2436 4320 2547 4379 τοῖς

864 4420 1081 4474 νοσοῦσι
1114 4417 1208 4471 καὶ
1244 4414 1615 4478 στασιάζουσι,
1647 4409 1783 4481 πρός
1808 4426 1870 4461 τε
1902 4408 2003 4479 τήν
2041 4405 2278 4469 ἑαυτῶν,
2314 4404 2450 4476 πρός
2487 4422 2545 4457 τε

865 4509 965 4581 τήν
994 4507 1179 4578 κοινὴν
1198 4505 1455 4559 ἀπάντων
1475 4499 1748 4570 σωτηρίαν
1766 4495 2094 4567 ἀνθρώπων.
2125 4495 2233 4546 Καὶ
2257 4494 2319 4545 τὸ
2349 4492 2550 4563 βιϐλίον

868 4598 981 4668 ἐγὼ
1012 4582 1172 4651 τοῦτο
1205 4592 1410 4657 λαϐὼν,
1448 4590 1562 4645 ἀντ’
1592 4589 1751 4644 ἄλλου
1784 4587 1928 4650 τινὸς
1979 4584 2268 4656 φαρμάκου
2290 4586 2412 4646 ταῖς
2444 4584 2552 4637 τῶν

870 4685 1188 4758 καμνόντων
1201 4683 1412 4754 ἐνθήσω
1426 4691 1447 4718 ο
1464 4678 1641 4751 χερσί*
1657 4676 1751 4730 καὶ
1767 4674 1877 4746 γάρ
1891 4675 1997 4727 εἰσί
2016 4691 2104 4744 μοι
2116 4671 2223 4725 τῶν
2239 4672 2306 4723 τά
2334 4671 2554 4724 τοιαῦτα

870 4773 1168 4848 νοσούντων
1197 4771 1340 4841 φίλοι
1371 4767 1576 4831 πολλοὶ,
1598 4766 1691 4819 καὶ
1709 4762 1993 4828 ἀνέξονται
2020 4760 2265 4813 ἐπελθεῖν
2284 4760 2377 4811 καὶ
2408 4757 2555 4822 ἀπαξ

874 4863 969 4914 καὶ
997 4861 1079 4923 δὶς
1115 4846 1211 4913 καὶ
1240 4856 1520 4917 πολλάκις,
1552 4854 1646 4905 καὶ
1671 4848 1785 4905 οἶδα
1811 4852 1893 4905 ὅτι
1915 4849 2124 4919 ταχέως
2155 4846 2552 4913 ἀπαλλάξονται

874 4949 969 5003 τοῦ
990 4946 1203 5018 λοιμοῦ.
1239 4945 1310 4997 Σὺ
1349 4944 1468 5014 μὲν,
1502 4940 1656 5009 έφην,
1682 4940 1818 5010 πρὸς
1845 4937 1904 4991 τό
1948 4937 2146 5008 μέτρον
2197 4934 2296 5002 τῆς
2337 4935 2554 5003 ἀγάπης

875 5036 971 5089 καὶ
995 5036 1065 5089 τά
1084 5035 1184 5105 τῆς
1209 5031 1496 5101 δυνάμεως
1521 5030 1621 5098 τῆς
1648 5026 1921 5097 ἡμετέρας
1950 5026 2186 5096 μετρεῖςσ
2214 5023 2335 5093 ἐμοὶ
2351 5023 2407 5075 δέ
2433 5020 2554 5073 οὔτε

879 5122 1109 5194 πάρεστί
1134 5138 1217 5184 τις
1248 5120 1420 5187 λόγων
1453 5116 1627 5187 ἰσχὺς,
1661 5116 1728 5184 τῇ
1753 5129 1811 5164 τε
1834 5110 1973 5164 εἶναι
1994 5110 2224 5184 δοκούσῃ
2246 5110 2555 5180 χρήσασθαι

880 5211 961 5272 εἰς
982 5208 1235 5262 ὑπόθεσιν
1258 5205 1512 5275 τοιαύτην
1543 5201 1892 5273 αἰσχύνομαι,
1918 5197 2075 5251 ἄλλον
2106 5198 2201 5266 μὲν
2241 5198 2431 5249 οὐδένα
2463 5215 2555 5249 το-

884 5297 1092 5363 σοῦτον,
1128 5295 1393 5365 ’Έλληνας
1429 5294 1490 5346 δέ
1551 5292 1831 5355 ἅπαντας,
1867 5289 1993 5353 τούς
2043 5304 2101 5340 τε
2145 5288 2302 5351 ὄντας
2328 5288 2453 5350 τούς
2495 5305 2554 5339 τε

882 5386 1314 5457 ἐπιγινομένους,
1360 5381 1452 5446 οὒς
1490 5383 1576 5435 ἀεὶ
1605 5381 1711 5435 τῶν
1733 5381 2019 5451 δογμάτων
2060 5378 2159 5447 οὑχ
2194 5373 2354 5449 ἧττον
2387 5376 2413 5415 (ί
2465 5376 2557 5429 ἐπὶ

946 5548 972 5576 ⁸
1000 5545 1111 5595 Duo
1133 5558 1249 5593 mss.
1272 5544 1544 5608 Φαρασθεοὶ
1572 5542 1653 5590 καὶ
1687 5544 1731 5589 ot
1766 5539 1922 5603 ἄρχοι.
1956 5538 2074 5587 Hac
2102 5534 2302 5586 nomina
2329 5542 2559 5598 corrupta

882 5616 1021 5667 sunt;
1047 5608 1156 5655 vide
1183 5606 1429 5663 Esdrae'w,
1454 5606 1505 5652 9.

943 5670 983 5692 "
1010 5660 1093 5719 Sic
1105 5670 1217 5718 Sav.
1232 5684 1284 5718 el.
1304 5660 1425 5717 Mor.
1438 5668 1548 5717 Duo
1567 5670 1737 5717 autem
1756 5664 1965 5719 mssa-Pw
1988 5663 2119 5723 σφῶν
2140 5660 2553 5723 αὐτῶν-ἐξουσίαν.

884 5734 1039 5783 Paulo
1059 5736 1308 5794 postnnus
1322 5731 1460 5794 ποίας
1470 5730 1647 5787 αὐτοῖς,
1660 5739 1773 5794 ςιιιξθ
1792 5738 1903 5773 vera
1919 5721 2173 5794 lecti'qest.
2198 5723 2286 5794 yid.
2302 5721 2414 5794 δαν.
2434 5721 2552 5769 Mor.

884 5802 937 5844 et
955 5794 1020 5843 al.
1044 5785 1151 5842 (30d.
1178 5793 1317 5849 ποίας
1337 5793 1480 5849 αὐτῆς
1501 5785 1647 5841 male.
1662 5785 2086 5849 l'nfraunusrap‘ta
2109 5785 2492 5849 βουλευομένους.

946 5856 973 5893 b
999 5856 1081 5904 Sic
1100 5855 1252 5905 SaVil.
1288 5846 1341 5903 (ἐι
1375 5846 1568 5911 Μοιριη
1605 5853 1692 5901 sed
1728 5852 1791 5905 εἰς
1817 5850 1957 5896 αὐτόν
1982 5846 2130 5911 deest
2159 5847 2207 5911 in
2230 5846 2421 5893 duobus
2440 5859 2553 5893 mss.

886 5918 1039 5980 Paulo
1056 5924 1166 5980 post
1185 5918 1283 5966 duo
1309 5930 1421 5964 mss.
1442 5922 1494 5963 et
1516 5909 1665 5980 Savil.
1688 5916 1747 5980 in_
1766 5925 1913 5980 marg.
1929 5910 2070 5980 ,θύσει
2094 5909 2331 5980 δαίμοσιν.

948 5983 969 6009 ο
996 5970 1146 6027 Sa'vil.
1176 5988 1230 6027 et
1253 5992 1379 6028 unus
1398 5979 1670 6038 καμνόντων
1694 5976 1845 6037 φέρων
1878 5972 2076 6027 ἐνθήσω.
2102 5970 2275 6018 Morel.
2314 5974 2477 6017 autem
2506 5974 2556 6015 et

882 6042 1011 6095 alius
1034 6049 1087 6088 ιιι
1111 6054 1257 6101 supra
1490 6046 1501 6056 °

944 6103 971 6143 δ
998 6104 1079 6152 Sic
1102 6092 1252 6150 Sahl.
1281 6111 1333 6150 et
1360 6117 1457 6150 m-s
1496 6105 1654 6160 recte,
1679 6099 1849 6147 Morel.
1883 6108 1999 6143 vero
2021 6095 2098 6149 οὓς
2120 6093 2207 6155 οὐχ
2227 6092 2385 6153 ἧττον,
2407 6093 2552 6141 0m]:-

886 6171 953 6216 εἰς
978 6163 1287 6215 inlermediis

1628 524 1683 577 S.
1728 522 2016 577 JOANNIS
2054 515 2549 577 CllliYSOSTOMl
2590 515 2909 571 ARCHIEP.
2950 509 3497 572 CONSTANTIBOP.

4187 505 4291 558 5'22

2612 634 2677 703 τῇ
2707 629 2801 683 τοῦ
2856 628 2970 699 βίου
3025 631 3298 703 διασύρων
3338 626 3598 701 ῥᾳθυμίᾳ,
3629 623 3722 673 νῖν
3752 626 3819 675 τά
3847 624 4095 693 ἡμέτερα
4126 621 4291 684 ἀνάγ.

2616 720 2850 788 χάζομαι
2874 714 3083 780 διδάξαι
3121 718 3288 770 κακά.
3325 718 3388 769 Εἰ
3415 714 3521 785 γὰρ
3554 710 3845 764 αἴσθωνταί
3886 725 4035 771 τινες
4068 706 4296 761 ἐκείνων

2614 811 2694 862 ὅτι
2718 804 2867 875 παρά
2889 803 3237 875 Χριστιανοῖς
3252 805 3360 856 εἰσί
3376 821 3519 867 τινες
3539 801 3814 873 ἄνθρωποι
3840 798 3984 850 οῦτω
3999 798 4144 868 πρὸς
4168 796 4297 866 ἀρε-

2613 895 2711 963 τὴν
2730 895 2821 947 καί
2838 889 3155 960 φιλοσοφίαν
3185 891 3728 961 ἐκπεπολεμωμένοι,
3755 886 3831 949 ὡς
3872 884 3949 956 μὴ
3994 886 4163 955 μόνον
4188 884 4298 936 τῶν

2615 980 2757 1050 ὑπὲρ
2785 978 2986 1049 ταύτης
3032 974 3364 1044 ἀφίστασθαι
3408 975 3519 1048 [47]
3560 978 3765 1037 πόνων,
3800 971 3936 1026 ἀλλά
3987 972 4131 1041 μηδὲ
4171 971 4299 1033 τοὺς

2617 1068 2757 1139 ὑπὲρ
2790 1067 2995 1120 τούτων
3026 1061 3313 1133 ἀνέχεσθαι
3341 1061 3555 1131 λόγους,
3601 1066 3697 1118 καὶ
3735 1062 3853 1116 οὐδὲ
3890 1058 4130 1113 ἐνταῦθα
4166 1059 4300 1126 στῆ-

2614 1170 2702 1207 ναι
2738 1154 2838 1224 τῆς
2874 1152 3069 1223 μανίας
3111 1149 3410 1219 ἀνέχονται,
3450 1149 3588 1202 ἀλλά
3618 1151 3723 1204 κᾶν
3764 1148 3949 1220 ἕτερός
3984 1162 4073 1209 τις
4124 1144 4301 1197 ταῦτα

2618 1241 2964 1315 συμϐουλεύῃ
2994 1241 3090 1295 καί⁵
3114 1237 3444 1306 διαλέγηται,
3469 1237 3564 1287 καὶ
3590 1238 3781 1291 τοῦτον
3834 1235 4103 1292 πάντοθεν
4145 1233 4305 1285 ἐλαύ·
4410 1272 4415 1277 .

2616 1345 2821 1384 νουσινο
2874 1329 2939 1382 ἀν
2982 1327 3155 1381 ταῦτα
3180 1324 3493 1387 αἴσθωνται,
3521 1323 3735 1377 δέδοικα
3770 1329 3847 1397 μή
3883 1343 4016 1380 ποτε
4047 1322 4183 1377 οὒτε
4212 1324 4307 1375 ἀν-

2619 1415 2872 1487 θρώπους
2901 1415 3049 1484 ἡμᾶς
3077 1409 3217 1467 εἶναι
3267 1410 3580 1481 νομίσωσιν,
3609 1409 3744 1462 ἀλλά
3774 1412 3943 1483 θηρία
3974 1412 4073 1466 καὶ
4096 1410 4308 1477 τέρατα

2619 1504 3084 1576 ἀνθρωπόμορφα,
3116 1505 3213 1556 καὶ
3248 1498 3504 1571 δαίμονάς
3538 1514 3691 1560 τινας
3713 1497 4050 1571 ἀλάστορας,
4086 1498 4192 1552 καὶ
4215 1498 4311 1565 τῆς

2621 1593 2809 1663 κοινῆς
2837 1590 3051 1659 φύσεως
3092 1589 3343 1660 ἐχθροὺς,
3377 1588 3471 1641 καὶ
3505 1584 3709 1654 ταύτην
3730 1584 3793 1636 ού
3829 1587 3961 1656 περὶ
3986 1589 4102 1640 τῶν
4139 1587 4315 1637 ὑπευο

2624 1678 2798 1731 θύνων
2845 1677 3023 1748 μόνον,
3068 1675 3206 1728 ἀλλά
3253 1678 3348 1730 καὶ
3388 1674 3515 1745 περὶ
3555 1670 3756 1733 παντὸς
3787 1671 3947 1741 ήμῶν
3980 1674 4081 1725 τοῦ
4123 1672 4315 1733 ἔθνους

2622 1766 2719 1837 τὴν
2740 1766 2917 1835 ψῆφον
2941 1762 3228 1829 ἐνέγκωσι.
3249 1764 3360 1816 Καὶ
3374 1762 3609 1830 γελάσας
3635 1760 3861 1821 ἐκεῖνος,
3889 1758 4149 1824 Παίζεις,
4189 1760 4315 1827 ἔφη,

2622 1852 2795 1906 ταῦτα
2811 1851 3000 1919 λέγων’
3022 1849 3134 1917 ἐγὼ
3161 1850 3271 1921 γὰρ
3324 1851 3419 1904 νῦν
3443 1849 3633 1903 τούτου
3664 1864 3744 1900 σοι
3766 1846 4163 1916 εὐκαιρότερον
4186 1848 4317 1916 ἐρῶ,

2622 1939 2675 1990 εί
2694 1956 2757 2006 γε
2777 1939 3017 1999 δέδοικας
3053 1936 3129 2007 μὴ
3156 1938 3309 2008 παρά
3341 1938 3452 1990 τῶν
3482 1937 3589 1990 σῶν
3619 1935 3790 2002 λόγων
3836 1932 4091 2004 μάθωσιν
4140 1934 4182 1987 ἃ.
4234 1934 4323 1985 διὰ

2620 2026 2729 2077 τῶν
2756 2024 2933 2094 ἔργων
2960 2023 3165 2094 ἔμαθον
3194 2025 3435 2088 ἅπαντες
3466 2024 3651 2078 πάλαι.
3681 2022 3893 2091 Ὥσπερ
3909 2021 4023 2091 γάρ
4052 2036 4213 2082 τινος
4231 2037 4323 2072 πο-

2623 2106 2788 2182 νηροῦ
2827 2110 3136 2179 πνεύματος
3179 2110 3282 2173 τάς
3328 2110 3585 2163 ἀπάντων
3639 2106 4068 2178 πεπληρωκότος
4115 2106 4323 2175 ψυχὰς,

2625 2200 2767 2254 οὓτω
2810 2199 2880 2253 τὰ
2931 2199 3151 2251 πάντων
3194 2196 3446 2266 στόματα
3496 2197 3703 2250 τούτων
3736 2195 3894 2265 γέμει
3940 2192 4055 2245 τῶν
4102 2192 4291 2260 λόγων

2628 2289 2734 2342 κᾶν
2766 2288 2846 2350 είς
2864 2286 3071 2357 ἁγοράν
3099 2283 3363 2356 ἐμϐάλῃς,
3383 2284 3528 2354 ὄψει,
3556 2286 3651 2339 καί
3679 2286 3736 2336 ἐν
3763 2285 3875 2345 τοῖς
3909 2280 4328 2351 ίατρείοις,κᾶ,

2629 2374 2687 2427 ἐν
2718 2373 2882 2427 παντί
2903 2373 3056 2444 μέρει
3081 2372 3181 2442 τῆς
3210 2371 3419 2434 πόλεως
3442 2411 3457 2436 ,
3494 2370 3624 2425 ἔνθα
3669 2368 4004 2438 συνεδρεύειν
4057 2365 4328 2420 εἰώθασιν

2629 2463 2679 2513 οί
2710 2460 2971 2532 πράττειν
2997 2460 3150 2513 οὐδὲν
3179 2459 3477 2523 ἐθέλοντες,
3534 2459 3701 2511 πολὺν
3744 2456 3953 2526 γέλωτα
3986 2452 4152 2524 παρὰ
4187 2454 4327 2506 πάν-

2627 2563 2736 2599 των
2780 2546 3117 2617 κινούμενον.
3147 2547 3214 2599 Ἡ
3244 2545 3301 2598 δὲ
3325 2544 3419 2598 τοῦ
3443 2545 3676 2613 γέλωτος
3695 2544 3881 2597 τούτου
3913 2544 4008 2596 καὶ
4039 2542 4148 2610 τῆς
4174 2559 4327 2609 κωμ-

2628 2634 2796 2703 ῳδίας
2829 2635 3108 2698 ὑπόθεσις,
3141 2635 3250 2687 τῶν
3294 2635 3375 2697 είς
3414 2634 3540 2697 τοὺς
3560 2633 3747 2702 ἁγίους
3772 2630 3968 2701 ἀνδρας
3998 2630 4329 2702 είργασμέ-

2628 2739 2736 2775 νων
2760 2721 2880 2774 ἐστί
2903 2722 2973 2774 τά
2996 2722 3309 2793 διηγήματα
3328 2732 3374 2773 ε.
3403 2720 3673 2792 Καθάπερ
3695 2722 3803 2791 γάρ
3824 2736 3965 2782 τινες
3984 2718 4326 2788 πολεμισταὶ

2632 2808 2835 2871 πολλὰς
2870 2808 3136 2877 ήνυκότες
3196 2809 3395 2879 μάχας,
3443 2809 3539 2861 καὶ
3582 2808 3821 2878 τρόπαια
3855 2809 4187 2877 στήσαντες,
4227 2806 4324 2869 τὰς

2634 2896 2845 2949 ἐαυτῶν
2866 2895 3155 2967 ἀριστείας
3195 2895 3546 2967 διηγούμενοι
3576 2895 3879 2965 χαίρουσιν,
3927 2894 4074 2946 οὕτω
4109 2893 4183 2964 δὴ
4235 2897 4328 2945 καὶ

2633 2976 2785 3036 οῦτοι
2831 2984 3122 3051 γάννυνται
3164 2982 3260 3034 ἐπὶ
3298 2985 3411 3045 τοῖς
3438 2981 3753 3052 τολμήμασι
3804 2983 3915 3043 τοῖς
3962 2980 4207 3033 ἑαυτῶνο
4234 2982 4327 3032 καὶ

2637 3070 2842 3141 ἀκούσῃ
2887 3069 2981 3122 τοῦ
3025 3069 3127 3140 μὲν
3171 3068 3422 3136 λέγοντος
3463 3071 3567 3134 ὃτι,
3598 3068 3741 3134 Ἐγὼ
3767 3069 3977 3137 πρῶτος
4012 3069 4110 3121 καὶ
4134 3071 4329 3138 χεῖρας

2641 3160 2903 3214 ἐπέϐαλον
2952 3161 3043 3212 ἐπὶ
3078 3159 3168 3213 τὸν
3209 3158 3359 3211 δεῖνα
3404 3159 3498 3212 τὸν
3540 3159 3792 3229 μοναχὸν,
3830 3159 3927 3211 καί⁸
3978 3157 4208 3226 πληγάς
4246 3160 4331 3208 ἐν·

2640 3252 2838 3303 έτεινα·
2877 3250 3061 3321 ἐτέρου
3107 3248 3164 3302 δέ
3203 3250 3323 3313 ὅτι,
3355 3250 3429 3302 Τὸ
3476 3249 3819 3317 καταγώγιον
3858 3249 3964 3319 πρὸ
3995 3248 4107 3300 τῶν
4152 3247 4331 3302 ἄλλων

2640 3333 2699 3391 εὖ
2709 3355 2798 3409 ρον
2819 3338 2980 3400 αὑτός
3000 3353 3014 3367 ⁸
3038 3337 3197 3390 Ἀλλά
3211 3338 3301 3391 τὸν
3327 3337 3589 3407 δικαστὴν
3612 3336 3722 3405 ἐγὼ
3742 3336 3937 3406 μᾶλλον
3959 3334 4071 3388 τῶν
4098 3334 4283 3389 ἄλλων
4308 3333 4329 3372 ⁵

2641 3425 2960 3497 παρώξυνα,
2999 3428 3161 3495 φησὶν
3202 3426 3405 3497 ἕτεροςο
3437 3425 3597 3488 ἄλλος
3626 3425 3688 3477 τὸ
3723 3425 4099 3495 δεσμωτήριον
4144 3424 4332 3476 καὶτὰ

2640 3517 2698 3567 ἐν
2725 3513 2801 3584 τῷ
2822 3514 3182 3583 δεσμωτηρίῳ
3210 3512 3379 3577 δεινά,
3399 3514 3493 3566 καὶ⁸
3522 3512 3585 3565 τὸ
3611 3511 3700 3565 διὰ
3728 3512 3827 3582 τῆς
3852 3514 4062 3582 ἀγορᾶς
4101 3511 4333 3563 ἑλκύσαι

2639 3602 2767 3664 τοὺς
2818 3600 3006 3668 ἁγίους
3055 3601 3299 3663 ἐκείνους
3357 3602 3415 3652 ἐν
3468 3600 3743 3669 ὲγκωμίου
3771 3599 3977 3651 τίθεται
4014 3598 4202 3668 μέρει’
4239 3601 4333 3650 καὶ

2642 3691 2795 3754 ἄλλος
2816 3690 2964 3745 ἀλλο.
2994 3688 3130 3743 Εἶτα
3149 3688 3349 3751 πάντες
3364 3688 3834 3757 ἀνακαγχάζουσιν
3850 3688 3941 3739 ἐπὶ
3961 3687 4204 3747 τούτοις.
4224 3688 4332 3739 Καὶ

2641 3780 2811 3832 ταῦτα
2838 3780 2934 3848 μὲν
2963 3780 3019 3831 ἐν
3045 3780 3158 3840 τοῖς
3182 3777 3293 3829 τῶν
3318 3777 3659 3845 Χριστιανῶν
3689 3776 4002 3847 συνεδρίοις
4020 3776 4074 3828 οί
4096 3775 4156 3827 δὲ
4196 3776 4330 3826 Ἕλ-

2643 3868 2801 3935 ληνες
2834 3866 2929 3918 καὶ
2959 3865 3185 3927 τούτους
3212 3863 3437 3932 γελῶσι,
3461 3863 3555 3915 καὶ
3588 3864 3713 3925 τοὺς
3734 3863 3822 3915 ὑπ’
3855 3862 4038 3915 αὐτῶν
4068 3860 4333 3931 γελωμέ-

2645 3973 2787 4020 νους’
2811 3958 2939 4019 τοὺς
2972 3956 3094 4026 μὲν,
3118 3954 3203 4021 ἐφ’
3234 3948 3319 4015 οἷς
3340 3952 3595 4023 ἔδρασαν,
3622 3950 3747 4013 τοὺς
3774 3950 3831 4002 δὲ
3865 3952 3951 4018 ἐφ’
3988 3945 4074 4011 οἷς
4104 3949 4330 4002 ἔπαθον·

2648 4044 2743 4098 καὶ
2780 4043 3015 4114 πολέμου
3063 4042 3211 4105 τινὸς
3254 4039 3520 4110 ἐμφυλίου
3570 4039 3641 4093 τέά
3694 4039 3875 4092 πάντα
3913 4039 4332 4108 ἐμπέπλησται,

2652 4131 2849 4203 μᾶλλον
2881 4131 2939 4185 δὲ
2970 4131 3140 4183 ταῦτα
3174 4129 3388 4183 ἐκείνου
3443 4125 3624 4195 πολλῷ
3674 4124 4054 4195 χαλεπώτερα.
4093 4126 4338 4178 Ἐκεῖνον

2652 4223 2751 4294 μὲν
2778 4221 2886 4292 γάρ
2908 4222 2956 4273 οί
2978 4220 3388 4289 πολεμήσαντες
3403 4216 3496 4269 τὸν
3522 4215 3777 4285 πόλεμον,
3796 4215 3924 4266 ὅταν
3948 4214 4083 4266 ποτέ
4108 4212 4244 4265 ῦστε
4254 4232 4339 4284 ρον

2648 4308 3066 4380 ἀναμνησθῶσιν
3092 4304 3281 4369 αὐτοῦ,
3311 4307 3424 4367 τοῖς
3444 4321 3503 4356 τε
3532 4303 3881 4372 κεκινηκόσιν
3896 4301 4060 4354 αὑτὸν
4087 4303 4339 4371 ἐπαρῶνο

2648 4416 2739 4452 ται
2766 4396 2957 4458 πολλὰ,
2991 4396 3085 4447 καὶ
3115 4390 3330 4461 δαίμονί
3356 4407 3461 4443 τινι
3488 4390 3792 4461 πονηρῴτά
3813 4391 3871 4442 ἐν
3890 4388 4041 4457 αὐτῷ
4066 4390 4339 4458 γενόμενα

2653 4486 2869 4539 ᾶπαντα
2914 4480 3250 4535 ἀνατιθέασν
3298 4480 3540 4533 κάκεῖνοι
3583 4478 3684 4549 μὲν
3728 4477 3889 4531 πλέον
3923 4494 3977 4530 τι
4011 4477 4125 4530 τῶν
4159 4476 4338 4531 ἄλλων

2654 4572 3017 4643 αἰσχύνονται,
3064 4570 3283 4639 ὅσῳπερ
3313 4568 3380 4621 ἂν
3415 4570 3474 4621 ἐν
3524 4566 3672 4638 αύτῷ
3706 4567 3869 4620 πλέον
3910 4585 3963 4619 τι
4004 4566 4118 4618 τῶν
4161 4565 4341 4618 ἀλλων

2654 4662 3028 4733 ἐργάσωνται·
3064 4648 3210 4709 οῦτοι
3243 4657 3301 4709 δὲ
3328 4656 3423 4709 καὶ¹
3456 4654 3957 4724 ἐγκαλλωπίζονται
3991 4655 4109 4715 τοῖς
4134 4653 4341 4721 1:019};-

2658 4764 2814 4820 μασι.
2840 4745 2948 4797 Καὶ
2962 4745 3023 4797 οὑ
3052 4744 3209 4797 τοῦτο
3235 4744 3415 4813 μόνον,
3438 4745 3522 4796 ὅτι
3547 4745 3905 4810 ἐναγέστερος
3929 4733 4086 4802 οὗτος
4124 4741 4338 4792 ἐκείνοι

2654 4839 2683 4890 ὀ
2713 4834 2965 4903 πόλεμος,
2989 4832 3108 4885 οὐδὲ
3138 4833 3219 4884 ὅτι
3242 4830 3379 4899 πρὸς
3402 4831 3589 4897 ἀγίους
3613 4831 3707 4881 καὶ
3721 4828 3873 4880 οὐδὲν
3896 4826 4233 4896 ἠδικηκότας
4254 4828 4341 4893 γίο

2654 4940 2804 4978 νεται
2827 4922 3003 4992 μόνον,
3024 4920 3135 4975 ἀλλ’
3155 4921 3238 4972 ὅτι
3268 4918 3516 4987 καὶπρὸς
3543 4916 3864 4984 ἀνθρώπους
3902 4916 4075 4966 ποιεῖν
4121 4914 4227 4983 μὲν
4251 4916 4340 4967 αὖ.

2658 5011 2790 5064 δένα
2812 5009 3017 5071 εἰδότας
3041 5006 3253 5070 κακῶς,
3284 5004 3515 5073 πάσχειν
3554 5002 3611 5055 δὲ
3648 5002 4208 5072 παρεσκευασμένους
4245 5003 4339 5073 μό-

2656 5116 2767 5152 νον.

2729 5200 3083 5273 γ’,Ἐπίσχες,
3120 5203 3278 5273 ἔφην,
3312 5201 3554 5269 ἐπίσχες·
3578 5197 3669 5250 καὶ
3700 5197 3810 5266 γὰρ
3836 5196 3929 5249 καὶ
3956 5196 4161 5251 τούτων
4207 5202 4337 5269 ἡμῖν

2659 5292 2778 5355 ἅλις
2800 5290 2946 5343 ετῶν
2965 5290 3335 5360 διηγημάτων,
3352 5286 3479 5355 εἴγε
3497 5287 3571 5355 μὴ
3596 5282 3873 5345 παντελῶς
3909 5300 3972 5354 με
3994 5284 4018 5323 ιι
4032 5286 4335 5338 ἐκπνεῦσαι

2658 5382 2787 5434 δέοι⁸
2821 5377 2956 5432 ἀλλά
2983 5378 3184 5448 μικρὰν
3206 5376 3336 5445 γοῦν
3356 5391 3477 5426 τινα
3500 5372 3691 5440 ἔχοντα
3716 5370 3887 5439 ἰσχὺν,
3902 5370 4153 5424 ἀπελθεῖν
4171 5374 4333 5439 ποίη-

2662 5486 2751 5522 σον
2790 5470 2833 5522 ί.
2884 5466 2956 5518 Σὺ
2997 5466 3098 5537 μὲν
3125 5465 3235 5535 γάρ
3267 5462 3485 5522 πάντως
3523 5460 3659 5529 ὅπερ
3712 5459 3977 5525 ἐπέταξας
4018 5463 4333 5529 γενήσεται·

2663 5556 2823 5627 μόνον
2864 5554 3029 5628 μηδὲν
3065 5553 3252 5621 ἕτερον
3284 5551 3415 5618 ἡμῖν
3448 5545 3685 5617 προσθῇς
3712 5546 3973 5619 διήγημα,
4007 5548 4124 5601 ἀλλ’
4157 5548 4339 5599 ἀπελη·

2660 5644 2766 5699 θὼν
2805 5642 2966 5715 εῦχου
3002 5635 3366 5707 σκεδασθῆναί
3405 5651 3494 5705 μοι
3533 5635 3628 5705 τῆς
3664 5635 3901 5706 ἀθυμίας
3928 5636 3990 5689 τὸ
4034 5636 4219 5703 νέφος,
4249 5636 4338 5688 καὶ

2724 5841 2747 5868 ο
2773 5840 2884 5888 Ι)υο
2907 5850 3023 5885 mss.
3050 5834 3111 5881 τὰ
3130 5834 3398 5894 διηγήματα
3414 5833 3579 5883 ταῦτα.

2725 5900 2744 5938 τ
2778 5903 2861 5948 Sic
2883 5910 3058 5945 omnes
3082 5910 3191 5943 mss.
3219 5891 3400 5945 éL'Sav.
3428 5896 3479 5944 In
3513 5900 3629 5945 edit.
3663 5894 3837 5943 Morel.
3880 5896 3976 5940 τῶν
3995 5891 4153 5938 ἄλλων
4174 5891 4329 5941 deest

2724 5966 2749 6001 Β
2778 5963 2914 6009 Unus
2934 5960 3088 6007 habet
3108 5960 3207 6013 ἅλις
3228 5958 3509 6014 ἀρκούντως.

2723 6025 2751 6061 ιι
2787 6022 2869 6071 Sic
2890 6021 3000 6070 Sav.
3028 6028 3178 6068 recte.
3204 6018 3398 6070 Editum
3426 6022 3584 6068 fuerat
3606 6020 3647 6066 εἴ
3669 6018 3721 6077 γέ
3746 6034 3802 6077 με
3820 6018 4077 6070 παντελῶς.
4111 6018 4243 6065 Enn.

2727 6088 2740 6125 ί
2777 6085 2859 6133 Sic
2888 6098 2999 6131 mss.
3026 6092 3077 6129 et
3100 6081 3249 6132 Suvil.
3279 6083 3326 6130 in
3356 6097 3507 6138 marg.
3536 6082 3720 6129 luenil.
3751 6080 3927 6127 Morel.
3952 6096 4154 6133 ποιῆσον
4174 6081 4333 6128 ἀθεεὶ.

2665 6152 2815 6202 Iidem
2838 6148 2895 6194 σὺ
2926 6148 3006 6197 μὶν
3030 6148 3136 6205 γάρ,
3166 6146 3335 6193 Morel.
3365 6144 3564 6191 919;:in
3611 6143 3667 6187 σὺ
3700 6162 3719 6185 ».ε
3796 6140 3893 6190 οἷαν,
