4506 6738
388 553 455 609 3‘2
463 555 485 608 ι

389 668 535 720 enim
580 667 632 722 in
677 686 734 726 re
773 682 878 728 tant
923 674 1064 730 seria
1088 675 1331 743 jocarer,
1374 694 1546 750 neque
1586 677 1819 735 dicerem
1848 722 1862 747 ,
1889 680 1977 735 vel

391 758 751 830 confingean
774 780 839 819 ea
864 779 983 833 quae
1015 765 1227 833 plurimi
1251 769 1623 836 redemissem,
1649 784 1713 825 ac
1737 770 1981 840 plurimis

393 850 533 902 v0tis
557 854 936 931 expetiissemJ
968 864 1027 909 ut
1052 871 1121 911 ne
1148 874 1288 915 nunc
1315 861 1532 931 quidem
1553 901 1570 927 ,
1598 862 1809 930 quando
1842 860 1982 916 facta

394 951 541 1011 sunt,
566 947 649 1002 vel
675 962 807 1002 aure
831 935 1181 1020 perciperem.
1203 954 1355 1010 Tunc
1381 968 1543 1023 porro
1568 956 1810 1011 acerbius
1831 956 1982 1024 inge-

397 1037 629 1113 miscens
655 1059 669 1093 :
696 1040 856 1104 Vere,
890 1041 1021 1109 dixi,
1052 1044 1165 1102 haec
1192 1057 1340 1102 tanto
1360 1046 1700 1102 sceleratiora
1730 1055 1857 1102 sunt
1883 1047 1983 1113 iis,

396 1111 517 1195 quin
555 1129 889 1196 Mithridates
917 1148 1210 1208 omnesque
1246 1138 1337 1192 alii
1376 1136 1743 1206 admiserunt,
1784 1111 1986 1209 quanto

398 1219 659 1287 templum
700 1218 805 1275 hoc
841 1231 924 1277 est
952 1224 1042 1281 illo
1081 1226 1449 1282 bonorabilius
1485 1236 1540 1282 et
1581 1229 1835 1283 sanctius.
1879 1226 1986 1282 Sed

400 1308 617 1375 quinam
646 1308 730 1363 isti
756 1351 771 1376 ,
804 1327 1016 1382 quaeso,
1042 1327 1134 1373 aut
1164 1318 1304 1372 unde
1330 1325 1455 1371 sunt
1493 1319 1581 1388 qui
1622 1319 1746 1373 talia
1784 1331 1988 1387 prtesu-

404 1398 599 1451 munt?
624 1415 809 1469 quare,
841 1414 894 1461 et
911 1422 1014 1479 qua
1045 1409 1110 1464 de
1138 1424 1298 1465 causa
1323 1450 1339 1475 ,
1364 1425 1519 1479 quem
1550 1411 1900 1481 respicientes
1924 1408 1990 1462 li-

404 1504 547 1563 m—‘m,
595 1495 800 1567 lapides
839 1500 891 1554 in
931 1502 1155 1565 sublime
1190 1500 1436 1570 jaciunt,
1467 1503 1679 1573 telaque
1716 1502 1771 1555 in
1800 1501 1989 1554 «uelum

402 1595 722 1664 jaculantur,
747 1608 809 1648 ac
833 1609 953 1648 cum
982 1595 1090 1648 Deo
1118 1593 1264 1662 pacis
1294 1592 1488 1648 bellum
1514 1603 1705 1664 gerunt
1726 1594 1750 1647 ἲ
1771 1592 1991 1649 Sameas

406 1686 569 1747 enim,
604 1685 904 1739 Pharathaai
939 1686 954 1715 ι
984 1693 1039 1738 et
1074 1683 1414 1754 Assyriorum
1446 1685 1733 1754 principes,
1776 1698 1991 1737 omnes-

407 1792 510 1846 que
539 1777 719 1831 cmteri
744 1818 757 1839 ,
788 1775 1037 1839 barbari,
1069 1775 1210 1843 quod
1235 1791 1300 1829 ex
1329 1775 1457 1845 ipsis
1481 1777 1787 1831 nominibus
1816 1775 1994 1831 videre

407 1878 512 1931 est,
538 1868 798 1936 longeque
821 1881 849 1917 a
874 1863 1182 1919 Judazorum
1204 1866 1442 1921 moribus
1470 1868 1663 1921 remoti
1690 1874 1865 1930 erant,
1895 1883 1993 1920 no-

412 1958 698 2027 lebantquc
740 1956 996 2012 ﬁnitimos
1036 1957 1138 2011 sibi
1170 1957 1417 2013 homines
1454 1958 1793 2029 multiplicari
1826 1976 1841 2012 :
1873 1973 1995 2013 nam

414 2050 623 2103 illorum
652 2049 790 2103 vires
818 2047 930 2102 fore
961 2057 1014 2101 ut
1037 2048 1329 2117 potentiam
1359 2062 1508 2102 suam
1539 2050 1888 2103 obscurareut
1914 2063 1999 2101 ar-

411 2138 763 2193 bitrabantur.
799 2137 863 2192 Hi
892 2145 1069 2192 autem
1098 2152 1333 2207 quanam
1375 2138 1476 2192 sibi
1514 2138 1792 2192 imminuta
1832 2138 1995 2192 liber-

415 2238 543 2292 tate,
572 2243 673 2297 qua
696 2228 903 2281 sublata
933 2228 1166 2294 licentia,
1195 2244 1302 2299 quo
1331 2228 1628 2297 principum
1657 2228 1858 2282 auxilio
1887 2227 2002 2282 bzec

413 2317 529 2371 ausi
556 2317 717 2371 sunt?
738 2317 820 2371 illi
848 2318 989 2372 enim
1020 2319 1300 2373 Persarum
1329 2333 1483 2387 reges
1508 2318 1623 2373 hac
1646 2320 1887 2373 volentes
1909 2317 2003 2373 ba-

417 2408 600 2473 buere,
622 2408 787 2462 nostri
813 2424 941 2462 vero
967 2411 1232 2463 contraria
1252 2412 1480 2478 penitus,
1506 2419 1564 2464 ut
1589 2410 1718 2465 mihi
1740 2411 1853 2479 ipse
1883 2426 2003 2480 pcr-

414 2498 638 2563 suadeo,
661 2505 717 2552 et
751 2499 974 2567 cupiunt
1000 2507 1055 2553 et
1081 2507 1284 2567 optant.
1312 2499 1646 2570 Quapropter
1670 2516 1864 2571 magno
1891 2510 2003 2556 stu-

418 2602 547 2657 pore
569 2588 755 2657 plenus
776 2603 915 2656 sum,
939 2588 1080 2658 quod
1100 2586 1513 2658 lmperatoribus
1532 2591 1670 2659 piam
1691 2592 2001 2659 religionem

416 2679 745 2735 sectantibus
765 2722 781 2745 ,
821 2680 936 2735 haec
965 2681 1018 2735 in
1049 2682 1241 2737 mediis
1277 2681 1497 2736 urbibus
1528 2681 1744 2751 impune
1778 2682 1892 2736 fieri
1920 2682 2004 2735 di—

417 2784 528 2824 cas.
560 2770 695 2838 Quid
722 2785 870 2837 vero,
899 2771 1068 2841 inquit
1095 2770 1183 2825 ille
1203 2811 1219 2837 ,
1249 2771 1293 2825 si
1324 2770 1409 2825 his
1429 2786 1644 2842 quoque
1679 2772 2006 2826 mirabiliora

420 2860 711 2915 didiceris?
739 2861 878 2931 quod
912 2862 1115 2917 scilicet
1136 2861 1325 2917 horum
1356 2872 1604 2917 auctores
1628 2864 1698 2932 pii
1720 2863 1887 2918 videri
1919 2878 2009 2920 ve-

422 2952 554 3017 lint,
586 2962 640 3008 et
665 2953 993 3009 Christianos
1018 2970 1077 3009 se
1103 2964 1408 3024 nuncupent
1434 2995 1449 3019 ,
1492 2956 1703 3024 plurimi
1734 2962 1911 3009 autem
1939 2970 2006 3009 ex

424 3045 526 3099 illis
563 3045 723 3099 etiam
760 3045 953 3100 initiati
988 3048 1097 3100 sint
1123 3064 1136 3099 :
1169 3047 1277 3101 imo
1302 3061 1487 3101 eorum
1515 3047 1727 3116 quidam
1750 3088 1764 3110 ,
1795 3047 2008 3102 diabolo

424 3134 770 3191 vehementer
790 3136 1025 3203 amante,
1050 3137 1375 3192 exsecranda
1404 3138 1581 3208 lingua
1603 3154 1697 3193 sua
1720 3138 1899 3193 dicere
1917 3154 2012 3192 au-

424 3242 516 3282 sus
541 3227 642 3293 sit,
674 3242 733 3283 se
758 3243 788 3282 a
814 3228 920 3283 fide
947 3243 1284 3284 recessurum
1311 3237 1365 3284 et
1398 3229 1733 3285 dzemonibtts
1760 3232 2008 3284 immola-

427 3328 603 3371 turum
633 3335 648 3372 :
680 3318 929 3374 suﬂ‘ocari
958 3320 1099 3374 enim
1135 3333 1196 3374 se
1234 3318 1463 3375 videndo
1489 3320 1734 3374 homines
1767 3318 1965 3375 liberos
1990 3363 2005 3385 ,

427 3410 655 3474 nobiles,
684 3413 949 3480 vitamque
968 3410 1175 3466 deliciis
1204 3411 1415 3480 plenam
1447 3427 1605 3481 agere
1628 3412 1870 3467 valentes
1893 3454 1908 3479 ,
1941 3412 2008 3465 ad

428 3500 568 3557 hanc
600 3500 788 3555 duram
833 3502 956 3555 vitae
989 3502 1251 3556 rationem
1296 3500 1510 3555 abduci.
1552 3501 1645 3555 His
1676 3500 1871 3555 auditis
1910 3515 2009 3569 ego

428 3592 686 3647 acerbiori
716 3592 936 3648 vulnere
960 3607 1246 3661 percussus
1274 3607 1415 3657 sum,
1443 3600 1499 3647 et
1526 3592 1665 3646 mala
1687 3591 1812 3646 inde
1837 3590 2009 3646 futura

428 3685 738 3754 conjiciens,
769 3683 954 3738 orbem
979 3683 1137 3739 simul
1167 3683 1359 3737 flebam
1385 3684 1713 3750 universum,
1743 3683 2014 3752 Deumque

429 3776 813 3845 compellabam
830 3775 912 3829 his
932 3775 1138 3830 verbis:
1159 3774 1309 3830 Tolle
1326 3776 1559 3829 animam
1582 3790 1756 3830 meam
1776 3790 1806 3828 a
1833 3790 1938 3840 me,
1962 3790 2016 3828 et

429 3867 499 3923 de
524 3868 929 3924 necessitatibus
958 3868 1091 3923 meis
1112 3882 1239 3923 erue
1264 3882 1372 3933 me,
1398 3876 1558 3937 atque
1580 3867 1649 3921 ab
1676 3866 1774 3920 hac
1799 3868 2012 3920 mortali

433 3959 539 4012 vita
566 3958 732 4013 libera
760 3973 865 4022 me,
886 3967 940 4012 et
965 3957 1035 4012 ad
1062 3957 1236 4012 locum
1270 3957 1417 4011 illum
1447 3956 1697 4022 transfer,
1729 3958 1816 4011 ubi
1839 3957 2015 4010 nullus

437 4048 737 4120 hujusmodi
777 4048 1049 4119 quidpiam
1084 4047 1359 4117 proferet,
1406 4063 1576 4117 neque
1622 4048 1734 4116 ipse
1778 4046 2011 4101 audiam.

436 4138 570 4196 Novi
597 4138 901 4207 cquidem‘:
917 4137 1057 4209 quod
1088 4137 1212 4192 hinc
1236 4136 1585 4192 excedentem
1607 4137 1901 4191 exteriores
1926 4151 2017 4190 ex—

437 4232 632 4301 cipient
659 4231 908 4296 tenebrzc,
936 4231 1025 4285 ubi
1054 4229 1209 4285 fletus
1234 4231 1418 4300 ingens
1446 4239 1500 4284 et
1518 4230 1714 4284 stridor
1738 4229 1974 4284 dentium
2001 4247 2015 4284 :

438 4335 623 4377 verum
660 4322 943 4393 jucundius
987 4321 1116 4375 mihi
1150 4330 1231 4375 est
1268 4321 1458 4375 dentes
1501 4320 1689 4374 audire
1732 4319 2018 4374 stridentes

437 4426 599 4483 quam
625 4412 887 4482 ejusmodi
925 4413 1085 4469 verba
1109 4414 1370 4483 jactantes
1397 4412 1658 4467 homines.
1690 4410 1886 4466 Videns
1919 4426 2018 4465 au-

440 4515 547 4560 tem
586 4520 673 4560 me
716 4505 803 4559 ille
839 4506 1125 4560 admodum
1168 4506 1432 4575 lugentem
1464 4524 1476 4559 :
1509 4505 1621 4560 Non
1670 4505 1719 4559 id
1745 4547 1758 4569 ,
1804 4505 1973 4575 inquit
2000 4546 2017 4570 ,

440 4607 650 4669 tempus
678 4597 907 4667 postulat
937 4614 950 4650 :
984 4611 1155 4667 neque
1195 4596 1335 4651 enim
1375 4596 1456 4650 his
1490 4597 1737 4667 lacrymis
1774 4609 1866 4650 eos
1887 4635 1904 4662 ,
1932 4594 2022 4664 qui

438 4692 549 4761 jam
586 4690 859 4761 perierunt
894 4698 948 4743 et
985 4688 1220 4757 quotidie
1261 4698 1518 4757 pereunt,
1558 4702 1877 4756 recuperare
1902 4701 2021 4739 um-

442 4797 602 4851 quam
641 4782 839 4851 poteris
880 4798 894 4835 :
932 4795 1101 4850 neque
1141 4780 1336 4834 malum
1382 4778 1468 4832 hic
1518 4778 1674 4833 finem
1721 4778 2023 4832 habiturum

444 4882 592 4942 puto.
639 4872 746 4929 Sed
795 4871 1174 4944 providendum
1219 4881 1345 4938 est,
1391 4879 1449 4925 ut
1500 4886 1686 4940 rogum
1731 4871 1886 4925 istum
1931 4885 2026 4924 ex-

444 4967 794 5037 stinguamus,
831 4966 1073 5038 hancque
1098 4975 1299 5037 pestem
1326 4965 1670 5019 cohibeamus
1695 4982 1709 5018 :
1731 4980 1794 5018 ac
1822 4964 1865 5019 si
1895 4965 2025 5019 mihi

447 5075 652 5115 morem
682 5061 913 5129 gesseris
931 5103 947 5127 ,
978 5060 1059 5115 bis
1089 5060 1265 5115 missis
1295 5060 1504 5114 fletibus
1530 5058 1719 5113 librum
1747 5055 1897 5121 edes,
1920 5072 2027 5126 quo

447 5155 608 5225 :egris
638 5151 941 5223 hujusmodi
978 5168 1040 5207 ac
1068 5152 1341 5208 seditiosis
1371 5153 1569 5207 monita
1604 5150 1752 5205 dabis
1780 5148 1847 5203 ad
1873 5163 2024 5203 suam

446 5246 787 5315 omniumque
813 5244 1081 5298 hominum
1118 5245 1365 5299 salutem.
1398 5246 1505 5300 lloe
1530 5259 1631 5316 ego
1666 5250 1940 5312 assumpto
1965 5240 2031 5295 li-

446 5337 566 5402 ltro,
612 5336 978 5392 medicaminis
1020 5334 1295 5404 cujusdam
1324 5336 1442 5391 vice
1473 5336 1621 5392 illum
1658 5334 2027 5406 mgrotantinm

449 5428 503 5481 itt
528 5441 688 5482 manu
715 5445 930 5500 ponam.
958 5428 1092 5486 Sunt
1118 5429 1261 5484 enim
1287 5444 1353 5482 ex
1382 5428 1573 5482 horum
1610 5443 1832 5483 numero
1864 5426 2028 5496 pleri-

449 5536 552 5591 que
579 5521 706 5575 mihi
736 5524 968 5578 amicitia
986 5523 1176 5593 juncti,
1198 5528 1291 5592 qut
1310 5520 1575 5589 patientur
1600 5537 1685 5575 me
1716 5524 1858 5590 ipsos
1883 5518 2031 5573 adire

450 5614 617 5671 semel
642 5624 696 5669 et
719 5615 797 5669 bis
819 5624 873 5668 et
898 5616 1122 5685 pluries,
1152 5613 1381 5683 novique
1402 5612 1519 5666 illos
1538 5611 1645 5665 cito
1667 5612 1734 5665 ab
1760 5611 1858 5666 hac
1883 5620 2033 5681 peste

450 5704 757 5763 liberandos
776 5719 916 5760 esse.
935 5706 1013 5759 Tu
1033 5706 1269 5776 quidem,
1288 5702 1538 5774 respondi
1564 5717 1684 5771 ego,
1717 5717 1784 5756 ex
1813 5702 2036 5757 caritate

450 5809 541 5855 tua
575 5800 717 5854 vires
746 5794 951 5853 metiris
990 5810 1237 5855 nostras:
1267 5799 1399 5854 mihi
1434 5812 1561 5854 vero
1593 5796 1733 5851 nulla
1775 5796 1914 5849 inest
1958 5796 2036 5850 vis

456 5940 543 6048 ,δὲ
573 5944 673 6049 Du:
698 5943 826 6050 355.,
849 5932 1143 5984 Pltarasthei.
1188 5942 1282 5984 Hoc
1305 5947 1484 5985 nomen
1502 5939 1777 5995 corruptum
1804 5938 1907 5994 est;
1927 5931 2037 5982 vide

502 6014 509 6019 ’
545 6014 612 6049 ne
669 6037 685 6050 .
734 6031 750 6049 .

502 6014 612 6049 ιιι-ξιξ
636 6014 685 6052 4.
700 6014 750 6050 υ.

1138 562 1497 623 ADVERSUS
1536 564 2079 625 OPPltiGNATORES
2119 569 2303 626 νηΑς
2347 567 2638 625 ΜΟΝᾹΞΤ.
2679 567 2810 625 LIB.
2844 570 2883 624 l.

3562 575 3669 633 εει]

2089 681 2322 749 dicendi,
2352 690 2407 737 et
2434 697 2518 749 ea,
2545 699 2664 755 quas
2691 684 2869 739 inesse
2892 684 3120 751 videtur,
3145 684 3195 739 in
3226 686 3328 743 hoc
3352 698 3671 760 argumento

2088 772 2163 826 uti
2208 773 2372 843 pudet
2413 788 2501 828 me
2531 792 2546 829 :
2576 790 2675 830 nec
2712 775 2875 829 alium
2909 791 3230 846 quemquam
3272 778 3342 833 ita
3371 794 3579 844 vereor,
3613 794 3674 834 ut

2086 866 2314 935 gentiles
2337 879 2547 929 omnes,
2579 874 2690 921 tum
2717 881 2813 922 eos
2845 868 2932 937 qui
2964 867 3123 923 modo
3152 877 3296 934 sunt,
3323 877 3433 923 tum
3462 884 3556 925 eos
3581 885 3670 938 qut

2090 968 2213 1028 post
2237 957 2403 1013 futuri
2430 966 2573 1024 sunt,
2601 974 2735 1029 quos
2759 973 2861 1029 ego
2889 974 2993 1013 non
3021 962 3199 1015 minus
3223 974 3320 1030 pro
3344 960 3470 1015 vitae
3492 976 3675 1031 segm-

2091 1052 2185 1119 tie,
2213 1065 2373 1122 quam
2399 1064 2498 1120 pro
2521 1050 2776 1107 doctrinae
2804 1052 3011 1106 ratione
3038 1066 3252 1122 semper
3274 1065 3500 1122 carpere
3544 1050 3676 1105 soli-

2100 1149 2182 1195 tus
2208 1155 2350 1207 sum,
2380 1154 2449 1195 ne
2485 1141 2596 1209 jam
2642 1141 2788 1209 ipsos
2815 1140 2955 1194 ntala
2993 1150 3173 1195 nostra
3200 1140 3443 1195 doceam.
3472 1138 3605 1196 Nam
3633 1138 3677 1195 si

2094 1231 2184 1300 qui
2209 1246 2275 1286 ex
2306 1229 2414 1285 illis
2437 1230 2704 1285 senserint
2734 1229 2877 1301 apud
2906 1230 3239 1285 Christianos
3274 1245 3393 1287 esse
3432 1232 3677 1287 homines

2096 1322 2229 1377 adeo
2244 1322 2426 1376 virtuti
2454 1330 2511 1375 et
2536 1321 2885 1391 philosophiae
2914 1322 3180 1387 inimicos,
3204 1330 3262 1378 ut
3287 1335 3392 1376 non
3412 1322 3573 1377 modo
3598 1323 3678 1376 la-

2097 1412 2251 1468 bores
2276 1416 2343 1468 ad
2368 1428 2486 1468 eam
2512 1412 2908 1482 adipiscendam
2938 1414 3217 1484 refugiant,
3242 1413 3339 1469 sed
3378 1428 3447 1469 ne
3481 1412 3549 1469 de
3588 1412 3678 1468 illa

2097 1504 2309 1571 quidem
2334 1504 2495 1559 verba
2523 1503 2700 1559 facere
2723 1505 2919 1570 sinant,
2944 1504 3051 1559 imo
3080 1520 3149 1558 ne
3174 1505 3275 1558 hac
3298 1512 3441 1558 tanta
3462 1503 3677 1574 quidem

2100 1592 2306 1646 insania
2330 1596 2599 1657 contenti,
2631 1595 2677 1649 si
2705 1609 2864 1662 quem
2897 1594 3035 1648 hanc
3067 1594 3435 1648 consulentem
3459 1635 3475 1662 ,
3502 1593 3681 1664 deque

2102 1682 2189 1737 illa
2215 1682 2563 1738 disserentem
2585 1684 2803 1739 videant
2820 1723 2834 1751 ,
2866 1684 3008 1738 hunc
3038 1684 3273 1753 undique
3296 1683 3603 1753 expellant;
3635 1684 3680 1739 si

2102 1772 2234 1838 haec,
2263 1774 2478 1842 inquam
2495 1813 2511 1839 ,
2539 1775 2611 1828 illi
2637 1774 2942 1841 senserint,
2972 1775 3138 1829 timeo
3165 1788 3233 1828 ne
3256 1788 3355 1828 nos
3375 1773 3685 1828 existiment

2101 1880 2205 1918 non
2239 1864 2503 1930 homines,
2526 1863 2619 1919 sed
2649 1864 2808 1930 feras,
2848 1873 2904 1919 et
2932 1872 3172 1919 monstra
3211 1862 3443 1918 hominis
3482 1862 3682 1923 forma.

2099 1955 2479 2025 dzemonasque
2503 1953 2762 2024 quosdam
2792 1955 3011 2019 noxios,
3047 1969 3111 2009 ac
3144 1953 3444 2008 communis
3482 1963 3685 2007 natura:

2102 2048 2375 2112 inimicos,
2408 2061 2510 2101 nec
2534 2046 2602 2100 de
2631 2044 2874 2100 sontibus
2902 2044 3091 2108 modo,
3136 2043 3230 2098 sed
3267 2043 3335 2097 de
3374 2052 3481 2097 tota
3528 2042 3685 2097 simul

2102 2147 2261 2207 gente
2292 2137 2450 2192 talem
2478 2137 2797 2191 sententiam
2826 2134 3024 2190 ferant.
3052 2135 3122 2189 At
3142 2134 3235 2188 ille
3257 2133 3474 2188 ridens:
3500 2132 3686 2196 Ludis,

2105 2228 2296 2297 inquit,
2324 2229 2440 2282 haec
2464 2229 2685 2282 dicens:
2717 2242 2817 2296 ego
2844 2227 2987 2281 enim
3030 2225 3410 2295 Opportuniora
3450 2224 3562 2295 jam
3605 2224 3686 2277 lo-

2107 2334 2259 2387 quar.
2293 2318 2337 2372 si
2363 2319 2566 2371 vereris
2593 2333 2658 2372 ne
2684 2333 2748 2371 ex
2775 2319 2952 2371 verbis
2977 2319 3085 2372 tuis
3110 2316 3162 2370 id
3187 2317 3448 2380 ediscant,
3472 2331 3591 2385 qua:
3613 2314 3693 2369 illi

2103 2408 2215 2478 jam
2240 2409 2439 2462 dudum
2470 2424 2535 2463 ex
2568 2410 2699 2479 ipsis
2722 2408 2975 2477 operibus
3000 2407 3355 2461 edidicerunt.
3386 2406 3518 2460 Nam
3546 2420 3612 2460 ac
3646 2420 3692 2459 Si

2110 2500 2468 2570 nequissimus
2490 2499 2682 2568 aliquis
2717 2498 2938 2567 spiritus
2964 2499 3203 2550 omnium
3231 2497 3443 2550 animos
3464 2509 3693 2563 occupa-

2107 2593 2199 2658 rit,
2231 2608 2327 2662 per
2352 2603 2667 2647 cunctorum
2697 2605 2792 2645 ora
2826 2591 2878 2643 hi
2919 2603 3199 2643 sermones
3227 2597 3545 2653 vertuntur;
3578 2587 3694 2641 sive

2110 2684 2164 2738 in
2189 2683 2362 2739 forum
2403 2694 2454 2738 te
2479 2682 2797 2749 contuleris,
2827 2684 2940 2735 sive
2981 2681 3032 2735 in
3066 2681 3314 2735 tabernas
3337 2678 3694 2742 medicorum,

2112 2777 2225 2831 sive
2254 2776 2309 2829 in
2332 2776 2628 2846 quamlibet
2654 2776 2799 2830 urbis
2828 2781 3031 2844 partem
3054 2817 3067 2838 ,
3096 2774 3185 2828 ubi
3210 2772 3403 2828 sedere
3431 2772 3611 2827 solent
3635 2769 3693 2835 ii.

2111 2867 2202 2937 qui
2227 2866 2359 2920 nihil
2389 2864 2597 2936 operari
2623 2866 2824 2931 volunt,
2849 2864 3054 2919 videbis
3098 2866 3370 2933 ingentem
3415 2863 3583 2918 risum
3630 2863 3700 2915 ab

2110 2961 2358 3013 omnibus
2403 2959 2625 3015 moveri.
2655 2959 2817 3013 Risus
2842 2966 3023 3012 autem
3053 2956 3169 3025 ejus
3207 2963 3263 3011 et
3302 2954 3579 3011 commdire
3606 2969 3669 3007 ar

2111 3058 2423 3120 gumentum
2449 3057 2567 3117 est,
2610 3065 2801 3104 eorum
2844 3064 2967 3119 qua:
3009 3047 3264 3103 adversus
3307 3055 3525 3101 sanctos
3552 3046 3699 3100 viros

2114 3151 2231 3196 acta
2257 3150 2382 3196 sunt
2419 3142 2608 3196 festiva
2639 3141 2894 3196 narratio.
2925 3138 3389 3206 Quemadmodum
3415 3137 3558 3192 enim
3589 3138 3701 3193 bel-

2116 3232 2333 3296 latores,
2364 3234 2454 3303 qui
2480 3233 2673 3288 multas
2695 3247 2895 3303 pugnas
2918 3230 3253 3286 confecerint
3277 3244 3341 3284 ac
3357 3238 3554 3299 tropaea
3580 3243 3702 3283 ere-

2114 3328 2305 3391 xerint,
2336 3335 2484 3397 gesta
2512 3341 2606 3381 sua
2636 3325 2790 3380 fortia
2812 3340 3036 3379 narrare
3056 3323 3288 3395 gaudent
3306 3361 3320 3383 .
3353 3320 3434 3376 sic
3456 3329 3511 3376 et
3530 3320 3617 3374 isti
3646 3320 3700 3372 in

2115 3418 2436 3473 facinoribus
2454 3419 2570 3472 suis
2592 3418 2862 3471 lmtantur.
2886 3415 3038 3470 Hunc
3056 3429 3185 3468 sane
3202 3412 3392 3468 audias
3407 3410 3698 3475 dicentem,

2116 3508 2326 3563 Primus
2353 3522 2454 3578 ego
2479 3523 2669 3562 manus
2695 3511 2747 3560 in
2776 3507 2919 3560 illunt
2960 3504 3283 3559 monachum
3309 3502 3487 3573 injeci,
3511 3511 3561 3556 et
3592 3501 3704 3570 pla-

2114 3615 2210 3670 gas
2230 3601 2416 3666 intuli;
2445 3600 2607 3654 alium
2628 3613 2777 3663 vero,
2802 3602 2871 3651 At
2893 3612 2994 3668 ego
3020 3596 3266 3652 cellulam
3288 3595 3405 3665 ejus
3426 3602 3550 3649 ante
3568 3593 3703 3648 alios

2116 3695 2328 3758 inveni;
2358 3693 2520 3749 alium
2540 3735 2553 3757 ,
2589 3692 2699 3763 Ego
2733 3689 2971 3761 judicem
3005 3690 3177 3760 magis
3202 3702 3362 3759 quam
3385 3700 3576 3742 omnes
3610 3684 3707 3740 ad-

2120 3800 2308 3841 versus
2336 3786 2351 3816 ¹
2382 3784 2529 3838 illum
2558 3781 3024 3838 concitavi..|actat
3048 3780 3183 3833 alius
3207 3790 3704 3845 carcerem,carce-

2121 3879 2301 3949 risque
2330 3877 2612 3932 miserias:
2641 3874 2889 3944 quodque
2915 3888 3009 3943 per
3033 3873 3203 3925 forum
3225 3878 3438 3925 sanctos
3462 3868 3701 3933 traxerit,

2120 3972 2171 4025 id
2206 3971 2375 4024 laudis
2402 3972 2453 4024 in
2481 3976 2631 4037 parte
2660 3966 2970 4029 constituit;
2994 3964 3131 4019 alius
3155 3964 3284 4018 item
3311 3960 3477 4016 aliud.
3500 3959 3706 4015 Deinde

2120 4077 2307 4117 omnes
2332 4059 2566 4131 profusis
2591 4059 2870 4131 cachinnis
2898 4056 3016 4110 haec
3050 4060 3465 4125 prosequuntur.
3498 4051 3565 4106 Et
3593 4051 3709 4105 haec

2123 4153 2335 4223 quidem
2365 4151 2419 4205 in
2454 4134 2876 4223 Chri‘ijtanorum
2913 4146 3251 4201 consessibus
3277 4160 3291 4196 :
3315 4142 3540 4212 gentiles
3577 4154 3707 4195 vero

2123 4214 2177 4300 et
2199 4245 2296 4299 hos
2317 4242 2558 4305 irrident,
2583 4214 2645 4295 εἶ
2654 4255 2749 4295 eos
2768 4239 2855 4308 qui
2882 4237 2950 4291 ab
2974 4236 3078 4289 illis
3101 4233 3388 4287 irridentur
3408 4247 3423 4295 ;
3450 4231 3569 4285 illos
3588 4244 3706 4299 qua:

2126 4337 2239 4391 haec
2281 4334 2661 4406 perpetrarint,
2706 4332 2804 4383 hos
2832 4328 2971 4398 quod
3007 4327 3125 4379 talia
3161 4326 3300 4395 passi
3331 4324 3706 4379 sintzomnia-

2123 4443 2227 4496 que
2251 4425 2391 4480 civili
2420 4422 2649 4493 quodam
2686 4420 2827 4475 bello
2857 4417 3059 4487 repleta
3084 4426 3237 4481 sunt,
3269 4416 3375 4468 into
3406 4410 3707 4480 hujusmodi

2124 4518 2264 4573 bello
2293 4517 2448 4585 longe
2475 4512 2740 4567 atrociora
2771 4509 2957 4564 isthmc
2980 4515 3123 4563 sunt.
3150 4506 3278 4561 Nam
3305 4505 3393 4573 qui
3418 4502 3613 4557 bellum
3640 4501 3707 4554 il-

2126 4612 2217 4666 lud
2255 4608 2556 4681 gesserint,
2587 4621 2708 4661 cum
2741 4612 2925 4675 postea
2971 4602 3113 4655 illius
3142 4598 3576 4657 reminiscuntur,
3608 4608 3705 4645 au-

2127 4713 2302 4758 ctores
2317 4700 2433 4771 ejus
2454 4698 2753 4754 maledictis
2775 4697 3121 4754 insectantur,
3149 4704 3211 4743 ac
3237 4686 3471 4742 daemoni
3496 4684 3705 4740 cuidam

2130 4796 2271 4849 malo
2302 4801 2512 4856 cuncta,
2544 4804 2663 4859 qua:
2693 4789 2741 4840 itt
2772 4784 2860 4838 illo
2888 4792 3037 4852 gesta
3072 4780 3286 4843 fuerint,
3320 4784 3536 4845 accepta
3565 4774 3707 4827 refe-

2130 4898 2255 4945 runt
2284 4906 2296 4942 :
2326 4895 2379 4941 et
2423 4886 2455 4937 ii
2494 4880 2754 4951 ampliore
2793 4876 3100 4929 afficiuntur
3154 4872 3385 4942 pudore,
3431 4867 3519 4937 qui
3558 4866 3709 4937 plura

2131 4995 2286 5051 qnam
2314 4976 2399 5030 alii
2431 4971 2788 5044 perpetrarint
2817 4987 2829 5021 :
2857 4967 2910 5020 hi
2933 4976 3111 5020 autem
3134 4964 3199 5017 de
3226 4963 3334 5015 suis
3359 4958 3578 5014 ausibus
3593 4956 3713 5027 glo-

2132 5073 2351 5127 riantur.
2381 5066 2560 5136 Neque
2582 5064 2700 5117 ideo
2723 5070 2921 5116 tantum
2950 5058 3049 5111 hoc
3068 5054 3375 5109 sceleratius
3401 5052 3493 5107 illo
3513 5051 3709 5105 bellum

2132 5174 2234 5229 est,
2264 5160 2403 5233 quod
2435 5159 2691 5213 adversus
2720 5160 2931 5209 sanctos
2953 5149 3039 5219 qui
3064 5146 3331 5201 neminem
3355 5144 3593 5199 ltcserint
3619 5156 3713 5233 exs

2133 5230 2359 5318 citetur;
2388 5252 2481 5307 sed
2505 5250 2673 5305 etiam
2698 5244 2837 5316 quod
2862 5241 3117 5296 adversus
3138 5236 3385 5291 homines
3402 5234 3491 5303 qui
3513 5230 3711 5286 nemini

2134 5346 2332 5403 malum
2363 5344 2538 5398 facere
2566 5342 2848 5401 noverunt,
2878 5340 2933 5388 et
2961 5329 3028 5385 ad
3052 5326 3355 5399 patiendum
3374 5319 3716 5379 solummodo

2136 5440 2305 5511 parati
2334 5446 2477 5491 sunt.

2208 5533 2262 5586 3.
2294 5530 2517 5583 Joannes
2548 5524 2727 5595 Chrys.
2756 5521 2823 5575 ad
2858 5519 3041 5575 librum
3080 5510 3323 5569 edendum
3350 5524 3405 5563 se
3433 5518 3712 5576 comparat.

2139 5655 2211 5667 ——
2228 5624 2370 5679 Siste
2388 5618 2627 5691 gradum,
2654 5617 2765 5672 dixi
2786 5628 2907 5683 ego,
2936 5611 3097 5675 siste,
3123 5605 3254 5661 satis
3274 5602 3387 5673 jam
3414 5596 3717 5691 hujusmodi

2141 5690 2505 5774 narrationum
2525 5754 2539 5777 ,
2572 5710 2674 5765 nisi
2707 5724 2793 5763 me
2822 5704 3098 5774 exspirare
3122 5698 3259 5753 velis
3284 5715 3299 5752 :
3325 5694 3419 5751 sed
3452 5690 3718 5747 modicum

2144 5813 2275 5869 mihi
2302 5811 2405 5865 hoc
2431 5807 2619 5860 virium
2652 5803 2962 5870 relinquens
2996 5796 3217 5850 missum
3243 5807 3329 5844 me
3359 5787 3538 5842 facito.
3570 5782 3723 5852 Quod

2210 5928 2226 5960 ⁸
2261 5926 2334 5975 sic
2354 5934 2527 5974 omnes
2541 5929 2644 5969 Mss.
2665 5925 2715 5968 ct
2731 5918 2870 5966 Savil.
2896 5922 2944 5963 tn
2970 5912 3100 5962 alito
3116 5908 3279 5960 Morel.
3301 5903 3455 5968 magis
3476 5901 3725 5958 adversus.

2157 6000 2274 6050 etc.,
2298 5989 2488 6037 omissis
2506 5983 2687 6043 verbis,
2714 5993 2853 6041 quam
2876 5991 3055 6027 onutcs.
