4506 6686
851 513 958 572 335

851 630 1056 705 jussisti
1087 627 1297 699 penitus
1322 641 1718 698 exsequemur:
1752 636 1958 680 tantum
1989 627 2120 680 nihil
2147 624 2288 677 aliud
2325 624 2434 693 jam

855 721 1014 776 dictis
1034 718 1276 787 adjicias,
1302 718 1396 772 sed
1422 718 1691 787 digressus
1714 730 1933 786 precare
1956 727 2033 781 ut,
2059 729 2282 770 excuSsa
2309 713 2438 766 mihi

857 809 1105 866 maeroris
1148 808 1377 873 nebula,
1409 807 1691 877 quamdam
1727 822 1758 859 a
1795 805 1934 871 Deo,
1963 808 2052 877 qui
2079 806 2437 874 impugnatur,

855 914 1013 970 opem
1029 914 1331 970 consequar
1349 899 1416 952 ad
1437 898 1698 952 medelam
1721 896 2058 952 inimicorum
2079 899 2212 966 ejus.
2236 895 2292 950 ld
2316 910 2443 948 vero

858 990 1009 1046 dabit
1037 991 1178 1046 haud
1202 990 1393 1054 dubie,
1416 989 1655 1043 clemens
1683 1001 1808 1042 cum
1833 989 1940 1054 sit,
1969 1004 2032 1042 ac
2061 995 2285 1042 mortem
2315 1000 2444 1054 pec-

861 1082 1058 1137 catoris
1087 1080 1252 1146 nolit,
1290 1078 1385 1133 sed
1427 1088 1484 1133 ut
1510 1088 1856 1134 convertatur
1893 1087 1948 1133 et
1975 1080 2137 1133 vivat.
2167 1078 2256 1130 Sic
2300 1076 2388 1129 illo
2415 1090 2445 1129 a

864 1188 951 1228 me
989 1171 1245 1235 dimisso,
1287 1169 1403 1224 haec
1425 1170 1660 1225 scribere
1693 1186 1810 1224 sum
1845 1185 2145 1239 aggressus.
2169 1167 2379 1222 Ateuim
2403 1165 2449 1219 si

863 1262 965 1316 hoc
994 1269 1200 1316 tantum
1230 1263 1353 1315 mali
1379 1261 1626 1325 adesset,
1655 1259 1794 1329 quod
1819 1260 1989 1312 sancti
2019 1259 2110 1311 Dei
2133 1266 2188 1312 et
2211 1255 2449 1310 admira-

865 1352 1005 1407 biles
1042 1352 1146 1406 viri
1182 1361 1554 1421 raptarentur,
1600 1351 2030 1418 laniarenturque
2063 1348 2129 1402 ad
2167 1347 2450 1402 tribunalia

868 1443 1144 1513 pertracti,
1176 1441 1438 1496 verberati
1464 1450 1519 1495 et
1544 1442 1644 1494 alia
1677 1441 1850 1511 passi,
1877 1456 1996 1511 qua:
2020 1454 2182 1509 supra
2208 1439 2451 1494 narravi-

869 1551 1008 1598 mus,
1036 1533 1345 1602 nullumque
1371 1533 1499 1587 hinc
1524 1534 1781 1587 damnum
1813 1533 1866 1586 in
1893 1547 2080 1587 eorum
2101 1541 2453 1586 convertere-

868 1633 954 1678 tur
971 1632 1154 1693 caput,
1183 1624 1275 1694 qui
1306 1624 1432 1678 talia
1460 1632 1856 1694 perpetrarunt,
1889 1633 2091 1677 tantum
2119 1622 2274 1678 abest
2305 1633 2360 1677 ut
2387 1623 2456 1678 de

869 1715 1035 1786 gestis
1064 1715 1300 1769 dolerem
1321 1755 1336 1779 ,
1367 1723 1425 1768 ut
1452 1716 1616 1768 etiam
1642 1715 1708 1767 de
1729 1713 1920 1766 iisdem
1946 1713 2176 1766 riderem
2200 1728 2457 1782 perquam

871 1806 1210 1861 suavissime.
1233 1804 1368 1858 Nam
1397 1817 1450 1858 et
1480 1804 1705 1856 infantes
1726 1803 1934 1871 quoties
1959 1803 2076 1855 sine
2099 1818 2198 1855 suo
2220 1804 2458 1870 periculo

871 1895 1176 1966 percutiunt
1201 1904 1420 1959 matres,
1441 1895 1607 1947 risum
1635 1893 1743 1947 illis
1767 1899 1982 1946 movent
2001 1891 2453 1959 copiosissimum,

869 1997 1128 2058 tantoque
1157 1988 1418 2056 majorem
1447 1986 1772 2054 voluptatem
1801 1985 2032 2053 pariunt,
2062 1992 2262 2052 quanto
2289 1982 2455 2037 vehe-

876 2081 1142 2136 mentiore
1160 2095 1280 2133 cum
1305 2078 1575 2132 iracundia
1599 2078 1648 2131 id
1671 2077 1915 2141 fecerint,
1941 2077 2011 2129 ita
2038 2085 2096 2129 ut
2118 2075 2459 2130 effundantur

871 2184 1115 2240 peneque
1149 2170 1518 2237 dirumpantur
1546 2169 1694 2221 risu:
1726 2167 1807 2220 sin
1844 2182 1972 2221 vero
2006 2167 2133 2220 dum
2176 2166 2228 2221 id
2262 2166 2460 2237 jugiter

875 2263 1050 2317 infans
1071 2277 1132 2316 ac
1158 2261 1383 2316 validius
1402 2261 1548 2326 facit,
1571 2261 1880 2314 vulneretur
1897 2260 2206 2330 aliquando,
2230 2260 2342 2313 sive
2363 2275 2463 2313 acu

869 2356 1016 2408 circa
1044 2368 1234 2406 zonam
1257 2352 1450 2405 tunicae
1473 2353 1658 2404 matris
1684 2351 1867 2414 affixa,
1891 2352 2005 2404 sive
2031 2351 2182 2403 radio
2204 2351 2462 2404 maternis

878 2444 1185 2515 pectoribus
1212 2457 1449 2512 appenso
1474 2441 1716 2496 ferientis
1743 2456 1957 2493 manum
1979 2441 2278 2509 excipiente
2301 2459 2316 2494 :
2339 2451 2464 2494 tunc

873 2544 1040 2599 certe,
1073 2546 1196 2590 tunc
1217 2537 1382 2587 misso
1402 2533 1533 2597 risu,
1558 2533 1778 2600 majore,
1807 2546 1964 2599 quam
1996 2531 2040 2583 is
2066 2531 2154 2599 qui
2176 2545 2463 2598 percussus

873 2635 976 2689 est,
1015 2626 1105 2679 illa
1127 2623 1313 2678 dolore
1341 2622 1573 2677 afficitur
1598 2640 1611 2675 :
1633 2630 1687 2675 et
1711 2621 1924 2675 interim
1953 2630 2103 2673 curat
2129 2619 2356 2684 vulnus,
2393 2619 2462 2673 de

875 2725 1074 2772 cattero
1106 2726 1282 2769 autem
1313 2714 1612 2784 ingentibus
1634 2713 1791 2765 minis
1814 2718 1956 2765 vetat
1982 2725 2047 2763 ne
2076 2710 2199 2763 talia
2224 2718 2366 2779 agat,
2394 2725 2462 2763 ne

877 2809 1015 2863 forte
1045 2808 1220 2862 simile
1258 2806 1528 2877 quidpiam
1558 2807 1806 2874 patiatur.
1834 2803 1945 2858 Nos
1982 2804 2163 2873 itaque
2202 2803 2349 2873 paria
2383 2803 2464 2857 fe-

872 2902 1157 2966 cissemus,
1187 2901 1233 2955 si
1265 2900 1526 2969 puerilem
1554 2897 1864 2967 hujusmodi
1888 2898 2216 2951 iracundiam
2247 2898 2465 2968 conspi-

872 3007 1158 3056 ceremus,
1189 3001 1282 3047 aut
1306 3007 1427 3046 esse
1457 2993 1594 3045 hanc
1625 2990 1905 3045 infantium
1946 2991 2177 3060 plagam,
2208 3006 2332 3060 quae
2360 3006 2466 3045 non

879 3099 1127 3154 magnam
1152 3085 1281 3154 ipsis
1307 3084 1599 3153 perniciem
1623 3081 1864 3136 inferret.
1889 3081 2152 3148 Quoniam
2189 3095 2318 3136 vero
2347 3091 2470 3150 post

876 3178 1146 3234 modicum
1180 3179 1420 3246 elapsum
1449 3186 1681 3245 tempus,
1711 3177 1952 3246 quamvis
1982 3191 2121 3231 nunc
2147 3177 2328 3232 furore
2347 3193 2468 3232 cor-

877 3273 1016 3344 repti
1043 3272 1098 3327 id
1118 3288 1225 3330 non
1246 3274 1499 3339 sentiant,
1523 3272 1742 3338 flebunt,
1769 3273 2066 3342 ejulahunt,
2096 3271 2469 3327 lamentabun—

878 3375 986 3432 tur,
1009 3381 1115 3420 non
1147 3366 1236 3419 tali
1261 3364 1388 3419 fletu
1411 3365 1555 3434 quali
1579 3364 1829 3426 infantes,
1852 3364 1948 3418 sed
1971 3365 2024 3417 in
2052 3363 2288 3418 tenebris
2312 3373 2466 3416 exte-

877 3455 1111 3510 rioribus
1164 3463 1221 3510 et
1270 3456 1326 3508 in
1379 3453 1501 3524 igne
1555 3454 1972 3523 inexstinguibili
2021 3470 2034 3506 :
2084 3453 2314 3522 idipsum
2356 3453 2467 3521 jam

879 3545 1135 3600 faciamus
1161 3545 1303 3614 quod
1324 3555 1543 3607 matres,
1575 3543 1679 3597 hoc
1710 3551 1912 3597 tantum
1948 3542 2259 3596 discrimine
2283 3583 2297 3607 ,
2325 3540 2466 3610 quod

882 3651 989 3691 non
1008 3652 1130 3690 cum
1159 3636 1319 3690 minis
1349 3643 1407 3690 et
1431 3634 1770 3689 contumeliis
1799 3642 1857 3688 ut
1895 3633 2022 3697 illm,
2063 3634 2157 3688 sed
2196 3633 2392 3687 blande
2415 3641 2469 3686 et

881 3745 1004 3786 cum
1041 3729 1263 3783 lenitate
1289 3727 1457 3781 multa
1486 3725 1718 3781 infantes
1746 3726 2053 3795 hujusmodi
2092 3727 2426 3794 alloquamur
2451 3742 2463 3774 τ

881 3819 1315 3890 quandoquidem
1359 3817 1493 3871 nihil
1539 3816 1666 3872 hinc
1708 3816 1891 3871 damni
1936 3817 2134 3871 sanctis
2173 3815 2330 3882 viris,
2371 3815 2466 3869 sed

882 3926 1088 3967 merces
1109 3909 1376 3979 ecpiosior
1401 3907 1679 3978 majorque
1709 3907 1901 3962 fiducia
1922 3909 2149 3962 accedit.
2176 3906 2231 3962 Si
2253 3907 2466 3976 quidem

885 4003 1060 4057 futura
1087 4002 1225 4056 bona
1245 4015 1749 4064 commemoremus,
1771 3999 2059 4054 admodum
2089 3998 2228 4054 forte
2259 3999 2464 4054 ridebi-

886 4095 975 4161 tis,
1003 4094 1198 4164 quippe
1222 4093 1310 4162 qui
1341 4081 1647 4162 hujusmodi
1682 4092 1794 4145 risu
1823 4105 2037 4159 semper
2077 4091 2255 4144 ridere
2293 4091 2469 4144 solea-

883 4187 956 4241 tis
983 4205 997 4240 :
1021 4195 1075 4238 at
1105 4185 1490 4254 praesentibus,
1524 4184 1736 4237 etiamsi
1766 4183 1962 4238 millies
1982 4183 2112 4238 risui
2132 4183 2331 4238 addicti
2359 4184 2472 4238 fue-

885 4277 1023 4341 ritis,
1060 4276 1216 4330 fidem
1250 4291 1354 4330 non
1384 4275 1668 4345 negabitis;
1711 4290 1810 4330 nec
1847 4275 1892 4329 si
1937 4275 2213 4329 volueritis
2256 4274 2469 4345 quidem

888 4369 1148 4438 poteritis,
1178 4367 1336 4421 rebus
1359 4382 1551 4436 nempe
1573 4367 1702 4435 ipsis
1724 4374 1908 4420 contra
1931 4365 2310 4421 clamantibus.

959 4460 1314 4515 Persecutores
1351 4477 1452 4513 non
1479 4461 1689 4524 sanctis,
1719 4459 1808 4511 sed
1830 4459 2136 4512 sibinocent.
2159 4459 2470 4528 Exemplum

895 4551 1119 4607 Neronis
1153 4561 1200 4603 et
1232 4549 1410 4602 Pauli.
1450 4580 1521 4590 —-
1547 4549 1811 4603 Neronem
1864 4565 2078 4617 prorsus
2123 4551 2347 4604 audistis
2386 4551 2468 4602 vi-

891 4659 1010 4698 rum
1038 4657 1230 4711 nempe
1251 4657 1320 4696 ex
1354 4641 1567 4695 lascivia
1599 4641 1880 4705 famosum,
1909 4642 1997 4708 qui
2030 4641 2230 4709 primus
2255 4649 2310 4694 et
2329 4641 2474 4694 solus

893 4734 946 4788 in
976 4742 1122 4786 tanto
1152 4733 1375 4801 imperio
1417 4748 1584 4786 novos
1614 4731 1871 4800 quosdam
1902 4732 2245 4801 impudicitia:
2276 4740 2331 4784 et
2361 4741 2472 4784 tur-

892 4825 1151 4894 pitudinis
1204 4823 1393 4877 modos
1439 4826 1794 4893 excogitavit:
1825 4824 1911 4880 hic
1955 4827 2130 4894 itaque
2172 4824 2314 4878 Nero
2353 4825 2473 4877 bea~

895 4930 1006 4972 tum
1031 4917 1271 4984 Paulum,
1304 4915 1456 4986 cujus
1485 4926 1722 4986 tempore
1753 4919 2041 4987 regnabat,
2071 4918 2138 4972 de
2168 4918 2357 4972 iisdem
2386 4932 2473 4970 ac-

891 5025 1107 5076 cusans,
1137 5009 1205 5065 de
1224 5011 1415 5080 quibus
1440 5026 1536 5064 vos
1565 5011 1663 5080 ipsi
1689 5022 1900 5066 sanctos
1927 5013 2068 5066 viros
2109 5013 2429 5066 insimulatis
2459 5030 2472 5064 :

898 5104 1139 5173 pellicem
1160 5105 1300 5158 enim
1327 5104 1462 5174 ejus,
1488 5120 1646 5174 quam
1676 5104 1766 5160 ille
1788 5104 2082 5174 deperibat,
2111 5121 2232 5160 cum
2263 5105 2331 5160 ad
2354 5105 2479 5160 fidei

895 5193 1192 5249 doctrinam
1218 5196 1639 5264 amplectendam
1673 5196 1991 5264 induxisset,
2021 5198 2088 5252 ab
2117 5199 2324 5268 impuro
2360 5197 2477 5267 ejus

893 5285 1165 5341 consortio
1209 5288 1425 5342 monitis
1472 5287 1582 5343 suis
1634 5289 1854 5344 abduxit
1895 5305 1909 5342 :
1943 5290 2090 5356 hmc,
2118 5291 2369 5360 inquam,
2403 5291 2474 5344 illi

894 5379 1114 5433 crimina
1145 5379 1404 5448 objiciens
1426 5421 1442 5446 ,
1477 5395 1539 5434 ac
1585 5389 1950 5451 corruptorem
1974 5421 1991 5447 ,
2021 5382 2353 5436 seductorem
2376 5423 2391 5446 ,
2423 5391 2478 5435 ct

897 5469 981 5523 his
1013 5470 1271 5527 similibus
1323 5472 1626 5527 nominibus
1657 5514 1671 5537 ,
1699 5489 1818 5543 qum
1883 5488 1980 5528 vos
2009 5473 2169 5527 modo
2199 5473 2472 5542 profertis,

895 5560 1119 5617 Paulum
1145 5564 1438 5632 appellans,
1472 5564 1645 5634 primo
1686 5565 1858 5633 ipsum
1888 5568 1943 5619 in
1969 5565 2182 5619 vincula
2209 5563 2471 5634 conjecit;

891 5670 1012 5710 cum
1043 5665 1220 5712 autem
1251 5665 1306 5712 ut
1335 5659 1523 5728 puella:
1551 5659 1748 5714 monita
1779 5659 1908 5714 dare
1935 5659 2206 5714 desineret
2227 5659 2326 5727 ipsi
2353 5673 2477 5727 per-

891 5750 1116 5806 suadere
1142 5767 1245 5805 non
1277 5762 1476 5821 posset,
1505 5753 1714 5808 necavit
1737 5753 1970 5808 tandem.
1999 5752 2136 5819 Quid
2159 5751 2318 5821 igitur
2347 5750 2475 5806 hinc

891 5841 1070 5897 damni
1101 5843 1200 5898 fuit
1225 5844 1364 5900 male
1390 5845 1600 5910 affecto,
1630 5846 1823 5916 quidve
1846 5845 2190 5900 emolumenti
2221 5842 2473 5899 facinoris

890 5938 1140 5993 auctori?
1189 5936 1301 5994 lmo
1349 5954 1512 6005 vero,
1559 5938 1683 6008 quid
1748 5952 1852 5993 non
1898 5937 2243 5994 emolumenti
2293 5935 2472 5993 occiso

1597 514 1654 569 S.
1695 510 1974 568 JOANNlS
2008 507 2480 567 CHRYSOSTOMI
2520 506 2842 563 ARCHIEP.
2883 510 3415 568 CONSTANTINUP.

4029 521 4130 575 525

2552 623 2749 690 Paulo,
2783 626 2908 693 quid
2941 643 3044 680 non
3077 630 3255 682 damni
3303 629 3510 683 nccanti
3548 626 3784 682 Neroni?
3825 647 4004 690 nonne
4048 635 4132 691 ille

2550 707 2761 777 quidem
2795 718 2850 761 ut
2901 713 3124 780 angelus
3172 713 3368 782 ubique
3403 723 3663 769 terrarum
3704 713 4131 774 ceiebratur‘tde

2554 802 2900 872 praesentibus
2954 806 3097 857 enim
3177 815 3380 860 tantum
3426 807 3648 876 loquor;
3689 804 3776 858 ille
3817 819 3948 858 vero
3998 817 4134 862 tam-

2552 911 2710 966 quam
2752 904 3031 962 corruptor
3073 896 3390 968 daemonque
3433 898 3580 954 ferox
3614 897 3752 968 apud
3789 910 3976 950 omnes
4000 899 4137 957 male

2553 988 2738 1042 audit?

2624 1079 2679 1131 4.
2707 1079 2781 1132 Ea
2800 1095 2928 1133 vero
2947 1091 3064 1147 qua:
3089 1076 3155 1129 ad
3173 1075 3407 1131 futuram
3431 1080 3591 1133 vitam
3616 1079 3901 1149 pertinent,
3927 1076 4137 1132 etiamsi

2556 1183 2653 1223 vos
2679 1184 2789 1224 non
2814 1171 3071 1233 credatis,
3097 1176 3313 1238 propter
3336 1170 3622 1224 credentes
3650 1181 3824 1226 tamen
3848 1183 4141 1225 memorare

2557 1277 2776 1318 necesse
2804 1274 2924 1326 est;
2958 1276 3274 1332 quamquam
3302 1275 3370 1314 ex
3397 1261 3493 1326 iis,
3511 1276 3630 1329 quae
3655 1277 3837 1317 coram
3868 1271 4022 1323 sunt,
4047 1274 4142 1314 vos

2557 1355 2720 1408 etiam
2750 1355 2854 1407 illis
2881 1355 3104 1409 credere
3133 1351 3437 1408 debueratis
3461 1367 3476 1402 :
3512 1366 3697 1405 verum
3725 1370 3940 1422 quoquo
3965 1354 4143 1408 animo

2560 1447 2674 1515 ipsa
2700 1447 3038 1514 acceperitis,
3071 1448 3316 1500 dicentur
3343 1460 3372 1498 a
3395 1443 3567 1507 nobis,
3593 1458 3690 1496 nec
3711 1448 4140 1500 occultabuntur.

2562 1539 2813 1607 Qumnam
2847 1539 3006 1608 igitur
3035 1538 3123 1592 illa
3150 1547 3310 1593 erunt
3333 1538 3356 1591 Ἰ
3384 1536 3540 1591 Miser
3568 1535 3678 1601 ille,
3707 1538 3986 1604 squalidus
4011 1581 4024 1603 ,
4049 1539 4142 1593 tri-

2565 1633 2664 1686 stis
2689 1672 2704 1695 ,
2738 1631 3022 1700 ignominia
3068 1632 3292 1685 obrutus
3331 1639 3385 1685 et
3413 1629 3665 1698 caligine,
3693 1627 3942 1682 demissis
3981 1633 4144 1684 oculis

2564 1723 2858 1778 abducetur
2883 1739 2970 1789 eo,
3009 1723 3098 1777 ubi
3137 1723 3337 1777 vermis
3369 1724 3457 1792 qui
3508 1737 3612 1775 non
3659 1721 3899 1784 moritur,
3934 1730 3988 1774 et
4014 1723 4146 1790 ignis

2564 1813 2655 1881 qui
2699 1827 2806 1865 non
2846 1813 3200 1882 exstinguitur
3235 1827 3250 1864 :
3302 1811 3490 1865 beatus
3549 1826 3676 1865 vero
3726 1809 3917 1863 Paulus
3961 1825 4144 1879 magna

2563 1919 2685 1958 cum
2727 1903 2919 1957 fiducia
2949 1905 3015 1957 ad
3055 1905 3226 1972 ipsum
3249 1903 3481 1957 adstabit
3504 1903 3842 1972 Imperatoris
3870 1901 4141 1969 thronum,

2561 1992 2847 2062 splendore
2877 1992 3118 2061 fulgens,
3153 2001 3403 2062 tantaque
3445 1994 3675 2047 amictus
3717 1994 3881 2061 gloria
3906 2034 3922 2058 ,
3952 2001 4010 2045 ut
4051 2009 4147 2046 nec

2563 2081 2766 2151 angelis
2791 2096 2891 2135 nec
2928 2081 3263 2149 arcltangclis
3294 2079 3516 2134 inferior
3545 2085 3635 2147 sit,
3670 2091 3977 2150 tantamque
4006 2098 4146 2135 mer-

2565 2173 2751 2229 cedem
2794 2175 3049 2244 recipiet,
3082 2182 3333 2242 quantam
3365 2173 3606 2240 recipere
3648 2190 3742 2242 par
3767 2185 3849 2228 est
3877 2174 4146 2228 hominem

2567 2267 2658 2336 qui
2688 2282 2782 2336 pro
2802 2267 2925 2327 ,Deo
2951 2266 3173 2336 ejusque
3202 2266 3409 2336 placitis
3450 2283 3646 2337 corpus
3679 2270 3695 2300 ¹
3727 2279 3884 2336 atque
3923 2268 4148 2321 animam

2569 2373 2720 2412 suam
2765 2358 3066 2413 tradiderit.
3098 2358 3172 2413 Ita
3203 2359 3345 2413 enim
3376 2375 3436 2413 se
3471 2374 3557 2414 res
3589 2361 3748 2414 habet
3777 2375 3790 2411 :
3824 2368 4004 2428 parata
4033 2359 4148 2427 qui-

2566 2449 2690 2502 dem
2712 2457 2796 2502 est
2821 2449 2906 2511 iis,
2933 2449 3024 2518 qui
3051 2449 3188 2504 bona
3219 2450 3429 2518 egerint
3452 2490 3465 2512 ,
3496 2450 3682 2518 ingens
3709 2450 4008 2511 retributio,
4040 2463 4150 2501 ma-

2564 2536 2653 2605 jor
2705 2548 2886 2592 autem
2931 2554 2993 2592 ea
3069 2533 3153 2592 est'
3203 2550 3365 2607 atque
3419 2540 3665 2604 auctior,
3715 2541 3930 2609 quoties
3973 2539 4006 2592 ii
4059 2538 4148 2607 qui

2566 2627 2708 2682 bona
2751 2639 3042 2698 operantur
3070 2670 3086 2692 ,
3151 2630 3385 2697 pericula
3445 2630 3891 2698 ignominiamque
3932 2627 4149 2682 multam

2566 2720 2813 2775 adierint.
2870 2720 3091 2773 Etiamsi
3157 2719 3356 2772 bonum
3429 2733 3565 2786 opus
3617 2719 3821 2787 aequale
3871 2719 3938 2771 sit
3987 2719 4039 2772 in
4088 2733 4153 2770 eo

2568 2812 2661 2882 qui
2720 2811 2836 2867 sine
2901 2811 3084 2866 labore
3121 2852 3136 2879 ,
3191 2820 3245 2865 et
3297 2811 3348 2864 in
3405 2824 3473 2865 eo
3537 2810 3625 2879 qui
3685 2823 3808 2863 cum
3872 2808 4054 2862 labore
4102 2809 4150 2860 id

2571 2903 2876 2974 perfecerit,
2904 2903 3138 2957 honores
3159 2913 3334 2957 tamen
3355 2911 3410 2956 et
3433 2917 3644 2955 corona;
3663 2915 3818 2969 pares
3849 2916 3950 2952 non
3975 2908 4144 2953 erunt.

2573 2994 2705 3049 Nam
2733 3002 2788 3049 et
2830 2995 2884 3048 in
2926 2993 3069 3049 bello
3097 3002 3384 3047 coronatur
3423 2991 3638 3061 quidem
3676 2991 3720 3044 is
3761 2992 3853 3058 qui
3891 2999 4147 3056 tropaeum

2574 3087 2793 3151 erexit;
2841 3086 3009 3140 multo
3058 3085 3230 3154 magis
3275 3093 3454 3137 tamen
3502 3083 3548 3136 is
3574 3082 3662 3151 qui
3691 3080 3904 3134 vulnera
3948 3095 4056 3148 pra:
4095 3093 4152 3133 se

2573 3178 2692 3237 fert.
2726 3192 2820 3246 per
2847 3193 2965 3246 qua:
3001 3187 3260 3246 troprcum
3301 3183 3540 3229 erectum
3570 3182 3673 3226 est.
3703 3171 3839 3237 Quid
3876 3182 4053 3225 autem
4087 3170 4156 3225 de

2575 3271 2876 3324 viventibus
2903 3271 3090 3339 loquor
3112 3312 3127 3333 ,
3155 3269 3370 3338 quando
3399 3279 3454 3323 et
3492 3269 3528 3322 ii
3567 3267 3655 3336 qui
3701 3266 3800 3320 hoc
3826 3274 4028 3318 tantum
4056 3263 4148 3316 de-

2574 3364 2767 3418 derunt
2801 3364 3012 3416 virtutis
3039 3361 3315 3426 iudicium,
3344 3369 3402 3414 ut
3443 3361 3498 3414 in
3535 3360 3674 3414 bello
3702 3358 3910 3412 fortiter
3938 3371 4154 3409 occum-

2575 3457 2783 3519 berent,
2814 3457 3053 3525 nihilque
3077 3455 3196 3525 plus
3224 3453 3573 3508 emolumenti
3614 3452 3728 3505 suis
3758 3449 4148 3520 przestiterunt,

2579 3560 2842 3619 tamquam
2875 3557 3174 3603 servatores
3217 3557 3270 3602 et
3309 3547 3514 3617 patroni
3561 3561 3660 3615 per
3701 3555 3862 3599 totam
3896 3542 4153 3598 Graeciam

2575 3641 2915 3696 celebrantur
2939 3641 2962 3694 ?
2992 3640 3201 3694 tametsi
3228 3653 3324 3692 vos
3351 3638 3465 3691 haec
3494 3637 3745 3706 ignoratis
3775 3677 3792 3701 ,
3818 3635 3944 3688 risui
3974 3641 4028 3688 et
4054 3631 4152 3686 de-

2575 3733 2711 3787 liciis
2738 3747 2955 3801 semper
2979 3730 3164 3785 dediti.
3196 3728 3350 3795 Quod
3377 3728 3420 3781 si
3447 3727 3670 3796 gentiles
3698 3727 3960 3789 homines,
3992 3723 4155 3777 nihil-

2573 3840 2676 3894 que
2700 3839 2887 3879 sanum
2915 3823 3225 3884 sentientes,
3256 3820 3307 3874 id
3333 3818 3630 3885 eonSpicari
3653 3825 3936 3886 potuerunt
3959 3856 3974 3880 ,
4005 3829 4154 3868 sum-

2574 3915 2784 3984 misque
2838 3913 3125 3967 honoribus
3175 3908 3486 3980 prosequuti
3523 3916 3648 3961 sunt
3674 3921 3767 3960 eos
3791 3948 3805 3970 ,
3839 3905 3927 3975 qui
3976 3918 4071 3973 pro
4095 3917 4156 3957 se

2575 4007 2842 4069 obierunt,
2882 4005 3116 4072 nihilque
3145 4004 3502 4070 prmstiterunt
3547 3999 3792 4066 amplius,
3821 4005 4019 4066 quanto
4040 4009 4155 4048 ma-

2577 4097 2656 4165 gis
2677 4096 2920 4150 Christus
2952 4096 3050 4148 hoc
3078 4093 3254 4158 faciet,
3287 4091 3377 4160 qui
3403 4104 3614 4158 semper
3637 4098 3689 4142 et
3717 4087 3908 4155 ubique
3928 4099 4038 4148 eos,
4064 4085 4153 4151 qui

2579 4195 2794 4257 propter
2835 4201 2892 4239 se
2943 4185 3175 4254 pericula
3231 4183 3464 4245 adeunt,
3521 4177 3831 4248 largissimis
3891 4175 4044 4229 donis
4094 4190 4158 4227 ac

2579 4279 2811 4349 prmmiis
2841 4277 3098 4344 superat?
3129 4275 3310 4342 Neque
3349 4272 3490 4325 enim
3522 4267 4016 4339 persequutionibus
4041 4273 4154 4319 tan-

2579 4380 2709 4433 tum,
2740 4377 2830 4422 aut
2856 4367 3189 4430 verberibus,
3213 4373 3302 4417 aut
3330 4361 3653 4426 carceribus,
3681 4358 4038 4426 cmdihusque,
4062 4355 4154 4409 sed

2582 4460 2743 4514 etiam
2775 4456 3114 4512 contumeliis
3139 4454 3562 4521 conviciosisque
3585 4451 3783 4515 verbis,
3811 4447 4024 4517 praemia
4058 4461 4152 4514 po-

2580 4550 2686 4602 suit
2713 4549 2965 4600 maxima.
2988 4546 3130 4598 Beati
3159 4545 3322 4608 enim,
3352 4543 3540 4612 inquit,
3565 4542 3700 4594 eritis
3721 4557 3837 4592 cum
3860 4555 3945 4592 vos.
3963 4537 4156 4591 oderim

2583 4641 2826 4703 homines,
2843 4648 2886 4691 et
2901 4653 3012 4689 cum
3026 4638 3364 4707 separaverint
3380 4650 3486 4697 vos,
3505 4643 3548 4684 et
3566 4626 4160 4698 exprebraverint,eteje—

2581 4734 2740 4788 cerint
2777 4749 2956 4785 nomen
2984 4740 3197 4784 vestrum
3219 4739 3475 4797 tamquam
3503 4727 3710 4787 malum,
3737 4731 3937 4790 propter
3963 4717 4158 4772 Filium

2581 4827 2814 4881 hominis.
2841 4823 3065 4878 Gaudete
3083 4823 3133 4874 in
3147 4822 3234 4874 illa
3252 4821 3333 4872 die
3349 4829 3394 4871 et
3409 4817 3655 4871 exsultute
3673 4829 3690 4865 :
3707 4829 3816 4865 ecce
3828 4813 3957 4864 enim
3972 4826 4159 4863 nte-ce:

2579 4929 2741 4975 vestra
2783 4916 2943 4971 multa
2989 4924 3061 4969 est
3100 4915 3155 4966 in
3203 4912 3340 4964 cwlis
3383 4908 3558 4981 (Luc.
3588 4909 3640 4959 6.
3668 4905 3756 4957 2:2.
3787 4901 3918 4970 '23).
3967 4900 4022 4956 Si
4065 4900 4159 4968 igi-

2583 5024 2666 5068 tur
2692 5020 2748 5066 et
2780 5011 2886 5080 pati
2924 5017 2980 5063 et
3025 5006 3209 5060 audire
3241 5003 3414 5068 male,
3461 4998 3775 5069 patientibus
3803 4994 4044 5062 maleque
4065 5008 4157 5044 au-

2582 5103 2850 5161 dientibus
2899 5097 3202 5155 mercedem
3249 5102 3440 5164 auget,
3472 5093 3560 5163 qui
3609 5089 3830 5160 impedit
3873 5085 4158 5156 quominus

2582 5201 2854 5272 patiantur
2903 5203 2958 5250 et
2998 5193 3135 5248 male
3183 5190 3430 5252 audiant,
3475 5201 3579 5240 non
3631 5183 3764 5245 hos,
3795 5178 3888 5232 sed
3930 5191 4022 5230 eos
4065 5175 4157 5244 qui

2581 5270 2721 5349 male
2748 5292 2946 5346 faciunt
2970 5296 3023 5341 et
3047 5284 3264 5349 dicunt,
3288 5283 3454 5351 juvat.
3487 5277 3596 5333 Eos
3623 5275 3764 5329 enim
3796 5270 3968 5339 potius
3993 5282 4162 5322 nocu-

2583 5392 2764 5439 mento
2790 5381 2984 5444 affecit,
3011 5374 3220 5446 quando
3243 5372 3497 5440 majorem
3527 5367 3669 5420 illam
3697 5359 3997 5415 mercedem
4025 5371 4161 5426 pra:-

2584 5475 2747 5539 cidit,
2776 5482 2828 5525 et
2856 5470 3028 5541 gaudii
3066 5464 3542 5528 exsultationisque
3570 5455 3844 5510 materiam
3877 5451 4005 5520 ipsis
4031 5448 4160 5500 abs—

2584 5568 2724 5623 tulit.
2776 5564 3032 5634 Quocirca
3087 5561 3277 5615 horum
3328 5553 3543 5623 quidem
3607 5563 3764 5605 causa
3823 5547 3936 5600 haec
4001 5541 4159 5596 etiam

2584 5661 2744 5717 silere
2768 5633 2817 5714 et
2845 5660 3091 5712 omittere
3119 5652 3283 5706 satius
3314 5647 3538 5702 fortasse
3570 5642 3774 5705 fuerat;
3804 5655 3920 5710 qua:
3961 5633 4156 5688 scilicet

2583 5753 2712 5826 ipsis
2742 5765 2960 5822 magnas
2989 5749 3248 5801 bonorum
3279 5739 3487 5795 divitias
3517 5738 3877 5808 majuremque
3916 5724 4155 5782 ﬁduciam

2653 5945 2670 5976 ⁸
2707 5946 2873 5999 Deest,
2894 5947 3084 5997 corpus,
3105 5934 3152 5982 iu
3168 5931 3355 5980 duobus
3377 5935 3484 5977 Mss.
