4516 6698
292 504 401 560 525

282 621 469 675 λαϐεῖν
490 639 608 676 τινα
637 623 783 695 παρὰ
815 622 909 676 τοῦ
937 620 1342 692 πολεμουμένου
1388 616 1524 670 Θεοῦ
1550 615 1721 686 ῥοπὴν
1748 616 1828 677 είς
1853 616 1953 687 τὴν

283 710 527 783 ἰατρείαν
542 711 648 765 τῶν
674 710 1055 781 πολεμούντων
1082 706 1263 760 αὐτόν·
1298 701 1416 775 [48]
1445 701 1606 756 δώσει
1643 701 1701 754 δὲ
1736 700 1955 764 πάντως

280 799 662 871 φιλάνθρωπός
683 817 742 853 τε
763 798 861 863 ῶν,
890 795 985 850 καὶ
1012 795 1106 848 τὸν
1129 791 1358 845 θάνατον
1389 789 1466 861 μὴ
1505 788 1828 859 βουλόμενος
1855 787 1952 842 τοῦ

279 887 628 960 ἀμαρτωλοῦ,
657 887 734 949 ὡς
788 884 850 938 τὸ
895 878 1225 949 ἐπιπρέψαι
1273 877 1441 932 αὑτὸν
1483 877 1578 929 καὶ
1611 875 1731 948 ζῇν.
1767 875 1955 939 Οὕτως

278 973 615 1046 ἀποπέμψας
658 972 891 1032 ἐκεῖνον,
926 967 1035 1020 τῶν
1077 966 1254 1035 λόγων
1295 964 1548 1036 ἡπτόμην
1583 964 1807 1018 τούτων.
1840 962 1955 1017 Καὶ

277 1062 390 1134 γάρ
424 1065 472 1116 εί
500 1064 600 1133 μὲν
626 1059 783 1114 τοῦτο
815 1057 976 1127 μόνον
1002 1050 1071 1126 ἦν
1099 1055 1160 1108 τὸ
1187 1055 1380 1118 δεινὸν,
1410 1055 1472 1109 τὸ
1493 1056 1619 1119 τοὺς
1644 1053 1833 1123 ἁγίους
1855 1050 1951 1105 τοῦ

277 1150 416 1203 Θεοῦ
449 1151 544 1204 καὶ
575 1146 924 1216 θαυμαστοὺς
942 1143 1140 1214 ἄνδρας
1160 1144 1399 1209 ἐκείνους
1414 1142 1666 1198 ἐλκεσθαι
1690 1140 1786 1196 καὶ
1811 1157 1951 1193 σπα-

280 1235 580 1307 ράσσεσθαι
606 1231 937 1301 συρομένους
961 1231 1041 1293 είς
1058 1230 1406 1304 δικαστήρια,
1435 1232 1529 1285 καὶ
1557 1228 1949 1299 τυπτομένους,

278 1324 375 1375 καὶ
402 1320 471 1373 τὰ
495 1319 629 1373 ἀλλα
658 1319 985 1388 πάσχοντας,
1011 1317 1154 1390 ἀπερ
1177 1318 1525 1389 διηγησάμην
1546 1318 1691 1387 ἀρτι,
1713 1312 1951 1386 μηδεμία

274 1408 337 1460 δὲ
388 1406 499 1461 ἀπὸ
542 1404 747 1459 τούτων
785 1407 867 1469 είς
897 1404 997 1478 τὴν
1022 1405 1128 1460 τῶν
1153 1406 1327 1460 ταῦτα
1359 1403 1681 1474 τολμώντων
1709 1398 1951 1469 κεφαλὴν

276 1492 537 1563 ἐτρέπετο
569 1489 761 1564 βλάϐη,
795 1494 1047 1547 τοσοῦτον
1073 1492 1310 1563 ἀπέσχον
1332 1491 1569 1560 ἀλγῆσαι
1594 1491 1706 1550 τοῖς
1729 1486 1950 1554 γινομέ-

274 1595 410 1641 νοις,
431 1579 515 1631 ὄτι
546 1578 649 1632 κᾶν
669 1579 907 1648 ἐγέλασα
926 1581 1128 1653 σφόδρα
1145 1580 1266 1652 ἡδὺ,
1284 1581 1380 1633 καὶ
1399 1576 1619 1647 δαψιλὲς
1644 1574 1731 1627 ἐπ’
1744 1574 1948 1636 αὐτοῖς·

273 1668 399 1720 ἐπεὶ
419 1667 515 1721 καὶ⁸
530 1666 598 1721 τά
618 1668 803 1721 παιδία
836 1667 905 1722 τά
929 1668 1119 1739 μικρὰ,
1141 1668 1269 1721 ὅταν
1292 1666 1391 1738 μὲν
1413 1662 1713 1725 ἀκινδύνως
1740 1661 1953 1733 πλήττῃ

270 1751 375 1816 τάς
405 1754 667 1825 μητέρας,
689 1754 856 1809 πολὺν
878 1757 1021 1807 κινεῖ
1041 1754 1131 1807 τὸν
1155 1753 1369 1822 γέλωτα
1399 1753 1519 1817 ταῖς
1554 1748 1952 1821 πληττομέναις

273 1839 487 1904 αὑταῖς,
518 1842 612 1895 καὶ
637 1840 955 1912 δσφπέράν
984 1841 1049 1895 ἐκ
1079 1837 1323 1904 πλείονος
1343 1838 1503 1893 τοῦτο
1540 1835 1950 1910 ἐργάζηταιτοῦ

274 1925 472 1998 θυμοῦ,
510 1923 765 1984 τοσοῦτον
793 1928 994 2000 μᾶλλον
1016 1929 1207 1993 αὐταῖς
1233 1926 1490 1983 ἐπιτείνει
1521 1929 1620 1998 τὴν
1637 1926 1852 1998 ἡδονὴν,
1873 1924 1948 1991 ὡς

273 2017 372 2069 καὶ
398 2015 699 2086 διαχεῖσθαι
724 2016 823 2070 καὶ
843 2015 1180 2071 ἀνακλᾶσθαι
1206 2015 1285 2087 τῷ
1302 2016 1523 2086 γέλωτι·
1545 2017 1594 2069 εί
1632 2015 1691 2068 δὲ
1708 2013 1788 2085 τῷ
1823 2030 1947 2067 συν-

273 2102 415 2173 εχῶς
430 2103 524 2158 καὶ
540 2104 812 2172 ραγδαίως
828 2102 985 2157 τοῦτο
997 2106 1170 2159 ποιεῖν
1186 2103 1417 2175 τρωθείη
1434 2103 1622 2174 ποτέ,ῆ
1643 2102 1861 2172 βελόνης
1869 2100 1949 2171 τῷ

271 2189 578 2261 χιτωνίσκῳ
597 2191 698 2260 τῆς
719 2190 923 2262 μητρὸς
940 2190 1068 2262 περὶ
1086 2190 1186 2261 τὴν
1210 2189 1385 2260 ζώνην
1406 2188 1945 2264 ἐμπεπερονημένης,

271 2289 307 2358 ἢ
324 2288 427 2358 τῆς
453 2290 703 2360 κερκίδος
733 2290 839 2361 πρὸ
864 2289 975 2344 τῶν
1000 2290 1238 2362 στέρνων
1260 2290 1369 2343 τῶν
1385 2290 1665 2361 μητρικῶν
1681 2291 1779 2360 τὴν
1794 2291 1950 2358 χεῖρα

271 2388 371 2442 τοῦ
398 2388 585 2454 παιδὸς
606 2389 924 2461 δεξαμένης,
942 2392 1064 2444 τότε
1091 2390 1178 2462 δὴ,
1208 2391 1352 2456 τότε,
1386 2392 1478 2445 τὸν
1504 2394 1715 2460 γέλωτα
1751 2392 1951 2461 ἀφεῖσα

270 2486 308 2555 ἡ
345 2485 551 2556 μήτηρ,
589 2484 798 2555 μείζονι
824 2485 918 2540 τοῦ
949 2487 1248 2557 πληγέντος
1276 2488 1608 2561 περιωδυνίᾳ
1639 2489 1947 2560 κατέχεται·

271 2581 369 2635 καὶ
394 2581 537 2644 τέως
581 2580 681 2651 μὲν
705 2580 997 2653 θεραπεύει
1023 2584 1084 2637 τὸ
1110 2583 1352 2655 τραῦμα,
1386 2585 1481 2638 τοῦ
1509 2584 1695 2639 λοιποῦ
1723 2586 1782 2639 δὲ
1813 2586 1953 2657 μετά

272 2675 514 2745 σφοδρᾶς
552 2676 884 2747 ἀπαγορεύει
914 2679 1014 2750 τῆς
1044 2680 1275 2751 ἀπειλῆς
1304 2680 1373 2735 τά
1398 2680 1624 2736 τοιαῦτα
1655 2681 1731 2753 μὴ
1754 2685 1947 2747 ποιεῖν,

270 2769 350 2834 ὡς
377 2772 575 2842 μηκέτι
598 2771 791 2827 παθεῖν
806 2773 876 2827 τά
906 2774 1062 2829 αύτά.
1090 2776 1202 2830 Καὶ
1229 2778 1391 2847 ἡμεῖς
1421 2778 1602 2832 τοίνυν
1627 2777 1697 2831 τά
1722 2778 1861 2833 αύτά
1883 2779 1951 2834 ἂν

271 2866 608 2941 ἐδράσαμεν,
645 2870 695 2923 εί
727 2870 821 2924 τὸν
846 2871 1093 2925 παιδικὸν
1118 2871 1307 2927 τοῦτον
1338 2873 1600 2944 ἐωρῶμεν
1630 2874 1822 2945 θυμὸν,
1856 2878 1950 2932 καὶ

269 2962 371 3035 τὴν
393 2966 502 3018 τῶν
525 2967 734 3036 νηπίων
759 2967 995 3038 πληγὴν,
1029 2967 1106 3040 μὴ
1150 2968 1326 3039 μέγαν
1375 2969 1560 3034 αὐτοῖς
1602 2970 1693 3023 τὸν
1729 2972 1952 3043 δλεθρον

271 3060 568 3131 φέρουσαν·
583 3061 770 3133 ἐπειδὴ
784 3062 840 3117 δέ
860 3064 1057 3134 μικρὸν
1075 3063 1323 3135 ὕστερον,
1337 3065 1443 3119 κᾶν
1458 3065 1534 3137 μὴ
1546 3066 1642 3121 νῦν
1657 3067 1951 3124 αἴσθωνται

271 3155 353 3227 τῷ
377 3156 536 3228 θυμῷ
555 3158 1241 3230 κατεχόμενοι,κλαύσουσι
1272 3163 1367 3217 καὶ
1393 3161 1686 3235 οίμώξουσι
1716 3166 1812 3219 καὶ
1833 3165 1954 3220 ὀδυ-

273 3252 495 3323 ροῦνται
514 3294 530 3320 ,
559 3255 619 3309 ού
665 3254 907 3310 τοιοῦτον
930 3256 1184 3330 ὀδυρμδν,
1204 3253 1319 3313 οἷον
1346 3258 1417 3314 τά
1447 3261 1637 3316 παιδία
1658 3261 1729 3316 τά
1759 3263 1949 3336 μικρά,

270 3347 414 3403 ἀλλά
449 3348 541 3403 τὸν
572 3351 632 3403 ἐν
666 3350 748 3422 τῷ
778 3351 960 3406 σκότει
991 3353 1071 3424 τῷ
1099 3352 1372 3427 ἐξωτέρω,
1405 3356 1497 3410 τὸν
1519 3359 1577 3412 ἐν
1606 3357 1684 3429 τῷ
1711 3361 1846 3431 πυρὶ
1873 3361 1953 3431 τῷ

272 3443 544 3515 ἀσϐέστῳ·
572 3446 634 3500 τὸ
654 3447 786 3502 αὐτὸ
805 3447 970 3502 πάλιν
983 3450 1105 3513 ταῖς
1136 3451 1375 3523 μητράσι
1409 3454 1745 3524 ποιήσωμεν,
1764 3455 1953 3509 τοσοῦ-

274 3558 367 3594 τον
383 3543 563 3597 αὐτῶν
580 3544 1002 3610 διαλλάττοντες,
1027 3548 1150 3601 ὅσον
1170 3549 1231 3601 ού
1245 3549 1365 3617 μετ’
1381 3548 1611 3621 ἀπειλῆς
1633 3550 1727 3605 καὶ
1741 3550 1952 3623 ὕϐρεως

275 3638 532 3711 καθάπερ
556 3642 760 3696 ἐκεῖναι
780 3683 796 3705 ,
831 3642 967 3697 ἀλλά
998 3642 1136 3714 μετά
1166 3642 1457 3707 κολακείας
1488 3644 1585 3699 καὶ
1622 3648 1954 3719 προσηνείας

275 3733 483 3806 πολλῆς
505 3737 643 3808 πρὸς
664 3737 734 3791 τὰ
777 3738 967 3792 παιδία
998 3739 1172 3794 ταῦτα
1219 3739 1595 3812 διαλεξόμεθα·
1624 3742 1746 3796 ἐπεὶ
1784 3743 1866 3797 ὅτι
1889 3760 1952 3813 γε

274 3834 391 3897 τοῖς
429 3833 603 3902 ἁγίοις
626 3834 853 3906 οὐδεμία
882 3836 992 3891 ἀπὸ
1019 3836 1224 3891 τούτων
1250 3838 1285 3909 ἡ
1318 3837 1513 3909 βλάϐη,
1542 3838 1680 3893 ἀλλά
1716 3841 1808 3895 καὶ
1834 3841 1955 3911 μεί-

274 3931 387 3994 ζων
401 3930 430 3983 6
448 3930 638 4002 μισθὸς
654 3932 750 3985 καὶ
775 3932 1023 4005 πλείωνή
1043 3935 1345 4007 παρρησία.
1372 3938 1469 3990 Ἂν
1492 3938 1590 4009 μὲν
1609 3937 1679 3991 τὰ
1695 3937 1956 4010 μέλλοντα

277 4028 524 4099 εἴπωμεν
551 4030 754 4099 ἀγαθὰ,
779 4033 921 4102 τάχα
946 4032 1041 4087 καὶ⁵
1069 4033 1364 4103 γελάσεσθε
1390 4035 1555 4106 μέγα,
1589 4036 1685 4091 ἀτε
1715 4036 1957 4094 τοιοῦτον

275 4125 367 4179 ἀεὶ⁵
398 4126 611 4195 γέλωτα
645 4129 975 4200 μελετῶντες
993 4132 1157 4204 γελᾷν
1176 4149 1193 4164 ·
1221 4134 1334 4196 τοῖς
1356 4132 1415 4187 δὲ
1443 4133 1700 4206 παροῦσι,
1726 4135 1833 4190 κᾶν
1862 4154 1961 4208 μυο

280 4223 466 4295 ριάκις
491 4219 589 4296 ἦτε
630 4227 1011 4296 φιλογέλωτες,
1041 4231 1146 4284 οὐκ
1193 4229 1549 4303 ἀπιστήσετε·
1579 4232 1700 4287 οὐδὲ
1733 4233 1865 4307 γὰρ,
1893 4234 1961 4288 ἂν

276 4319 523 4392 ἐθέλητε,
556 4320 871 4394 δυνήσεσθε,
905 4325 1019 4379 τῶν
1050 4326 1393 4398 πραγμάτων
1430 4330 1559 4400 ὑμῖν
1595 4328 1770 4392 οὕτως
1810 4331 1959 4384 ἀντι-

278 4414 665 4487 φθεγγομένων
689 4420 887 4476 αὐτῶν.

351 4510 457 4564 Τὸν
510 4512 739 4584 Νέρωνα
792 4516 1011 4581 πάντως
1061 4519 1288 4573 ἀκούετε
1326 4517 1586 4593 (καὶγὰρ
1633 4522 1902 4594 ἐπίσημος
1932 4523 1962 4576 6

280 4606 424 4678 ἀνὴρ
481 4608 590 4662 ἀπὸ
634 4609 735 4679 τῆς
787 4612 1074 4680 ἀσελγείας
1106 4616 1323 4684 ἐγένετο
1351 4628 1391 4686 ⁸,
1445 4620 1660 4691 πρῶτος
1688 4622 1780 4675 καὶ
1803 4620 1962 4691 μόνος

282 4702 459 4775 εὑρὼν
510 4705 569 4758 ἐν
622 4706 763 4777 ἀρχῇ
814 4708 1039 4781 τοιαύτῃ
1087 4714 1307 4777 καινούς
1338 4733 1491 4780 τινας
1528 4719 1824 4784 ἀκολασίας
1868 4719 1963 4773 καὶ

283 4803 671 4875 ἀσχημοσύνης
693 4806 972 4877 τρόπους·)
997 4803 1147 4872 οὗτος
1168 4810 1196 4861 6
1216 4811 1407 4881 Νέρων
1418 4815 1508 4867 τὸν
1530 4817 1800 4887 μακάριον
1816 4816 1965 4871 Παῦ-

282 4901 375 4956 λον
396 4902 627 4975 (καὶγὰρ
656 4902 809 4974 ἔτυχε
828 4902 967 4956 κατά
981 4904 1107 4966 τοὺς
1119 4904 1315 4970 αὐτοὺς
1335 4909 1527 4981 ἐκείνῳ
1541 4912 1829 4982 γενόμενος
1844 4912 1965 4983 χρόα

284 4998 432 5069 νους)
453 4998 677 5053 τοιαῦτα
706 4998 972 5068 ἐγκαλῶν,
996 4993 1192 5070 οἷάπερ
1213 5001 1370 5072 ὑμεῖς
1384 5003 1533 5067 b101‘;
1559 5006 1734 5075 άγίοις
1752 5006 1963 5073 τούτοις

286 5095 514 5167 ἀνδράσι
541 5096 867 5167 (παλλακίδα
891 5096 999 5169 γὰρ
1025 5097 1190 5151 αὐτοῦ
1215 5099 1420 5171 σφόδρα
1442 5100 1742 5172 ἐπέραστον
1769 5104 1965 5169 πείσας

286 5189 381 5243 τὸν
402 5192 531 5262 περὶ
551 5193 650 5264 τῆς
667 5181 899 5257 πίστεως
916 5192 1166 5257 δέξασθαι
1187 5194 1363 5265 λόγον,
1384 5196 1598 5250 ἔπειθεν
1610 5198 1745 5269 ὁμοῦ
1762 5201 1855 5254 καὶ
1864 5202 1964 5271 τῆς

289 5286 599 5359 ἀκαθάρτου
629 5292 913 5356 συνουσίας
927 5286 1305 5363 ἀπαλλαγῆναι
1321 5294 1499 5367 ἐκείνη
1507 5296 1575 5367 ς)·
1593 5298 1818 5353 τοιαῦτα
1834 5301 1967 5368 γοῦν

296 5386 539 5451 ἐγκαλῶν
571 5392 798 5455 ἐκεῖνος,
840 5391 934 5445 καὶ
980 5391 1231 5460 λυμεῶνα
1255 5392 1349 5445 καὶ
1375 5392 1572 5447 πλάνον
1603 5395 1696 5448 καὶ
1715 5397 1782 5449 τὰ
1803 5398 1962 5464 αύτά,

293 5478 438 5551 ἆπερ
462 5483 619 5551 ὑμεῖς
640 5487 963 5558 φθέγγεσθε,
985 5488 1099 5561 [49]
1116 5489 1207 5541 τὸν
1223 5488 1430 5541 Παῦλον
1453 5490 1761 5555 ἀποκαλῶν,
1782 5492 1842 5546 τὸ
1868 5493 1967 5564 μὲν

301 5577 509 5647 πρῶτον
540 5580 755 5651 ἔδησεν,
791 5586 867 5651 ώς
897 5587 953 5641 δὲ
985 5588 1085 5640 ούκ
1133 5586 1313 5640 ἔπειθε
1357 5586 1455 5656 τῆς
1496 5588 1632 5658 πρὸς
1669 5588 1764 5659 τὴν
1798 5591 1966 5661 κόρην

295 5677 628 5752 ἀποσχέσθαι
682 5685 1008 5756 συμϐουλῆς,
1060 5686 1212 5749 τέλος
1257 5684 1559 5738 ἀπέκτεινε.
1603 5686 1667 5737 Τί
1722 5685 1815 5740 οὖν
1859 5689 1967 5742 ἀπὸ

302 5771 480 5825 τούτου
508 5776 695 5843 γέγονε
727 5777 921 5845 βλάϐος
946 5781 1024 5852 τῷ
1060 5783 1284 5836 παθόντι
1336 5780 1553 5845 κακῶς;
1592 5782 1643 5833 τί
1682 5782 1739 5834 δὲ
1778 5784 1968 5852 ὄφελος

299 5868 372 5940 τῷ
400 5869 657 5942 δράσαντι
684 5875 897 5941 κακῶς;
920 5880 970 5930 τί
1007 5882 1106 5949 μὲν
1159 5882 1256 5934 οὐκ
1288 5879 1477 5951 ὄφελος
1505 5878 1582 5950 τῷ
1608 5880 1725 5932 τότε
1748 5882 1968 5953 ἀναιρε-

360 6027 378 6095 ξ
406 6029 539 6095 Ιξηιιε
562 6031 710 6095 habf‘t
734 6034 925 6095 ἐγίνετο.

364 6090 393 6132 h
416 6093 555 6142 Alius
577 6094 741 6149 οίάπεο
759 6090 888 6151 Spei;
913 6095 1007 6143 v-‘Jv.
1035 6098 1143 6147 Μαι
1171 6102 1217 6149 in
1242 6105 1337 6152 alio
1357 6104 1462 6152 cod.
1486 6104 1573 6161 γάο
1594 6104 1755 6154 deest.

706 6186 978 6251 PATROL.
1030 6195 1144 6253 Gn.
1198 6200 1247 6257 Χ
1264 6201 1443 6259 LVII.

1109 503 1487 561 ADVERSUS
1526 498 2085 557 OPPUGNATORES
2124 496 2307 553 VITIE
2344 492 2643 550 MONAST.
2682 494 2812 547 LIB.
2853 489 2890 547 Ι.

3618 494 3687 539 52
3696 496 3732 540 0

2058 614 2203 668 θέντι
2231 612 2448 680 Παύλῳς
2479 610 2532 662 τί
2555 610 2611 663 δέ
2638 610 2697 662 ού
2736 606 2930 678 βλάϐος
2948 604 3027 675 τῷ
3056 602 3297 657 ἀνελόντι
3325 600 3568 670 Νέρωνι;
3591 598 3692 670 οὐχ
3709 600 3738 651 6

2062 703 2162 773 μὲν
2183 701 2373 769 ῶσπερ
2396 695 2624 763 ἅγγελος
2646 690 2926 762 πανταχοῦ
2958 692 3056 761 τῆς
3084 686 3410 773 οἰκουμένης
3430 685 3614 773 ᾄδεται
3647 686 3739 773 (τά

1994 790 2007 797 ’
2058 770 2167 859 γὰρ
2187 783 2432 856 παρόντα
2457 783 2593 847 τέως
2634 779 2787 852 ἐρῶ)·
2820 779 2849 831 6
2879 776 2959 841 δὲ,
2983 776 3171 846 ὥσπερ
3201 773 3371 836 ὅντως
3397 770 3613 840 λυμεὼν
3643 771 3739 824 καὶ

2058 874 2269 945 δαίμων
2301 872 2491 940 άγριος
2511 870 2649 941 πρὸς
2682 867 2892 928 πάντας
2913 861 3260 933 διαϐέϐληται
3282 876 3297 925 ;

2126 942 2219 1012 δῆε
2236 957 2318 1011 Τά
2345 955 2402 1009 δὲ
2428 956 2561 1021 ἐκεῖ,
2579 954 2682 1010 κᾶν
2699 954 2856 1024 ὑμεῖς
2879 949 3238 1020 ἀπιστήσητε,
3259 947 3347 1001 διά
3373 945 3502 1011 τοὺς
3519 942 3743 998 πιστεύ-

2055 1062 2218 1108 οντας
2254 1043 2550 1112 ἀναγκαῖον
2585 1044 2779 1095 εἰπεῖν·
2813 1038 2992 1094 καίτοι
3017 1037 3163 1107 ὑμᾶς
3182 1034 3291 1088 ἀπὸ
3315 1032 3423 1086 τῶν
3453 1030 3740 1104 παρόντων

2059 1132 2339 1195 κάκείνοις
2367 1129 2647 1184 πιστεύειν
2666 1129 2851 1200 ἐχρῆν·
2871 1126 3012 1196 πλὴν
3034 1124 3150 1179 ἀλλ’
3171 1123 3322 1185 ὅπως
3345 1119 3411 1174 ἀν
3435 1118 3572 1189 πρὸς
3599 1116 3741 1171 αὐτὰ

2057 1218 2353 1283 διάκεισθε,
2389 1217 2670 1289 εἰρήσεται
2688 1214 2818 1285 παρ’
2841 1213 3022 1284 ἡμῶν,
3038 1212 3133 1265 καὶ
3151 1211 3212 1264 ού
3230 1206 3588 1281 κεκρύψεται.
3604 1206 3740 1259 Τίνα

2061 1302 2155 1362 οὖν
2181 1306 2335 1360 ἐσται
2360 1304 2429 1359 τά
2458 1306 2576 1358 ἐκεῖ
2592 1321 2608 1370 ;
2626 1304 2685 1357 Ὀ
2709 1302 2807 1372 μέν
2823 1300 3004 1363 άθλιος
3033 1299 3126 1352 καὶ
3139 1298 3489 1369 ταλαίπωρος
3508 1296 3738 1357 ἐκεῖνος,

2058 1395 2284 1466 αὐχμῶν
2300 1393 2395 1448 κα)⁸
2412 1390 2683 1463 κατηφὴς,
2701 1387 2965 1460 αἰσχύνης
2979 1386 3168 1457 γέμων
3186 1385 3282 1439 καὶ
3297 1385 3491 1453 ζόφου,
3519 1384 3617 1438 καὶ
3636 1381 3740 1437 κά·-

2056 1501 2134 1537 τω
2158 1483 2350 1546 νεύων,
2369 1481 2756 1552 ἀπαχθήσεται
2782 1476 2910 1531 ἔνθα
2931 1478 2961 1530 6
2983 1473 3198 1543 σκώληξ
3222 1473 3250 1526 6
3274 1471 3630 1541 ἀτελεύτητος
3643 1471 3743 1525 καὶ

2055 1568 2118 1622 τὸ
2145 1568 2257 1639 πῦρ
2289 1569 2352 1622 τὺ
2380 1568 2664 1623 ἄσϐεστον·
2699 1568 2728 1619 6
2758 1564 2818 1618 δέ
2854 1561 3122 1634 μακάριος
3138 1559 3350 1623 Παῦλος
3376 1557 3516 1630 μετά
3539 1556 3740 1628 πολλῆς

2060 1655 2319 1725 στήσεται
2347 1656 2449 1724 τῆς
2494 1652 2806 1725 παρρησίας
2857 1652 2985 1721 παρ’
3012 1649 3173 1702 αὑτὸν
3220 1647 3317 1701 τοῦ
3352 1646 3621 1717 βασιλέως
3648 1644 3743 1698 τὸν

2059 1739 2246 1811 θρόνον
2260 1739 2531 1811 λαμπρῶς
2566 1737 2934 1795 ἀποστίλϐων.
2952 1735 3048 1789 καὶ
3072 1733 3231 1798 δόξαν
3250 1732 3627 1804 ἠμφιεσμένος
3653 1747 3743 1785 το-

2059 1827 2298 1898 σαύτην,
2345 1826 2422 1891 ώς
2457 1826 2623 1897 μηδὲν
2658 1823 2770 1878 τῶν
2805 1823 3053 1892 ἀγγέλων
3084 1823 3180 1875 καὶ
3229 1821 3340 1873 τῶν
3386 1818 3742 1892 ἀρχαγγέλων

2055 1915 2294 1981 ἀποδεῖν,
2309 1915 2403 1969 καὶ
2420 1912 2678 1967 τοσοῦτον
2705 1911 2935 1983 λήψεται
2962 1911 3053 1965 τὸν
3077 1908 3290 1981 μισθὸν,
3321 1908 3446 1962 ὅσον
3482 1906 3629 1969 εἰκὸς
3657 1906 3745 1959 ἀνα

2056 2004 2273 2076 θρωπον
2318 2001 2479 2074 σῶμα
2504 2001 2530 2040 ἀ
2568 2000 2665 2054 καὶ
2702 1999 2801 2071 τὴν
2827 1999 3007 2070 ψυχὴν
3032 1997 3144 2050 τῶν
3173 1995 3251 2068 τῷ
3283 1994 3403 2066 Θεῷ
3443 1993 3746 2048 δοκούντων

2054 2093 2241 2147 ἕνεκεν
2270 2090 2544 2146 ἐπιδόντα.
2572 2089 2685 2143 Καὶ
2710 2088 2820 2160 γάρ
2842 2087 3015 2151 οὕτως
3051 2087 3185 2157 ἔχει·
3217 2086 3409 2140 Κεῖται
3445 2083 3543 2155 μὲν
3575 2079 3746 2151 πολλὴ

2054 2181 2168 2242 τοῖς
2197 2177 2267 2231 τά
2302 2176 2488 2246 ἀγαθά
2536 2174 2927 2247 ἐργαζομένοις
2960 2172 3247 2236 ἀντίδοσις,
3289 2171 3489 2243 μείζων
3518 2169 3576 2223 δὲ
3602 2167 3742 2238 αῦτη

2056 2264 2153 2317 καὶ
2188 2263 2393 2317 πλείων
2424 2262 2656 2331 γίνεται,
2674 2262 2804 2315 ὅταν
2834 2262 2929 2315 κα)⁵
2946 2261 3035 2314 διὰ
3058 2258 3319 2313 κινδύνων
3356 2257 3477 2311 ἴωσι
3506 2256 3602 2310 καὶ
3628 2255 3746 2309 ἀτι-

2060 2350 2191 2420 μίας
2218 2350 2422 2420 πολλῆς
2458 2350 2510 2402 οί
2562 2348 2735 2402 ταῦτα
2793 2347 3155 2419 ἐργαζόμενοι
3192 2345 3261 2398 τὰ
3310 2344 3511 2415 ἀγαθά·
3538 2342 3641 2398 κᾶν
3682 2342 3746 2396 τὸ

2058 2435 2391 2508 κατόρθωμα
2413 2436 2528 2489 ῐσον
2608 2434 2688 2506 τῷ
2716 2451 2776 2488 τε
2807 2433 3061 2504 ἀπονητὶ,
3081 2435 3174 2486 καὶ
3195 2432 3278 2504 τῷ
3306 2433 3442 2503 μετά
3458 2432 3635 2485 πόνων
3650 2432 3747 2484 αύ-

2056 2523 2119 2576 τδ
2140 2522 2549 2595 κατωρθωκότι,
2574 2523 2645 2576 τά
2675 2524 2774 2593 τῆς
2788 2525 2954 2593 τιμῆς
2983 2521 3084 2575 οὐκ
3115 2521 3269 2575 ἔσται
3297 2521 3388 2573 ίσα
3420 2520 3515 2574 καὶ⁴
3539 2518 3609 2573 τά
3635 2518 3745 2571 τῶν

2060 2609 2365 2678 στεφάνων.
2387 2609 2547 2664 Ἐπεὶ
2568 2609 2664 2664 καὶ
2691 2609 2749 2662 ἐν
2774 2610 2887 2672 τοῖς
2920 2608 3177 2678 πολέμοις
3203 2604 3561 2675 στεφανοῦται
3594 2604 3692 2675 μέν
3716 2607 3745 2656 6

2055 2695 2317 2767 τρόπαιον
2341 2696 2572 2766 στήσας,
2611 2694 2790 2765 πολλῷ
2814 2694 2870 2747 δὲ
2895 2693 2976 2748 ἔτι
3007 2694 3270 2764 μειζόνως
3307 2695 3336 2747 6
3368 2692 3465 2747 καὶ
3480 2691 3552 2745 τά
3578 2690 3749 2762 τραύ-

2059 2800 2205 2854 ματα
2233 2783 2499 2849 ἐπιδεῖξαι
2532 2782 2694 2853 ἔχων,
2729 2782 2795 2835 δι’
2824 2775 2901 2835 ὧν
2925 2782 2988 2835 τὸ
3020 2782 3280 2851 τρόπαιον
3308 2780 3526 2850 ἔστησε.
3554 2778 3668 2832 Καὶ
3691 2777 3745 2831 τί

2054 2869 2199 2939 λέγω
2224 2887 2291 2923 πε
2301 2870 2354 2941 ρὶ
2376 2871 2485 2923 τῶν
2519 2870 2759 2934 ζώντων,
2788 2871 2922 2923 ὅπου
2951 2884 3015 2936 γε
3042 2868 3137 2921 καὶ
3164 2869 3215 2921 οἱ
3252 2867 3411 2921 τοῦτο
3435 2867 3595 2937 μόνον
3627 2864 3748 2919 ἐπιο

2054 2955 2360 3027 δειξάμενοι
2376 2956 2439 3010 τὸ
2463 2956 2644 3021 καλῶς
2660 2957 2951 3011 ἀποθανεῖν
2967 2958 3026 3010 ἐν
3042 2955 3282 3026 πολέμῳ,
3299 2954 3471 3025 μηδὲν
3490 2953 3546 3006 δέ
3564 2951 3748 3007 πλεῖον

2056 3045 2185 3109 τοὺς
2219 3045 2400 3099 αὐτῶν
2438 3046 2842 3118 ὠφελήσαντες,
2892 3045 3144 3118 καθάπερ
3197 3045 3445 3120 σωτῆρες
3475 3044 3571 3098 καὶ
3612 3059 3749 3114 προ-

2061 3133 2254 3187 στάται
2277 3132 2554 3204 πανταχοῦ
2570 3134 2670 3204 τῆς
2684 3134 2929 3198 Ἑλλάδος
2942 3132 3159 3204 ᾅδονται
3176 3149 3191 3199 ;
3211 3134 3260 3186 εί
3272 3132 3368 3186 καὶ
3385 3130 3560 3185 ταῦτα
3588 3130 3748 3202 ὑμεῖς

2058 3220 2329 3290 ἀγνοεῖτε,
2353 3221 2433 3292 τῷ
2459 3222 2659 3292 γέλωτι
2716 3223 2811 3276 καὶ
2853 3224 2920 3294 τῇ
2960 3224 3143 3294 τρυφῇ
3178 3220 3473 3285 διαπαντὸς
3500 3236 3748 3291 προσαν-

2060 3308 2275 3379 έχοντες
2307 3321 2355 3375 σς
2380 3311 2443 3364 El
2461 3310 2782 3381 δέἝλληνες
2797 3309 3097 3381 ἄνθρωποι,
3116 3310 3211 3364 καὶ
3242 3308 3412 3381 μηδὲν
3432 3306 3569 3370 ὅλως
3593 3306 3749 3376 ὑγιὲς

2028 3397 2389 3461 ίέννοοῦντες,
2406 3397 2565 3451 τοῦτο
2588 3397 2935 3469 ἠδυνήθησαν
2946 3397 3198 3461 συνιδεῖν,
3222 3396 3317 3451 καὶ
3336 3394 3507 3465 πολλῇ
3521 3394 3748 3464 τετιμή-

2058 3479 2200 3537 κασι
2214 3486 2280 3555 τῇ
2308 3486 2441 3555 τιμῇ
2458 3485 2586 3547 τοὺς
2602 3483 2977 3548 ἀποθανόντας
3000 3485 3163 3555 μόνον
3191 3482 3333 3555 ὺπέρ
3353 3481 3558 3547 αὐτῶν,
3582 3479 3746 3551 μηδὲν

2057 3570 2116 3623 δέ
2143 3571 2550 3642 ἐργασαμένους
2606 3570 2791 3636 πλέον,
2831 3570 2983 3641 πόσῳ
3036 3569 3235 3642 μᾶλλον
3267 3571 3297 3623 6
3333 3567 3569 3639 Χριστὸς
3587 3566 3748 3621 τοῦτο

2059 3656 2374 3728 ἐργάσεται,
2402 3658 2431 3711 6
2462 3657 2741 3730 πανταχοῦ
2774 3658 2903 3722 τοὺς
2941 3657 3009 3712 δι’
3043 3657 3206 3713 αὑτὸν
3239 3655 3649 3718 κινδυνεύοντας
3680 3654 3747 3708 ἐκ

2060 3744 2257 3799 πολλοῦ
2278 3746 2371 3800 τοῦ
2398 3746 2683 3818 περιόντος
2703 3748 2824 3812 ταῖς
2847 3745 2957 3800 τῶν
2983 3745 3201 3817 δωρεῶν
3220 3744 3389 3799 νικῶν
3411 3744 3744 3809 ἀντιδόσεως

2062 3834 2138 3887 Οὐ
2161 3832 2271 3906 γάρ
2297 3833 2555 3905 διωγμῶν
2586 3835 2765 3904 μόνον,
2793 3834 2916 3888 οὐδὲ
2943 3833 3191 3904 πληγῶν,
3212 3832 3335 3887 οὑδέ
3357 3831 3749 3904 δεσμωτηρίων

2060 3922 2158 3978 καὶ
2182 3923 2362 3992 φόνων
2392 3923 2487 3976 καὶ⁸
2507 3924 2744 3994 σφαγῆς,
2758 3922 2895 3977 ἀλλά
2921 3925 3016 3977 καὶ
3034 3922 3246 3995 ὕϐρεως
3271 3922 3441 3993 μόνης
3461 3921 3555 3975 καὶ
3575 3921 3749 3993 ῥημά-

2061 4026 2172 4063 των
2199 4009 2565 4063 όνειδιστικῶν
2586 4010 2752 4065 πολὺν
2774 4010 2937 4081 ἔθηκε
2960 4010 3053 4064 τὸν
3075 4010 3286 4081 μισθόν.
3305 4008 3597 4077 Μακάριοι
3615 4008 3746 4080 γάρ,

2064 4097 2254 4170 φησὶν,
2280 4097 2443 4164 ἐστὲ,
2464 4097 2612 4151 ὅταν
2634 4097 2989 4169 μισήσωσιν
3023 4097 3181 4167 ὑμᾶς
3206 4100 3260 4152 οὶ
3297 4097 3619 4167 ἅνθρωποι,
3647 4098 3746 4149 καὶ

2067 4185 2217 4239 ὅταν
2238 4186 2619 4255 ἀφορίσωσιν
2642 4183 2801 4255 ὑμᾶς
2822 4185 2923 4240 καὶ
2943 4184 3306 4249 ὀνειδίσωσι,
3329 4184 3429 4238 καί
3450 4182 3750 4239 ἐκϐάλωσι

2067 4271 2132 4326 τὸ
2157 4271 2345 4342 ὄνομα
2358 4272 2527 4343 ὑμῶν
2557 4273 2640 4338 ὠς
2663 4275 2956 4341 πονηρὸν,
2977 4272 3191 4326 ἕνεκεν
3211 4271 3319 4326 τοῦ
3352 4270 3489 4326 Υὶοῦ
3515 4269 3621 4324 τοῦ
3642 4271 3749 4325 ἀν-

2068 4359 2323 4428 θρώπου·
2352 4360 2590 4429 χαίρετε
2608 4359 2679 4413 ἐν
2702 4359 2908 4428 ἐκείνῃ
2927 4359 3004 4428 τῇ
3032 4361 3222 4429 ἡμέρᾳ
3235 4360 3335 4413 καί
3358 4358 3747 4427 σκιρτήσατε·

2068 4445 2198 4500 ιδσὺ
2222 4444 2335 4515 γὰρ
2362 4449 2397 4500 ό
2409 4446 2630 4515 μισθὸς
2644 4445 2812 4516 ὑμῶν
2833 4447 3028 4514 πολὺς
3049 4447 3121 4501 ἐν
3142 4445 3222 4511 τῷ
3245 4445 3501 4514 οὐρανῷ.
3536 4448 3598 4501 El
3634 4448 3750 4500 τοί-

2024 4554 2027 4555 ν
2066 4548 2162 4584 νυν
2179 4532 2243 4585 τὸ
2261 4531 2448 4595 κακῶς
2476 4531 2670 4587 παθεῖν
2695 4532 2790 4586 καὶ
2820 4533 2883 4586 τὸ
2916 4532 3101 4596 κακῶς
3117 4531 3349 4587 ἀκοῦσαι
3384 4533 3644 4586 ἐπιτείνει
3660 4534 3748 4587 τὸν

2072 4616 2267 4687 μισθὸν
2290 4618 2511 4682 καὶτοῖς
2540 4618 2815 4690 πάσχουσι
2843 4621 3064 4683 καὶτοῖς
3084 4619 3340 4674 ἀκούουσι
3364 4618 3573 4685 κακῶς,
3595 4620 3623 4672 6
3642 4638 3749 4673 κω-

2066 4706 2208 4758 λύων
2233 4705 2432 4768 αύτοὺς
2483 4706 2678 4761 παθεῖν
2704 4710 2801 4761 καὶ
2846 4707 3079 4760 ἀκοῦσαι
3110 4707 3315 4771 κακῶς,
3344 4708 3469 4778 ούχὶ
3508 4706 3749 4771 τούτους,

2067 4792 2205 4847 ἀλλά
2229 4794 2358 4857 τοὺς
2378 4792 2634 4861 λέγοντας
2659 4795 2898 4858 καὶτοὺς
2928 4794 3212 4859 ποιοῦντας
3230 4794 3498 4866 ὠφέλησε.
3520 4794 3749 4859 Τούτους

2067 4880 2177 4952 γάρ
2201 4880 2403 4950 ἔϐλαψε
2434 4878 2479 4944 ί,
2515 4880 2605 4934 τοῦ
2770 4879 2961 4951 μισθοῦ
2984 4881 3045 4934 τὸ
3072 4880 3233 4934 πλέον
3248 4881 3530 4936 ἐκκόπτων
3546 4881 3749 4947 αὐτοῖς,

2070 4970 2165 5021 καὶ
2189 4970 2289 5040 τῆς
2303 4970 2481 5041 χαρᾶς
2506 4968 2599 5021 καὶ
2625 4969 2732 5021 τῶν
2756 4966 2965 5020 πολλῶν
2986 4968 3374 5041 σκιρτημάτων
3402 4968 3641 5041 ἀναιρῶν
3657 4970 3748 5040 τὴν

2071 5055 2347 5110 ὑπόθεσιν.
2380 5058 2542 5109 Ὥστε
2584 5054 2791 5110 τούτων
2825 5057 2923 5127 μὲν
2949 5057 3138 5111 ἐνεκεν
3193 5058 3288 5111 καὶ
3315 5058 3540 5127 σιγῆσαι
3564 5058 3747 5129 ἐχρῆν,

2072 5143 2167 5196 καὶ
2186 5145 2405 5211 ἀφεῖναι
2431 5143 2686 5213 γενέσθαι
2714 5144 2888 5199 ταῦτα
2917 5143 2988 5198 τά
3018 5145 3186 5199 πολὺν
3210 5146 3393 5208 αὐτοῖς
3412 5146 3502 5198 τὸν
3524 5145 3748 5198 πλοῦτον

2072 5228 2332 5284 ποιοῦντα
2382 5230 2491 5285 τῶν
2518 5231 2760 5293 ἀγαθῶν,
2786 5232 2883 5284 καὶ
2919 5231 3089 5302 μείζω
3121 5231 3219 5301 τὴν
3246 5231 3560 5303 παρρησίαν
3592 5249 3747 5285 καται

2074 5318 2427 5382 σκευάζοντα·
2467 5320 2656 5391 ἐπειδὴ
2710 5319 2767 5371 δὲ
2818 5319 3059 5388 ἀλλήλων
3087 5319 3255 5389 ἐσμὲν
3282 5319 3440 5390 μέλη,
3468 5319 3571 5373 κᾶν
3600 5319 3748 5373 αὐτοὶ

2073 5409 2237 5461 πάλιν
2273 5408 2546 5479 ἀρνῶνται
2579 5408 2675 5477 τὴν
2700 5408 2878 5477 χάριν,
2911 5408 2974 5460 ού
3005 5406 3111 5479 χρὴ
3155 5408 3280 5471 τοὺς
3308 5406 3451 5460 οὕτω
3473 5408 3726 5478 διακειμέ

2072 5511 2227 5558 νους,
2265 5494 2384 5557 ἐνὸς
2423 5494 2523 5564 μὲν
2574 5495 2820 5564 προνοεῖν
2870 5494 3090 5564 μέρους,
3136 5494 3327 5563 ἐτέρου
3370 5493 3428 5546 δέ
3468 5497 3745 5566 περιηρᾷν.

2074 5582 2335 5645 Ἐκείνοις
2374 5581 2471 5651 μὲν
2502 5581 2609 5651 γὰρ
2630 5581 2782 5635 ἔσται
2807 5583 2902 5635 καὶ
2923 5583 3117 5653 ἐτέρας
3146 5584 3170 5622 Β
3193 5582 3592 5653 εύδοκιμήσεως
3624 5585 3747 5636 ὑπόι

2140 5740 2166 5804 (ξ
2185 5738 2294 5804 ριιο
2306 5750 2418 5804 mss.
2440 5739 2498 5785 τὰ
2515 5739 2565 5786 δέ
2585 5739 2800 5804 ἐκεῖ,κᾶν
2819 5740 3065 5804 γάρύμεῖς.
3082 5739 3203 5789 Mor.
3216 5741 3275 5788 τὰ
3284 5741 3372 5803 γὰρ
3386 5741 3496 5797 ἐκεῖ,
3511 5742 3749 5803 Ich-39.13:.

2143 5799 2169 5838 d
2195 5801 2339 5859 Σῶμα
2362 5801 2508 5846 deest
2532 5804 2581 5847 in
2601 5802 2792 5850 duobus
2814 5799 2929 5850 lins's.

2144 5862 2300 5925 ‘flhw
2325 5874 2440 5907 mss.
2468 5866 2826 5925 προσαχθέντες.
2854 5862 2977 5913 Infra
3002 5864 3152 5913 Savil.
3188 5871 3240 5911 et
3274 5876 3400 5909 unus
3429 5864 3578 5911 coda
3614 5865 3750 5921 ροβε»

2078 5921 2129 5969 δέ
2154 5920 2517 5983 ἐργασαμένουςξ
2547 5931 2597 5970 ιιι
2621 5920 2740 5972 Ed“.
2774 5927 2945 5973 Mnrel.
2976 5928 3025 5974 δέ
3049 5927 3209 5972 dresl.

2151 5981 2278 6031 fSic
2304 5998 2417 6031 mss.
2442 5983 2595 6049 Savil.
2623 5994 2853 6033 autemet
2882 5988 3048 6034 Morel.
3075 5987 3266 6038 τούτους
3286 5986 3335 6049 δὲ
3364 5988 3460 6035 ἐϐ).
3482 5988 3758 6049 Pauloposl

2080 6044 2235 6111 iidflp
2260 6058 2373 6111 mss.
2401 6048 2496 6111 τῶν
2516 6049 2676 6111 καλῶν
2701 6065 3048 6111 σκιρτημάτων.
3080 6050 3177 6096 Alii
3198 6048 3405 6097 πολλῶν.

2148 6108 2173 6145 ε
2200 6106 2335 6155 Unus
2355 6108 2499 6155 ἣλιοι
2522 6110 2673 6162 ἑτέρα.

3264 6210 3331 6269 13
