4516 6696
783 546 889 604 325

795 657 1082 721 ῑτσις.κᾶν
1106 660 1181 732 μὴ
1218 660 1312 714 νῦν
1345 661 1556 716 πάθωσι
1588 655 1955 726 κακῶςεοῦτοι
1986 663 2063 728 δὲ,
2099 664 2163 719 ἂν
2195 665 2267 735 μὴ
2299 664 2478 734 μάχης

1598 546 1655 603 S.
1698 545 1986 603 JOANNIS
2025 546 2520 605 CHRYSOSTOMI
2561 546 2877 602 ARCUIEP.
2923 543 3468 604 CONSTANTINOP.
4154 554 4247 608 358

2592 658 2814 729 λῃσταὶ
2845 658 3194 730 διηρεύνων,
3207 664 3292 735 μή
3312 681 3399 731 τις
3424 658 3541 718 ὑπὸ
3572 658 3678 712 τὸν
3695 659 3928 713 κόλπον
3952 661 4106 731 ἔχων
4131 680 4253 732 τρο-

790 738 1136 824 ἀπόσχωνται
1176 741 1617 811 ταύτης..οὑκὲτι
1649 742 1888 813 σωθῆναι
1914 743 2252 814 δυνήσονται.
2271 743 2470 796 Τούτου
2504 794 2529 824 ρ
2582 750 2727 818 μὴν,
2761 748 3090 815 σκήπτοιτο
3119 753 3225 807 τὸν
3250 752 3507 808 θάνατον
3536 744 3728 812 ἐαυτῷ
3759 747 3801 799 ι.
3830 748 3895 799 Ol
3926 746 3995 799 δὲ
4031 751 4129 804 ὑπ’
4160 752 4251 805 ἐν.

791 823 1038 909 (ζὴ-χάριν
1063 824 1305 909 παριδὼν
1331 826 1391 877 τὸ
1418 826 1664 909 ἐκείνων,
1690 825 1825 909 πρὸς
1846 824 1907 909 τὸ
1928 826 2195 899 ὑμέτερον
2226 827 2473 896 ἵσταμαι,
2505 823 2541 851 ι’
2584 835 2752 902 δείας
2785 836 3114 906 κεχηνότες
3155 839 3360 909 ὥσπερ
3405 835 3760 900 λυσσῶντες
3807 834 3988 899 κύνες
4029 835 4253 904 εσφω,

792 902 885 957 καὶ
929 902 1118 973 δέομαι
1145 904 1237 957 καὶ
1283 904 1548 959 ἀντιϐολῶ
1581 905 1870 975 πεισθῆναί
1902 914 1923 937 ⁸
1952 924 2011 959 τε
2047 910 2181 977 ἡμῖν
2224 921 2475 975 παρακα-

791 982 965 1046 λοῦσι,
991 984 1082 1036 καὶ
1102 984 1308 1055 μηκέτι
1330 986 1452 1041 καθ’
1474 988 1683 1041 ἑαυτῶν
1703 986 1764 1039 τὸ
1793 985 1944 1054 ξίφος
1961 985 2147 1052 ὠθεῖν,
2176 985 2309 1057 μηδὲ
2342 984 2480 1054 πρὸς

794 1062 996 1136 κέντρα
1010 1062 1309 1132 λακτίζειν,
1328 1067 1463 1138 μηδὲ
1491 1068 1808 1138 νομίζοντας
1831 1066 2156 1139 ἀνθρώπους
2184 1068 2358 1138 ἁνιᾷν,
2382 1066 2477 1118 λυ-

793 1146 914 1196 πεῖν
934 1143 994 1198 τὸ
1025 1144 1251 1215 Πνεῦμα
1282 1146 1342 1198 τὸ
1372 1146 1526 1213 ἅγιον
1548 1146 1641 1199 τοῦ
1662 1144 1818 1199 Θεοῦ.
1858 1146 1979 1200 Ὅτι
2001 1146 2225 1218 μὲνγὰρ
2259 1142 2477 1198 ἐπαινέ-

792 1220 954 1298 σετθε
976 1223 1178 1293 ταύτην
1200 1223 1355 1295 ἡμῶν
1383 1226 1481 1294 τὴν
1508 1224 1756 1296 γνώμην,
1780 1225 1885 1279 κᾶν
1913 1228 1987 1298 μὴ
2009 1227 2125 1290 νῦν,
2158 1224 2272 1279 ἀλλ’
2299 1220 2475 1288 αὖθις,

790 1296 907 1354 οἶδα
928 1303 1022 1355 καὶ
1048 1302 1373 1372 πέπεισμαι⁶
1390 1302 1652 1374 βούλομαι
1685 1305 1739 1358 δὲ
1763 1306 1791 1357 ὑ
1801 1296 2080 1376 μᾶςήτοῦτο
2102 1305 2326 1375 ποιῆσαι
2359 1303 2476 1366 νῦν,

790 1382 879 1436 ίνα
910 1382 997 1454 μὴ’
1015 1385 1192 1455 μάτην
1219 1384 1352 1438 αὑτὸ
1375 1384 1513 1455 μετά
1539 1384 1711 1438 ταῦτα
1735 1386 1940 1455 ποιῆτε.
1970 1385 2125 1438 Ἐπεὶ
2161 1386 2295 1438 καὶὸ
2318 1383 2481 1437 πλού-

789 1477 908 1526 σιος
934 1463 1163 1527 ἐκεῖνος,
1199 1463 1290 1516 ὅτε
1321 1464 1420 1534 μὲν
1449 1459 1519 1534 ἦν
1546 1463 1939 1528 ὲνταῦθα,τοὺς
1964 1467 2248 1533 προφήτας
2269 1465 2364 1517 καὶ
2387 1464 2481 1518 τὸν

792 1541 955 1612 νόμον
988 1543 1081 1596 καὶ
1107 1542 1204 1613 τὴν
1228 1544 1292 1595 ὲκ
1307 1543 1510 1596 τούτων
1527 1543 1872 1613 παράκλησιν
1898 1543 1925 1583 ὶι
1955 1542 2123 1613 μῦθόν
2145 1560 2266 1596 τινα
2295 1545 2482 1614 ἠγεῖτο

790 1624 887 1676 καὶ
936 1621 1124 1694 λῆρον·
1173 1622 1359 1694 ἐπειδὴ
1392 1622 1447 1677 δὲ
1492 1623 1735 1694 ἀπῆλθεν
1776 1624 1923 1687 ἐκεῖ,
1960 1622 2133 1687 οὕτως
2166 1623 2481 1695 ἐθαύμασεν

792 1703 973 1757 αὐτῶν
1009 1705 1109 1774 τὴν
1145 1704 1488 1775 παραίνεσιν,
1525 1704 1623 1768 ὠς,
1655 1704 1842 1774 ἐπειδὴ
1872 1704 2078 1757 συνεῖδε
2123 1704 2288 1775 μηδὲν
2320 1705 2481 1758 αὑτὸν

791 1782 901 1837 ἀπὸ
930 1783 1040 1837 τῶν
1088 1786 1327 1839 ἐπαίνων
1354 1784 1704 1856 ὠφεληθῆναι
1732 1784 2051 1854 δυνάμενον,
2095 1785 2480 1856 παρακαλέσαι

790 1861 881 1917 τὸν
900 1864 1248 1937 πατριάρχην
1280 1866 1496 1936 πέμψαι
1525 1864 1648 1918 τινὰ
1679 1863 1790 1917 τῶν
1816 1865 1875 1917 ὲν
1916 1864 2044 1935 ᾆδον
2069 1867 2182 1927 τοῖς
2215 1865 2354 1933 ὑπὲρ
2380 1864 2481 1932 γῆς

792 1943 1223 2014 ἀπαγγέλλοντα.
1253 1948 1429 2000 ἐκεῖνο
1444 1944 1720 2009 δεδοικὼς,
1744 1946 1817 2015 μή
1841 1961 1969 1998 ποτε
1988 1945 2082 1997 καὶ
2099 1944 2253 1996 αὑτοὶ
2275 1944 2334 1994 τὸ
2351 1942 2480 1994 αὑτὸ

791 2024 1006 2079 πάθωσι
1038 2036 1061 2065 ε
1082 2068 1095 2088 ,
1130 2027 1223 2079 καὶ
1243 2025 1718 2093 καταγελάσαντες
1757 2023 1868 2076 τῶν
1902 2022 2060 2076 θείων
2088 2021 2340 2093 Γραφῶν,
2359 2020 2478 2072 τότε

788 2103 961 2168 αὑτὰς
988 2104 1331 2173 θαυμάσωσι,
1359 2105 1486 2158 ὃταν
1512 2104 1696 2166 αὐτοῖς
1718 2102 1910 2172 ὄφελος
1934 2101 2086 2155 οὐδὲν
2109 2099 2216 2151 ἀπὸ
2234 2098 2327 2151 τοῦ
2357 2097 2472 2173 θαύ-

792 2198 983 2251 ματος.
1013 2171 1206 2236 Καίτοι
1239 2199 1305 2253 γε
1357 2183 1512 2237 οὐδὲν
1538 2184 1747 2241 ἐκεῖνος
1767 2171 2028 2233 τοσοῦτον
2052 2176 2348 2249 εἰργάσατο
2368 2171 2481 2229 οἷον

790 2263 970 2333 ὑμεῖς.
998 2263 1237 2328 Ἐκεῖνος
1252 2260 1363 2335 γὰρ
1392 2263 1499 2316 τῶν
1532 2263 1631 2333 μὲν
1659 2259 1853 2315 ἑαυτοῦ
1869 2260 1929 2313 οὑ
1968 2259 2241 2330 μετέδωκε
2270 2255 2350 2327 τῷ
2370 2259 2482 2311 Λα-

791 2340 962 2414 ζάρῳ,
990 2342 1051 2396 οὑ
1082 2343 1188 2413 μὴν
1229 2344 1324 2396 καὶ
1352 2343 1572 2413 ἐτέρους
1604 2340 1965 2412 βουληθέντας
1994 2336 2319 2409 μεταδοῦναι
2345 2337 2483 2391 ὲκώ-

790 2420 969 2487 λυσεν,
997 2422 1029 2493 ἢ
1057 2423 1306 2493 ἀπήλασε
1334 2422 1589 2495 καθάπερ
1614 2423 1775 2492 ὑμεῖς
1804 2420 1920 2475 νῦν.
1950 2421 2061 2473 Καὶ
2090 2420 2151 2473 οὺ
2182 2419 2357 2491 ταύτῃ
2388 2419 2483 2489 μό⁶

790 2518 879 2555 νον
901 2502 1063 2556 αὑτὸν
1101 2501 1461 2574 ἀπεκρύψατε
1500 2504 1568 2574 τῇ
1618 2501 1887 2573 ὠμότητι,
1933 2500 2070 2552 ἀλλά
2116 2497 2213 2553 καὶ
2239 2496 2478 2570 ἑτέρῳτί.

793 2581 1002 2653 Ὠσπερ
1026 2582 1135 2655 γάρ
1169 2582 1272 2636 οὑκ
1302 2582 1450 2636 ἐστιν
1500 2582 1615 2636 ἴσον
1646 2581 1809 2635 αὐτὸν
1850 2579 2018 2651 μηδὲν
2051 2579 2225 2631 ποιεῖν
2252 2577 2480 2645 ἀγαθὸν,

792 2665 886 2719 καὶ
932 2666 1155 2738 ἑτέρους
1170 2665 1528 2737 βουλομένους
1550 2664 1782 2719 κωλύειν
1810 2665 2003 2726 ποιεῖν,
2023 2662 2197 2723 οὓτως
2209 2661 2309 2713 οὑκ
2336 2661 2483 2712 ἔστιν

793 2745 907 2799 ἴσον
940 2744 1147 2817 τροφῆς
1162 2762 1222 2799 τε
1244 2747 1470 2817 ἀπορεῖν
1501 2743 1841 2816 σωματικῆς,
1871 2743 1967 2795 καὶ
1991 2743 2049 2795 ὲν
2079 2740 2259 2811 πολλῷ
2280 2739 2358 2810 τῷ
2382 2739 2484 2809 τῆς

790 2824 1111 2894 φιλοσοφίας
1143 2825 1286 2896 λιμῷ
1311 2826 1565 2897 κείμενον
1596 2823 1828 2878 κωλύειν
1858 2820 2157 2892 τρέφεσθαι
2200 2821 2332 2891 παρ’
2366 2819 2483 2872 ἐτέ-

796 2921 923 2976 ρων.
952 2906 1114 2959 Ὣστε
1132 2905 1294 2978 διπλῇ
1322 2904 1676 2977 παρηλάσατε
1701 2902 1792 2956 τὸν
1807 2901 1957 2971 ὠμὸν
1976 2899 2229 2953 πλούσιον
2251 2902 2481 2965 ἐκεῖνον,

791 2982 871 3055 τῷ
906 3001 965 3038 τε
994 2985 1217 3054 ἑτέρους
1248 2985 1492 3039 κωλῦσαι
1523 2984 1713 3037 σϐέσαι
1742 2981 1833 3034 τὸν
1866 2979 2049 3052 λιμὸν,
2068 2980 2162 3033 καὶ
2191 2980 2290 3051 τῆς
2304 2979 2482 3051 ψυχῆς

793 3064 1104 3136 ἁγχομένης
1118 3065 1216 3137 τὴν
1232 3063 1627 3136 ἀπανθρωπίαν
1644 3061 1919 3116 ἐπιδείκνυ
1928 3059 2049 3113 σθαι
2068 3058 2295 3129 ταύτην.
2313 3060 2355 3111 Τ
2358 3061 2483 3114 οὖτο

792 3146 888 3198 καὶ
907 3145 1153 3199 Ἰουδαῖοι
1185 3145 1317 3198 ποτὲ
1350 3144 1614 3215 ἐποίησαν
1642 3154 1688 3209 θ,
1709 3142 1802 3196 καὶ
1824 3139 2063 3195 ἐκώλυον
2091 3140 2218 3201 τοὺς
2248 3139 2482 3191 ἀποστό-

792 3224 920 3290 λους
943 3227 1056 3290 τοῖς
1086 3224 1397 3297 ἀνθρώποις
1419 3224 1488 3277 τά
1506 3224 1641 3296 πρὸς
1666 3222 1941 3293 σωτηρίαν
1959 3219 2161 3273 λαλεῖν.
2187 3218 2333 3289 Πλὴν
2348 3218 2485 3273 ἀλλά

794 3304 889 3359 καὶ
914 3304 1120 3359 τούτων
1141 3304 1383 3377 χείρονες
1404 3305 1582 3375 ὑμεῖς.
1605 3303 1669 3357 Οἱ
1687 3303 1788 3373 μὲν
1808 3300 1917 3373 γὰρ
1944 3300 2007 3370 δὴ
2028 3299 2126 3369 τὴν
2142 3298 2250 3351 τῶν
2273 3298 2484 3369 ἐχθρῶν

793 3383 1181 3456 ἀναδεξάμενοι
1232 3384 1421 3450 τάξιν,
1477 3383 1654 3446 οὕτως
1696 3382 1914 3436 ἅπαντα
1962 3380 2232 3450 ἔπραττον
2265 3380 2480 3432 ἐκεῖνα·

794 3464 954 3535 ὑμεῖς
980 3464 1039 3517 δὲ
1064 3464 1127 3517 τὸ
1169 3464 1278 3517 τῶν
1303 3464 1474 3533 φίλων
1516 3460 1811 3525 ὑποδύντες
1844 3461 2215 3532 προσωπεῖον,
2260 3456 2330 3511 τά
2375 3457 2485 3511 τῶν

790 3541 1006 3614 ἐχθρῶν
1028 3542 1426 3597 ὲπιδείκνυσθε·
1450 3542 1749 3615 ὲμάστιξαν
1778 3540 1876 3595 καὶ
1896 3540 2126 3610 ῢὸρισαν
2156 3536 2252 3592 καὶ
2274 3538 2486 3609 πονηρᾷ

788 3620 1121 3694 περιέϐαλον
1144 3620 1270 3693 δόξῃ
1293 3624 1421 3686 τοὺς
1442 3623 1631 3691 ἁγίους
1656 3620 1988 3682 ἀποστόλους
2006 3618 2126 3671 τότε
2146 3620 2343 3670 ἐκεῖνοι
2363 3618 2488 3686 γόη-

795 3718 893 3766 τας
918 3702 1013 3756 καὶ⁵
1045 3702 1277 3767 πλάνους
1299 3702 1596 3764 καλοῦντες
1631 3700 1849 3764 αὐτούς.
1878 3698 2040 3751 Ἀλλά
2059 3696 2284 3766 τοιαύτη
2318 3697 2482 3749 κατέ-

735 3794 740 3799 ’
797 3779 927 3835 λαστ
966 3780 1164 3846 αὑτοὺς
1191 3781 1339 3853 δίκη,
1369 3781 1447 3846 ὡς
1502 3780 1775 3852 μηδεμίαν
1832 3777 2021 3832 λοιπὸν
2044 3776 2338 3848 δυνηθῆναι
2370 3780 2483 3841 τοῖς

799 3857 1025 3914 ἐκείνων
1050 3860 1241 3924 δεινοῖς
1270 3861 1649 3933 παρισωθῆναι
1688 3859 1977 3930 συμφοράν
2026 3855 2072 3911 ί.
2118 3856 2337 3929 Πρῶτοι
2372 3856 2483 3927 γάρ

798 3934 942 3995 οὗτοι
967 3940 1062 3994 καὶ
1097 3940 1248 4010 μόνοι
1272 3938 1381 3994 τῶν
1409 3939 1499 4009 ὑφ’
1526 3938 1660 4011 ἡλίῳ
1686 3940 1906 3993 πάντων
1925 3935 2230 4009 ἀνθρώπιον
2256 3936 2483 3990 τοιαῦτα

801 4018 1001 4073 ἔπαθον
1018 4060 1033 4084 ,
1065 4014 1156 4074 οἷα
1168 4019 1345 4084 οὐδεὶς
1382 4020 1590 4092 ἕτερος.
1611 4018 1728 4092 [51]
1761 4019 1872 4074 Καὶ
1886 4017 2092 4072 τούτων
2112 4016 2324 4089 μάρτυς
2345 4017 2484 4080 05.6-

804 4115 992 4163 πιστος
1025 4101 1054 4153 ό
1075 4100 1329 4171 Χριστὸς,
1365 4098 1510 4153 οὕτω
1529 4099 1727 4167 λέγων·
1754 4100 1971 4152 ΙἜσται
1995 4096 2203 4165 θλῑψις
2225 4096 2481 4165 μεγάλη,

800 4179 905 4233 οἷα
927 4180 1001 4233 οὺ
1032 4178 1284 4248 γέγονεν
1301 4181 1402 4234 ἀπ’
1424 4176 1620 4247 ἀρχῆς
1644 4179 1881 4246 κόσμου
1905 4175 2018 4242 ἕως
2041 4175 2148 4229 τοῦ
2176 4175 2315 4238 νῦν,
2342 4176 2486 4232 οὐδὲ

797 4257 884 4328 μὴ
918 4257 1183 4331 γένηται.
1225 4258 1414 4313 Πάντα
1445 4257 1544 4329 μὲν
1558 4254 1653 4311 οὖν
1683 4255 1864 4311 αὑτῶν
1885 4254 1956 4309 τὰ
1988 4253 2139 4323 πάθη
2163 4253 2389 4308 διελθεῖν
2420 4256 2481 4309 οὑ

801 4338 895 4392 τοῦ
917 4338 1183 4411 παρόντος
1207 4336 1422 4410 καιροῦ,
1450 4336 1606 4406 όλίγα
1625 4337 1681 4392 δὲ
1714 4337 1741 4377 δ
1758 4337 1823 4389 ὲκ
1854 4333 2063 4388 πολλῶν
2088 4335 2384 4401 ἀναγκαῖον
2408 4335 2487 4386 εί-

803 4421 945 4473 πεῖν.
964 4417 1106 4489 Ἐρῶ
1126 4418 1183 4472 δὲ
1196 4419 1296 4472 οὑκ
1315 4419 1447 4489 ὲμδν
1467 4417 1647 4487 λόγον,
1673 4414 1787 4470 ἀλλ’
1806 4414 2000 4485 ἀνδρὸς
2024 4413 2279 4489 Ἰουδαίου
2300 4412 2395 4465 τοῦ
2418 4413 2487 4467 τά

803 4488 1399 4570 ἐκείνωνίστορηκότος
1440 4495 1704 4568 ἀκριϐῶς.
1736 4495 1801 4549 Τί
1824 4511 1955 4548 ποτε
1989 4492 2083 4547 οὑν
2111 4488 2264 4556 οὗτος
2281 4492 2482 4563 φησίν;

804 4576 1024 4648 Ἐπειδὴ
1056 4576 1147 4631 τὸν
1179 4577 1509 4650 ἐμπρησμὸν
1551 4576 1852 4647 διηγήσατο
1896 4572 1991 4628 τοῦ
2034 4572 2217 4645 ἱεροῦ,
2248 4574 2343 4627 καὶ
2385 4571 2485 4636 τὰς

807 4655 998 4719 καινὰς
1023 4656 1054 4698 δ
1085 4656 1300 4721 ὲκείνας
1327 4656 1635 4726 ἀπήγγειλε
1669 4655 1975 4726 συμφοράς.

877 4741 939 4791 ε’.
971 4736 1048 4790 Τιί
1077 4735 1196 4805 μὲν
1222 4736 1356 4804 περὶ
1393 4736 1462 4790 τὸ
1491 4733 1956 4804 ίερὸν,φησὶν,έν
1987 4733 2224 4796 τούτοις
2248 4730 2349 4799 ἦν·
2368 4727 2489 4783 τῶν

807 4813 859 4867 δ’
890 4813 1011 4869 ὑπὸ
1034 4813 1141 4869 τοῦ
1161 4815 1343 4884 λιμοῦ
1375 4812 1781 4884 φθειρομένων
1801 4812 1952 4866 κατὰ
1972 4810 2089 4878 τὴν
2115 4812 2297 4864 πόλιν
2323 4810 2489 4862 ἀπει-

802 4910 915 4960 por
941 4893 1060 4963 μὲν
1101 4894 1315 4949 ἔπιπτε
1351 4893 1420 4948 τὸ
1462 4893 1718 4962 πλῆθος,
1749 4889 2043 4960 ἀδιήγητα
2076 4889 2144 4942 δὲ
2169 4887 2489 4943 συνέϐαινε

809 4976 881 5029 τὰ
910 4976 1090 5045 πάθη.
1128 4980 1269 5035 Καθ’
1303 4977 1573 5045 ἑκάστην
1612 4977 1722 5048 γὰρ
1761 4976 1979 5039 οὶκίαν,
2023 4973 2079 5027 εἷ
2109 4988 2228 5026 που
2261 4969 2489 5040 τροφῆς

809 5064 1186 5129 παραφανείη
1211 5063 1378 5123 σκιὰ,
1421 5063 1683 5130 πόλεμος
1710 5056 1808 5129 ἦν,
1840 5058 1939 5112 καὶ
1967 5057 2065 5112 διὰ
2096 5055 2312 5127 χειρῶν
2341 5053 2487 5125 ἐχώ-

802 5152 960 5215 ρουν
996 5149 1051 5202 οί
1077 5147 1352 5218 φίλτατοι
1391 5148 1543 5216 πρὸς
1578 5147 1912 5213 ἀλλήλους,
1945 5142 2377 5212 ἐξαρπάζοντες
2416 5141 2490 5196 τὰ

812 5235 1152 5304 ταλαίπωρα
1172 5234 1282 5305 τῆς
1305 5235 1515 5305 ψυχῆς
1528 5232 1757 5304 ἐφόδια.
1782 5234 1991 5298 Πίστις
2010 5231 2061 5284 δ’
2082 5232 2332 5298 ἀπορίας
2348 5229 2489 5284 οὐδὲ

811 5322 935 5390 τοῖς
965 5322 1341 5389 θνήσκουσιν
1375 5319 1475 5394 ἦν,
1508 5320 1669 5378 ἀλλὰ
1712 5319 1811 5374 καὶ
1850 5319 1993 5385 τοὺς
2032 5318 2399 5383 ἐκπνέοντας
2434 5319 2488 5369 οἱ

875 5459 904 5521 ξ
928 5459 1040 5521 ρυο
1062 5472 1181 5508 mss.
1204 5461 1427 5518 πείσθητε
1446 5460 1577 5521 ἡμῖν.

872 5519 903 5560 δ
923 5519 1068 5630 guns
1086 5521 1168 5569 καὶ
1185 5523 1270 5579 τήν
1293 5522 1341 5568 ἐν
1362 5511 1517 5585 τούτῷ
1538 5537 1717 5585 παρακ.
1742 5517 1869 5569 Infra
1889 5518 1987 5569 duo
2012 5529 2124 5566 mss.
2147 5517 2211 5571 ὡς
2234 5514 2395 5569 ἐπειδὴ
2409 5511 2490 5561 οὖν

872 5599 946 5630 ινει
979 5598 1047 5630 εν.

815 5598 1029 5631 συνειοεν
1036 5619 1047 5629 .

878 5646 904 5676 ⁸
928 5644 1008 5693 Sic
1019 5642 1170 5695 Savil.
1196 5650 1251 5693 et
1271 5657 1386 5693 mss.
1414 5642 1547 5693 Edil.
1567 5655 1687 5691 vero
1710 5644 1844 5691 αὐτοὶ
1864 5640 2010 5690 τοῦτο
2029 5643 2142 5689 παθ.

877 5705 905 5746 d
926 5705 1066 5755 Unus
1088 5706 1195 5769 00d.
1220 5712 1274 5755 et
1297 5706 1453 5756 Savil.
1477 5707 1529 5755 in
1553 5717 1708 5767 marg.
1732 5705 1882 5769 ἑτέρα.
1911 5702 2038 5752 Infra
2061 5704 2159 5751 duo
2179 5715 2295 5751 mss.
2318 5703 2492 5764 τροφῆς

816 5783 869 5816 τε
892 5768 1189 5831 ἀποστερεῖν.

884 5843 908 5889 9
936 5826 1198 5879 Unus'cod.
1228 5834 1278 5879 et
1303 5829 1457 5879 Savil.
1480 5832 1531 5880 in
1550 5841 1705 5889 marg.
1732 5826 1849 5875 ποτὲ
1875 5828 2161 5887 ἐτόλμησαν.

884 5888 907 5929 ί
934 5891 1042 5956 ριιο
1063 5904 1179 5956 mss.
1210 5893 1499 5956 μηδεμίαν..
1522 5888 1759 5953 συμφορᾷ.
1790 5889 1943 5938 Iidem
1963 5890 2087 5938 iul'la
2122 5890 2226 5937 haec
2257 5888 2492 5937 omittunt

821 5954 904 6018 σία
923 5952 1075 6018 σύδεὶς
1096 5952 1268 6018 ἔτερος.

884 6016 910 6055 ϐ
935 6013 1015 6062 Sic
1041 6011 1192 6065 εμπ.
1214 6022 1267 6065 et
1299 6029 1414 6065 mss.
1439 6016 1491 6065 In
1515 6013 1687 6064 Morel.
1710 6012 1789 6061 οῐα
1810 6012 1861 6062 δὲ
1881 6011 1953 6071 ἐκ,
1978 6013 2123 6061 maIe.

879 6075 909 6116 II
926 6074 1315 6189 ,διοηιίὲζοινάς
1349 6080 1511 6127 minus
1537 6082 1700 6135 recte,
1724 6088 1832 6124 mox
1856 6075 2119 6134 ἐπήγγειλε.
2146 6072 2187 6125 Ε
2210 6072 2358 6124 Savil.
2386 6086 2495 6124 cor-

879 6149 1069 6188 :nmul'.
1166 6152 1227 6187 Ιῒ.

826 6153 881 6190 τε
892 6149 1069 6188 manu.
1089 6149 1227 6189 ΜΠ.

2581 927 2766 978 λοντο
2792 925 2889 977 καὶ
2923 924 3353 993 παρεφέροντο,
3389 926 3518 992 ταῖς
3547 941 3609 979 τε
3648 923 3853 991 θύραις
3898 920 4255 989 ἐνσειόμενοι

2578 1013 2925 1080 μεθυόντων
2950 1010 3194 1078 τρόπον,
3225 1014 3344 1067 ὑπὸ
3374 1013 3712 1083 ἀμηχανίας
3737 1009 3807 1063 δὲ
3827 1010 3914 1074 είς
3942 1018 3955 1057 1
3994 1007 4137 1073 τοὺς
4157 1013 4257 1063 αὑ-

2583 1101 2727 1167 τοὺς
2756 1101 2960 1164 οἴκους
2985 1098 3324 1164 εἰσεπήδων
3343 1100 3437 1165 δίς
3459 1100 3497 1169 ἣ
3522 1100 3648 1169 τρίς
3674 1097 3794 1167 ὥρᾳ
3814 1094 3943 1166 μιᾷ.
3972 1093 4176 1149 Πάντα
4194 1093 4255 1148 δὲ

2582 1190 2683 1243 ὑπ’
2713 1188 2964 1251 ὀδόντας
2991 1180 3139 1253 ἦγεν
3167 1186 3205 1247 η
3236 1185 3493 1254 ἀνάγκη,
3525 1187 3621 1240 καὶ
3648 1186 3720 1239 τὰ
3744 1183 3900 1255 μηδὲ
3924 1181 4047 1248 τοῖς
4064 1183 4259 1250 ῥυπα-

2576 1270 2867 1339 ρωτάτοις
2896 1266 3014 1322 τῶν
3038 1266 3276 1335 ἀλόγων
3304 1264 3459 1325 ζώων
3481 1270 3799 1337 πρόσφορα
3828 1266 4255 1335 συλλέγοντες,

2582 1355 2809 1410 ἐσθίειν
2843 1351 3165 1420 ὑπέφερον·
3201 1347 3515 1417 ζωστήρων
3546 1351 3696 1419 γοῦν
3732 1352 3830 1405 καὶ
3863 1347 4260 1420 ὑποδημάτων

2583 1438 2652 1493 τὸ
2684 1436 3024 1492 τελευταῖον
3062 1435 3172 1488 οὐκ
3209 1432 3556 1502 ἀπέσχοντο
3575 1473 3593 1496 ,
3622 1436 3720 1491 καὶ
3751 1438 3823 1489 τὰ
3854 1436 4114 1506 δέρματα
4144 1434 4259 1489 τῶν

2585 1520 2813 1589 θυρεῶν
2839 1518 3237 1587 ἀποδέροντες·
3258 1514 3611 1585 ἐμασσῶντο
3633 1518 3660 1554 ιι
3687 1558 3701 1570 .
3739 1520 3933 1588 Τροφὴ
3964 1519 4033 1573 δὲ
4054 1516 4135 1589 ἦν
4162 1520 4257 1573 καί

2587 1606 2808 1673 χόρτου
2846 1602 2969 1657 τισὶ
3002 1600 3262 1655 παλαιοῦ
3310 1597 3728 1668 σπαράγματαο
3769 1602 3876 1667 τὰς
3916 1602 4024 1671 γὰρ
4072 1599 4207 1668 Ινας
4240 1600 4256 1639 ι

2587 1690 2736 1743 ἔνιοι
2767 1689 3193 1757 συλλέγοντες,
3216 1683 3546 1753 ἐλάχιστον
3571 1687 3843 1754 σταθμὸν
3865 1687 4147 1743 ἐπώλουν
4164 1690 4262 1743 ἀτ-

2585 1772 2766 1826 τικῶν
2795 1772 3126 1840 τεσσάρων.
3162 1769 3272 1825 Καὶ
3300 1770 3356 1822 τί
3387 1768 3483 1822 δεῖ
3504 1768 3620 1836 τὴν
3657 1770 3751 1822 ἐπ’
3789 1770 4051 1839 ἀψύχοις
4097 1773 4257 1827 ἀναί-

2583 1856 2753 1909 δειαν
2780 1857 2886 1910 τοῦ
2927 1854 3105 1920 λιμοῦ
3142 1853 3382 1922 λέγειν;
3426 1849 3562 1922 Εἷμι
3596 1856 3705 1922 γὰρ
3742 1853 3931 1908 αὑτοῦ
3972 1855 4263 1922 δηλώσων

2581 1939 2779 2007 ἔργον,
2814 1936 2942 1994 οἷον
2962 1948 3003 1976 ω
3030 1938 3179 2010 μήτε
3209 1938 3344 2005 παρ’
3373 1938 3655 2003 Ἕλλησι,
3676 1936 3832 2005 μήτε
3862 1938 4023 2008 παρὰ
4041 1938 4266 2008 βαρόἀο

2575 2041 2710 2092 ροις
2735 2026 3061 2094 ἱστόρηται,
3086 2022 3338 2092 φρικτὸν
3352 2021 3472 2090 μὲν
3495 2020 3706 2086 εἰπεῖν,
3731 2020 3990 2076 ἄπιστον
4014 2024 4066 2076 δ’
4088 2025 4264 2078 ἀκοῦ-

2583 2124 2711 2162 σαι.
2747 2109 2853 2161 Καὶ
2876 2110 3058 2177 ἔγωγε
3074 2117 3123 2171 ο,
3144 2106 3229 2176 μὴ
3250 2105 3485 2175 δόξαιμι
3506 2105 3928 2172 τερατεύεσθαι
3946 2106 4074 2171 τοῖς
4095 2101 4266 2171 αὖθις

2582 2189 2940 2259 ἀνθρώποις,
2975 2190 3092 2244 κᾶν
3119 2188 3456 2258 παρέλιπον
3481 2188 3597 2255 τὴν
3622 2190 3944 2258 συμφορὰν
3972 2188 4189 2258 ἡδέως,
4217 2192 4267 2242 εί

2578 2275 2665 2343 μὴ
2704 2274 2822 2328 τῶν
2846 2276 2973 2327 κατ’
3001 2275 3260 2344 ἐμαυτὸν
3290 2269 3460 2343 εἶχον
3487 2274 3776 2342 ἀπειρους
3791 2273 4122 2343 μάρτυρας·
4158 2272 4263 2326 ἅλ-

2584 2361 2708 2424 λως
2730 2375 2793 2411 τε
2826 2358 2923 2411 καί
2959 2358 3203 2426 ψυχρὰν
3226 2356 3304 2411 ἂν
3331 2359 3696 2427 καταθείμην
3730 2364 3754 2392 ο
3788 2356 3861 2424 τῇ
3890 2357 4135 2425 πατρίδι
4159 2357 4263 2424 χά-

2577 2456 2680 2507 ριν
2722 2442 3133 2511 καθυφέμενος
3175 2439 3296 2494 τῶν
3342 2443 3542 2511 λόγων
3571 2436 3660 2495 ὧν
3700 2441 3965 2495 πέπονθε
3998 2440 4073 2493 τὰ
4100 2440 4262 2511 ἔργα.

2583 2524 2755 2591 Γυνή
2798 2543 2889 2591 τις
2938 2525 3055 2578 τῶν
3093 2525 3243 2592 ὑπὲρ
3274 2526 3381 2579 τὸν
3435 2525 3741 2595 Ἰορδάνην
3800 2527 4260 2588 κατοικούντων,

2583 2611 2778 2677 Μαρία
2807 2609 3089 2678 τοῦνομα,
3148 2611 3372 2678 πατρὸς
3392 2610 3762 2680 Ἐλεαζάρου,
3787 2608 3988 2678 κώμης
4013 2608 4273 2677 Βηθεζνὼ,

2583 2694 2865 2763 σημαίνει
2906 2693 2974 2747 δὲ
3016 2693 3191 2748 τοῦτο
3258 2690 3408 2757 οἶκος
3458 2692 3747 2755 ὑσσώπου,
3791 2692 3889 2747 διὰ
3949 2691 4131 2763 γένος
4172 2692 4262 2745 καὶ

2583 2776 2854 2829 πλοῦτον
2878 2777 3198 2846 ἐπίσημος,
3220 2777 3372 2846 μετὰ
3404 2776 3509 2831 τοῦ
3534 2776 3753 2831 λοιποῦ
3780 2775 4058 2842 πλήθους
4084 2778 4174 2842 είς
4199 2774 4265 2827 τὰ

2594 2858 2986 2929 Ἰεροσόλυμα
3008 2859 3440 2929 καταφυγοῦσα
3460 2859 4014 2928 συνεπολιορκεῖτο.
4042 2860 4265 2925 Ταύτης

2582 2941 2699 3010 τὴν
2712 2942 2830 3011 μὲν
2860 2941 3062 3009 ἀλλην
3083 2941 3305 3011 κτῆσιν
3329 2945 3384 2995 οί
3416 2943 3697 3010 τύραννοι
3721 2942 4090 3010 διήρπασαν,
4114 2940 4266 3007 ὅσην

2582 3022 2651 3075 ἐκ
2688 3022 2796 3091 τῆς
2831 3025 3087 3092 Περαίας
3131 3023 3681 3093 ἀνασκευασαμένη
3713 3034 3741 3074 Ρ
3770 3024 4149 3094 μετήνεγκεν
4183 3024 4264 3088 είς

2584 3104 2698 3173 τὴν
2725 3108 2926 3160 πόλιν·
2960 3108 3033 3159 τὰ
3064 3106 3134 3159 δὲ
3157 3108 3423 3175 λείψανα
3452 3106 3573 3160 τῶν
3602 3109 3948 3177 κειμηλίων,
3985 3106 4107 3160 κᾶν
4129 3107 4186 3160 ει
4214 3123 4263 3159 τι

2585 3186 2809 3256 τροφῆς
2847 3189 3193 3258 ἐπινοηθείη
3220 3199 3270 3255 (ι,
3299 3190 3430 3245 καθ’
3459 3189 3684 3259 ἡμέρας
3720 3187 4134 3258 εἰσπηδῶντες
4168 3188 4265 3256 ἦρ-

2586 3270 2770 3331 παζον
2806 3275 2859 3325 οί
2888 3271 3228 3341 δορυφόροι.
3264 3272 3441 3342 Δεινὴ
3465 3274 3533 3326 δὲ
3565 3273 3631 3327 τὸ
3655 3274 3905 3342 γύναιον
3932 3271 4263 3342 ἀγανάκτηο

2584 3370 2685 3419 σις
2704 3357 2917 3423 εἰσῄει,
2941 3359 3040 3408 καὶ
3065 3355 3362 3422 πολλάκις
3375 3356 3741 3424 λοιδοροῦσα
3761 3356 3859 3410 καί
3878 3353 4262 3425 καταρωμένη

2584 3440 2726 3503 τοὺς
2752 3438 3025 3509 ἅρπαγας
3046 3440 3139 3508 ἐφ’
3162 3440 3389 3508 ἑαυτὴν
3430 3440 3712 3509 ἠρέθιζεν.
3745 3441 3840 3507 Ὧς
3862 3440 3914 3493 δ’
3936 3441 4079 3495 οὔτε
4118 3453 4265 3508 παρ-

2584 3517 3073 3591 οξυνόμενόςτις,
3101 3524 3225 3577 οὔτ’
3244 3522 3435 3577 ἐλεῶν
3458 3524 3654 3593 αὐτὴν
3680 3525 3907 3593 ἀνῄρει,
3932 3524 4124 3578 καὶτὸ
4152 3523 4267 3593 μέν

2584 3605 2787 3675 εὑρεῖν
2818 3624 2871 3660 τι
2902 3608 3100 3661 σιτίου
3131 3607 3335 3673 ἄλλως
3362 3608 3598 3674 ἐκοπία,
3629 3610 4011 3676 πανταχόθεν
4039 3608 4092 3662 δ’
4120 3609 4265 3662 ἀπο·

2577 3708 2694 3759 ρον
2715 3686 2795 3760 ἦν
2824 3690 2940 3759 ἤδη
2966 3691 3063 3744 καί
3090 3691 3154 3744 τὸ
3182 3691 3401 3759 εὑρεῖν,
3431 3694 3464 3744 ό
3486 3691 3664 3760 λιμὸς
3684 3690 3752 3743 δὲ
3773 3690 3871 3745 διὰ
3894 3690 4269 3761 σπλάγχνων

2584 3774 2685 3829 καὶ
2717 3774 2963 3846 μυελῶν
2983 3775 3209 3846 ἐχώρει,
3246 3776 3345 3829 καὶ
3384 3776 3491 3830 τοῦ
3523 3776 3703 3845 λιμοῦ
3728 3775 3972 3846 μᾶλλον
3990 3776 4269 3841 ἐξέκαιον

2583 3863 2637 3913 οἱ
2665 3860 2864 3930 θυμοί,
2887 3860 3237 3929 σύμϐουλον
3258 3860 3443 3917 λαϐοῦ
3453 3876 3538 3914 σα
3562 3860 3677 3929 τὴν
3695 3859 3886 3929 ὀργὴν
3916 3870 3936 3897 ι’
3975 3860 4135 3930 μετὰ
4166 3858 4268 3927 τῆς

2583 3942 2875 4013 ἀνάγκης,
2916 3942 3035 4015 [52]
3060 3943 3161 3996 ἐπὶ
3192 3943 3307 4011 τὴν
3336 3946 3530 4013 φύσιν
3564 3941 3792 4013 ἐχώρει,
3820 3943 3921 3997 καὶ
3953 3943 4022 3997 τὸ
4051 3944 4269 3998 τέκνον

2585 4023 2686 4096 (ἦν
2710 4026 2761 4078 δ’
2792 4026 2946 4095 αὐτῇ
2973 4025 3113 4093 παῖς
3141 4027 3481 4097 ὑπομάζὶος)
3513 4025 3907 4097 ἁρπασαμένη
3929 4034 3976 4092 ⁸,
4011 4025 4263 4095 Βρέφος,

2584 4106 2775 4172 εἷπεν,
2803 4109 3035 4173 ἄθλιον,
3077 4108 3149 4162 έν
3176 4109 3417 4179 πολέμῳ
3444 4112 3545 4163 καὶ
3569 4110 3723 4180 λιμῷ
3753 4110 3855 4166 καί
3880 4108 4119 4171 στάσει,
4150 4107 4263 4160 τίνι

2586 4207 2660 4247 σε
2688 4192 2963 4261 τηρήσω;
3001 4194 3074 4248 τὰ
3115 4193 3235 4263 μὲν
3276 4194 3439 4262 παρὰ
3489 4195 3797 4263 Ῥωμαίοις
3832 4192 4101 4255 δουλεία,
4152 4188 4267 4243 κᾶν

2588 4273 2857 4345 ζήσωμεν
2876 4277 2970 4330 ἐπ’
2991 4277 3196 4344 αὐτοῖς
3211 4294 3226 4308 ο
3250 4276 3465 4345 φθάνει
3492 4275 3561 4329 δέ
3582 4275 3681 4328 καὶ
3703 4274 3989 4329 δουλείαν
4010 4277 4043 4327 ό
4064 4272 4264 4342 λιμὸς,

2586 4362 2640 4412 οί
2660 4361 3027 4416 στασιασταί
3057 4360 3110 4413 6’
3138 4359 3491 4430 ἀμφοτέρων
3514 4354 3933 4426 χαλεπώτεροι·
3958 4356 4060 4421 ίθι,
4084 4356 4265 4427 γενοῦ

2580 4461 2685 4514 μοι
2711 4443 2923 4514 τροφὴ,
2950 4444 3047 4499 καὶ
3071 4444 3195 4509 τοῖς
3216 4440 3616 4505 στασιασταῖς
3635 4440 3901 4508 ἐριννὺς,
3928 4440 4027 4494 καί
4046 4439 4131 4505 τῷ
4146 4442 4265 4507 ,βίῳ

2581 4526 2792 4595 μῦθος,
2824 4530 2856 4580 ό
2874 4529 3064 4594 μόνος
3092 4525 3391 4578 ἐλλείπων
3417 4522 3547 4591 ταῖς
3577 4522 3884 4579 Ἰουδαίων
3902 4525 4263 4597 συμφοραῖς.

2587 4608 2700 4662 Καὶ
2721 4610 2884 4663 ταῦθ’
2905 4609 3026 4678 ἅμα
3045 4608 3319 4677 λέγουσα
3343 4608 3561 4663 κτείνει
3586 4607 3693 4661 τὸν
3710 4609 3867 4673 υἱὸν,
3886 4608 4069 4663 ἔπειτ’
4090 4610 4267 4676 όπτήο

2588 4707 2776 4757 σασα,
2797 4694 2865 4746 τὸ
2879 4693 2998 4762 μὲν
3015 4691 3205 4761 ἣμισυ
3232 4694 3554 4757 κατεσθίει,
3582 4693 3647 4748 τὸ
3674 4692 3743 4747 δὲ
3767 4693 3988 4747 λοιπὸν
4005 4709 4264 4747 κατακα-

2588 4776 2844 4844 λύψασα
2886 4775 3235 4844 ἐφύλαττεν.
3284 4776 3521 4843 Εὐθέως
3555 4775 3609 4829 δ’
3637 4781 3690 4832 οί
3725 4778 4089 4832 στασιασταὶ
4119 4792 4265 4845 παρ’

2590 4857 2773 4926 ἦσαν,
2802 4858 2898 4912 καί
2932 4855 3039 4924 τῆς
3069 4859 3348 4930 ἀθεμίτου
3388 4862 3652 4927 κνίσσης
3693 4864 4066 4925 σπάσαντες,
4092 4862 4263 4928 ἠπεί-

2589 4946 2762 5007 λουν,
2792 4945 2844 4997 εί
2869 4942 2955 5013 μὴ
2984 4943 3197 5009 δείξειε
3220 4944 3284 4999 τὸ
3318 4946 3848 5014 παρασκευασθὲν,
3882 4944 4267 5013 ἀποσφάξειν

2591 5026 2785 5096 αὐτὴν
2808 5027 3047 5094 εὐθέως.
3074 5028 3146 5082 Ἣ
3178 5028 3247 5083 δὲ
3276 5029 3371 5083 καὶ
3391 5028 3611 5099 μοῖραν
3639 5028 3845 5093 αὑτοῖς
3868 5026 4129 5080 εἰποῦσα
4158 5044 4265 5081 κα-

2587 5111 2710 5179 λὴν
2735 5114 3140 5181 τετηρηκέναι,
3166 5113 3238 5166 τὰ
3256 5114 3518 5183 λείψανα
3536 5112 3644 5167 τοῦ
3670 5112 3884 5165 τέκνου
3910 5109 4259 5179 διεκάλυψε.

2595 5196 2741 5261 Τοὺς
2764 5196 2817 5250 δ’
2844 5197 3063 5262 εὐθέως
3088 5199 3267 5265 φρίκη
3312 5214 3377 5251 τε
3406 5196 3503 5251 καὶ
3531 5193 3766 5266 φρενῶν
3797 5193 4086 5259 ἔκστασις
4110 5194 4259 5264 ᾔρει,

2657 5334 2673 5362 ι
2701 5324 2784 5374 Sic
2804 5325 2952 5375 Savil.
2981 5326 3119 5376 Unus
3145 5327 3301 5377 codex
3325 5324 3516 5385 ἑαυτοῦ,
3542 5325 3716 5375 Morel.
3741 5324 3892 5386 αὐτῷ.

2656 5386 2671 5435 i
2703 5388 2787 5436 Sic
2807 5388 2917 5436 Sav.
2946 5394 3000 5436 el.
3017 5401 3133 5436 mss.
3161 5390 3334 5438 Morel.
3358 5404 3480 5438 vero
3501 5390 3582 5436 καὶ
3601 5388 3682 5435 ὑπ’
3704 5386 3967 5448 ἀμηχανίας
3990 5387 4070 5443 εἰς.

2654 5451 2679 5514 ξ
2703 5448 2853 5514 Savil.
2878 5448 3187 5514 ἀποσπῶντες
3210 5452 3495 5514 ἐμάσσοντο.

2658 5509 2684 5576 ξ
2710 5512 2954 5576 Quomss.
2980 5512 3061 5576 τὰς
3077 5514 3165 5576 γάρ
3190 5509 3339 5571 ἡνίας.

2652 5570 2687 5591 ¹¹¹
2709 5572 2861 5621 δονίι.
2892 5579 2947 5620 ει
2964 5573 3064 5620 duo
3086 5570 3269 5624 ὶηὲεζὸ.

2654 5632 2680 5698 ξ’
2707 5631 2788 5698 ξίο
2812 5646 2842 5698 e
2863 5633 3045 5698 Sayilio
3060 5639 3363 5698 scripsimus.
3388 5633 3670 5698 Legebalur
3689 5631 3783 5698 έγῲ
3804 5634 3872 5683 δέ.
3901 5634 4033 5685 Enn.

2657 5696 2683 5722 °
2710 5694 2792 5743 Sic
2816 5696 2967 5762 Sgavil.
2994 5694 3177 5762 el_mrss'.
3222 5699 3353 5762 όοο,
3378 5694 3892 5762 (ιυιλιιιιιιςιῐι-ΙιιιιιεοιΔ
3908 5702 4167 5762 κατεθέμην
4207 5709 4259 5749 el

2593 5758 3007 5819 καταφαινόμενος.
3038 5758 3165 5807 Infra
3190 5760 3309 5807 edit.
3332 5755 3537 5815 Josephi
3560 5755 3641 5803 τὸν
3663 5756 3820 5817 λόγον,
3841 5758 3914 5808 οὑ.
4077 5755 4087 5762 ’
4108 5804 4112 5807 .

2658 5821 2684 5860 Ρ
2708 5821 2856 5868 SaVil.
2885 5822 3325 5891 μετασκευασμένη,
3352 5830 3439 5878 pro
3462 5822 3892 5883 μετεσκευασμένη,
3911 5822 4008 5872 duo
4034 5836 4147 5872 mss.
4175 5840 4255 5872 αε-

2592 5897 3004 5943 τασκευασαμενη.

2655 5946 2682 5985 q
2706 5945 2787 6009 sic
2808 5938 2979 5991 Mdu-el.
3004 5949 3060 5992 et
3081 5938 3213 5991 Savil
3255 5942 3364 5992 Duo
3388 5943 3706 6006 manuscripli
3739 5945 3958 6009 ἐπινοηθῇ

2662 6008 2682 6036 τ
2711 6008 2860 6054 Savil.
2883 6007 3049 6054 ὁρμήν.

2711 6007 2860 6054 Savil.
2883 6007 3049 6054 ὁρμήν.

2658 6070 2680 6137 ξ
2811 6021 3169 6137 malim.
3199 6064 3441 6137 ln_M_ore_l.
3460 6072 3641 6137 “autem
3671 6072 3723 6119 ὃν
3752 6075 4086 6137 ἁρπασαμένη,
4105 6072 4251 6120 male.

2595 6127 2724 6183 Infra
2746 6141 2872 6177 unus
2890 6127 2995 6177 cod.
3012 6129 3229 6190 ζήσωμαι
3254 6128 3325 6177 ἐπ’
3346 6128 3519 6187 αὑτοῖς.
