4506 6718
521 570 623 623 sas

516 686 890 753 prcuurabant.
919 684 1113 739 Verum
1160 679 1281 747 quia
1319 693 1502 731 sumus
1547 677 1772 731 invicem
1819 677 2053 731 membra
2078 719 2094 744 ,

515 779 612 832 etsi
641 777 739 847 ipsi
765 777 990 846 gratiam
1035 770 1301 838 abnegent
1320 810 1336 833 ,
1364 783 1467 821 non
1494 768 1741 822 convenit
1767 767 1836 822 ita
1859 767 2062 822 allectis
2081 809 2095 830 ,

482 863 485 866 ’
517 880 572 922 nt
599 885 696 922 nos
724 881 907 921 sumus
928 904 942 925 ,
977 861 1134 914 unius
1158 857 1384 912 membri
1411 874 1592 912 curam
1627 858 1841 924 habere,
1872 859 2097 913 alterum

517 959 798 1029 negligere.
824 954 1064 1020 Namque
1098 949 1204 1003 illis
1234 949 1337 1003 alia
1377 950 1688 1003 meritorum
1729 950 1938 1004 occasio
1973 963 2098 1016 sup-

517 1057 687 1117 petet,
718 1042 926 1099 etiamsi
958 1055 1096 1094 nunc
1122 1037 1275 1094 malis
1303 1055 1407 1094 non
1434 1039 1734 1095 afﬁciantur
1761 1057 1776 1105 ;
1822 1039 1937 1094 istis
1971 1051 2098 1091 vero

517 1140 615 1194 nisi
640 1139 708 1190 ab
745 1137 844 1188 hac
873 1147 1046 1202 pugna
1067 1131 1406 1200 destiterint,
1437 1133 1580 1189 nulla
1608 1133 1718 1203 jam
1764 1132 1950 1188 salutis
1975 1145 2099 1198 spes

517 1226 847 1296 relinquitur.
874 1223 1056 1295 Itaque
1084 1224 1189 1280 illis
1210 1225 1448 1292 omissis,
1474 1226 1666 1280 vestris
1691 1226 1852 1279 rebus
1887 1221 2096 1285 insisto,

516 1333 748 1389 rogoque
773 1330 830 1372 et
853 1318 1079 1372 obsecro
1119 1317 1273 1374 nobis
1315 1317 1651 1374 hortantibus
1677 1313 2096 1383 obtemperetis,

516 1425 612 1464 nec
638 1418 822 1463 contra
852 1424 948 1464 vos
973 1409 1116 1480 ipsos
1144 1410 1373 1481 gladium
1417 1407 1706 1477 impellatis
1726 1447 1742 1471 ,
1771 1418 1872 1460 nec
1914 1411 2098 1458 contra

516 1500 760 1554 stimulos
798 1501 1086 1555 calcitrclis
1114 1516 1130 1565 ;
1164 1517 1264 1566 ne,
1297 1499 1422 1552 dum
1454 1497 1650 1568 putatis
1678 1495 1924 1550 homines
1960 1508 2098 1548 maz-

515 1607 636 1646 rore
660 1591 874 1648 afﬁcere
899 1636 914 1659 ,
937 1593 1190 1663 Spiritum
1217 1600 1459 1646 sanctum
1491 1590 1583 1644 Dei
1607 1587 1952 1644 contristetis.
1975 1587 2100 1642 Scio

511 1683 653 1737 enim
701 1699 764 1738 ac
812 1699 1122 1754 persuasum
1176 1682 1385 1746 habeo,
1442 1696 1537 1734 vos
1588 1678 1909 1735 sententiam
1961 1677 2100 1733 hanc

515 1783 786 1839 nostram,
818 1774 918 1828 etsi
965 1788 1069 1828 non
1115 1772 1313 1838 modo,
1354 1780 1499 1827 certe
1547 1782 1732 1843 postea
1780 1769 2100 1841 probaturos

510 1877 651 1916 esse.
697 1862 808 1918 Iloc
851 1872 1026 1918 autem
1056 1864 1179 1919 volo
1209 1878 1302 1918 vos
1341 1878 1482 1918 nunc
1520 1871 1808 1933 pnestare,
1841 1877 1909 1917 ne
1948 1871 2097 1931 post-

514 1955 728 2010 modum
759 1955 952 2011 frustra
998 1955 1222 2010 faciatis.
1251 1955 1521 2026 Siquidem
1552 1954 1703 2009 dives
1750 1953 1840 2009 ille
1877 1969 1999 2009 cum
2043 1953 2095 2008 in

515 2046 612 2100 hac
639 2048 744 2100 vita
771 2056 947 2112 esset,
978 2047 1266 2118 prophetas
1285 2088 1300 2112 ,
1330 2047 1530 2117 legem,
1553 2061 1846 2116 eorumque
1872 2045 2092 2109 monita,

515 2152 610 2205 pro
632 2136 822 2191 fabulis
849 2146 904 2190 et
927 2137 1292 2192 deliramentis
1320 2136 1597 2204 reputabat
1621 2154 1633 2188 :
1661 2151 1781 2188 cum
1827 2144 2005 2189 autem
2031 2149 2097 2189 eo

515 2226 898 2287 abscessisset,
926 2227 1060 2280 adeo
1105 2227 1156 2279 in
1197 2225 1548 2279 admiratione
1587 2234 1745 2293 atque
1792 2223 1997 2277 honore
2034 2238 2096 2278 ea

515 2315 714 2368 monita
759 2314 974 2378 habuit,
1022 2323 1082 2368 ut
1122 2330 1242 2368 cum
1295 2313 1452 2383 plane
1497 2314 1817 2384 intelligeret
1865 2313 2000 2366 nihil
2040 2326 2100 2367 se

513 2403 778 2459 commodi
817 2419 881 2458 ex
927 2404 1044 2472 ejus
1089 2403 1333 2458 laudibus
1369 2403 1626 2474 consequi
1657 2417 1850 2473 posse,
1876 2403 2103 2473 patriar-

514 2495 671 2551 eham
715 2503 955 2566 rogaret,
993 2503 1050 2549 ut
1094 2495 1326 2565 aliquem
1392 2495 1630 2550 mitteret
1683 2509 1751 2549 ex
1813 2494 1998 2549 inferis
2042 2493 2098 2548 in

514 2597 746 2652 terram,
794 2587 884 2657 qui
929 2587 1076 2642 isteec
1117 2587 1496 2653 annuntiaret,
1543 2586 1743 2642 veritus
1791 2586 1996 2642 scilicet
2030 2602 2098 2643 ne

517 2681 742 2751 idipsum
771 2681 841 2734 illi
873 2689 1201 2750 paterentur,
1233 2691 1391 2750 atque
1419 2680 1720 2752 Scripturas
1743 2679 1950 2735 divinas
1976 2681 2098 2735 irri-

515 2774 706 2829 dentes
729 2815 744 2840 ,
775 2786 902 2828 tunc
927 2788 1020 2827 eas
1046 2773 1456 2839 admirarentur,
1487 2788 1609 2828 cum
1651 2787 1718 2827 ex
1756 2788 1818 2828 ea
1859 2773 2096 2846 admira-

519 2867 662 2921 tione
691 2866 821 2920 nihil
851 2865 1196 2920 emolumenti
1233 2865 1490 2934 consequi
1518 2865 1776 2919 valerent.
1808 2864 1878 2918 Et
1916 2874 2095 2918 tamen

518 2955 605 3010 ille
635 2953 763 3010 nihil
792 2955 897 3010 tale
924 2963 1137 3024 egerat,
1163 2954 1323 3024 quale
1349 2969 1443 3008 vos
1466 2956 1621 3024 agitis
1662 2970 1679 3010 :
1710 2955 1810 3008 etsi
1839 2953 1980 3008 enini
2009 2953 2098 3008 ille

520 3047 650 3101 nihil
676 3062 739 3103 ex
770 3047 881 3100 suis
903 3045 1104 3099 Lazaro
1134 3046 1460 3114 impertivit,
1493 3061 1598 3100 non
1627 3053 1807 3100 tamen
1844 3060 1938 3100 eos
1961 3085 1978 3110 ,
2005 3044 2097 3114 qui

519 3139 569 3193 id
600 3154 758 3209 agere
785 3138 1015 3204 vellent,
1045 3137 1336 3207 prohibuit,
1361 3146 1455 3190 aut
1483 3137 1701 3206 repulit,
1724 3146 1784 3190 ut
1813 3136 1973 3190 modo
2000 3149 2098 3190 vos

517 3230 708 3285 facitis.
739 3229 920 3298 Neque
946 3228 1070 3282 hinc
1091 3226 1250 3282 modo
1273 3227 1420 3280 illum
1456 3227 1769 3282 crudelitate
1793 3225 2055 3296 superatis
2078 3266 2095 3292 ,

517 3322 609 3377 sed
636 3322 848 3376 aliunde
873 3334 1103 3391 quoque.
1137 3319 1287 3375 Sicut
1315 3319 1457 3374 enim
1504 3334 1612 3373 non
1647 3319 1850 3389 aequale
1892 3318 2098 3372 facinus

516 3421 601 3468 est
641 3413 774 3467 nihil
802 3427 960 3482 agere
987 3411 1134 3475 boni,
1163 3419 1218 3466 et
1245 3409 1380 3463 alios
1409 3409 1498 3479 qui
1530 3409 1582 3464 id
1605 3409 1772 3464 velint
1795 3407 2052 3478 impedire
2078 3423 2092 3460 :

515 3505 593 3560 sic
616 3519 720 3559 non
752 3504 863 3574 pari
893 3504 946 3558 in
969 3502 1136 3574 gradu
1159 3503 1373 3572 ponitur
1397 3501 1518 3555 cibo
1546 3515 1808 3570 corporeo
1829 3499 2094 3569 indigere,

515 3606 569 3649 et
604 3610 724 3650 eum
761 3593 852 3664 qui
903 3593 955 3648 in
1006 3592 1205 3663 ingenti
1261 3590 1613 3662 philosophia:
1663 3590 1887 3661 penuria
1916 3589 2094 3660 jacet,

519 3684 799 3754 prohibere
825 3699 891 3738 ne
919 3682 987 3736 ab
1013 3683 1132 3737 aliis
1173 3689 1439 3751 pascatur.
1485 3679 1842 3747 Quamobrem
1890 3677 2097 3733 duabus

517 3792 581 3830 ex
613 3776 850 3846 partibus
874 3775 1161 3830 immanem
1192 3774 1341 3830 illum
1379 3772 1598 3828 divitem
1629 3771 1926 3842 superatis,
1953 3769 2096 3840 quod

519 3882 709 3937 nempe
732 3867 865 3921 alios
887 3866 1216 3936 prohibeatis
1244 3864 1436 3919 famem
1466 3862 1829 3932 exstinguere,
1852 3860 2098 3931 quodque

517 3974 637 4012 eum
682 3957 913 4012 animam
958 3956 1232 4027 prtefocari
1271 3954 1493 4010 videatis
1517 3996 1533 4019 ,
1565 3963 1767 4008 tantam
1802 3953 2098 4008 exhibeatis

529 4048 992 4104 inhumanitatem.
1021 4047 1132 4103 lloc
1184 4055 1239 4102 et
1283 4046 1451 4102 ,ιυόωί
1498 4045 1624 4100 olim
1668 4044 1946 4100 fecerunt:
1973 4059 2098 4098 nam

520 4141 791 4213 apostolos
821 4141 1174 4212 prohibebant
1201 4155 1270 4196 ne
1300 4139 1608 4194 hominibus
1633 4138 1880 4192 salutaria
1911 4137 2098 4205 loqueo

520 4246 722 4291 rentur.
749 4235 818 4290 At
845 4249 938 4288 vos
980 4234 1087 4288 illis
1112 4234 1271 4288 etiam
1315 4232 1609 4288 deteriores
1647 4232 1796 4286 estis.
1832 4229 1909 4283 Illi
1957 4227 2099 4284 enim

519 4343 637 4379 cum
682 4341 740 4380 se
787 4325 1030 4379 inimicos
1055 4324 1455 4394 profiterentur,
1483 4324 1561 4378 sic
1588 4322 1767 4377 omnia
1797 4321 1889 4375 illa
1933 4319 2098 4375 facie—

521 4417 644 4469 bant
678 4433 690 4468 :
723 4431 819 4469 vos
846 4427 1022 4469 autem
1069 4417 1322 4470 ementita
1372 4415 1664 4469 amicorum
1713 4427 1971 4483 persiina,
1998 4411 2101 4466 ini-

521 4510 685 4562 micos
719 4523 811 4562 vos
833 4508 1120 4562 exhihetis.
1140 4507 1214 4560 llli
1236 4518 1450 4562 sanctos
1472 4507 1746 4578 apostolos
1765 4504 2097 4572 verberibus,

519 4599 853 4655 contumeliis
882 4640 896 4664 ,
945 4599 1232 4668 ignominia
1307 4599 1638 4664 aliecerunt,
1686 4599 2101 4668 przestigiatores

521 4709 614 4747 eos
652 4703 811 4761 atque
859 4690 1170 4744 seductores
1199 4689 1544 4760 appellantes.
1577 4690 1771 4744 Verum
1800 4691 1920 4744 illos
1955 4697 2099 4744 tanta

525 4783 654 4838 ultio
680 4782 976 4852 corripuit,
1011 4789 1068 4834 ut
1096 4781 1238 4834 nulla
1263 4780 1540 4834 calamitas
1575 4782 1746 4850 possit
1771 4797 1956 4836 eorum
1983 4781 2098 4834 cla-

519 4876 676 4931 dibus
716 4875 1035 4944 comparari.
1058 4873 1189 4927 Nam
1220 4872 1374 4942 primi
1405 4882 1459 4926 et
1496 4874 1596 4928 Soli
1637 4890 1703 4928 ex
1729 4875 1874 4928 omni
1920 4874 2100 4930 homi-

523 4985 648 5021 num
684 4983 876 5037 genere
934 4981 993 5019 ea
1031 4967 1171 5038 passi
1201 4975 1321 5019 sunt
1348 5006 1363 5030 ,
1394 4981 1511 5034 quas
1548 4966 1723 5020 nullus
1772 4969 1906 5022 alius
1936 4970 1975 5023 ί,
2006 4971 2101 5024 At-

520 5074 622 5126 que
647 5059 833 5112 horum
866 5058 969 5112 fide
990 5058 1181 5127 dignus
1205 5058 1354 5110 testis
1375 5065 1452 5110 est
1483 5055 1747 5123 Christus,
1772 5061 1861 5128 qui
1891 5060 1968 5115 sic
1991 5063 2098 5117 ait:

525 5151 636 5204 Erit
665 5153 920 5205 tribulatio
952 5168 1136 5222 magna
1161 5193 1176 5217 ,
1204 5151 1367 5220 qualis
1390 5166 1488 5202 non
1528 5150 1623 5219 fuit
1661 5151 1723 5203 ab
1753 5152 1896 5206 initio
1923 5155 2101 5208 mundi

523 5258 679 5305 usque
699 5259 832 5297 nunc
849 5285 864 5310 ,
894 5259 1051 5311 neque
1075 5253 1244 5312 postea
1271 5241 1364 5296 erit
1391 5240 1602 5311 (Matth.
1629 5239 1718 5295 24.
1740 5243 1851 5314 2|).
1876 5243 1947 5298 Ea
1981 5246 2101 5315 qui-

523 5332 644 5385 dem
670 5337 844 5387 omnia
868 5377 884 5401 ,
918 5353 1036 5405 qum
1064 5335 1135 5388 illi
1164 5334 1307 5403 passi
1346 5342 1508 5397 sunt,
1536 5337 1783 5402 prosequi
1808 5353 1912 5391 non
1943 5337 2102 5406 hujus

523 5432 604 5477 est
633 5429 888 5487 temporis
923 5446 934 5480 :
969 5443 1132 5497 pauca
1166 5438 1338 5481 tamen
1367 5442 1432 5479 ex
1459 5426 1638 5479 multis
1671 5431 1975 5484 necessario
2016 5432 2100 5486 di-

525 5513 688 5566 cenda
715 5523 858 5569 sunt.
886 5515 1077 5573 Verbis
1106 5530 1281 5574 autem
1305 5529 1422 5573 utar
1452 5534 1557 5573 non
1599 5520 1729 5572 meis
1749 5560 1764 5582 ,
1806 5522 1899 5575 sed
1933 5522 2103 5592 (Iose-

527 5606 638 5673 phi)
673 5605 841 5660 Judari
869 5647 882 5667 ,
914 5610 1003 5674 qui
1057 5627 1172 5665 eam
1219 5611 1493 5665 historiam
1543 5611 1752 5680 scripsit
1795 5611 2098 5681 diligenter.

527 5697 660 5764 Quid
679 5711 803 5766 ergo
825 5698 896 5751 ait
916 5699 1004 5753 ille
1019 5701 1043 5752 ἲ
1059 5701 1189 5756 Cum
1212 5711 1513 5758 enarrasset
1535 5703 1803 5757 incensum
1823 5705 2100 5774 templum,

528 5807 795 5860 novasque
824 5791 844 5822 ¹
877 5792 994 5844 illas
1024 5794 1353 5852 calamitates
1395 5797 1749 5864 enuntiasset,
1778 5797 1854 5853 sic
1887 5796 2057 5867 pergit
2087 5814 2099 5850 :

590 5927 608 5961 ³
641 5932 742 5975 nuo
768 5935 870 5976 Mss.
895 5929 1138 5987 omittunt,
1159 5942 1268 5988 qum
1289 5933 1446 5982 nullus
1470 5933 1610 5985 alius.

589 5991 608 6021 ³
643 6001 710 6038 sic
729 5990 864 6051 juxta
888 5989 1024 6039 Ravil.
1051 5997 1097 6039 In
1124 5997 1191 6050 8.,
1216 6006 1506 6055 communes,
1532 6012 1632 6058 pro,
1657 6010 1812 6049 novas.

1263 565 1618 620 ADVERSUS
1658 563 2196 622 OI‘I‘UGNATORES
2235 563 2417 622 Vl'l'z‘E
2457 563 2751 619 MONAST.
2797 565 2924 620 LIB.
2965 563 3002 616 Ι.
3678 562 3749 615 32

2278 677 2334 730 5.
2361 674 2430 729 Et
2455 678 2694 746 templum
2717 677 2918 744 quidem
2951 676 3044 728 hoc
3069 674 3119 728 in
3146 686 3279 729 statu
3301 686 3450 742 erat;
3478 693 3650 730 eorum
3677 687 3784 726 vero

2204 768 2292 836 qui
2313 783 2402 839 per
2427 766 2675 820 civitatem
2702 772 2838 838 fame
2866 764 3236 831 occumbebant,
3263 767 3464 835 infinita
3487 784 3612 837 pene
3636 767 3777 821 cade-

2205 861 2287 914 bat
2314 858 2584 912 multitudo
2604 897 2620 922 ,
2644 868 2790 928 atque
2826 856 3191 912 inenarrabiles
3216 859 3563 928 contingebant
3589 859 3780 912 clades.

2205 949 2347 1005 Nam
2391 965 2481 1018 per
2507 947 2732 1019 singulas
2763 949 2979 1016 domos,
3022 947 3184 1003 sicubi
3221 946 3446 1000 ciborum
3490 947 3567 1000 vel
3609 947 3785 1001 umbra

2204 1048 2366 1104 esset,
2403 1038 2588 1091 bellum
2617 1038 2826 1105 aderat,
2860 1056 2920 1092 ac
2957 1040 3033 1093 vel
3067 1039 3359 1093 amicissimi
3392 1047 3566 1091 mutuo
3608 1053 3787 1092 manus

2204 1129 2563 1192 conserebant,
2597 1144 2658 1181 ac
2691 1129 2876 1182 misera
2920 1130 3013 1182 illa
3040 1131 3222 1182 anima
3247 1130 3429 1182 viatica
3457 1127 3784 1198 diripiebant.

2206 1221 2289 1276 Ne
2314 1221 2640 1276 morientibus
2668 1221 2867 1291 quidem
2895 1221 3030 1290 quod
3057 1221 3165 1274 cibo
3209 1221 3487 1291 indigerent
3531 1222 3659 1290 ﬁdes
3688 1224 3786 1275 ha-

2203 1313 2408 1368 bebatur
2431 1332 2450 1370 :
2475 1314 2565 1368 sed
2589 1331 2673 1367 eos
2696 1329 2891 1384 quoque
2909 1313 2997 1384 qui
3021 1311 3346 1383 exspirabant
3371 1353 3388 1376 ,
3419 1313 3638 1368 latrones
3668 1330 3786 1383 per-

2205 1405 2556 1458 srrutabantur
2581 1444 2596 1467 ,
2626 1422 2691 1458 ne
2717 1405 2829 1474 quis
2869 1405 3001 1473 forte
3028 1403 3267 1458 simulata
3293 1412 3454 1457 morte
3481 1402 3646 1456 cibum
3675 1403 3789 1457 sinu

2205 1497 2495 1550 occultaret.
2513 1496 2617 1549 Alii
2641 1512 2756 1550 vero
2788 1496 2922 1564 fame
2933 1496 3150 1560 hiantes,
3175 1507 3428 1565 tamquam
3450 1492 3616 1548 rabidi
3641 1510 3789 1548 canes

2205 1596 2368 1641 mente
2414 1587 2674 1650 destituti,
2718 1587 3017 1655 insaniaque
3071 1587 3324 1656 correpti,
3355 1586 3607 1640 ebriorum
3648 1600 3789 1638 more

2202 1681 2257 1733 in
2289 1681 2418 1734 ostia
2442 1681 2781 1750 impingebant
2812 1694 2832 1733 :
2861 1694 2921 1732 ac
2945 1677 3293 1747 desperatione
3331 1678 3500 1741 ducti,
3523 1679 3650 1731 hora
3682 1693 3787 1730 una

2203 1773 2280 1828 bis
2307 1783 2436 1827 terve
2463 1773 2516 1826 in
2540 1771 2770 1827 eamdem
2806 1770 3014 1826 domum
3054 1769 3415 1840 irrumpebant.
3455 1767 3642 1822 Omnia
3666 1784 3784 1822 vero

2203 1865 2432 1921 dentibus
2468 1866 2724 1937 subigebat
2753 1865 2968 1935 penuria
2991 1904 3006 1929 ,
3036 1871 3083 1917 et
3111 1879 3170 1916 ea
3196 1877 3310 1932 qua:
3334 1878 3396 1915 ne
3421 1860 3784 1914 sordidissimis

2200 1960 2400 2029 quidem
2439 1958 2701 2012 brutorum
2743 1957 3078 2009 animantium
3121 1956 3236 2008 usui
3271 1964 3413 2008 erant
3456 1953 3784 2023 colligentes,

2201 2050 2348 2104 edere
2372 2065 2473 2102 non
2494 2048 2807 2101 dubitabant.
2829 2047 2874 2101 A
2898 2047 3113 2118 cingulis
3139 2047 3294 2117 igitur
3313 2054 3357 2099 et
3378 2062 3410 2098 a
3438 2043 3790 2098 calceamentis

2203 2149 2452 2210 postremo
2477 2155 2577 2192 non
2600 2137 2934 2200 abstinebant,
2961 2137 3212 2207 scutisque
3235 2137 3458 2189 detracta
3479 2135 3618 2188 coria
3640 2150 3785 2186 man-

2202 2231 2404 2284 debant.
2439 2229 2572 2282 Esca
2597 2239 2764 2281 autem
2810 2227 3112 2298 quibusdam
3142 2236 3283 2280 erant
3327 2227 3446 2295 freni
3472 2225 3625 2280 laceri
3662 2224 3785 2279 reli-

2201 2322 2333 2390 quite
2357 2335 2375 2374 :
2401 2329 2731 2392 purgamenta
2770 2319 2889 2372 item
2915 2318 3150 2372 nonnulli
3175 2319 3484 2389 colligentes,
3514 2318 3778 2371 minimum

2203 2428 2376 2466 eorum
2395 2410 2594 2484 pondus
2610 2421 2827 2481 quatuor
2849 2411 3014 2464 atticis
3035 2407 3404 2465 vendebant.Et
3423 2408 3546 2478 quid
3568 2424 3696 2476 opus
3716 2416 3788 2461 est

2202 2507 2354 2576 famis
2392 2505 2760 2573 improbitatem
2787 2504 2841 2558 in
2884 2503 3029 2557 rebus
3057 2502 3294 2556 inanimis
3342 2501 3606 2571 persequi?
3649 2499 3779 2554 Rem

2201 2608 2504 2653 narraturus
2542 2614 2657 2652 sum
2680 2639 2696 2664 ,
2727 2597 2927 2667 qualem
2952 2611 3043 2649 nec
3074 2594 3213 2664 apud
3257 2592 3458 2648 Gnaeos
3508 2609 3598 2646 nec
3647 2593 3789 2663 apud

2199 2692 2441 2747 barbaros
2468 2691 2740 2762 contigisse
2786 2698 3095 2744 memoratur
3128 2703 3339 2756 usquam
3359 2725 3376 2749 ,
3405 2685 3543 2738 dictu
3572 2684 3786 2737 horren-

2199 2787 2319 2839 dam
2341 2827 2357 2852 ,
2385 2794 2536 2855 atque
2562 2782 2903 2838 incredibilem
2930 2781 3128 2834 auditu.
3172 2778 3311 2834 Sane
3337 2794 3431 2847 ego
3481 2793 3543 2832 ne
3583 2775 3780 2830 viderer

2204 2885 2438 2947 portenta
2457 2875 2743 2946 conﬁngere
2770 2873 2956 2944 futuris
2985 2870 3300 2934 hominibus,
3335 2866 3626 2940 hujusmodi
3647 2866 3790 2919 cala-

2200 2971 2425 3022 mitatem
2474 2966 2682 3021 libenter
2727 2964 3024 3027 tacuissem,
3073 2961 3174 3014 nisi
3219 2961 3509 3012 innumeros
3556 2957 3666 3028 ejus
3712 2955 3790 3009 rei

2201 3068 2349 3115 testes
2400 3057 2630 3111 haberem
2664 3070 2684 3109 :
2727 3063 3066 3124 pratereaque
3114 3050 3294 3120 patria
3339 3048 3640 3102 levissimam
3665 3061 3788 3116 gra-

2203 3151 2325 3204 tiam
2369 3151 2613 3220 referrent
2631 3188 2646 3211 ,
2677 3146 2723 3200 si
2763 3160 2876 3214 qua:
2915 3143 3084 3213 reipsa
3113 3155 3264 3210 passa
3289 3147 3397 3206 est,
3429 3154 3490 3192 ea
3529 3135 3788 3191 narrando

2200 3241 2584 3313 supprimerem.
2611 3238 2802 3293 Mulier
2827 3236 3058 3306 quedam
3084 3250 3146 3287 ea:
3165 3234 3229 3288 iis
3248 3273 3262 3297 ,
3285 3246 3400 3304 qum
3438 3231 3576 3285 ultra
3600 3228 3788 3284 Jordu~

2200 3349 2312 3388 nem
2337 3332 2620 3386 incolebant
2644 3373 2660 3393 ,
2694 3329 2864 3383 Maria
2912 3327 3149 3393 nomine,
3179 3335 3324 3396 patre
3365 3323 3616 3378 Eleazaro
3637 3364 3652 3390 ,
3678 3320 3786 3377 vico

2198 3423 2435 3489 Betheso,
2447 3417 2586 3491 quod
2608 3418 2872 3490 significat
2891 3419 3114 3476 domum
3132 3415 3375 3490 hyssopi,
3392 3429 3576 3484 genere
3593 3422 3640 3467 et
3664 3414 3786 3467 divi-

2199 3515 2283 3569 tiis
2325 3512 2568 3583 insignis,
2619 3527 2734 3565 cum
2777 3511 2973 3578 reliqua
3037 3507 3362 3562 multitudine
3413 3505 3787 3574 Jerosolymam

2199 3605 2493 3675 confugerat
2517 3643 2532 3668 ,
2559 3601 2810 3670 simulque
2835 3599 3175 3655 obsidebatur.
3209 3597 3381 3663 Huius
3405 3611 3602 3651 omnem
3626 3595 3785 3648 aliam

2199 3695 2532 3748 substantiam
2557 3692 2759 3763 tyranni
2789 3691 3108 3760 diripuerant
3132 3729 3147 3750 .
3169 3698 3411 3759 quantam
3439 3702 3503 3740 ea:
3527 3684 3709 3740 Persea
3732 3685 3786 3739 in

2205 3783 2390 3839 Urbem
2435 3790 2864 3853 transportaverat
2895 3797 2914 3834 :
2933 3779 3175 3849 reliquias
3202 3788 3368 3832 autem
3414 3776 3786 3832 reconditarum

2201 3892 2402 3943 rerum,
2429 3885 2479 3930 et
2503 3875 2546 3930 si
2577 3874 2700 3944 quid
2727 3875 2781 3928 in
2815 3873 2980 3928 cibum
3007 3878 3377 3942 praeparantur
3399 3910 3414 3934 ,
3451 3867 3674 3939 quotidie
3708 3867 3785 3919 ir-

2202 3975 2489 4037 rumpentes
2527 3965 2766 4020 satellites
2791 3962 3115 4031 diripiebant.
3147 3958 3276 4016 Dira
3311 3970 3478 4014 autem
3505 3958 3788 4030 indignatio

2203 4058 2559 4115 mulierculam
2586 4058 2755 4124 subiit,
2784 4074 2844 4111 ac
2867 4057 3129 4128 prtedones
3156 4070 3292 4126 stupe
3319 4053 3556 4108 conviciis
3584 4062 3632 4107 et
3675 4068 3788 4106 ma-

2204 4151 2399 4208 ledictis
2438 4152 2690 4206 insectans
2713 4189 2729 4216 ,
2779 4149 2831 4202 in
2876 4149 3095 4217 seipsam
3146 4145 3452 4200 concitabat.
3491 4142 3619 4198 Cum
3671 4158 3789 4198 vero

2204 4245 2373 4298 nullus
2402 4251 2492 4296 aut
2519 4243 2597 4295 ira
2622 4249 2880 4309 correptus
2898 4280 2914 4303 ,
2941 4247 3029 4290 aut
3051 4237 3158 4307 ejus
3182 4237 3414 4290 misertus
3433 4277 3448 4300 ,
3492 4235 3658 4305 ipsum
3703 4232 3789 4288 in-

2204 4335 2449 4403 terﬁceret
2477 4373 2492 4397 ,
2524 4332 2732 4399 ipsaque
2779 4329 2913 4383 cibos
2961 4326 3091 4381 alios
3133 4328 3355 4380 invenire
3387 4325 3672 4389 laboraret,
3731 4340 3792 4377 ac

2205 4427 2401 4497 penitus
2427 4423 2626 4494 difficile
2653 4431 2780 4476 esset
2807 4423 2922 4490 jam
2963 4418 3226 4489 quidpiam
3251 4418 3501 4482 invenire,
3535 4420 3790 4488 famesque

2201 4538 2294 4589 per
2316 4522 2508 4574 viscera
2533 4529 2578 4572 et
2610 4518 2857 4572 medullas
2891 4525 3134 4585 serperet,
3165 4514 3395 4584 fameque
3427 4512 3788 4566 vehementiore

2203 4614 2282 4666 ira
2306 4619 2578 4674 restitaret,
2608 4609 2875 4664 consilium
2913 4608 3131 4661 dictante
3165 4604 3510 4673 indignatione
3547 4618 3662 4656 cum
3706 4617 3791 4656 ne-

2203 4703 2431 4757 cessitate
2468 4702 2766 4771 conjuncta,
2805 4702 2858 4752 in
2895 4707 3126 4751 naturam
3170 4696 3334 4764 ipsam
3381 4694 3621 4758 vertitur,
3647 4702 3695 4747 et
3722 4695 3789 4762 fi-

2205 4794 2330 4847 lium
2349 4793 2477 4864 (erat
2498 4793 2684 4862 quippe
2711 4792 2789 4844 illi
2809 4787 3048 4856 paruulus
3071 4785 3545 4856 lactens)arripiens
3565 4801 3584 4839 :
3610 4782 3788 4849 Miser,

2205 4887 2366 4955 inquit
2393 4926 2408 4948 ,
2442 4884 2650 4952 puerule
2674 4923 2689 4947 ,
2717 4883 2770 4934 in
2798 4880 2950 4946 bello,
2981 4880 3034 4933 in
3066 4881 3198 4950 fame
3236 4889 3282 4932 et
3317 4879 3558 4932 seditione
3586 4919 3601 4944 ,
3634 4875 3715 4930 cui
3745 4885 3791 4930 te

2206 4976 2412 5031 servabo
2434 4975 2459 5027 ?
2485 4991 2518 5026 a
2547 4972 2812 5035 Romanis,
2845 4973 2888 5026 si
2919 4973 3184 5024 vixerimus
3203 5013 3219 5035 ,
3247 4971 3459 5024 servitus
3483 4985 3572 5022 nos
3601 4977 3789 5030 manet,

2209 5069 2496 5123 servitutem
2515 5066 2778 5120 antevertit
2798 5067 3029 5136 fames,et
3055 5065 3276 5132 utrisque
3289 5063 3519 5116 saeviores
3543 5059 3788 5113 seditiosi.

2207 5159 2392 5231 Perge,
2423 5159 2704 5212 mihicibus
2730 5155 3109 5222 esto,seditiosis
3138 5151 3380 5222 Erinnys,
3401 5152 3590 5206 mundo
3611 5149 3784 5222 fabula

2205 5269 2319 5325 qua:
2353 5253 2464 5307 sola
2520 5252 2655 5305 deest
2697 5245 3064 5302 calamitatibus
3109 5243 3429 5297 Iudaeorum.
3490 5241 3584 5297 His
3643 5242 3790 5296 dictis

2209 5347 2373 5416 filium
2397 5353 2561 5409 necat,
2589 5343 2755 5412 coquit
2785 5350 2958 5411 postea
2981 5380 2996 5405 ,
3026 5339 3231 5409 ejusque
3259 5336 3526 5389 dimidium
3549 5335 3788 5395 comedit,

2207 5441 2449 5509 reliquias
2469 5455 2581 5491 vero
2602 5437 2877 5490 occultatas
2900 5432 3148 5487 servabat.
3177 5431 3374 5484 Adsunt
3399 5430 3634 5483 continuo
3658 5429 3789 5482 sedi-

2210 5531 2358 5595 tiosi,
2388 5529 2582 5598 nefario
2625 5527 2801 5580 nidore
2835 5524 3076 5594 pertracti
3099 5563 3113 5589 ,
3146 5524 3500 5590 minanturque
3544 5527 3785 5578 mortem,

2210 5622 2306 5674 nisi
2331 5621 2464 5690 quod
2503 5627 2765 5687 paraverat
2796 5621 3066 5687 proferret.
3098 5613 3163 5667 At
3196 5613 3285 5665 illa
3312 5627 3426 5663 cum
3453 5619 3645 5679 partem
3686 5607 3790 5661 illis

2210 5715 2389 5768 bonam
2420 5726 2639 5767 servasse
2675 5726 2728 5763 se
2756 5709 2961 5774 diceret,
2994 5707 3098 5759 nati
3141 5703 3380 5773 reliquias
3413 5702 3630 5770 aperuit.
3661 5699 3787 5754 Tum

2209 5805 2326 5859 illos
2356 5803 2524 5857 statim
2551 5801 2731 5853 horror
2777 5799 3051 5865 mentisque
3095 5804 3271 5861 stupor
3313 5793 3571 5863 occupavit
3598 5832 3613 5856 ,
3640 5801 3686 5843 et
3722 5791 3788 5841 ad

2212 5898 2362 5948 talem
2388 5902 2644 5963 aspectum
2669 5893 2810 5960 quasi
2858 5888 2985 5942 αηιεὶ
3023 5886 3177 5954 defixi
3205 5892 3461 5940 steterunt.
3506 5881 3610 5935 Illa
3637 5895 3753 5934 vero
3771 5921 3785 5943 ,

2216 5989 2383 6055 Meus,
2417 5986 2595 6053 inquit,
2623 5993 2693 6040 est
2729 5984 2864 6054 filius
2892 5980 3157 6054 genuinus,
3187 5993 3408 6050 opusque
3431 5991 3611 6030 meum.
3643 5973 3790 6028 Canto
