4506 6728
760 545 860 600 5Ξ⁹

759 658 907 721 edite,
948 675 1065 715 nam
1089 670 1135 713 ct
1163 662 1269 731 ipsa
1300 667 1492 716 ramuli
1514 683 1531 718 .'
1570 684 1633 721 ne
1672 671 1777 722 sitis
1808 670 1884 722 vel
1911 675 2116 728 muliere
2140 676 2331 729 mollio-

758 767 859 811 res,
890 752 966 805 rel
1011 765 1170 807 nmtre
1208 756 1652 813 misericordiorcs.
1691 762 1837 827 Quod
1877 766 1922 819 si
1980 783 2067 821 vos
2109 770 2338 840 pietatem

760 843 945 912 colitis,
974 843 1281 918 hostiumque
1306 865 1468 902 meam
1496 854 1828 908 aversamini:
1854 873 1944 927 ego
1967 861 2166 929 quidem
2193 862 2342 915 dimi-

761 934 899 986 a‘ium
938 938 1271 1003 manducavi,
1299 942 1530 1012 quodque
1569 943 1814 1015 reliquum
1856 960 1926 1003 est
1953 953 2077 1005 mihi
2119 965 2337 1008 maneat.

764 1023 890 1079 Post
906 1026 1011 1080 [nec
1030 1028 1315 1095 illiquident
1337 1042 1599 1089 trementes
1620 1037 1877 1105 exierunt,
1904 1041 1999 1095 hac
2024 1061 2123 1098 una
2150 1056 2341 1099 tantum

758 1115 809 1166 in
836 1131 890 1168 re
916 1116 1436 1192 timidiores,eamque
1465 1126 1549 1179 vix
1572 1143 1736 1181 escam
1766 1130 1780 1159 ⁸
1826 1134 1977 1185 matri
1994 1139 2337 1190 concedentes.

764 1203 912 1260 Tanti
952 1209 1122 1263 statim
1166 1212 1409 1279 facinoris
1439 1219 1578 1287 fama
1628 1219 1745 1272 urbs
1775 1229 1878 1273 tota
1919 1226 2108 1292 repleta
2142 1239 2252 1293 est,
2284 1246 2344 1281 ac

759 1313 867 1364 prta
894 1298 1056 1353 oculis
1086 1301 1276 1371 singuli
1300 1319 1410 1355 eam
1436 1306 1773 1361 calamitatem
1800 1326 2060 1380 ponentes,
2084 1334 2181 1370 non
2204 1335 2343 1372 secus

758 1401 818 1437 ac
852 1387 901 1440 si
941 1387 1042 1457 ipsi
1068 1391 1298 1459 fecissent
1337 1395 1806 1452 exhorrescebant'.
1837 1402 1936 1469 Qui
1968 1408 2103 1475 fame
2145 1410 2344 1461 crucia-

758 1475 943 1532 bantur
965 1492 1177 1535 mortem
1203 1486 1531 1553 expetebant,
1564 1488 1829 1561 beatosque
1859 1498 2203 1563 pra’dicabant
2227 1517 2309 1554 eos
2328 1543 2343 1566 ,

758 1571 845 1638 qui
873 1571 970 1625 hac
997 1589 1053 1627 re
1082 1576 1305 1629 nondum
1336 1579 1535 1645 audita,
1564 1582 1739 1651 hisque
1768 1603 1868 1638 non
1894 1592 2173 1659 conspectis
2202 1594 2347 1645 malis

758 1662 1096 1717 decesserant.
1114 1665 1225 1720 Cito
1249 1669 1318 1722 ad
1345 1668 1602 1727 Romanos
1619 1674 1816 1743 perlata
1838 1689 1909 1731 est
1936 1679 2042 1732 hare
2063 1682 2343 1736 calamitas.

765 1750 851 1805 Ea:
896 1754 959 1807 iis
987 1756 1080 1809 alii
1120 1773 1221 1809 non
1245 1760 1551 1825 credebant,
1600 1766 1689 1815 alii
1716 1767 2110 1831 miserebantur,
2142 1771 2348 1841 plurimi

759 1855 873 1895 vero
893 1844 948 1895 in
976 1846 1142 1912 majus
1165 1849 1325 1917 gentis
1349 1850 1521 1902 odium
1550 1866 1843 1907 exarserunt
1869 1855 2106 1927 (Joseph.
2126 1863 2187 1913 de
2205 1860 2347 1915 Bello

760 1929 981 1988 Iudaico
1005 1976 1020 2000 ,
1051 1936 1138 1990 lib.
1172 1938 1225 1993 6.
1255 1956 1301 1992 c.
1328 1941 1381 1995 7.
1409 1952 1455 1995 et
1484 1944 1562 2012 8).

830 2022 885 2077 6.
912 2021 1033 2079 Non
1064 2027 1191 2094 ﬁdes
1213 2031 1361 2083 modo
1383 2072 1397 2097 ,
1427 2034 1516 2085 sed
1546 2034 1643 2085 rita
1668 2034 1796 2087 bona
1822 2037 2191 2106 requiritur.-—
2220 2039 2344 2094 llroc

762 2114 1033 2184 multoque
1060 2116 1143 2170 his
1170 2120 1431 2172 atrociora
1471 2123 1839 2189 patiebantur,
1882 2143 1987 2181 non
2017 2129 2178 2182 modo
2224 2131 2346 2199 quia

764 2203 1028 2259 Christum
1059 2209 1205 2263 cruci
1254 2208 1568 2280 alﬁxerant,
1614 2214 1707 2269 sed
1734 2217 1854 2286 quia
1900 2227 2019 2288 post
2060 2219 2175 2276 hinc
2214 2236 2347 2291 apo-

760 2296 928 2352 stolos
972 2312 1035 2352 ea
1083 2299 1223 2371 loqui
1267 2303 1660 2372 prohibebant,
1705 2326 1822 2379 quso
1860 2310 1926 2365 ad
1976 2314 2204 2368 salutem
2248 2331 2348 2369 no-

760 2394 927 2441 stram
950 2389 1292 2457 pertinerent.
1323 2393 1474 2460 Quod
1504 2413 1634 2452 sane
1677 2400 1864 2455 beatus
1903 2404 2097 2459 l'aulus
2142 2406 2351 2464 crimini

764 2476 900 2534 dans
927 2519 945 2546 ,
974 2481 1087 2536 ha'c
1137 2482 1243 2538 illis
1294 2486 1429 2538 mala
1478 2493 1850 2555 praenuntiavit
1882 2512 1896 2547 :
1934 2494 2165 2551 Pervenit
2217 2505 2350 2555 enim

764 2588 917 2643 super
940 2589 1023 2628 eos
1045 2575 1123 2629 ira
1152 2576 1205 2629 in
1232 2578 1385 2646 ﬁnem
1413 2580 1487 2648 (1.
1528 2578 1704 2636 Thess.
1737 2583 1792 2638 2.
1827 2585 1932 2657 16).
1958 2588 2022 2641 Et
2047 2591 2171 2659 quid
2215 2594 2347 2661 hinc,

763 2664 984 2731 dicent,
1029 2666 1095 2719 ad
1151 2668 1289 2721 nos?
1336 2686 1440 2724 non
1483 2672 1625 2726 cnim
1673 2672 1793 2728 illos
1821 2691 1849 2729 a
1879 2677 1981 2732 lide
2007 2680 2347 2748 abducimus,

761 2769 935 2825 neque
964 2771 993 2809 a
1018 2759 1411 2826 priodicntione.
1445 2765 1513 2816 At
1541 2764 1687 2834 quid,
1714 2782 1917 2836 qumso,
1953 2771 2085 2825 lich
2114 2773 2353 2830 conferet

764 2847 1115 2905 emolumenti
1140 2892 1155 2917 ,
1179 2852 1224 2906 si
1257 2853 1362 2908 vita
1392 2869 1520 2925 pura
1546 2872 1649 2912 non
1680 2860 1875 2916 fuerit?
1903 2862 2096 2919 Verum
2126 2867 2239 2921 ha‘c
2262 2882 2355 2923 vos

770 2938 905 2995 forte
950 2939 1244 3011 ignoratis,
1288 2946 1480 3015 quibus
1538 2959 1716 3004 nostra
1764 2954 1941 3007 omnia
1984 2955 2160 3026 ignota
2210 2968 2351 3013 sunt.

770 3030 885 3102 Ego
913 3042 1091 3089 autem
1116 3036 1269 3092 vobis
1294 3037 1491 3094 Christi
1520 3045 1813 3099 sententias
1841 3051 2169 3105 enumerabo
2203 3069 2217 3107 :
2258 3054 2357 3108 ob-

769 3126 995 3182 servetis
1037 3127 1193 3183 velim
1226 3146 1589 3202 numquamne
1617 3134 1685 3190 de
1730 3136 1835 3191 vita
1868 3140 2204 3208 requiratur,
2260 3145 2355 3200 sed

772 3232 869 3287 pro
896 3217 1001 3276 (ide
1031 3228 1233 3276 tantum
1281 3234 1336 3278 et
1381 3224 1716 3295 dogmatibus
1767 3231 2028 3300 supplicia
2070 3237 2355 3295 constituta

766 3310 896 3365 sint.
926 3310 1061 3367 Cum
1083 3313 1225 3369 enim
1258 3314 1308 3368 in
1334 3328 1569 3372 montem
1596 3320 1959 3389 ascendisset,
1988 3325 2173 3381 videns
2201 3330 2356 3384 inuu-

770 3415 970 3457 meram
991 3403 1451 3463 circumiluentcm
1474 3409 1887 3476 multitudinem,
1912 3418 2201 3483 praemissis
2238 3421 2355 3478 aliis

768 3496 1017 3563 monitis,
1048 3496 1296 3553 dicebat:
1324 3498 1447 3554 Non
1474 3503 1636 3557 omnis
1664 3505 1749 3573 qui
1774 3506 1897 3559 dicit
1925 3508 2078 3574 mihi,
2102 3508 2352 3580 Domine,

770 3586 1010 3653 Domine,
1065 3588 1274 3645 intrabit
1327 3593 1383 3647 in
1428 3611 1637 3665 regnum
1664 3596 1935 3663 calorum,
1975 3601 2066 3654 sed
2112 3603 2197 3672 qui
2232 3604 2356 3673 facit

775 3680 1085 3737 voluntatem
1114 3682 1291 3739 Patris
1327 3687 1444 3740 mei.
1478 3687 1629 3756 Item,
1658 3686 1815 3743 Multi
1839 3690 2005 3745 dicent
2031 3694 2154 3747 mihi
2194 3697 2248 3749 in
2275 3696 2358 3751 die

770 3770 863 3824 illa
878 3770 921 3838 ⁸,
936 3788 1102 3827 nonne
1131 3775 1188 3829 in
1212 3777 1413 3831 nomine
1435 3786 1521 3831 tuo
1554 3780 1979 3851 prophetauimus,
1999 3794 2045 3836 et
2076 3786 2128 3838 in
2156 3789 2358 3842 nomine

770 3873 856 3917 tuo
885 3862 1136 3920 damonia
1168 3868 1423 3937 ejecimus,
1455 3879 1501 3923 et
1521 3871 1572 3925 in
1593 3874 1795 3927 nomine
1826 3886 1910 3929 tuo
1939 3877 2143 3931 uirtutes
2172 3881 2358 3935 multas

777 3953 980 4010 fecimus
992 3958 1017 4011 ?
1031 3955 1102 4012 Et
1125 3968 1242 4013 tunc
1268 3960 1540 4030 conﬁtebor
1568 3963 1671 4017 illis
1689 3979 1706 4017 :
1729 3965 1962 4021 Recedite
1978 3984 2008 4020 a
2032 3986 2110 4022 me
2127 3971 2215 4040 qui
2239 3988 2359 4041 ope-

772 4045 1284 4117 raminiintquitatem
1298 4066 1317 4105 :
1334 4068 1433 4106 non
1455 4054 1664 4109 nouivos
1682 4054 1892 4127 (Matth.
1916 4058 1968 4111 7.
1996 4057 2205 4131 21-25).
2223 4061 2355 4117 Eum

768 4152 896 4193 vero
916 4140 1006 4210 qui
1028 4140 1176 4197 audit
1195 4156 1471 4201 sermones
1494 4146 1659 4217 ipsius
1677 4188 1693 4215 ,
1718 4158 1771 4203 et
1800 4164 1904 4205 non
1939 4150 2097 4220 facit,
2129 4155 2355 4211 similem

769 4244 890 4286 esse
908 4230 1040 4287 dixit
1070 4232 1272 4289 homini
1311 4237 1485 4303 fatuo,
1507 4237 1726 4293 domum
1754 4256 1902 4295 suam
1934 4257 2096 4313 super
2133 4260 2353 4301 arenam

770 4320 1076 4391 mdilicanti,
1106 4326 1192 4396 qui
1220 4340 1339 4381 eam
1382 4327 1687 4385 ﬂuminibus
1711 4372 1726 4398 ,
1755 4332 1947 4401 pluviis
1992 4345 2046 4391 et
2073 4339 2245 4393 ventis
2276 4339 2350 4393 fa-

771 4414 873 4470 cile
894 4414 1208 4472 diruendam
1236 4430 1401 4489 parat.
1434 4419 1563 4477 Item
1598 4438 1721 4478 cum
1753 4426 1804 4479 in
1853 4426 1959 4483 alio
1987 4428 2105 4485 loco
2145 4434 2355 4487 concio-

773 4517 991 4563 naretur
1014 4527 1027 4563 :
1050 4509 1220 4577 Sicut,
1248 4513 1437 4582 inquit,
1470 4516 1784 4585 piscatores,
1819 4536 1941 4575 cum
1967 4538 2214 4593 sagcnam
2254 4535 2357 4580 tra-

774 4601 992 4666 xerint,
1032 4601 1201 4657 malos
1230 4604 1403 4673 pisces
1449 4604 1735 4675 abjiciunt,
1764 4611 1836 4665 i;a
1881 4614 1983 4666 erit
2010 4615 2059 4667 in
2100 4615 2185 4669 illa
2227 4617 2314 4672 die
2341 4658 2357 4683 ,

773 4691 975 4761 angelis
999 4706 1095 4747 eos
1123 4709 1309 4749 omnes
1346 4695 1434 4765 qui
1479 4699 1816 4765 peccaverint
1856 4700 1909 4753 in
1953 4702 2222 4758 fornacem
2274 4704 2360 4774 ja-

776 4785 1039 4841 cicntibus
1078 4786 1288 4857 (Matth.
1337 4791 1423 4845 l3.
1451 4791 1581 4862 47).
1617 4792 1691 4848 De
1731 4790 2006 4863 ﬂagitiosis
2044 4811 2255 4866 quoque
2309 4807 2365 4853 et

774 4878 998 4947 impuris
1039 4877 1340 4935 hominibus
1393 4881 1616 4952 loquens
1656 4884 1866 4941 dicebat
1896 4904 1909 4939 :
1943 4885 2079 4941 Illuc
2116 4889 2318 4942 abibunt
2343 4930 2358 4953 ,

772 4968 860 5023 sibi
888 4969 1067 5022 vermis
1092 4970 1179 5039 qui
1204 4986 1304 5023 non
1328 4972 1540 5025 moritur
1563 5014 1577 5036 ,
1608 4983 1653 5027 et
1678 4974 1809 5043 ignis
1836 4978 1922 5045 qui
1946 4994 2046 5030 non
2086 4979 2363 5050 exstingui-

776 5076 859 5116 tur
881 5061 1073 5134 (Marc.
1096 5063 1149 5118 9.
1172 5064 1285 5135 42).
1318 5065 1382 5119 Et
1402 5081 1636 5129 rursum,
1662 5067 1993 5139 Rex,inquit,
2016 5074 2131 5142 fecit
2161 5075 2362 5144 nuptias

772 5156 884 5224 ﬁlio
899 5166 1065 5222 suo,et
1086 5172 1204 5211 eum
1224 5158 1423 5213 vidisset
1442 5159 1691 5215 hominem
1716 5163 1941 5216 vestitum
1967 5168 2179 5221 vestibus
2199 5170 2362 5224 sordi-

777 5250 876 5314 dis,
893 5252 963 5305 ait
980 5250 1053 5304 ad
1068 5266 1183 5306 eum
1198 5266 1219 5305 :
1235 5251 1425 5320 Amice,
1446 5254 1697 5324 quomodo
1728 5254 1825 5308 huc
1846 5256 2044 5311 intrasti
2064 5275 2164 5312 non
2176 5262 2361 5316 habens

779 5351 959 5395 uestem
986 5343 1265 5413 nuptialem
1281 5345 1387 5400 ?At
1409 5346 1773 5402 illeobmutuit.
1806 5346 1945 5402 Tunc
1970 5349 2097 5403 dixit
2122 5351 2363 5407 ministris

777 5436 882 5489 suis
908 5452 928 5489 :
964 5434 1160 5507 Ligatis
1192 5440 1422 5494 manibus
1450 5449 1495 5493 et
1534 5440 1742 5509 pedibus
1782 5440 1915 5512 ejus,
1947 5442 2113 5511 ejicite
2136 5440 2285 5495 illum
2309 5444 2363 5497 in

783 5528 1011 5585 tenebras
1038 5532 1306 5585 exteriores
1354 5531 1563 5601 (Matth.
1594 5531 1684 5588 22.
1712 5531 1793 5603 2).
1826 5532 2113 5604 lmpudicis
2145 5574 2160 5598 ,
2191 5545 2247 5587 ut
2277 5534 2362 5588 di-

778 5633 920 5676 ctum
951 5632 1070 5688 est,
1117 5630 1174 5679 et
1207 5622 1495 5693 ﬂagitiosis
1542 5623 1657 5679 haec
1700 5625 2072 5680 comminatur.
2117 5615 2371 5696 Virgines~

780 5724 907 5767 item
934 5753 949 5777 ,
981 5730 1099 5782 qua:
1148 5731 1176 5768 a
1221 5714 1403 5784 sponsi
1450 5713 1686 5768 thalamo
1726 5714 1957 5771 exclusa:
2005 5715 2219 5772 fuerunt
2246 5757 2261 5782 ,
2293 5718 2362 5775 ob

857 5818 873 5889 ξ
896 5820 1041 5889 Savil.
1063 5829 1115 5873 et
1143 5823 1369 5889 dquss.
1392 5825 1593 5889 habent,
1616 5837 1789 5889 easque
1821 5824 1948 5877 solas
1970 5824 2190 5880 delicias.

847 5885 867 5912 ι
898 5883 1061 5957 litorei.
1084 5899 1147 5957 ex
1172 5886 1306 5957 edito
1326 5888 1555 5957 tosephi:
1579 5900 1674 5938 non
1691 5883 1830 5940 secus
1849 5901 1909 5939 ac
1931 5902 2095 5940 coram
2113 5892 2231 5957 ipsis
2250 5893 2356 5947 hcce

786 5943 1000 6022 νηκεέἱετξ
1019 5954 1211 6022 estrei?
1232 5943 1455 6022 fuisse"?
1480 6019 1506 6022 _
1598 6010 1610 6022 .
1725 6021 1730 6022 ,
1842 6011 1854 6021 .

846 6006 870 6040 ⁸
900 6012 1002 6058 ouo
1018 6006 1119 6061 ass.
1146 6006 1445 6075 btc'addunt,
1472 6010 1688 6074 contine,
1715 6011 1931 6064 υοηιξηε.

2074 6656 2191 6664 —_..-—
2208 6657 2325 6665 γ’γε.--

1498 555 1552 606 S.
1596 554 1867 611 illiNMS
1889 557 2365 621 CllllYSUESTOJII
2404 570 2719 631 ARCHIEP.
2761 578 3289 645 CONSTANTINOP.

3915 594 4019 648 se.»

2450 688 2815 747 crm'clitatem
2842 702 2894 747 et
2925 694 3360 757 inltunmnilatom
3392 705 3499 757 ἕως
3543 716 3711 773 passa!
3750 716 3891 756 sunt.
3920 708 4019 759 Alii

2446 791 2631 835 rursus
2655 782 2840 838 eadem
2879 785 2945 839 de
2967 801 3124 842 causa
3158 804 3280 848 eunt
3315 794 3365 849 in
3402 798 3569 868 ignem
3608 808 3888 861 trternum,
3923 798 4011 861 qui

2447 878 2777 933 pra'paratus
2798 884 2871 924 est
2901 872 3109 927 diabolo
3135 892 3183 931 et
3216 884 3411 951 angelis
3428 890 3566 956 ejus.
3614 886 3681 942 Et
3721 887 3754 941 ii
3785 902 4019 959 quoque,

2446 955 2535 1023 qui
2562 966 2761 1017 temere
2787 971 2840 1018 et
2864 964 2977 1017 sine
2993 979 3151 1019 causa
3178 955 3483 1039 loquuntur,
3507 955 4022 1034 condemnabnntur.

2450 1046 2531 1102 Ex
2551 1054 2710 1107 verbis
2746 1056 2932 1128 quippe
2958 1058 3056 1111 tuis
3080 1100 3095 1125 ,
3126 1061 3232 1123 ait,
3272 1064 3668 1136 justi/icaberis,
3698 1081 3745 1125 et
3764 1087 3827 1126 ea:
3872 1070 4032 1125 verbis

2448 1140 2546 1194 tuis
2597 1143 2612 1173 ³
2655 1148 3063 1204 condemnaberis
3110 1150 3325 1220 (Matth.
3374 1157 3459 1211 19...
3508 1161 3624 1232 57).
3676 1163 3888 1234 Ergone
3936 1164 4028 1217 tibi

2448 1230 2692 1288 videmur
2739 1238 2934 1296 frustra
2983 1241 3051 1297 de
3094 1243 3197 1296 vita
3243 1245 3464 1314 timere,
3514 1230 3866 1327 magnam-que
3914 1257 4031 1324 ejus

2450 1319 2802 1393 plllluSupltitv
2827 1332 3008 1398 partis,
3028 1347 3145 1401 quae
3170 1348 3343 1387 mores
3373 1319 3902 1407 instituit,rationem
3935 1346 4030 1399 ha-

2450 1410 2619 1467 bere?
2650 1416 2702 1470 Id
2732 1431 2879 1475 certe
2905 1438 3009 1476 non
3038 1432 3160 1492 puto
3188 1442 3200 1476 :
3234 1425 3335 1478 nisi
3361 1425 3587 1483 fortasse
3611 1430 3881 1489 Christum
3912 1435 4031 1491 haec

2450 1503 2625 1555 omnia
2658 1505 2843 1578 hisque
2874 1511 3021 1580 plura
3053 1522 3252 1569 temere
3276 1515 3475 1571 dixisse
3492 1517 3722 1586 jactites.
3746 1522 3860 1578 Non
3891 1526 4032 1580 enim

2452 1590 2534 1645 hic
2564 1600 2743 1650 omnia
2793 1603 3238 1670 complectimur:
3272 1605 3414 1675 quod
3459 1607 3555 1660 nisi
3604 1610 3807 1678 pigeret
3833 1616 4032 1667 oratio-

2452 1698 2572 1737 nem
2615 1688 2870 1754 prolixius
2899 1695 3186 1748 extendere
3205 1738 3219 1760 ,
3243 1706 3297 1750 et
3324 1713 3388 1751 ex
3418 1698 3689 1767 prophetis
3705 1707 3761 1754 et
3783 1716 3848 1756 ex
3880 1704 4037 1758 beato

2454 1775 2615 1829 Paulo
2644 1789 2697 1831 ct
2744 1795 2807 1835 ex
2832 1783 2950 1836 aliis
2974 1787 3227 1854 apostolis
3259 1788 3556 1843 docuissent
3582 1801 3832 1859 quantam
3856 1793 3954 1848 hac
3982 1796 4032 1849 in

2453 1876 2600 1933 parte
2625 1883 2805 1923 curam
2838 1876 3077 1941 posuerit
3125 1878 3281 1932 Dens.
3311 1879 3502 1933 Verum
3536 1878 3647 1934 haec
3674 1880 3908 1938 arbitror
3950 1899 4033 1938 sa-

2454 1959 2519 2010 tis
2549 1974 2699 2014 esse:
2728 1960 2836 2016 imo
2866 1980 2965 2020 nec
3004 1968 3093 2020 illa
3125 1970 3298 2024 solum
3323 1972 3519 2034 omnia,
3550 1973 3645 2026 sed
3672 1974 3755 2027 vel
3784 1975 4032 2044 exiguam

2452 2064 2634 2105 eorum
2694 2064 2918 2123 partem.
2968 2058 3101 2113 Cum
3146 2062 3287 2115 enim
3344 2063 3479 2117 Deus
3543 2064 3740 2134 aliquid
3794 2067 4033 2136 profert,

2453 2143 2660 2198 etiamsi
2687 2148 2850 2201 semel
2882 2149 3043 2217 dicat,
3076 2152 3146 2206 ita
3176 2154 3225 2207 id
3247 2152 3388 2224 quod
3435 2153 3628 2209 dicitur
3665 2156 4034 2227 accipiendum

2454 2242 2537 2287 est
2574 2249 2638 2290 ac
2681 2237 2724 2289 si
2766 2252 2908 2308 saepe
2933 2239 3181 2298 dixisset.

2528 2326 2579 2380 7.
2609 2326 2745 2393 Quid
2770 2330 2947 2399 igitur,
2982 2331 3191 2401 inquies
3217 2375 3233 2401 ,
3266 2335 3352 2403 qui
3382 2334 3526 2389 domi
3558 2347 3773 2392 manent
3798 2353 3903 2392 non
3937 2354 4030 2407 po-

2457 2424 2636 2471 terunt
2655 2435 2716 2473 ea
2741 2420 3016 2489 perlicere,
3040 2439 3157 2493 qua:
3175 2425 3273 2479 nisi
3301 2426 3661 2495 perﬁciantur,
3682 2438 3881 2483 tantum
3909 2445 4037 2500 sup-

2456 2511 2597 2577 plicii
2626 2514 2883 2580 pariunt?
2909 2514 3107 2569 Vellem
3126 2517 3375 2587 equidem
3400 2519 3533 2587 ipse,
3554 2535 3654 2574 nec
3678 2520 3856 2575 minus
3880 2537 4037 2591 quam

2461 2615 2575 2661 vos,
2608 2602 2716 2654 imo
2739 2604 2909 2657 multo
2936 2606 3105 2674 magis
3130 2646 3145 2671 ,
3187 2622 3249 2661 ac
3279 2606 3589 2677 frequenter
3626 2611 3802 2678 optavi
3850 2627 4037 2665 mona-

2454 2693 2737 2746 steriorum
2773 2697 3142 2750 necessitatem
3169 2697 3299 2761 tolli,
3347 2713 3410 2752 ac
3448 2708 3649 2753 tantum
3681 2700 3823 2771 leges
3844 2711 3898 2756 et
3915 2702 4035 2772 jura

2457 2786 2655 2853 optima
2683 2786 2735 2839 in
2762 2786 3065 2841 civitatibus
3103 2787 3282 2843 valere
3312 2828 3328 2854 ,
3360 2798 3417 2843 ut
3444 2790 3643 2844 nemini
3667 2790 3778 2859 jam
3804 2807 3937 2863 opus
3965 2796 4034 2848 sit

2458 2877 2521 2929 ad
2545 2877 2885 2931 solitudinem
2914 2878 3201 2948 confugere
3242 2897 3255 2933 :
3290 2881 3540 2950 quoniam
3568 2897 3697 2937 vero
3717 2885 3895 2938 omnia
3923 2900 4041 2940 sus-

2458 2966 2630 3035 deque
2647 2968 2755 3035 jam
2776 2983 2950 3034 versa,
2984 2969 3218 3039 ipsazque
3243 2971 3491 3027 civitates
3510 3013 3525 3036 ,
3568 2972 3623 3026 in
3648 2973 3841 3044 quibus
3869 2975 4038 3030 tribu-

2461 3058 2600 3112 nalia
2622 3067 2675 3112 et
2702 3057 2883 3128 leges,
2918 3058 3119 3129 ingenti
3159 3061 3437 3130 iniquitate
3484 3072 3540 3118 et
3581 3064 3784 3120 scelere
3811 3064 4038 3136 impleta.

2460 3158 2604 3215 sunt,
2632 3150 2864 3205 solitudo
2906 3160 3086 3207 autem
3136 3151 3434 3209 uberrimos
3464 3153 3820 3223 philosophiae
3842 3154 4042 3211 fructus

2462 3244 2692 3311 emittit;
2723 3245 2962 3315 profecto
2987 3262 3093 3301 non
3121 3247 3196 3301 illi
3219 3249 3338 3317 jure
3377 3263 3410 3302 a
3455 3247 3606 3302 vobis
3632 3248 3685 3302 in
3711 3250 3912 3303 crimen
3940 3264 4039 3304 vo-

2460 3346 2650 3392 centur
2676 3378 2692 3404 ,
2725 3338 2815 3407 qui
2836 3338 2971 3392 alios
3008 3338 3076 3393 ab
3109 3338 3210 3392 hac
3240 3338 3475 3405 procella
3504 3347 3558 3392 et
3592 3338 3800 3395 turbine
3826 3339 4040 3395 liberari

2462 3428 2738 3497 cupientes
2768 3428 3002 3498 eripiunt
3030 3470 3045 3492 ,
3075 3439 3130 3482 et
3166 3428 3234 3482 ad
3265 3428 3603 3497 tranquillum
3629 3438 3838 3499 portum
3873 3429 4041 3485 dedu-

2459 3526 2621 3584 cunt;
2654 3518 2748 3572 sed
2775 3520 2952 3587 potius
2987 3518 3099 3584 illi,
3141 3517 3231 3587 qui
3258 3517 3502 3574 civitates
3530 3518 3769 3589 singulas
3806 3518 4043 3589 philoso-

2461 3609 2599 3678 phize
2628 3609 2704 3663 sic
2733 3610 2902 3663 invias
2917 3619 2972 3663 et
2998 3624 3185 3678 parum
3214 3608 3432 3664 idoneas
3458 3608 3717 3677 fecerunt,
3751 3620 3810 3665 ut
3836 3613 3925 3681 qui
3956 3626 4042 3666 sa-

2462 3698 2628 3752 lutem
2661 3701 2919 3765 conscqui
2946 3700 3133 3754 volunt
3164 3740 3179 3763 ,
3209 3700 3521 3755 solitudines
3544 3702 3739 3756 sectari
3763 3711 4040 3772 cogantur.

2463 3793 2557 3846 Dic
2584 3792 2724 3845 cnim
2759 3791 2886 3844 mihi
2915 3833 2931 3856 ,
2974 3794 3017 3845 si
3045 3792 3164 3861 quis
3193 3791 3245 3845 in
3276 3801 3431 3846 nocte
3467 3791 3645 3848 media
3682 3802 3895 3861 arrepta
3925 3791 4045 3848 face

2460 3883 2679 3939 domum
2707 3884 3028 3939 incendisset
3050 3899 3293 3954 magnam
3320 3883 3731 3955 hominibusque
3756 3884 4038 3954 repletam,

2462 3986 2520 4031 ut
2542 3978 2683 4032 intus
2713 3975 3099 4031 dormientibus
3127 3974 3499 4041 insidiaretur,
3530 3984 3707 4030 utrum
3735 3975 4035 4031 diceremus

2464 4069 2764 4140 improbum
2816 4083 2973 4135 esse,
3010 4083 3203 4124 eumne
3249 4068 3337 4138 qui
3379 4067 3707 4123 dormientes
3742 4067 4041 4132 excitaret,

2461 4160 2770 4231 aedibusque
2800 4160 2902 4214 illis
2928 4159 3183 4215 educeret
3206 4200 3220 4223 ,
3250 4174 3317 4212 an
3344 4173 3465 4213 eum
3492 4158 3580 4227 qui
3596 4156 3665 4211 ab
3686 4157 3835 4211 initio
3855 4156 4041 4212 incen-

2460 4255 2606 4309 dium
2637 4255 2925 4310 evcitasset
2953 4294 2968 4318 ,
3000 4262 3054 4307 et
3089 4252 3140 4305 in
3166 4259 3361 4305 tantam
3393 4249 3763 4304 necessitatem
3785 4257 3895 4303 tum
3925 4262 4040 4311 eos,

2462 4357 2573 4402 tum
2604 4345 2919 4400 educentem
2946 4344 3065 4397 illos
3098 4341 3395 4411 redegisset
3420 4338 3598 4408 ?Quid
3627 4340 3785 4410 igitur
3804 4379 3821 4407 ,
3852 4339 3899 4395 si
3922 4340 4043 4411 quis

2463 4436 2745 4509 tyrannide
2773 4448 3083 4503 oppressam
3110 4433 3374 4486 civitatem
3394 4473 3409 4498 ,
3456 4432 3770 4502 aegritudine
3794 4431 4042 4488 laboran—

2465 4537 2595 4589 tem,
2620 4534 2676 4580 et
2710 4523 3063 4577 seditionibus
3090 4523 3337 4591 agitatam
3368 4521 3578 4587 videns,
3615 4521 3680 4577 iis
3705 4522 3895 4593 quibus
3925 4536 4044 4592 pos-

2465 4626 2549 4672 set
2577 4616 2943 4685 persuaderet,
2992 4624 3047 4667 ut
3084 4615 3267 4668 relicta
3312 4614 3525 4668 civitate
3573 4612 4044 4682 reciperentsead

2467 4709 2726 4764 montium
2760 4708 3003 4774 vertices,
3026 4708 3194 4778 iisque
3218 4707 3283 4762 ad
3303 4722 3573 4763 secessum
3593 4707 3896 4777 adjumonta
3919 4719 4045 4760 con-

2467 4800 2629 4855 ferret
2659 4818 2672 4853 :
2705 4815 2861 4871 quem
2890 4800 2939 4852 in
2968 4800 3171 4855 crimen
3208 4800 3468 4856 vocares?
3511 4813 3705 4855 eumne
3732 4798 3822 4868 qui
3853 4796 3920 4851 ab
3945 4796 4044 4850 hu-

2463 4891 2696 4963 jusmodi
2746 4892 2968 4947 tumultu
3012 4892 3063 4947 in
3094 4892 3532 4963 tranquillitatem
3558 4890 3804 4943 homines
3839 4896 4040 4955 tempe-

2470 4995 2608 5041 state
2626 4985 2853 5055 jactatos
2871 4986 3247 5049 transtulisset,
3272 5000 3341 5040 an
3367 4998 3491 5039 eum
3523 4980 3613 5051 qui
3640 4978 3913 5049 naufragia
3945 4978 4045 5032 ista

2467 5077 2848 5148 praeparassct?
2893 5075 3035 5132 Cave
3071 5076 3213 5131 enim
3241 5085 3393 5144 putes
3421 5072 3642 5127 meliore
3688 5068 3741 5123 in
3790 5078 3930 5124 statu
3958 5082 4045 5123 res

2467 5169 2727 5224 humanas
2745 5168 2853 5237 jam
2874 5181 3015 5234 esse,
3041 5182 3198 5238 quam
3220 5166 3489 5220 civitatem
3512 5158 3791 5232 tyrannide
3818 5174 4046 5230 oppres-

2466 5277 2616 5327 sam;
2641 5275 2824 5316 verum
2853 5260 2905 5313 in
2936 5260 3092 5329 longe
3116 5257 3390 5315 deteriori.
3424 5257 3539 5310 Non
3566 5255 3709 5309 enim
3737 5252 3915 5319 homo,
3948 5253 4041 5308 sed

2465 5354 2675 5409 daemon
2713 5352 2926 5422 quidam
2955 5351 3335 5422 nequissimus,
3365 5358 3633 5414 tamquam
3662 5351 3919 5415 tyrannus
3944 5344 4044 5398 im-

2467 5445 2638 5499 manis
2658 5485 2673 5509 ,
2711 5459 2831 5498 cum
2861 5453 2969 5498 tota
2990 5458 3085 5498 sua
3116 5441 3377 5513 phalange
3403 5435 3707 5491 universum
3734 5436 3920 5492 orbem
3949 5453 4046 5491 oc-

2468 5549 2669 5605 cupans
2699 5577 2711 5599 ,
2748 5535 2799 5589 in
2840 5535 3101 5591 humanas
3139 5532 3347 5586 animas
3398 5536 3667 5598 grassatur
3705 5546 3719 5583 :
3753 5529 3876 5585 inde
3920 5544 4049 5584 vero

2467 5630 2619 5700 quasi
2643 5644 2706 5685 ex
2732 5644 2859 5685 arce
2885 5627 3139 5698 quadam,
3170 5620 3493 5677 exsecranda
3512 5628 3569 5679 et
3588 5621 3845 5679 scelerata
3875 5619 4049 5691 quoti-

2468 5722 2555 5778 die
2583 5730 2844 5794 prtecepta
2877 5718 3184 5774 hominibus
3206 5714 3401 5770 emittit
3423 5755 3439 5783 ,
3468 5732 3572 5771 non
3599 5716 3934 5772 matrimonia
3963 5715 4048 5769 di-

2466 5816 2667 5871 rimens
2697 5815 2908 5877 solum,
2962 5823 3069 5863 non
3112 5822 3360 5877 pecunias
3386 5808 3598 5865 mittens
3622 5808 3868 5864 ferensve
3892 5850 3907 5873 ,
3943 5814 4061 5863 non

2467 5910 2642 5967 cmdes
2671 5916 2986 5978 perpetrans
3011 5905 3246 5975 iniquas,
3276 5921 3460 5962 verum
3491 5905 3574 5961 his
3596 5905 3753 5976 longe
3778 5903 4046 5975 graviora,

2532 6025 2549 6056 ι
2583 6020 2797 6081 Quidam,
2821 6024 2866 6071 et
2888 6030 2953 6071 ex
2974 6019 3195 6083 operibus
3218 6018 3330 6076 tuis.
