4506 6732
471 555 573 606 3’59

472 684 660 740 nempe
711 672 1051 741 conjunctam
1104 670 1271 724 semel
1320 670 1428 722 Deo
1466 669 1700 724 animam
1756 675 1775 707 ί
1827 671 1895 726 ab
1934 671 2052 741 ejus

467 764 741 818 consortio
764 764 1034 817 abducens
1065 802 1080 824 ,
1113 761 1432 831 tradensque
1461 761 1683 830 impuris
1711 763 1822 818 suis
1849 764 2050 820 satelli-

468 851 629 916 tibus,
663 855 871 923 illisque
900 852 1066 920 ipsam
1097 851 1365 906 substerni
1397 866 1616 921 cogens,
1649 854 1738 924 qui
1768 863 2049 925 postquam

467 959 584 1000 eam
607 945 774 1000 semel
805 941 1274 1011 apprehenderint.
1308 943 1376 996 ita
1407 945 1630 1014 turpiter
1656 961 1776 1000 cum
1805 945 1892 1000 illa
1922 960 2054 999 con-

467 1036 812 1105 grediuntur,
863 1033 934 1085 ita
957 1033 1373 1099 contumeliose,
1406 1045 1466 1090 ut
1512 1053 1607 1106 par
1630 1046 1713 1091 est
1741 1035 1920 1091 facere
1948 1051 2046 1090 ne-

466 1126 753 1196 quissimos
776 1123 1049 1178 daemonas
1078 1125 1428 1184 vehementer
1464 1144 1529 1185 ac
1552 1145 1673 1184 cum
1701 1129 1882 1184 furore
1926 1141 2049 1197 per-

470 1218 663 1273 niciem
695 1216 1146 1288 ignominiamque
1170 1231 1404 1275 nostram
1437 1230 1766 1291 expetentes.
1788 1219 2051 1274 Nudatam

467 1311 666 1378 quippe
694 1309 838 1363 illam
866 1311 1111 1369 omnibus
1129 1313 1378 1369 virtutum
1399 1314 1742 1378 indumentis,
1772 1313 2053 1365 vitiorum-

466 1415 570 1470 que
593 1400 780 1470 pannis
805 1405 1052 1460 amictam
1073 1448 1088 1471 ,
1120 1406 1370 1474 sordidis,
1412 1406 1698 1460 conscissis
1724 1418 1788 1458 ac
1807 1402 2004 1456 faetidis
2033 1445 2049 1469 ,

469 1496 581 1563 ipsa
609 1495 845 1552 nuditate
864 1499 1152 1570 turpiorem
1170 1502 1537 1564 constitutam,
1562 1497 1814 1566 omnique
1839 1496 2051 1564 propria

465 1584 570 1640 sibi
623 1587 954 1644 immunditia
1003 1591 1259 1660 repletam
1291 1606 1397 1646 non
1448 1597 1663 1644 cessant
1714 1587 2053 1642 contumeliis

469 1693 713 1735 onerare.
745 1681 929 1752 Neque
953 1683 1094 1737 enim
1129 1684 1286 1736 ullam
1310 1690 1506 1735 norunt
1533 1678 1848 1735 exsecrandi
1871 1687 1926 1732 et
1952 1678 2053 1731 ini-

468 1771 557 1841 qui
598 1771 901 1842 hujusmodi
933 1775 1247 1828 concubitus
1289 1774 1614 1836 satietatem,
1657 1770 1751 1826 sed
1780 1770 2051 1825 ebriorum

468 1856 656 1922 instar,
684 1859 920 1927 quicum
949 1873 1009 1913 se
1032 1873 1181 1912 mero
1211 1857 1686 1928 ingurgitaverint,
1723 1863 1850 1909 tunc
1885 1853 2053 1922 magis

467 1945 840 2012 exardescunt,
869 1949 948 2003 sic
968 1957 1023 2002 et
1043 1947 1096 2001 hi
1117 1963 1325 2017 quoque
1344 1959 1469 2002 tunc
1499 1947 1732 2002 maxime
1759 1945 2047 2009 insaniunt,

470 2041 622 2110 eique
649 2049 704 2095 et
731 2041 1100 2096 vehementius
1123 2049 1178 2094 et
1217 2035 1448 2095 ferocius
1483 2039 1772 2103 insultant,
1817 2052 1937 2092 cum
1964 2037 2050 2091 illa

469 2130 619 2185 abusi
647 2139 808 2196 sunt,
836 2131 1202 2185 confodientes
1230 2146 1347 2184 eam
1371 2144 1586 2199 semper
1604 2144 1666 2183 ac
1697 2128 2009 2182 mordentes
2032 2168 2047 2192 ,

471 2237 731 2292 suumque
758 2223 809 2276 in
834 2237 951 2276 eam
975 2223 1119 2276 virus
1143 2220 1498 2284 eﬂ'undentes,
1528 2202 1785 2287 necprius
1800 2217 2054 2271 desinen-

471 2323 571 2379 tes,
598 2329 757 2383 quam
787 2328 906 2367 eam
937 2314 989 2366 in
1020 2327 1173 2366 suum
1201 2320 1396 2365 statum
1421 2307 1910 2370 transtulerint,vel
1936 2321 2054 2360 eor-

472 2418 599 2474 pore
641 2405 867 2457 solutam
916 2403 1165 2456 viderint.
1207 2401 1322 2468 Qua
1368 2401 1527 2470 igitur
1568 2398 1856 2471 tyrannide
1886 2438 1902 2464 ,
1948 2412 2052 2467 qua

471 2495 773 2564 captivitate
792 2535 808 2559 ,
836 2508 939 2564 qua
970 2493 1214 2547 vastitate
1238 2534 1253 2558 ,
1279 2506 1380 2561 qua
1408 2491 1666 2545 servitute
1693 2531 1707 2553 .
1738 2504 1844 2560 quo
1870 2488 2010 2544 bello
2033 2528 2049 2550 ,

470 2600 576 2656 quo
605 2583 882 2654 naufragio
901 2625 917 2648 ,
943 2598 1048 2653 qua
1073 2581 1216 2637 fame
1258 2581 1371 2636 haec
1397 2596 1502 2635 non
1532 2580 1777 2652 graviora
1805 2577 2054 2633 fuerint?

470 2679 599 2747 Quis
629 2687 734 2732 tam
763 2675 1018 2742 crudelis,
1041 2675 1160 2745 quis
1190 2685 1296 2730 tam
1324 2674 1492 2739 ferus,
1524 2674 1643 2744 quis
1665 2673 1801 2728 adeo
1834 2671 2048 2738 stultus,

474 2770 592 2841 quis
640 2768 778 2824 adeo
832 2767 1155 2823 inhumanus
1193 2773 1354 2836 atque
1383 2765 1807 2830 immisericors,
1857 2762 1952 2833 qui
1977 2770 2055 2817 tot

470 2859 804 2916 contumeliis
831 2867 884 2912 et
915 2857 1126 2914 damnis
1163 2855 1406 2911 aﬂectam
1434 2854 1665 2909 animam
1698 2853 1830 2907 nolit
1855 2852 1924 2906 ab
1957 2867 2052 2906 ex—

473 2953 734 3008 secranda
763 2951 854 3006 illo
881 2951 1059 3005 furore
1085 2959 1140 3005 et
1167 2948 1456 3020 ignominia
1481 2989 1496 3014 ,
1519 2962 1618 3017 pro
1645 2946 1782 3000 virili
1809 2960 1908 3000 sua
1937 2987 1953 3011 ,
1986 2945 2051 2997 li-

472 3044 660 3098 berare
680 3085 693 3106 ,
717 3041 810 3097 sed
849 3041 993 3096 illam
1023 3049 1130 3095 tam
1173 3040 1313 3094 male
1332 3038 1578 3093 aﬂ'ectam
1605 3036 1874 3107 negligat?
1901 3034 2056 3101 Quod

472 3135 515 3188 si
539 3134 592 3188 id
621 3145 702 3189 est
723 3131 971 3187 immanis
992 3140 1152 3201 atque
1172 3129 1367 3200 lapidei
1383 3128 1572 3195 animi,
1599 3143 1706 3199 quo
1732 3128 1785 3182 in
1811 3127 1952 3188 loco.
1970 3124 2057 3181 dic

473 3223 625 3290 mihi,
655 3232 949 3279 statuemus
975 3232 1091 3288 eds,
1116 3223 1206 3293 qui
1232 3232 1431 3292 praeter
1456 3220 1601 3278 illam
1629 3220 2003 3292 negligentiam
2037 3260 2053 3285 ,

471 3315 613 3369 aliud
641 3314 893 3385 quiddam
919 3314 1078 3384 longe
1097 3313 1336 3369 deterius
1355 3321 1539 3384 agunt,
1569 3327 1692 3367 cum
1723 3326 1819 3366 eos
1838 3352 1854 3377 ,
1877 3310 1966 3381 qui
1989 3310 2055 3364 ad

473 3407 708 3479 pericula
755 3407 1006 3462 alacriter
1046 3407 1251 3461 insilire
1286 3405 1455 3476 parati
1502 3413 1670 3470 sunt,
1725 3403 1921 3474 quique
1947 3417 2053 3457 non

472 3507 704 3555 renuunt
744 3499 794 3553 in
835 3499 1009 3568 ipsum
1049 3498 1238 3553 bellum
1280 3506 1461 3568 guttur
1501 3511 1692 3551 manus
1726 3496 2050 3563 immittere,

472 3590 711 3661 quinimo
740 3589 982 3644 ftetorem
999 3600 1053 3644 et
1075 3587 1307 3658 pericula
1342 3587 1592 3651 subeunt,
1619 3595 1676 3640 ut
1695 3585 1807 3657 jam
1829 3586 2054 3642 devora-

474 3692 554 3737 tas
578 3683 784 3736 animas
809 3693 878 3735 ex
904 3681 1032 3750 ipsis
1060 3680 1319 3734 daemonis
1345 3678 1587 3733 faucibus
1611 3680 1927 3744 extrahant,
1949 3694 2054 3733 non

475 3774 633 3830 modo
660 3790 764 3828 non
818 3772 1069 3837 laudant,
1103 3787 1274 3841 neque
1313 3771 1631 3842 approbant,
1657 3769 1751 3826 sed
1780 3770 1940 3825 etiam
1961 3785 2056 3823 ex-

481 3867 681 3937 pellunt
707 3865 938 3934 undique
960 3875 1015 3919 et
1031 3864 1377 3933 oppugnant?

545 3957 598 4012 8.
627 3955 762 4022 Quid
791 3956 969 4025 igitur,
1001 3955 1140 4010 dicet
1177 3953 1473 4024 quispiam,
1509 3953 1756 4008 cunctine
1784 3954 1872 4022 qui
1901 3953 2061 4008 urbes

478 4049 713 4106 incolunt
731 4050 958 4120 periere,
982 4063 1047 4103 an
1071 4047 1319 4102 [luctibus
1334 4047 1623 4117 jactantur,
1646 4063 1714 4102 an
1735 4058 1945 4117 oportet
1974 4064 2061 4101 ur-

478 4140 630 4195 bibus
661 4139 859 4194 relietis
885 4149 938 4194 et
964 4140 1015 4192 in
1057 4138 1266 4193 deserta
1297 4137 1570 4191 conversis
1590 4178 1604 4201 ,
1634 4137 1689 4192 in
1718 4138 2058 4192 solitudinem

478 4247 534 4286 se
563 4230 903 4296 transferant,
933 4239 988 4285 et
1015 4230 1065 4283 in
1097 4229 1460 4284 cacuminibus
1485 4229 1743 4281 montium
1773 4228 1929 4282 sedes
1961 4242 2059 4297 po-

479 4322 644 4376 nant?
672 4323 736 4376 Et
763 4333 814 4374 tu
845 4322 958 4376 bzec
992 4321 1148 4391 jubes
1174 4330 1227 4375 et
1246 4319 1379 4373 hanc
1401 4319 1571 4389 legem
1600 4318 1827 4373 statuis?
1856 4321 2058 4388 Apage,

481 4428 600 4467 nam
631 4414 956 4467 contrarium
989 4413 1198 4483 penitus
1217 4455 1232 4478 ,
1262 4421 1318 4465 ut
1340 4413 1485 4481 prius
1505 4409 1770 4477 dicebam,
1795 4411 1936 4473 volo,
1965 4425 2059 4464 vo-

482 4505 650 4574 tisque
671 4506 915 4558 omnibus
942 4516 1137 4574 exopto
1156 4519 1251 4558 nos
1271 4514 1412 4558 tanta
1446 4503 1543 4558 frui
1566 4519 1714 4573 pace,
1734 4503 2060 4557 etmalorum

483 4595 783 4666 hujusmodi
820 4598 1153 4667 tyrannidem
1190 4600 1263 4652 ita
1302 4599 1527 4662 destrui,
1572 4609 1629 4653 ut
1661 4614 1765 4652 non
1793 4597 1951 4652 modo
1977 4599 2059 4663 iis,

483 4691 571 4760 qui
603 4689 654 4744 in
683 4689 902 4743 urbibus
927 4690 1144 4759 degunt,
1179 4706 1282 4744 non
1302 4692 1370 4745 sit
1395 4692 1462 4745 ad
1491 4703 1700 4748 montes
1727 4693 2061 4764 confugiendi

483 4781 795 4844 necessitas,
837 4779 931 4835 sed
973 4789 1031 4835 ut
1075 4781 1138 4834 iis
1162 4783 1250 4850 qui
1278 4783 1593 4838 solitudines
1622 4785 1876 4850 incolunt,
1914 4787 2063 4855 quasi

484 4872 796 4944 quibusdam
834 4871 993 4941 longo
1031 4880 1266 4941 tempore
1309 4872 1561 4940 fugitivis,
1594 4875 1659 4928 ad
1688 4892 1838 4930 suam
1879 4877 2063 4930 urbem

483 4979 542 5018 se
571 4964 810 5033 recipere
834 4977 970 5031 opus
989 4963 1076 5017 sit.
1098 4960 1202 5019 Sed
1227 4962 1352 5032 quid
1379 4962 1566 5017 faciam
1585 4966 1610 5018 ?
1635 4981 1824 5021 vereor
1849 4985 1914 5023 ne
1939 4968 2063 5023 dum

486 5054 606 5108 illos
635 5055 819 5124 patria:
849 5054 1129 5109 restituere
1158 5055 1367 5119 studeo,
1400 5055 1847 5124 nequissimorum
1869 5059 2069 5113 daemo-

485 5163 611 5200 num
644 5147 888 5200 manibus
931 5145 1155 5211 tradam,
1193 5161 1296 5198 neu
1339 5143 1466 5198 dum
1509 5147 1628 5201 illos
1650 5164 1679 5201 a
1710 5150 1994 5204 solitudine
2015 5160 2068 5204 et

488 5237 605 5308 fuga
630 5239 887 5294 reducere
926 5239 1101 5307 cupio,
1146 5253 1175 5289 a
1213 5236 1546 5308 phiIOSOpbia
1588 5248 1644 5295 et
1690 5244 2066 5312 tranquillitate

489 5331 632 5383 omni
661 5331 909 5386 excidere
950 5331 1157 5385 faciam.
1187 5330 1338 5397 Quod
1367 5331 1412 5384 si
1452 5331 1845 5389 multitudinem
1874 5336 2066 5389 civium

488 5419 786 5490 proferens,
816 5423 903 5476 illa
943 5431 1000 5476 tu
1037 5421 1164 5475 mihi
1209 5421 1465 5490 pudorem
1497 5435 1551 5477 et
1593 5435 1793 5480 metum
1835 5428 2069 5483 incutere

489 5523 642 5585 putes
671 5555 686 5579 ,
733 5530 800 5568 ne
848 5526 1018 5571 totum
1062 5515 1246 5570 orbem
1286 5513 1524 5569 damnari
1561 5519 1766 5584 patiar,
1799 5529 2069 5590 assumpta

487 5605 687 5661 Christi
717 5608 1001 5671 sententia,
1029 5623 1148 5662 cum
1172 5607 1258 5661 illa
1286 5605 1540 5660 adversus
1574 5608 1710 5661 hanc
1750 5619 1893 5664 tuam
1916 5611 2068 5680 obje-

491 5699 718 5750 Ctionem
746 5696 918 5750 stabo.
951 5699 1131 5769 Neque
1150 5700 1292 5754 enim
1318 5707 1424 5752 tam
1450 5698 1620 5751 audax
1650 5699 1853 5756 facinus
1883 5703 2072 5758 admit-

493 5798 589 5850 tes,
619 5787 853 5841 utetiam
878 5788 994 5856 ejus
1018 5831 1032 5855 ,
1059 5791 1148 5860 qui
1177 5806 1272 5845 nos
1297 5789 1621 5860 iudicaturus
1650 5801 1728 5844 est
1754 5831 1768 5857 ,
1793 5796 2070 5848 sententia:

555 5905 566 5931 ¹
608 5897 742 5948 Savil.
767 5906 818 5948 et
849 5899 944 5949 duo
979 5908 1104 5958 Mss,
1146 5901 1421 5958 conjunctas
1446 5901 1590 5952 semel
1629 5910 1725 5953 Deo
1749 5902 1949 5958 animas.
1979 5916 2068 5958 tto-

489 5960 583 6009 .el.
612 5970 664 6010 ω
705 5963 753 6009 in
780 5970 935 6022 textu,
961 5969 1104 6025 atque
1129 5965 1194 6013 sic
1226 5960 1348 6025 legit
1375 5966 1661 6013 Ambrosius.

1219 553 1579 611 ADVERSUS
1613 554 2160 615 OPPUGNATORES
2204 559 2388 616 γιτιε
2427 559 2721 617 MONAST.
2761 561 2890 619 LIB.
2939 562 2981 620 Ι.

3633 571 3739 624 52⁵νο

2162 671 2412 727 obsistas.
2455 671 2592 739 Quid
2624 672 2783 743 igitur
2828 675 2916 730 ille
2957 676 3119 731 dicit?
3161 677 3389 748 Angusta
3428 688 3520 744 ut,
3553 681 3743 750 inquit,

2148 764 2334 832 ianua,
2358 775 2406 819 et
2433 774 2574 818 arcta
2599 766 2699 834 via,
2743 782 2857 836 qua:
2880 769 3019 821 ducit
3055 770 3123 822 ad
3151 771 3301 824 vitam
3321 811 3337 836 ,
3373 780 3421 826 et
3449 773 3598 840 pauci
3633 785 3746 828 sunt

2157 856 2244 926 qui
2268 857 2522 912 inveniunt
2556 875 2667 912 eam
2711 857 2924 929 (Matth.
2955 860 3008 915 7.
3044 861 3152 933 ll).
3184 862 3238 919 Si
3270 878 3397 919 vero
3426 864 3577 935 pauci
3621 875 3742 919 sunt

2158 947 2249 1016 qui
2291 950 2585 1018 inveniunt,
2631 967 2763 1008 sane
2804 952 2963 1021 longe
3000 952 3301 1022 pauciores,
3345 956 3436 1024 qui
3481 954 3548 1010 ad
3585 954 3745 1012 linem

2157 1038 2275 1106 ejus
2305 1042 2580 1108 pervenire
2607 1052 2874 1113 poterunt.
2903 1043 3088 1115 Neque
3111 1044 3252 1100 enim
3279 1059 3468 1100 omnes
3487 1048 3576 1116 qui
3602 1047 3746 1116 prin-

2158 1128 2355 1200 cipium
2381 1131 2645 1197 adierunt,
2673 1133 2740 1187 ad
2768 1133 2926 1190 [idem
2955 1137 3070 1204 ejus
3100 1136 3400 1207 pertingere
3425 1144 3746 1206 potuerunt;

2158 1221 2252 1277 sed
2294 1222 2385 1278 alii
2409 1221 2526 1293 ipso
2565 1223 2744 1278 statim
2771 1224 2951 1290 initio,
2988 1227 3078 1280 alii
3108 1228 3159 1280 in
3190 1228 3401 1292 medio,
3429 1229 3520 1282 alii
3553 1227 3605 1282 in
3626 1228 3742 1298 ipso

2158 1311 2270 1370 fere
2297 1324 2457 1385 portu
2484 1314 2814 1387 naufragium
2833 1315 3071 1371 fecerunt
3094 1315 3308 1383 (Matth.
3331 1316 3422 1374 20.
3456 1318 3568 1384 16).
3596 1317 3739 1374 Rur-

2157 1418 2381 1475 sumque
2417 1407 2614 1462 multos
2638 1408 2714 1462 ait
2754 1422 2876 1464 esse
2902 1417 3151 1477 vocatos,
3186 1423 3488 1479 paucosque
3525 1409 3745 1464 electos.

2156 1494 2286 1550 Cum
2301 1496 2477 1566 itaque
2493 1496 2736 1553 Christus
2758 1497 3011 1568 majorem
3039 1513 3161 1556 esse
3186 1499 3522 1569 pereuntium
3543 1507 3745 1570 partem

2156 1583 2320 1649 dicat,
2347 1585 2401 1639 in
2430 1587 2611 1654 paucis
2631 1602 2760 1642 vero
2787 1588 3014 1642 salutem
3046 1588 3359 1657 praefinitam
3385 1604 3508 1647 esse
3534 1602 3749 1646 asseve-

2156 1683 2259 1740 ret,
2286 1673 2416 1744 quid
2458 1675 2740 1730 adversum
2769 1691 2856 1731 me
2889 1676 3132 1746 pugnas?
3163 1676 3394 1746 ldipsum
3433 1679 3576 1735 enim
3617 1678 3747 1734 facis

2156 1779 2220 1820 ac
2245 1765 2290 1820 si
2320 1765 2388 1821 de
2407 1765 2520 1822 Noe
2548 1782 2611 1822 ac
2630 1766 2697 1823 de
2723 1767 2921 1822 diluvio
2949 1769 3109 1824 verba
3137 1767 3452 1824 facientibus
3471 1769 3624 1824 nobis
3648 1770 3744 1824 ad-

2155 1857 2449 1922 mirareris,
2473 1857 2516 1912 si
2533 1872 2721 1912 omnes
2739 1859 3013 1927 perierint,
3036 1857 3144 1913 duo
3157 1867 3334 1914 autem
3350 1867 3550 1914 tantum
3571 1867 3748 1914 tresve

2156 1946 2406 2002 homines
2432 1948 2750 2017 supplicium
2778 1948 3062 2019 elTugerint
3085 1991 3101 2016 ,
3145 1963 3267 2003 cum
3296 1947 3396 2004 hac
3423 1950 3627 2003 ratione
3653 1964 3748 2003 no-

2154 2039 2237 2094 bis
2279 2053 2341 2093 os
2379 2039 2658 2094 obstruere
2700 2053 2859 2108 posse
2900 2051 3073 2109 putas,
3116 2048 3174 2094 ut
3215 2054 3322 2094 non
3359 2039 3546 2094 ausuri
3580 2038 3749 2094 simus

2155 2128 2412 2183 damnare
2440 2128 2859 2184 multitudinem.
2892 2129 2949 2184 ld
2979 2144 3107 2185 sane
3134 2129 3290 2184 nobis
3319 2144 3424 2184 non
3461 2127 3747 2199 persuade-

2157 2217 2302 2272 bitur
2329 2235 2501 2288 neque
2545 2219 2937 2274 multitudinem
2969 2219 3112 2274 illam
3139 2220 3347 2274 veritati
3378 2219 3744 2291 praeferemus.

2156 2307 2338 2378 Neque
2362 2310 2506 2363 enim
2532 2310 2618 2376 iis,
2661 2325 2778 2381 qua:
2821 2321 2947 2365 tunc
2990 2311 3349 2380 contigerunt,
3387 2311 3592 2365 minora
3617 2321 3746 2366 sunt

2159 2399 2414 2454 hodierna
2438 2415 2453 2465 ;
2482 2399 2576 2455 sed
2606 2401 2774 2458 multo
2800 2401 3086 2469 deteriora,
3116 2417 3287 2473 eoque
3313 2401 3500 2472 magis,
3520 2416 3626 2472 quo
3651 2418 3745 2472 ge-

2159 2491 2352 2545 hennae
2379 2493 2724 2547 comminatio
2755 2493 3065 2560 intentatur,
3093 2502 3149 2550 et
3176 2508 3244 2549 ne
3272 2493 3350 2548 sic
3378 2493 3594 2564 quidem
3627 2493 3748 2547 vitia

2156 2582 2493 2638 exciduntur.
2520 2584 2652 2653 Quis
2677 2585 2820 2639 enim
2844 2626 2860 2653 ,
2891 2601 3075 2656 quaeso
3098 2626 3114 2652 ,
3143 2585 3343 2640 fatuum
3375 2600 3484 2642 non
3519 2585 3749 2656 appellat

2157 2673 2419 2729 fratrem?
2461 2675 2588 2730 illud
2615 2686 2794 2732 autem
2824 2679 3082 2748 gehennae
3121 2679 3259 2749 ignis
3287 2678 3412 2734 facit
3435 2680 3747 2735 obnoxium.

2155 2765 2288 2834 Quis
2317 2781 2422 2822 non
2450 2767 2729 2838 impudicis
2755 2768 2924 2823 oculis
2945 2769 3222 2825 mulierem
3241 2769 3495 2839 respicit?
3525 2770 3629 2825 hoc
3654 2786 3744 2826 au-

2157 2866 2263 2911 tem
2294 2865 2377 2912 est
2403 2868 2827 2913 consummatum
2856 2858 3176 2914 adulterium
3205 2877 3220 2913 :
3247 2860 3515 2916 moechum
3537 2876 3666 2915 vero
3696 2861 3754 2916 in

2157 2948 2404 3003 eamdem
2449 2949 2750 3017 gehennam
2789 2951 3026 3006 incidere
3067 2962 3273 3006 cert-um
3301 2962 3384 3008 est
3405 2953 3422 2986 ί
3445 2991 3459 3006 .
3487 2952 3618 3020 Quis
3641 2968 3747 3007 non

2154 3038 2394 3108 juravit?
2420 3040 2521 3096 hoc
2553 3053 2730 3096 autem
2762 3057 2826 3097 ex
2867 3043 3009 3097 malo
3031 3058 3251 3112 prorsus
3276 3054 3361 3100 est
3393 3062 3407 3099 :
3445 3055 3500 3100 at
3518 3045 3662 3114 quod
3686 3062 3748 3101 ex

2159 3132 2304 3187 malo
2339 3142 2443 3199 est,
2473 3133 2733 3205 supplicio
2773 3135 2913 3190 haud
2953 3134 3112 3191 dubie
3144 3136 3454 3192 obnoxium.
3479 3137 3608 3207 Quis
3645 3152 3749 3193 non

2158 3223 2334 3278 amico
2354 3222 2544 3280 invidit
2568 3227 2859 3296 umquam?
2887 3226 2936 3282 id
2960 3242 3086 3282 vero
3124 3228 3353 3282 ethnicis
3372 3238 3428 3284 et
3451 3229 3747 3300 publicanis

2160 3315 2371 3386 pejores
2401 3316 2529 3371 facit
2557 3334 2570 3371 :
2599 3333 2693 3373 eos
2715 3330 2892 3374 autem
2921 3319 3013 3390 qui
3039 3319 3143 3375 illis
3165 3320 3460 3375 deteriores
3481 3329 3624 3387 sunt,
3644 3336 3749 3375 non

2158 3423 2318 3479 posse
2338 3409 2658 3478 supplicium
2681 3409 2916 3480 eﬂ'ugere
2944 3413 3143 3467 nemini
3167 3428 3272 3468 non
3295 3421 3477 3467 notum
3499 3421 3598 3468 est.
3621 3413 3751 3482 Quia

2159 3498 2490 3554 iracundiam
2516 3514 2732 3554 omnem
2780 3517 2846 3556 ex
2884 3502 3046 3557 corde
3087 3503 3263 3572 ejecit,
3292 3512 3345 3557 et
3366 3503 3626 3567 omnium,
3658 3506 3747 3574 qui

2158 3589 2214 3644 in
2254 3605 2313 3644 se
2356 3589 2730 3660 deliquerunt,
2774 3602 2984 3660 peccata
3018 3592 3258 3646 remisit?
3285 3608 3407 3647 eum
3445 3604 3622 3648 autem
3660 3594 3748 3664 qui

2159 3694 2268 3733 non
2312 3681 2582 3735 remiserit
2609 3683 2890 3735 tormentis
2916 3684 3220 3743 necessario
3252 3683 3566 3738 tradendum
3596 3699 3714 3740 esse
3733 3725 3750 3747 ,

2159 3770 2340 3824 nullus
2366 3786 2551 3825 eorum
2572 3811 2586 3835 ,
2635 3772 2726 3841 qui
2754 3769 3024 3827 Christum
3050 3773 3276 3828 audierit
3295 3815 3310 3840 ,
3339 3784 3622 3843 negaturus
3643 3785 3746 3829 est.

2162 3862 2296 3931 Quis
2325 3877 2429 3917 non
2458 3863 2679 3918 servivit
2730 3866 3039 3919 mamonae?
3068 3880 3187 3920 eum
3219 3881 3346 3920 vero
3375 3867 3464 3935 qui
3494 3865 3593 3936 ipsi
3631 3881 3749 3921 ser-

2163 3953 2559 4018 vierit,'Christi
2587 3955 2896 4010 servitutem
2927 3955 3185 4025 abjecisse
3215 3965 3419 4009 certum
3445 3965 3550 4021 est,
3575 3965 3629 4010 at
3661 3958 3749 4024 qui

2165 4046 2360 4101 Christi
2419 4046 2729 4101 servitutem
2778 4046 2993 4117 abjecit,
3038 4048 3304 4118 propriam
3346 4047 3575 4102 salutem
3613 4046 3752 4102 haud

2163 4136 2324 4192 dubie
2350 4137 2648 4207 abnegavit.
2679 4138 2809 4203 Quis
2833 4154 2936 4193 non
2965 4140 3168 4195 occulte
3196 4140 3502 4195 maledixit?
3528 4140 3627 4194 hos
3659 4155 3758 4194 au-

2167 4235 2272 4283 tem
2300 4239 2451 4283 vetus
2465 4243 2676 4299 quoque
2706 4230 2788 4284 lex
2828 4231 3051 4287 interﬁci
3075 4232 3264 4300 jubet,
3298 4242 3349 4288 et
3372 4233 3623 4304 jugulari.
3649 4234 3753 4290 Sed

2168 4337 2286 4390 qua:
2315 4323 2606 4376 consolatio
2656 4323 2707 4376 in
2754 4323 2982 4393 propriis
3012 4324 3213 4379 malis?
3257 4325 3410 4392 Quod
3441 4340 3628 4381 omnes
3657 4342 3754 4379 ceu

2164 4426 2230 4465 ex
2255 4411 2501 4465 condicto
2523 4411 2574 4464 in
2599 4413 2848 4481 nequitiae
2878 4413 3186 4468 barathrum
3208 4414 3478 4482 decidant,
3511 4415 3650 4485 quod
3668 4415 3748 4484 ip-

2165 4517 2281 4557 sum
2327 4503 2464 4571 ejus,
2504 4503 2592 4572 qui
2635 4519 2779 4558 nunc
2815 4505 3042 4571 obtinet,
3072 4506 3243 4561 morbi
3273 4516 3642 4576 argumentum
3674 4516 3757 4559 est

2166 4595 2492 4660 maximum;
2519 4610 2640 4648 cum
2665 4596 2868 4650 scilicet
2893 4596 2942 4650 id
2971 4597 3020 4650 in
3051 4597 3204 4651 malis
3235 4597 3477 4651 solatium
3508 4595 3659 4650 nobis
3680 4594 3759 4648 af-

2168 4684 2292 4753 fert,
2321 4686 2465 4756 quod
2506 4687 2727 4755 majoris
2752 4686 2953 4740 doloris
2982 4687 3201 4741 materia
3233 4701 3352 4741 esse
3379 4687 3619 4742 deberet.
3655 4685 3760 4742 Ne-

2169 4792 2272 4847 que
2301 4778 2442 4833 enitn
2475 4777 2758 4832 multitudo
2781 4778 2831 4830 in
2862 4776 3134 4845 peccando
3163 4778 3428 4830 sociorum
3461 4792 3558 4829 nos
3591 4790 3622 4829 a
3650 4777 3758 4831 cri-

2170 4869 2402 4925 minibus
2431 4880 2486 4924 et
2524 4869 2798 4939 suppliciis
2834 4868 3011 4938 eripit.
3043 4867 3196 4935 Quod
3227 4868 3272 4922 si
3290 4867 3407 4938 quis
3433 4883 3494 4922 ex
3528 4868 3613 4931 iis,
3639 4884 3761 4938 qua:

2169 4975 2326 5029 supra
2371 4961 2635 5026 diximus,
2662 4961 2713 5013 in
2754 4958 3181 5029 desperationem
3219 4960 3452 5024 incidat,
3496 4961 3760 5028 paulisper

2171 5058 2465 5119 exspectet,
2500 5059 2555 5103 et
2602 5059 2728 5103 tunc
2768 5051 2939 5120 magis
2971 5050 3293 5118 desperabit,
3330 5065 3450 5103 cum
3482 5049 3562 5101 bis
3594 5049 3762 5102 multo

2169 5142 2411 5210 graviora
2437 5139 2754 5207 dixerimus,
2783 5142 2959 5210 qualia
2986 5149 3110 5194 sunt
3147 5141 3378 5210 perjuria
3404 5157 3418 5194 :
3459 5154 3579 5194 nam
3610 5139 3655 5194 si
3675 5141 3762 5206 ju—

2173 5249 2292 5286 rare
2322 5233 2646 5288 diabolicum
2677 5242 2777 5297 est,
2804 5236 3106 5300 juramenta
3132 5233 3448 5288 conculcare
3483 5229 3623 5300 quod
3664 5243 3760 5284 no-

2172 5325 2254 5379 bis
2273 5326 2791 5394 atl‘eretsupplicium
2817 5325 2839 5377 ’ἔ
2861 5324 2914 5379 Si
2941 5325 3143 5380 fatuum
3170 5325 3436 5394 appellare
3461 5321 3760 5392 gehennam

2174 5419 2412 5478 attrahit.
2442 5419 2708 5474 sexcentis
2732 5418 2986 5474 conviciis
3011 5419 3367 5473 dehonestare
3393 5416 3636 5482 fratrem,
3659 5417 3752 5486 qui

2175 5525 2318 5578 saepe
2348 5510 2475 5564 nihil
2499 5525 2596 5563 nos
2614 5509 2765 5573 lmsit,
2786 5510 2928 5579 quod
2958 5526 3060 5565 non
3087 5510 3312 5564 adducet
3332 5508 3686 5577 supplicium?
3707 5509 3758 5563 Si

2177 5604 2486 5673 injuriarum
2520 5603 2828 5659 meminisse
2858 5613 3062 5658 tantum
3089 5602 3360 5672 punitione
3385 5601 3601 5672 dignum
3642 5610 3753 5661 est.

2177 5698 2334 5750 etiam
2361 5696 2541 5750 ulcisci
2569 5705 2797 5766 quantos
2817 5697 3084 5751 cruciatus
3109 5695 3595 5766 promeretur?Sed
3622 5710 3758 5748 non-

2243 5851 2259 5881 ¹
2295 5857 2421 5906 time,
2446 5849 2683 5899 moechum
2707 5863 2895 5900 vero....
2921 5855 3106 5900 certum
3136 5855 3223 5909 est,
3259 5850 3434 5898 desunt
3459 5850 3508 5898 in
3529 5847 3649 5901 tulit.
3673 5857 3761 5897 tto-

2177 5910 2302 6020 rell;
2327 5911 2414 5959 sed
2435 5913 2480 5959 in
2500 5911 2636 5961 savil.
2665 5915 2781 5962 etin
2801 5921 2906 5962 Mss.
2933 5911 3188 5972 habentur,
3216 5920 3266 5962 et
3287 5913 3349 5962 ab
3372 5913 3617 5962 Ambrosio
3637 5912 3761 5961 lecta

2181 5986 2269 6020 sun
2296 6006 2307 6020 .
