4506 6702
777 542 872 600 551

778 660 906 714 dum
928 658 997 715 de
1026 659 1109 716 his
1132 661 1414 732 agendum,
1442 660 1557 718 hmc
1582 664 1722 717 enim
1760 678 1858 718 suo
1896 663 2015 720 loco
2045 662 2362 720 reservanda

781 759 929 806 sunt.
961 750 1029 806 Ut
1056 751 1198 805 enim
1229 750 1336 805 alia
1360 752 1626 821 omittam,
1659 754 1759 809 hoc
1784 754 1955 823 ipsum
1982 755 2123 826 quod
2162 770 2258 809 nos
2295 756 2361 810 ad

787 842 901 894 haec
946 840 1227 897 scribenda
1274 843 1503 913 impulit,
1535 860 1712 899 nonne
1748 846 1829 899 vel
1872 847 2045 902 solum
2074 846 2265 901 sufﬁcit
2294 847 2360 901 ad

786 932 1068 998 prementis
1091 932 1263 988 morbi
1304 945 1506 1004 pestem
1550 935 1922 992 indicandam?
1959 938 2013 994 Si
2057 940 2197 994 enim
2242 954 2365 1008 pro-

682 1030 698 1079 ὲ
787 1020 1023 1090 priorum
1051 1036 1211 1077 sensu
1236 1035 1574 1093 peccatorum
1624 1041 1729 1081 non
1773 1026 1931 1092 allici,
1974 1030 2067 1086 sed
2111 1032 2227 1085 sine
2255 1030 2365 1085 ullo

784 1111 971 1166 dolore
990 1112 1195 1167 scelera
1222 1125 1547 1183 perpetrare,
1577 1126 1848 1173 extremus
1876 1121 2088 1174 malitia:
2111 1122 2367 1175 terminus

788 1211 891 1266 est,
919 1201 1006 1256 ubi
1034 1202 1250 1258 tandem
1277 1221 1446 1261 novos
1476 1207 1606 1263 istos
1629 1208 1979 1280 legislatorcs,
2009 1212 2241 1267 recentis
2263 1211 2366 1266 bu-

786 1292 874 1360 jus
914 1290 1417 1367 absurdissinueque
1464 1298 1594 1368 legis
1636 1309 1881 1355 auctores
1918 1309 2231 1367 statuemus,
2273 1303 2365 1373 qui

789 1380 978 1451 majori
994 1397 1115 1439 cum
1144 1384 1335 1440 ﬁducia
1366 1388 1572 1441 virtutis
1592 1389 1893 1458 magistros,
1913 1405 2072 1460 quam
2096 1392 2185 1445 alii
2214 1393 2366 1447 mali-

1502 546 1558 601 S.
1588 546 1863 604 JOANNIS
1900 547 2370 607 CllRYSOSTOMI
2412 549 2732 608 ARCHIEP.
2771 549 3308 611 CONSTANTINOP.

3947 558 4050 616 332

2474 664 2563 721 tim
2583 664 2865 736 repellunt,
2885 680 3084 739 eosque
3100 666 3268 723 multo
3290 666 3467 725 acrius
3487 677 3794 740 oppugnant
3818 670 3905 739 qui
3930 686 4031 741 peo

2472 767 2588 813 cata
2606 758 2891 815 emendare
2908 760 3113 826 volunt,
3136 774 3292 831 quam
3310 774 3403 815 eos
3426 762 3516 832 qui
3538 762 3636 833 ipsi
3660 763 4035 833 peccaveruntl

2472 849 2580 905 imo
2600 852 2772 922 potius
2792 864 2904 916 eos,
2929 867 3028 906 nec
3044 852 3308 907 illibenter
3330 852 3525 920 ferunt,
3544 868 3643 909 nec
3661 853 4038 917 criminantur;

2473 943 2573 999 hos
2600 954 2773 999 autem
2800 942 2887 995 vix
2934 942 3076 999 ferre
3105 950 3347 1014 possunt,
3378 943 3767 1012 quodammodo
3794 953 3843 998 et
3873 942 4040 1000 verbit

2471 1044 2526 1091 et
2540 1035 2787 1105 operibus
2807 1032 3122 1102 clamantes,
3141 1034 3383 1107 nequitia:
3400 1034 3671 1091 mordicus
3688 1031 4047 1089 inhmrendum

2472 1139 2614 1191 esse,
2644 1135 2800 1193 atque
2818 1121 2885 1176 ad
2912 1122 3164 1179 virtutem
3192 1136 3477 1193 numquam
3505 1124 3870 1188 redeundum;
3894 1122 3962 1177 ita
3992 1129 4047 1175 ut

2473 1229 2577 1268 non
2608 1214 2766 1268 modo
2804 1226 2919 1273 eos,
2965 1214 3056 1282 qui
3098 1214 3197 1285 ipsi
3239 1227 3456 1284 operam
3483 1211 3629 1281 dant,
3672 1228 3856 1269 verum
3893 1212 4050 1267 etiam

2472 1321 2601 1372 eos,
2653 1307 2740 1377 qui
2793 1320 2975 1360 vocem
3027 1321 3125 1376 pro
3171 1309 3259 1363 illa
3311 1307 3556 1361 emittere
3603 1307 3837 1376 audent,
3867 1306 4050 1363 ulcisci

2470 1407 2734 1466 Oporteat.

799 1494 3385 1523 ——______________________________

1428 1572 1661 1681 ΑΙ)
1730 1573 2660 1690 INFIDELEM
2718 1579 3420 1705 ΡΑΤΒΕΜ,

1993 1778 2268 1869 πίων
2316 1776 2775 1875 secnubus‘
2821 1846 2841 1866 .

2239 1946 2604 2003 eam»

875 2036 931 2092 l.
961 2034 1100 2092 Satis
1126 2036 1338 2108 quidem
1384 2040 1498 2095 lucc
1542 2051 1731 2106 erant,
1765 2052 1822 2096 ut
1862 2052 2047 2113 stupor
2086 2054 2141 2098 et
2185 2044 2377 2099 horror

796 2126 1139 2181 incuterelur.
1168 2126 1317 2194 Quod
1343 2130 1387 2182 si
1412 2131 1532 2198 quis
1556 2131 1695 2185 circa
1719 2146 1813 2186 eos
1854 2134 2217 2204 propheticum
2250 2138 2375 2192 illud

792 2213 1348 2287 proferat:0bslupuil
1396 2220 1574 2273 cwlum
1629 2238 1779 2291 super
1831 2223 1925 2276 hoc
1953 2266 1968 2289 ,
2014 2235 2059 2279 et
2111 2227 2372 2281 exhorruit

793 2317 928 2359 terra
975 2307 1315 2371 vehementer;
1350 2308 1583 2381 itemque
1626 2314 1868 2383 :Stupor
1918 2324 2065 2385 atque
2123 2316 2373 2371 horrenda

792 2398 930 2467 facta
977 2408 1093 2453 sunt
1141 2401 1196 2454 in
1239 2410 1371 2456 terra
1422 2401 1644 2474 (Jerem.
1670 2406 1724 2459 2.
1758 2408 1841 2460 εει.
1865 2418 1911 2460 et
1937 2408 1990 2462 5.
2015 2408 2104 2479 50)
2130 2449 2145 2471 ,
2174 2425 2372 2478 oppor-

795 2498 922 2542 tune
963 2487 1265 2559 hujusmodi
1312 2494 1487 2547 omnia
1532 2494 1691 2548 dicat.
1723 2496 1874 2561 Quod
1901 2508 2077 2552 autem
2109 2499 2189 2553 bis
2218 2501 2373 2569 longe

792 2579 1003 2647 gravius
1051 2590 1154 2648 est,
1186 2599 1290 2638 non
1342 2584 1501 2639 modo
1548 2587 1705 2640 alieni
1754 2588 1987 2658 quidam,
2021 2602 2075 2645 et
2112 2592 2256 2645 nullo
2309 2594 2372 2646 iis

791 2669 981 2738 quibus
1005 2673 1301 2728 consulitur
1350 2678 1757 2747 propinquitatis
1800 2680 1916 2748 iure
1964 2682 2268 2751 conjuncti,
2301 2684 2371 2737 ita

796 2760 1132 2831 indignantur
1187 2774 1243 2819 et
1304 2782 1446 2837 :rgre
1512 2766 1727 2835 ferunt;
1776 2786 1957 2826 verum
2001 2773 2100 2842 ipsi
2141 2790 2373 2829 consan-

795 2852 971 2920 guinei
1025 2861 1080 2909 et
1160 2867 1408 2926 parentes
1475 2873 1638 2929 super
1702 2860 1783 2916 his
1834 2862 1991 2918 irasci
2051 2864 2370 2920 didicerunt.

793 2944 1027 3002 Tametsi
1073 2961 1176 3002 non
1221 2949 1406 3019 ignoro
1447 2954 1746 3022 complures
1788 2969 1946 3022 esse,
1978 2958 2066 3026 qui
2116 2967 2293 3027 patres
2322 2959 2375 3013 id

794 3052 955 3106 agere
997 3054 1101 3093 non
1146 3040 1431 3098 admodum
1474 3054 1690 3113 stupent
1738 3064 1751 3101 :
1801 3048 2045 3103 suﬁocari
2089 3060 2264 3105 autem
2317 3066 2377 3107 se

794 3129 1015 3196 dicunt,
1044 3144 1107 3185 ac
1134 3130 1405 3187 iracundia
1450 3135 1660 3191 incendi
1687 3178 1701 3200 ,
1734 3152 1854 3192 cum
1885 3139 2098 3195 videant
2123 3157 2214 3196 eos
2239 3184 2254 3209 ,
2285 3143 2375 3212 qui

794 3235 966 3289 neque
996 3230 1173 3291 patres
1198 3234 1341 3291 sunt,
1369 3241 1543 3297 neque
1568 3229 1742 3293 amici,
1776 3246 1946 3301 neque
1971 3233 2371 3303 consanguinei,

795 3326 967 3381 neque
993 3313 1096 3367 alia
1139 3330 1204 3369 ex
1234 3324 1384 3384 parte
1424 3320 1746 3384 necessarii,
1780 3321 1887 3375 imo
1914 3337 2057 3392 saepe
2104 3324 2264 3395 ignoti
2309 3325 2374 3380 iis

793 3401 883 3469 qui
914 3402 1272 3474 philosophari
1302 3407 1601 3476 instituunt,
1634 3408 1735 3467 hoc
1763 3412 1936 3480 ipsum
1967 3415 2094 3483 pati,
2126 3429 2190 3469 ac
2230 3415 2370 3485 plus,

791 3507 951 3560 quam
1000 3493 1097 3564 ipsi
1144 3504 1325 3567 patres
1367 3496 1550 3554 dolere
1573 3540 1588 3564 ,
1619 3515 1924 3571 Oppugnare
1946 3544 1961 3563 ,
1992 3512 2045 3557 et
2075 3504 2127 3558 in
2172 3505 2373 3561 crimen

792 3596 988 3638 vocare
1028 3599 1122 3640 eos
1144 3626 1160 3650 ,
1189 3586 1278 3657 qui
1310 3586 1467 3657 hujus
1494 3591 1751 3660 propositi
1776 3601 2021 3648 auctores
2048 3595 2180 3664 ipsis
2207 3596 2372 3650 fuere.

797 3671 917 3727 Mihi
962 3690 1091 3731 vero
1131 3677 1272 3746 quod
1302 3680 1604 3748 oppositum
1649 3692 1731 3736 est
1761 3682 1951 3736 mirum
1982 3699 2101 3740 esse
2144 3686 2369 3740 videtur.

798 3764 902 3818 Eos
925 3767 1066 3820 enim
1084 3768 1171 3836 qui
1199 3768 1342 3822 nullo
1362 3768 1442 3823 vel
1473 3769 1647 3826 tutelze
1664 3772 1746 3827 vel
1774 3775 2020 3828 aruicitim
2041 3775 2162 3845 jure
2190 3786 2375 3832 tenen-

795 3872 899 3923 tur,
931 3859 1117 3914 alienis
1162 3860 1213 3914 in
1246 3861 1398 3915 bonis
1426 3863 1569 3933 angi,
1602 3879 1706 3918 non
1738 3865 1929 3919 mirum
1959 3867 2200 3923 videatur
2228 3884 2371 3936 esse,

797 3959 977 4018 utpote
1022 3951 1211 4020 partim
1262 3952 1457 4008 invidia
1498 3964 1812 4026 correptos,
1862 3959 2051 4027 partim
2096 3975 2223 4014 vero
2268 3976 2377 4029 prae

797 4040 995 4094 malitia
1054 4056 1148 4095 sua
1206 4042 1431 4099 aliorum
1488 4046 1776 4115 perniciem
1835 4047 2140 4103 felicitatem
2181 4052 2202 4081 ³
2258 4065 2377 4105 esse

796 4149 948 4189 suam
995 4133 1352 4204 arbitrantes;
1385 4138 1577 4193 misere
1622 4139 1672 4193 id
1700 4139 1913 4209 quidem
1956 4149 2011 4196 et
2053 4140 2372 4237 infelicite‘,

796 4228 1115 4285 arbitrantes
1155 4240 1331 4286 tamen
1366 4248 1379 4285 :
1410 4231 1552 4302 quod
1594 4241 1773 4287 autem
1802 4233 1835 4287 ii
1860 4276 1875 4298 ,
1904 4234 1993 4303 qui
2036 4228 2335 4304 genueruth
2355 4274 2370 4299 ,

797 4322 886 4389 qui
913 4321 1288 4390 educaverunt,
1318 4325 1408 4393 qui
1434 4325 1753 4393 quotidianis
1780 4326 1917 4380 votis
1944 4335 2196 4396 exoptant
2223 4336 2375 4381 natos

796 4425 924 4466 suos
965 4426 1024 4467 se
1065 4413 1193 4483 ipsis
1240 4413 1605 4483 praeclariorcs
1633 4415 1814 4470 videre
1838 4456 1852 4479 ,
1884 4416 1972 4485 qui
2014 4431 2076 4471 ea
2104 4416 2173 4471 de
2216 4431 2375 4471 causa

795 4516 985 4560 cuncta
1012 4503 1212 4561 faciunt
1232 4514 1285 4560 et
1312 4505 1607 4574 patiuntur;
1628 4521 1721 4561 eos
1745 4521 1841 4561 ceu
1868 4506 2092 4575 quadam
2121 4506 2376 4562 ebrietate

797 4605 1071 4666 correptos
1086 4606 1307 4667 repente
1331 4596 1528 4652 mutari
1542 4607 1596 4652 et
1618 4598 1737 4665 angi
1752 4597 1819 4652 de
1835 4597 2184 4668 philosophia-
2199 4599 2377 4652 studio

798 4702 827 4739 a
857 4686 979 4741 ﬁliis
1006 4697 1293 4758 suscepto;
1322 4687 1453 4743 illud
1479 4696 1561 4743 est
1585 4688 1727 4758 quod
1753 4703 1851 4756 ego
1882 4690 2115 4743 maxime
2140 4689 2376 4743 omnium

799 4776 1036 4832 admiror
1055 4819 1070 4842 ,
1100 4778 1227 4834 illud
1266 4794 1364 4849 ego
1390 4788 1760 4849 argumentum
1785 4792 1903 4833 esse
1932 4788 2058 4847 puto
2084 4779 2333 4834 idoneum
2359 4818 2375 4843 ,

799 4868 940 4937 quod
984 4869 1161 4924 omnia
1208 4878 1456 4937 corrupta
1496 4872 1807 4940 perditaque
1853 4870 1978 4924 sint.
2028 4868 2141 4925 Hoc
2183 4870 2379 4937 elapsis

798 4961 1083 5031 contigisse
1114 4960 1439 5030 temporibus
1467 4975 1623 5015 uerno
1662 4961 1892 5025 dixerit,
1927 4976 1995 5017 ne
2024 4969 2132 5016 tum
2163 4960 2376 5031 quidem

798 5068 922 5108 cum
971 5054 1142 5123 palam
1189 5053 1554 5109 dominaretur
1604 5068 1773 5107 error.
1824 5056 1899 5109 Ac
1947 5054 2113 5109 semel
2162 5052 2374 5124 quidem

799 5144 993 5200 accidit
1022 5145 1073 5200 in
1111 5145 1324 5201 civitate
1349 5145 1533 5202 Graeca
1557 5186 1572 5213 ,
1602 5146 1695 5200 sed
1724 5160 1880 5215 quam
1919 5147 2125 5216 tyranni
2150 5161 2378 5216 occupa-

802 5239 928 5293 bant
959 5253 972 5289 :
1004 5251 1175 5306 neque
1201 5245 1373 5292 tamen
1399 5247 1525 5292 tunc
1551 5246 1829 5307 parentum
1857 5237 2045 5307 aliquis
2068 5279 2082 5301 ,
2116 5246 2171 5290 ut
2196 5252 2335 5291 nunc
2357 5277 2373 5303 ,

801 5329 894 5383 sed
940 5330 1027 5399 qui
1076 5344 1252 5383 arcem
1303 5339 1725 5398 occupaverant;
1760 5345 1861 5385 nec
1904 5344 2093 5385 omnes
2121 5329 2333 5399 quidem
2359 5370 2374 5394 ,

803 5434 984 5472 verum
1014 5420 1103 5489 qui
1152 5420 1340 5474 horum
1388 5430 1503 5475 erat
1548 5420 1988 5489 ﬂagitiosissimus
2011 5461 2027 5485 ,
2060 5419 2377 5474 accersitum

802 5508 1075 5563 Socratem
1119 5510 1332 5578 iubebat
1360 5525 1389 5563 a
1422 5509 1771 5580 phi1050phia:
1812 5511 2050 5565 doctrina
2096 5509 2373 5564 absistere.

803 5606 869 5654 At
896 5600 986 5656 ille
1009 5598 1219 5670 quidem
1242 5640 1260 5668 ,
1291 5610 1546 5673 tyrannus
1568 5642 1583 5667 ,
1615 5600 1842 5655 inﬁdelis
1864 5611 1917 5655 et
1952 5614 2123 5656 saevus
2147 5641 2163 5667 ,
2192 5599 2282 5668 qui
2311 5599 2377 5652 ad

865 5803 879 5831 ι
918 5800 1106 5850 Librum
1130 5800 1259 5850 hunc
1277 5812 1528 5860 vocamus,
1550 5800 1832 5855 secundum,
1861 5813 1923 5849 ex
1947 5801 2233 5850 auctoritate
2258 5798 2373 5849 duo-

806 5873 910 5908 rum
940 5870 1039 5911 uss.
1074 5869 1125 5911 Et
1146 5875 1265 5911 sane
1289 5862 1367 5911 hic
1388 5860 1512 5912 liber
1536 5863 1613 5913 vel
1638 5876 1699 5913 ex
1717 5863 1857 5911 modo
1880 5862 2096 5912 ordiendi
2118 5864 2176 5910 ad
2202 5873 2379 5923 prmce-

804 5922 831 5968 t'
842 5939 864 5953 ιο
886 5934 963 5971 ins
984 5925 1164 5985 seriem
1177 5924 1393 5985 respicit.

867 5985 887 6020 ³
924 5990 1017 6035 \‘ox
1036 6018 1053 6049 ,
1072 5984 1347 6052 felicitatem
1366 6023 1379 6047 ,
1408 5985 1549 6036 dces:
1574 6000 1622 6038 in
1638 5986 1822 6035 duobus
1846 5992 1933 6034 uas

2478 2048 2815 2104 evertendam
2829 2051 3207 2121 rempublicam
3222 2064 3407 2110 cuncta
3420 2054 3748 2118 moliebatur,
3763 2053 4056 2125 alienisque

2481 2140 2533 2193 in
2581 2140 2735 2193 malis
2786 2142 3149 2211 gloriabatur,
3203 2160 3398 2214 gnarus
3445 2144 3574 2198 nihil
3623 2145 3845 2215 perinde
3893 2155 4055 2216 atque

2482 2231 2639 2285 talem
2678 2231 2971 2301 jussiouetn
3002 2238 3259 2306 optimum
3313 2236 3616 2304 reipublicm
3654 2246 3849 2292 statum
3898 2253 4057 2309 posse

2478 2332 2783 2391 pervertere
2805 2366 2820 2388 ,
2851 2325 2966 2381 lucc
2993 2342 3153 2383 ausus
3179 2339 3278 2384 eSt.
3310 2331 3376 2382 At
3416 2328 3470 2382 hi
3498 2328 3685 2385 ﬁdeles
3705 2370 3721 2396 ,
3748 2339 3804 2386 et
3839 2330 3891 2385 in
3918 2330 4055 2386 bene

2477 2414 2731 2468 institutis
2775 2416 3078 2475 civitatibus
3107 2420 3356 2489 degentes
3381 2461 3396 2484 ,
3430 2419 3721 2491 liberisque
3767 2422 3879 2478 suis
3922 2437 4054 2477 con-

2475 2507 2672 2560 sultum
2717 2508 3032 2576 cupientes,
3083 2511 3194 2566 lucc
3236 2511 3421 2565 eadem
3470 2512 3614 2583 loqui
3657 2514 3892 2583 audent,
3937 2530 4055 2584 quae

2475 2603 2730 2664 tyrannus
2779 2598 2867 2652 ille
2895 2600 3036 2654 circa
3086 2601 3324 2655 subditos
3372 2616 3536 2663 suos,
3569 2617 3670 2657 nec
3716 2605 4052 2659 erubescunt.

2475 2684 2651 2751 Quare
2669 2687 2720 2740 hi
2739 2688 2827 2757 qui
2857 2690 2933 2744 sic
2963 2690 3321 2760 indignantur,
3341 2692 3511 2761 magis
3526 2708 3681 2761 quam
3714 2693 4056 2760 illi,admira-

2478 2775 2623 2830 tione
2661 2776 2805 2846 digni
2833 2788 2975 2833 sunt.
3020 2779 3219 2836 Idcirco
3247 2790 3299 2835 et
3324 2796 3424 2851 ego
3451 2783 3568 2837 illos
3597 2783 3789 2838 missos
3817 2785 4015 2840 faciens
4036 2827 4052 2851 ,

2478 2862 2575 2918 hos
2601 2866 2691 2936 qui
2724 2868 2775 2921 in
2804 2869 2985 2937 primis
3011 2884 3191 2924 curam
3222 2869 3449 2925 ﬁliorum
3476 2881 3706 2942 gerunt,
3734 2873 3843 2929 imo
3880 2877 4057 2944 potius

2477 2968 2664 3024 gerere
2712 2957 3039 3027 debuerant,
3094 2975 3199 3014 non
3253 2972 3430 3017 autem
3484 2972 3709 3032 gerunt,
3770 2964 3958 3018 leniter
4003 2976 4058 3020 et

2478 3062 2683 3103 sunnna
2699 3065 2817 3105 cum
2837 3051 3199 3107 moderatione
3218 3053 3457 3124 alloquar
3476 3073 3488 3107 :
3508 3054 3576 3108 ab
3596 3054 3697 3108 illis
3720 3055 4054 3124 impetratum

2476 3138 2696 3207 cupiens
2721 3182 2736 3206 ,
2770 3149 2828 3194 ut
2871 3158 2977 3196 non
3020 3143 3242 3198 moleste
3288 3143 3499 3209 ferant,
3534 3160 3632 3199 nec
3678 3144 4054 3215 indignentur,

2475 3230 2521 3282 si
2564 3232 2680 3298 quis
2722 3245 2781 3286 se
2825 3247 2886 3286 ea
2928 3248 3046 3303 quae
3088 3234 3323 3302 ipsorum
3369 3234 3491 3289 ﬁliis
3538 3235 3825 3304 expediunt
3867 3235 4057 3290 melius

2475 3336 2634 3377 nosse
2677 3322 2856 3391 dicat,
2886 3340 3044 3395 quam
3094 3326 3251 3381 iidem
3302 3326 3422 3396 ipsi.
3452 3325 3631 3396 Neque
3678 3327 3818 3382 enim
3861 3326 4057 3382 sufﬁcit

2476 3412 2643 3467 ﬁlium
2672 3429 3002 3482 procreasse,
3034 3427 3089 3470 ut
3115 3417 3283 3487 possit
3310 3425 3434 3470 nato
3467 3431 3656 3485 parens
3679 3427 4054 3486 congruentem

2476 3502 2859 3559 institutionem
2887 3505 3044 3571 dare;
3063 3506 3156 3560 sed
3185 3507 3481 3575 procreatio
3507 3508 3726 3561 multum
3755 3508 3963 3563 confert
3988 3508 4054 3562 ad

2477 3596 2641 3664 prolis
2683 3611 2921 3650 amorem
2944 3638 2959 3661 ,
2989 3596 3057 3650 ad
3103 3596 3218 3665 ejus
3246 3612 3373 3651 vero
3402 3596 3643 3652 idoneam
3687 3597 4055 3653 educationem

2476 3696 2531 3741 et
2571 3687 2900 3756 disciplinam
2951 3703 3120 3756 neque
3168 3688 3465 3757 procreatio
3511 3704 3684 3757 neque
3729 3703 3879 3744 amor
3927 3689 4057 3742 satis

2477 3789 2620 3833 sunt.
2654 3779 2783 3833 Nam
2815 3780 2857 3832 si
2884 3779 2984 3833 hoc
3014 3788 3173 3843 esset,
3197 3780 3369 3833 nullus
3395 3780 3663 3833 hominum
3691 3787 3842 3850 patre
3868 3778 4055 3834 melius

2478 3883 2638 3922 nosse
2665 3877 2841 3936 posset
2856 3868 3103 3937 quidnam
3121 3878 3262 3923 esset
3281 3869 3388 3922 ﬁlio
3414 3869 3611 3936 utilius,
3628 3868 4051 3939 quandoquidem

2479 3974 2638 4014 nemo
2679 3961 2875 4029 estqui
2921 3960 3091 4029 possit
3132 3960 3223 4014 illo
3270 3959 3435 4029 magis
3480 3959 3641 4013 ﬁlium
3673 3974 3873 4013 amare.
3905 3957 4055 4012 Nunc

2479 4065 2606 4104 vero
2646 4060 2822 4120 patres
2850 4065 2908 4105 se
2939 4049 3064 4104 illud
3107 4050 3350 4119 ignorare
3378 4050 3538 4119 gestis
3562 4051 3671 4103 suis
3695 4048 4011 4102 conﬁtentur
4035 4065 4051 4109 ;

2479 4157 2598 4196 cum
2630 4142 2694 4197 ad
2725 4142 3006 4212 magistros
3045 4142 3281 4206 ducunt,
3309 4157 3430 4196 cum
3477 4139 3772 4209 paedagogis
3802 4137 4013 4192 tradunt
4036 4179 4051 4201 ,

2478 4251 2597 4290 cum
2628 4236 2934 4289 innumeros
2962 4235 3292 4290 consiliarios
3333 4232 3625 4295 adhibent,
3658 4240 3715 4283 ut
3757 4230 3928 4284 sciant
3969 4229 4054 4284 cui

2478 4327 2601 4382 vita:
2629 4327 2867 4380 instituto
2898 4325 3033 4379 ﬁlius
3063 4323 3350 4378 tradendus
3379 4322 3466 4375 sit.
3495 4319 3676 4389 Neque
3704 4319 3897 4374 mirum
3926 4319 4053 4374 illud

2477 4428 2560 4472 est
2583 4458 2598 4480 ,
2629 4415 2725 4471 sed
2758 4415 2901 4485 quod
2926 4430 3046 4468 eum
3071 4413 3138 4467 de
3168 4412 3289 4465 ﬁliis
3315 4411 3653 4473 consultant,
3681 4411 3904 4465 aliorum
3928 4426 4053 4465 sen-

2478 4509 2738 4572 tentiam,
2799 4520 2894 4559 sua
2950 4519 3092 4574 stepe
3151 4503 3460 4572 repudiata,
3518 4504 3922 4573 amplectantur.
3977 4502 4056 4558 Ne

2481 4600 2659 4668 itaque
2706 4596 2932 4651 moleste
2963 4610 3061 4650 nos
3109 4592 3316 4661 ferant,
3347 4595 3392 4649 si
3439 4593 3675 4649 dicamus
3724 4608 3823 4649 nos
3868 4593 4055 4649 melius

2482 4703 2641 4744 nosse
2665 4687 2789 4758 quid
2833 4688 2934 4742 illis
2977 4689 3292 4754 conveniat;
3322 4686 3416 4742 sed
3442 4687 3543 4742 nisi
3592 4687 3642 4741 id
3682 4699 3827 4742 certa
3854 4687 4057 4741 ratione

2484 4778 2900 4850 probaverimus,
2921 4788 3044 4833 tunc
3063 4788 3332 4846 accusent,
3355 4788 3480 4834 tunc
3501 4778 3708 4849 probris
3730 4779 3980 4846 impetant
3999 4785 4058 4831 ut

2484 4880 2877 4940 arrogantes,ac
2899 4880 3259 4940 corruptores,
3285 4871 3548 4940 totiusque
3571 4878 3772 4923 naturae
3792 4866 4052 4921 inimicos.

2551 4961 2606 5016 2.
2648 4961 2886 5029 Quonam
2912 4977 3040 5032 ergo
3066 4962 3225 5016 modo
3250 4960 3379 5016 illud
3416 4957 3755 5015 manifestum
3790 4958 3931 5022 erit,
3968 4967 4058 5011 aut

2482 5070 2583 5124 qua
2606 5055 2808 5109 ratione
2833 5055 3081 5119 sciemus,
3115 5054 3359 5122 quisnam
3390 5052 3460 5106 sit
3483 5051 3569 5119 qui
3600 5047 3740 5119 quod
3769 5057 4056 5102 consenta~

2481 5162 2637 5202 neum
2663 5156 2743 5203 est
2768 5146 2961 5209 videat,
2984 5154 3039 5200 et
3063 5146 3303 5215 quisnam
3328 5144 3378 5198 id
3398 5142 3609 5212 quidem
3639 5141 3776 5195 seire
3797 5140 4054 5207 videatur,

2482 5239 2782 5293 nullatenus
2814 5251 2937 5289 vero
2968 5236 3130 5290 sciat?
3158 5235 3213 5291 Si
3237 5235 3374 5289 dicta
3406 5248 3542 5298 mea,
3561 5247 3657 5286 ceu
3684 5230 3931 5300 quasdam
3955 5232 4052 5286 ob-

2475 5330 2754 5400 jectiones,
2774 5326 2839 5381 ad
2858 5342 3078 5382 examen
3096 5325 3419 5383 descendere
3439 5339 3501 5378 ac
3520 5322 3766 5392 congredi
3783 5336 4054 5394 cogentes,

2483 5418 2802 5488 incorruptis
2836 5418 3103 5489 judicibus
3141 5420 3255 5473 ιιωο
3293 5414 3632 5484 disquirenda
3674 5416 4054 5483 permittamus.

2481 5513 2590 5568 Lex
2636 5514 2812 5582 itaque
2855 5513 3159 5567 certaminis
3187 5525 3285 5564 nos
3320 5506 3576 5561 adversus
3610 5504 3964 5562 Christianum
3993 5508 4055 5560 ad

2483 5620 2710 5675 pugnam
2740 5604 2886 5659 exire
2909 5604 3095 5673 jubet,
3123 5610 3284 5669 atque
3311 5612 3432 5651 cum
3459 5596 3549 5650 illo
3577 5605 3777 5653 tantum
3807 5614 4056 5669 pugnare,

2485 5695 2724 5765 nihilque
2749 5694 2979 5765 amplius
3005 5690 3230 5760 requirit
3260 5704 3292 5743 a
3322 5687 3495 5742 nobis.
3526 5687 3660 5754 Quid
3688 5690 3821 5743 enim
3850 5690 3970 5742 mihi
4001 5690 4061 5742 de

2482 5790 2543 5842 iis
2586 5790 2735 5843 etiam
2776 5789 2860 5858 qui
2885 5786 3009 5855 [oris
3044 5790 3160 5836 sunt
3182 5780 3413 5849 judicare
3441 5779 3529 5849 (ι.
3560 5778 3681 5836 Cor.
3730 5782 3785 5836 5.
3816 5780 3953 5847 ην
3991 5779 4059 5830 ait

2485 5881 2672 5936 beatus
2722 5878 2942 5933 Paulus.
2985 5873 3182 5928 Verum
3237 5872 3357 5941 quia
3406 5872 3717 5942 plerumque
3767 5869 4058 5937 contingit,

2494 5972 2689 6027 inultos
2727 5983 2909 6025 eorum
2942 5967 3028 6036 qui
3083 5963 3147 6019 ad
3192 5964 3381 6018 cmlum
3426 5961 3841 6035 pertrahuntur,
3876 5958 4058 6013 inﬁde-
