4506 6738
289 572 388 627 3'51

284 683 393 755 γὰρ
406 679 477 735 τά
496 681 632 737 ἀλλα
653 683 835 756 παρῶ,
860 682 992 737 αὐτὸ
1017 682 1081 754 δὴ
1100 682 1256 738 τοῦτο
1273 683 1335 738 1b
1355 685 1777 751 καταναγκάσαν
1801 686 1951 754 ἡμᾶς

279 772 358 835 είς
384 769 572 827 τοῦτον
598 772 846 827 καθεῖναι
874 774 965 826 τὸν
994 771 1170 840 λόγον,
1201 774 1299 844 οὐχ
1333 771 1517 826 ἱκανὸν
1542 773 1637 826 καὶ
1664 772 1823 843 μόνον
1852 774 1950 843 τῆς

278 858 613 932 κατεχούσης
654 861 812 915 νόσου
859 860 960 929 τὴν
992 861 1189 914 κακίαν
1227 859 1599 925 ἐνδείξασθαι;
1635 863 1697 914 Εί
1739 861 1848 931 γὰρ
1889 863 1983 915 τὸν

278 945 384 998 τῶν
409 948 625 1001 οἰκείων
647 947 1057 1018 ἁμαρτημάτων
1086 948 1158 1019 μὴ
1180 946 1622 1014 ἐπαισθάνεσθαι,
1648 949 1763 1002 ἀλλ’
1785 948 1949 1001 ἀναλ-

280 1034 459 1103 Τητως
487 1033 855 1105 πλημμελεῖν,
888 1032 1113 1103 ἔσχατος
1143 1037 1268 1107 ὅρος
1314 1034 1515 1099 κακίας
1545 1036 1683 1099 ἐστὶ,
1720 1034 1824 1087 ποῦ
1858 1034 1979 1088 τά·

282 1119 441 1191 ξομεν
472 1123 598 1184 τοὺς
643 1120 794 1183 νέους
825 1115 1047 1185 τούτους
1078 1121 1376 1192 νομοθέτας
1398 1122 1497 1191 τῆς
1530 1124 1723 1193 καινῆς
1747 1121 1953 1193 ταύτης

279 1210 371 1262 καὶ
411 1207 769 1276 ἀτοπωτάτης
793 1209 1128 1277 νομοθεσίας,
1169 1207 1218 1260 οἳ
1254 1208 1392 1278 μετὰ
1422 1207 1662 1273 πλείονος
1689 1210 1791 1279 τῆς
1812 1212 1954 1281 παῤ-

282 1296 475 1366 ρησίας
519 1294 646 1357 τούς
688 1295 789 1363 τῆς
824 1295 1025 1367 ἀρετῆς
1070 1295 1437 1350 ἀπελαύνουσι
1485 1296 1858 1361 διδασκάλους,
1916 1297 1949 1368 ἢ

1101 567 1470 623 ADVERSUS
1503 567 2055 625 OPPUGNATORES
2092 566 2280 626 ἫΤᾹΞ
2322 568 2624 625 MONAST.
2669 568 2797 625 LIB.
2841 567 2905 624 ιι.

3611 568 3723 626 532

2054 685 2181 747 τοὺς
2201 684 2298 753 τῆς
2328 684 2525 746 κακίας
2547 684 2746 756 ἕτεροι,
2777 684 2870 737 καὶ
2892 682 3000 737 τῶν
3022 682 3130 753 πλη
3139 679 3528 753 μμελησάντων
3558 683 3722 739 πλέον

2052 774 2165 834 τοῖς
2192 768 2437 840 διορθοῦν
2469 770 2811 841 βουλομένοις
2838 783 2864 811 ι
2892 770 3371 840 ἐκπεπολέμωνται
3393 786 3408 835 ;
3444 772 3641 842 μᾶλλον
3667 774 3729 827 δέ

2054 860 2192 931 πρὸς
2224 859 2468 922 ἐκείνους
2510 860 2608 929 μὲν
2644 859 2770 913 οὐτε
2802 861 2980 931 ἀηδῶς
3005 861 3241 931 ἔχουσιν.
3279 860 3402 915 οὔτε
3437 863 3729 931 ἐγκαλοῦσί

2053 964 2185 1000 ποτε
2208 989 2223 1012 ,
2267 946 2474 1000 τούτων
2523 948 2578 1001 δὲ
2630 948 2735 1002 κᾶν
2781 948 3176 1017 ἀπογεύσαιντο
3221 948 3389 1020 ἡδέως
3448 953 3732 1021 μονονουχὶ

2054 1034 2287 1104 βοῶντες
2328 1035 2422 1087 καὶ
2447 1034 2515 1087 δι’
2541 1028 2614 1087 ὧν
2645 1036 2865 1104 λέγουσι
2906 1038 3001 1088 καὶ
3026 1038 3093 1089 δι’
3122 1030 3198 1090 ὦν
3236 1037 3504 1097 ποιοῦσιν,
3539 1039 3622 1092 ὅτι
3649 1038 3733 1091 δεῖ

2051 1123 2151 1191 τῆς
2174 1121 2375 1183 κακίας
2396 1122 2565 1193 ἀπρὶξ
2584 1122 2822 1194 ἔχεσθαι,
2850 1122 2944 1176 καὶ
2969 1123 3233 1193 μηδέποτε
3253 1123 3567 1178 ἐπανελθεῖν
3593 1124 3731 1194 πρὸς

2052 1209 2274 1280 ἀρετὴν,
2320 1209 2397 1272 ὡς
2429 1210 2491 1262 οὐ
2550 1210 2710 1279 μόνον
2749 1211 2880 1273 τοὺς
2928 1209 3210 1280 μετιόντας
3249 1212 3441 1283 αὐτὴν,
3470 1209 3606 1264 ἀλλά
3636 1210 3733 1262 καὶ⁵

2052 1300 2178 1364 τοὺς
2196 1301 2380 1372 φωνὴν
2395 1300 2533 1371 ὑπὲρ
2549 1300 2750 1371 ταύτης
2767 1301 2927 1372 ῥῆξαι
2944 1300 3255 1372 τολμῶντας
3272 1299 3574 1371 ἀμύνεσθαι
3588 1300 3727 1353 δέον.

340 1388 367 1417 ⁸
388 1386 471 1435 Sic
494 1384 605 1434 Sav.
632 1390 687 1434 et
704 1384 872 1436 Morel.
894 1388 1002 1438 Duo
1023 1395 1190 1436 autem
1209 1400 1325 1435 mss.
1346 1390 1662 1451 πειρωμένοις.
1693 1388 1820 1437 Infra
1846 1401 1935 1450 pro
1961 1389 2047 1437 κᾶν
2068 1392 2119 1439 an

1703 1388 1820 1437 Infra
1846 1401 1935 1450 pro
1961 1389 2047 1437 κᾶν
2068 1392 2411 1453 ἀπογεύσαιντο
2432 1392 2700 1456 legendum
2721 1393 2913 1441 videtur
2935 1394 3021 1442 οὐκ
3044 1394 3101 1441 ἂν
3122 1392 3482 1454 ἀπογεύσαιντο.

952 1632 1071 1706 [⁵η
1140 1647 1549 1764 ΠΡΟΣ
1636 1649 2321 1767 ΑΠΙΣΤΟΝ
2409 1654 3053 1794 ΠΑΤΕΡΑ,

1699 1842 1922 1896 ΛΟΓΟΣ
1959 1842 2317 1898 ΔΕΥΤΕΡΟΣ

353 2093 425 2141 α’.
443 2084 624 2141 ’ῐκανά
661 2084 760 2156 μὲν
790 2080 882 2139 οὖν
904 2086 996 2139 καὶ
1024 2087 1194 2141 ταῦτα
1219 2087 1475 2142 ἔκστασιν
1506 2088 1838 2157 ἐργάσασθαι
1864 2090 1958 2143 καὶ

283 2176 509 2249 φρίκην·
542 2175 645 2231 κᾶν
671 2176 734 2229 1b
759 2176 1095 2246 προφητικόν
1117 2193 1201 2239 τις
1225 2178 1401 2231 ἐκεῖνο
1430 2177 1523 2230 ἐπὶ
1550 2176 1763 2241 τούτοις
1789 2178 1959 2248 φθέγο

282 2282 447 2335 γηται
466 2264 582 2328 νῦν,
610 2265 694 2318 ὅτι
714 2262 968 2332 Ἐξέστη
997 2266 1031 2318 ό
1058 2265 1312 2331 οὐρανὸς
1325 2264 1423 2319 ἐπὶ
1446 2266 1658 2331 τούτῳ,
1674 2266 1771 2320 καὶ
1795 2268 1956 2335 ἔφρι-

285 2351 395 2415 ξεν
421 2352 460 2417 ἢ
489 2351 565 2421 τῆ
593 2351 692 2404 ἐπὶ
716 2351 930 2406 πλεῖον
956 2351 1212 2420 σφόδρα·
1250 2352 1365 2415 καὶ,
1395 2353 1477 2406 ὅτι
1501 2354 1837 2419 Ἕκστασις
1861 2354 1959 2407 καί

286 2441 506 2509 φρικτά
557 2441 811 2510 ἐγενήθη
868 2442 967 2496 ἐπὶ
1014 2440 1127 2511 τῆς
1167 2441 1298 2511 γῆς,
1344 2444 1615 2515 εὐκαίρως
1663 2444 1844 2498 πάντα
1891 2445 1962 2498 τά

286 2526 515 2581 τοιαῦτα
543 2530 679 2598 ἐρεῖ.
705 2529 779 2582 Τὸ
816 2528 873 2582 δέ
914 2530 1121 2583 τούτων
1158 2529 1559 2603 χαλεπώτερον,
1594 2533 1676 2585 ὅτι
1705 2532 1767 2586 οὐ
1801 2532 1961 2604 μόνον

285 2614 558 2685 ἀλλότριοί
584 2630 757 2677 τινες,
788 2616 880 2669 καὶ
900 2617 1053 2670 οὐδὲν
1072 2619 1186 2681 τοῖς
1220 2616 1740 2687 συμϐουλευομένοις
1785 2636 1959 2691 «p00-

284 2703 513 2773 ήκοντες
538 2700 763 2755 τοιαῦτα
798 2702 1163 2771 ἀγανακτοῦσι
1206 2705 1301 2758 καὶ
1334 2704 1796 2777 δυσχεραίνουσιν,
1822 2706 1960 2761 ἀλλά

287 2792 571 2858 συγγενεῖς
603 2790 698 2842 καὶ
735 2788 971 2860 πατέρες
1003 2790 1203 2861 ἔμαθον
1223 2792 1363 2864 ὑπὲρ
1391 2792 1599 2846 τούτων
1623 2793 1955 2864 ὀργίζεσθαι.

286 2879 479 2931 Καίτοι
509 2894 574 2945 γε
604 2878 705 2930 οὐκ
736 2877 916 2946 ἀγνοῶ
944 2878 1023 2932 ὄτι
1050 2879 1234 2932 πολλοὶ
1266 2881 1403 2951 πρὸς
1441 2881 1539 2952 μὲν
1566 2881 1690 2945 τοὺς
1720 2880 1959 2951 πατέρας

285 2964 445 3019 τοῦτο
470 2964 759 3028 ποιοῦντας
790 2965 851 3017 οὐ
884 2966 1091 3037 σφόδρα
1124 2966 1530 3038 ἐκπλήττονταιο
1555 2966 1959 3036 ἀποπνίγεσθαι

286 3054 345 3106 δέ
376 3071 507 3122 φασι
544 3052 622 3123 τῷ
646 3052 834 3123 θυμῷ,
875 3053 1005 3107 ὅταν
1030 3053 1179 3106 ἴδωσι
1200 3057 1325 3117 τοὺς
1359 3056 1496 3125 μήτε
1524 3055 1788 3126 πατέρας,
1822 3055 1958 3125 μήτε

286 3140 491 3208 φίλους,
527 3141 664 3211 μήτε
686 3142 988 3209 συγγενεῖς,
1012 3142 1148 3212 μήτε
1169 3141 1388 3195 ἄλλοθέν
1411 3142 1572 3195 ποθεν
1594 3143 1955 3212 ἐπιτηδείους,

286 3226 547 3290 πολλάκις
582 3225 640 3279 δὲ
677 3227 771 3280 x01
809 3226 1059 3294 ἀγνῶτας
1090 3227 1250 3292 ὄντας
1289 3232 1402 3292 τοῖς
1441 3228 1743 3299 φιλοσοφεῖν
1772 3233 1959 3301 αἱρου-

292 3314 475 3383 μένοις
498 3313 559 3365 τὸ
588 3312 716 3365 αὐτὸ
737 3312 895 3367 τοῦτο
925 3312 1257 3383 πάσχοντας,
1297 3315 1391 3369 καὶ
1424 3315 1620 3385 μᾶλλον
1648 3317 1755 3370 τῶν
1787 3317 1956 3371 πατέ-

295 3410 406 3464 ρων
434 3396 813 3469 δακνομένους,
845 3399 938 3450 καὶ
966 3398 1361 3470 πολεμοῦντας,
1393 3402 1488 3455 καὶ
1524 3403 1960 3473 κατηγοροῦντας

288 3487 399 3541 τῶν
434 3488 843 3541 ἀναπεισάντων
895 3486 1111 3550 αὐτούς.
1161 3487 1319 3557 Ἐμοὶ
1364 3489 1421 3542 δέ
1462 3491 1774 3544 τούναντίον
1822 3487 1963 3545 εἶναι

287 3576 437 3627 δοκεῖ
460 3572 770 3643 θαυμαστόν
789 3586 840 3624 ι.
864 3575 1003 3637 Τοὺς
1036 3575 1132 3644 μὲν
1150 3574 1260 3645 γάρ
1283 3577 1420 3647 μήτε
1446 3577 1795 3649 κηδεμονίας,
1823 3580 1961 3651 μήτε

291 3662 473 3730 φιλίας
496 3660 717 3731 ἔχοντάς
740 3678 791 3712 τι
814 3660 1104 3731 δικαίωμα,
1128 3662 1279 3715 οὐδὲν
1299 3663 1526 3727 ἀπεικός
1555 3666 1703 3717 ἐστιν
1732 3666 1824 3718 ἐπὶ
1847 3668 1962 3728 τοῖς

288 3749 588 3820 ἀλλοτρίοις
618 3748 804 3815 ἀλγεῖν
844 3747 1099 3815 ἀγαθοῖς,
1131 3748 1208 3819 πὴ
1250 3749 1347 3820 μὲν
1376 3749 1480 3802 ὐπὸ
1517 3750 1813 3820 βασκανίας
1845 3752 1960 3807 ἀλιο

290 3837 625 3907 σκομένους,
671 3836 749 3907 πὴ
782 3836 839 3888 δέ
871 3836 971 3906 τῆς
1023 3837 1229 3901 οἰκείας
1261 3837 1461 3901 κακίας
1508 3838 1607 3909 τὴν
1644 3839 1751 3892 τῶν
1783 3838 1959 3893 ἄλλων

292 3922 572 3977 ἀπώλειαν
594 3921 885 3993 εὐτυχίανὶι
902 3921 1391 3991 εἷναινομίζοντας,
1406 3924 1606 3990 ἀθλίως
1632 3926 1729 3997 μὲν
1750 3926 1963 3981 x0110-

289 4008 616 4082 λαιπώρως,
647 4011 971 4081 νομίζοντας
997 4014 1042 4067 δ’
1070 4010 1164 4069 οὖν
1193 4016 1365 4085 ὅμως
1416 4016 1477 4069 1b
1521 4016 1577 4070 δέ
1609 4019 1735 4081 τούς
1765 4034 1961 4090 γεννη-

294 4098 581 4169 σαμένους,
625 4097 752 4160 τούς
800 4098 1316 4170 ἀναθρεψαμένους,
1364 4103 1493 4166 τοὺς
1554 4103 1677 4157 καθ’
1722 4104 1962 4173 ἑκάστην

291 4184 620 4255 εὐχομένους
664 4184 879 4257 ἡμέραν
915 4186 1381 4257 εὐδοκιμωτέρους
1430 4188 1581 4257 σφῶν
1618 4190 1798 4243 αὐτῶν
1830 4191 1958 4254 τοὺς

295 4272 495 4334 παῖδας
531 4271 680 4334 ἰδεῖν,
735 4274 860 4336 τοὺς
891 4274 1067 4327 πάντα
1098 4274 1187 4326 διὰ
1217 4273 1375 4328 τοῦτο
1415 4276 1512 4330 καὶ
1543 4276 1832 4338 ποιοῦντας
1864 4277 1960 4329 καὶ

291 4359 601 4429 πάσχοντας
620 4377 634 4391 -
670 4359 894 4423 τούτους
919 4360 976 4413 δὲ
1026 4360 1214 4433 ῶσπερ
1247 4362 1310 4415 ἐκ
1335 4379 1480 4425 τινος
1506 4363 1675 4434 μέθης
1701 4364 1960 4435 ἐξαίφνης

298 4445 805 4515 μεταϐαλλομένους
827 4447 1032 4516 ἀλγεῖν,
1051 4450 1143 4502 ἐπὶ
1168 4449 1455 4521 φιλοσοφίᾳ
1480 4451 1588 4505 τῶν
1604 4452 1810 4505 παίδων
1833 4452 1962 4520 ἀγο-

297 4533 478 4604 μένων
515 4534 720 4597 αὐτοῖςο
751 4536 910 4589 τοῦτό
939 4540 1086 4592 ἐστιν
1117 4539 1146 4593 ὃ
1181 4540 1417 4610 μάλιστα
1446 4542 1662 4595 πάντων
1694 4541 1803 4611 ἐγὼ
1833 4542 1963 4595 θαυ-

296 4616 478 4689 μάξω,
510 4620 604 4673 καὶ
640 4621 735 4674 τοῦ
767 4622 943 4675 πάντα
970 4624 1293 4697 διεφθάρθαι
1319 4630 1616 4700 τεκμήριον
1648 4625 1787 4683 εἷναί
1820 4647 1961 4701 φημι

295 4707 502 4761 ἱκανόν.
532 4705 703 4760 Τοῦτο
732 4708 842 4779 γὰρ
870 4709 979 4762 οὐδ’
1008 4711 1101 4762 ἐπὶ
1137 4712 1248 4765 τῶν
1275 4714 1585 4785 ἔμπροσθεν
1614 4717 1821 4788 χρόνων
1849 4718 1961 4787 ἔχοι

290 4810 385 4859 τις
415 4794 480 4848 ἂν
514 4797 877 4865 γεγενημένον
914 4798 1108 4862 εἰπεῖν,
1145 4798 1234 4851 ὅτε
1265 4802 1483 4871 καὶτῆς
1507 4803 1714 4866 πλάνης
1741 4805 1959 4874 ἐκράτει

294 4883 586 4955 λαμπρῶς·
635 4882 749 4935 ἀλλ’
795 4883 1010 4951 ἐγένετο
1057 4885 1157 4956 μὲν
1197 4886 1344 4953 ἅπαξ
1380 4889 1437 4941 ἐν
1482 4891 1743 4960 Ἑλληνίδι
1781 4892 1955 4956 πόλει,

292 4988 558 5044 τυραννον
567 4971 698 5043 μένῃ
718 4972 794 5025 δέ.
811 4972 943 5025 Οὐδὲ
967 4974 1075 5045 γὰρ
1094 4976 1158 5047 δὴ
1174 4976 1290 5030 τότε
1324 4976 1431 5031 τῶν
1456 4979 1658 5047 γονέων
1678 4997 1764 5045 τις
1792 4980 1962 5035 καθά·

294 5077 408 5130 περ
468 5060 584 5123 νῦν,
615 5060 729 5114 ἀλλ’
758 5062 805 5114 οί
846 5061 943 5132 τὴν
971 5062 1268 5134 ἀκρόπολιν
1312 5067 1728 5135 καταλαϐόντες,
1762 5069 1963 5141 μᾶλλον

293 5147 356 5200 δέ
387 5149 507 5203 οὐδέ
537 5143 681 5203 οῦτοι
708 5150 926 5213 πάντες,
955 5150 1091 5203 ἀλλὰ
1129 5155 1223 5207 καὶ
1261 5156 1466 5210 τούτων
1491 5158 1669 5211 αὐτῶν
1698 5161 1725 5214 ὁ
1750 5157 1960 5229 μιαρώ-

293 5251 460 5299 τατος
488 5237 579 5290 τὸν
611 5237 904 5308 Σωκράτην
934 5237 1190 5301 καλέσας,
1226 5243 1445 5297 ἐκέλευε
1466 5245 1574 5298 τῶν
1596 5245 1737 5316 ὑπὲρ
1758 5246 1961 5312 φιλοσο-

295 5320 429 5387 φίας
468 5322 772 5395 ἀποστῆναι
806 5325 997 5395 λόγων.
1031 5327 1172 5379 Ἀλλ’
1207 5328 1412 5395 ἐκεῖνος
1445 5333 1544 5402 μὲν
1575 5333 1668 5386 καὶ
1701 5333 1959 5403 τύραννος

294 5406 395 5457 καὶ
427 5408 654 5474 ἄπιστος
685 5412 779 5465 καὶ
819 5412 967 5484 ὠμὸς
995 5416 1090 5467 καὶ
1114 5414 1201 5467 ἐπ’
1242 5417 1520 5490 ἀνατροπῇ
1555 5421 1651 5491 τῆς
1684 5421 1959 5483 πολιτείας

293 5491 514 5546 ἃπαντα
548 5500 825 5567 πράττων,
853 5502 944 5554 καὶ
981 5505 1091 5565 τοῖς
1116 5502 1414 5573 ἀλλοτρίοις
1447 5508 1723 5577 ἐντρυφῶν
1747 5510 1956 5572 κακοῖς,

292 5580 394 5632 καὶ
418 5580 571 5644 εἰδὼς
594 5585 674 5637 ὅτι
704 5588 980 5642 πολιτείαν
1003 5591 1231 5661 ἀρίστην
1259 5590 1411 5643 οὐδὲν
1443 5593 1632 5664 ἕτερον
1661 5596 1959 5668 ἀνατρέψαι

290 5666 555 5753 δύναται,
587 5668 663 5731 ὡς
701 5673 763 5724 τὸ
806 5675 1049 5729 τοιοῦτον
1095 5678 1393 5747 ἐπίταγμα,
1430 5679 1605 5734 ταῦτα
1637 5666 1951 5753 ἐτόλμησεν·

292 5745 445 5807 οῦτοι
472 5754 529 5807 δὲ
552 5757 755 5822 πιστοὶ,
787 5763 880 5815 καὶ
903 5765 960 5817 ἐν
988 5764 1405 5837 εὐνομουμέναις
1429 5767 1588 5837 δῆθεν
1620 5771 1806 5825 πόλεσι
1834 5770 1962 5836 ζῶν-

291 5860 411 5907 τες,
454 5844 549 5895 καὶ
581 5844 711 5913 περὶ
756 5849 963 5903 παίδων
994 5853 1103 5905 τῶν
1141 5854 1317 5907 αὐτῶν
1352 5853 1743 5926 βουλευόμενοι,
1783 5861 1959 5913 ταῦτα

294 5929 631 6001 φθέγγεσθαι
655 5931 945 6002 τολμῶσιν,
974 5937 1009 5989 ἂ
1043 5941 1171 6009 περὶ
1198 5941 1304 5993 τῶν
1328 5944 1774 6013 τυραννουμένων
1807 5947 1835 6000 ὁ
1867 5946 1961 6000 τύ-

361 6105 389 6183 :
516 6103 626 6180 Say.
649 6110 703 6183 Ml
721 6106 817 6183 du?
838 6120 951 6183 mss;
976 6108 1039 6183 ΑΙι
1063 6110 1179 6159 Mor.
1203 6116 1468 6164 τούίαιτίορ
1492 6119 1588 6166 ἐστὶ
1614 6123 1753 6183 θαυμ.

360 6163 391 6204 δ
416 6167 649 6229 Εὐτυχίαν
675 6168 817 6217 deest
841 6167 889 6218 in
912 6169 1101 6221 duobus
1120 6187 1234 6223 mss.

2062 2107 2271 2162 ραννος,
2296 2091 2391 2144 καὶ
2417 2092 2517 2145 οὐκ
2538 2092 2903 2161 αἰσχύνονταιο
2926 2092 3068 2146 ὥστε
3092 2093 3233 2166 ὐπέρ
3254 2095 3459 2150 τούτων
3484 2096 3688 2167 μᾶλλον
3706 2110 3730 2139 ε

2056 2178 2541 2251 δυσχεραινόντων,
2575 2180 2609 2250 ἦ
2641 2181 2749 2233 τῶν
2782 2179 2957 2235 ἀλλων
3002 2180 3303 2252 θαυμάζειν
3335 2184 3465 2254 χρή.
3506 2187 3618 2239 K01
3646 2187 3736 2241 διὰ

2055 2266 2214 2320 τοῦτο
2240 2267 2336 2321 καὶ
2368 2268 2534 2331 αὐτὸς
2558 2267 2786 2321 ἐκείνων
2822 2269 3114 2340 ἀφέμενος,
3147 2269 3359 2334 τούτοις
3390 2269 3471 2335 οἷς
3502 2274 3735 2343 μάλιστα

2060 2354 2212 2423 μέλει
2239 2354 2349 2407 τῶν
2375 2354 2603 2417 παίδων,
2650 2355 2852 2425 μᾶλλον
2878 2355 2935 2409 δὲ
2970 2351 3053 2419 οἷς
3082 2357 3265 2427 μέλειν
3297 2359 3394 2430 μὲν
3420 2359 3549 2424 ἔδει,
3581 2361 3736 2432 μέλει

2056 2438 2114 2492 δὲ
2154 2439 2429 2509 οὐδαμῶς,
2465 2440 2785 2511 διαλέξομαι
2827 2442 3119 2513 προσηνῶς
3143 2445 3240 2497 καὶ
3287 2448 3403 2515 μετ’
3433 2447 3737 2512 ἐπιεικείας

2058 2525 2279 2596 πολλῆς,
2304 2526 2418 2598 [58]
2437 2526 2692 2582 τοσοῦτον
2717 2528 2920 2592 αὐτοὺς
2937 2532 3417 2602 παραιτησάμενος
3442 2534 3516 2603 μὴ
3544 2534 3738 2605 δυσχε-

2061 2614 2286 2686 ραίνειν,
2319 2614 2455 2685 μηδὲ
2471 2615 2817 2683 ἀγανακτεῖν,
2831 2616 2885 2669 ετ
2898 2632 2983 2679 τις
3002 2616 3064 2670 τὸ
3089 2616 3366 2682 λυσιτελὲς
3382 2622 3496 2683 τοῖς
3516 2620 3740 2673 ἐκείνων

2056 2702 2214 2755 παισὶ
2237 2702 2441 2772 μᾶλλον
2466 2702 2646 2757 αὐτῶν
2675 2702 2905 2757 ἐκείνων
2931 2704 3131 2758 ειδέναι
3158 2704 3310 2774 λέγοι
3322 2705 3372 2759 ἀ.
3401 2707 3475 2760 Οὐ
3509 2707 3617 2779 γάρ
3637 2708 3739 2779 ἀρ-

2055 2791 2145 2842 κεῖ
2172 2790 2235 2843 τὺ
2276 2791 2501 2859 σπεῖραι
2542 2788 2711 2843 παῖδα
2748 2788 2887 2860 πρὸς
2924 2789 2989 2842 τὸ
3038 2792 3315 2863 συμφέρον
3351 2803 3376 2833 ο
3408 2792 3504 2846 τὸν
3542 2811 3743 2865 γεννη-

2057 2876 2219 2931 θέντα
2241 2876 2447 2943 διδάξαι
2473 2876 2565 2930 τὸν
2579 2893 2741 2947 γεννη
2750 2876 3154 2948 σάμενον,⁹ἀλλὰ
3181 2879 3319 2949 πρὸς
3351 2879 3448 2950 μὲν
3463 2880 3563 2949 τὴν
3583 2880 3739 2949 φιλο-

2058 2964 2314 3035 στοργίαν
2377 2962 2471 3018 τοῦ
2512 2963 2800 3034 τεχθέντος
2865 2964 3080 3034 μεγάλα
3108 2966 3175 3020 ἀν
3199 2965 3361 3020 τοῦτο
3390 2966 3737 3038 συμϐάλοιτο,

2058 3051 2194 3122 πρὸς
2222 3051 2281 3104 δὲ
2314 3050 2375 3105 1b
2408 3051 2602 3121 μαθεῖν
2632 3051 2799 3104 αὐτοῦ
2829 3050 2892 3104 1b
2922 3051 3199 3117 λυσιτελὲς
3227 3053 3492 3125 ἀκριϐῶς,
3519 3053 3643 3107 οὐτε
3677 3055 3744 3108 1b

2060 3137 2307 3209 σπείρειν
2335 3136 2460 3191 οὐτε
2485 3138 2546 3191 1b
2575 3138 2749 3208 φιλεῖν
2782 3137 3069 3210 ἀρκέσειεν
3090 3138 3176 3195 ἀν.
3211 3139 3367 3193 Ἐπεὶ
3390 3143 3438 3195 εί
3470 3140 3629 3196 τοῦτο
3648 3137 3738 3213 ἦν,

2056 3224 2247 3279 οὐδένα
2269 3224 2367 3279 ἀνθ
2377 3224 2575 3297 ρώπων
2591 3224 2799 3298 πατρὸς
2825 3225 3027 3296 μᾶλλον
3046 3226 3107 3280 1b
3121 3227 3392 3299 χρήσιμον
3414 3228 3584 3298 ἐχρῆν
3607 3230 3742 3301 ὀρᾷν

2055 3309 2134 3381 τῷ
2164 3311 2347 3375 παιδὶ,
2383 3311 2571 3383 ἐπειδὴ
2612 3313 2751 3384 μήτε
2783 3312 2957 3382 φιλεῖν
2988 3313 3190 3383 μᾶλλον
3228 3314 3397 3368 αὐτοῦ
3431 3314 3539 3368 τῶν
3565 3315 3743 3370 ἄλλων

2064 3398 2280 3452 δύναιτό
2320 3416 2406 3462 τις
2437 3398 2644 3453 τοῦτον·
2684 3399 2779 3453 νῦν
2815 3400 2874 3453 δὲ
2907 3399 3003 3453 καὶ
3033 3399 3188 3453 αὐτοὶ
3217 3401 3267 3453 οἱ
3296 3401 3533 3472 πατέρες
3568 3402 3637 3456 δι’
3666 3396 3743 3459 ὧν

2067 3484 2313 3538 ποιοῦσιν
2344 3485 2666 3556 ὁμολογοῦσι
2702 3485 2864 3539 τοῦτο
2899 3486 3134 3555 ἀγνοεῖν,
3169 3487 3294 3541 ὅταν
3324 3487 3462 3560 πρὸς
3490 3488 3742 3544 διδασκά-

2066 3571 2190 3635 λους
2231 3571 2435 3642 ἄγωσιν
2475 3569 2521 3637 ί,
2564 3573 2691 3627 ὅταν
2744 3572 3119 3641 παιδαγωγοῖς
3156 3572 3561 3645 ἐγχειρίζωσιν,
3613 3575 3743 3630 ὅταν

2068 3658 2298 3730 μυρίους
2324 3658 2793 3732 παραλαμϐάνωσι
2816 3659 3153 3729 συμϐούλους
3170 3699 3186 3724 ,
3219 3662 3347 3731 περὶ
3373 3661 3469 3731 τῆς
3497 3660 3590 3714 τοῦ
3624 3660 3741 3732 βίου

2065 3747 2465 3819 προαιρέσεως,
2494 3750 2578 3818 ἐφ’
2607 3749 2673 3819 ἢν
2698 3748 2789 3801 τὸν
2819 3748 2980 3801 παῖδα
3010 3748 3167 3817 άγειν
3204 3749 3305 3815 δεῖ,
3337 3749 3739 3821 βουλευόμενοι.

2065 3834 2176 3888 K01
2206 3834 2265 3887 οὐ
2301 3832 2457 3887 τοῦτό
2496 3852 2583 3888 πω
2618 3834 2953 3906 θαυμαστὸν,
2984 3834 3097 3889 ἀλλ’
3125 3836 3208 3889 ὅτι
3238 3836 3504 3901 πολλάκις
3547 3837 3740 3907 βουλῆς

2065 3922 2378 3993 γινομένης,
2404 3920 2504 3994 τὴν
2530 3921 2710 3975 αὐτῶν
2734 3919 3142 3993 άκυρὼσαντες,
3163 3921 3261 3994 τὴν
3286 3922 3488 3995 ἐτέρων
3508 3923 3743 3995 ἔστησαν

2068 4009 2210 4081 ὑπὲρ
2234 4008 2341 4064 τῶν
2371 4009 2588 4063 οἰκείων
2617 4009 2993 4079 βουλευόμενοι
3017 4010 3241 4064 παίδων.
3271 4010 3363 4081 Μὴ
3388 4011 3568 4065 τοίνυν
3606 4013 3743 4084 μηδὲ

2069 4098 2205 4167 πρὸς
2231 4098 2379 4167 ἡμᾶς
2400 4096 2677 4168 δυσχερῶς
2704 4096 2999 4166 ἐχέτωσαν,
3032 4098 3081 4150 εί
3104 4097 3357 4168 λέγοιμεν
3377 4100 3440 4152 1b
3464 4100 3740 4171 συμφέρον

2064 4183 2248 4246 αὐτοῖς
2279 4183 2477 4237 είδέναι
2508 4184 2728 4253 μᾶλλον·
2758 4183 2875 4237 ἀλλ’
2898 4185 2947 4236 εί
2979 4184 3054 4256 μὴ
3084 4183 3175 4237 διὰ
3205 4185 3317 4238 τῶν
3337 4185 3511 4254 λόγων
3528 4185 3741 4240 ἀποδεί-

2064 4268 2278 4339 ξαιμεν,
2312 4270 2435 4323 τότε
2463 4275 2791 4342 κατηγορεῖν
2818 4273 2865 4336 ε,
2895 4270 3017 4324 τότε
3042 4272 3348 4327 διαϐάλλειν
3374 4274 3451 4338 ὡς
3476 4275 3739 4339 ἀλαζόνας

2066 4359 2228 4422 ὄντας
2263 4360 2359 4412 καὶ
2402 4360 2687 4432 λυμεῶνας
2718 4360 2812 4414 καὶ
2843 4360 2944 4430 τῆς
2974 4360 3185 4428 φύσεως
3226 4362 3448 4433 ἀπάσης
3484 4362 3734 4433 ἐχθρούς.

2140 4446 2209 4517 β’.
2230 4448 2357 4510 Πῶς
2371 4443 2464 4501 οὖν
2476 4448 2633 4501 τοῦτο
2644 4448 2791 4500 ἔσται
2804 4447 2962 4517 δῆλον
2982 4447 3073 4501 καὶ
3090 4446 3255 4500 πόθεν
3272 4448 3621 4519 εἰσόμεθατίς
3639 4451 3737 4521 μὲν

2066 4536 2095 4589 ὁ
2110 4535 2171 4588 1b
2194 4534 2468 4604 συμφέρον
2487 4535 2656 4598 ὅντως
2679 4534 2841 4607 ὀρῶν,
2865 4534 2948 4598 τίς
2975 4535 3033 4588 δέ
3056 4536 3085 4588 ό
3106 4535 3281 4589 δοκῶν
3307 4538 3405 4607 μὲν
3424 4539 3578 4610 ὁρᾷν,
3595 4539 3737 4609 ὁρῶν

2065 4620 2121 4673 δὲ
2154 4620 2435 4689 οὐδαμῶς;
2471 4621 2567 4673 Ἂν
2592 4620 2721 4684 τοὺς
2752 4621 2882 4692 παρ’
2908 4620 3045 4692 ἐμοῦ
3073 4620 3267 4691 λόγους
3296 4624 3546 4697 καθάπερ
3585 4627 3735 4690 τινὰς

2065 4707 2473 4775 ἀνταγωνιστάς
2513 4708 2594 4772 εἰς
2644 4708 2893 4774 ἐξέτασιν
2935 4710 3180 4764 κατιέναι
3223 4715 3734 4781 καταναγκάσαντες

2064 4794 2160 4847 καὶ
2190 4795 2597 4867 συμπλακῆναι,
2630 4796 2757 4867 περὶ
2787 4796 2994 4850 τούτων
3019 4796 3339 4862 ἀδεκάστοις
3370 4803 3583 4870 κριταῖς
3612 4803 3733 4856 ἐπι-

2063 4880 2356 4953 τρέφωμεν
2391 4883 2490 4953 τὴν
2532 4881 2791 4947 ἐξέτασιν.
2831 4883 2889 4935 '0
2929 4883 3029 4953 μὲν
3060 4879 3155 4937 οὖν
3188 4884 3286 4939 τοῦ
3324 4886 3535 4955 ἀγῶνος
3569 4889 3731 4961 νόμος

2066 4969 2204 5042 πρὸς
2231 4970 2317 5023 τὸν
2344 4970 2662 5043 Χριστιανὸν
2688 4969 3017 5024 ἀποδύεσθαι
3048 4972 3283 5035 κελεύει,
3310 4976 3404 5028 καὶ
3427 4976 3563 5047 «pb;
3587 4979 3730 5031 Exst-

2068 5075 2155 5110 νον
2181 5055 2540 5124 ἀγωνίζεσθαι
2572 5057 2729 5128 μόνον
2751 5055 2803 5122 ιι,
2834 5059 2929 5111 καὶ
2959 5058 3141 5113 πλεῖον
3173 5060 3325 5115 οὐδὲν
3353 5062 3574 5117 ἀπαιτεῖ
3599 5066 3729 5135 παρ’

2066 5143 2240 5213 ἡμῶν.
2290 5143 2352 5196 Τί
2379 5143 2488 5213 γάρ
2516 5162 2616 5213 μοι
2643 5145 2743 5198 καὶ
2785 5145 2928 5213 τοὺς
2955 5145 3070 5211 ἕξω
3108 5149 3371 5217 κρίνειν;
3401 5150 3430 5201 ό
3460 5150 3729 5222 μακάριος

2064 5229 2275 5293 Παῦλός
2301 5248 2487 5302 φησιν.
2508 5233 2649 5286 Ἀλλ’
2674 5234 2862 5305 ἐπειδὴ
2894 5234 3183 5305 συμϐαίνει
3214 5236 3441 5300 πολλοὺς
3475 5238 3570 5291 καὶ
3601 5239 3728 5293 ἀπί-

2066 5333 2223 5381 στους
2245 5317 2383 5373 εἶναι
2405 5320 2512 5373 τῶν
2538 5321 2674 5392 πρὸς
2698 5321 2788 5375 τὸν
2811 5322 3039 5391 οὐρανὸν
3066 5321 3372 5393 ἑλκομένων
3398 5325 3603 5380 παίδων
3626 5345 3729 5381 πα-

2064 5405 2259 5476 τέραςο
2292 5407 2469 5460 καίτοι
2502 5425 2566 5476 γε
2598 5407 2689 5461 τοῦ
2723 5409 2887 5477 νόμου
2918 5407 3025 5460 τῶν
3064 5409 3288 5475 ἀγώνων
3314 5410 3562 5479 ἀφιέντος
3582 5416 3727 5484 ἡμᾶς

2063 5492 2163 5562 τῆς
2193 5494 2330 5565 πρὸς
2361 5494 2583 5558 τούτους
2620 5495 2798 5565 μάχης
2819 5535 2833 5557 ,
2864 5495 3081 5558 ἐκόντες
3110 5496 3263 5548 αὐτοὶ
3302 5500 3397 5551 καὶ
3428 5501 3565 5569 μετά
3594 5520 3728 5572 προ-

2065 5580 2263 5654 θυμίας
2288 5582 2382 5637 καὶ
2402 5583 2537 5655 πρὸς
2557 5582 2779 5646 τούτους
2798 5582 3179 5654 ἀποδυσόμεθα
3193 5583 3463 5655 πρώτους.
3488 5588 3596 5643 Καὶ
3616 5590 3727 5643 εἴθε

2129 5759 2151 5821 ς
2179 5757 2258 5821 Sic
2279 5769 2451 5806 omnes
2472 5761 2653 5818 praeter
2674 5756 2795 5821 Mor.
2821 5759 2905 5819 qui
2928 5756 3079 5821 habet
3107 5758 3330 5821 μάλιστα.

2064 5818 2153 5926 γᾶ
2177 5818 2269 5929 Sig:
2282 5821 2585 5868 cnrreximus
2608 5833 2639 5869 e
2664 5818 2856 5869 duobus
2875 5834 2989 5869 mss.
3013 5818 3132 5869 Μοιί
3164 5827 3217 5870 ει
3238 5819 3405 5871 Monlf.
3425 5821 3536 5884 λέγῃ
3554 5858 3568 5882 ,
3612 5821 3725 5872 Sav.

2084 5897 2203 5929 .εγει.
2274 5895 2365 5928 Dl'l'.

2084 5897 2203 5928 .εγει.
2235 5895 2365 5928 bDl'l'.

2094 5897 2459 5991 εἴεζὶἓῗίττρι.
2498 5942 2609 5991 Sav.
2635 5944 2800 5998 παῖδα,
2824 5944 2905 5991 καὶ
2928 5944 2981 5991 τὸ
3001 5944 3365 6005 συμφῲοηθῐε.
3390 5943 3501 5994 Ι)υο
3518 5945 3730 5995 mss-X41

2063 6004 2119 6051 τὸ
2139 6005 2383 6067 ’συμφέρον
2406 6005 2474 6062 τῶ
2498 6006 2756 6064 γεννηθέντι
2780 6006 2960 6061 διδάξαι
2979 6004 3444 6067 τὸννφυτευσοὶμενον.

2135 6064 2152 6101 ί
2184 6064 2291 6112 Ι)υο
2310 6064 2427 6111 ἠιθς.
2457 6067 2691 6126 ἀγάγωσι.

2132 6129 2154 6163 F
2184 6128 2366 6186 ςυριιιρ
2393 6128 2479 6174 δ;ῖ.
2509 6129 2643 6176 Ειιιτ.

2124 6186 2153 6225 h
2184 6188 2261 6235 Sic
2291 6187 2400 6237 επ.
2426 6194 2475 6237 ct
2502 6190 2599 6239 duo
2618 6203 2731 6239 mss.
2760 6192 2823 6241 Λι
2845 6190 2943 6240 Mor
2984 6191 3286 6250 ἀ·,τνολίς;ο’)αι
3311 6191 3500 6252 patrm,
