4506 6740
774 540 887 597 535

755 659 895 730 πρὸς
918 653 1143 717 τούτους
1173 652 1334 724 μόνον
1375 646 1443 720 ἦν
1476 648 1635 721 ἡμῶν
1664 651 1693 703 6
1732 648 1903 718 ἀγὼν,
1936 650 2111 702 καίτοι
2153 663 2220 715 γε
2250 646 2441 730 δυσχε-

756 728 1014 813 ρέστερός
1035 739 1094 791 τέ
1114 739 1248 795 ἐστι,
1276 734 1371 787 καὶ
1395 732 1649 797 πλείονας
1674 733 1785 804 ἔχει
1806 732 1975 793 λαϐάς
1994 749 2006 761 ο
2040 730 2309 798 Ψυχικός
2330 728 2440 799 γὰρ

754 824 1067 892 ἄνθρωπος
1094 822 1166 873 οὐ
1198 818 1435 887 δέχεται
1468 817 1545 870 τὰ
1572 816 1681 871 τοῦ
1716 816 2079 882 Πνεύματος·
2111 814 2303 883 μωρία
2328 813 2436 881 γὰρ

754 905 916 971 αὐτῷ
944 907 1096 959 ἐστι·
1128 902 1225 956 καὶ⁸
1254 900 1544 972 συμϐαίνει
1575 900 1794 961 ταυτὸν,
1830 893 1944 950 οἷον
1973 897 2041 950 ἂν
2070 900 2123 951 εί
2155 914 2239 960 τις
2278 895 2436 965 βασι-

755 990 905 1054 λείας
940 989 1074 1060 ἐρᾷν
1099 988 1265 1059 πείθῃ
1295 987 1387 1039 τὸν
1422 985 1522 1037 οὐκ
1549 981 1806 1035 ἐθέλοντα
1832 980 2122 1052 πεισθῆναι
2148 980 2434 1051 πρότερον,

753 1076 837 1129 δτι
875 1073 939 1126 τδ
974 1074 1208 1143 πρᾶγμα
1242 1068 1568 1138 ὑφέστηκεν.
1606 1065 1748 1120 Ἀλλ’
1797 1067 1949 1136 ὅμως
1997 1065 2095 1119 καὶ
2140 1064 2315 1125 οὕτως
2355 1063 2437 1126 είς

754 1157 943 1212 στενὸν
965 1158 1098 1227 ἡμῖν
1124 1151 1680 1223 κατακεκλεισμένων
1698 1150 1808 1205 τῶν
1827 1151 2025 1219 λόγων,
2055 1150 2193 1222 πρὸς
2213 1147 2437 1210 τούτους

753 1242 997 1312 ἠθέλησα
1022 1240 1090 1294 ἀν
1122 1238 1319 1308 μόνους
1342 1236 1436 1292 τὸν
1467 1237 1659 1307 ἀγῶνά
1685 1254 1778 1305 μοι
1802 1236 2058 1305 γενέσθαι
2086 1233 2293 1287 τοῦτον.
2312 1232 2437 1283 Ἐπὶ

758 1325 855 1395 μὲν
877 1322 986 1393 γάρ
1004 1321 1100 1375 τοῦ
1131 1321 1327 1375 πιστοῦ
1353 1320 1525 1374 πολλά
1549 1321 1649 1390 μὲν
1674 1323 1809 1390 ἡμῖν
1831 1320 1901 1371 τά
1923 1317 2287 1387 δικαιώματα,
2319 1314 2437 1368 ἀλλ’

752 1408 902 1477 ὅμως
920 1405 1019 1478 τὴν
1048 1406 1114 1459 ἐκ
1140 1406 1239 1473 τῆς
1263 1404 1371 1457 τῶν
1393 1403 1616 1455 δικαίων
1645 1403 1965 1473 περιουσίας
1991 1401 2187 1472 ἡδονὴν
2210 1399 2437 1452 συσκιά-

752 1489 836 1556 ζει
865 1490 970 1560 τῆς
1000 1488 1259 1559 αἰσχύνης
1293 1488 1326 1557 ἡ
1359 1486 1657 1557 ὑπερϐολή.
1683 1487 2020 1555 Αἰσχύνομαι
2044 1485 2155 1557 γάρ
2179 1488 2309 1538 ὅταν
2337 1484 2435 1537 καὶ

752 1573 891 1645 πρὸς
922 1574 1129 1624 ἐκεῖνον
1160 1570 1300 1638 ὐπέρ
1331 1568 1537 1621 τούτων
1579 1567 1963 1622 άποτείνεσθαι
2009 1567 2434 1637 ἀναγκάζωμαι,

752 1656 847 1711 καὶ
872 1655 1090 1709 δέδοικα
1131 1653 1207 1723 μὴ
1240 1650 1398 1704 τοῦτό
1431 1667 1524 1722 μοι
1573 1650 1736 1721 μόνον
1768 1652 1798 1705 6
1837 1649 2039 1721 Ἕλλην
2066 1650 2319 1720 ἔγκλημα
2357 1649 2435 1701 δίο

753 1755 906 1794 καιον
933 1738 1048 1809 ἔχοι
1066 1735 1471 1808 προϐάλλεσθαι
1500 1746 1551 1775 ι·
1586 1735 1709 1788 ἐπεὶ
1736 1737 1848 1797 τοῖς
1874 1751 1939 1802 γε
1970 1734 2152 1796 ἄλλοις
2178 1732 2340 1809 αὐτὸν
2364 1732 2429 1801 τῇ

750 1819 845 1873 τοῦ
866 1807 1004 1874 Θεοῦ
1033 1807 1217 1891 χάριτι
1244 1818 1443 1889 ῥᾳδίως
1476 1817 1799 1886 αἱρήσομεν,
1830 1816 1933 1869 κᾶν
1961 1813 2260 1884 εὐγνώμων
2290 1807 2431 1865 εἶναι

752 1900 928 1955 ἐθέλοι
948 1941 963 1963 ,
1000 1902 1209 1971 ταχέως
1241 1899 1403 1952 αὐτὸν
1429 1899 1490 1950 ού
1523 1898 1659 1968 πρὸς
1690 1898 1783 1950 τὸν
1814 1895 1928 1968 [59]
1964 1895 2144 1955 ἔρωτα
2166 1893 2275 1947 ’τοῦ
2314 1893 2429 1963 βίου

747 1985 940 2039 τούτου
975 1985 1388 2055 μεταστήσομεν
1429 1979 1610 2051 μόνον,
1641 1979 1779 2033 ἀλλά
1816 1980 1913 2033 καὶ
1944 1978 2082 2051 πρὸς
2121 1977 2293 2048 αὐτὴν
2320 1977 2430 2029 τῶν

747 2065 1033 2137 δογμάτων
1051 2064 1152 2135 τὴν
1174 2062 1494 2133 ἐπιθυμίαν,
1517 2064 1608 2132 ἀφ’
1628 2058 1696 2134 ἦς
1719 2064 1749 2115 6
1772 2061 1887 2131 βίος
1912 2061 2025 2132 ἐχει
2049 2061 2148 2132 τὴν
2171 2059 2428 2114 ὑπόθεσιν

745 2144 926 2217 οὗτος.
965 2149 1236 2203 Τοσοῦτον
1263 2146 1372 2219 γάρ
1402 2147 1592 2216 ἀπέχω
1636 2144 1939 2215 φοϐηθῆναι
1968 2145 2059 2198 τὸν
2100 2144 2236 2215 πρὸς
2262 2142 2426 2195 αὐτὸν

744 2234 955 2302 ἀγῶνα,
977 2234 1061 2286 ὅτι
1084 2231 1181 2285 καὶ
1195 2229 1573 2301 χαλεπώτερον
1592 2228 1755 2282 αὐτὸν
1780 2228 2049 2299 πρότερον
2073 2226 2428 2296 καταστήσας

743 2318 822 2388 τῷ
846 2317 1011 2386 λόγῳ,
1044 2314 1222 2377 οὕτως
1253 2311 1463 2381 ᾶψομαι
1484 2312 1595 2365 τῶν
1619 2311 2036 2381 παλαισμάτων.
2069 2308 2286 2362 Κείσθω
2317 2307 2428 2377 γάρ

746 2399 823 2472 μὴ
875 2400 1035 2471 μόνον
1062 2396 1306 2466 Ἕλληνα
1335 2391 1475 2449 εἶναι
1520 2395 1711 2449 τοῦτον
1754 2394 1847 2448 τὸν
1884 2393 2128 2463 πατέρα,
2159 2389 2300 2445 ἀλλά
2332 2392 2428 2445 καὶ

743 2482 1003 2537 πλούσιον
1038 2480 1181 2550 ὐπέρ
1213 2477 1422 2541 πάντας
1448 2476 1771 2547 ἀνθρώπους
1802 2477 1899 2531 καὶ
1930 2474 2297 2536 ἀπόϐλεπτον,
2328 2475 2425 2528 καὶ

740 2567 803 2623 ἐν
826 2563 1118 2635 δυναστείᾳ
1141 2561 1473 2617 καθεστάναι
1492 2561 1721 2632 μεγάλῃ.
1740 2560 1838 2613 καὶ
1854 2558 2079 2622 πολλοὺς
2098 2560 2199 2628 μὲν
2217 2558 2425 2630 ἀγροὺς

740 2650 937 2723 ἐχέτω,
984 2646 1184 2710 πολλάς
1232 2646 1289 2699 δὲ
1333 2645 1534 2708 οίκίας,
1582 2644 1751 2715 μυρία
1788 2644 1846 2697 δέ
1884 2643 2109 2715 χρυσίου
2160 2643 2421 2698 τάλαντα·

742 2735 884 2789 ἐστω
899 2733 958 2786 δὲ
986 2734 1082 2786 καὶ
1108 2729 1365 2801 πατρίδος
1384 2728 1487 2797 τῆς
1517 2727 1973 2798 βασιλικωτάτης,
1993 2727 2089 2782 καὶ
2114 2727 2307 2797 γένους
2329 2727 2424 2780 τοῦ

742 2814 1234 2891 περιφανεστάτου,
1264 2811 1358 2864 καὶ
1390 2811 1529 2881 μήτε
1561 2810 1733 2879 ἐχέτω
1774 2809 1970 2873 παῖδας
2008 2811 2253 2881 ἐτέρους,
2286 2811 2423 2879 μήτε

739 2900 885 2965 ῑξειν
899 2894 1170 2959 ἐλπιζέτω
1191 2893 1285 2947 τοῦ
1301 2892 1512 2954 λοιποῦ,
1531 2892 1648 2944 ἀλλ’
1665 2894 1724 2945 ἐν
1742 2891 1919 2964 τούτῳ
1941 2893 2215 2947 σαλευέτω
2238 2893 2420 2963 μόνον’

740 2983 881 3037 ἐστω
903 2980 961 3034 δέ
990 2980 1085 3034 καὶ
1111 2978 1275 3040 αὐτὸς
1295 2968 1451 3038 οὗτος
1477 2977 1535 3027 ἐν
1564 2975 1747 3029 ἐλπίσι
1772 2980 2060 3048 χρησταῖς,
2087 2976 2183 3031 καὶ
2208 2977 2424 3048 ταχέως

742 3066 837 3119 ἐπὶ
873 3063 974 3135 τὴν
1016 3061 1186 3131 αὐτὴν
1238 3059 1414 3131 ἀρχὴν
1461 3059 1835 3130 ἀναϐήσεσθαι
1864 3060 2277 3131 προσδοκάσθω,
2327 3064 2424 3115 καὶ

740 3146 1123 3219 λαμπρότερον
1149 3144 1180 3185 δ
1200 3136 1368 3197 αὐτοῦ
1396 3144 1755 3215 φανήσεσθαι,
1784 3144 1877 3198 καὶ
1902 3147 2068 3198 πᾶσιν
2095 3145 2259 3199 αὐτὸν
2287 3145 2422 3199 ἀπο-

741 3232 974 3306 κρύψειν
1000 3232 1113 3292 τοῖς
1147 3228 1443 3299 βιωτικοῖς·
1484 3224 1603 3282 εἶτα
1631 3230 1689 3282 ἐν
1724 3230 1875 3300 μέσῳ
1902 3229 2011 3283 τῶν
2041 3231 2275 3285 ἐλπίδων
2299 3230 2424 3285 τού-

738 3334 849 3370 των
876 3311 1265 3386 προσερχέσθω
1288 3329 1394 3376 τις,
1418 3312 1513 3365 καὶ
1533 3312 1869 3381 διαλεγέσθω
1889 3314 2018 3383 περὶ
2038 3312 2247 3385 ταύτης
2272 3314 2422 3385 αὐτῷ

739 3399 842 3469 τῆς
886 3394 1229 3466 φιλοσοφίας,
1277 3396 1370 3447 καὶ
1409 3393 1643 3448 πειθέτω
1672 3396 1890 3448 πάντων
1920 3396 2149 3450 ἐκείνων
2187 3413 2422 3465 καταγε-

739 3482 983 3535 λάσαντα
1028 3476 1419 3548 περιϐαλέσθαι
1465 3478 1682 3547 ἱμάτιον
1733 3478 1914 3550 ἁδρὸν,
1969 3480 2065 3532 καὶ
2118 3480 2219 3550 τὴν
2267 3480 2421 3534 πόλιν

738 3565 946 3633 ἀφέντα
967 3560 1105 3631 «pb;
1122 3560 1183 3613 τὸ
1201 3559 1327 3628 ὅρος
1352 3562 1565 3628 φυγεῖν,
1594 3560 1686 3613 καὶ
1712 3559 1963 3629 φυτεύειν
1984 3563 2104 3614 ἐκεῖ
2127 3563 2223 3616 καὶ
2239 3562 2422 3633 ἄρδειν

740 3640 837 3702 καὶ
863 3645 1203 3718 ὑδροφορεῖν,
1244 3645 1340 3697 καὶ
1367 3644 1435 3696 τὰ
1460 3643 1595 3698 ἄλλα
1625 3642 1689 3714 δὴ
1726 3644 1903 3699 πάντα
1930 3644 1999 3698 τά
2026 3644 2137 3700 τῶν
2170 3645 2421 3716 μοναχῶν

740 3732 939 3793 ποιεῖν,
980 3726 1051 3781 τά
1095 3726 1357 3781 δοκοῦντα
1386 3722 1524 3780 εἶναι
1566 3727 1662 3779 καὶ
1691 3726 1884 3799 εὐτελῆ
1917 3729 2013 3783 καὶ
2058 3729 2418 3783 ἐπονείδιστασ

740 3810 884 3865 ιστω
909 3810 966 3864 δέ
992 3810 1087 3863 καὶ
1120 3810 1467 3872 ἀνυπόδετος,
1492 3810 1586 3862 καὶ
1612 3811 1789 3880 χαμαὶ
1817 3810 2147 3874 καθευδέτω,
2176 3813 2421 3881 γενέσθω

741 3893 801 3949 δὲ
830 3894 925 3947 καὶ
958 3893 1156 3955 λεπτὸς
1202 3893 1299 3944 καὶ
1326 3892 1504 3962 ὠχρὸς
1540 3894 1569 3944 6
1618 3893 1783 3956 καλὸς
1810 3895 2025 3957 νεανίας
2072 3892 2247 3959 οὗτος,
2290 3897 2320 3948 ὁ
2361 3898 2420 3949 ἐν

740 3976 983 4050 τοσαύτῃ
1012 3978 1190 4047 τρυφῇ
1238 3976 1335 4028 καὶ
1370 3976 1503 4045 τιμῇ
1536 3974 1814 4034 διατελῶν.
1849 3979 1943 4030 καὶ¹
1973 3977 2231 4042 τοιαύτας
2281 3977 2420 4049 ἔχων

742 4058 991 4122 ἐλπίδας,
1014 4058 1110 4110 καὶ
1136 4059 1242 4110 τῶν
1264 4056 1490 4110 οἰκετῶν
1514 4056 1622 4111 τῶν
1639 4058 1834 4112 ἐαυτοῦ
1862 4060 2251 4131 εὐτελεστέραν
2271 4077 2337 4113 πε
2348 4078 2420 4131 ρι-

741 4140 947 4195 κείσθω
973 4139 1188 4209 στολήνο
1224 4134 1333 4208 ἆρα
1360 4138 1549 4201 ἱκανὰς
1583 4137 1863 4209 ἐδώκαμεν
1892 4140 1968 4211 τῷ
1999 4142 2292 4213 κατηγόρῳ
2319 4142 2415 4205 τάς

740 4223 931 4287 λαϐάς,
962 4222 1058 4276 καὶ
1080 4220 1394 4291 ἀρκούντως
1425 4220 1838 4291 συνεπλάσαμεν
1866 4223 1958 4275 τὸν
1987 4225 2416 4295 ἁνταγωνιστήνς

744 4308 803 4361 El
834 4307 891 4361 δὲ
925 4306 1001 4378 μὴ
1029 4303 1363 4377 ἀρκούντως,
1402 4304 1494 4355 καὶ
1516 4302 1710 4374 ἐτέρας
1734 4302 1882 4373 αὐτῷ
1910 4304 2218 4376 παρέξομεν
2239 4318 2260 4345 ε
2288 4324 2421 4377 προ-

740 4392 953 4461 φάσεις.
970 4388 1125 4443 Μετά
1149 4387 1258 4459 γὰρ
1287 4385 1495 4440 τούτων
1518 4388 1613 4439 καὶ
1640 4387 1818 4441 πάντα
1842 4389 2061 4442 κινείτω
2083 4390 2153 4443 τά
2184 4393 2421 4461 μηχανή-

744 4489 892 4546 ματα
930 4472 1067 4542 «pb;
1096 4472 1159 4524 τὸ
1200 4474 1525 4540 μεταπεῖσαι
1568 4470 1660 4523 τὸν
1718 4469 1852 4536 υίὸν,
1907 4472 2003 4525 καὶ
2060 4472 2241 4526 πάντα
2272 4474 2417 4543 εἰκῆ,

740 4555 995 4626 καθάπερ
1022 4554 1115 4606 ἐπὶ
1146 4553 1351 4623 πέτρας
1390 4552 1620 4616 ἐστῶτος
1639 4552 1803 4607 αὐτοῦ
1831 4553 1926 4606 τοῦ
1954 4553 2166 4619 παιδὸς,
2185 4554 2280 4607 καὶ
2311 4554 2421 4607 τῶν

741 4636 1006 4709 ποταμῶν
1046 4636 1137 4689 καὶ
1170 4634 1262 4689 τοῦ
1303 4632 1457 4687 ὑετοῦ
1500 4637 1594 4687 καὶ
1634 4634 1741 4687 τῶν
1782 4637 2109 4706 πνευμάτων
2143 4637 2417 4709 ἀνωτέρου

742 4720 1055 4792 γινομένουο
1100 4716 1367 4789 θρηνείτω
1395 4717 1452 4771 δὲ
1480 4718 1509 4770 6
1539 4716 1812 4782 τοιοῦτος,
1846 4719 1940 4771 καὶ
1966 4720 2285 4787 προϐαλέτω
2322 4722 2418 4775 δά-

744 4822 909 4877 κρυα,
938 4804 1077 4858 ὥστε
1111 4802 1311 4873 μᾶλλον
1338 4801 1619 4873 ἐμπρῆσαι
1651 4800 1745 4853 τὸν
1772 4800 1898 4854 καθ’
1926 4801 2083 4873 ἡμῶν
2108 4802 2298 4874 θυμὸν.
2324 4806 2417 4859 καὶ

745 4887 885 4959 πρὸς
911 4887 1118 4950 πάντας
1142 4884 1366 4938 τοιαῦτα
1389 4884 1766 4955 κατηγορείτω
1790 4885 2032 4955 συνεχῶς
2052 4886 2415 4957 ἐντυγχάνων.

758 4970 1078 5040 Ἐφύτευσα,
1108 4966 1335 5038 ἔθρεψα,
1366 4966 1817 5040 ἐταλαιπωρήθην
1839 4969 1928 5023 διά
1957 4970 2141 5040 πάσης
2172 4970 2275 5040 τῆς
2300 4970 2419 5041 ήλι-

747 5055 889 5117 κίας,
914 5052 1090 5106 πάντα
1112 5050 1281 5105 ποιῶν
1302 5050 1395 5102 καὶ
1416 5049 1660 5119 πάσχων,
1691 5052 1831 5122 άπερ
1858 5053 1921 5105 ἐκ
1946 5053 2045 5122 τῆς
2072 5053 2418 5117 παιδοποιίας

745 5136 946 5206 ταύτης
969 5132 1289 5201 συμϐαίνειν
1318 5132 1487 5194 είκός’
1521 5130 1764 5201 χρηστὰς
1792 5129 1934 5202 εἶχον
1970 5136 2211 5198 ἐλπίδας,
2241 5136 2414 5189 διελέ-

745 5218 878 5288 χθην
922 5216 1324 5282 παιδαγωγοῖς,
1364 5212 1716 5285 παρεκάλεσα
1753 5214 2122 5279 διδασκάλους,
2160 5218 2416 5288 ἀνήλωσα

745 5300 1019 5370 χρήματα,
1055 5295 1385 5367 ἡγρύπνησα
1412 5296 1673 5361 πολλάκις
1704 5298 1846 5365 ὑπὲρ
1870 5298 2170 5369 εὐκοσμίας
2199 5300 2416 5370 φροντί-

745 5379 875 5445 ζων,
906 5380 1044 5450 ὑπὲρ
1077 5378 1435 5442 παιδεύσεως,
1468 5382 1613 5445 ὅπως
1654 5379 1880 5451 μηδενὸς
1906 5379 2048 5434 οῦτω
2080 5382 2189 5433 τῶν
2219 5381 2418 5452 προγό-

743 5479 850 5517 νων
879 5462 1111 5515 λείποιτο
1137 5462 1247 5516 τῶν
1278 5461 1467 5524 αὐτοῦ,
1495 5463 1641 5527 ὅπως
1671 5464 1926 5518 ἁπάντων
1952 5464 2147 5535 φανείη
2168 5463 2418 5533 λαμπρό-

740 5563 919 5617 τερος·
959 5546 1271 5601 συνδιοίσειν
1312 5564 1402 5619 μοι
1454 5547 1647 5601 τοῦτον
1685 5549 1747 5601 τὸ
1789 5549 1966 5619 γῆρας
2011 5548 2411 5619 προσεδόκησα,

744 5630 1025 5697 προϊόντος
1071 5629 1165 5682 τοῦ
1197 5631 1385 5700 χρόνου
1428 5631 1560 5704 περὶ
1612 5634 1868 5701 γυναικὸς
1909 5633 2277 5703 ἐϐουλευόμην
2320 5633 2415 5683 καὶ

741 5714 939 5781 γάμου,
988 5714 1116 5787 περὶ
1162 5714 1371 5785 ἀρχῆς,
1419 5716 1513 5770 καὶ
1549 5716 1889 5780 δυναστείας.
1935 5718 2077 5770 Ἀλλ’
2130 5716 2412 5787 ἐξαίφνης,

738 5795 927 5865 ὥσπερ
971 5814 1054 5861 τις
1092 5800 1335 5867 σκηπτὸς
1362 5800 1394 5870 ἦ
1425 5802 1680 5870 καταιγίς
1714 5800 1878 5853 ποθεν
1913 5800 2269 5862 ἐπιπεσοῦσα,
2310 5818 2413 5870 μυ-

802 5884 827 5951 f‘
844 5885 933 5951 _Sic
956 5886 1140 5951 Sav_._el
1164 5900 1282 5951 mss.
1310 5886 1428 5951 Mor.
1458 5900 1576 5951 νει-ρ
1599 5890 1681 5951 ἔχῃ
1702 5889 2038 5951 προϐαλέσθαι.

798 5944 947 6011 PS“.
973 5958 1024 5996 el
1043 5947 1159 5996 Mur.
1186 5950 1523 6011 λαμπρότερον.
1551 5944 1799 5999 ΒυδΓηιέε.
1828 5951 2159 6011 λαμπρότερος.

798 6008 927 6073 {Sic
952 6016 1086 6057 recte
1112 6008 1255 6062 Sam;
1283 6008 1741 6073 cujus'iscripluram
1770 6008 2262 6070 recepimusqﬂonlf.
2298 6022 2406 6057 cum

738 6069 925 6119 duobus
944 6084 1056 6119 mss.
1083 6072 1368 6134 παρέξωμεν.
1409 6072 1525 6119 Mor.
1550 6069 1821 6134 παρέξομαι.
1850 6069 1979 6121 Ebur.

799 6136 823 6171 ά
852 6136 931 6183 Sic
954 6135 1065 6183 Sav.
1093 6140 1144 6181 el
1167 6132 1266 6181 Mur
1321 6134 1428 6183 Duo
1448 6132 1748 6185 aulem'mss.
1775 6134 2070 6183 καταδύσειε.

1562 536 1619 589 5.
1661 534 1951 591 ,ιοΑΝΝιε
1985 530 2470 591 CHRYSOSTOMI
2507 529 2830 587 ARCHIEP.
2866 531 3422 589 CONSTANTINOP.

4101 542 4209 597 53$

2550 644 2821 716 ριαγωγδν
2858 646 3060 700 ὁλκάδα
3110 649 3206 702 καὶ
3246 648 3455 703 πολλῶν
3504 647 3780 718 γέμουσαν
3817 654 4066 724 φορτίων,
4118 658 4216 710 καὶ

2550 729 2759 800 μακρὸν
2802 729 3133 783 διανύσασαν
3162 733 3427 802 πέλαγος,
3468 734 3561 786 καὶ
3604 731 3663 797 ἐξ
3708 733 3897 804 οὐρίας
3925 737 4215 804 πλέουσαν,

2545 813 2639 865 καὶ
2670 812 2805 884 πρὸς
2837 811 2984 881 αὐτῷ
3009 812 3197 867 λοιπὸν
3228 812 3394 869 οὖσαν
3423 816 3502 887 τῷ
3531 815 3727 886 λιμένι,
3761 818 3956 887 μικρὸν
3984 821 4092 890 πρὸ
4118 822 4215 875 τού

2545 896 2817 965 στόματος
2842 894 3008 949 αὐτοῦ
3040 896 3342 951 κατέκλυσε
3374 900 3425 965 ιι,
3457 902 3551 954 καὶ
3593 900 3668 970 μὴ
3709 899 3867 970 μόνον
3898 902 4089 963 πενίας
4112 905 4215 974 τῆς

2539 979 2799 1049 ἐσχάτης,
2844 979 2981 1033 ἀλλά
3025 981 3119 1032 καὶ
3164 979 3395 1035 θανάτου
3430 983 3525 1038 τοῦ
3552 982 3783 1038 έλεεινοῦ
3817 984 3910 1036 καὶ
3937 984 4217 1050 ἀπωλείας

2537 1055 2676 1123 δέος,
2710 1062 2786 1133 μὴ
2806 1065 2873 1133 τῇ
2896 1061 2991 1116 τοῦ
3018 1064 3087 1115 τά
3104 1060 3331 1116 τοιαῦτα
3357 1066 3796 1135 πεπλουτηκότος
3815 1065 4021 1136 κεφαλῇ
4055 1084 4216 1140 περιρ

2540 1141 2790 1210 στήσειεν
2822 1146 2851 1197 6
2872 1145 3109 1216 χειμών·
3141 1145 3283 1200 οῦτω
3311 1146 3374 1216 δή
3410 1163 3502 1215 μοι
3535 1149 3851 1220 συμϐέϐηκε
3874 1149 3987 1202 νῦν.
4015 1149 4078 1202 Ol
4100 1151 4216 1221 γὰρ

2538 1224 2804 1295 ἐπάρατοι
2840 1230 2934 1280 καὶ
2964 1228 3239 1297 λυμεῶνες
3270 1230 3365 1282 καὶ
3397 1229 3589 1283 πλάνοι
3630 1233 3855 1301 (λεγέτω
3882 1233 3989 1305 γὰρ
4022 1232 4086 1303 δὴ
4116 1236 4213 1287 καὶ

2538 1308 2733 1373 ταῦτα,
2786 1310 2847 1363 οὐ
2886 1311 3219 1381 διοισόμεθα)
3255 1312 3320 1365 ἐκ
3363 1312 3472 1365 τῶν
3516 1314 3787 1369 τοσούτων
3827 1317 4051 1371 ἐλπίδων
4092 1314 4212 1392 [60]

2536 1397 2638 1450 ἀνα
2646 1395 2953 1467 ρπάσαντές
2970 1412 3059 1464 μοι
3078 1395 3169 1447 τὸν
3185 1411 3255 1464 γη
3264 1396 3546 1464 ροτρόφον,
3564 1397 3967 1469 καθάπερτινὲς
3979 1400 4212 1473 λῄσταρο

2537 1496 2620 1549 χοι
2650 1479 2785 1547 πρὸς
2814 1476 2914 1541 τάς
2962 1476 3143 1530 αὐτῶν
3178 1477 3504 1542 καταλύσεις
3534 1489 3559 1517 θ
3598 1479 3907 1547 ἀπήγαγον,
3940 1486 4032 1537 καὶ
4066 1481 4211 1537 οὕτω

2535 1564 2655 1624 ταῖς
2676 1559 2853 1613 αὐτῶν
2876 1563 3314 1630 κατεγοήτευσαν
3340 1561 3592 1632 ἐπῳδαῖς,
3616 1560 3690 1624 ὠς
3712 1562 3928 1615 ἐλὲσθαι
3954 1566 4048 1618 καὶ
4073 1565 4212 1637 πρὸς

2537 1644 2753 1712 σίδηρον
2794 1642 2887 1694 καὶ
2932 1642 3071 1713 «pb;
3110 1641 3223 1712 πῦρ
3266 1645 3358 1696 καὶ
3395 1644 3530 1715 πρὸς
3576 1642 3741 1714 θηρία
3786 1643 3881 1694 καῖ⁵
3920 1647 4057 1714 «pb;
4100 1649 4211 1699 πᾶν

2531 1725 2709 1777 ὁτιοῦν
2750 1724 2941 1794 στῆναι
2976 1725 3263 1789 γενναίως,
3309 1726 3343 1797 ἢ
3387 1728 3524 1797 πρὸς
3568 1728 3665 1797 τὴν
3698 1727 3969 1797 προτέραν
4002 1729 4212 1799 εὐπρα·

2532 1807 2659 1876 γίαν
2693 1806 3025 1860 ἐπανελθεῖν·
3056 1808 3150 1860 καὶ
3179 1808 3242 1861 τὸ
3273 1808 3337 1878 δὴ
3365 1810 3765 1881 χαλεπώτερον,
3792 1811 3873 1863 ὅτι
3905 1810 3998 1862 καὶ
4032 1813 4212 1866 ταῦτα

2534 1891 2823 1953 πείσαντες
2842 1890 3042 1959 μᾶλλον
3062 1890 3220 1960 ἡμῶν
3238 1892 3665 1963 προσποιοῦνται
3679 1894 3740 1946 τὸ
3757 1893 4030 1962 συμφέρον
4049 1894 4210 1965 ὁρᾷν.

2536 1973 2773 2043 Ἐρημοι
2814 1973 2913 2042 μὲν
2938 1972 3126 2033 οἰκίαι,
3169 1974 3365 2044 ἔρημοι
3392 1975 3449 2027 δὲ
3478 1977 3659 2046 ἀγροίο
3693 1976 3991 2046 κατηφείας
4022 1976 4078 2029 δὲ
4112 1981 4212 2032 καὶ

2531 2055 2792 2125 αίσχύνης
2823 2055 3011 2123 μεστοὶ
3046 2054 3145 2124 μὲν
3175 2057 3225 2107 οἱ
3256 2056 3527 2127 γεωργοὶ,
3562 2058 3755 2127 μεστοὶ⁸
3776 2058 3833 2111 δὲ
3858 2058 4085 2111 οἰκέται·
4112 2061 4212 2113 καὶ

2530 2136 2746 2206 φαιδροὶ
2780 2136 2878 2205 μέν
2909 2136 3001 2188 ἐπὶ
3034 2139 3149 2199 τοῖς
3188 2140 3381 2200 κακοῖς
3413 2140 3524 2201 τοῖς
3561 2139 3717 2208 ἐμοῖς
3767 2137 3989 2209 ἐχθροὶ,
4032 2142 4208 2208 ἐγκακ-

2529 2216 2819 2270 λύπτονται
2846 2217 2904 2270 δὲ
2933 2220 2981 2270 οί
3011 2217 3176 2286 φίλοι,
3202 2219 3340 2290 Παρ’
3369 2220 3493 2289 ἐμοὶ
3520 2219 3577 2273 δὲ
3597 2221 3823 2291 οὐδεμία
3847 2221 4039 2292 γνώμη
4072 2240 4208 2293 xpa-

2526 2303 2629 2364 τεῖ,
2674 2301 2791 2354 ἀλλ’
2822 2302 2855 2372 ἢ
2885 2301 3025 2355 ὥστε
3054 2302 3165 2372 πῦρ
3204 2305 3495 2371 ἐπαφεῖναι
3520 2304 3615 2357 καὶ
3648 2304 3838 2372 φλέξαι
3872 2304 4070 2368 πάντα,
4109 2310 4208 2360 καὶ

2526 2385 2702 2448 οἰκίας
2730 2386 2823 2438 καὶ
2855 2386 3059 2456 ἀγροὺς
3090 2386 3185 2439 καὶ
3214 2386 3414 2453 ἀγέλας
3453 2386 3591 2457 βοῶν
3621 2389 3717 2441 καὶ
3746 2388 3970 2457 ποίμνια
4000 2389 4207 2459 προϐά-

2526 2484 2654 2520 των.
2689 2468 2799 2521 Ποῦ
2828 2468 2937 2540 γάρ
2970 2468 3124 2522 ἐσται
3157 2486 3248 2539 μοι
3274 2470 3521 2541 χρήσιμα
3550 2469 3721 2524 ταῦτα
3754 2469 3959 2533 λοιπὸν,
3991 2471 4202 2523 ἐκείνου

2525 2550 2619 2603 τοῦ
2636 2551 2973 2621 χρησομένου
2996 2551 3208 2615 τούτοις
3227 2553 3327 2605 οὐκ
3348 2553 3522 2616 ὄντος,
3540 2553 3655 2606 ἀλλ’
3683 2552 4027 2623 αἰχμαλώτου
4048 2570 4204 2620 γενο-

2530 2633 2726 2703 μένου,
2761 2636 2856 2687 ua).
2888 2634 3039 2705 παρά
3078 2634 3375 2705 βαρϐάροις
3406 2634 3703 2706 ἀνημέροις
3730 2634 4070 2696 δουλεύοντος
4106 2634 4203 2689 θα-

2525 2715 2685 2769 νάτου
2712 2715 2912 2778 παντὸς
2933 2717 3264 2788 πικροτέραν
3292 2716 3570 2783 δουλείαν;
3608 2715 3937 2788 Περιέϐαλον
3970 2716 4201 2791 μελαίνῃ

2526 2799 2686 2870 στολῇ
2719 2799 2846 2861 τοὺς
2866 2800 3085 2863 οἰκέτας
3111 2801 3377 2865 ἅπαντας,
3408 2800 3692 2853 κατέπασα
3722 2801 3897 2872 τέφρᾳ
3929 2800 3949 2840 ί
3980 2801 4078 2865 τάς
4106 2819 4201 2855 κεο

2524 2881 2720 2950 φαλάς,
2745 2882 2941 2954 χοροὺς
2962 2882 3169 2952 έστησα
3196 2883 3493 2952 γυναικῶν,
3528 2884 3791 2937 ἐκέλευσα
3814 2884 4197 2957 χαλεπώτερον

2523 2965 2693 3029 αὐτάς
2724 2964 3183 3030 κατακόπτεσθαι,
3212 2965 3246 3036 ἢ
3281 2967 3331 3018 εί
3359 2966 3551 3037 νεκρὸν
3581 2964 3788 3038 ἐώρων.
3822 2967 4109 3036 Σύγγνωτε
4138 2968 4200 3021 δέ

2528 3066 2619 3119 μοι
2656 3047 2815 3101 τοῦτο
2848 3046 3126 3101 ποιοῦντιο
3176 3048 3362 3120 μεῖξον
3407 3050 3616 3103 ἐκείνου
3658 3050 3719 3103 τὸ
3754 3050 3948 3114 πένθος
3990 3051 4114 3118 ἐμοί
4146 3053 4193 3105 ⁸.

2527 3129 2989 3200 Παρενοχλεῖσθαι
3021 3130 3164 3184 δοκῶ
3196 3130 3384 3184 λοιπὸν
3418 3133 3522 3186 ὐπὸ
3563 3132 3659 3186 τοῦ
3698 3132 3892 3202 φωτὸς,
3922 3135 4015 3186 καὶ
4054 3136 4193 3204 πρὸς

2523 3210 2695 3272 αὐτάς
2718 3209 2900 3279 ἀηδῶς
2929 3209 3038 3279 ἔχω
3067 3209 3168 3273 τάς
3210 3210 3435 3274 ἀκτῖνας
3453 3250 3468 3274 ,
3510 3212 3639 3265 ὅταν
3672 3214 3752 3276 είς
3782 3212 3907 3265 νοῦν
3957 3210 4105 3266 λάϐω
4134 3214 4197 3264 τὸ

2524 3292 2711 3362 σχῆμα
2741 3294 2836 3346 τοῦ
2879 3294 3225 3365 ταλαιπώρου
3258 3294 3449 3358 παιδὸς
3488 3294 3717 3359 ἐκείνου,
3754 3295 3876 3348 ὅταν
3901 3293 4010 3347 τῶν
4038 3295 4192 3348 εὐτε-

2521 3372 2793 3443 λεστέρων
2818 3374 3094 3445 ἀγροίκων
3118 3375 3344 3427 ἐκείνων
3365 3376 3686 3446 ἀτιμότερον
3707 3374 3865 3427 αὐτὸν
3884 3375 4193 3444 ἠμφιεσμέ-

2520 3468 2610 3506 νον
2630 3451 2743 3515 ῖδω,
2766 3453 2861 3505 καὶ
2883 3453 2968 3505 ἐπ’
2988 3452 3127 3523 ἔργα
3146 3452 3447 3524 ἀτιμότερα
3460 3452 3648 3506 τοῦτον
3669 3452 4124 3523 προπεμπόμενον
4142 3451 4189 3491 ι·

2521 3530 2651 3584 ὅταν
2675 3533 2915 3603 ἐννοήσω
2948 3531 3116 3585 αὐτοῦ
3143 3530 3206 3584 τὸ
3234 3532 3511 3602 ἀκαμπὲς,
3538 3531 3929 3608 κατακαίομαι,
3960 3531 4195 3585 διασπῶ-

2524 3627 2624 3682 μαι
2638 3650 2654 3675 ,
2699 3610 3000 3682 διαρῤήγνυ
3008 3628 3125 3681 μαι.

2596 3696 2670 3759 γ’.
2702 3689 2890 3744 Ταῦτα
2932 3689 3127 3758 λέγων,
3153 3689 3246 3742 καὶ
3270 3687 3727 3760 προκυλινδείσθω
3751 3687 3859 3741 τῶν
3884 3686 4055 3743 ποδῶν
4078 3689 4194 3743 τῶν

2520 3769 2843 3829 ἀκουόντων,
2862 3768 2956 3821 καὶ
2978 3766 3416 3822 καταπασσέσθω
3439 3768 3455 3807 ὶ
3480 3767 3684 3837 τέφραν
3704 3768 3794 3819 ἐπὶ
3810 3766 3909 3836 τῆς
3925 3766 4190 3838 κεφαλῆς,

2520 3848 2617 3902 καὶ
2661 3848 2963 3918 αίσχυνέτω
2990 3850 3057 3919 τῇ
3088 3849 3236 3902 κόνει
3260 3847 3321 3900 τδ
3346 3848 3656 3918 πρόσωπον,
3687 3847 3780 3900 καὶ
3806 3846 4190 3917 παρακαλείτω

2522 3932 2728 3994 πάντας
2748 3930 2932 4002 ὀρέξαι
2949 3932 3129 4003 χεῖρα,
3152 3927 3516 3984 κατατιλλέτω
3536 3928 3631 3999 τὴν
3655 3927 3869 3981 πολιάν.
3888 3930 4041 3999 Τάχα
4054 3931 4191 4001 ἡμῖν

2520 4010 2683 4074 καλὸς
2701 4013 2729 4064 6
2756 4010 3062 4082 κατήγορος
3090 4008 3471 4080 ἀπηκρίϐωται
3501 4007 3634 4078 πρὸς
3655 4006 3715 4059 τὸ
3735 4008 3862 4070 τοὺς
3890 4008 4188 4070 ἀκούοντας

2518 4090 2801 4161 ἐμπρῆσαι
2836 4090 3102 4154 ἅπαντας,
3148 4091 3243 4143 καὶ
3272 4090 3457 4141 πεῖσαι
3487 4086 3627 4140 κατά
3673 4087 3935 4157 κρημνῶν
3967 4088 4092 4149 τοὺς
4120 4091 4188 4141 τά

2517 4171 2743 4225 τοιαῦτα
2783 4171 3197 4243 ἐργασαμένους
3230 4169 3487 4241 ἐμϐαλεῖν
3515 4166 3563 4223 i.
3597 4166 3697 4219 Διά
3728 4168 3836 4236 γὰρ
3863 4166 4020 4219 τοῦτο
4050 4168 4188 4236 πρὸς

2519 4250 2687 4320 ἄκρον
2718 4249 2946 4303 ἀπασῶν
2970 4251 3078 4301 τῶν
3103 4248 3293 4302 αἰτιῶν
3331 4247 3423 4301 τὸν
3447 4246 3601 4312 λόγον
3629 4246 3859 4315 ἡγαγον,
3889 4246 3975 4298 ἴνα
3996 4245 4186 4300 τούτου

2517 4328 2612 4381 τοῦ
2650 4327 2793 4382 οὕτω
2833 4328 3370 4389 κατασκευασθέντος
3391 4364 3406 4387 ,
3454 4324 3780 4395 ἡττηθέντος
3814 4325 3901 4392 ὐφ’
3932 4324 4086 4395 ἡμῶν
4116 4331 4183 4397 τῇ

2519 4412 2612 4465 τοῦ
2644 4411 2779 4466 Θεοῦ
2806 4413 3012 4484 χάριτι,
3049 4412 3237 4481 μηδεὶς
3262 4411 3373 4472 τοῖς
3394 4407 3603 4469 λοιποῖς
3635 4406 3843 4474 γένοιτο
3871 4407 4043 4475 λόγος.
4075 4408 4185 4462 Τοῦ

2519 4489 2627 4560 γὰρ
2657 4491 2834 4543 πάντα
2873 4488 3008 4559 ὁμοῦ
3044 4489 3261 4559 ἔχοντος
3286 4486 3458 4539 ταῦτα
3490 4485 3997 4555 ἐπιστομισθέντος,
4038 4489 4068 4540 6
4108 4491 4184 4558 μὴ

2522 4568 2698 4623 πάντα
2730 4570 2869 4640 ἔχων
2913 4571 3048 4642 ὁμοῦ
3103 4570 3243 4637 (οὐδὲ
3272 4568 3379 4640 γάρ
3415 4569 3591 4623 πάντα
3626 4564 3736 4621 οἷόν
3782 4585 3840 4621 τε
3887 4568 4185 4636 συνελθεῖν)

2519 4652 2755 4716 εὐκόλως
2781 4655 2911 4724 ἡμῖν
2941 4656 3331 4726 παραχωρήσει
3360 4654 3456 4723 τῆς
3482 4652 3639 4724 νίκης
3668 4653 3873 4708 λοιπόν.
3896 4649 4060 4715 Οῦτος
4084 4654 4186 4722 μὲν

2518 4729 2610 4788 οῦν
2635 4732 2807 4786 ταῦτα
2829 4733 3030 4800 λεγέτω
3062 4734 3155 4786 καὶ
3176 4732 3379 4786 τούτων
3400 4732 3621 4785 πλείονα
3642 4733 3689 4785 Ιι.
3719 4730 3861 4801 Ἐγὼ
3897 4732 3953 4783 δὲ
3984 4748 4186 4802 παραι-

2517 4815 2755 4882 τήσομαι
2778 4814 2903 4876 τοὺς
2924 4812 3258 4877 δικάζοντας,
3286 4812 3360 4882 μὴ
3383 4811 3476 4865 νῦν
3500 4812 3671 4866 ἐλεεῖν
3689 4812 3781 4864 τὸν
3810 4811 4039 4879 γέροντα
4062 4810 4184 4865 τοῦο

2516 4909 2629 4954 τον,
2649 4892 2766 4945 ἀλλ’
2786 4892 2915 4945 ὅταν
2940 4893 3099 4946 αὐτὸν
3118 4890 3380 4961 δείξωμεν
3411 4891 3711 4945 πενθοῦντα
3740 4890 3831 4942 τὸν
3855 4890 3991 4951 υἱὸν,
4012 4889 4183 4941 δεινὸν

2522 4971 2622 5041 μὲν
2645 4971 2793 5024 οὐδὲν
2822 4972 3127 5025 πεπονθότα
3145 5013 3160 5035 ,
3186 4972 3296 5024 τῶν
3326 4972 3383 5023 δὲ
3414 4972 3664 5042 μεγάλων
3690 4968 3907 5036 ἀγαθῶν
3940 4968 4180 5022 ἀπολαύ-

2522 5066 2726 5115 σαντα,
2767 5051 2862 5102 καὶ
2902 5044 2978 5102 ὧν
3015 5050 3269 5103 ἐπέκεινα
3308 5050 3473 5119 ἕτερα
3509 5051 3609 5102 οὐκ
3640 5048 3787 5101 ἐστιν
3826 5048 4021 5119 εὑρεῖν.
4050 5046 4181 5101 Τότε

2519 5128 2628 5200 γὰρ
2654 5128 2819 5191 ὅντως
2841 5127 2987 5192 ἄξιος
3012 5127 3163 5180 ἐλέου
3186 5128 3279 5181 καὶ
3298 5127 3549 5198 δακρύων
3572 5126 3637 5179 ἂν
3658 5126 3766 5197 εἴη,
3793 5128 3926 5198 μηδὲ
3954 5126 4183 5181 συνιδεῖν

2516 5209 2615 5280 τὴν
2637 5209 2942 5280 εὐπραγίαν
2962 5209 3257 5278 δυνάμενος
3274 5207 3368 5261 τοῦ
3390 5207 3599 5271 παιδὸς,
3625 5208 3760 5262 ἀλλά
3798 5208 4050 5262 τοσοῦτον
4081 5209 4180 5262 ἀπ-

2518 5288 2658 5357 έχων
2684 5287 2856 5357 αὐτῆς
2888 5287 2906 5326 ι
2942 5289 3017 5348 ὡς
3052 5289 3141 5342 καὶ
3167 5288 3259 5340 ἐπὶ
3295 5287 3571 5357 μεγίστοις
3590 5288 3807 5361 θρηνεῖν
3835 5291 3945 5352 τοῖς
3967 5292 4174 5353 κακοῖς.

2574 5390 2594 5412 ⁶
2626 5389 2762 5437 Unus
2782 5390 2889 5438 cod.
2915 5392 3212 5446 καταδύσεις.

2583 5449 2795 5521 Ξῼοάθι
2820 5465 2948 5521 eam
2967 5452 3155 5521 τέφραν·
3220 5510 3244 5521 -

2581 5512 2606 5589 ξ
2631 5510 2955 5589 Μυτλμεῖζον.
2968 5510 3144 5589 ἐκείνου
3165 5510 3250 5562 τοῦ
3270 5515 3462 5589 πένθους
3484 5514 3605 5585 ἐμοί.
3756 5514 3802 5560 in
3830 5520 3965 5563 ιεκιυ
3987 5522 4033 5563 el
4052 5529 4177 5563 unm

2517 5574 2670 5621 codex
2700 5574 2852 5634 μεῖζον
2875 5574 3017 5621 τοῦτο
3043 5575 3220 5622 ἐκείνου
3237 5575 3322 5622 τοῦ
3342 5574 3533 5627 πένθους
3556 5574 3678 5635 ἐμοί.
3702 5575 3813 5623 Sav.
3837 5579 3885 5623 in
3910 5592 4042 5637 marg
4074 5579 4176 5637 μεῖ-

2516 5634 2801 5708 Kays-015301),
2818 5636 2967 5708 έκεῖνο
2992 5638 3046 5708 τιὸ
3063 5639 3225 5691 πένθος
3250 5638 3354 5708 ἐμοί
3369 5672 3381 5691 ,
3407 5649 3530 5703 ulnus
3560 5635 3713 5708 φάει
3738 5638 3890 5697 μεῖζον
3915 5640 4092 5687 ἐκείνου
4118 5638 4177 5686 τὸ

2514 5686 2675 5751 πένθος
2698 5696 2817 5758 ἐμοί.
2841 5696 2969 5745 Infra
2998 5698 3096 5746 duo
3122 5686 3232 5745 msé.
3262 5686 3356 5745 άπὸ
3374 5686 3460 5744 τοῦ
3486 5698 3653 5757 φωτός.

2576 5757 2603 5794 ιι
2628 5757 2735 5806 Duo
2760 5772 2871 5807 mss.
2896 5766 2947 5807 et
2969 5759 3079 5807 Sav.
3109 5762 3155 5807 in
3186 5772 3334 5807 mam.
3364 5758 3653 5807 τρεπόμενον.

2582 5774 2603 5794 ιι
2628 5774 2735 5806 υυο
2760 5774 2871 5808 mss.
2896 5774 2947 5807 ει
2969 5774 3079 5809 δην.
3109 5774 3155 5807 ιη
3186 5774 3334 5816 marg.
3364 5774 3658 5819 τρεπόμενον.

2582 5819 2596 5857 ί
2630 5821 2733 5868 Duo
2752 5834 2864 5889 mss.
2892 5826 2945 5869 et
2967 5824 3079 5869 Sav.
3116 5820 3490 5867 καταπασασθω.
3526 5820 3627 5868 Mox
3648 5822 3746 5869 duo
3769 5835 3880 5870 mss.
3908 5831 3958 5870 el
3986 5824 4096 5871 Sav.
4119 5824 4171 5871 in

2514 5894 2661 5937 marg.
2690 5899 2811 5928 κατα
2832 5894 2913 5939 τῆς
2934 5899 3039 5943 κεφ.

2580 5942 2594 5990 i
2624 5941 2704 5989 Sin:
2722 5942 2832 5989 Sav.
2860 5948 2911 5988 el.
2934 5943 3031 5989 duo
3054 5956 3167 5989 msq.
3197 5940 3259 5989 At
3284 5940 3401 5989 Mor.
3428 5943 3637 5990 ἐκϐαλεῖν

2578 6006 2601 6042 κ
2630 6003 2758 6059 Haec,
2784 6005 2862 6049 καὶ
2885 6004 3064 6049 τούτων
3087 6004 3295 6055 πλείονα,
3321 6004 3495 6053 desum
3522 6019 3567 6050 In
3594 6005 3709 6051 Μῦν.
3746 6004 3864 6050 salu.

2554 6066 2592 6140 ,ι
2624 6064 2705 6111 Sic
2740 6065 2834 6113 duo
2858 6078 2971 6111 mss.
2998 6072 3049 6114 el
3072 6064 3179 6113 Sav.
3207 6063 3255 6114 in
3280 6078 3427 6127 marg
3464 6067 3511 6114 ίιι
3538 6074 3674 6113 tum
3703 6078 3817 6112 ιντο
3845 6068 3931 6113 Far
3975 6072 4025 6111 U.
4050 6064 4166 6113 Mur.

2577 6144 2617 6156 ο,
2637 6144 2649 6153 ο

2514 6144 2569 6174 Τι’
2586 6164 2593 6173 .
2615 6159 2668 6181 1‘-
