4506 6720
520 577 592 630 35
1241 562 1607 621 ADVERSUS
1645 561 2195 618 OPPL'GNATORES
2233 563 2420 619 VITA‘Z
2459 563 2748 621 MONAST.
2791 565 2922 623 ΗΒ.
2965 566 3029 623 ll.

486 685 622 740 libus
662 683 897 753 patribus
924 688 1079 736 natos
1105 691 1225 733 esse
1244 717 1259 741 ,
1289 676 1497 731 etiamsi
1529 676 1614 730 lex
1644 673 1952 728 certaminis
1977 688 2076 729 nos

485 793 513 830 a
539 791 712 846 pugna
746 788 866 830 cum
899 773 983 827 his
1003 767 1236 825 ineunda
1269 767 1463 823 liberos
1493 766 1659 830 sinat,
1688 775 1878 833 sponte
1902 773 2077 817 tamen

485 868 581 937 ipsi
609 877 662 923 et
687 868 938 922 alacriter
969 863 1102 917 istos
1142 861 1339 930 primos
1363 858 1721 929 aggredimur.
1753 858 1925 926 Atque
1973 855 2078 908 uti-

483 977 601 1014 nam
624 962 883 1015 adversus
907 958 1003 1010 hos
1021 964 1221 1008 tantum
1243 956 1397 1010 nobis
1414 962 1687 1008 certamen
1706 962 1868 1016 esset,
1892 965 2077 1020 quam-

481 1067 636 1120 quam
666 1052 769 1105 hoc
797 1047 1066 1103 difficilius
1106 1045 1210 1112 sit,
1243 1047 1602 1116 plurimasque
1639 1057 1799 1098 ansas
1848 1043 2074 1096 haheat:

480 1143 731 1196 Animalia
760 1138 900 1193 enim
932 1137 1078 1188 homo
1108 1153 1207 1190 non
1230 1135 1441 1207 percipit
1460 1149 1521 1187 ea
1548 1149 1658 1202 qua:
1680 1143 1792 1187 sunt
1815 1133 2068 1200 Spiritus;

476 1233 688 1288 stultitia
731 1230 917 1298 quippe
945 1238 1014 1281 est
1043 1229 1120 1281 illi
1144 1228 1164 1300 (
1184 1230 1232 1282 l.
1261 1228 1380 1283 Cor.
1412 1226 1464 1279 L
1492 1226 1556 1281 Η
1577 1225 1594 1294 )
1617 1243 1630 1280 :
1673 1226 1920 1295 idemque
1948 1239 2076 1278 con-

481 1325 634 1391 tingit
659 1337 721 1375 ac
751 1322 793 1374 si
825 1322 945 1390 quis
976 1321 1132 1375 vellet
1160 1321 1226 1374 ad
1257 1332 1496 1374 amorem
1543 1319 1690 1387 regni
1717 1319 1956 1388 aliquem
1990 1317 2076 1370 iu-

479 1416 714 1476 ducere,
763 1413 849 1482 qui
882 1412 1115 1467 nondum
1157 1412 1404 1467 crederet
1437 1424 1548 1463 rem
1581 1410 1747 1479 ipsam
1791 1411 2072 1464 exsistere.

478 1507 729 1561 Attamen
757 1507 918 1560 rebus
944 1506 1137 1560 nostris
1172 1505 1252 1560 sic
1287 1503 1342 1557 in
1372 1512 1649 1571 angustum
1682 1501 1948 1565 redactis,
1981 1499 2077 1553 ad-

477 1613 663 1652 versus
689 1599 814 1651 istos
838 1608 1037 1652 tantum
1059 1606 1330 1650 certamen
1353 1594 1480 1647 mihi
1503 1609 1620 1650 esse
1646 1608 1921 1664 cuperem.
1944 1592 2074 1647 Nam

477 1689 732 1744 adversus
752 1690 962 1744 fidelem
985 1696 1295 1756 argumenta
1319 1695 1604 1757 suppetunt
1639 1702 1798 1756 quam
1823 1685 2071 1755 plurima,

475 1782 574 1836 etsi
597 1790 754 1836 tanta:
773 1782 941 1850 c0pi:e
964 1781 1290 1848 voluptatem
1322 1778 1569 1833 obscuret
1601 1778 1939 1833 verecundia:
1962 1792 2075 1829 mae

473 1874 712 1944 gnitudo.
746 1873 910 1928 Pudet
953 1873 1096 1926 enim
1127 1885 1215 1924 me
1242 1870 1381 1939 quod
1412 1870 1667 1926 adversus
1697 1870 1838 1924 hunc
1863 1884 1961 1940 pro
1990 1868 2074 1923 bis

476 1984 704 2038 pugnam
733 1966 1072 2022 committere
1098 1979 1277 2031 cogar,
1328 1978 1620 2033 vereorque
1649 1978 1718 2018 ne
1755 1962 1859 2017 hoc
1896 1962 2071 2017 solum

474 2061 682 2114 crimen
705 2059 919 2129 gentilis
956 2057 1078 2126 jure
1110 2054 1239 2109 mihi
1269 2055 1436 2123 possit
1459 2054 1725 2122 objicere:
1756 2069 1878 2107 nam
1904 2053 1956 2106 in
1983 2068 2070 2107 re-

474 2150 630 2220 liquis
651 2150 797 2204 illum
825 2164 924 2218 ope
951 2147 1144 2202 divina:
1170 2145 1354 2216 gratia:
1383 2143 1534 2199 facile
1572 2148 1844 2212 capiemus
1869 2163 1880 2197 :
1911 2153 2070 2214 atque

472 2240 514 2294 si
539 2241 763 2294 voluerit
789 2251 938 2309 grato
958 2239 1137 2292 animo
1159 2235 1469 2307 procedere,
1493 2235 1598 2288 cito
1618 2235 1764 2290 illum
1785 2250 1890 2288 non
1911 2235 2070 2288 modo

471 2329 537 2382 ad
574 2345 812 2382 amorem
852 2329 1006 2396 hujus
1032 2328 1152 2381 vita:
1197 2325 1568 2391 traducemus,
1598 2340 1781 2380 verum
1811 2325 1878 2378 ad
1906 2324 2070 2394 ipsius

473 2435 686 2488 quoque
725 2420 979 2474 doctrina:
1007 2419 1363 2481 desiderium,
1408 2432 1439 2470 a
1483 2431 1590 2487 quo
1616 2416 1720 2469 vita
1753 2415 1867 2468 hazc
1910 2431 2070 2485 argn-

474 2521 717 2568 mentum
745 2523 798 2565 et
830 2511 1037 2564 initium
1068 2510 1234 2564 ducit.
1265 2509 1492 2563 Tantum
1521 2508 1667 2564 enim
1693 2508 1843 2562 abest
1867 2515 1923 2561 ut
1943 2522 2070 2562 cer-

472 2615 652 2660 tamen
677 2603 936 2657 adversus
963 2603 1110 2656 illum
1139 2600 1323 2656 subire
1349 2610 1584 2654 metuam
1614 2640 1630 2664 ,
1673 2607 1731 2654 ut
1755 2614 1877 2655 cum
1904 2614 2074 2669 expu-

469 2704 630 2765 gnatu
678 2693 1034 2749 difficiliorem
1077 2707 1195 2746 mea
1236 2692 1480 2746 oratione
1527 2691 1903 2758 constituero,
1957 2701 2070 2746 tum

467 2785 684 2841 demum
723 2799 953 2855 pugnam
1005 2782 1302 2853 aggrediar.
1347 2781 1634 2852 Fingamus
1677 2782 1820 2837 enim
1861 2789 2065 2852 patrem

467 2876 775 2946 lmjusmodi
806 2892 909 2929 non
939 2875 1095 2928 modo
1129 2874 1384 2944 gentilem
1425 2888 1546 2929 esse
1568 2915 1584 2938 ,
1628 2873 1723 2928 sed
1753 2889 1863 2942 pra:
1891 2874 2067 2929 omni-

465 2969 564 3023 bus
593 2967 896 3022 hominibus
935 2966 1173 3031 divitem,
1215 2965 1497 3034 insignem,
1535 2965 1770 3034 potentia
1808 2964 2066 3036 singulari

466 3059 776 3129 pnedituin:
809 3059 1002 3111 habeat
1029 3069 1186 3125 agros
1215 3056 1493 3124 plurimos,
1525 3054 1668 3110 aedes
1697 3055 1915 3122 multas,
1944 3055 2064 3110 auri

466 3148 744 3202 innumera
779 3148 995 3200 talenta.
1031 3145 1112 3201 Sit
1142 3143 1363 3214 insuper
1392 3144 1536 3214 regia
1576 3144 1744 3214 patria
1765 3185 1781 3210 ,
1812 3144 2065 3198 illustris-

465 3241 603 3294 simo
629 3255 848 3310 genere,
883 3241 1018 3292 filios
1044 3238 1178 3291 alios
1217 3251 1393 3307 neque
1423 3236 1617 3292 habeat
1635 3277 1650 3301 ,
1681 3251 1855 3307 neque
1880 3251 1941 3291 se
1969 3236 2068 3290 ha-

463 3332 698 3388 biturum
725 3338 925 3399 speret;
957 3328 1050 3383 sed
1076 3343 1144 3384 ex
1172 3328 1275 3383 hoc
1301 3327 1418 3382 solo
1446 3326 1695 3397 pendeat.
1722 3327 1836 3381 lmo
1863 3335 1917 3381 et
1938 3325 2054 3396 ipse

466 3426 537 3481 sit
578 3439 799 3479 summae
828 3423 939 3490 spei
964 3463 978 3486 ,
1005 3431 1165 3492 atque
1208 3419 1278 3475 ad
1321 3421 1544 3489 imperia
1575 3428 1785 3475 mature
1810 3433 2064 3474 ascensu-

464 3533 558 3573 rus
577 3557 593 3582 ,
621 3525 929 3586 patremque
970 3513 1256 3584 splendore
1290 3520 1648 3582 superaturus
1675 3521 2022 3581 exspectetur
2043 3552 2061 3578 ,

465 3608 817 3676 omnibusque
854 3607 974 3658 vita:
1016 3604 1311 3659 commodis
1353 3604 1511 3673 longe
1559 3603 1878 3658 anteiturus.
1925 3603 2061 3657 Tum

465 3714 593 3756 vero
641 3700 694 3754 in
725 3697 902 3754 medio
931 3704 1091 3751 tantte
1117 3695 1232 3764 spei
1262 3693 1481 3750 accedat
1504 3693 1696 3762 aliquis
1715 3733 1730 3756 ,
1763 3692 1938 3763 deque
1964 3692 2064 3748 hac

465 3788 799 3871 philosophia
839 3800 1006 3851 verba
1046 3785 1282 3856 faciens,
1331 3782 1650 3861 persuadeat
1687 3782 1737 3840 ei
1778 3791 1839 3838 ut
1867 3784 2062 3854 spretis

463 3889 711 3945 omnibus
733 3897 933 3942 vestem
962 3899 1022 3940 se
1047 3885 1296 3939 rusticam
1325 3881 1527 3949 induat,
1553 3895 1616 3935 ac
1631 3879 1811 3935 relicta
1839 3875 1971 3935 urbe
1995 3872 2064 3935 ad

467 3991 702 4038 montem
721 3978 1021 4048 confugiat:
1052 3976 1228 4045 ibique
1256 3976 1474 4044 plantet,
1508 3974 1662 4044 riget,
1692 3987 1885 4042 aquam
1908 3970 2062 4035 ferat,

468 4083 770 4141 caeteraque
816 4066 1194 4124 monachorum
1241 4063 1403 4119 faciat
1441 4078 1640 4133 opera,
1678 4077 1799 4138 quze
1846 4061 1968 4116 vilia
2008 4069 2065 4116 et

468 4165 680 4234 indigna
717 4175 837 4216 esse
884 4158 1195 4213 videantur:
1226 4155 1297 4209 sit
1335 4163 1592 4223 prteterea
1616 4154 1772 4207 nudis
1807 4151 2063 4222 pedibus,

470 4254 616 4309 humi
644 4252 834 4315 cubet;
866 4247 1232 4316 efliciaturque
1253 4258 1432 4298 macer
1458 4252 1513 4298 et
1539 4242 1766 4313 pallidus
1791 4242 2064 4296 formosus

469 4347 558 4402 ille
582 4345 710 4398 olim
737 4341 1067 4403 adolescens,
1093 4337 1181 4409 qui
1210 4336 1368 4391 tantis
1395 4343 1550 4389 antea
1573 4334 1626 4387 in
1664 4332 1868 4388 deliciis
1894 4331 2063 4386 hono-

469 4438 720 4507 ribusque
740 4435 998 4505 degebat,
1022 4440 1286 4502 tantasque
1298 4428 1420 4500 spei
1440 4435 1574 4494 erat,
1601 4425 1882 4494 viliorique
1903 4439 2060 4494 quam

469 4530 605 4583 servi
634 4529 715 4582 sui
744 4536 892 4582 veste
919 4525 1199 4581 induatur:
1225 4538 1352 4578 num
1381 4520 1509 4577 satis
1545 4520 1738 4574 multas
1766 4516 2063 4573 accusatori

470 4621 713 4677 dedimus
741 4633 932 4684 ansas,
973 4633 1040 4671 an
1078 4616 1209 4670 satis
1251 4612 1615 4669 adversarium
1669 4608 2062 4665 instruximus?

473 4715 529 4770 Si
571 4713 685 4768 haec
722 4726 828 4764 non
872 4708 1003 4763 satis
1045 4708 1188 4772 sint,
1234 4705 1339 4759 alia
1386 4718 1600 4775 quoque
1635 4701 2062 4772 suppeditemus.

481 4809 744 4864 Praeterea
773 4816 960 4856 omnes
988 4807 1199 4854 moveat
1229 4795 1505 4850 machinas
1530 4804 1682 4864 pater
1701 4835 1716 4860 ,
1745 4800 1803 4847 ut
1830 4791 1995 4846 filium
2032 4805 2064 4845 a

474 4900 749 4972 proposito
788 4895 1050 4958 deducat;
1094 4891 1188 4946 sed
1227 4891 1530 4952 incassum,
1587 4895 1771 4956 utpote
1809 4899 1928 4939 cum
1975 4883 2066 4940 ille

475 5010 633 5065 supra
663 5001 866 5062 petram
892 4987 1183 5043 collocatus
1212 4983 1302 5047 sit,
1348 4994 1410 5035 ac
1436 4978 1764 5043 fluminibus,
1792 4975 1986 5046 pluviis
2010 4985 2066 5030 et

473 5090 648 5144 ventis
685 5085 876 5140 cedere
911 5095 1018 5136 non
1044 5077 1212 5133 norit:
1244 5075 1422 5144 lugeat
1446 5071 1571 5128 item
1599 5080 1750 5140 pater
1796 5078 1955 5140 atque
1983 5067 2062 5125 la-

475 5192 686 5249 crymas
712 5175 938 5236 emittat,
971 5173 1041 5227 ita
1071 5179 1132 5225 ιιι
1159 5166 1580 5238 indignationem
1602 5161 1843 5216 omnium
1876 5172 2062 5216 contra

476 5285 574 5324 nos
605 5268 890 5324 incendat:
936 5265 1216 5319 universos
1255 5260 1561 5329 frequenter
1602 5255 1756 5310 adeat
1785 5262 1843 5307 ut
1882 5269 1980 5308 nos
2010 5255 2060 5308 in

474 5361 676 5415 crimen
708 5365 886 5414 vocet:
913 5354 1122 5420 Genui,
1145 5351 1363 5406 educavi
1387 5390 1401 5414 ,
1433 5358 1747 5416 :etatemque
1769 5359 1980 5399 omnem
2009 5344 2060 5398 in

475 5451 728 5503 :erumnis
752 5446 1000 5507 contrivi,
1045 5451 1238 5497 cuncta
1278 5455 1442 5509 agens
1485 5447 1541 5494 et
1570 5438 1778 5508 patiens
1803 5476 1816 5499 ,
1850 5449 2062 5504 quaeex

478 5538 579 5593 hac
618 5538 910 5594 liberorum
936 5533 1250 5592 educatione
1273 5530 1522 5584 accidere
1547 5530 1724 5584 solent
1753 5544 1766 5581 :
1793 5542 1940 5596 spem
1971 5525 2065 5578 ha-

479 5629 564 5683 bui
587 5628 846 5696 optimam
868 5671 884 5696 ,
914 5627 1231 5699 pmdagogos
1252 5622 1556 5690 alloquutus
1581 5635 1698 5673 sum
1720 5660 1736 5685 ,
1781 5619 2064 5688 magistros

479 5717 797 5783 obsecravi,
847 5719 1102 5786 pecunias
1146 5712 1415 5784 impendi,
1464 5710 1680 5780 vigilavi
1710 5726 1854 5779 saepe
1881 5725 2062 5764 curam

480 5823 671 5880 gerens
690 5808 755 5862 de
780 5816 990 5870 ornatu,
1019 5808 1086 5862 de
1108 5806 1455 5867 institutione,
1481 5811 1537 5856 ut
1556 5801 1821 5869 majorum
1847 5815 2064 5856 suorum

483 5902 679 5956 nemini
703 5900 917 5954 inferior
940 5909 1102 5964 esset,
1124 5910 1180 5953 ut
1205 5897 1451 5954 omnibus
1472 5901 1749 5965 appareret
1773 5892 2060 5948 illustrior:

485 5993 855 6064 exspectabam
887 5992 1026 6047 hunc
1066 5992 1322 6047 senectuti
1368 6006 1501 6047 mea:
1530 5986 1716 6046 solatio
1745 5984 1855 6040 fore
1888 6004 1898 6038 :
1937 6004 2060 6057 pro-

3667 576 3774 632 33-3

2187 693 2341 732 cessu
2365 680 2617 748 temporis
2637 679 2702 736 de
2727 696 2893 736 uxore
2917 690 2972 737 et
2997 681 3064 738 de
3091 685 3435 742 matrimonio
3453 688 3768 758 cogitabam,

2183 769 2250 824 de
2273 770 2530 840 imperio,
2563 770 2629 825 de
2670 773 3016 842 magistratu;
3059 789 3180 829 cum
3221 775 3513 848 derepente
3542 793 3640 833 ceu
3673 780 3771 834 fui.

2184 875 2305 914 men
2333 874 2386 914 et
2421 861 2654 928 procella
2685 862 2869 916 nescio
2911 862 3050 918 unde
3094 864 3303 921 irruens
3331 869 3772 937 pretiosissimam

2184 970 2374 1010 navem
2397 997 2414 1021 ,
2447 955 2626 1009 multis
2669 958 2894 1012 sarcinis
2929 956 3217 1024 refertam,
3243 959 3514 1032 latumque
3556 963 3773 1033 pelagus

2182 1062 2479 1111 emensam,
2499 1050 2733 1104 secundo
2751 1061 2910 1106 vento
2931 1054 3289 1121 navigantem,
3307 1067 3426 1108 cum
3436 1055 3544 1124 jam
3562 1067 3770 1124 portmu

2179 1141 2496 1209 attingeret,
2533 1155 2696 1208 prope
2734 1141 2906 1210 ipsum
2931 1143 3129 1198 ostium
3169 1143 3458 1198 demersit:
3493 1157 3772 1216 metusque

2180 1233 2370 1300 ingens
2398 1231 2580 1294 adest,
2616 1247 2682 1286 ne
2727 1248 2829 1287 non
2859 1235 3018 1288 modo
3058 1243 3356 1289 extremam
3383 1247 3768 1305 paupertatem,

2180 1325 2273 1379 sed
2292 1325 2452 1378 etiam
2472 1323 2828 1379 miserabilem
2853 1338 3076 1381 mortem
3094 1343 3158 1383 ac
3176 1329 3465 1399 perniciem
3483 1329 3599 1384 viro
3614 1332 3773 1384 tantis

2180 1414 2381 1470 divitiis
2419 1417 2682 1470 instructo
2726 1432 2865 1470 szeva
2925 1427 3211 1486 tempestas
3253 1419 3460 1475 afferat.
3504 1419 3595 1477 Sic
3645 1436 3771 1492 pro-

2182 1505 2320 1562 fecto
2359 1508 2486 1562 mihi
2529 1524 2668 1563 nunc
2697 1508 2940 1579 contigit.
2981 1508 3224 1579 Namque
3268 1513 3630 1568 exsecrabiles
3663 1515 3762 1582 illi,

2181 1611 2521 1668 corruptores
2542 1642 2556 1665 ,
2605 1601 2918 1656 seductores
2947 1602 2969 1674 (
2991 1601 3107 1655 haec
3131 1601 3276 1656 enim
3304 1602 3484 1667 dicat,
3513 1604 3645 1658 nihil
3689 1606 3764 1660 illi

2181 1689 2658 1759 succensebimus)
2704 1700 2863 1745 tanta:
2899 1693 3012 1760 spei
3050 1692 3253 1758 lilium,
3293 1694 3585 1748 senectutis
3633 1709 3769 1750 mea:

2180 1779 2476 1843 nutritium,
2501 1794 2597 1833 ceu
2617 1780 2830 1848 quidam
2857 1782 3134 1850 prazdones
3156 1783 3206 1838 in
3236 1784 3452 1839 latibula
3470 1800 3565 1840 sua
3594 1785 3766 1842 abdu-

2183 1884 2344 1925 xere:
2367 1870 2607 1939 adeoque
2634 1871 2782 1925 illum
2803 1871 2916 1925 suis
2953 1873 3278 1927 carminibus
3312 1886 3755 1941 excantaverunt,

2177 1970 2233 2014 ut
2260 1959 2412 2013 malit
2440 1959 2699 2014 adversus
2728 1961 2952 2027 ferrum,
2989 1963 3164 2033 ignem
3191 2006 3203 2025 ,
3233 1964 3468 2032 belluas,
3501 1965 3762 2023 adversus

2177 2052 2354 2106 omnia
2389 2051 2624 2121 denique
2652 2061 2815 2117 stare,
2835 2070 2992 2123 qnam
3027 2054 3095 2110 ad
3125 2056 3359 2125 priorem
3383 2057 3648 2114 fortunam
3677 2074 3764 2115 re-

2175 2158 2375 2198 meare.
2390 2142 2651 2214 Quodque
2665 2147 2878 2214 gravius
2897 2154 2998 2212 est,
3014 2155 3292 2216 postquam
3316 2148 3430 2202 haec
3450 2148 3522 2203 illi
3547 2164 3768 2218 persna-

2175 2244 2379 2302 serunt,
2397 2234 2588 2289 melius
2609 2251 2668 2289 se
2687 2235 2814 2304 quid
2847 2236 2970 2291 utile
2987 2237 3055 2291 sit
3078 2239 3218 2293 scire
3249 2237 3587 2304 profitentur,
3605 2255 3763 2308 quam

2174 2339 2294 2379 nos.
2321 2327 2553 2380 Deserta:
2586 2327 2698 2396 jam
2741 2327 2967 2394 domus,
2999 2327 3197 2382 deserti
3223 2327 3364 2398 agri:
3401 2329 3500 2398 ipsi
3521 2329 3770 2399 agricola:

2178 2430 2241 2468 ac
2266 2414 2405 2469 servi
2436 2417 2648 2471 tristitia
2686 2433 2750 2472 ac
2774 2417 2981 2487 pudore
3010 2418 3185 2486 pleni;
3223 2419 3497 2475 exsultant
3534 2422 3587 2476 in
3611 2422 3768 2477 malis

2177 2506 2314 2562 meis
2342 2508 2577 2575 inimici,
2609 2523 2672 2564 ac
2701 2509 2902 2578 pudore
2928 2509 3244 2578 operiuntur
3273 2511 3454 2567 amici.
3483 2512 3640 2582 Apud
3666 2528 3756 2570 me

2177 2607 2354 2652 autem
2385 2597 2528 2652 nulla
2557 2600 2818 2654 sententia
2843 2600 3067 2666 obtinet,
3096 2602 3198 2656 nisi
3228 2613 3305 2670 ut,
3335 2602 3597 2674 subjectis
3625 2605 3765 2675 igni-

2174 2687 2276 2744 bus
2298 2728 2314 2752 ,
2347 2700 2538 2744 cuncta
2578 2690 2739 2745 simul
2783 2707 3002 2747 exuram
3024 2733 3040 2757 ,
3072 2692 3216 2750 :edes
3239 2733 3256 2759 ,
3287 2708 3449 2764 agros
3470 2737 3487 2761 ,
3517 2704 3760 2752 armenta

2171 2778 2355 2847 boum,
2380 2794 2571 2851 greges
2593 2795 2866 2850 pecorum.
2890 2781 2986 2837 Cui
3026 2783 3168 2837 enim
3206 2784 3338 2838 mihi
3363 2785 3481 2840 usui
3506 2782 3622 2841 haec
3647 2785 3760 2856 jam

2170 2878 2346 2933 erunt,
2364 2883 2486 2925 cum
2517 2870 2609 2925 ille
2632 2886 2739 2926 non
2770 2870 2913 2926 adsit
2939 2873 3092 2943 cujus
3116 2887 3210 2927 usu
3238 2872 3352 2928 hate
3365 2883 3548 2945 parata
3573 2885 3762 2944 erant,

2169 2961 2411 3032 captivus
2425 2962 2628 3018 scilicet
2646 2962 2924 3030 abductus,
2949 2973 3108 3035 atque
3125 2964 3266 3034 apud
3285 2965 3550 3022 immanes
3569 2966 3763 3024 barba-

2170 3067 2263 3108 ros
2304 3053 2545 3108 servituti
2574 3054 2816 3110 addictus
2857 3055 3008 3110 omni
3036 3065 3211 3110 morte
3245 3057 3542 3113 acerbiori?
3569 3058 3764 3115 Dome-

2171 3143 2336 3199 sticos
2360 3158 2549 3200 omnes
2589 3145 2816 3214 pullatos
2850 3145 3100 3202 incedere
3123 3145 3255 3215 jussi
3275 3188 3291 3213 ,
3321 3148 3525 3217 aspersi
3578 3148 3763 3206 cinere

2171 3234 2346 3303 capita
2368 3274 2384 3301 ,
2428 3235 2714 3290 mulierum
2753 3236 2948 3291 choros
2990 3236 3224 3301 institui,
3247 3237 3494 3308 jussique
3525 3239 3760 3296 amarius

2172 3325 2446 3396 plangere,
2488 3342 2648 3396 quam
2687 3327 2731 3381 si
2776 3336 3045 3382 mortuum
3074 3329 3354 3385 vidissent.
3386 3330 3518 3386 Date
3544 3330 3759 3388 veniam

2172 3416 2288 3473 haec
2313 3415 2526 3472 facienti
2558 3417 2723 3472 mihi:
2753 3416 2843 3473 hic
2874 3416 3006 3472 mihi
3031 3418 3207 3475 luctus
3251 3419 3412 3491 longe
3437 3420 3532 3476 illo
3555 3421 3758 3491 major:

2164 3509 2278 3579 jam
2308 3509 2438 3564 mihi
2479 3510 2568 3564 qu
2604 3510 2716 3581 ipsa
2743 3510 2969 3566 molesta
2993 3520 3078 3566 est
3100 3551 3115 3576 ,
3143 3513 3396 3582 ipsosque
3422 3514 3554 3568 solis
3579 3514 3761 3570 radios

2169 3599 2380 3669 ingrate
2405 3600 2662 3669 suspicio,
2697 3616 2817 3655 cum
2859 3601 2910 3655 in
2954 3612 3192 3658 mentem
3221 3604 3367 3658 venit
3393 3604 3621 3660 infelicis
3658 3606 3751 3661 filii

2168 3688 2419 3754 habitus;
2469 3706 2591 3745 cum
2635 3691 2781 3745 illum
2813 3691 3087 3747 vilissimis
3132 3693 3378 3762 agricolis
3422 3693 3758 3752 inhonestius

2170 3781 2421 3834 vestitum
2443 3795 2638 3847 cerno,
2662 3789 2822 3852 atque
2859 3781 2925 3836 ad
2970 3782 3260 3850 abjectiora
3287 3798 3451 3853 opera
3489 3787 3755 3852 missum;

2166 3890 2290 3932 cum
2333 3871 2607 3930 immobile
2635 3872 2970 3943 propositum
2994 3871 3112 3943 ejus
3138 3873 3458 3941 considero,
3487 3890 3616 3932 uror
3633 3918 3650 3944 ,
3680 3876 3759 3932 la-

2169 3981 2348 4033 ceror,
2374 3964 2702 4038 disrumpor.

2243 4059 2298 4113 3.
2340 4058 2464 4112 Haec
2491 4058 2696 4124 dicens,
2729 4052 3068 4128 provolvatur
3091 4055 3247 4113 etiam
3281 4054 3612 4111 audientium
3653 4073 3750 4131 pe-

2171 4150 2360 4215 dibus,
2390 4159 2635 4221 aspergat
2675 4151 2853 4205 cinere
2901 4159 3059 4219 caput
3081 4189 3096 4213 ,
3130 4149 3381 4221 deturpet
3417 4153 3639 4221 pulvere
3677 4153 3756 4209 fa—

2167 4244 2305 4298 ciem
2329 4282 2345 4308 ,
2376 4257 2665 4309 omnesque
2687 4250 2932 4310 precetur
2951 4249 3011 4296 ut
3030 4240 3306 4312 porrigant
3325 4258 3563 4310 manum,
3587 4259 3756 4300 canos

2168 4333 2398 4386 vellicet.
2430 4332 2569 4386 Satis
2610 4340 2736 4400 puto
2776 4330 3062 4401 diligenter
3098 4341 3463 4388 accusatorem
3503 4334 3758 4389 instruxi-

2165 4437 2306 4490 mus,
2336 4422 2402 4478 ad
2439 4421 2847 4478 inﬂammandos
2875 4422 3145 4478 auditores
3171 4438 3357 4480 omnes
3384 4465 3399 4488 ,
3433 4424 3754 4482 incitandos-

2165 4532 2272 4588 que
2294 4557 2310 4582 ,
2340 4524 2399 4571 ut
2425 4515 2617 4570 horum
2642 4523 2892 4572 auctores
2919 4530 3013 4586 per
3033 4515 3320 4585 praecipitia
3345 4525 3524 4585 agant.
3549 4516 3758 4573 Idcirco

2167 4608 2311 4666 enim
2336 4622 2614 4678 supremas
2642 4608 2882 4662 omnium
2905 4606 3268 4662 accusationes
3288 4608 3463 4662 verbis
3489 4609 3755 4677 expressi,

2170 4711 2261 4768 ut,
2287 4701 2388 4756 hoc
2413 4699 2489 4755 ita
2529 4708 2839 4770 comparato
2880 4705 3189 4754 accusatore
3218 4713 3316 4767 per
3355 4698 3588 4754 divinam
3630 4715 3755 4770 gra-

2173 4796 2298 4850 tiam
2345 4802 2647 4863 prostrato,
2673 4807 2738 4848 ex
2773 4791 2989 4861 reliquis
3026 4804 3185 4845 nemo
3209 4800 3394 4860 postea
3435 4793 3631 4849 mutire
3659 4809 3752 4847 va-

2173 4888 2299 4944 leat.
2339 4886 2510 4954 Nam,
2533 4901 2599 4943 eo
2635 4887 2718 4940 cui
2759 4884 2872 4939 haac
2911 4884 3090 4939 omnia
3138 4884 3298 4939 simul
3340 4895 3652 4956 competunt
3687 4887 3758 4942 ad

2172 4982 2438 5038 silentium
2470 4979 2682 5035 redacto
2700 5019 2715 5043 ,
2742 4977 2833 5048 qui
2855 4993 2961 5033 non
2999 4978 3177 5034 omnia
3202 4979 3362 5034 simul
3389 4978 3605 5034 habebit
3633 4979 3753 5052 (ne-

2170 5091 2275 5145 que
2304 5072 2443 5127 enim
2488 5070 2601 5124 fieri
2646 5078 2858 5140 potest,
2891 5079 2953 5126 ut
3000 5071 3116 5127 hare
3159 5071 3337 5126 omnia
3384 5075 3746 5141 concurrant).

2169 5166 2323 5222 facile
2351 5163 2505 5220 nobis
2545 5163 2823 5218 victoriam
2863 5164 3137 5220 concedet.
3169 5164 3264 5219 llic
3313 5164 3490 5233 itaque
3532 5163 3669 5227 ista,
3697 5172 3754 5217 et

2169 5257 2252 5313 his
2292 5258 2445 5328 plura
2475 5258 2490 5288 ¹
2521 5257 2683 5312 etiam
2722 5256 2985 5328 loquatur.
3023 5256 3135 5326 Ego
3161 5271 3288 5309 vero
3325 5255 3531 5325 judices
3559 5254 3749 5317 orabo.

2170 5365 2238 5406 ne
2283 5350 2462 5405 statim
2525 5350 2877 5406 misereantur
2923 5349 3064 5403 senis
3115 5347 3310 5416 hujus,
3343 5347 3435 5401 sed
3474 5356 3753 5416 postquam

2170 5444 2347 5515 ipsum
2388 5445 2783 5501 ostenderimus
2835 5443 2997 5496 filium
3046 5443 3267 5511 lugere,
3297 5441 3429 5495 nihil
3469 5441 3597 5496 mali
3628 5457 3756 5512 per-

2171 5551 2388 5608 pessum
2409 5581 2424 5606 ,
2447 5552 2629 5592 verum
2658 5534 2903 5591 maximis
2925 5533 3152 5603 potitum
3175 5533 3347 5599 bonis,
3369 5533 3563 5603 quibus
3582 5533 3758 5589 excel-

2170 5629 2394 5685 lentiora
2444 5628 2664 5699 reperiri
2713 5641 2819 5680 non
2860 5634 3104 5694 possunt.
3136 5625 3285 5679 Tunc
3325 5625 3470 5680 enim
3522 5625 3757 5694 profecto

2171 5722 2512 5777 miseratione
2558 5728 2612 5773 et
2678 5718 2928 5788 lacrytnis
2969 5717 3158 5787 dignus
3202 5717 3586 5772 existimandus
3632 5726 3754 5778 est,
3808 5717 3814 5729 '

2171 5829 2292 5870 cum
2320 5813 2427 5867 nati
2450 5811 2751 5865 felicitatem
2775 5811 3084 5879 conspicere
3108 5824 3213 5862 non
3240 5810 3420 5878 possit,
3449 5818 3756 5876 tantumque

2173 5908 2313 5963 absit
2354 5913 2411 5960 ut
2451 5904 2595 5958 illam
2647 5904 2856 5969 videat,
2888 5913 2948 5958 ut
2979 5913 3243 5972 tamquam
3297 5902 3346 5955 in
3384 5897 3604 5954 summis
3644 5895 3762 5968 ejus

2239 6023 2256 6054 ι
2295 6021 2472 6080 verba,
2499 6025 2542 6068 et
2562 6020 2635 6069 his
2659 6017 2824 6084 plura,
2853 6017 3031 6067 desunt
3048 6019 3095 6064 in
3120 6013 3280 6064 Morel.
