4506 6740
775 558 879 613 3τό

774 675 932 730 malis
950 673 1295 729 lamentetur.
1335 667 1615 734 Quodnam
1647 680 1774 735 ergo
1802 663 1906 718 erit
1934 671 2132 717 nostrxe
2161 658 2359 712 oratio-

776 768 863 821 nis
883 762 1206 822 exordium?
1235 759 1320 815 Ab
1349 760 1482 829 ipsis
1508 758 1697 829 Opibus
1725 769 1786 809 ac
1818 754 2090 824 pecuniis,
2118 748 2362 820 quamlu-

778 859 990 929 quidcm
1024 854 1076 910 id
1104 854 1196 909 ille
1232 853 1466 908 maxime
1491 851 1726 906 omnium
1758 847 2041 914 deplorat,
2074 844 2232 911 idque
2261 840 2360 907 ipsi

781 951 990 1004 videtur
1015 947 1422 1004 acerbissimum
1442 985 1456 1010 ,
1487 944 1532 997 si
1568 941 1763 995 divites
1794 939 1888 992 ﬁlii
1921 939 1988 993 ad
2033 938 2166 991 hanc
2199 936 2363 987 vitam

782 1040 1184 1111 pertrabantur.
1214 1038 1310 1093 Dic
1345 1050 1472 1104 ergo
1515 1032 1675 1098 mihi,
1703 1039 1884 1085 utrum
1921 1043 2108 1084 omnes
2151 1026 2363 1081 beatum

779 1133 1014 1189 dicimus
1063 1139 1118 1185 et
1167 1129 1320 1198 plane
1362 1125 1766 1189 felicissimum,
1806 1139 2000 1178 eumne
2044 1121 2134 1193 qui
2186 1121 2238 1173 iu
2279 1117 2364 1172 siti

783 1237 1000 1292 semper
1038 1226 1261 1282 aestuat,
1293 1216 1526 1287 quique,
1553 1223 1842 1285 antequam
1885 1215 2115 1284 priorem
2149 1211 2366 1267 calicem

784 1312 1084 1380 sorbuerit,
1111 1325 1297 1366 rursus
1335 1309 1443 1364 alio
1483 1308 1722 1379 indiget,
1758 1316 1917 1377 atque
1943 1319 2154 1374 semper
2183 1303 2235 1356 in
2267 1301 2370 1356 hoc

787 1415 1098 1476 perseverat
1140 1411 1282 1459 statu
1307 1443 1324 1470 ,
1362 1417 1430 1457 an
1460 1417 1581 1457 eum
1606 1443 1622 1468 ,
1654 1401 1743 1470 qui
1780 1399 2024 1468 superior
2059 1397 2158 1451 hac
2185 1410 2372 1451 neces-

783 1502 946 1556 sitate
982 1499 1305 1556 constitutus
1325 1538 1340 1562 ,
1368 1497 1483 1550 ine
1505 1495 1591 1549 siti
1620 1507 1834 1562 semper
1879 1499 2079 1553 manet,
2111 1499 2166 1543 et
2211 1502 2370 1542 num-

787 1609 951 1664 quam
982 1592 1049 1648 ad
1090 1588 1390 1659 hujusmodi
1420 1586 1745 1656 potationem
1787 1583 2044 1654 pellitur?
2073 1595 2250 1636 nonne
2285 1579 2376 1635 ille

788 1685 1006 1754 quidem
1033 1681 1170 1738 febri
1199 1687 1447 1747 correpto
1491 1676 1682 1730 similis
1703 1685 1786 1730 est
1810 1717 1824 1740 ,
1853 1674 1943 1744 qui
1985 1672 2377 1728 violentissima

792 1773 1110 1830 necessitate
1150 1769 1416 1841 premitur
1440 1810 1456 1835 ,
1485 1767 1699 1824 etiamsi
1728 1781 1794 1822 ex
1825 1766 2057 1821 fontibus
2082 1764 2379 1820 uberrimos

787 1865 982 1920 latices
1010 1863 1228 1918 haurire
1272 1861 1479 1932 possit,
1511 1859 1598 1914 hic
1625 1874 1752 1914 vero
1782 1859 1915 1912 liber
1941 1868 2022 1912 est
2058 1872 2184 1911 vera
2215 1856 2376 1910 liber-

790 1965 937 2022 tate,
966 1963 1022 2010 et
1047 1967 1210 2008 sanus
1251 1952 1482 2022 perfecta
1526 1951 1754 2004 sanitate
1777 1991 1792 2014 ,
1822 1949 2097 2017 ipsamque
2132 1957 2376 2000 naturam

789 2055 1007 2117 superat
1058 2043 1379 2099 humanam?
1429 2041 1566 2109 Quid
1617 2056 1776 2106 vero,
1820 2041 1866 2096 si
1923 2039 2043 2109 quis
2096 2038 2376 2092 mulierem

788 2151 1013 2204 amans,
1043 2151 1167 2189 cum
1209 2149 1270 2188 ea
1309 2131 1725 2202 congrederetur
1775 2130 2006 2201 jugiter,
2039 2128 2134 2185 sed
2173 2129 2376 2198 majore

790 2237 918 2300 post
946 2226 1285 2283 concubitum
1319 2224 1569 2294 flagraret
1610 2222 1836 2287 ardore,
1866 2222 2004 2276 alius
2047 2235 2176 2275 vero
2209 2228 2378 2274 staret

793 2321 893 2374 hac
921 2319 1126 2374 insania
1153 2317 1307 2381 liber,
1331 2331 1394 2370 ac
1425 2331 1492 2370 ne
1517 2316 1572 2370 in
1597 2314 1821 2369 somniis
1841 2314 2055 2384 quidem
2092 2313 2196 2367 hoc
2235 2312 2380 2366 malo

787 2419 1108 2481 caperetur,
1151 2408 1272 2478 quis
1324 2406 1481 2461 nobis
1534 2406 1661 2460 felix
1716 2405 2010 2474 beatusque
2071 2402 2381 2457 videretur?

794 2516 977 2558 nonne
996 2499 1127 2556 hic?
1150 2500 1272 2567 quis
1296 2506 1475 2553 autem
1503 2497 1686 2551 infelix
1714 2511 1777 2551 ac
1803 2495 2176 2550 miserrimus?
2203 2508 2382 2548 nonne

794 2594 907 2662 ille,
939 2595 1026 2663 qui
1059 2592 1158 2646 hoc
1183 2604 1322 2644 vano
1347 2603 1532 2643 amore
1561 2595 1791 2651 tenetur,
1815 2587 1905 2655 qui
1939 2600 2226 2654 numquam
2256 2599 2380 2653 pos-

795 2684 867 2738 sit
915 2681 1208 2751 exstingui,
1255 2680 1364 2735 imo
1416 2693 1548 2735 vero
1599 2677 1690 2748 qui
1756 2676 2070 2747 excogitatis
2123 2673 2379 2730 remediis

792 2773 962 2828 multo
1002 2772 1171 2842 magis
1200 2769 1542 2827 incenditur?
1566 2768 1660 2824 Sin
1702 2778 1882 2823 autem
1927 2777 2120 2838 prazter
2162 2782 2226 2822 ea
2260 2781 2379 2837 qua:

791 2866 935 2922 dicta
959 2875 1085 2920 sunt
1112 2881 1178 2920 ex
1209 2865 1328 2934 ipso
1367 2863 1554 2920 morbo
1590 2877 1649 2919 se
1688 2862 1900 2918 beatum
1927 2862 2100 2928 dicat,
2125 2876 2226 2917 nec
2253 2861 2382 2915 velit

797 2976 862 3016 ea
904 2960 1222 3015 necessitate
1267 2957 1513 3024 liberari,
1565 2954 2016 3027 quemadmodum
2067 2955 2113 3009 is
2162 2953 2231 3008 de
2274 2969 2382 3023 quo

799 3067 943 3108 nunc
987 3052 1195 3122 agitur,
1239 3064 1420 3106 nonne
1461 3047 1588 3103 hinc
1631 3062 1846 3118 quoque
1878 3047 2236 3102 miserabilior
2281 3045 2387 3100 erit

794 3153 956 3214 atque
987 3142 1285 3208 infelicior,
1315 3155 1439 3195 eum
1485 3155 1594 3194 non
1641 3147 1847 3193 tantum
1895 3145 2151 3208 aegrotet,
2183 3136 2277 3191 sed
2319 3152 2387 3190 ne

795 3236 899 3290 hoc
924 3233 1144 3305 quidem
1172 3232 1342 3297 sciat,
1381 3229 1522 3300 quod
1558 3245 1701 3300 mger
1725 3229 1832 3294 sit,
1870 3229 2093 3297 ideoque
2131 3243 2231 3282 nec
2273 3227 2386 3296 ipse

795 3325 1015 3380 liberari
1041 3323 1202 3389 velit,
1229 3320 1518 3392 quinetiam
1557 3334 1653 3375 eos
1678 3319 1766 3389 qui
1796 3319 2001 3373 liberati
2027 3329 2150 3372 sunt
2169 3316 2384 3387 lugeat?

797 3413 1106 3469 Orationem
1133 3412 1310 3483 itaque
1337 3409 1476 3465 hanc
1505 3410 1570 3464 ad
1601 3409 1947 3480 pecuniarum
1988 3408 2382 3478 possessionem

798 3503 1128 3568 referamus,
1151 3510 1207 3557 et
1246 3501 1548 3556 videbimus
1579 3501 1700 3570 quis
1740 3499 1918 3554 infelix
1971 3507 2025 3552 et
2071 3499 2237 3554 miser
2266 3499 2336 3552 sit
2367 3517 2380 3552 :

797 3598 937 3650 inter
963 3594 1084 3649 illos
1109 3593 1306 3663 quippe
1339 3606 1552 3646 amores
1577 3589 1664 3648 hic
1696 3589 2065 3644 vehementior
2083 3631 2098 3652 ,
2125 3589 2213 3644 hic
2242 3589 2384 3642 insa-

796 3686 899 3740 niae
934 3683 1152 3755 propior
1190 3689 1314 3747 est,
1346 3681 1573 3751 ideoque
1618 3679 1876 3749 majorem
1919 3687 2092 3748 potest
2144 3678 2384 3734 dolorem

795 3774 1013 3841 afferre;
1044 3789 1151 3828 non
1178 3773 1376 3828 idcirco
1406 3781 1606 3826 tantum
1629 3769 1770 3842 quod
1805 3769 1947 3826 fares
1985 3769 2180 3824 habeat
2212 3769 2386 3824 acrio-

797 3881 912 3933 res,
938 3865 1033 3921 sed
1059 3866 1201 3936 quod
1227 3865 1538 3934 excogitatae
1567 3865 1787 3917 cuilibet
1814 3863 2162 3918 consolationi
2191 3862 2386 3916 cedere

797 3971 905 4010 non
952 3954 1161 4020 valeat,
1202 3954 1375 4024 sitque
1419 3953 1525 4008 illis
1569 3953 1816 4007 omnibus
1866 3953 2150 4022 potentior.
2197 3952 2383 4006 Potius

794 4045 941 4100 enim
982 4045 1074 4114 qui
1122 4055 1307 4116 potum
1352 4054 1406 4100 et
1449 4059 1672 4112 corpora
1723 4053 1934 4109 amant,
1966 4053 2246 4112 postquam
2302 4043 2384 4097 his

799 4138 952 4209 potiti
989 4137 1219 4202 fuerint,
1251 4138 1495 4192 satietate
1531 4137 1872 4207 gaudebunt,
1904 4137 2060 4207 qu’a'm
2095 4139 2128 4191 ii
2159 4140 2248 4206 qui
2291 4140 2379 4192 in-

801 4244 935 4284 sano
971 4228 1279 4284 divitiarum
1316 4243 1500 4282 amore
1541 4227 1802 4282 feruntur.
1834 4229 2091 4296 Quocirca
2123 4229 2240 4283 illos
2269 4230 2385 4299 qui-

796 4323 921 4379 dem
949 4330 1129 4377 nostra
1153 4322 1398 4376 oratione
1421 4320 1676 4391 effingere
1701 4335 1921 4376 necesse
1954 4321 2076 4385 fuit,
2108 4320 2247 4391 quod
2279 4337 2385 4375 non

795 4413 974 4468 statim
1009 4427 1195 4467 eorum
1239 4411 1617 4466 documentum
1667 4420 1720 4467 et
1761 4413 2182 4480 experimentum
2217 4427 2384 4481 appa-

799 4512 916 4558 reat
946 4521 961 4558 :
989 4502 1151 4572 hujus
1177 4517 1303 4556 vero
1332 4502 1500 4556 morbi
1527 4517 1592 4556 ex
1624 4503 1785 4556 rebus
1815 4503 1941 4570 ipsis
1978 4505 2140 4556 multa
2190 4518 2383 4571 possu-

802 4608 921 4649 mus
969 4591 1215 4664 exempla
1263 4591 1526 4662 proferre.
1569 4591 1803 4659 ldcone,
1853 4594 1940 4647 dic
1980 4609 2163 4663 quzeso
2215 4594 2380 4658 mihi,

798 4687 964 4742 filium
1003 4688 1187 4758 luges,
1217 4684 1358 4756 quod
1400 4694 1544 4740 tanta
1585 4685 1834 4748 vesania,
1864 4687 2003 4756 quod
2043 4697 2147 4739 tam
2187 4687 2381 4756 despe-

799 4789 918 4837 rato
964 4783 1153 4835 inorbo
1182 4779 1317 4835 liber
1366 4780 1469 4846 sit,
1526 4779 1668 4850 quod
1721 4780 1995 4835 incurabili
2048 4797 2229 4837 amore
2273 4797 2380 4836 non

798 4871 1078 4929 teneatur?
1105 4871 1246 4941 quod
1277 4871 1379 4926 hoc
1405 4872 1544 4926 bello
1569 4882 1622 4926 et
1654 4887 1826 4944 pugna
1856 4881 2074 4941 ereptus
2101 4874 2212 4926 sit?
2235 4878 2300 4928 At
2329 4874 2383 4929 id

798 4978 1086 5034 numquam
1114 4963 1204 5018 ille
1249 4977 1438 5033 passus
1497 4963 1717 5031 fuisset,
1749 4963 1991 5034 inquies,
2021 4980 2195 5035 neque
2231 4966 2381 5036 plura

795 5056 1229 5126 concupivisset,
1255 5054 1350 5110 sed
1381 5055 1564 5110 fuisset
1598 5059 1949 5125 praesentibus
1972 5059 2128 5114 bonis
2156 5071 2382 5115 conten-

801 5159 904 5204 tus.
927 5148 1068 5205 Sane
1095 5163 1211 5203 rem
1241 5147 1376 5202 dicis
1406 5147 1504 5217 ipsi
1533 5157 1737 5202 natura:
1767 5190 1779 5212 ,
1814 5159 1869 5204 ut
1906 5151 1974 5204 ita
2005 5151 2191 5221 loquar
2210 5193 2225 5216 ,
2248 5169 2379 5206 con-

798 5241 1014 5294 trariam
1045 5257 1057 5292 :
1092 5254 1279 5294 verum
1319 5238 1398 5294 sic
1425 5248 1570 5304 esto,
1598 5238 1648 5293 id
1680 5239 1771 5294 tibi
1808 5242 1916 5308 jam
1945 5242 2300 5307 concedatur,
2325 5255 2381 5298 ut

795 5333 861 5388 iis
881 5373 896 5398 ,
923 5348 1041 5402 qua:
1068 5331 1322 5398 haberet,
1350 5333 1479 5386 nihil
1507 5333 1664 5388 vellet
1712 5333 1962 5403 adjicere,
1994 5351 2092 5390 nec
2124 5336 2231 5390 ullo
2261 5352 2375 5390 um-

796 5441 955 5497 quam
984 5425 1284 5497 hujusmodi
1315 5425 1581 5482 desiderio
1604 5437 1875 5482 teneretur
1903 5448 1916 5483 :
1947 5446 2044 5500 ego
2070 5432 2147 5485 sic
2169 5446 2379 5500 quoque

797 5517 948 5572 illum
981 5518 1170 5586 majori
1221 5533 1358 5572 nunc
1409 5518 1458 5571 in
1499 5521 1675 5588 quiete
1715 5535 1778 5574 ac
1818 5521 2087 5591 voluptate
2137 5538 2377 5577 commo-

795 5610 902 5664 rari
946 5610 1271 5664 monstrabo.
1305 5611 1441 5678 Quid
1470 5613 1610 5665 enim
1655 5612 1822 5667 levius
1861 5627 1978 5668 esse
2007 5615 2372 5681 censebimus,

798 5703 1030 5757 tantisne
1078 5703 1219 5756 curis
1263 5703 1554 5773 implicari,
1585 5702 1952 5775 ejusmodique
2004 5706 2262 5762 custodia:
2314 5723 2378 5762 ac

798 5795 1038 5848 servituti
1086 5793 1395 5850 obstrictum
1445 5812 1602 5860 esse,
1648 5807 1991 5868 metuereque
2025 5815 2088 5853 ne
2125 5800 2252 5870 quid
2301 5802 2374 5855 rei

792 5885 1067 5942 familiaris
1099 5897 1298 5956 pereat,
1327 5905 1391 5942 an
1422 5905 1548 5945 vero
1571 5888 1652 5944 his
1681 5891 1909 5945 vinculis
1937 5893 2168 5961 expediri
2190 5893 2212 5947 ?
2232 5893 2375 5947 Con-
2394 5890 2430 5936 ’ς

795 5978 1013 6035 cedatur
1045 5982 1188 6035 illum
1221 5983 1351 6036 alias
1379 5985 1612 6038 sarcinas
1650 6001 1752 6038 non
1784 5994 2034 6055 appetere
2066 6003 2078 6040 :
2109 5996 2161 6041 at
2207 5987 2374 6042 multo

1480 551 1532 608 S.
1572 547 1848 608 JOANNIS
1886 539 2357 602 CIIRYSOSTOSH
2397 538 2712 595 ARCHIEP.
2753 541 3288 600 CONSTANTINOP.

3945 550 4046 602 336

2474 661 2662 716 melius
2699 669 2783 714 est
2829 661 2940 729 jam
2988 662 3262 733 impositas
3307 659 3604 731 despicere.
3635 662 3764 716 Nam
3789 667 3870 731 si,
3905 679 3958 721 ut
4001 672 4050 722 in

2469 754 2713 807 confesso
2754 761 2870 816 est,
2911 752 3155 821 plurimis
3199 771 3304 809 non
3354 753 3592 823 indigere
3633 755 3920 812 maximum
3973 773 4054 814 est

2471 845 2666 900 bonum
2693 889 2708 912 ,
2749 854 2898 900 extra
2946 860 3162 901 omnem
3209 864 3390 903 rerum
3442 862 3595 902 usum
3650 862 3802 913 esse,
3835 851 4053 919 majoris

2473 939 2708 1007 profecto
2740 937 3004 992 felicitatis
3027 938 3150 992 erit.
3177 940 3225 993 Is
3245 942 3387 995 enim
3414 942 3503 1012 qui
3531 955 3702 1010 neque
3729 941 3859 1006 sitit,
3884 957 4055 1012 neque

2471 1039 2617 1084 amat
2643 1029 2798 1097 (nihil
2825 1028 2964 1084 enim
2991 1028 3216 1097 impedit
3245 1033 3532 1100 quominus
3555 1031 3622 1087 ad
3656 1031 3840 1087 eadem
3867 1046 4054 1086 exem-

2473 1121 2558 1188 pla
2597 1119 2926 1189 redeamus),
2955 1134 3059 1174 non
3091 1119 3253 1173 modo
3284 1121 3350 1176 iis
3375 1124 3468 1193 qui
3509 1138 3720 1193 semper
3756 1123 3975 1188 sitiunt,
4002 1134 4054 1177 et

2473 1228 2689 1283 semper
2713 1225 2895 1270 amant
2919 1258 2935 1283 ,
2963 1213 3055 1270 sed
3082 1212 3145 1268 iis
3175 1213 3336 1267 etiam
3360 1256 3375 1281 ,
3403 1218 3494 1286 qui
3529 1219 3597 1273 ad
3642 1221 3804 1275 breve
3850 1227 4056 1289 tempus

2477 1306 2578 1362 hoc
2625 1310 2930 1376 patiuntur,
2979 1318 3035 1365 et
3073 1310 3560 1378 concupiscentiam
3605 1314 3856 1382 explent,
3902 1313 4056 1381 longe

2476 1399 2685 1454 beatior
2711 1416 2833 1456 esse
2867 1412 3191 1458 monstratus
3215 1412 3296 1456 est
3317 1444 3332 1468 ,
3363 1412 3548 1471 utpote
3577 1408 3667 1474 qui
3696 1407 3748 1460 in
3776 1406 3935 1477 hujus
3961 1419 4058 1460 ne-

2476 1493 2740 1550 cessitatis
2780 1497 3210 1564 experimentum
3253 1511 3358 1549 non
3403 1495 3669 1550 inciderit.
3701 1498 4062 1554 Percontabor

2479 1596 2534 1644 te
2583 1603 2803 1653 rursus,
2848 1588 2895 1642 si
2942 1588 3140 1644 divitiis
3178 1591 3316 1644 ultra
3363 1603 3551 1643 omnes
3589 1590 3862 1653 eminere,
3896 1593 4061 1662 iisque

2483 1690 2660 1735 tamen
2699 1681 2851 1735 malis
2881 1680 3079 1744 eximi,
3111 1698 3230 1750 qua:
3256 1681 3427 1736 solent
3457 1681 3560 1734 illm
3589 1694 3777 1748 parcre
3797 1722 3810 1741 .
3844 1683 4026 1737 liceret
4045 1726 4059 1747 ,

2482 1786 2660 1824 annon
2703 1773 3001 1826 sexcenties
3040 1783 3365 1842 prmoptares
3396 1774 3494 1826 hac
3536 1771 3785 1826 felicitate
3816 1771 3952 1838 frui,
3995 1775 4061 1827 ita

2483 1872 2542 1916 ut
2581 1877 2685 1917 non
2733 1862 3016 1928 invidiam,
3061 1878 3165 1917 non
3215 1863 3541 1927 calumnias,
3589 1876 3694 1915 non
3739 1875 3931 1924 curas,
3961 1879 4064 1918 non

2481 1953 2770 2022 quidquam
2813 1954 2957 2007 aliud
3002 1954 3266 2022 ejusmodi
3305 1953 3597 2022 patereris?
3627 1953 3682 2008 Si
3714 1954 3871 2023 igitur
3899 1954 4064 2008 filium

2482 2051 2630 2097 tuum
2685 2045 2797 2098 haec
2838 2045 3016 2098 omnia
3067 2043 3266 2099 habere
3313 2054 3716 2110 monstravero,
3759 2045 3867 2098 imo
3913 2044 4068 2112 longe

2479 2133 2728 2188 ditiorem
2759 2149 2900 2188 nunc
2942 2148 3098 2200 esse,
3127 2134 3359 2188 fluemne
3403 2135 3616 2188 tandem
3656 2134 3818 2189 facies
3857 2134 4068 2204 lugendi

2483 2231 2590 2277 tam
2628 2238 2810 2278 amare
2829 2226 2854 2277 ?
2879 2223 3020 2279 Sane
3041 2223 3184 2293 quod
3212 2223 3420 2278 solutus
3446 2224 3517 2278 sit
3537 2224 3681 2278 curis
3707 2224 3932 2294 aliisque
3956 2239 4070 2278 ma-

2483 2315 2571 2381 lis,
2595 2330 2714 2384 quan
2739 2314 2916 2370 solent
2935 2315 3152 2369 divitias
3178 2315 3454 2385 subsequi,
3485 2331 3658 2385 neque
3685 2315 3799 2384 ipse
3828 2315 4068 2385 negabis;

2487 2406 2607 2461 ideo
2639 2421 2736 2460 nos
2763 2405 2830 2460 ad
2872 2416 2924 2461 te
2948 2406 3018 2461 de
3051 2405 3151 2461 hac
3190 2421 3249 2461 re
3284 2406 3446 2461 verba
3485 2405 3662 2461 facere
3698 2421 3918 2461 necesse
3965 2422 4070 2461 non

2486 2505 2569 2551 est
2598 2514 2610 2549 :
2638 2498 2835 2566 quazris
2860 2506 3038 2552 autem
3063 2498 3332 2567 quomodo
3356 2498 3445 2552 ille
3469 2509 3519 2553 te
3541 2500 3610 2552 sit
3635 2499 3957 2567 opulcntior,
3980 2499 4070 2569 qui

2488 2595 2593 2639 tam
2644 2587 2808 2640 multa
2849 2586 3111 2655 possides.
3137 2587 3249 2642 Hoc
3274 2596 3324 2641 te
3353 2587 3667 2643 docebimus
3692 2630 3706 2654 ,
3733 2588 4072 2644 demonstra-

2483 2678 2767 2746 bimusque
2791 2686 2870 2743 te,
2895 2680 2986 2748 qui
3019 2680 3193 2748 ipsum
3222 2680 3274 2733 in
3312 2689 3552 2735 extrema
3573 2696 3725 2736 nunc
3765 2691 4074 2750 paupertate

2485 2771 2682 2839 degere
2706 2769 3020 2838 arbitraris,
3049 2770 3155 2825 hoc
3183 2770 3356 2840 ipsum
3390 2771 3538 2840 pati,
3565 2772 3612 2825 si
3641 2787 3764 2825 cum
3806 2773 3898 2826 illo
3921 2787 4072 2827 com-

2483 2859 2708 2930 pareris.

2555 2952 2610 3006 4.
2649 2951 2830 3022 Neque
2849 2960 3006 3022 putes
3034 2966 3121 3007 me
3145 2951 3214 3008 de
3237 2952 3541 3008 cmlestibus
3567 2951 3724 3010 bonis
3775 2955 3948 3026 loqui,
3977 2955 4072 3011 de-

2487 3057 2592 3112 que
2617 3042 2682 3096 iis
2701 3058 2820 3112 quae
2843 3051 2964 3112 post
2992 3042 3131 3097 hanc
3155 3044 3319 3097 vitam
3347 3043 3661 3099 advenient:
3690 3061 3754 3100 ex
3809 3047 3875 3100 iis
3930 3046 4070 3101 enim

2491 3149 2608 3203 qua:
2628 3142 2753 3187 sunt
2782 3134 2834 3187 in
2863 3134 3108 3189 manibus
3135 3145 3504 3205 argumentum
3534 3137 3744 3191 ducam.
3776 3138 3856 3192 Tu
3895 3138 4074 3209 itaque

2489 3239 2674 3278 eorum
2719 3235 2922 3280 tantum
2947 3242 3066 3296 qua:
3111 3226 3353 3296 possides
3392 3228 3638 3283 dominus
3667 3245 3757 3284 es:
3805 3230 3893 3284 ille
3946 3245 4075 3284 vero

2487 3318 2725 3372 omnium
2749 3334 2867 3387 qua:
2889 3328 3009 3373 sunt
3045 3319 3097 3373 in
3126 3319 3259 3374 orbe
3299 3328 3585 3376 terrarum.
3611 3320 3667 3376 Si
3714 3337 3819 3375 non
3865 3322 4038 3377 credis
4058 3363 4071 3384 ,

2486 3423 2585 3478 age
2617 3418 2668 3464 te
2695 3409 2761 3462 ad
2790 3410 2939 3464 illum
2966 3410 3294 3468 adducamus
3313 3453 3328 3477 ,
3356 3412 3513 3483 eique
3537 3413 3856 3468 suadeamus
3875 3455 3890 3480 ,
3931 3424 3987 3468 ut
4009 3413 4075 3468 de

2489 3509 2670 3554 monte
2698 3499 3031 3554 descendens
3055 3544 3070 3565 ,
3100 3501 3210 3555 imo
3238 3501 3415 3571 potius
3465 3503 3571 3556 illic
3619 3503 3886 3570 residens,
3919 3504 4072 3557 alicui

2487 3605 2553 3645 ex
2582 3590 2644 3645 iis
2663 3632 2678 3656 ,
2707 3593 2796 3661 qui
2814 3592 3005 3647 divites
3025 3591 3178 3647 valde
3195 3593 3460 3662 simulque
3487 3593 3722 3662 religiosi
3743 3602 3866 3647 sunt
3884 3635 3900 3660 ,
3927 3609 4076 3648 man-

2489 3681 2614 3748 det,
2644 3683 2745 3737 sibi
2801 3683 2974 3737 mittat
3019 3691 3223 3738 tantum
3268 3687 3381 3738 auri
3407 3685 3646 3753 pondus,
3681 3693 3936 3754 quantum
3963 3687 4076 3755 ipse

2489 3776 2600 3829 vis:
2633 3777 2745 3830 sive
2777 3777 2898 3845 quia
2943 3775 2994 3828 id
3041 3777 3128 3828 ille
3167 3791 3273 3830 non
3296 3785 3585 3846 pateretur,
3618 3777 3774 3831 alicui
3818 3777 4073 3848 indigenti

2491 3866 2618 3921 dare
2639 3867 2824 3935 jubcat
2839 3909 2852 3931 ,
2883 3867 3190 3935 videbiSquc
3210 3867 3429 3920 divitem
3447 3869 3675 3922 alacrius
3693 3869 4072 3939 obsequentem

2488 3967 2542 4012 et
2563 3967 2871 4027 erogantem
2890 3999 2905 4023 ,
2937 3971 3094 4027 quam
3118 3956 3315 4011 faceret
3344 3971 3483 4009 unus
3512 3972 3580 4011 ex
3623 3959 4075 4027 diSpensatoribus

2490 4050 2613 4104 tuis.
2637 4050 2731 4103 llic
2743 4050 2959 4119 quippe,
2977 4063 3098 4102 cum
3117 4048 3545 4118 aliquidjubctur
3562 4049 3892 4118 impendere,
3910 4051 4074 4106 tristis

2489 4155 2551 4194 ac
2569 4154 2802 4195 maerens
2822 4140 2870 4194 id
2897 4139 3053 4202 facit;
3077 4148 3261 4194 contra
3280 4140 3368 4194 ille
3385 4155 3504 4193 cum
3525 4154 3632 4193 non
3650 4140 3926 4209 impendit,
3951 4151 4074 4195 tunc

2492 4234 2682 4286 anxius
2702 4242 2784 4287 est
2803 4248 2870 4286 ne
2897 4232 2947 4285 in
2965 4233 3143 4300 aliquo
3163 4230 3612 4300 oﬂ‘enderit,quod
3631 4229 3730 4285 sibi
3753 4230 3885 4283 nihil
3903 4229 4075 4299 hujus-

2490 4323 2632 4377 modi
2673 4323 2984 4391 imperetur.
3013 4322 3204 4376 Multos
3227 4330 3375 4376 certe
3405 4321 3499 4375 tibi
3527 4334 3742 4390 possem
3769 4319 4070 4384 ostendere,

2491 4430 2594 4469 non
2622 4431 2685 4468 ex
2711 4414 3089 4468 illustrioribus
3117 4411 3220 4478 his,
3243 4412 3336 4466 sed
3363 4427 3427 4466 ex
3451 4411 3819 4465 humilioribus
3839 4425 4068 4481 quoque,

2489 4506 2576 4575 qui
2604 4505 2700 4558 hac
2720 4513 2862 4557 tanta
2892 4511 3154 4572 potestate
3179 4511 3306 4556 sunt
3331 4502 3562 4572 praediti.
3591 4503 3666 4556 Ac
3697 4512 3750 4555 tu
3772 4501 4006 4571 quidem,
4026 4502 4071 4555 si

2490 4596 2754 4651 (ecouomi
2781 4595 2882 4649 sibi
2905 4594 3106 4649 credita
3131 4593 3554 4663 absumpserint,
3579 4594 3737 4647 alium
3769 4609 3873 4646 non
3901 4591 4070 4646 habes

2492 4704 2521 4742 a
2549 4703 2654 4758 quo
2678 4697 2824 4757 petas
2849 4731 2863 4754 ,
2888 4689 2983 4742 sed
3015 4687 3190 4742 statim
3221 4703 3316 4757 per
3345 4688 3557 4741 illorum
3606 4689 3892 4757 nequitiam
3935 4687 4074 4742 divi-

2492 4782 2579 4835 tiae
2607 4791 2708 4835 tua:
2755 4781 2806 4834 in
2851 4789 3212 4852 paupertatem
3254 4781 3599 4834 mutabuntur
3633 4797 3646 4832 :
3675 4796 3704 4833 a
3747 4779 3855 4834 ﬁlio
3893 4788 4070 4834 autem

2492 4882 2582 4927 tuo
2613 4873 2744 4927 nihil
2795 4881 2876 4927 est
2923 4873 3181 4942 ejusmodi
3229 4871 3596 4928 metuendum.
3644 4872 3775 4927 Nam
3807 4872 3852 4925 si
3890 4871 3977 4924 hic
4019 4872 4073 4925 in

2493 4973 2858 5035 paupertatem
2887 4965 3117 5030 incidat,
3139 4979 3353 5019 rursum
3391 4964 3546 5018 alteri
3577 4961 3887 5030 imperabit;
3915 4962 3997 5016 sin
4031 4963 4075 5015 is

2493 5073 2701 5126 quoque
2743 5057 2918 5111 simile
2958 5068 3144 5127 passus
3187 5055 3290 5120 sit,
3331 5054 3400 5107 ad
3447 5055 3611 5107 alium
3656 5067 3716 5107 se
3762 5061 4068 5107 convertet:

2492 5150 2638 5219 prius
2667 5149 2896 5219 denique
2951 5148 3201 5203 deficient
3254 5148 3477 5201 fontium
3511 5145 3732 5211 latices,
3783 5161 3941 5216 quam
3982 5147 4068 5216 qui

2491 5252 2614 5296 nato
2636 5250 2725 5296 tuo
2747 5242 3078 5311 obtemperet
3097 5239 3398 5310 imperanti.
3427 5239 3578 5305 Quod
3632 5240 3675 5293 si
3705 5240 3977 5294 nobiscum
4020 5241 4069 5293 in

2490 5332 2746 5403 religione
2787 5333 3164 5393 concordares,
3187 5329 3350 5384 multa
3385 5329 3476 5384 tibi
3503 5330 3696 5384 similia
3740 5340 3794 5382 et
3843 5334 4065 5401 magna'

2491 5440 2831 5487 narrassent;
2879 5439 3062 5478 verum
3111 5424 3231 5494 quia
3285 5433 3334 5479 te
3383 5426 3636 5495 gentiletn
3660 5424 3955 5492 profiteris,
4005 5442 4069 5478 nc

2488 5519 2611 5571 hinc
2638 5518 2851 5587 quidem
2867 5517 3108 5584 exempla
3138 5515 3391 5571 deerunt.
3439 5514 3750 5583 Audi(apud
3775 5515 4070 5582 Platonem)

2489 5611 2614 5680 quid
2643 5611 2706 5663 ad
2740 5609 3014 5666 Socratem
3038 5609 3280 5679 loquatur
3304 5609 3452 5663 Crito
3479 5626 3489 5659 :
3519 5606 3646 5660 Tua:
3671 5623 3790 5660 sane
3813 5619 3927 5661 sunt
3949 5623 4070 5659 metu

2487 5704 2713 5772 pecunia!
2732 5743 2746 5767 ,
2777 5713 2830 5754 ut
2860 5702 3092 5771 equidem
3121 5718 3255 5766 reor,
3296 5701 3421 5753 satis
3449 5699 3619 5752 nmltw
3643 5716 3657 5752 :
3685 5701 3762 5752 sin
3819 5715 3930 5751 vero
3979 5709 4028 5748 tu
4051 5738 4064 5758 ,

2485 5797 2618 5869 quod
2646 5798 2741 5851 mei
2767 5814 2942 5850 curam
2967 5813 3112 5868 geras
3131 5837 3146 5862 ,
3170 5812 3199 5847 a
3224 5812 3276 5846 re
3303 5810 3411 5846 mea
3442 5795 3527 5846 tibi
3567 5794 3915 5848 abstinendum
3953 5807 4066 5844 rm-

2547 5939 2561 5968 ¹
2602 5937 2762 5997 Pergit
2787 5948 2911 5982 unus
2935 5933 3110 5988 codex,
3135 5941 3180 5982 ct
3206 5939 3361 5982 t'etcra
3385 5938 3428 5982 ct
3453 5946 3588 5988 nam,
3615 5946 3721 5994 ι-μιιιι
3752 5932 3809 5977 τιιν
3844 5929 4072 5974 \tnhrosto

2482 6001 2624 6061 inter}
2645 6008 2751 6047 rete
2780 5998 3136 6058 exprimuntur.
