4506 6722
427 604 524 658 557

423 734 561 779 seas,
595 715 645 768 hi
664 715 747 784 qui
774 716 974 768 adstant
996 712 1216 780 hospites
1255 705 1492 774 impensis
1523 702 1689 773 parati
1726 711 1863 758 sunt.
1906 700 2002 754 ln-

422 807 531 861 tulit
565 809 746 879 quippe
765 810 816 861 in
848 808 941 860 hoc
969 806 1132 874 ipsum
1154 799 1417 868 pecuniam
1460 798 1703 867 ingentem
1759 794 2003 849 Simmias

422 899 714 954 Thebanus:
736 908 944 969 paratus
967 904 1035 947 est
1052 891 1204 947 Cebes
1232 905 1441 959 quoque,
1460 891 1550 942 alii
1568 890 1684 942 item
1707 887 1871 940 nmlti.
1893 883 1918 937 Ι
1928 894 2007 937 ια-

417 1010 530 1062 que,
562 1004 617 1046 ut
639 1003 786 1046 antea
809 989 1056 1049 dicebam,
1076 982 1220 1037 nullo
1246 981 1422 1036 horum
1451 993 1581 1035 metu
1607 986 1801 1052 fractus
1823 1019 1837 1041 ,
1862 975 2003 1030 salu-

414 1096 510 1138 tem
527 1103 650 1138 cura
675 1095 834 1138 tuam.
867 1078 1045 1146 Neque
1069 1075 1272 1140 veroid,
1303 1075 1437 1145 quod
1468 1077 1520 1128 in
1538 1073 1740 1144 judicio
1761 1069 1961 1123 dicebas
1981 1111 1995 1136 ,

415 1177 693 1229 molestiam
720 1172 808 1225 tibi
824 1169 1010 1237 pariat,
1029 1167 1163 1234 quod
1187 1167 1373 1220 scilicet
1399 1166 1654 1236 profectus
1675 1179 1774 1215 non
1796 1159 2002 1214 haberes

411 1284 510 1336 quo
526 1267 740 1334 teipsum
758 1270 989 1313 eerteres.
1017 1257 1189 1312 Multis
1203 1260 1333 1312 enim
1347 1268 1390 1310 et
1406 1257 1522 1310 aliis
1536 1256 1587 1308 in
1602 1252 1743 1315 locis,
1761 1268 2001 1321 quocum-

410 1376 508 1426 que
527 1356 868 1428 proﬁriscare,
899 1353 1136 1406 amabunt
1157 1363 1203 1405 te
1222 1352 1447 1421 plurimi.
1481 1347 1577 1402 Sin
1611 1356 1778 1398 autem
1799 1345 1918 1398 velis
1947 1346 1999 1397 in

416 1447 729 1504 Thessaliam
746 1463 968 1516 pergere,
989 1457 1104 1500 sunt
1133 1447 1257 1500 mihi
1281 1444 1508 1514 plerique
1525 1440 1628 1493 illic
1649 1441 1888 1509 hospites,
1915 1437 2002 1508 qui

412 1551 462 1594 te
478 1540 682 1608 plurimi
699 1540 898 1609 facient,
917 1549 961 1592 et
979 1549 1136 1592 tutum
1153 1538 1356 1592 omnino
1370 1529 1705 1603 praestabunt:
1719 1531 1792 1582 sic
1807 1539 1860 1581 ut
1874 1527 2004 1580 nihil

414 1632 501 1683 tibi
518 1631 568 1683 in
586 1628 844 1684 Thessalia
861 1632 1004 1684 desit.
1024 1630 1158 1696 Quid
1176 1620 1846 1693 hacopulentiajucundius
1863 1618 1886 1672 ?
1904 1619 2004 1672 Ve-

415 1735 531 1772 rtun
547 1719 656 1773 lucc
669 1720 900 1788 quidem,
917 1719 1053 1772 utad
1070 1716 1381 1772 smcularem
1415 1712 1682 1766 hominem
1703 1712 1807 1762 sint
1836 1709 2001 1762 dicta.

414 1811 565 1878 Quod
594 1812 636 1865 si
666 1811 823 1866 modo
847 1811 914 1864 ad
947 1807 1336 1879 philosophiam
1362 1802 1842 1858 aecommodatiore
1871 1814 1999 1867 epes

414 1903 676 1957 discutere
695 1904 921 1957 velimus
941 1943 955 1965 ,
991 1910 1044 1955 tu
1075 1899 1303 1952 fortasse
1353 1910 1457 1949 non
1488 1894 1788 1962 assequeris
1839 1891 1997 1945 intel-

414 1993 555 2048 lectu
579 2035 593 2059 ,
622 1993 750 2046 mibi
776 2003 950 2046 tamen
979 2000 1196 2060 propter
1215 1987 1427 2058 judices
1456 1984 1762 2040 necessario
1816 1982 1999 2036 dicen-

412 2084 539 2138 dum
569 2094 668 2138 est.
699 2083 881 2137 Tanta:
923 2083 1064 2136 enim
1112 2088 1239 2134 sunt
1281 2076 1489 2132 virtutis
1543 2091 1707 2145 opes.
1763 2074 2003 2140 adeoque

414 2175 604 2229 vestris
629 2173 897 2228 dulciores
923 2183 974 2228 et
1005 2171 1380 2240 optabiliores,
1414 2178 1471 2223 ut
1519 2169 1606 2238 qui
1667 2168 1761 2219 bas
1801 2165 2002 2220 habue-

413 2267 514 2320 rint
539 2281 606 2320 ne
629 2266 929 2320 universam
955 2262 1170 2333 quidem
1199 2271 1391 2316 terram
1411 2302 1426 2324 ,
1457 2259 1664 2314 etiamsi
1692 2258 1780 2311 illa
1809 2272 1998 2311 aurum

417 2356 716 2410 fieretcum
749 2354 1052 2417 montibus,
1109 2353 1242 2407 mari
1273 2361 1326 2405 et
1376 2349 1717 2415 fluminibus,
1756 2363 1996 2402 commu-

413 2455 526 2499 tare
550 2460 670 2499 cum
698 2445 801 2498 illis
828 2444 1110 2496 voluerint.
1141 2445 1210 2496 At
1239 2443 1283 2495 si
1314 2440 1367 2495 id
1411 2441 1526 2494 fieri
1582 2449 1762 2509 pesset
1786 2480 1802 2503 ,
1834 2453 1998 2507 expe-

413 2538 640 2590 rimeuto
707 2544 853 2588 certe
898 2533 1174 2587 didicisses
1222 2545 1321 2584 nos
1362 2545 1466 2584 non
1517 2530 1788 2600 jactantize
1838 2529 1998 2582 verba

412 2627 554 2697 loqui
589 2645 601 2678 :
635 2625 726 2681 sed
757 2625 987 2695 majores
1011 2637 1222 2693 quoque
1249 2622 1326 2676 illi
1353 2621 1565 2675 divitias
1595 2620 1736 2674 nacti
1775 2635 1999 2689 sperne-

411 2727 529 2772 rent
557 2727 608 2774 et
640 2733 925 2787 numquam
956 2731 1177 2786 prorsus
1206 2729 1326 2768 cum
1373 2713 1489 2766 istis
1528 2713 1645 2766 illas
1696 2720 1999 2766 commuta-

410 2817 547 2864 rent.
576 2809 640 2863 Et
665 2808 790 2878 quid
830 2822 930 2878 ego
958 2806 1110 2870 dico,
1138 2805 1571 2859 commutarcnt?
1600 2819 1669 2859 ne
1718 2819 1840 2858 cum
1894 2803 2000 2858 illis

409 2903 622 2972 quidem
655 2901 752 2956 has
774 2901 969 2954 habere
991 2899 1210 2954 vellent.
1237 2899 1393 2953 Certe
1433 2898 1477 2951 si
1506 2897 1625 2967 quis
1674 2896 1828 2951 vobis
1875 2911 1997 2950 cum

411 2993 651 3064 pecuniis
682 2991 893 3046 virtutis
921 2973 1187 3044 conferret
1209 3003 1360 3058 opes,
1394 2987 1599 3058 snpinis
1623 3001 1716 3041 eas
1752 2986 2000 3039 manibus

408 3085 781 3154 susciperetis:
810 3082 944 3136 adeo
971 3081 1069 3150 ipsi
1106 3095 1318 3150 quoque
1345 3094 1436 3132 eas
1457 3078 1666 3132 divitias
1690 3085 1743 3130 et
1772 3090 1995 3145 magnas

408 3189 460 3233 et
485 3176 822 3232 admirabiles
852 3188 970 3231 esse
1001 3171 1350 3228 confitemini.
1379 3173 1446 3224 At
1493 3169 1563 3223 bi‘
1600 3185 1667 3224 ne
1707 3184 1829 3224 cum
1881 3168 1997 3222 suis

407 3269 621 3339 quidem
652 3283 781 3337 opes
801 3274 1005 3319 vestras
1029 3262 1226 3318 habere
1267 3262 1566 3326 voluerint,
1598 3259 1669 3313 ita
1719 3275 1829 3313 rem
1871 3273 1992 3314 esse

408 3357 762 3429 spernendam
794 3363 1010 3411 norunt.
1042 3353 1216 3424 Atque
1247 3352 1349 3407 hoc
1375 3354 1546 3420 ipsum
1575 3364 1763 3405 rursus
1809 3363 1992 3404 exem-

412 3450 512 3519 plis
542 3448 733 3502 vestris
765 3446 1101 3516 perspicuum
1130 3443 1347 3498 faciam.
1369 3442 1633 3510 Quantum
1663 3441 1804 3493 enim
1839 3455 1992 3509 pecu-

410 3544 614 3597 niarum
642 3539 1000 3594 Alexandrum
1035 3537 1254 3606 Diogeni
1280 3535 1528 3589 daturum
1553 3533 1716 3588 fuisse
1740 3543 1925 3602 putas,
1950 3529 1996 3585 si

409 3633 621 3704 quidem
650 3632 737 3686 ille
767 3631 1023 3684 voluisset
1051 3625 1335 3695 accipere?
1365 3625 1456 3678 Ille
1509 3639 1636 3678 vero
1695 3623 1884 3676 noluit.
1918 3623 1992 3676 At

410 3723 716 3780 Alexander
743 3721 944 3774 viribus
979 3721 1107 3774 totis
1127 3718 1482 3772 contendebat
1503 3753 1532 3782 ν.
1551 3723 1846 3782 cunctaque
1879 3727 1995 3767 mo-

412 3818 656 3879 liebatur,
686 3823 742 3868 ut
767 3812 833 3866 ad
863 3812 1018 3879 hujus
1047 3810 1258 3864 divitias
1280 3810 1496 3886 propius
1525 3806 1819 3860 accederet.

478 3909 533 3964 5.
577 3907 675 3974 Qui
701 3904 868 3957 omnia
897 3903 1108 3971 despicit
1132 3918 1246 3954 vere
1283 3902 1441 3954 dives.
1473 3928 1542 3938 —
1578 3897 1741 3951 Visne
1782 3895 1996 3979 aliunde

407 4014 615 4071 quoque
644 4006 700 4051 et
729 4005 874 4050 tuam
900 3993 1130 4063 inopiam
1150 4033 1163 4054 .
1191 4000 1245 4046 et
1279 3988 1370 4045 ﬁlii
1403 3990 1475 4044 tui
1522 4004 1653 4058 opes
1701 4003 1993 4057 cognosce-

410 4091 506 4146 re?
532 4090 684 4143 Illum
715 4086 832 4150 adi,
862 4085 1088 4153 ejusque
1119 4081 1334 4152 pallium
1354 4121 1370 4147 ,
1403 4081 1542 4150 quod
1575 4081 1744 4133 solum
1806 4080 1993 4139 habet.

411 4183 485 4236 illi
511 4178 689 4234 aufer:
722 4177 857 4234 educ
883 4177 1008 4230 item
1045 4190 1109 4228 ex
1136 4173 1390 4235 latibula,
1448 4171 1670 4240 ejusque
1725 4173 1993 4236 tugurium

410 4273 656 4328 destrue:
693 4285 762 4324 ne
787 4269 865 4322 sic
889 4265 1101 4338 quidem
1128 4278 1248 4319 eum
1296 4261 1655 4329 indignantem
1709 4269 1802 4312 aut
1851 4275 1994 4327 :rgre

412 4366 670 4423 ferentem
697 4360 936 4426 videbis;
966 4373 1148 4415 verum
1180 4356 1272 4410 tibi
1296 4357 1482 4408 borum
1512 4353 1710 4422 gratias
1759 4350 1989 4415 reddet,

411 4466 663 4526 tantoque
714 4452 982 4521 majores,
1035 4446 1442 4521 quanto'magis
1493 4459 1613 4498 eum
1644 4442 1710 4496 ad
1755 4441 1990 4511 philoso-

413 4547 589 4617 phiam
611 4543 876 4613 impellis:
906 4541 998 4595 tibi
1029 4555 1157 4594 vero
1177 4538 1220 4593 si
1251 4537 1368 4607 quis
1393 4535 1476 4590 vel
1503 4533 1688 4588 decem
1712 4530 1992 4586 drachmas

413 4634 720 4698 abstulerit,
745 4632 955 4701 lugendi
985 4629 1417 4697 lamentandique
1445 4627 1603 4680 finem
1648 4639 1755 4678 non
1812 4623 1989 4676 facies.

415 4727 540 4783 Uter
566 4739 694 4794 ergo
721 4723 868 4776 dives
889 4720 1274 4775 existimandus
1300 4719 1405 4772 est?
1431 4719 1548 4772 isne
1565 4717 1656 4787 qui
1691 4715 1772 4769 vel
1805 4714 1872 4768 de
1898 4712 1998 4767 mi-

413 4818 573 4874 nimis
593 4813 949 4874 excrueiatur,
971 4826 1036 4863 an
1057 4810 1146 4878 qui
1169 4809 1344 4862 omnia
1367 4809 1521 4861 simul
1541 4807 1788 4876 despicit?
1815 4805 1998 4875 Neque

413 4913 465 4966 id
497 4921 697 4966 tantum
721 4905 915 4969 facias,
948 4917 1131 4956 verum
1164 4916 1229 4954 ex
1259 4908 1365 4952 tota
1414 4900 1632 4965 regione
1676 4899 1897 4952 exturba
1935 4897 1998 4950 il-

415 4999 915 5060 lumzetridentem
963 4991 1173 5048 videbis
1228 4991 1376 5061 quasi
1423 4990 1489 5043 de
1540 4990 1756 5043 ludentc
1805 5003 1992 5059 puero.

415 5098 490 5152 Te
520 5110 647 5150 vero
680 5093 724 5147 si
756 5091 874 5160 quis
898 5103 962 5142 ex
1010 5084 1178 5154 patria
1225 5084 1395 5136 solum
1425 5080 1698 5144 exttubet,
1727 5079 1997 5133 acerbissi-

417 5205 498 5242 ma
530 5186 779 5257 patieris,
807 5193 978 5250 neque
1005 5176 1147 5230 illam
1180 5173 1532 5228 calamitatem
1578 5170 1715 5225 ferre
1760 5169 1993 5238 poteris:

416 5280 507 5333 ille
533 5288 710 5332 autem
731 5317 746 5340 ,
779 5273 975 5344 quippe
1004 5280 1159 5323 terra:
1191 5265 1458 5332 marisque
1489 5262 1768 5324 dominus,
1802 5259 1873 5312 ita
1915 5259 1995 5311 fa-

418 5371 517 5424 cile
546 5381 600 5423 et
640 5371 758 5423 sine
788 5377 1016 5421 mmrore
1058 5375 1121 5413 ex
1169 5357 1250 5410 his
1283 5356 1413 5409 locis
1438 5355 1454 5386 ¹
1485 5354 1549 5408 ad
1575 5354 1675 5406 alia
1728 5350 1993 5420 migrabit,

419 5469 476 5513 ut
527 5468 581 5512 tu
629 5460 760 5513 facis
806 5472 926 5513 cum
986 5468 1078 5522 per
1097 5463 1251 5519 agros
1277 5456 1395 5499 tuos
1422 5445 1790 5505 iucedis.imo
1837 5443 1996 5497 etiam

368 5608 394 5628 ἢ
421 5551 647 5606 facilius.
677 5551 808 5603 Nam
835 5549 928 5603 tibi
954 5546 1051 5602 etsi
1103 5558 1196 5613 per
1225 5550 1308 5594 tua
1363 5538 1615 5592 incedere
1669 5538 1857 5602 liceat,
1904 5551 2000 5604 per

420 5644 588 5697 aliena
616 5650 794 5694 tamen
853 5638 1157 5695 necessario
1201 5631 1550 5689 incedendum
1601 5641 1684 5686 est
1725 5643 1822 5684 :at
1871 5643 2002 5684 vero

423 5747 617 5790 tenam
659 5733 747 5785 ille
797 5746 1012 5786 omnem
1065 5745 1214 5787 suam
1245 5724 1587 5787 obambulat,
1615 5723 1772 5792 eique
1820 5730 2001 5791 potum

401 5828 652 5897 «undique
700 5823 1056 5893 largissimum
1103 5821 1445 5893 suppeditant
1499 5825 1722 5884 stagna,
1778 5827 2001 5879 amnes,

425 5919 598 5975 fontes
625 5933 638 5969 :
666 5915 818 5968 cibus
843 5912 941 5982 ipsi
973 5921 1099 5966 sunt
1124 5915 1268 5967 olera
1291 5953 1306 5978 ,
1347 5910 1558 5970 herbzc,
1609 5918 1774 5974 panes
1821 5903 2002 5958 multis

489 6034 508 6064 ⁸
542 6037 592 6081 tn
614 6025 778 6078 aterel.
803 6030 987 6075 tantum
1010 6021 1190 6073 desunt
1211 6024 1390 6084 verba,
1417 6033 1480 6071 ea:
1504 6018 1575 6070 his
1596 6027 1728 6066 tam.

1171 591 1539 654 ADVERSUS
1576 584 2120 644 OPPUCNATORES
2162 588 2343 644 VITAS
2384 589 2684 647 MONAST.
2718 592 2846 646 ΗΒ.
2890 592 2950 646 ll.

3589 596 3695 651 5M

2110 717 2173 755 ex
2208 701 2337 756 locis
2367 703 2592 758 advecti.
2627 705 2871 760 Nerulum
2904 707 3045 760 enim
3073 707 3123 762 id
3151 707 3304 773 dico,
3335 709 3472 779 quod
3494 720 3692 766 terram

2108 792 2221 861 ipse
2264 810 2478 848 onmem
2521 809 2855 865 aspernetur,
2883 795 3085 851 habens
3125 799 3394 853 civitatem
3434 799 3688 854 cmlum‘.

2107 883 2258 952 Quod
2283 885 2326 938 si
2361 885 2692 940 moriendum
2722 886 2916 950 fuerit,
2941 886 3111 941 lzetius
3139 889 3271 944 feret
3299 889 3505 945 obitum
3531 906 3692 960 quam

2105 975 2327 1031 delicias
2370 987 2608 1044 vestras,
2660 995 2724 1034 ac
2753 979 3543 1052 praeoptabititamori,quam
3598 996 3693 1035 vos

2105 1070 2158 1123 in
2187 1072 2352 1138 patria
2382 1082 2435 1125 et
2465 1071 2642 1127 lecto:
2675 1073 2744 1128 ita
2774 1083 2830 1129 ut
2876 1075 2968 1129 ille
2999 1089 3124 1129 vere
3152 1076 3419 1148 sitvagus,
3441 1074 3693 1147 fugitivus

2104 1171 2157 1216 et
2188 1163 2555 1231 palabuudus,
2581 1165 2670 1234 qui
2697 1166 2880 1223 urbem
2906 1168 3090 1224 incolit
3117 1177 3169 1222 et
3200 1167 3252 1222 in
3273 1169 3431 1224 domo
3463 1168 3690 1232 habitat.

2105 1270 2206 1306 non
2224 1264 2403 1310 autem
2417 1251 2507 1321 qui
2526 1255 2608 1312 bis
2619 1257 2864 1312 omnibus
2877 1259 3012 1314 liber
3027 1259 3217 1315 evasit.
3232 1258 3526 1330 Numquam
3546 1261 3692 1316 enim

2104 1344 2248 1397 illum
2275 1340 2344 1396 de
2366 1338 2538 1411 patria
2566 1347 2766 1404 poteris
2790 1348 3018 1404 educere
3035 1391 3052 1416 ,
3073 1351 3173 1405 nisi
3193 1366 3317 1406 eum
3344 1366 3412 1407 ex
3439 1352 3692 1406 universa

2106 1444 2243 1489 terra
2265 1435 2544 1506 dejeceris.
2576 1434 2652 1493 Ita
2681 1439 2825 1493 enim
2876 1439 3087 1495 interim
3127 1443 3443 1512 loquamur:
3478 1427 3602 1498 nam
3646 1442 3693 1497 si

2105 1540 2227 1580 vere
2254 1527 2574 1596 loquendum
2593 1533 2681 1596 sit,
2711 1540 2838 1587 tunc
2865 1547 2991 1587 eum
3023 1536 3250 1588 maxime
3274 1536 3325 1590 in
3347 1535 3571 1605 patriam
3600 1551 3690 1593 re-

2106 1616 2304 1682 mittes,
2324 1634 2444 1673 cum
2458 1637 2520 1674 ex
2541 1633 2681 1677 terra
2698 1623 3005 1679 deduxeris.
3022 1623 3217 1680 Verum
3247 1626 3298 1680 id
3349 1628 3582 1681 nondum
3623 1628 3691 1682 ad

2105 1715 2156 1761 te
2182 1708 2481 1778 loquemur,
2505 1713 2592 1781 qui
2624 1714 2834 1769 nonnisi
2859 1732 2919 1771 ea
2947 1733 3066 1788 qu:e
3095 1717 3270 1773 oculis
3294 1718 3697 1790 perspiciuntur

2105 1800 2267 1853 nosti.
2312 1800 2494 1871 Neque
2526 1803 2723 1857 nudum
2764 1820 2887 1859 eum
2927 1809 3125 1876 poteris
3164 1811 3483 1875 ostendere.
3520 1810 3697 1866 donec

2105 1893 2318 1948 virtutis
2348 1895 2675 1950 indumentis
2704 1897 2928 1953 amictus
2960 1899 3136 1965 fuerit,
3163 1917 3338 1970 neque
3363 1903 3503 1958 fame
3531 1919 3690 1958 neca-

2103 1986 2205 2050 bis,
2246 1988 2500 2056 quamdiu
2530 1989 2617 2057 qui
2649 1992 2719 2043 sit
2746 2005 2905 2046 verus
2939 1992 3088 2047 cibus
3123 1994 3423 2063 agnoverit.
3464 1994 3570 2051 Sed
3610 1995 3698 2051 his

2107 2077 2353 2132 omnibus
2400 2078 2595 2133 divites
2639 2079 2796 2134 facile
2839 2083 3135 2152 capiuntur.
3188 2085 3544 2150 Quamobrem
3593 2084 3693 2141 bac

2104 2167 2310 2222 ratione
2339 2185 2442 2223 non
2474 2170 2776 2238 aberrabit,
2819 2171 2910 2242 qui
2952 2172 3052 2228 bos
3089 2175 3300 2243 quidem
3341 2191 3601 2245 pauperes
3629 2190 3693 2234 ac

2106 2274 2324 2329 prorsus
2354 2262 2536 2332 inopes
2577 2263 2810 2331 dixerit,
2853 2265 2974 2320 illos
3001 2277 3181 2321 autem
3212 2266 3500 2322 admodum
3542 2269 3690 2324 locu-

2105 2351 2296 2420 pletes.
2325 2351 2454 2406 Nam
2481 2355 2566 2409 cui
2593 2355 2762 2421 cibus,
2797 2367 2970 2424 potus,
3006 2358 3226 2424 domus,
3257 2359 3472 2430 requies
3495 2360 3693 2431 ubique

2101 2439 2371 2512 suppetit,
2417 2459 2515 2496 nec
2563 2444 2723 2498 modo
2771 2460 2878 2499 non
2903 2447 2924 2477 ¹
2955 2446 3180 2502 moleste
3218 2449 3351 2516 fert,
3391 2449 3486 2505 sed
3527 2453 3688 2504 etiam

2102 2531 2156 2587 in
2201 2533 2283 2586 bis
2307 2533 2627 2601 jucundius,
2660 2550 2820 2604 quam
2847 2550 2943 2589 vos
2969 2536 3022 2591 in
3050 2537 3277 2602 vestris,
3303 2547 3582 2606 versatur;
3623 2542 3690 2607 is,

2103 2631 2162 2678 ut
2192 2624 2380 2693 liquet,
2408 2627 2715 2696 0pulentior
2740 2636 2823 2683 est
2848 2629 3097 2684 omnibus
3128 2629 3277 2685 vobis
3302 2629 3574 2699 divitibus,
3604 2634 3694 2704 qui

2102 2715 2250 2772 domi
2282 2727 2484 2772 tantum
2517 2719 2632 2774 luce
2665 2719 2903 2776 invenire
2933 2721 3174 2789 potestis.
3205 2722 3466 2789 Quocirca
3495 2739 3598 2781 nec
3625 2725 3693 2782 de

2102 2806 2279 2876 inopia
2297 2808 2385 2864 ille
2410 2824 2658 2878 umquam
2681 2810 2898 2880 lugebit.
2918 2811 3103 2882 Neque
3122 2815 3263 2868 enim
3288 2830 3352 2868 ex
3383 2815 3482 2871 hac
3505 2831 3686 2871 rerum

2101 2900 2253 2968 capia
2281 2908 2335 2954 et
2365 2900 2635 2970 voluptate
2680 2910 2885 2956 tantum
2915 2903 3114 2957 divitia:
3145 2904 3259 2958 ista:
3290 2906 3690 2974 przestantiores

2101 2997 2261 3050 sunt;
2290 2989 2383 3045 sed
2416 2991 2575 3044 etiam
2603 2991 2746 3061 quod
2773 2993 3162 3062 iusuperabiles
3187 2995 3315 3059 sint,
3347 3010 3447 3051 nec
3472 2997 3524 3050 in
3555 3012 3688 3066 pau-

2102 3087 2364 3148 pertatem
2396 3095 2646 3150 umquam
2688 3081 2879 3136 cadere
2917 3083 3155 3151 possint,
3184 3098 3360 3152 neque
3389 3085 3455 3138 iis
3483 3085 3690 3154 pnedtti

2099 3169 2327 3239 subjecti
2355 3171 2462 3224 sint
2490 3171 2650 3226 futuri
2679 3170 3037 3226 incertitudini
3057 3214 3072 3238 ,
3100 3189 3206 3229 non
3235 3176 3380 3231 curis
3405 3186 3687 3248 angantur,

2101 3278 2209 3319 non
2255 3263 2422 3318 livore
2466 3265 2784 3333 capiantur;
2831 3264 2927 3320 sed
2955 3265 3363 3323 admirationem
3392 3283 3605 3323 omnem
3632 3279 3691 3325 et

2097 3354 2311 3410 laudem
2341 3363 2395 3408 et
2420 3353 2615 3409 famam
2646 3355 2942 3412 obtineant.
2973 3357 3133 3426 Atqui
3164 3357 3216 3412 in
3247 3358 3396 3414 vobis
3419 3362 3689 3416 contraria

2096 3445 2314 3514 penitus
2342 3445 2593 3501 videntur
2620 3463 2634 3498 :
2663 3462 2768 3501 non
2796 3448 2958 3502 modo
2986 3447 3130 3503 enim
3156 3464 3254 3505 vos
3281 3449 3371 3505 alii
3398 3452 3465 3505 de
3490 3451 3692 3508 divitiis

2099 3550 2206 3590 non
2235 3536 2486 3601 laudant,
2514 3537 2610 3592 sed
2635 3539 2797 3592 etiam
2826 3539 3055 3594 oderunt
3081 3548 3138 3595 et
3180 3550 3526 3609 aversantur,
3557 3544 3691 3597 iuvi.

2099 3626 2228 3681 dent
2253 3626 2380 3681 item
2403 3627 2555 3682 vobis
2584 3637 2742 3699 atque
2776 3630 3094 3685 insidiantur
3122 3631 3330 3701 plurimi
3359 3651 3373 3687 :
3403 3633 3489 3688 hic
3507 3643 3686 3691 autem

2099 3717 2242 3787 quod
2268 3720 2408 3772 veris
2434 3719 2634 3773 divitiis
2665 3721 2901 3789 locuples
2928 3721 3016 3786 sit,
3047 3722 3167 3776 ideo
3192 3722 3422 3778 maxime
3448 3723 3686 3780 admira-

2099 3808 2228 3862 tioni
2258 3816 2360 3873 est,
2409 3823 2506 3862 nec
2547 3808 2741 3862 invidia
2773 3818 2866 3863 aut
2895 3810 3101 3864 insidiis
3128 3812 3417 3880 appetitur.
3450 3815 3532 3868 Ad
3561 3829 3687 3870 eor-

2099 3902 2243 3971 poris
2268 3915 2398 3956 vero
2437 3900 2795 3954 valetudinem
2837 3910 2956 3957 uter
2993 3903 3209 3971 aptior?
3251 3919 3430 3960 nonne
3460 3905 3506 3959 is
3531 3921 3688 3976 agre-

2099 3994 2258 4047 stium
2289 3992 2459 4048 instar
2501 3992 2855 4047 animantium
2886 4002 3076 4063 vegeto
3105 4010 3329 4064 corpore
3357 4006 3472 4060 est,
3504 4007 3688 4066 utpote

2100 4084 2192 4151 qui
2227 4084 2521 4155 purissimo
2549 4083 2753 4138 fruatur
2780 4099 2923 4150 aere,
2954 4085 3164 4138 fluentis
3191 4085 3513 4153 Salubribus,
3541 4086 3690 4143 ﬂori-

2100 4173 2220 4236 bus,
2245 4173 2432 4243 pratis,
2460 4173 2625 4228 o'dore
2643 4174 2985 4244 gratissimo;
3018 4173 3104 4229 hic
3128 4172 3428 4245 νει-οἵπωεί
3453 4175 3507 4230 in
3530 4192 3688 4233 emno

2093 4263 2300 4332 jacens.
2347 4272 2402 4318 et
2446 4265 2660 4318 mollior
2703 4275 2786 4319 est
2829 4271 2884 4318 et
2926 4264 3127 4319 morbis
3171 4264 3341 4335 magis
3382 4268 3690 4323 obnoxius?

2097 4353 2248 4420 Quod
2278 4353 2322 4406 si
2369 4354 2420 4406 in
2467 4355 2694 4408 sanitate
2735 4354 2932 4423 primas
2965 4354 3054 4409 ille
3086 4362 3302 4419 teneat,
3333 4356 3385 4408 in
3418 4357 3687 4426 voluptate

2097 4458 2202 4497 non
2235 4444 2444 4508 minus,
2476 4454 2532 4496 ut
2571 4443 2754 4513 liquet.
2791 4444 2975 4499 Utrum
3008 4446 3149 4500 enim
3194 4447 3363 4515 magis
3405 4448 3683 4502 existimas

2098 4533 2150 4587 in
2177 4532 2382 4586 deliciis
2405 4547 2585 4602 agere,
2610 4548 2804 4588 eumne
2830 4535 2918 4604 qui
2945 4549 3106 4604 super
3134 4536 3392 4591 altissima
3420 4539 3685 4594 recumbit

2098 4625 2282 4691 herba,
2312 4641 2452 4696 pone
2483 4625 2680 4681 fontem
2711 4626 2989 4696 limpidum
3009 4670 3022 4692 ,
3051 4628 3153 4683 sub
3181 4630 3369 4684 umbra
3401 4632 3684 4687 densarum

2098 4718 2386 4781 arborum,
2431 4719 2753 4790 oculumque
2801 4721 2969 4789 pascit
3013 4733 3264 4790 aspectu,
3311 4723 3685 4794 purioremque

2103 4813 2220 4880 ipso
2264 4812 2394 4866 ca-lu
2434 4811 2670 4865 animum
2703 4813 2972 4883 possidet,
3004 4827 3032 4864 a
3063 4828 3239 4866 rerum
3286 4814 3684 4882 perturbatione

2103 4919 2167 4957 ac
2190 4903 2417 4957 tumultu
2443 4903 2599 4972 longe
2623 4912 2892 4965 remotus;
2921 4917 2987 4955 an
3014 4918 3133 4956 eum
3156 4907 3246 4973 qui
3274 4904 3418 4958 domi
3449 4906 3686 4964 inclusus

2104 4997 2332 5051 manet?
2359 4997 2496 5051 Sane
2523 5013 2625 5049 non
2652 5010 2776 5050 aere
2804 4995 3017 5063 puriora
3048 5006 3172 5050 sunt
3201 5013 3489 5066 marmora,
3516 5017 3685 5068 neque

2104 5087 2290 5141 umbra
2339 5087 2462 5139 tecti
2512 5085 2747 5139 frondeis
2791 5087 2998 5142 umbris
3039 5089 3260 5158 gratior,
3309 5105 3482 5160 neque
3523 5092 3682 5160 lapilli

2104 5180 2221 5233 solo
2251 5177 2412 5230 variis
2443 5185 2629 5246 operto
2659 5177 2882 5232 floribus
2921 5180 3261 5234 amoeniores.
3294 5181 3464 5248 Atque
3494 5180 3681 5235 horum

2101 5287 2198 5326 vos
2225 5270 2417 5326 divites
2447 5279 2612 5324 testes
2649 5270 2780 5325 estis
2800 5312 2816 5336 ,
2861 5271 2950 5340 qui
2971 5313 2986 5336 ,
3017 5271 3060 5324 si
3092 5271 3203 5324 fieri
3236 5279 3440 5339 posset,
3473 5271 3525 5325 in
3556 5272 3678 5342 ipsis

2104 5367 2259 5422 tectis
2284 5366 2503 5421 arbores
2532 5365 2727 5419 habere
2755 5365 3041 5434 cuperetis,
3072 5371 3126 5418 et
3165 5373 3431 5432 pratorum
3459 5365 3676 5420 autumi.

2104 5468 2268 5514 tatem
2327 5459 2585 5522 malletis,
2639 5472 2741 5526 qua
2791 5471 2951 5510 aurea
2992 5463 3146 5520 tecta,
3188 5455 3487 5524 arietesque
3528 5458 3663 5512 mira

2107 5551 2262 5606 bilt-s.
2293 5548 2657 5618 Quamobrem
2685 5562 2806 5604 eum
2847 5561 2913 5602 ex
2957 5545 3136 5600 multis
3176 5546 3444 5601 laboribus
3481 5563 3677 5603 recrea-

2110 5648 2305 5701 tionem
2334 5643 2576 5712 accipere
2603 5642 2780 5705 vultis,
2815 5639 2896 5692 his
2921 5639 3117 5692 relictis
3144 5637 3209 5691 ad
3239 5638 3326 5692 illa
3370 5641 3685 5710 properatis.

2109 5740 2313 5796 Verum
2361 5738 2586 5792 fortasse
2633 5751 2728 5804 pro
2771 5733 2936 5803 gloria
2982 5731 3328 5800 conquereris
3372 5732 3459 5787 illa
3503 5743 3679 5802 magna

2178 5950 2193 5976 ‘
2231 5951 2332 5993 Duo
2347 5947 2474 5992 Mss"
2496 5937 2546 5987 in
2569 5932 2702 5987 calo.

2178 6009 2199 6039 ¹
2234 6013 2398 6065 Deest,
2423 6012 2513 6052 non
2527 6035 2542 6062 ,
2566 6001 2614 6049 in
2635 5997 2823 6048 duobus
2842 6000 2950 6044 ω.
