4506 6768
790 513 894 569 339

789 642 951 698 atque
981 626 1218 699 ingenti,
1243 641 1364 697 qua:
1393 623 1482 680 hic
1513 639 1617 678 non
1648 630 1941 692 comparet.
1984 621 2203 689 Regiam
2230 616 2375 670 enim

789 719 1066 776 solitudini
1114 719 1433 783 conferens,
1481 725 1638 785 atque
1686 713 1964 780 utriusque
2012 722 2178 766 status
2227 723 2377 777 Spem

790 824 978 869 mutuo
1031 823 1370 880 comparans,
1401 807 1471 862 de
1522 806 1656 862 ca-lo
1704 805 1820 874 ipso
1863 803 2030 858 filium
2079 802 2172 856 tibi
2221 801 2236 831 '
2282 799 2377 853 de-

789 906 988 960 cidisse
1035 903 1334 958 arbitraris.
1383 900 1441 955 ld
1488 899 1649 969 igitur
1694 896 1870 967 primo
1917 895 2225 951 discendum
2272 899 2377 957 est,

788 996 933 1066 quod
976 1010 1151 1064 neque
1176 992 1406 1047 solitudo
1436 988 1741 1060 ignobilem,
1786 1002 1965 1057 neque
2003 988 2148 1057 regia
2175 985 2379 1039 clarum

791 1088 950 1142 faciat
967 1097 1022 1142 ct
1045 1088 1300 1140 illustrem
1323 1102 1335 1138 :
1355 1093 1514 1152 atque
1533 1090 1820 1150 antequam
1849 1079 1917 1135 ad
1943 1081 2175 1135 rationes
2198 1076 2378 1132 venia-

793 1193 934 1243 mus,
960 1176 1219 1244 cxetuplis
1249 1184 1300 1229 te
1327 1174 1396 1229 ab
1420 1172 1520 1228 hac
1548 1173 1854 1242 suspicione
1882 1168 2161 1236 liberal)»;
2200 1185 2382 1225 exem-

792 1268 895 1338 plis
914 1308 930 1332 ,
964 1267 1178 1335 inquam
1199 1308 1215 1331 ,
1257 1281 1365 1320 non
1393 1265 1591 1320 nostris
1610 1307 1627 1332 ,
1657 1264 1754 1320 sed
1784 1264 1997 1320 vestris.
2029 1263 2105 1317 Dc
2129 1261 2383 1330 Dionysio

791 1359 929 1415 forte
976 1360 1172 1414 audisti
1219 1358 1414 1415 Sicilia:
1464 1368 1714 1430 tyranno,
1765 1358 1999 1425 itemque
2045 1354 2112 1409 de
2158 1353 2383 1407 Platone

798 1455 1067 1510 Aristonis
1092 1454 1226 1509 ﬁlio.
1257 1453 1383 1509 Uter
1422 1453 1612 1521 igitur,
1642 1450 1729 1503 dic
1762 1448 1891 1502 mihi
1912 1490 1927 1512 ,
1956 1445 2215 1517 insignior
2244 1443 2384 1499 fuit?

798 1558 921 1603 uter
940 1547 1169 1607 canitur,
1186 1554 1245 1607 ,et
1268 1559 1360 1611 per
1376 1549 1691 1595 cunctorum
1714 1554 1808 1593 ora
1835 1537 2175 1594 celebratur?
2206 1551 2385 1590 nonne

796 1638 1143 1708 philosophus
1173 1638 1340 1703 magis
1360 1675 1374 1697 ,
1406 1648 1565 1704 quam
1600 1631 1900 1705 tyrannus?
1944 1631 2105 1702 Atqui
2149 1630 2239 1685 ille
2267 1628 2387 1699 qui-

790 1730 912 1783 dem
981 1728 1163 1782 Sicilia
1239 1736 1350 1780 tota
1388 1728 1410 1758 ¹
1453 1725 1789 1796 potiebatur,
1838 1734 1998 1795 atque
2068 1724 2124 1778 in
2182 1722 2386 1777 deliciis

792 1819 1060 1891 degebat,
1111 1819 1418 1889 iungentibus
1460 1817 1692 1880 divitiis,
1743 1816 2036 1870 satellitum
2082 1812 2388 1884 agminibus

792 1914 1050 1981 stipatus,
1081 1927 1144 1965 ac
1169 1926 1290 1965 cum
1318 1909 1537 1977 reliquis
1568 1908 1818 1976 potentiae
1854 1906 2149 1974 insignibus
2178 1904 2389 1959 diutur-

794 2018 916 2056 nam
965 2002 1124 2055 vitam
1171 1998 1338 2069 gessit
1378 2015 1392 2051 :
1435 1996 1524 2051 hic
1564 2004 1743 2050 autem
1784 1995 1838 2048 iu
1880 1992 2183 2048 Academiae
2227 1995 2386 2048 horto

792 2093 1137 2158 versabatur,
1184 2090 1386 2161 rigans,
1434 2088 1679 2143 inserens
1702 2127 1718 2151 ,
1757 2086 2031 2155 olivasque
2069 2082 2381 2151 comedens,

792 2200 856 2237 ae
909 2183 1218 2237 vilissimam
1272 2194 1546 2250 apponens
1607 2192 1847 2232 mensam
1901 2176 1995 2231 illo
2046 2176 2192 2229 omni
2243 2189 2383 2229 vano

792 2274 1077 2344 splendore
1120 2287 1336 2326 vacuus.
1385 2270 1451 2325 Et
1483 2268 1585 2324 hoc
1614 2284 1720 2323 non
1750 2282 1918 2337 usque
1962 2266 2096 2321 adeo
2142 2265 2385 2321 mirabile

791 2376 907 2430 est;
934 2364 1028 2420 sed
1056 2362 1198 2433 quod
1227 2377 1415 2418 servus
1444 2361 1664 2416 ell'ectus
1682 2401 1699 2427 ,
1730 2358 2047 2431 tyrannique
2074 2356 2229 2427 jussu
2253 2371 2385 2410 ven-

792 2458 935 2513 ditus
956 2498 972 2524 ,
1002 2467 1207 2512 tantttm
1251 2454 1419 2510 abfuit
1460 2464 1517 2509 ut
1548 2454 1639 2508 illo
1668 2463 1949 2523 propterea
1982 2453 2137 2507 vilior
2164 2466 2384 2520 appareo

794 2558 900 2615 ret,
923 2558 982 2603 ut
1008 2547 1107 2616 ipsi
1130 2562 1341 2616 quoque
1365 2557 1595 2617 tyranno
1621 2543 1746 2598 hinc
1770 2544 1918 2598 visus
1941 2544 2012 2598 sit
2035 2543 2388 2597 admiratione

793 2639 1005 2709 dignus.
1038 2638 1201 2692 Tanta
1234 2651 1317 2690 res
1344 2644 1428 2690 est
1452 2634 1656 2689 virtus!
1699 2648 1805 2689 non
1842 2650 1940 2704 per
1977 2648 2037 2688 ea
2069 2633 2231 2687 modo
2264 2648 2387 2703 quae

794 2731 921 2799 agit,
953 2727 1048 2783 sed
1080 2744 1174 2798 per
1210 2743 1273 2781 ea
1301 2728 1461 2782 etiam
1491 2741 1610 2795 qua:
1653 2725 1873 2796 indigne
1902 2724 2117 2795 patitur,
2164 2738 2266 2778 nec
2293 2739 2383 2778 sc-

796 2822 986 2891 ipsam,
1034 2835 1131 2874 nec
1175 2833 1270 2874 eos
1312 2819 1402 2889 qui
1451 2818 1620 2889 ipsam
1650 2824 1905 2872 exercent
1946 2815 2117 2870 latere
2163 2814 2289 2870 sinit
2331 2821 2387 2868 et

792 2913 1068 2967 occultari.
1097 2912 1233 2980 Quid
1258 2926 1387 2966 vero
1411 2920 1711 2981 praeceptor
1732 2910 1850 2978 ejus
1871 2908 2161 2965 Socrates?
2185 2915 2387 2978 quanto

797 3006 844 3059 is
873 3004 1135 3059 Archelao
1161 3002 1261 3058 fuit
1287 3003 1587 3057 illustrior?
1616 3006 1684 3057 At
1722 3004 1811 3057 ille
1838 3017 1932 3056 rex
1960 3017 2084 3056 cum
2121 3009 2300 3063 esset,
2334 2999 2387 3053 in

796 3094 1047 3165 plurimis
1074 3094 1263 3163 apibus
1287 3094 1550 3164 degebat;
1591 3093 1676 3148 hic
1704 3103 1884 3147 autem
1927 3094 1979 3147 in
2008 3092 2183 3164 Lyceo
2210 3107 2391 3145 mora-

801 3188 987 3247 batur,
1031 3184 1273 3255 nihilquc
1304 3193 1501 3254 prmter
1524 3185 1900 3239 vestimentum
1932 3199 2096 3238 unum
2138 3183 2388 3246 habebat,

797 3293 905 3348 quo
926 3286 981 3332 et
1021 3275 1196 3332 hieme
1218 3287 1275 3331 et
1309 3285 1518 3340 testate,
1546 3276 1903 3345 omnibusque
1931 3277 2055 3330 anni
2098 3283 2389 3344 tempesta-

798 3371 944 3425 tibus
966 3370 1212 3425 utebatttr
1243 3387 1257 3422 :
1288 3367 1445 3423 nudis
1479 3382 1695 3439 semper
1728 3368 1951 3439 pedibus
1989 3368 2149 3433 vixit,
2182 3382 2244 3421 ac
2274 3367 2389 3421 sine

802 3461 924 3515 cibo
964 3469 1130 3515 totam
1175 3459 1503 3529 transigebat
1540 3458 1712 3523 diem,
1742 3475 1881 3529 pane
1924 3458 2041 3513 solo
2083 3466 2383 3520 contentus,

797 3561 960 3622 atque
1001 3551 1054 3607 id
1082 3560 1199 3606 erat
1222 3552 1270 3607 ei
1302 3560 1355 3605 et
1383 3550 1666 3606 obsonium
1690 3558 1748 3605 et
1771 3566 1896 3605 esca
1926 3567 1939 3603 :
1970 3565 2067 3604 nec
2094 3550 2247 3603 istam
2275 3550 2391 3618 qui-

796 3644 919 3700 dem
965 3659 1205 3699 mensam
1251 3659 1321 3699 ex
1356 3644 1521 3700 rebus
1563 3642 1676 3699 suis
1715 3641 2023 3712 apparabat,
2057 3640 2149 3696 sed
2178 3641 2245 3695 ab
2271 3641 2391 3694 aliis

800 3734 1115 3804 accipiebat,
1159 3744 1403 3790 extrema
1445 3733 1648 3788 scilicet
1702 3732 1754 3786 in
1805 3741 2119 3801 paupertate
2165 3730 2385 3801 degens.

801 3825 1060 3895 Adeoque
1097 3834 1275 3880 tamen
1303 3826 1418 3895 ipso
1448 3839 1573 3895 rege
1598 3824 1795 3879 clarior
1817 3832 1950 3888 erat,
1981 3833 2038 3879 ut
2062 3824 2129 3878 ab
2158 3824 2250 3879 illo
2278 3823 2389 3878 fre-

801 3925 1028 3985 quenter
1058 3915 1329 3979 invitatus,
1362 3915 1529 3970 nollet
1553 3914 1729 3987 Lyceo
1752 3915 1977 3970 dimisso
2003 3914 2067 3969 ad
2095 3915 2235 3969 illius
2260 3929 2392 3986 epes

800 4006 1087 4077 proﬁcisci.
1120 4008 1189 4061 At
1213 4022 1279 4061 ex
1307 4022 1370 4062 ea
1396 4021 1609 4076 quoque
1631 4048 1647 4072 ,
1677 4022 1799 4077 qua:
1830 4021 1974 4061 nunc
1999 4006 2241 4073 obtinet,
2272 4006 2393 4075 epi-

805 4098 987 4160 nione,
1010 4113 1129 4167 quae
1156 4098 1363 4166 potiora
1391 4098 1496 4151 sint
1522 4106 1744 4166 apparet
1770 4114 1783 4149 :
1806 4111 2039 4166 namque
2064 4095 2255 4151 horum
2279 4097 2397 4167 qui-

807 4187 930 4242 dem
951 4186 1166 4241 nomina
1189 4186 1431 4256 plurimis
1454 4194 1580 4240 nota
1602 4194 1761 4251 sunt;
1789 4185 2001 4239 illorum
2025 4201 2152 4241 vero
2174 4187 2392 4241 nemini.

807 4280 1119 4350 Sin0peusis
1144 4288 1325 4333 autem
1354 4275 1665 4351 (Diogenes)
1696 4278 1832 4333 alius
1862 4278 2211 4349 philosoplms
2248 4290 2396 4335 tanto

805 4380 859 4427 et
889 4371 973 4426 his
996 4377 1050 4425 et
1075 4369 1197 4424 aliis
1227 4369 1525 4425 innumeris
1556 4370 1769 4440 regibus
1796 4371 2101 4441 opulentior
2125 4381 2263 4437 erat,
2294 4372 2394 4425 etsi

806 4464 995 4535 pannis
1021 4464 1213 4519 laceris
1240 4463 1481 4530 vestitus,
1509 4472 1568 4517 ut
1594 4462 1896 4518 Alexander
1922 4463 2147 4533 Philippi
2177 4464 2396 4518 Macedo

808 4556 1107 4610 exercitum
1133 4556 1186 4608 in
1216 4554 1407 4609 Persas
1431 4554 1655 4617 ducens,
1681 4554 1767 4608 ubi
1796 4554 1944 4608 illum
1968 4555 2115 4621 yidit,
2145 4558 2396 4612 omnibus

808 4646 1065 4709 dimissis,
1094 4645 1163 4700 ad
1192 4661 1315 4699 eum
1345 4654 1622 4715 pergeret,
1664 4659 1726 4698 ac
1752 4653 1965 4714 rogaret
1984 4685 1997 4708 ,
2028 4645 2203 4702 ullane
2231 4664 2289 4703 re
2318 4650 2398 4702 in-

808 4741 1037 4811 digeret,
1061 4748 1117 4794 et
1138 4754 1207 4794 an
1227 4738 1427 4808 aliquid
1446 4738 1683 4808 juberet.
1709 4738 1799 4793 llle
1822 4752 1949 4792 vero
1973 4738 2139 4793 nihilo
2160 4755 2218 4795 se
2238 4756 2399 4811 egere

810 4830 1104 4900 respondit.
1134 4829 1271 4885 Num
1307 4830 1417 4900 jam
1447 4830 1825 4899 exemplorum
1854 4830 1985 4884 satis
2013 4830 2195 4892 habes.
2224 4848 2290 4885 an
2322 4834 2399 4886 vis

808 4923 909 4977 alia
928 4938 1139 4992 quoque
1160 4924 1553 4979 memoremus?
1571 4922 1771 4992 Nempe
1793 4924 1878 4979 isti
1899 4940 2006 4979 non
2026 4924 2186 4979 modo
2208 4925 2290 4989 iis,
2311 4928 2398 4994 qui

813 5016 864 5069 in
893 5014 1037 5084 regia
1064 5014 1294 5083 insignes
1316 5016 1485 5080 fuere,
1513 5016 1605 5070 scd
1631 5017 1758 5083 ipsis
1781 5033 1992 5088 quoque
2013 5017 2228 5088 regibus
2255 5019 2402 5073 luere

810 5108 1071 5161 clariores
1091 5147 1108 5175 ,
1140 5122 1261 5163 cum
1306 5107 1565 5177 privatam
1595 5108 1934 5178 quietamque
1964 5112 2125 5165 vitam
2167 5112 2401 5181 delegis-

812 5210 963 5264 sent,
997 5216 1170 5270 neque
1208 5202 1275 5256 ad
1324 5201 1711 5272 rempublicam
1744 5204 2007 5261 ullatenus
2048 5222 2107 5262 se
2154 5208 2403 5264 conferre

813 5290 1130 5346 voluissent.

897 5382 1089 5438 Virtute
1108 5384 1347 5442 clariores
1376 5388 1614 5458 eﬂicimur
1630 5407 1782 5462 quam
1812 5392 2010 5461 opibus.
2032 5424 2103 5435 —
2121 5395 2226 5451 Sed
2258 5398 2400 5450 enim

813 5475 867 5533 in
895 5478 1009 5548 ipsa
1050 5494 1265 5551 quoque
1302 5482 1606 5553 reipublicae
1634 5484 2097 5543 administratione
2139 5505 2243 5545 non
2285 5493 2404 5547 illos

812 5572 991 5628 claros
1014 5571 1175 5628 fuisse
1199 5571 1573 5645 deprehendes
1593 5618 1608 5644 ,
1638 5582 1727 5648 qui
1758 5578 1990 5646 divitiis,
2017 5581 2219 5637 deliciis
2248 5596 2302 5639 et
2330 5584 2405 5638 fa-

809 5664 1095 5722 cultatibus
1121 5666 1364 5724 instructi
1396 5672 1694 5737 erant,sed
1718 5687 1812 5727 eos
1831 5714 1846 5736 ,
1876 5675 1965 5742 qui
1996 5676 2044 5729 iu
2070 5688 2400 5747 paupertate,

810 5757 1184 5831 simplicitate,
1207 5770 1261 5816 et
1289 5761 1560 5818 moderata
1591 5765 1695 5820 vita
1734 5765 2015 5837 degebant.
2050 5772 2203 5840 Apud
2236 5772 2404 5826 Athe-

877 5874 893 5945 ξ
932 5880 980 5945 I_n
1005 5880 1146 5925 textu
1161 5887 1323 5945 graeco
1334 5876 1503 5935 deest.
1520 5878 1631 5945 tibi;
1654 5881 1743 5939 sed
1758 5883 2009 5936 invenitur
2027 5888 2073 5936 in
2086 5887 2279 5938 duobus
2296 5897 2398 5943 Mss.

875 5936 897 5968 ι
930 5942 1030 5988 Duo
1048 5936 1292 6001 Μιλησία
1310 5946 1453 5993 terra.

1540 507 1595 562 S.
1638 503 1918 561 JOANNIS
1958 501 2431 561 CllRYSOSTOMI
2462 501 2779 560 ARClllEP.
2822 507 3359 565 CONSTANTINOP.

3965 523 4069 578 5λῦ

2485 619 2696 674 nienses
2727 623 2990 679 Aristides
3010 668 3025 693 ,
3054 642 3211 697 quem
3236 624 3539 683 defunctum
3579 631 3765 687 civitas
3792 640 4070 707 sepelivit,

2488 713 2764 770 Alcibiade
2783 756 2798 780 ,
2830 718 2919 786 qui
2947 721 3140 788 opibus
3160 764 3174 785 ,
3217 721 3423 778 deliciis
3443 764 3457 789 ,
3487 724 3741 777 orationis
3769 725 3856 791 vi,
3882 743 4067 799 corpo.

2486 807 2563 863 ris
2589 807 2782 862 robore
2804 848 2821 875 ,
2846 809 3124 869 nobilitate
3145 817 3461 888 czeterisque
3486 816 3730 871 omnibus
3752 825 4031 888 praestabat
4051 867 4068 885 ,

2490 909 2636 954 tanto
2674 900 2865 954 clarior
2889 912 3039 966 erat,
3083 918 3283 973 quanto
3324 909 3415 963 vili
3453 910 3627 980 aliquo
3656 911 3875 980 puerulo
3899 913 4068 981 philo-

2486 991 2689 1062 sophus
2717 993 2996 1048 mirabilis.
3041 996 3196 1065 Apud
3234 998 3518 1057 Thebanos
3548 1003 3973 1072 Epaminondas.
4018 1009 4072 1062 in

2487 1083 2800 1139 concionem
2836 1094 3094 1153 vocatus,
3143 1104 3265 1144 cum
3312 1105 3591 1163 propterea
3627 1112 3691 1150 eo
3731 1113 3789 1152 se
3829 1098 4074 1154 conferre

2489 1189 2594 1227 non
2616 1186 2819 1245 posset,
2844 1176 2981 1245 quod
3007 1186 3205 1233 vestem
3233 1180 3511 1239 lavandam
3531 1198 3743 1242 curaret
3761 1231 3774 1252 ,
3797 1204 3892 1243 nec
3916 1190 4073 1243 aliam

2490 1264 2714 1322 haberet
2738 1283 2838 1336 qua
2868 1266 3206 1334 indueretur,
3231 1273 3479 1329 omnibus
3502 1286 3677 1333 tamen
3700 1282 3785 1350 qui
3809 1297 3872 1335 eo
3892 1297 4083 1335 conve-

2489 1366 2717 1422 nerant,
2749 1358 2971 1415 ducibus
3002 1361 3341 1429 precStantior
3361 1374 3495 1418 erat.
3524 1367 3600 1422 Ne
3625 1370 3802 1440 itaque
3834 1373 3958 1427 mihi
3984 1390 4076 1427 so-

2490 1445 2767 1505 litudinem
2804 1450 3049 1521 jactites,
3094 1460 3186 1506 aut
3212 1452 3435 1521 regiam.
3465 1454 3647 1525 Neque
3680 1463 3822 1516 enim
3866 1465 3916 1518 iu
3950 1465 4080 1520 locis

2492 1540 2710 1597 claritas
2732 1553 2785 1599 et
2814 1544 3101 1615 splendor,
3133 1560 3241 1600 non
3281 1545 3333 1599 in
3362 1547 3601 1602 vestibus
3622 1590 3637 1616 ,
3670 1567 3777 1605 non
3823 1556 3872 1610 iu
3904 1557 4079 1625 digni-

2494 1641 2602 1690 tate
2624 1676 2636 1698 ,
2670 1649 2777 1690 non
2806 1636 2858 1691 in
2884 1637 3118 1707 potentia
3145 1635 3241 1692 sed
3271 1636 3323 1691 in
3348 1636 3543 1694 virtute
3572 1647 3774 1695 tantum
3803 1660 3867 1698 ac
3903 1647 4081 1715 philo.

2492 1726 2702 1795 sophia.

2566 1816 2621 1872 6.
2652 1817 2851 1873 Verum
2886 1820 3008 1890 quia
3048 1821 3289 1890 exempla
3321 1836 3426 1876 non
3473 1828 3671 1876 tantam
3700 1824 3806 1877 vim
3847 1825 4080 1897 habent,

2491 1906 2560 1960 ab
2582 1908 2699 1977 ipso
2720 1909 2830 1963 filio
2861 1919 2951 1963 tuo
2979 1927 3090 1964 rem
3116 1911 3421 1966 discutiam.
3441 1911 3589 1967 lllnm
3612 1914 3810 1985 quippe
3841 1916 4082 1973 invenie-

2489 2013 2607 2051 mus
2623 2014 2726 2051 non
2742 1998 2899 2052 modo
2918 2014 3057 2054 nunc
3072 2000 3377 2068 clariorem,
3394 2003 3484 2056 sed
3498 2003 3656 2056 etiam
3670 2020 3736 2058 ex
3755 2004 3939 2059 iisdem
3954 2007 4085 2077 ipsis

2487 2087 2647 2143 rebus
2667 2087 3063 2145 honoratiorem
3081 2093 3273 2162 quibus
3297 2104 3350 2147 tu
3367 2094 3513 2148 illum
3534 2103 3588 2149 et
3608 2095 3765 2150 vilem
3793 2107 3848 2151 et
3873 2098 4084 2167 ignobi-

2490 2179 2597 2234 lem
2636 2195 2759 2236 esse
2792 2180 2945 2237 dicis.
2973 2182 3104 2237 Nam
3141 2184 3186 2238 si
3226 2184 3308 2238 vis
3339 2185 3781 2255 persuadebimus
3819 2189 3891 2243 illi
3935 2201 3990 2243 nt
4016 2192 4086 2245 de

2490 2280 2674 2326 monte
2714 2271 3031 2341 descendat,
3062 2282 3113 2329 et
3150 2274 3203 2329 in
3241 2274 3414 2330 forum
3453 2276 3731 2346 irrumpat.
3764 2278 4088 2349 Videbisque

2493 2362 2675 2416 statim
2706 2363 2869 2419 totius
2899 2364 3128 2420 civitatis
3160 2366 3213 2420 in
3237 2366 3383 2420 illum
3412 2382 3504 2421 ora
3532 2368 3774 2423 converti
3795 2409 3811 2431 ,
3839 2378 4089 2424 cunctos-

2494 2468 2599 2523 que
2622 2468 2744 2509 eum
2771 2453 3203 2512 demonstrantes
3228 2472 3349 2513 cum
3372 2458 3726 2515 admiratione
3756 2476 3820 2515 ac
3848 2470 4087 2532 stupore,

2494 2557 2558 2597 ac
2584 2545 2627 2598 si
2646 2545 2867 2614 angelus
2887 2547 3102 2616 quidam
3119 2547 3187 2603 de
3205 2548 3338 2603 caelo
3350 2547 3707 2605 descenderit.
3731 2552 3927 2621 Ecquid
3944 2553 4087 2606 aliud

2494 2634 2588 2688 tibi
2609 2634 2818 2689 videtur
2836 2651 2957 2691 esse
2972 2638 3137 2707 gloria
3154 2639 3177 2693 ‘?
3193 2638 3332 2693 Sane
3354 2655 3459 2693 non
3480 2641 3543 2694 iis
3567 2642 3745 2704 modo,
3770 2642 3856 2711 qui
3878 2642 3929 2696 in
3944 2644 4089 2710 regia

2490 2736 2806 2789 versantur,
2830 2726 2925 2780 sed
2956 2728 3074 2795 ipso
3117 2743 3329 2798 quoque
3351 2769 3366 2794 ,
3401 2729 3491 2797 qui
3527 2729 3829 2785 diademate
3872 2731 4093 2786 redimi-

2490 2823 2574 2869 tus
2619 2823 2733 2881 est,
2781 2814 3042 2871 illustrior
3067 2818 3169 2871 erit
3207 2832 3330 2872 eum
3366 2818 3457 2873 illa
3505 2819 3595 2874 vili
3634 2830 3793 2891 atque
3818 2824 4086 2877 conscissa

2494 2917 2665 2963 veste.
2688 2908 2873 2979 Neque
2906 2910 3047 2965 enim
3082 2919 3242 2966 tanta:
3264 2911 3607 2967 admirationi
3636 2914 3883 2969 omnibus
3909 2925 4047 2969 esset
4067 2957 4087 2981 ,

2495 2997 2539 3051 si
2574 2998 2813 3054 vestibus
2851 3000 3149 3068 operiretur
3186 3002 3397 3071 aureis,
3452 3004 3563 3057 imo
3600 3004 3643 3057 si
3675 3004 3787 3074 ipsa
3818 3020 4087 3073 purpura,

2499 3087 2719 3157 ipsaque
2742 3103 2943 3142 corona
2979 3099 3201 3145 ornatus
3227 3103 3407 3157 esset,
3443 3101 3499 3147 et
3541 3094 3585 3147 si
3614 3095 3795 3149 stratis
3835 3095 4091 3150 insideret

2498 3178 2719 3245 sericis,
2749 3179 2795 3233 si
2834 3194 2865 3233 a
2896 3180 3056 3234 mulis
3084 3181 3370 3237 veheretur
3390 3223 3406 3249 ,
3447 3192 3629 3237 aurata
3660 3185 3947 3239 satellitum
3979 3194 4090 3239 tur—

2497 3269 2561 3323 ba
2589 3270 2907 3336 comitatus;
2938 3280 2995 3325 ut
3025 3271 3184 3327 modo
3214 3282 3296 3328 est
3324 3274 3571 3344 squalore
3596 3284 3650 3330 et
3675 3276 3919 3331 sordibus
3946 3277 4091 3331 obsi-

2498 3371 2582 3415 tus
2606 3402 2619 3425 ,
2659 3377 2950 3434 crassoque
2972 3365 3195 3420 amictus
3231 3366 3547 3423 indumento
3570 3409 3585 3435 ,
3632 3368 3779 3423 nullo
3806 3370 4088 3424 comitatus

2496 3452 2733 3519 assecla,
2776 3453 3045 3524 nudisque
3090 3456 3317 3525 pedibus
3355 3457 3628 3513 incedens.
3679 3460 3914 3531 Namque
3958 3464 4087 3532 regii

2495 3543 2571 3596 illi
2599 3553 2885 3614 apparatus
2927 3554 2981 3601 et
3009 3545 3216 3617 legibus
3245 3549 3429 3603 statuti
3457 3559 3610 3615 sunt,
3659 3559 3713 3606 et
3752 3553 4090 3607 consuetudi-

2497 3650 2565 3689 ne
2592 3636 2790 3704 recepti
2823 3653 2836 3689 :
2869 3638 3216 3707 quamobrem
3258 3640 3303 3693 si
3332 3640 3452 3710 quis
3478 3656 3599 3697 cum
3636 3642 3984 3699 admiratione
4006 3643 4087 3697 di-

2495 3735 2642 3781 ceret
2686 3727 3062 3797 imperatorem
3105 3745 3222 3786 esse
3257 3742 3407 3788 veste
3446 3749 3609 3789 aurea
3641 3736 3887 3791 vestitum
3911 3778 3927 3801 ,
3980 3752 4085 3793 non

2497 3816 2655 3871 modo
2678 3834 2781 3872 non
2808 3818 3197 3876 admiraremur
3216 3864 3231 3889 ,
3260 3822 3355 3878 sed
3385 3823 3547 3879 etiam
3575 3825 3871 3882 rideremus
3890 3869 3906 3895 ,
3933 3830 4084 3898 quip-

2499 3922 2565 3976 pe
2607 3924 2728 3963 cum
2769 3910 2902 3964 nihil
2951 3913 3076 3967 novi
3124 3913 3347 3969 diceret.
3391 3916 3466 3970 De
3508 3915 3617 3970 tilio
3656 3926 3833 3973 autem
3871 3928 3996 3986 tuo,
4039 3920 4085 3974 si

2500 3999 2619 4068 quis
2642 4002 2939 4068 anuuntiet,
2969 4018 3090 4058 eum
3109 4003 3376 4074 despectis
3392 4009 3626 4076 paternis
3653 4010 3861 4080 opibus,
3887 4011 4087 4066 calcata

2502 4092 2684 4147 saeculi
2713 4108 2903 4163 pompa
2926 4135 2943 4160 ,
2990 4110 3085 4166 spe
3115 4097 3382 4153 mundana
3418 4102 3747 4170 superiorem
3768 4146 3784 4171 ,
3813 4105 3865 4159 in
3901 4105 4085 4161 deser-

2504 4192 2614 4237 tum
2645 4199 2703 4239 se
2723 4187 3043 4254 contulisse,
3067 4189 3155 4243 vili
3175 4190 3458 4261 putidaque
3481 4194 3652 4247 tunica
3678 4194 3915 4250 indutum
3934 4214 4050 4253 esse
4071 4219 4084 4253 :

2502 4277 2679 4329 statim
2721 4288 3042 4334 concurrent
3082 4296 3307 4349 omnes,
3338 4283 3700 4349 mirabuntur,
3728 4296 3887 4357 atque
3912 4288 4091 4343 lauda-

2502 4368 2635 4423 bunt
2654 4369 2769 4439 ejus
2794 4372 3211 4441 magnitudinem
3231 4374 3585 4431 animi.Certe
3605 4392 3724 4431 cum
3744 4378 4089 4449 imperatores

2504 4462 2800 4517 innumeris
2846 4464 3175 4535 impetuntur
3205 4468 3519 4536 maledictis,
3548 4470 3674 4524 nihil
3708 4472 3840 4540 ipsis
3868 4484 4087 4542 prosunt

2506 4570 2682 4610 aurem
2712 4568 2911 4619 vestes,
2944 4569 3146 4613 tantum
3168 4562 3318 4615 abest
3339 4571 3393 4615 ut
3414 4579 3507 4618 eos
3526 4564 3797 4620 mirabiles
3818 4567 4047 4622 efﬁciant
4071 4589 4083 4623 :

2508 4647 2594 4702 hic
2638 4659 2815 4704 autem
2868 4652 2950 4705 vel
2993 4668 3057 4707 ex
3092 4654 3219 4723 ipsis
3259 4656 3587 4711 vestimentis
3621 4660 3813 4715 multas
3861 4662 4091 4715 admira-

2510 4741 2673 4795 tionis
2700 4758 2859 4797 ausas
2886 4746 3107 4811 pra-bet,
3146 4746 3215 4800 ita
3244 4756 3301 4802 ut
3341 4751 3566 4804 amictus
3612 4751 3913 4821 lmjusmodi
3937 4754 4092 4821 longe

2508 4832 2656 4886 illum
2690 4834 3115 4902 spectabiliorem
3146 4837 3335 4903 faciat,
3357 4856 3515 4909 quam
3544 4841 3740 4897 faceret
3765 4844 3940 4913 regius
3971 4862 3983 4896 :
4016 4846 4089 4897 si-

2509 4924 2722 4992 quidem
2742 4941 2807 4980 ex
2834 4926 2923 4979 illo
2947 4944 3105 4981 nemo
3131 4930 3509 4999 imperatorem
3534 4934 3857 4999 admiratur,
3881 4934 3980 4989 hoc
3996 4951 4090 4988 au-

2510 5025 2616 5070 tem
2644 5019 2728 5072 ille
2746 5021 2975 5073 amictus
2994 5025 3183 5075 vestitu
3205 5025 3450 5079 omnibus
3468 5025 3802 5080 admirationi
3816 5037 3868 5081 et
3888 5030 4090 5096 stupori

2509 5118 2611 5162 est.
2663 5111 2861 5179 Ecquid
2908 5114 3066 5177 mihi,
3110 5115 3352 5184 inquies,
3400 5118 3539 5187 vulgi
3590 5118 3771 5187 opinio
3813 5128 3867 5174 et
3912 5120 4091 5176 laudes

2513 5201 2832 5257 conferunt?
2861 5203 3021 5259 Certe
3046 5206 3212 5275 gloria
3264 5210 3393 5263 nihil
3440 5210 3582 5264 aliud
3611 5218 3710 5263 est.
3761 5210 3865 5264 Sed
3898 5212 4087 5281 hujus,

2511 5308 2741 5362 repones
2763 5336 2776 5358 ,
2815 5295 3084 5351 desiderio
3116 5315 3219 5352 non
3258 5308 3475 5364 teneor,
3510 5300 3798 5369 potentiam
3831 5311 3884 5357 et
3926 5301 4092 5357 bono.

2512 5399 2598 5437 res
2620 5401 2823 5453 quer.
2859 5389 2925 5440 At
2951 5389 3038 5457 qui
3072 5389 3320 5455 laudant,
3340 5393 3498 5445 etiam
3529 5392 3883 5449 honorabunt.
3917 5395 4009 5451 Sin
4038 5409 4090 5453 tu

2513 5478 2799 5545 potentiam
2830 5490 2879 5532 et
2910 5483 3274 5550 prmfccturam
3294 5484 3595 5549 desideras,
3619 5499 3734 5538 eam
3762 5502 3863 5542 non
3886 5490 4087 5550 minus.

2511 5587 2670 5639 quam
2718 5572 2923 5640 priora,
2973 5590 3136 5644 penes
3175 5577 3273 5630 hos
3316 5591 3434 5630 esse
3477 5578 3868 5649 comperiemus
3905 5600 3917 5635 :
3952 5582 4092 5652 quod

2512 5666 2683 5734 ipsum
2717 5681 2837 5719 cum
2871 5671 3132 5738 exemplis
3161 5669 3482 5723 confirmare
3524 5671 3815 5739 possimus,
3850 5675 3917 5729 ad
3950 5690 4095 5729 com-

2513 5760 2804 5813 modiorem
2836 5771 2886 5815 te
2911 5761 3223 5816 consolandi
3261 5763 3473 5816 modum
3504 5767 3740 5821 venimus
3761 5810 3775 5833 ,
3806 5783 3905 5823 nec
3927 5769 4095 5823 aliun-

2510 5852 2577 5905 de
2602 5894 2616 5915 ,
2644 5868 2801 5921 quam
2828 5870 2890 5907 ex
2918 5855 3031 5923 ipso
3059 5853 3167 5907 tilio
3195 5864 3285 5907 tuo
3312 5870 3419 5909 rem
3443 5859 3787 5915 excutiemus.
3819 5860 4093 5927 Quodnam

2513 5961 2633 6003 esse
2663 5945 2794 6002 dicis
2824 5961 3048 6001 summe
3094 5951 3367 6018 potestatis
3398 5955 3805 6023 argumentum?
3835 5968 4010 6008 nonne
4042 5963 4094 6005 ut
