4454 6692
217 524 327 580 339

217 640 484 708 ἐνταῦθα;
518 644 595 698 Τα
624 647 732 717 γὰρ
764 644 1010 717 βασίλεια
1036 646 1099 712 τῇ
1138 642 1341 712 ἐρημίᾳ
1369 644 1725 713 παραϐάλλων
1744 688 1758 708 ,
1790 648 1884 700 καὶ

214 728 317 789 τὰς
342 725 561 796 ἐλπίδας
584 734 683 796 τάς
708 732 917 786 ἐκεῖθεν
941 732 1061 787 ταῖς
1084 726 1332 779 ἐντεῦθεν
1348 771 1359 791 ,
1391 721 1449 795 ἐξ
1475 730 1639 784 αὑτοῦ
1664 733 1762 785 οἴει
1788 733 1881 784 τοῦ

218 816 454 886 οὐρανοῦ
506 809 992 873 καταπεπτωκέναι
1032 812 1122 865 τὸν
1173 816 1304 868 υἱόν.
1350 817 1557 870 Οὐκοῦν
1598 818 1757 870 τοῦτο
1804 818 1885 869 δεῖ

220 905 440 974 πρῶτον
477 908 698 978 μαθεῖν,
746 907 822 967 ὠς
865 902 988 955 οὐτε
1022 903 1055 973 ή
1085 903 1288 974 ἐρημία
1330 907 1522 976 ἄτιμον
1558 909 1734 967 ποιεῖ,
1764 903 1887 956 οὐτε

220 990 473 1066 λαμπρὸν
501 997 593 1049 καὶ
618 990 893 1061 περιφανῆ
924 989 992 1041 τά
1022 989 1286 1060 βασίλεια,
1319 995 1412 1046 καὶ
1458 995 1586 1062 πρὶν
1620 992 1712 1043 ἐπὶ
1740 990 1888 1056 λογι-

223 1085 396 1151 σμοὺς
424 1083 597 1135 ἐλθεῖν
630 1083 693 1133 ἐκ
726 1078 1182 1149 παραδειγμάτων
1213 1097 1271 1133 σε
1298 1080 1594 1145 ἀπαλλάξω
1648 1078 1749 1146 τῆς
1786 1078 1889 1129 ὐπ-

220 1170 400 1235 οιίας,
422 1166 875 1237 παραδειγμάτων
895 1165 955 1217 οὐ
970 1167 1078 1219 τῶν
1098 1171 1228 1239 παρ’
1248 1170 1401 1238 ἡμῖν,
1416 1166 1551 1219 ἀλλά
1572 1162 1681 1215 τῶν
1702 1165 1892 1233 ὑμετέ-

224 1271 357 1323 ρων.
402 1253 675 1304 Διονύσιον
726 1252 855 1315 ἴσως
906 1253 1125 1317 ἀκούεις
1170 1254 1260 1307 τὸν
1303 1252 1551 1313 Σικελίας
1601 1250 1888 1320 τύραννον,

223 1339 444 1400 ἀκούεις
470 1339 527 1391 δὲ
559 1339 653 1391 καὶ
682 1339 942 1394 Πλάτωνα
968 1342 1059 1395 τὸν
1102 1342 1457 1413 Ἀρίστωνοςς
1499 1338 1593 1400 Τίς
1619 1335 1733 1401 οὖν,
1772 1339 1893 1391 εἰπέ

228 1443 341 1494 μοι,
376 1425 750 1498 λαμπρότερος
772 1429 990 1498 γέγονε;
1025 1430 1107 1489 τίς
1138 1429 1195 1480 δέ
1225 1427 1409 1497 ᾄδεται
1435 1424 1528 1477 καὶ
1560 1427 1617 1476 ἐν
1645 1428 1756 1488 τοῖς
1785 1426 1891 1478 τῶν

225 1512 438 1565 πολλῶν
462 1518 639 1567 κεῖται
671 1517 927 1587 στόμασιν
944 1530 1003 1579 ις
1028 1518 1125 1583 οὐχ
1147 1516 1174 1565 ό
1204 1512 1491 1578 φιλόσοφος
1512 1511 1605 1563 τοῦ
1630 1514 1892 1583 τυράννου

228 1600 463 1668 μᾶλλον;
498 1600 682 1656 Καίτοι
710 1606 738 1657 ὁ
774 1605 871 1675 μὲν
898 1605 997 1671 τῆς
1024 1619 1082 1654 τε
1113 1599 1361 1661 Σικελίας
1395 1598 1611 1669 ἀπάσης
1652 1601 1891 1670 ἐκράτει,

226 1691 324 1741 καὶ⁸
355 1691 411 1743 ἐν
439 1695 615 1762 τρυφῇ
647 1692 799 1760 διῆγε
818 1734 833 1757 ,
864 1692 960 1744 καὶ
1007 1689 1144 1759 μετά
1176 1686 1370 1741 πολλοῦ
1402 1686 1497 1738 τοῦ
1532 1685 1761 1738 πλούτου
1800 1688 1896 1739 καὶ

224 1775 337 1829 τῶν
362 1778 672 1851 δορυφόρων
699 1782 794 1834 καὶ
822 1781 922 1850 τῆς
950 1778 1115 1846 ἄλλης
1142 1774 1443 1844 φαντασίας
1463 1773 1727 1825 διετέλεσε
1754 1771 1890 1834 ζῶν·

224 1864 257 1914 ό
279 1863 335 1915 δὲ
364 1867 419 1918 ἐν
443 1868 520 1937 τῷ
546 1870 643 1939 τῆς
678 1868 1009 1937 Ἀκαδημίας
1031 1865 1193 1933 κήπῳ
1220 1862 1487 1933 διέτριϐεν
1515 1860 1692 1931 ἄρδων
1718 1876 1778 1911 τε
1806 1860 1898 1912 καί¹

228 1953 475 2017 φυτεύων
506 1956 597 2007 καὶ
633 1955 818 2017 ἐλαίας
861 1952 1074 2015 ἐσθίων,
1116 1950 1210 2004 καὶ
1243 1949 1431 2019 εὐτελῆ
1470 1947 1898 2018 παρατιθέμενος

224 2040 503 2106 τράπεζαν
524 2082 537 2099 .
575 2044 668 2093 καὶ
697 2042 875 2108 πάσης
903 2039 1114 2109 ἐκείνης
1143 2037 1244 2106 τῆς
1274 2036 1575 2105 φαντασίας
1605 2034 1759 2097 ἐκτὸς
1799 2032 1894 2087 ῶν.

228 2126 338 2178 Καὶ
366 2129 425 2179 οὐ
442 2130 599 2181 τοῦτό
626 2146 713 2181 πω
730 2127 1059 2196 θαυμαστὸν,
1092 2125 1204 2178 ἀλλ’
1229 2126 1310 2177 ὅτι
1338 2124 1434 2176 καὶ
1456 2122 1642 2183 δούλος
1664 2120 1894 2190 γενόμε⁴

224 2232 317 2277 νος
336 2256 348 2277 ,
384 2217 475 2270 καὶ
501 2217 645 2269 κατά
676 2217 773 2287 τὴν
802 2215 895 2269 τοῦ
923 2214 1185 2284 τυράννου
1217 2211 1444 2280 γνώμην
1466 2207 1895 2278 ἀπεμποληθεὶς,

228 2303 478 2355 τοσοῦτον
498 2304 733 2372 ἀπέσχεν
755 2302 1075 2371 ἀτιμότερος
1105 2297 1314 2351 ἐκείνου
1339 2297 1572 2364 φανῆναι
1593 2295 1681 2347 διὰ
1704 2293 1897 2358 ταῦτα,

226 2391 302 2454 ώς
332 2392 426 2442 καὶ
451 2390 598 2459 αὐτῷ
619 2390 646 2428 ι)
672 2390 749 2458 τῷ
764 2390 1012 2458 τυράννῳ
1036 2388 1098 2438 ἐκ
1125 2385 1316 2437 τούτου
1347 2382 1581 2451 φανῆναι
1600 2381 1896 2448 αἰδέσιμος.

228 2478 481 2531 Τοιοῦτόν
522 2479 665 2528 ἐστιν
694 2476 884 2545 ἀρετή·
922 2474 981 2525 οὐ
1013 2473 1077 2524 δι’
1106 2464 1182 2523 ὧν
1219 2468 1511 2540 ἐργάζεται
1541 2468 1698 2538 μόνον
1717 2507 1731 2529 ,
1765 2466 1901 2520 ἀλλά

229 2566 325 2617 καὶ
359 2564 423 2616 δι’
460 2557 534 2616 ὧν
569 2564 768 2631 πάσχει
796 2560 1003 2622 κακῶς,
1044 2559 1141 2628 οὐχ
1188 2557 1386 2625 ἑαυτὴν
1409 2596 1423 2618 ,
1464 2554 1599 2608 ἀλλά
1641 2555 1736 2607 καὶ
1775 2555 1899 2617 τούς

231 2651 386 2703 ποιοῦ
400 2668 518 2713 ντας
547 2651 644 2702 οὐκ
675 2651 892 2715 ἀφιεῖσα
924 2644 1263 2716 κρύπτεσθαι
1293 2645 1386 2697 και
1422 2642 1724 2696 λανθάνειν.
1758 2642 1822 2694 Τί
1844 2641 1900 2694 δέ

229 2744 257 2792 ό
284 2739 473 2791 τούτου
512 2738 825 2796 διδάσκαλος
872 2734 1200 2804 Σωκράτηςς
1250 2733 1399 2801 πόσῳ
1430 2730 1723 2801 Ἀρχελάου
1762 2729 1903 2797 λαμ-

233 2828 498 2897 πρότερος
530 2821 626 2894 ῆν;
666 2823 856 2875 Καίτοι
898 2823 925 2873 ὁ
968 2821 1066 2891 μὲν
1100 2819 1352 2890 βασιλεὺς
1384 2814 1473 2889 ἦν,
1511 2819 1604 2870 καί⁵
1636 2820 1695 2871 ἐν
1725 2815 1905 2885 πολλῷ

234 2911 447 2979 πλούτῳ
470 2911 670 2979 διῆγεν’
697 2910 725 2960 ὁ
748 2908 804 2959 δέ
828 2910 884 2959 ἐν
908 2906 1123 2976 Λυκείῳ
1142 2904 1397 2976 διέτριϐε,
1426 2905 1520 2957 καὶ
1541 2904 1659 2966 ἐνὸς
1690 2904 1904 2972 ίματίου

235 3000 395 3051 πλέον
430 2994 572 3067 εἶχεν
606 2996 775 3057 οὐδὲν,
807 2996 900 3047 καὶ
931 2994 1087 3046 τοῦτο
1134 2993 1293 3062 μόνον
1327 3002 1350 3030 ο
1389 2993 1482 3044 καὶ
1510 2990 1777 3060 χειμῶνος
1813 2991 1908 3041 καὶ

234 3087 430 3157 θέρους
469 3088 563 3138 καὶ
594 3086 651 3136 ἐν
684 3085 883 3144 πάσαις
915 3085 1034 3144 ταῖς
1066 3081 1236 3150 ὥραις
1267 3078 1361 3130 τοῦ
1396 3078 1549 3140 ἔτους
1580 3076 1907 3146 περιὸεὗλη-

239 3176 396 3243 μένος
424 3173 696 3242 ἐφαίνετο·
722 3169 1045 3229 ἀνυπόδετός
1068 3184 1127 3219 τε
1155 3166 1251 3236 ἔζη
1275 3164 1587 3227 διαπαντὸς,
1609 3164 1704 3216 καὶ
1727 3162 1911 3226 ἀσιτος

236 3260 453 3312 ἃπασαν
495 3256 837 3325 διεκαρτέρει
878 3255 977 3324 τὴν
1006 3253 1241 3323 ἡμέραν,
1272 3252 1435 3322 ἄρτον
1471 3266 1531 3302 τε
1559 3251 1786 3301 ἐσιτεῖτο
1816 3250 1914 3319 μό-

236 3362 345 3404 νον,
376 3345 471 3396 καὶ
501 3342 659 3395 τοῦτο
684 3338 751 3411 ἦν
780 3340 927 3408 αὐτῷ
953 3338 1080 3407 ὅψον
1110 3339 1206 3391 καὶ
1232 3336 1417 3389 σιτίοψ
1445 3335 1540 3388 καὶ
1567 3335 1685 3387 οὐδὲ
1711 3334 1912 3403 ταύτην

237 3431 446 3484 οἴκοθεν
468 3430 789 3499 παρετίθετο
811 3428 911 3497 τὴν
930 3425 1230 3498 τράπεζαν,
1252 3425 1390 3477 ἀλλά
1414 3424 1544 3494 παρ’
1574 3422 1773 3493 ἐτέρων
1796 3420 1911 3492 [66]

240 3519 563 3589 λαμϐάνων,
596 3516 767 3577 οὕτως
808 3516 1008 3583 ἐσχάτῃ
1055 3514 1253 3580 συνέζη
1300 3512 1493 3579 πενίᾳ’
1536 3510 1631 3561 καὶ
1662 3510 1914 3561 τοσοῦτον

238 3605 307 3678 ἧν
335 3606 427 3659 τοῦ
470 3604 731 3674 βασιλέως
777 3602 1154 3671 λαμπρότερος
1174 3640 1188 3664 ,
1224 3601 1299 3662 ὼς
1331 3598 1595 3659 πολλάκις
1623 3596 1785 3648 αὐτὸν
1813 3613 1914 3648 κα-

240 3696 457 3756 λοῦντος
497 3692 705 3744 ἐκείνου
750 3690 886 3759 πρὸς
927 3689 1151 3751 ἐαυτδν,
1199 3687 1277 3757 μὴ
1314 3685 1536 3754 θελῆσαι
1587 3684 1648 3735 τὸ
1687 3683 1915 3735 Λύκειον

241 3785 482 3851 ἀφεῖναι,
514 3779 609 3832 καὶ
633 3778 767 3848 πρὸς
792 3777 885 3829 τὸν
916 3778 1125 3828 ἐκείνου
1156 3774 1422 3826 πλοῦτονα
1455 3772 1646 3824 ἐλθεῖν.
1673 3771 1779 3822 Καὶ
1808 3770 1918 3822 ἀπὸ

242 3870 343 3939 τῆς
362 3868 515 3935 δόξης
540 3867 596 3917 δὲ
615 3865 713 3933 τῆς
735 3863 1046 3934 κρατούσης
1068 3862 1162 3914 νῦν
1184 3863 1275 3913 καὶ
1296 3861 1365 3912 τά
1385 3860 1625 3928 πρότερα
1644 3858 1915 3925 φαίνεται.

258 3956 464 4007 Ιόύτων
500 3952 597 4021 μὲν
631 3952 741 4018 γάρ
773 3951 841 4003 τὰ
867 3950 1105 4017 ὀνόματα
1138 3946 1349 4009 πολλοῖς
1381 3947 1656 4014 γνώριμα,
1698 3943 1919 3995 ἐκείνων

247 4042 303 4093 δέ
328 4038 522 4092 οὐδενί.
564 4039 621 4089 '0
655 4036 711 4088 δέ
741 4036 1019 4096 Σινωπεὺς
1056 4034 1217 4087 πάλιν
1244 4034 1330 4084 ἐτε
1339 4050 1431 4103 ρος
1456 4024 1610 4093 οὗτος
1634 4030 1923 4099 φιλόσοφος

249 4128 486 4195 τοσούτῳ
530 4123 849 4177 καὶτούτων
885 4124 977 4175 καὶ
1004 4123 1208 4191 ἐτέρων
1242 4120 1448 4189 μυρίων
1473 4119 1732 4171 τοιούτων
1768 4115 1923 4185 βασι-

251 4216 384 4267 Λέων
414 4212 785 4282 εὐπορώτερος
802 4207 892 4280 ἦν,
917 4208 1202 4262 καὶταῦτα
1225 4207 1436 4276 ῥακίοις
1460 4204 1636 4267 συζῶν
1656 4216 1701 4267 ο,
1731 4204 1805 4265 ὼς
1828 4201 1920 4253 τὸν

250 4300 517 4351 Φιλίππου
556 4298 645 4349 τὸν
687 4295 975 4349 Μακεδόνα
1012 4290 1269 4363 στρατιὰν
1316 4290 1409 4341 ἐπὶ
1452 4290 1667 4357 Πέρσας
1701 4288 1919 4354 ἄγοντα,

253 4387 433 4438 πάντα
466 4386 703 4451 ἀφέντα,
739 4383 917 4435 ἰδόντα
947 4380 1109 4433 αὐτὸν
1140 4377 1391 4431 ἀπελθεῖν
1413 4415 1427 4438 ,
1464 4377 1556 4427 καὶ
1596 4374 1817 4445 ἐρέσθαι
1854 4373 1921 4425 δι’

255 4471 472 4531 ἑαυτοῦ,
502 4472 573 4541 μή
595 4487 738 4531 τινος
765 4470 956 4532 δέοιτο,
981 4468 1075 4520 καὶ
1098 4466 1218 4519 εἴτι
1246 4463 1455 4517 κελεύοι
1472 4480 1485 4492 °
1509 4463 1670 4515 αὐτὸν
1694 4462 1751 4515 δὲ
1772 4460 1924 4514 οὐδὲν

256 4559 602 4625 ἀπαγγεῖλαι.
631 4553 777 4626 *Αρά
799 4572 878 4607 σοι
899 4554 1006 4606 τῶν
1036 4551 1495 4623 παραδειγμάτων
1523 4549 1659 4611 ἀλις,
1687 4549 1721 4618 ἦ
1747 4546 1925 4618 βούλει

258 4645 350 4699 καὶ
375 4643 572 4711 ἐτέρων
599 4640 1053 4709 ἐπιμνησθῶμεν;
1085 4634 1242 4691 Οὗτοι
1267 4638 1375 4707 γάρ
1402 4637 1523 4705 οὐχὶ
1550 4634 1659 4687 τῶν
1690 4635 1747 4685 ἐν
1776 4633 1927 4704 βασι-

257 4736 419 4798 λείοις
445 4734 603 4804 μόνον
624 4728 917 4799 λαμπρῶν,
941 4728 1053 4779 ἀλλ’
1074 4726 1239 4779 αὐτοῦ
1261 4725 1354 4777 τοῦ
1377 4724 1749 4793 βασιλεύοντος
1769 4723 1928 4790 γεγό-

260 4841 380 4877 νασι
403 4819 790 4891 λαμπρότεροι,
818 4815 908 4867 τὸν
935 4812 1200 4866 ἰδιωτικὸν
1222 4812 1467 4879 ἑλόμενοι
1491 4811 1604 4879 βίον
1628 4810 1720 4863 καὶ
1750 4808 1929 4879 άπράο

260 4929 459 4985 γμονα,
491 4909 586 4963 καὶ
616 4904 887 4966 πολιτείας
914 4901 1032 4954 οὐδὲ
1060 4902 1222 4967 ἐγγὺς
1257 4900 1608 4969 βουληθέντες
1637 4899 1829 4952 ἐλθεῖν.

334 5088 445 5140 Καὶ
466 5088 522 5138 ἐν
547 5086 682 5154 αὐτῇ
704 5083 758 5135 δέ
782 5083 849 5150 τῇ
873 5078 1116 5147 πολιτείᾳ
1130 5077 1228 5129 οὐκ
1252 5076 1492 5141 ἐκείνους
1512 5076 1629 5145 ὄψει
1647 5076 1931 5145 λαμπροὺς

265 5175 391 5235 τοὺς
413 5176 468 5224 ἐν
494 5172 706 5240 πλούτῳ
733 5171 828 5222 καὶ
856 5168 1032 5237 τρυφῇ
1064 5164 1158 5216 καὶ
1179 5164 1489 5233 περιουσίᾳ,
1520 5164 1655 5216 ἀλλά
1690 5163 1781 5215 καὶ
1807 5163 1931 5223 τοὺς

270 5262 327 5309 ἐν
362 5260 541 5327 πενίᾳ,
574 5260 697 5319 τοὺς
731 5260 787 5308 ἐν
821 5253 1091 5323 εὐτελείᾳ,
1122 5253 1246 5312 τοὺς
1268 5252 1326 5301 ἐν
1362 5250 1550 5319 ἀτύφῳ
1579 5251 1784 5313 ζῶντας
1812 5249 1927 5317 βίῳ.

273 5346 426 5415 Παρά
457 5348 555 5413 μὲν
598 5344 901 5415 Ἀθηναίοις
933 5339 1296 5412 Ἀριστείδης,
1328 5336 1387 5388 ὃν
1420 5338 1513 5389 καὶ
1538 5338 1933 5406 τελευτήσαντα

272 5437 305 5503 ἡ
332 5434 483 5494 πόλις
508 5434 693 5502 ἔθαψε,
715 5436 808 5486 καὶ
833 5430 1160 5500 πλούτῳ-καὶ
1181 5428 1323 5495 γένει
1345 5426 1438 5477 καὶ
1460 5429 1639 5495 τρυφῇ
1668 5426 1761 5477 καὶ
1780 5424 1935 5477 δυνά-

275 5538 363 5592 μει
392 5519 563 5585 λόγων
593 5521 683 5571 καὶ
712 5520 870 5590 ῥώμῃ
900 5518 1146 5587 σώματος
1172 5515 1263 5567 καὶ
1302 5513 1547 5581 εὐγενείᾳ
1578 5513 1671 5564 καὶ
1695 5515 1806 5575 τοῖς
1838 5512 1933 5566 ἀλ-

337 5697 363 5724 ⁸
388 5695 493 5743 Duo
514 5706 632 5741 mss.
657 5696 839 5741 πολλῶν
864 5696 964 5742 ἐστι
1004 5694 1142 5753 στόμ.
1169 5691 1324 5741 Paulo
1346 5693 1455 5751 post
1490 5687 1640 5736 iidem
1665 5694 1749 5746 τῆς
1767 5706 1817 5736 τε
1855 5696 1936 5748 γῆς

273 5774 479 5812 omam.

335 5820 361 5859 l'
389 5810 535 5867 Iidem
559 5814 727 5861 ὅτικαὶ
749 5815 893 5872 αὐτῷ.
923 5817 1075 5863 Paulo
1113 5821 1222 5875 post
1253 5815 1402 5861 iidem
1446 5812 1498 5858 ἐκ
1518 5810 1697 5875 τούτων
1732 5814 1937 5872 φανῆναι

275 5884 448 5942 δ-ὸμεν.
473 5875 710 5943 Τοσούτον
730 5876 888 5943 ἀρετή.
906 5876 1065 5943 ⁵Ξιινίι.
1092 5872 1144 5925 ἐι
1188 5877 1360 5924 Morel.
1384 5876 1439 5921 ἐκ
1456 5872 1623 5920 τούτου
1645 5878 1841 5931 φανῆναι
1864 5875 1939 5920 αἰ·

278 5937 483 5998 ἐέσιμσς.
508 5937 731 5987 Τοιυῦτὸν
752 5939 876 5985 ἐστιν
896 5937 1054 5998 ἀρετή.

338 5961 379 5990 σι
422 5960 483 5996 ὓς.
516 5960 731 5987 ιοιουῑον
752 5960 876 5985 εστιν
896 5960 952 5998 αμ

338 5960 485 6073 οιίῇιυ
501 6016 617 6073 μιῆς.
640 6000 795 6073 τούτῳ
814 6000 954 6073 μόνῳ.

345 6065 373 6104 ιι
401 6066 552 6114 Savil.
575 6062 686 6125 πρὸς
807 6058 985 6125 ἐκείνου
1004 6058 1179 6106 πενίαν.

338 6128 356 6150 ⁸
380 6128 489 6179 Duo
510 6122 621 6175 mss:
648 6123 822 6188 ῥακίοις
842 6122 949 6177 ζῶν.

676 6197 940 6256 ΡΑτξιοι.
986 6194 1101 6255 GR.
1146 6192 1400 6253 XLVII.

1039 527 1407 583 ADVERSUS
1446 526 2000 588 OPPUGNATORES
2042 531 2224 586 VITIE
2267 531 2566 588 MONAST.
2609 532 2735 588 ΗΒ.
2780 534 2840 587 ll.
3543 531 3649 584 [0

1991 656 2100 710 λοις
2118 650 2280 700 πᾶσιν
2299 649 2637 703 Ἀλκιϐιάδου
2661 649 2985 719 κρατοῦντος
3006 647 3255 701 τοσοῦτον
3276 646 3343 697 λα
3351 662 3429 715 μπ
3435 643 3496 716 ρό
3507 662 3553 697 τε
3563 662 3653 714 90;

1988 731 2089 804 ἦν,
2134 736 2254 788 ὅσον
2290 738 2501 789 παιδίου
2529 737 2674 799 τινὸς
2707 736 2955 799 εὐτελοῦς
2998 736 3284 805 φιλόσοφος
3322 732 3650 801 θαυμαστῦς.

1992 823 2150 893 Παρὰ
2185 823 2913 894 ΘηϐαίοιςἘπαμεινώνδας,
2942 824 3227 893 ἄνθρωπος
3252 822 3332 884 είς
3362 819 3653 888 ἐκκλησίαν

1991 910 2339 982 καλούμενος,
2371 913 2462 964 καὶ
2495 912 2584 965 διὰ
2608 912 2765 964 τοῦτο
2802 911 2876 981 μὴ
2921 910 3214 980 δυνάμενος
3239 909 3437 968 ἐλθεῖν,
3466 906 3656 976 ἐπειδὴ

1991 997 2139 1067 αὐτῴ
2169 999 2229 1052 τὸ
2264 999 2476 1068 ἱμάτιον
2509 999 2665 1068 ἔτυχε
2695 999 3045 1068 πλυνόμενον,
3081 998 3176 1050 καὶ
3208 997 3391 1066 ἕτερον
3439 992 3656 1063 περιθέ-

1995 1083 2116 1136 σθαι
2142 1084 2243 1135 οὐκ
2268 1079 2402 1152 εἶχε,
2425 1084 2640 1136 πάντων
2668 1085 2772 1136 τῶν
2794 1085 3097 1155 γενομένων
3127 1081 3309 1136 αὐτόθι
3338 1078 3660 1151 στρατηγῶν

1993 1172 2388 1241 ἐπισημότερος
2432 1167 2520 1241 ἦν.
2565 1171 2655 1241 Μὴ
2700 1172 2873 1223 τοίνυν
2921 1189 3009 1241 μοι
3050 1173 3149 1242 τὴν
3195 1169 3431 1241 ἐρημίαν
3478 1166 3657 1235 εἴπῃς,

1998 1257 2130 1328 μηδέ
2150 1257 2219 1310 τὰ
2239 1257 2505 1328 βασίλεια.
2535 1260 2607 1311 (ὶύ
2630 1259 2737 1327 γὰρ
2765 1261 2820 1310 ἐν
2836 1261 3020 1319 τόποις
3045 1258 3114 1310 τά
3136 1262 3232 1325 τῆς
3254 1255 3659 1327 λαμπρότητος,

1994 1347 2089 1399 καὶ
2116 1346 2187 1399 τά
2211 1348 2310 1415 τῆς
2338 1348 2711 1417 περιφανείας,
2743 1345 2863 1397 οὐδέ
2895 1346 2952 1397 ἐν
2984 1344 3238 1415 ἱματίοις,
3266 1344 3383 1395 οὐδὲ
3415 1345 3473 1394 ἐν
3500 1339 3663 1405 ἀξιώ-

1999 1449 2148 1500 ματι,
2178 1433 2299 1487 οὐδὲ
2334 1435 2392 1485 ἐν
2415 1433 2721 1502 δυναστείᾳ,
2750 1433 2863 1485 ἀλλ’
2897 1433 2954 1484 ἐν
2984 1432 3155 1502 ἀρετῇ
3182 1430 3361 1501 ψυχῆς
3395 1429 3486 1481 καὶ
3516 1428 3663 1497 φιλο.

1998 1522 2158 1590 σοφίᾳ
2192 1522 2373 1590 μόνον.

2070 1690 2145 1755 ς’.
2168 1691 2310 1744 Ἀλλ’
2336 1692 2523 1763 ἐπειδὴ
2546 1692 2616 1745 τὰ
2632 1692 3050 1764 παραδείγματα
3079 1691 3139 1744 οὐ
3155 1690 3420 1759 τοσαύτην
3439 1685 3663 1759 ἐχειτὴν

2003 1780 2175 1847 ἰσχὺν,
2205 1780 2298 1831 ἀπ’
2322 1779 2485 1832 αὐτοῦ
2508 1779 2599 1831 τοῦ
2630 1780 2721 1832 σοῦ
2752 1781 2939 1843 παιδὸς
2964 1781 3259 1851 ποιήσομαι
3283 1777 3375 1847 τὴν
3397 1777 3661 1840 ἐξέτασιν.

2000 1866 2317 1937 Εὑρήσομεν
2354 1865 2462 1936 γὰρ
2491 1867 2652 1919 αὐτὸν
2692 1867 2753 1918 οὐ
2787 1867 2943 1936 μόνον
2977 1867 3354 1937 λαμπρότερον
3392 1864 3519 1915 ὄντα
3546 1860 3662 1922 νῦν,

2000 1951 2135 2005 ἀλλά
2167 1955 2259 2005 καὶ
2288 1952 2356 2005 δι’
2377 1954 2560 2005 ἐκεῖνα
2607 1951 2932 2023 τιμιώτερον
2961 1951 2980 1989 ί
2998 1991 3011 2013 ,
3039 1953 3104 2004 δι’
3135 1952 3277 2021 ἀπερ
3303 1950 3495 2019 ἄτιμον
3527 1942 3664 1999 εἶναι

2000 2041 2105 2109 φῂς
2134 2042 2225 2093 καὶ
2254 2040 2465 2109 εὐτελῆ.
2492 2039 2555 2093 El
2584 2040 2692 2108 γὰρ
2716 2039 2893 2110 βούλει
2922 2039 3204 2100 πείσαντες
3233 2038 3394 2090 αὐτὸν
3432 2036 3537 2088 ἀπὸ
3572 2032 3665 2086 τοῦ

1998 2128 2157 2197 ὅρους
2184 2127 2485 2191 κατελθεῖν,
2518 2128 2793 2197 πείσωμεν
2818 2129 2912 2180 καὶ
2935 2127 3016 2189 είς
3046 2125 3251 2196 ἀγορὰν
3274 2122 3546 2193 ἐμϐαλεῖν,
3575 2122 3670 2174 καὶ

1999 2217 2119 2285 ὄφει
2143 2218 2323 2269 πᾶσαν
2346 2217 2809 2287 ἐπιστρεφομένην
2824 2216 2920 2286 τὴν
2941 2215 3115 2277 πόλιν,
3140 2213 3233 2266 καὶ
3252 2210 3669 2272 ὐποδεικνύντας

2001 2305 2162 2357 αὐτὸν
2210 2306 2456 2367 ἅπαντας
2487 2305 2581 2357 καὶ
2624 2302 3001 2371 θαυμάζοντας
3043 2302 3136 2354 καὶ
3175 2298 3666 2369 ἐκπληττομένους,

2002 2390 2077 2453 ὼς
2123 2391 2356 2458 ἀγγέλου
2406 2390 2551 2452 τινὸς
2593 2389 2651 2455 ἐξ
2689 2387 2918 2460 οὐρανοῦ
2958 2384 3399 2456 παραγενομένου
3443 2384 3559 2437 νῦν.
3597 2382 3669 2435 Ἢ

2003 2476 2191 2547 ἔτερόν
2224 2494 2306 2529 σοι
2332 2476 2399 2529 τά
2428 2479 2525 2545 τῆς
2551 2474 2707 2545 δόξης
2734 2493 2788 2527 τι
2813 2470 2951 2527 εἶναι
2974 2474 3149 2536 δοκεῖ;
3177 2472 3252 2525 Οὐ
3274 2471 3382 2541 γὰρ
3403 2470 3466 2539 δὴ
3481 2471 3589 2522 τῶν
3612 2471 3670 2521 ἐν

2008 2563 2299 2632 βασιλείοις
2330 2562 2481 2615 ἔσται
2510 2562 2973 2633 περιφανέστερος
3005 2560 3184 2629 μόνον,
3218 2557 3357 2612 ἀλλά
3385 2558 3479 2610 καὶ
3508 2555 3673 2609 αὐτοῦ

2004 2650 2098 2703 τοῦ
2128 2651 2187 2703 τὸ
2229 2650 2466 2720 διάδημα
2493 2649 2897 2719 περικειμένου,
2940 2647 3031 2700 διὰ
3059 2648 3126 2700 τά
3165 2646 3359 2716 ίμάτια
3390 2646 3573 2697 ἐκεῖνα
3605 2643 3676 2696 τὰ

2006 2738 2195 2807 εὐτελῆ
2226 2740 2318 2790 καὶ
2348 2737 2825 2807 κατατετριμμένα
2858 2745 2906 2788 κ.
2939 2735 3016 2789 Οὐ
3046 2734 3154 2803 γάρ
3189 2735 3254 2786 ἂν
3286 2732 3457 2794 οὕτως
3496 2732 3673 2784 ἅπανο

2005 2843 2102 2888 τας
2134 2824 2427 2895 ἐξέπληττε
2466 2823 2843 2895 χρυσοφορῶν,
2890 2822 3086 2893 μᾶλλον
3129 2822 3185 2873 δὲ
3227 2820 3322 2872 καὶ
3360 2818 3672 2889 ἁλουργίδα,

2006 2914 2101 2965 καὶ
2131 2912 2293 2964 αὐτὸν
2321 2912 2411 2964 τὸν
2455 2911 2716 2979 στέφανον
2746 2908 3127 2978 περικείμενος
3163 2907 3255 2959 ἐπὶ
3286 2905 3388 2974 τῆς
3410 2904 3674 2972 κεφαλῆς,

2011 3002 2104 3053 καὶ
2129 3002 2242 3061 τοῖς
2277 3001 2522 3068 σηρικοῖς
2549 2997 2949 3065 ἐπικαθήμενος
2978 2994 3277 3065 στρώμασι,
3312 2994 3406 3045 καὶ
3436 2992 3541 3045 ὑπὸ
3568 2991 3678 3044 τῶν

2012 3087 2249 3156 ἡμιόνων
2275 3086 2583 3156 ἑλκόμενος,
2606 3085 2842 3147 καὶτοὺς
2864 3080 3329 3155 χρυσοφοροῦντας
3350 3079 3677 3150 δορυφόρους

2013 3176 2153 3246 ἔχων
2171 3215 2186 3239 ,
2216 3175 2293 3237 ὡς
2321 3174 2416 3227 νῦν
2451 3173 2639 3245 ῥυπῶν
2672 3172 2767 3224 καὶ
2800 3169 3023 3241 αὐχμῶν
3056 3170 3151 3222 καὶ
3177 3170 3322 3237 παχὺ
3352 3166 3679 3237 περιδεϐλη-

2016 3264 2174 3332 μένος
2196 3262 2431 3331 ἱμάτιον,
2453 3261 2548 3314 καὶ
2572 3260 2773 3331 μηδένα
2798 3256 3189 3311 ἀκολουθοῦντα
3211 3256 3568 3324 ἐπαγόμενος,
3586 3254 3680 3305 καὶ

2011 3352 2334 3415 ἀνυπόδετος
2364 3350 2458 3403 ῶν.
2488 3350 2704 3403 Ἐκεῖνα
2730 3350 2828 3417 μὲν
2855 3347 2963 3417 γάρ
2983 3345 3049 3399 τά
3079 3345 3172 3397 τοῦ
3207 3343 3468 3413 βασιλέως
3497 3341 3681 3411 νόμοις

2016 3459 2074 3494 τε
2113 3439 2370 3509 ὥρισται,
2414 3438 2509 3493 καὶ
2546 3438 2645 3506 τῆς
2698 3434 2984 3503 συνηθείας
3018 3430 3171 3483 ἐστίν
3201 3431 3296 3483 καὶ
3333 3428 3419 3483 διά
3456 3428 3627 3481 ταῦτα
3652 3428 3681 3468 δ

2020 3530 2121 3583 κᾶν
2138 3530 2281 3582 εῐποι
2302 3545 2383 3592 τις
2400 3526 2692 3597 θαυμάζων
2711 3523 2801 3575 τὸν
2822 3520 3063 3591 βασιλέα,
3082 3516 3195 3590 [67]
3211 3518 3291 3569 ὃτι
3315 3516 3505 3585 στολὴν
3527 3533 3683 3586 περιο

2019 3617 2277 3685 ϐέϐληται
2309 3616 2538 3687 χρυσῆν,
2571 3616 2631 3667 οὐ
2684 3611 2840 3683 μόνον
2882 3609 2944 3664 ςύ
2985 3604 3367 3671 θαυμάζομεν,
3414 3604 3548 3657 ἀλλά
3589 3605 3683 3657 καὶ

2016 3705 2265 3774 γελῶμεν
2306 3705 2367 3756 τὸ
2406 3702 2617 3771 λεχθὲν,
2650 3702 2725 3765 ὡς
2764 3702 2917 3754 οὐδὲν
2947 3700 3067 3770 ἕχον
3098 3697 3433 3771 παράδοξον·
3466 3698 3591 3770 περὶ
3627 3698 3687 3753 δέ

2016 3791 2110 3846 τοῦ
2138 3791 2348 3845 παιδίου
2369 3790 2463 3843 τοῦ
2491 3788 2582 3843 σοῦ
2608 3789 2672 3843 ἂν
2700 3788 2871 3842 ἐλθών
2897 3806 2978 3851 τις
2997 3788 3327 3859 ἀπαγγείλῃ,
3349 3788 3431 3841 ὃτι
3457 3786 3685 3841 πλούτου

2020 3877 2401 3946 καταγελάσας
2436 3876 2530 3929 τοῦ
2566 3875 2854 3947 πατρικοῦ,
2902 3874 2995 3928 καὶ
3027 3874 3124 3944 τὴν
3150 3873 3408 3943 βιωτικὴν
3434 3888 3687 3926 καταπα-

2019 3970 2189 4038 τήσας
2224 3966 2545 4035 φαντασίαν,
2577 3965 2671 4018 καὶ
2712 3964 2820 4016 τῶν
2854 3962 3131 4032 κοσμικῶν
3159 3960 3388 4014 ἐλπίδων
3420 3958 3691 4029 ἀνώτερος

2022 4054 2328 4123 γενόμενος,
2373 4046 2507 4124 πρὸς
2538 4051 2636 4121 τὴν
2676 4050 2912 4121 ἐρημίαν
2952 4048 3204 4119 μετέστη,
3246 4047 3341 4100 καὶ
3372 4045 3691 4115 χιτωνίσκον

2027 4142 2233 4211 σαπρὸν
2259 4140 2409 4192 ἐνέδυ
2441 4139 2536 4192 καὶ
2565 4137 2784 4206 φαῦλον.
2816 4138 3015 4198 πάντες
3043 4136 3243 4197 εὐθέως
3264 4132 3691 4204 συνδραμοῦνται

2026 4231 2119 4282 καὶ
2149 4229 2489 4297 θαυμάσουσι
2505 4227 2597 4279 καὶ
2618 4227 2973 4295 κροτήσουσιν
2996 4224 3135 4291 ὑπὲρ
3166 4223 3263 4291 τῆς
3292 4219 3692 4291 μεγαλοψυχίας

2024 4316 2207 4369 αὐτόν.
2240 4316 2349 4367 Καὶ
2387 4314 2495 4366 τῶν
2535 4316 2631 4383 μὲν
2679 4312 2941 4381 βασιλέων
2973 4311 3142 4381 μυρία
3180 4305 3691 4378 κατηγορουμένων.

2023 4403 2176 4455 οὐδὲν
2200 4402 2268 4453 τὰ
2295 4402 2485 4471 ἱμάτια
2512 4402 2878 4472 προστήσεται
2907 4399 2973 4449 τά
3000 4398 3194 4467 χρυσᾶ,
3226 4393 3476 4446 τοσοῦτον
3497 4391 3691 4461 ἀπέχει

2026 4489 2374 4559 θαυμαστοὺς
2403 4486 2573 4550 δεῖξαι
2608 4488 2768 4548 ὄντας
2792 4485 3009 4547 αὐτούς·
3044 4476 3195 4545 οὗτος
3226 4482 3284 4535 δὲ
3326 4482 3419 4533 καὶ
3450 4479 3557 4533 ἀπὸ
3585 4480 3695 4531 τῶν

2031 4578 2259 4645 ἱματίων
2309 4575 2509 4636 πολλάς
2552 4574 2664 4643 ἔχει
2707 4572 2802 4625 τοῦ
2850 4571 3227 4641 θαυμάζεσθαι
3274 4569 3374 4632 τάς
3416 4568 3692 4637 ἀφορμάς.

2032 4665 2192 4715 Ὥστε
2220 4662 2359 4732 αὓτη
2387 4665 2420 4733 ἡ
2447 4662 2608 4732 στολὴ
2632 4663 2730 4732 τῆς
2757 4661 3042 4731 βασιλικῆς
3063 4659 3264 4728 μᾶλλον
3286 4657 3448 4710 αὐτὸν
3468 4653 3697 4709 ἀπόϐλε-

2031 4767 2161 4803 πτον
2195 4750 2439 4819 ἀπέφηνε
2476 4752 2569 4803 καὶ
2599 4750 2905 4819 περιφανῆ,
2947 4748 3000 4799 εί
3027 4764 3089 4813 γε
3132 4746 3199 4797 δι’
3226 4744 3441 4813 ἐκείνην
3469 4741 3568 4810 μὲν
3602 4740 3695 4791 ού-

2029 4837 2139 4900 δεὶς
2164 4837 2388 4906 βασιλέα
2416 4837 2714 4905 ἐθαύμασε,
2739 4834 2826 4887 διά
2853 4835 2909 4887 δέ
2931 4833 3133 4902 ταύτην
3158 4831 3393 4893 ἀπαντες
3421 4829 3511 4882 τὸν
3537 4844 3694 4897 περι-

2031 4925 2283 4993 κείμενον
2324 4926 2775 4993 ἐκπλαγήσονται.
2819 4923 2929 4975 Καὶ
2978 4922 3029 4974 τί
3082 4937 3203 4990 μοι,
3248 4921 3412 4988 φησὶ,
3464 4916 3563 4986 τῆς
3590 4915 3698 4967 τῶν

2033 5013 2245 5065 πολλῶν
2280 5012 2526 5073 ὑπονοίας
2547 5010 2736 5077 ὄφελος
2760 5012 2854 5062 καὶ
2878 5009 2983 5061 τῶν
3006 5007 3273 5069 ἐπαίνωνς
3303 5006 3412 5057 Καὶ
3438 5003 3542 5072 μὴν
3570 5000 3697 5067 δόξα

2031 5100 2182 5153 οὐδὲν
2202 5100 2387 5169 ’ἐτερόν
2417 5101 2584 5159 ἐστιν,
2619 5097 2733 5149 ἀλλ’
2759 5098 2791 5167 ἢ
2825 5096 3018 5149 ταῦτα.
3044 5094 3183 5146 Ἀλλ’
3210 5094 3270 5143 οὐ
3301 5092 3510 5159 δέομαι,
3538 5092 3693 5157 φησὶ,

2032 5192 2255 5261 ταύτης,
2284 5188 2600 5243 δυναστείαν
2644 5189 2700 5240 δέ
2728 5187 2874 5256 ζητῶ
2914 5186 3008 5238 καὶ
3036 5185 3220 5253 τιμήν.
3271 5181 3411 5233 Ἀλλ’
3447 5182 3497 5233 οἱ
3540 5182 3694 5232 ἐπαι-

2035 5280 2251 5342 νοῦντες
2282 5280 2373 5330 καὶ
2392 5279 2682 5348 τιμήσουσι
2700 5278 2931 5338 πάντως.
2961 5275 3021 5326 Εἰ
3047 5274 3103 5326 δέ
3125 5272 3438 5325 δυναστείαν
3470 5270 3645 5339 βούλει
3674 5272 3691 5307 ι

2035 5370 2127 5421 καὶ
2168 5366 2521 5437 προστασίαν.
2568 5367 2663 5418 καὶ
2707 5364 2908 5432 ταύτην
2956 5363 3054 5431 οὐχ
3094 5358 3254 5431 ἦττον
3281 5358 3389 5409 τῶν
3419 5357 3696 5428 προτέρων

2036 5458 2188 5526 παρά
2213 5455 2421 5516 τούτοις
2458 5449 2625 5506 οὖσαν
2662 5452 2858 5522 μᾶλλον
2902 5452 3223 5519 εὑρήσομενο
3258 5448 3349 5499 καὶ
3374 5446 3567 5515 ἔχομεν
3600 5444 3695 5514 μὲν

2036 5547 2169 5598 αὐτὸ
2198 5546 2286 5597 καὶ
2316 5544 2379 5596 ἐκ
2412 5543 2867 5615 παραδειγμάτων
2903 5542 3069 5590 ποιεῖν
3098 5536 3358 5609 φανερὸν,
3401 5535 3494 5586 ἐπὶ
3522 5534 3577 5587 δέ
3606 5532 3697 5584 τὸν

2042 5636 2274 5704 μάλιστά
2318 5650 2375 5684 σε
2409 5630 2899 5702 παραμυθούμενον
2931 5628 3127 5697 τρόπον
3168 5626 3430 5687 ἐλθόντες,
3473 5624 3571 5675 οὐκ
3609 5620 3694 5674 ἐπ’

2040 5726 2210 5778 ἄλλων
2246 5722 2435 5784 τινῶν,
2477 5720 2589 5772 ἀλλ’
2621 5718 2704 5769 ἐπ’
2738 5715 2901 5769 αὐτοῦ
2929 5716 3022 5767 τοῦ
3064 5715 3155 5768 σοῦ
3185 5715 3369 5774 παιδὸς
3409 5712 3498 5763 τὸν
3542 5710 3698 5777 λόγόν

2112 5930 2128 5966 ί
2160 5933 2263 5979 1)·ιο
2287 5944 2396 5977 mss.
2422 5931 2500 5976 καὶ
2522 5930 2581 5976 δι’
2606 5929 2759 5975 ἐκεῖνα
2777 5930 3100 5989 χαλεπιιγιτερα.

2106 5996 2128 6053 F
2158 5996 2260 6040 Duo
2291 6008 2403 6040 mss.
2428 5992 2775 6053 ἐκτετριμμενα.

2107 6052 2133 6092 δ
2157 6056 2260 6101 hun
2282 6068 2391 6101 mss.
2418 6056 2495 6100 δια
2515 6048 2705 6108 ταύτην.
2730 6050 2877 6098 Savil.
2902 6056 2947 6095 et
2974 6048 3144 6096 More}.
3169 6048 3244 6095 δια
3263 6062 3413 6094 ταυτα

2116 6129 2126 6153 ι
2158 6120 2238 6164 Sic
2260 6129 2347 6163 nos
2369 6128 2474 6161 cum
2500 6104 2719 6163 Saviﬂet
2747 6124 2841 6159 uno
2862 6112 2964 6159 cod.
2989 6110 3267 6165 Legebalur
3292 6104 3596 6158 ϐούληελιιτ.

3230 6173 3299 6231 19
