4454 6686
801 525 903 584 ΒΗ

806 642 1151 715 ἐξετάσωμεν
1178 657 1203 686 δ
1237 644 1447 700 τοῦτον.
1485 645 1550 700 Τί
1582 647 1693 719 γὰρ
1737 648 2019 720 δυνάμεως
2067 647 2170 720 τῆς
2212 647 2475 719 μεγίστης

808 732 1105 805 τεκμήριον
1130 728 1267 787 εῖναι
1291 734 1427 805 φῄς;
1451 733 1514 787 οὐ
1540 734 1603 789 τδ
1626 736 1885 791 δύνασθαι
1910 736 2007 807 μέν
2030 736 2331 809 ἀμύνεσθαι
2350 736 2476 797 τούς

807 817 1134 885 λυποῦντας,
1159 820 1418 874 δύνασθαι
1453 821 1511 875 δέ
1532 824 1661 887 τοὺς
1683 822 2106 894 εὐεργετοῦντας
2131 821 2477 895 ἀμείὸεσθαι;

810 901 1006 961 Καίτοι
1032 924 1094 976 γε
1122 906 1328 979 ταύτην
1354 907 1574 964 ἃπασαν
1598 911 1716 963 οὐδέ
1740 909 1891 981 παρά
1914 909 1993 980 τῷ
2016 909 2351 980 βασιλεύοντι
2383 909 2480 962 ίδοι

808 1011 894 1058 τις
928 994 995 1048 ἀν
1014 1010 1028 1025 ·
1064 995 1160 1049 καὶ¹
1190 994 1301 1068 γὰρ
1344 996 1573 1060 πολλοὺς
1600 997 1713 1067 ἔχει
1738 998 1865 1060 τοὺς
1893 996 2228 1062 λυποῦντας,
2257 996 2349 1061 οὓς
2379 997 2481 1051 οὐκ

810 1080 878 1135 ἂν
907 1080 1123 1136 δύναιτο
1170 1083 1383 1146 λυπεῖν,
1417 1084 1508 1136 καὶ
1537 1083 1765 1146 πολλοὺς
1801 1085 1928 1147 τοὺς
1956 1080 2013 1138 εὖ
2048 1085 2359 1148 ποιοῦντας,
2388 1083 2482 1148 οὒς

809 1170 911 1223 οὐκ
940 1170 1006 1223 ἀν
1034 1170 1269 1233 εὐκόλως
1294 1169 1607 1240 ἀμείψαιτο.
1644 1172 1754 1226 Καὶ
1786 1172 1895 1243 γὰρ
1914 1172 1972 1225 ἐν
2005 1173 2261 1243 πολέμοις
2286 1171 2480 1225 πολλά-

809 1272 899 1319 κις
919 1255 1267 1327 λυπήσαντας
1305 1255 1619 1327 πολεμίους,
1654 1259 1749 1312 καὶ
1790 1260 1960 1330 μυρία
1990 1261 2153 1313 αὐτὸν
2186 1260 2481 1330 εἰργασμέ-

809 1359 932 1406 νους
966 1342 1148 1406 κακὰ,
1185 1343 1498 1414 ἀμύνασθαι
1535 1345 1849 1417 ἐπεθύμησε
1898 1349 2016 1417 μὲν,
2052 1349 2153 1400 οὐκ
2182 1348 2368 1416 ἴσχυσε
2398 1346 2477 1399 δέ·

809 1428 904 1480 καὶ
922 1427 1111 1496 φίλους
1131 1428 1189 1482 δὲ
1219 1429 1431 1499 μεγάλα
1453 1431 1896 1501 ἐπιδειξαμένους
1915 1434 2032 1485 ἐκεῖ
2057 1430 2478 1501 κατορθώματα,

807 1513 909 1566 οὐκ
940 1513 1067 1583 ἔσχε
1094 1516 1206 1576 τοῖς
1228 1514 1363 1578 ἴσοις
1393 1513 1751 1583 ἀμείψασθαι,
1791 1515 2349 1586 προαναρπασθέντας
2380 1516 2483 1585 τῆς

807 1599 1144 1663 ἀντιδόσεως,
1169 1598 1263 1652 καὶ
1294 1601 1352 1653 ἐν
1393 1599 1544 1671 αὐτῷ
1582 1600 1659 1672 τῷ
1693 1601 1913 1672 πολέμῳ
1949 1602 2237 1666 πεσόντας.
2272 1604 2337 1655 Τί
2364 1600 2479 1668 οὖν,

808 1685 875 1739 ἂν
902 1685 1110 1758 ταύτης
1132 1686 1230 1758 τῆς
1261 1686 1563 1758 δυνάμεως,
1590 1684 1660 1760 ἦς
1680 1689 1800 1742 οὐδὲ
1832 1689 2071 1759 βασιλεῖς
2093 1689 2481 1756 ἀπολαύουσιν,

804 1770 881 1834 ὼς
899 1772 928 1825 6
950 1770 1105 1840 λόγος
1136 1772 1441 1838 ἀπέδειξεν,
1471 1773 1668 1845 ἑτέραν
1693 1774 1872 1846 πολλῷ
1902 1775 2124 1845 μείζονα
2146 1776 2241 1829 καὶ
2255 1775 2347 1828 τὸν
2368 1776 2481 1828 υίὸν

806 1857 1000 1929 ἔχοντα
1028 1860 1406 1931 ἀποδείξωμεν
1434 1861 1524 1915 τὸν
1547 1862 1668 1928 σόν,
1703 1861 1807 1916 Καὶ
1835 1862 2025 1933 μηδεὶς
2044 1860 2175 1926 ἴσως
2194 1862 2263 1915 τὰ
2293 1863 2352 1915 ἐν
2371 1866 2483 1925 τοῖς

804 1945 1057 2015 οὐρανοῖς
1083 1947 1264 2015 ἀγαθά
1296 1947 1558 2001 ὑπολάϐοι
1588 1948 1855 2016 λεγόντων
1882 1948 2063 2018 ήμῶν,
2093 1945 2176 2011 οἷς
2205 1950 2480 2012 ἀπιστεῖς·

806 2032 904 2103 οὐχ
934 2030 1108 2097 οὕτως
1131 2032 1533 2105 ἐπιλελήσμεθα
1558 2034 1666 2087 τῶν
1690 2032 2056 2104 ὑποσχέσεων·
2089 2034 2204 2088 ἀλλ’
2238 2035 2347 2089 ἀπὸ
2375 2036 2483 2089 τῶν

806 2118 1042 2173 ἐνταῦθα
1091 2119 1392 2192 γινομένων
1443 2122 1787 2193 παρεξόμεθα
1814 2122 1913 2193 τὴν
1940 2122 2238 2189 ἀπόδειξιν.
2277 2124 2340 2176 Εἰ
2372 2123 2482 2194 7&9

804 2203 1035 2276 δύναμις
1075 2205 1214 2277 αὕτη
1258 2206 1512 2278 μεγίστη,
1552 2208 1615 2260 τὸ
1650 2207 1951 2272 λυποῦντας
1990 2208 2250 2263 δύνασθαι
2278 2208 2481 2279 ἀμύνε-

809 2290 956 2356 σθαι,
987 2292 1165 2364 πολλῷ
1200 2292 1384 2364 μεῖζον
1419 2293 1621 2365 ταύτης
1666 2294 1727 2347 τὸ
1749 2294 2007 2366 τοιαύτην
2034 2296 2211 2366 εὑρεῖν
2241 2295 2335 2348 τοῦ
2364 2295 2479 2365 βίου

807 2378 1160 2446 κατάστασιν,
1185 2380 1245 2433 ἐν
1277 2375 1313 2456 ᾗ
1348 2381 1449 2451 μὲν
1480 2381 1591 2434 οὐδ’
1616 2381 1682 2436 ἂν
1702 2382 1732 2422 δ
1753 2381 1911 2453 ἐθέλῃ
1939 2400 2023 2446 τις
2054 2382 2294 2453 λυπῆσαι
2319 2383 2483 2454 δυνή-

808 2480 995 2519 σεται·
1036 2465 1120 2519 ὅτι
1162 2465 1277 2536 γὰρ
1315 2464 1529 2520 ἐκείνου
1572 2466 1730 2519 τοῦτο
1784 2468 2001 2537 μεῖζον,
2050 2466 2117 2520 ἂν
2163 2466 2248 2536 ἐφ’
2297 2469 2483 2539 ἕτερον

807 2550 1160 2624 παράδειγμα
1198 2553 1293 2608 τὸν
1316 2553 1472 2623 λόγον
1502 2553 1821 2623 ἀγάγωμεν,
1858 2554 2017 2624 δῆλον
2045 2555 2178 2625 ἡμῖν
2206 2554 2363 2609 ἔσται
2388 2556 2485 2609 καὶ

808 2639 1063 2711 φανερόν.
1090 2638 1226 2692 Εἰπὲ
1246 2640 1355 2712 γάρ
1390 2656 1501 2711 μοι,
1522 2639 1577 2693 τί
1608 2639 1834 2710 βέλτιον,
1857 2638 2033 2704 οὑτως
2060 2641 2323 2712 ἔμπειρον
2344 2634 2484 2696 εἶναι

805 2724 874 2778 τά
906 2726 1199 2797 πολεμικὰ,
1226 2726 1303 2790 ώς
1334 2727 1539 2799 μηδένα
1572 2727 1684 2780 τῶν
1704 2727 2116 2798 τιτρωσκόντων
2136 2729 2283 2799 ἡμᾶς
2306 2728 2485 2799 ἄτρω-

805 2828 898 2864 τον
926 2812 1233 2882 διαφυγεῖν,
1269 2813 1303 2883 ἣ
1339 2813 1500 2884 σῶμα
1530 2812 1829 2883 κεκτῆσθαι
1862 2812 2122 2876 τοιοῦτον,
2148 2814 2225 2876 ὼς
2261 2813 2482 2885 μηδένα,

807 2897 913 2953 κᾶν
942 2899 1113 2970 μυρία
1143 2901 1307 2971 ποιῇ,
1341 2899 1599 2954 δύνασθαι
1628 2899 1828 2970 πλῆξαι
1855 2900 1916 2953 τὸ
1946 2900 2133 2971 σῶμα;
2169 2902 2340 2955 Παντί
2379 2919 2483 2955 που

804 2984 986 3055 δῆλον,
1009 2985 1090 3038 δτι
1114 2985 1271 3039 τοῦτο
1302 2985 1510 3039 ἐκείνου
1539 2986 1634 3040 καὶ
1659 2985 2029 3057 δυνατώτερον
2060 2989 2154 3040 καὶ
2192 2987 2482 3060 θειότερον·

808 3072 983 3126 καἱού
1004 3072 1164 3127 τοῦτο
1188 3073 1369 3144 μόνον,
1392 3073 1530 3128 ἀλλά
1549 3073 1644 3127 καί
1667 3075 1696 3127 δ
1725 3074 1905 3145 πολλῷ
1932 3086 1953 3113 ο
1981 3074 2171 3129 τούτου
2194 3075 2482 3147 ἀνώτερον.

809 3162 968 3215 Ποῖον
1005 3162 1065 3216 δέ
1109 3161 1293 3230 τοῦτο;
1330 3164 1404 3216 Τὸ
1429 3162 1697 3235 φάρμακα
1735 3163 1955 3230 εἰδέναι,
1985 3164 2053 3217 δι’
2080 3158 2154 3218 ὧν
2194 3163 2310 3236 [68]
2341 3168 2486 3233 ἀφα-

805 3249 1122 3321 νισθήσεται
1160 3249 1231 3303 τὰ
1271 3249 1564 3321 τραύματα
1598 3250 1799 3305 πάντα.
1836 3250 2015 3322 Τριῶν
2047 3251 2228 3305 τοίνυν
2268 3253 2487 3323 τρόπων

806 3336 1000 3406 ὄντων,
1046 3338 1165 3403 ἐνὸς
1208 3339 1306 3410 μὲν
1331 3339 1425 3393 τοῦ
1468 3338 1727 3394 δύνασθαι
1757 3340 1883 3403 τοὺς
1922 3340 2244 3403 ἀδικοῦντας
2282 3340 2486 3411 ἀμύνε-

808 3425 966 3493 σθαι,
1016 3425 1207 3497 ἐτέρου
1238 3427 1300 3481 δὲ
1327 3426 1601 3498 ἀνωτέρου
1638 3426 1733 3480 τοῦ
1763 3427 1857 3481 καὶ
1898 3426 1967 3479 τὰ
1989 3428 2163 3481 οἰκεῖα
2195 3428 2487 3501 τραύματα

815 3511 1164 3584 θεραπεύειν·
1192 3514 1254 3568 οὐ
1278 3513 1389 3585 γάρ
1409 3514 1607 3568 ἕπεται
1630 3512 1789 3567 τοῦτο
1814 3513 2033 3577 πάντως
2057 3514 2269 3585 ἐκείνῳ·
2300 3517 2486 3587 τρίτου

808 3599 868 3653 δὲ
894 3600 989 3655 τοῦ
1026 3601 1219 3673 μηδενὶ
1262 3602 1372 3655 τῶν
1404 3603 1574 3656 ὄντων
1619 3600 1926 3673 ἀνθρώπων
1965 3601 2288 3673 εὐχείρωτον
2325 3600 2484 3667 εῖναι,

808 3688 838 3742 δ
856 3687 922 3761 δὴ
951 3689 1046 3743 καὶ
1075 3688 1261 3760 μεῖξον
1288 3688 1505 3757 φύσεως
1534 3687 1883 3761 ἀνθρωπίνης
1912 3688 2051 3754 ἐστὶ,
2072 3688 2231 3743 τοῦτο
2253 3690 2344 3745 τὸν
2371 3691 2486 3746 υἱὸν

813 3776 907 3830 σδν
938 3776 1133 3847 ἔχοντα
1158 3775 1539 3847 ἀποδείξομεν.

881 3863 946 3929 ζ’.
974 3864 1080 3918 Καὶ
1100 3863 1256 3917 ὅτιού
1275 3863 1445 3933 ψόφος
1470 3862 1641 3917 ταῦτα
1670 3861 1739 3916 τά
1762 3862 2003 3933 ῥήματα,
2025 3865 2119 3916 καὶ
2150 3863 2355 3935 ταύτης
2385 3866 2486 3936 τῆς

817 3952 1063 4025 μεγάλης
1085 3950 1368 4023 δυνάμεως
1383 3951 1575 4022 ἑτέραν
1591 3950 1751 4005 πάλιν
1779 3950 2004 4021 μείζονα
2023 3952 2227 4021 μεταξὺ
2259 3952 2486 4023 ζητοῦν-

812 4058 906 4104 τες
930 4040 1267 4112 εὑρήκαμεν.
1315 4039 1390 4092 Οὐ
1429 4037 1540 4110 γὰρ
1581 4038 1647 4108 δὴ
1694 4038 1852 4107 μόνον
1878 4038 1939 4091 οὐ
1978 4037 2343 4109 δυναμένους,
2370 4041 2486 4094 ἀλλ’

811 4127 934 4181 οὐδὲ
964 4124 1324 4197 βουλομένους
1350 4125 1573 4179 ἐκείνων
1602 4124 1802 4194 βλάψαι
1827 4122 1980 4187 τινάς
2004 4124 2192 4193 ὄψεταί
2216 4142 2319 4189 τις·
2343 4126 2485 4180 ὥστε

810 4214 980 4269 διπλᾶ
1012 4213 1085 4268 τά
1112 4212 1215 4283 τῆς
1244 4211 1545 4281 ἀσφαλείας
1584 4210 1751 4281 αὐτῷ.
1777 4212 1842 4265 Τί
1868 4206 1961 4265 οὖν
1991 4211 2264 4284 θειότερον
2293 4214 2488 4283 γένοιτ’

811 4302 880 4357 ἂν
932 4300 1139 4373 ταύτης
1171 4300 1271 4372 τῆς
1298 4299 1466 4371 ζωῆς,
1511 4294 1626 4373 ἐνῇ
1663 4299 1851 4369 μηδεὶς
1888 4300 2023 4370 μήτε
2048 4299 2297 4372 ἐθελήσῃ,
2328 4303 2486 4373 μήτε,

812 4390 882 4445 ἂν
913 4391 1092 4462 ἐθέλῃ,
1117 4389 1409 4455 δυνήσεται
1438 4386 1663 4457 ποιῆσαι
1699 4386 1919 4449 κακῶς;
1946 4388 2041 4439 καὶ
2075 4388 2330 4458 μάλιστα,
2364 4391 2490 4443 ὅταν

814 4476 875 4533 τὸ
896 4479 971 4549 μὴ
995 4477 1167 4531 θέλειν
1181 4476 1283 4529 οὑκ
1302 4476 1366 4528 ἐκ
1389 4474 1482 4529 τοῦ
1507 4472 1857 4546 μὴδύνασθαι
1872 4473 2108 4543 γίνηται,
2128 4476 2379 4546 καθάπερ
2399 4479 2491 4531 ἐπὶ

812 4565 1054 4628 πολλῶν,
1087 4563 1201 4618 ἀλλ’
1226 4566 1290 4616 ἐκ
1315 4562 1410 4615 τοῦ
1442 4562 1710 4633 μηδεμίαν
1738 4560 1918 4615 αἰτίαν
1939 4562 2140 4632 εὑρεῖν.
2166 4564 2341 4627 Ἐπεὶ,
2360 4564 2414 4616 εὖ
2426 4582 2489 4633 γε

810 4651 973 4708 τοῦτο
1006 4648 1077 4723 ἦν
1105 4650 1227 4705 καθ’
1254 4648 1459 4716 ﬁam-6,
1492 4648 1554 4701 τὸ
1595 4648 1670 4718 μὴ
1696 4646 1953 4701 δύνασθαι
1984 4649 2148 4715 λέγω,
2182 4650 2333 4703 οὐδὲν
2366 4669 2491 4705 τοσ-

813 4742 971 4797 οῦτον
1008 4736 1097 4811 ἦν·
1146 4741 1301 4811 μῖσος
1338 4736 1449 4809 γὰρ
1482 4736 1549 4790 ἂν
1588 4735 1782 4807 ἐτέχθη
1818 4736 1952 4789 πολὺ
1978 4739 2088 4800 τοῖς
2112 4737 2325 4791 θέλουσι
2370 4740 2489 4809 μὲν,

816 4831 879 4885 οὑ
906 4828 1221 4900 δυναμένοις
1249 4826 1307 4880 δὲ
1339 4826 1564 4879 ἀδικεῖν·
1588 4826 1648 4878 οὐ
1678 4822 1873 4895 μικρὸς
1897 4822 1955 4875 δέ
1988 4824 2082 4876 καὶ
2118 4816 2274 4887 οὗτος
2312 4843 2493 4894 μακα-

820 4919 1070 4992 ριότητος
1096 4915 1316 4985 τρόπος.
1336 4914 1476 4968 Αὐτὸ
1498 4912 1563 4984 δὴ
1582 4907 1674 4966 οῦν
1694 4911 1851 4964 τοῦτο
1876 4910 2242 4980 ἐξετάσωμεν,
2262 4912 2310 4964 εί
2324 4912 2490 4976 δοκεῖ,

820 5005 1055 5077 πρῶτον.
1088 5002 1185 5066 Τίς
1208 4996 1325 5063 οὖν,
1360 5000 1481 5054 είπέ
1508 5018 1620 5070 μοι,
1643 5000 1734 5052 τὸν
1769 4999 1920 5052 οὐδὲν
1937 4999 2115 5052 κοινὸν
2148 4998 2339 5069 ἔχοντα
2357 5001 2493 5072 πρὸς

819 5091 1165 5163 ἀνθρώπους,
1206 5090 1269 5143 οὐ
1314 5086 1658 5158 συμϐολαίων
1701 5085 1907 5149 ἕνεκεν,
1934 5087 1993 5138 οὺ
2024 5087 2148 5155 γῆς,
2179 5087 2242 5140 οὐ
2275 5088 2492 5159 χρημά-

819 5196 950 5242 των,
974 5178 1035 5230 οὐ
1069 5176 1432 5247 πραγμάτων,
1447 5176 1561 5245 ,οὑκ
1580 5172 1739 5227 ἀλλου
1765 5170 1997 5234 οὐδενὸς,
2029 5171 2272 5239 ἐθελήσει
2294 5174 2491 5243 βλάψαι

822 5263 989 5329 ποτέ;
1028 5263 1169 5334 ὑπὲρ
1195 5262 1354 5323 ποίας
1386 5259 1569 5331 χώρας
1600 5257 2118 5329 φιλονεικήσειπρὸς
2143 5258 2492 5331 αὐτόνςὺπέρ

801 5351 983 5406 τίνων
1011 5348 1396 5422 ἀνδραπόδων;
1421 5348 1561 5417 ὑπὲρ
1591 5347 1749 5410 ποίας
1775 5346 1963 5415 δόξης;
1994 5344 2047 5396 τί
2074 5344 2354 5412 δεδοικώς;
2387 5347 2494 5401 ὑπὸ

806 5438 965 5501 ιτίνος
999 5437 1358 5507 δακνόμενος;
1386 5435 1457 5487 Ἦ
1494 5433 1605 5503 γὰρ
1638 5432 1837 5502 φθόνῳ,
1866 5433 1900 5502 ἢ
1929 5432 2057 5495 δέει,
2086 5432 2118 5505 ἢ
2153 5433 2289 5505 ὀργῇ
2315 5433 2495 5488 κινού-

829 5526 971 5597 μεθα
994 5524 1133 5599 πρὸς
1157 5525 1218 5578 τὸ
1244 5524 1505 5596 βλάπτειν
1522 5521 1763 5593 ἐτέρους.
1799 5520 1942 5573 Ἀλλ’
1969 5514 2122 5583 οὗτος
2146 5523 2174 5573 6
2201 5520 2493 5593 βασιλικώ-

822 5630 983 5679 τατος
1021 5612 1241 5668 πάντων
1269 5612 1415 5665 ἐστὶν
1467 5608 1741 5681 ἀνώτερος
1769 5606 1819 5661 δ.
1852 5607 1947 5673 Τίς
1979 5607 2086 5679 7&9
2118 5607 2372 5681 φθονήσει
2417 5608 2494 5681 τῷ

889 5774 915 5841 ξ
936 5773 1047 5824 Duo
1056 5785 1181 5841 τοδε.
1206 5769 1651 5841 6555600953.:lgfrp
1692 5770 1842 5841 ﬁdem
1879 5769 2125 5841 5t__S_avil.
2148 5770 2196 5817 in
2217 5768 2495 5841 mar-gl,»-

825 5833 1029 5892 ποῦντας
1048 5836 1281 5889 ἅπαντας.
1301 5830 1419 5882 ιδὶόζ
1447 5830 1598 5881 Savil.
1621 5834 1672 5880 in
1693 5837 1833 5879 textu
1856 5836 1910 5878 et.
1941 5831 2092 5879 iidem
2119 5836 2334 5892 ρει-εαξη
2354 5830 2494 5878 δύνα-

828 5900 938 5945 σθαι
956 5890 1026 5945 δέξ
1042 5924 1101 5935 -
1126 5895 1359 5943 Δύνασθαι
1384 5894 1454 5952 δέ,
1474 5906 1565 5952 pro
1580 5894 1662 5941 καὶ
1681 5890 2239 5952 δύνασθαι,-ι·θεορὶιὴυεζ
2264 5890 2398 5940 Εοιτ.

894 5912 938 5944 αι
956 5908 1022 5945 οε.
1042 5924 1101 5935 --
1126 5908 1359 5943 Δυνασυαι
1384 5908 1454 5952 οε,
1509 5908 1565 5942 ro
1580 5908 1662 5941 και
1681 5908 2170 5952 ουνασυαιπθρφριιηι

894 5955 1098 6028 125w!!-
1121 5963 1175 6005 ει
1198 5956 1455 6028 φηιξξρρά·
1474 5908 1577 6028 ῗνλδ
1602 5954 1808 6028 53.6w-
1903 6014 1918 6028 .
1965 6026 2006 6028 Η
2027 5960 2037 6028 ς

899 6020 925 6052 ⁸
950 6018 1098 6067 Savil.
1120 6023 1259 6067 recte
1279 6018 1400 6065 ἀλλὰ
1416 6014 1752 6078 “arma,
1788 6014 1919 6076 quod
1958 6014 2254 6078 recepimus,
2294 6026 2384 6078 Ero
2422 6014 2494 6064 ὅτι

830 6078 1036 6193 τιιιὶίλὲθᾶἱ
1045 6078 1477 6197 ῃυὲᾱὲξὲξὲειυτ.
1497 6077 1608 6133 Duo
2004 6071 2279 6143 τῷπολλῷ.
2294 6071 2431 6129 Em.

1031 6155 1040 6163 ’
1089 6184 1096 6194 ,
1151 6158 1176 6188 ν
1346 6176 1359 6190 ο

1031 6155 1096 6194 ῖιι.
1120 6155 1359 6194 ανωτεοω.

1584 533 1640 588 S.
1684 532 1970 589 JOANNIS
2010 529 2503 590 CHRYSOSTOMI
2541 527 2863 588 ARCHIEP.
2904 529 3465 589 CONSTANTINOP.

4159 522 4263 576 312

2586 647 2806 702 πάντων
2853 645 3222 712 καταγελῶντι
3262 650 3488 712 τούτων,
3522 642 3650 715 περὶ
3682 640 3718 695 ἀ
3766 638 4062 694 κόπτονται
4081 641 4264 714 ἕτεροι

2582 735 2677 787 καὶ
2708 732 3093 797 σπουδάζουσι;
3117 734 3200 797 τίς
3225 735 3283 788 δέ
3310 736 3577 807 όργιεῖται
3603 729 3766 804 μηδὲν
3791 727 4265 798 ἠδικημένοςςτίς

2586 821 2643 873 δὲ
2675 822 3062 893 φοϐηθήσεται,
3102 821 3268 891 μηδὲν
3297 821 3647 886 ὑποπτεύωνς
3678 814 3911 877 Οὐκοῦν,
3952 815 4043 866 ὅτι
4070 815 4176 883 μὲν
4204 816 4266 867 οὐ

2587 908 2938 981 βουλήσονται
2964 926 3108 972 τινες
3145 908 3373 978 ἀδικεῖν,
3414 913 3480 964 ἐκ
3509 910 3699 964 τούτου
3733 904 3910 976 δῆλον·
3937 903 4029 957 ὅτι
4063 901 4127 953 δὲ
4160 902 4268 954 οὐδ’

2584 995 2651 1049 ἂν
2683 997 2909 1051 ἐθέλωσι
2942 997 3285 1067 δυνήσονται,
3318 998 3413 1050 καὶ
3442 999 3601 1051 τοῦτο
3631 995 3830 1068 ὁμοίως
3851 990 4054 1058 ἐκείνῳ
4082 986 4269 1056 δῆλον.

2585 1084 2661 1136 Οὐ
2695 1084 2806 1156 γὰρ
2836 1084 2946 1155 ἔχει
2965 1082 3065 1148 τὰς
3090 1083 3374 1153 ἀφορμὰς,
3416 1084 3536 1136 οὐδὲ
3568 1085 3667 1148 τὰς
3703 1081 3891 1143 λαϐὰς,
3922 1076 4051 1130 ὅθεν
4093 1072 4169 1125 ἀν
4189 1088 4272 1134 τις

2583 1168 2748 1224 αὐτὸν
2793 1173 3080 1244 κατάσχοι·
3126 1170 3241 1224 ἀλλ’
3292 1168 3483 1239 ὥσπερ
3530 1172 3688 1233 ἀετὸς
3733 1166 3915 1239 ὑψηλά
3960 1160 4275 1244 πετδῑξενθς

2584 1256 2771 1325 παγίδι
2807 1242 3082 1331 στρουθῶν
3118 1257 3217 1311 οὐκ
3251 1256 3319 1310 ἂν
3368 1254 3517 1325 ἀλῴη
3563 1258 3714 1320 ποτὲ,
3757 1255 3902 1309 οὑτω
3943 1250 4049 1305 καὶ
4085 1242 4274 1306 οὗτος.

2584 1342 2755 1397 Πόθεν
2796 1346 2908 1417 γάρ
2954 1346 3115 1400 αὐτόν
3149 1362 3232 1407 τις
3260 1341 3462 1414 βλάψαι
3498 1341 3818 1411 δυνήσεται;
3847 1342 4140 1412 Χρήματα.
4175 1333 4278 1385 οὐκ

2584 1429 2700 1483 ἔστι
2752 1434 2887 1500 παρ’
2941 1433 3113 1503 αὐτῷ,
3165 1432 3251 1484 ἵνα
3302 1429 3572 1497 ἀπειλήσῃ
3605 1428 3828 1496 ζημίαν·
3875 1425 4127 1497 πατρίδα
4174 1418 4279 1473 οὑκ

2584 1516 2719 1586 ἔχει,
2748 1517 2834 1569 ἵνα
2860 1518 2959 1588 τὴν
2989 1518 3285 1591 ὑπερορίαν
3309 1513 3748 1583 ἐπανατείνηται·
3784 1513 3942 1582 δόξης
3982 1514 4089 1565 οὐκ
4118 1508 4277 1578 ἐφίε⁸

2583 1620 2693 1668 ται,
2725 1603 2813 1655 ἵνα
2840 1605 2920 1666 είς
2952 1605 3175 1674 ἀτιμίαν
3218 1605 3418 1674 ἀγάγῃ’
3463 1601 3523 1653 ἐν
3552 1602 3667 1652 ἐστι
3694 1597 3755 1649 τὸ
3783 1597 4143 1667 λειπόμενον,
4178 1595 4279 1648 θά-

2584 1703 2762 1751 νατος·
2798 1687 2915 1741 ἀλλ’
2954 1690 3189 1743 ἐνταῦθα
3234 1689 3468 1759 μάλιστα
3497 1686 3556 1739 οὐ
3584 1684 3872 1753 δυνήσεται
3894 1682 4064 1735 αὑτὸν
4093 1680 4283 1749 λυπῆ-

2588 1775 2677 1828 σαί
2722 1791 2885 1838 ποτε,
2934 1776 3072 1829 ἀλλά
3115 1776 3210 1830 καὶ
3255 1775 3527 1845 ὠφελήσει
3573 1772 3640 1824 τὰ
3684 1769 3939 1840 μέγιστα.
3967 1768 4127 1836 Πρὸς
4170 1768 4281 1837 7&9

2586 1862 2779 1934 ἐτέραν
2802 1862 2965 1915 αὑτὸν
2996 1863 3205 1934 πέμπει
3245 1864 3412 1933 ζωὴν,
3453 1861 3551 1932 τὴν
3584 1858 3928 1927 ποθουμένην
3950 1854 4134 1924 αὐτῷ,
4186 1858 4285 1907 καὶ

2584 1948 2652 2003 δι’
2674 1950 2740 2020 ἣν
2770 1950 2986 2003 ᾶπαντα
3014 1951 3242 2020 πράττει
3287 1951 3382 2003 καὶ
3428 1944 3902 2020 πραγματεύεται·
3934 1942 4084 1995 ὥστε
4116 1942 4284 1995 τοῦτο

2585 2035 2873 2107 ἀπαλλαγὴ
2922 2037 3101 2090 πόνων
3152 2038 3288 2099 ἐστὶ,
3340 2037 3435 2090 καὶ
3481 2036 3540 2087 οὐ
3582 2032 3839 2103 τιμωρία.
3872 2030 3988 2083 ἀλλ’
4029 2028 4284 2099 ἱδρώτων

2583 2123 2738 2188 λύσις
2769 2126 2864 2178 καὶ
2899 2124 3211 2179 ἀνάπαυλα.
3240 2124 3430 2177 Βούλει
3463 2122 3558 2175 καὶ
3584 2121 3769 2191 ἕτερον
3798 2117 4003 2188 τρόπον
4044 2115 4158 2183 τῆς
4189 2114 4284 2167 δυ-

2584 2210 2802 2279 νάμεως
2852 2209 3019 2263 αὑτοῦ
3079 2209 3293 2280 μαθεῖν,
3353 2207 3533 2278 πολλῷ
3563 2206 3753 2259 τούτου
3794 2199 4283 2273 φιλοσοφώτερονς

2584 2296 2706 2350 Κᾶν
2732 2298 2843 2369 γὰρ
2871 2297 3044 2369 μυρία
3074 2315 3159 2360 τις
3192 2296 3356 2350 αὑτὸν
3383 2295 3683 2365 ἐργάσηται
3712 2291 3862 2345 δεινά
3880 2332 3896 2355 ,
3922 2290 4033 2343 κᾶν
4076 2288 4287 2358 μαστί-

2587 2382 2674 2454 ξῃ,
2699 2382 2805 2437 κᾶν
2826 2383 2984 2456 δήσῃ,
3014 2383 3077 2436 τὸ
3108 2384 3207 2453 μὲν
3232 2382 3393 2453 σῶμα
3438 2381 3735 2451 πλήττεται
3767 2378 3856 2431 διά
3884 2377 3987 2446 τὴν
4019 2373 4222 2443 φύσιν,
4251 2374 4286 2443 ἡ

2586 2469 2643 2522 δὲ
2670 2469 2815 2539 ψυχὴ
2855 2470 3133 2539 ἀπληκτος
3164 2469 3253 2522 διά
3283 2469 3381 2539 τὴν
3416 2466 3736 2537 φιλοσοφίαν
3766 2465 3941 2534 μένει.
3990 2461 4141 2515 Οὐδὲ
4174 2462 4288 2529 γάρ

2585 2555 2870 2609 ἁλίσκεται
2900 2555 3076 2625 θυμῷ,
3103 2556 3163 2608 οὐ
3188 2554 3466 2627 χειροῦται
3499 2554 3667 2625 μίσει,
3704 2552 3804 2605 οὐκ
3835 2547 4113 2619 ἀπεχθείᾳ
4158 2563 4285 2599 acat-

2586 2641 2935 2709 αγωνίξεται.
2966 2643 3077 2695 Καὶ
3105 2641 3259 2694 οὔπω
3290 2641 3447 2693 τοῦτο
3479 2639 3644 2711 μέγα,
3679 2637 3813 2691 ἀλλά
3843 2636 3906 2689 τὸ
3929 2634 4120 2704 πολλῷ
4149 2631 4282 2686 τού-

2584 2743 2679 2780 του
2714 2727 3181 2799 θαυμαστότερον·
3222 2726 3477 2798 καθάπερ
3516 2727 3625 2799 γὰρ
3670 2724 3964 2795 εὐεργέτας
3994 2724 4097 2775 καὶ
4138 2738 4281 2791 προο

2586 2813 2810 2878 στάτας,
2848 2812 2992 2868 οῦτω
3021 2814 3167 2882 φιλεῖ
3200 2815 3327 2877 τοὺς
3368 2814 3437 2867 τά
3471 2813 3697 2867 τοιαῦτα
3721 2811 4166 2883 ἐργασαμένους,
4190 2807 4281 2861 οὐ⁴

2584 2919 2694 2965 τως
2717 2899 2937 2971 εὔχεται
2970 2900 3150 2955 πάντα
3173 2902 3357 2964 αὐτοῖς
3385 2900 3640 2969 γενέσθαι
3669 2901 3738 2954 τὰ
3767 2898 3969 2967 ἀγαθά.
3993 2897 4205 2951 Καίτοι
4229 2896 4281 2948 τί

2585 2986 2842 3043 τοσοῦτον
2875 2987 3082 3051 ἔδωκας
3127 2988 3193 3041 ἂν
3232 2987 3407 3059 αὐτῷ,
3452 2990 3499 3041 εί
3542 2987 3802 3058 μυριάκις
3834 2985 4000 3039 αὑτὸν
4043 2982 4282 3054 βασιλέα

2586 3077 2686 3146 τῆς
2704 3074 3031 3145 οἰκουμένης
3058 3075 3341 3147 ἐποίησας,
3368 3077 3461 3129 καὶ
3489 3075 3583 3127 ἐπὶ
3610 3073 3823 3144 μυρίοις
3856 3073 4001 3125 ἔτεσι
4028 3072 4135 3141 τὴν
4160 3068 4279 3142 [691

2591 3162 2869 3233 βασιλείαν
2900 3161 3203 3228 ἐξέτεινας;
3227 3162 3402 3231 πόσης
3433 3160 3751 3231 ἀλουργίδος
3774 3158 3933 3211 τοῦτο
3962 3158 4025 3210 τὸ
4056 3158 4275 3225 κτῆμα,

2589 3249 2765 3319 πόσης
2792 3248 3003 3319 ἀρχῆς,
3040 3248 3214 3316 πόσης
3259 3247 3418 3317 δόξης
3454 3247 3515 3299 οὑ
3562 3245 3917 3315 τιμιώτερον;
3962 3243 4019 3295 τί
4056 3244 4168 3295 οὐκ
4215 3240 4281 3293 ἀν

2589 3338 2892 3407 προήκατο,
2922 3334 3061 3387 ὥστε
3083 3334 3260 3405 ψυχὴν
3288 3333 3545 3403 τοιαύτην
3571 3331 3791 3393 λαὸεῖνς
3823 3331 3981 3400 Ἐμοὶ.
4013 3328 4281 3382 δοκεῖκαὶ

2587 3420 2716 3485 τοὺς
2756 3421 2963 3490 σφόδρα
3003 3419 3415 3489 φιλοσωμάτους
3455 3419 3596 3471 ἐλεῖν
3632 3417 3697 3471 ἂν
3728 3415 3933 3484 ταύτης
3970 3414 4078 3484 τῆς
4126 3412 4281 3481 ζωῆς

2588 3508 2688 3579 τὴν
2713 3508 3009 3580 ἐπιθυμίαν
3026 3520 3071 3563 θ.
3095 3507 3286 3561 Βούλει
3321 3507 3415 3561 καὶ
3443 3506 3709 3577 ἑτέρωθεν
3738 3504 3835 3577 τὴν
3863 3503 4102 3573 δύναμιν
4148 3502 4283 3554 ἰδεῖν

2589 3593 2683 3647 τοῦ
2710 3593 2904 3664 ἀνδρὸς
2935 3593 3386 3663 θαυμαστοτέραν
3418 3592 3508 3644 καὶ
3538 3590 3782 3661 ήδίστην,
3812 3588 3921 3643 ἀπὸ
3952 3588 4166 3657 μέρους
4190 3602 4285 3638 τα-

2592 3680 2904 3750 πεινοτέρου
2938 3681 3073 3750 μὲν,
3120 3680 3203 3733 σοὶ
3250 3679 3307 3731 δὲ
3350 3678 3583 3749 μάλιστα
3628 3676 3878 3747 ἠδίστους
3924 3673 4006 3727 Τὰ
4032 3673 4138 3743 μὲν
4164 3673 4281 3742 γάρ

2591 3766 2857 3837 εἰρημένα
2892 3765 3161 3818 δείκνυσιν
3186 3765 3348 3818 αὑτὸν
3368 3764 3667 3834 ἀχείρωτον
3688 3762 3814 3814 ὅντα
3836 3760 3931 3815 καὶ
3965 3760 4275 3813 ἀνάλωτον·

2590 3852 2672 3905 ὅτι
2710 3850 2767 3903 δέ
2794 3853 2887 3904 καὶ
2917 3850 3117 3920 ἐτέρων
3147 3851 3534 3921 προστήσεται,
3570 3849 3667 3901 καὶ
3699 3849 3756 3899 ἐν
3786 3845 4062 3916 ἀσφαλείᾳ
4105 3861 4281 3897 κατα-

2596 3941 2780 4009 στήσει
2813 3938 3001 4009 πολλῇ,
3024 3937 3184 3991 τοῦτο
3210 3938 3341 4000 ἴσως
3364 3938 3548 4005 ζητεῖς
3581 3933 3791 4005 μαθεῖν.
3834 3932 4007 3985 Τοῦτο
4049 3932 4152 4001 μὲν
4183 3926 4281 3983 οὖν

2593 4024 2783 4096 πρώτη
2819 4026 2934 4078 ἐστὶ
2978 4024 3315 4096 προστασία,
3357 4024 3418 4076 τὸ
3454 4023 3551 4075 καλ⁸
3589 4022 3811 4093 ἐτέρους
3852 4021 3934 4081 είς
3976 4018 4073 4071 τὸν
4109 4016 4279 4070 αὐτὸν

2593 4112 2754 4181 ζῆλον
2792 4114 3042 4181 ἀγαγεῖν,
3082 4112 3176 4166 καὶ
3220 4110 3362 4164 οῦτω
3409 4113 3629 4180 ποιῆσαι
3679 4105 3966 4177 ἰσχυρούς·
3998 4106 4049 4157 εί
4084 4104 4145 4157 δὲ
4202 4105 4278 4174 μὴ

2594 4198 2820 4262 θέλοιεν,
2858 4199 2994 4253 ἀλλά
3039 4200 3137 4270 τὴν
3175 4197 3667 4269 ἀνθρωπινωτέραν
3706 4194 3905 4262 ταύτην
3950 4192 4047 4244 καὶ
4076 4192 4277 4259 γηῖνην

2598 4284 2945 4354 μετέρχοιντο
2991 4283 3173 4353 ζωὴν,
3209 4284 3303 4336 καὶ
3342 4284 3399 4334 ἐν
3436 4280 3607 4349 ταύτῃ
3670 4278 3832 4331 πάλιν
3870 4276 3995 4344 ὄψει
4041 4276 4276 4344 δύναμιν

2594 4371 2755 4423 αὑτὸν
2785 4370 2976 4441 ἔχοντα
3021 4370 3115 4422 τοῦ
3160 4366 3518 4427 πλουτοῦντος
3545 4363 3637 4415 σοῦ
3691 4362 3913 4432 μείζονα
3957 4362 4054 4415 τὸν
4105 4362 4279 4432 μηδὲν

2593 4457 2787 4527 ἔχοντα
2820 4457 2886 4509 δι’
2910 4456 3040 4509 αὐτὸ
3060 4454 3219 4507 τοῦτο
3248 4453 3485 4521 μάλιστα
3516 4451 3578 4503 τὸ
3607 4450 3775 4521 μηδὲν
3808 4449 3975 4520 ἔχειν.
4018 4450 4123 4513 Τίς
4164 4449 4279 4518 γὰρ

2596 4544 2735 4614 μετά
2766 4543 3008 4603 πλείονος
3045 4539 3292 4605 ἐξουσίας
3324 4536 3622 4601 διαλέξεται
3645 4535 3855 4605 βασιλεῖ
3879 4536 3974 4588 καὶ
4006 4537 4277 4605 ἐπιτιμή-

2597 4647 2709 4693 σεις
2756 4630 2821 4681 σὺ
2865 4628 2893 4679 ὁ
2932 4626 3167 4679 τοσαῦτα
3206 4624 3564 4695 κεκτημένος,
3604 4625 3699 4677 καὶ
3735 4622 4037 4685 ὑπεύθυνος
4083 4622 4160 4675 ὢν
4187 4623 4277 4675 διά

2595 4714 2768 4767 ταῦτα
2797 4714 2893 4766 καὶ
2928 4715 3042 4775 τοῖς
3074 4712 3285 4766 ἐκείνου
3317 4711 3545 4776 δούλοις,
3569 4712 3664 4765 καὶ
3688 4711 3829 4782 ὑπὲρ
3866 4711 4128 4764 ἀπάντων
4146 4708 4276 4779 τρέ-

2598 4815 2737 4869 μων,
2769 4799 2864 4863 καῖ
2897 4798 3099 4870 μυρίας
3131 4798 3281 4870 αὐτῷ
3315 4798 3569 4871 παρέχων
3596 4798 3788 4863 λαϐὰς,
3841 4799 3890 4851 εί
3921 4795 4172 4867 βούλοιτό
4212 4811 4273 4847 σε

2596 4887 2802 4941 ἀδικεῖν
2826 4886 3102 4959 ὀργισθεὶς
3130 4886 3176 4949 τ,
3207 4888 3240 4958 ἢ
3268 4882 3421 4950 οὗτος
3448 4889 3477 4939 6
3511 4886 3619 4940 τῶν
3646 4885 3854 4938 ἐκείνου
3881 4882 4083 4954 χειρῶν
4126 4881 4275 4933 ἀνώο

2593 4991 2750 5046 τερος
2771 4973 2845 5027 ὢν
2866 4993 2880 5041 ;
2905 4973 3192 5026 Βασιλεῦσι
3219 4974 3316 5044 μὲν
3346 4974 3453 5043 γὰρ
3475 4966 3619 5025 οῦτοι
3652 4972 3884 5042 μάλιστα
3910 4967 4272 5036 διελέχθησαν

2597 5062 2715 5133 μετ’
2744 5060 2989 5128 ἐξουσίας
3021 5060 3241 5133 πολλῆς,
3268 5061 3382 5111 ὅσοι
3409 5060 3626 5113 πάντων
3655 5058 3901 5125 ἐγένοντο
3932 5053 4041 5105 τῶν
4083 5053 4272 5123 βιωτιο

2594 5154 2707 5206 κῶν
2735 5151 2911 5213 ἐκτός.
2945 5150 3063 5203 Τίνι
3087 5150 3144 5202 δὲ
3176 5149 3374 5219 μᾶλλον
3403 5150 3535 5215 εῖξει
3573 5148 3668 5202 καὶ
3703 5142 4069 5199 ἐπακούσεται
4100 5145 4127 5183 ε
4152 5145 4182 5196 6
4209 5146 4270 5195 ἐν

2593 5241 2819 5311 δυνάμει
2864 5238 2961 5304 ὢν,
2992 5240 3086 5293 καὶ
3124 5238 3183 5291 ὲν
3231 5242 3342 5302 τοῖς
3395 5237 3687 5308 βασιλείοις
3748 5231 4150 5302 στρεφόμενος,
4184 5233 4268 5303 τῷ

2596 5324 2916 5380 πλουτοῦντί
2972 5341 3087 5388 σοι,
3140 5326 3235 5379 καὶ
3279 5326 3339 5378 ὃν
3389 5320 3684 5377 ὑποπτεύει
3753 5318 3917 5370 ἕνεκα
3957 5318 4266 5388 χρημάτων

2596 5412 2767 5467 πολλά
2790 5412 3048 5476 πολλάκις
3078 5415 3271 5477 ποιεῖν,
3299 5410 3425 5482 ἢτῷ
3453 5408 3581 5478 μίαν
3614 5404 3789 5474 ἔχοντι
3810 5401 3918 5454 τῶν
3944 5403 4267 5475 ἐπιταγμά-

2593 5517 2701 5553 των
2730 5500 3007 5564 ὑπόθεσιν,
3038 5500 3136 5571 τὴν
3164 5502 3244 5563 είς
3265 5501 3389 5559 τοὺς
3422 5493 3613 5554 ἀλλους
3660 5489 4098 5562 φιλανθρωπίαν;
4128 5492 4267 5545 Τίνα

2594 5588 2814 5660 τιμήσει
2846 5589 2941 5643 καὶ
2981 5586 3355 5659 θαυμάσεται,
3395 5580 3522 5650 περὶ
3559 5574 3618 5632 οῦ
3664 5578 3830 5648 μηδὲν
3861 5580 4117 5633 ταπεινὸν
4154 5581 4267 5633 ὑπ-

2595 5676 2852 5734 οπτεῦσαι
2883 5678 3084 5733 δύναιτ’
3116 5677 3210 5743 ἂν,
3240 5674 3274 5744 ἢ
3301 5672 3393 5724 τὸν
3421 5670 3515 5723 καὶ
3540 5668 3648 5723 τῶν
3689 5670 3914 5725 οἰκετῶν
3938 5670 4265 5725 ταπεινότε-

2652 5885 2673 5906 ⁹
2700 5884 2876 5935 Morel.
2900 5886 2985 5943 τήν
3007 5880 3267 5943 ἐπιθυμίαν,
3292 5883 3346 5943 εει
3365 5879 3435 5943 sic
3455 5876 3605 5929 Savil.
3625 5880 3675 5929 in
3696 5884 3835 5929 textu
3851 5915 3865 5939 ,
3887 5879 3936 5927 tn
3960 5889 4118 5939 marg.
4142 5890 4266 5929 ven

2592 5947 2883 6012 ἡέπιθυμέει»
2908 5941 3006 6012 (περ
3026 5941 3484 6012 ωεξέτῆέξτιθιιμίοξ-
3585 6002 3650 6012 -.
3729 6002 3743 6012 .

2667 6007 2689 6047 ί
2711 6000 2944 6059 Βενί1.ἐι
2962 6005 3133 6055 Morel.
3160 6000 3215 6051 σε
3236 6000 3411 6051 ἀδικεῖν
3448 6000 3691 6068 ὀργισθείς,
3712 6002 3810 6054 duo
3826 6012 3943 6050 mss.
3967 6013 4027 6047 σε
4050 6000 4267 6050 «nam

2594 6075 2697 6174 η’
2712 6130 2815 6184 Alii
2834 6127 3174 6180 ὑπακούσεται.
3202 6125 3323 6179 Mor.
3351 6126 3681 6178 ἐπακούσεται.
