4532 6708
499 572 592 625 361

497 684 664 755 possit
692 683 809 755 quis
845 696 1074 739 mmrore
1112 678 1407 732 aflicientes
1443 668 1661 731 ulcisci,
1708 675 1763 721 et
1805 665 2070 721 beneficos

495 779 874 833 remunerare?
903 775 1061 845 Atqui
1102 773 1241 826 hanc
1272 780 1339 820 ne
1366 762 1505 834 apud
1536 762 1912 830 Imperatorem
1953 759 2069 828 qui-

495 869 614 926 dem
644 880 803 924 totam
834 862 1205 937 deprehendas
1238 877 1250 910 :
1285 870 1515 925 namque
1546 854 1741 909 multos
1779 853 1939 907 habet
1973 850 2071 905 sibi

495 960 753 1027 infestos,
781 960 974 1030 quibus
1003 955 1170 1008 vicem
1211 949 1434 1003 reddere
1464 962 1567 1001 non
1605 954 1811 1017 potest,
1853 943 2072 998 multos.

494 1069 596 1122 que
642 1053 942 1111 beneﬁcos,
984 1057 1118 1115 quos
1158 1058 1262 1096 non
1293 1050 1466 1111 potest
1509 1040 1662 1094 facile
1705 1050 2068 1092 remunerare.

495 1144 812 1211 Plerumque
838 1138 982 1193 enim
1022 1135 1076 1188 in
1115 1134 1298 1198 bellis,
1340 1132 1562 1187 infestos
1586 1131 1683 1185 sibi
1733 1129 1951 1191 hostes,
1983 1126 2072 1195 qui

495 1250 556 1290 se
583 1230 876 1289 innumeris
905 1225 1132 1281 aﬂ'ecere
1161 1225 1314 1280 malis
1333 1265 1348 1291 ,
1374 1223 1559 1280 ulcisci
1583 1238 1704 1276 cum
1725 1221 2076 1275 vehementer

492 1332 745 1395 cuperet,
775 1335 880 1374 non
912 1317 1109 1388 potuit,
1142 1318 1429 1387 amicisque
1455 1316 1546 1386 qui
1591 1327 1777 1382 magna
1806 1302 2074 1364 fortitudi-

495 1420 577 1473 nis
613 1414 801 1469 indicia
832 1412 1125 1480 dederunt,
1155 1412 1300 1482 paria
1323 1409 1617 1479 rependere
1641 1403 1911 1473 nequivit,
1934 1395 2075 1470 quod

494 1509 568 1562 illi
600 1505 709 1560 fato
735 1505 1086 1575 praeoccupati
1115 1506 1166 1559 in
1191 1504 1306 1572 ipso
1329 1501 1469 1556 bello
1499 1497 1894 1552 occubuissent.
2070 1559 2080 1574 Ι

564 1599 666 1666 Qui
691 1599 858 1652 omnia
882 1600 1190 1667 reliquerunt
1213 1605 1327 1649 sunt
1348 1588 1730 1660 imperatoribus
1753 1586 2071 1657 potentiores.

491 1720 561 1731 —-
578 1690 712 1755 Quid
729 1691 772 1744 si
797 1691 893 1744 hac
912 1690 1166 1759 potentia,
1189 1699 1290 1753 qua
1315 1698 1379 1736 ne
1410 1682 1554 1750 ipsos
1570 1678 1784 1748 quidem
1801 1692 1952 1748 rcges
1975 1674 2073 1731 frui

491 1782 910 1837 demonstratum
941 1789 1042 1844 est,
1073 1778 1230 1832 aliam
1261 1775 1415 1842 longe
1445 1772 1703 1842 majorem
1739 1770 1900 1823 filium
1926 1777 2074 1822 tuum

493 1871 689 1927 habere
727 1868 1134 1927 monstravero?
1171 1865 1340 1920 Nemo
1361 1879 1447 1918 me
1482 1864 1620 1918 bona
1649 1860 1881 1915 caelestia
1913 1857 2073 1912 modo

492 1966 754 2020 dicturum
777 1973 958 2035 putet,
987 1961 1178 2030 quibus
1203 1968 1258 2013 tu
1283 1973 1387 2011 non
1414 1955 1622 2018 credis;
1652 1970 1757 2008 non
1792 1952 1927 2007 adeo
1952 1965 2076 2018 pro-

494 2059 774 2114 missorum
799 2056 994 2112 oblitus
1015 2067 1132 2106 sum
1158 2068 1172 2114 ;
1205 2065 1387 2105 verum
1416 2064 1479 2103 ex
1521 2048 1586 2102 iis
1615 2062 1733 2117 qua:
1755 2046 1807 2099 in
1841 2043 1941 2099 hac
1968 2043 2072 2096 vita

494 2151 625 2206 fiunt
646 2193 662 2218 ,
699 2152 1016 2204 documenta
1043 2144 1282 2200 aderam.
1326 2141 1382 2197 Si
1414 2142 1554 2196 enim
1584 2139 1769 2194 ulcisci
1800 2138 2072 2200 inimicos,

492 2259 554 2297 ea
598 2255 845 2311 suprema
899 2236 1134 2305 potentia
1179 2243 1262 2290 est
1294 2251 1307 2288 :
1339 2232 1506 2287 multo
1546 2231 1702 2300 plane
1737 2229 1907 2298 majus
1937 2229 2070 2290 erit,

493 2332 652 2384 talem
685 2330 804 2382 vita
851 2333 1046 2380 statum
1090 2323 1360 2394 reperire,
1395 2321 1446 2374 in
1490 2335 1598 2389 quo
1643 2333 1802 2372 nemo
1831 2318 1937 2382 sit,
1983 2317 2072 2385 qui

491 2421 591 2475 etsi
620 2419 773 2482 velit,
800 2431 993 2471 nocere
1017 2415 1200 2484 possit.
1229 2412 1361 2467 Nam
1383 2410 1524 2480 quod
1549 2409 1651 2463 hoc
1675 2409 1743 2462 sit
1768 2408 1857 2461 illo
1879 2406 2071 2474 majus,

493 2519 620 2564 tunc
649 2508 818 2578 magis
858 2505 1155 2568 constabit,
1188 2518 1310 2559 cum
1337 2499 1404 2554 ad
1444 2497 1746 2566 exemplum
1777 2497 1919 2551 aliud
1957 2511 2077 2550 ora-

494 2603 692 2656 tionem
719 2599 1113 2655 reduxerimus.
1139 2597 1233 2650 Dic
1269 2594 1410 2650 enim
1434 2633 1446 2657 ,
1471 2604 1686 2662 quaeso,
1713 2598 1888 2643 utrum
1933 2603 2074 2657 prae-

491 2695 748 2758 stantius,
805 2692 953 2746 reine
997 2690 1200 2745 bellica:
1243 2688 1313 2741 ita
1342 2684 1644 2755 quempiam
1668 2681 1894 2752 peritum
1923 2694 2073 2744 esse,

493 2797 552 2842 ut
594 2800 782 2850 nemo,
806 2785 896 2853 qui
918 2799 977 2839 se
1001 2782 1282 2843 vulneret,
1305 2777 1668 2832 invulneratus
1707 2772 1925 2843 effugiat
1956 2789 1968 2825 :
2006 2786 2072 2825 an

492 2875 753 2945 ejusmodi
781 2889 902 2930 esse
929 2854 1156 2942 corpore
1175 2910 1191 2936 ,
1219 2877 1276 2923 ut
1299 2866 1632 2938 quantalibet
1659 2865 1884 2935 quisque
1909 2870 2070 2932 agat,

493 2970 774 3022 vulnerare
800 2982 906 3021 non
935 2965 1135 3035 possit?
1181 2961 1438 3016 Omnibus
1477 2956 1715 3026 profecto
1738 2962 1946 3010 constat
1973 2952 2074 3007 hoc

493 3062 583 3116 illo
611 3061 787 3130 potius
803 3074 924 3114 esse
948 3071 1011 3111 ac
1029 3055 1297 3110 divinius:
1323 3066 1495 3121 neque
1521 3049 1650 3104 illud
1671 3057 1872 3102 tantum
1898 3045 2069 3110 adest,

492 3155 582 3208 sed
606 3153 744 3223 quod
772 3152 862 3207 illo
890 3152 1047 3219 longe
1077 3146 1322 3217 superius
1347 3153 1450 3199 est.
1479 3141 1758 3209 Quodnam
1793 3137 1924 3193 illud
1952 3137 2075 3192 est?

493 3245 661 3298 Etiam
691 3241 1076 3296 medicamenta
1101 3250 1286 3301 nosse,
1326 3234 1519 3305 quibus
1543 3231 1765 3286 vulnera
1807 3236 2032 3283 curentu
2049 3242 2075 3280 r

491 3335 686 3388 omnia.
716 3332 907 3386 Tribus
936 3345 1064 3400 ergo
1094 3329 1342 3398 potentia:
1378 3324 1552 3379 modis
1589 3320 1893 3377 constitutis
1914 3361 1929 3383 ,
1959 3318 2073 3388 pri-

491 3440 578 3478 mo
615 3423 827 3493 quidem
850 3462 863 3484 ,
896 3431 954 3474 ut
998 3419 1165 3489 possit
1197 3418 1318 3487 quis
1347 3415 1568 3486 injurias
1614 3412 1834 3476 ulcisci;
1864 3411 2070 3477 altero,

488 3516 576 3583 qui
603 3525 657 3568 et
693 3514 937 3581 superior
962 3520 1040 3566 est
1058 3551 1073 3576 ,
1107 3520 1164 3563 ut
1192 3509 1411 3562 vulnera
1437 3505 1650 3575 propria
1690 3516 1878 3558 curare
1904 3500 2067 3564 norit;

489 3619 660 3676 neque
695 3604 834 3658 enim
880 3602 1096 3656 omnino
1123 3599 1226 3652 hoc
1256 3597 1382 3651 illud
1414 3595 1686 3663 sequitur;
1740 3591 1899 3647 tertio
1939 3599 1997 3644 ut
2039 3603 2070 3643 a

489 3697 632 3749 nullo
677 3693 950 3748 hominum
998 3689 1118 3744 laedi
1163 3689 1367 3759 possit,
1397 3684 1539 3755 quod
1574 3693 1817 3738 naturam
1859 3682 2072 3752 penitus

487 3784 697 3839 excedit
749 3785 1033 3836 humanam
1081 3798 1094 3834 :
1146 3780 1248 3833 hoc
1306 3785 1632 3847 postremum
1680 3774 1772 3830 ﬁlii
1830 3775 1904 3829 tui
1952 3787 2074 3829 esse

488 3872 918 3930 monstrabimus.

560 3965 606 4022 7.
621 3962 682 4019 Ei
707 3964 791 4032 qui
805 3961 975 4015 omnia
1000 3960 1215 4030 reliquit,
1231 3975 1374 4013 nemo
1396 3973 1571 4012 nocere
1593 3955 1718 4021 vult,
1746 3973 1835 4010 nec
1852 3965 2018 4027 posset
2030 3956 2074 4009 si

488 4059 725 4112 vellet.-—
743 4055 819 4111 Ne
840 4065 1017 4109 autem
1044 4053 1158 4108 haec
1187 4053 1348 4107 verba
1371 4053 1628 4122 strepitus
1650 4051 1822 4107 inanis
1841 4067 1962 4107 esse
1989 4051 2070 4104 vi-

487 4151 736 4213 deantur,
766 4148 865 4202 hac
886 4148 999 4217 ipsa
1026 4161 1214 4217 magna
1245 4146 1480 4218 potentia
1510 4159 1695 4199 rursus
1719 4145 1878 4199 aliam
1907 4143 2073 4213 majo-

487 4257 598 4297 rem
643 4242 782 4294 inter
809 4237 1151 4308 quaerendum
1199 4236 1520 4291 invenimus.
1562 4234 1676 4289 Non
1723 4235 1884 4288 modo
1927 4233 2069 4288 enim

487 4348 593 4388 non
641 4331 976 4400 reperientur
1003 4329 1090 4398 qui
1138 4341 1333 4381 nocere
1379 4325 1602 4395 possint,
1635 4324 1728 4379 sed
1755 4339 1822 4378 ne
1861 4323 1950 4394 qui
1981 4339 2073 4378 ve-

487 4425 586 4480 lint
629 4423 881 4493 quidem;
913 4422 983 4475 ita
1027 4429 1086 4474 ut
1125 4419 1320 4487 duplici
1347 4432 1411 4472 ex
1440 4424 1590 4485 parte
1633 4423 1779 4469 tutus
1806 4415 1896 4469 sit.
1934 4414 2070 4480 Quid

489 4513 645 4582 igitur
670 4513 768 4565 hac
789 4513 894 4563 vita
917 4509 1162 4572 divinius,
1190 4509 1240 4561 in
1268 4523 1369 4576 qua
1402 4522 1558 4561 nemo
1585 4520 1778 4560 nocere
1798 4505 1944 4570 velit,
1970 4519 2070 4559 nec

488 4605 530 4657 si
563 4603 708 4662 velit,
744 4600 950 4668 possit?
987 4614 1108 4652 eum
1154 4601 1383 4652 maxime
1428 4597 1568 4651 nolle
1613 4610 1806 4651 nocere
1853 4611 1958 4649 non
2003 4611 2070 4650 ex

490 4690 849 4746 imbecillitate
897 4689 1057 4752 venit,
1100 4697 1156 4740 ut
1184 4689 1236 4740 in
1283 4688 1464 4741 multis
1502 4687 1781 4756 contingit,
1808 4684 1900 4740 sed
1930 4684 2071 4755 quod

492 4783 633 4836 nulla
661 4780 956 4848 reperiatur
981 4791 1159 4830 causa.
1190 4776 1320 4829 Nam
1351 4778 1394 4829 si
1423 4777 1472 4830 id
1502 4777 1674 4831 solum
1700 4793 1796 4845 per
1822 4791 1880 4832 se
1906 4786 2071 4843 esset,

490 4871 693 4928 scilicet
733 4884 837 4922 non
889 4881 1062 4936 posse,
1111 4880 1215 4918 non
1266 4867 1392 4917 tanti
1439 4875 1582 4919 esset
1614 4884 1627 4919 :
1658 4866 1836 4920 odium
1878 4867 2074 4934 quippe

488 4967 792 5035 gigneretur
820 4959 1106 5014 maximum
1151 4957 1204 5010 in
1243 4956 1327 5019 iis,
1358 4957 1447 5024 qui
1476 4972 1595 5008 cum
1629 4958 1844 5018 vellent,
1879 4957 2074 5012 laedere

493 5074 599 5111 non
630 5064 850 5124 possent
878 5069 892 5116 ;
926 5066 1029 5105 non
1062 5064 1255 5118 parvus
1283 5057 1460 5102 autem
1487 5058 1570 5101 est
1600 5049 1685 5101 hic
1727 5049 2074 5105 beatitudinis

493 5150 703 5204 modus.
733 5147 906 5216 lpsum
953 5157 1079 5212 ergo
1119 5141 1373 5212 primum,
1406 5139 1450 5193 si
1479 5139 1709 5206 videtur,
1740 5144 2074 5196 excutiamus

492 5243 792 5309 diligenter.
824 5237 1078 5306 Quisnam
1108 5249 1229 5288 eum
1255 5233 1449 5286 lmdere
1495 5232 1644 5297 velit,
1676 5234 1764 5302 qui
1795 5233 1927 5287 nihil
1974 5233 2074 5288 ha-

495 5334 582 5386 bet
609 5346 888 5385 commune
919 5344 1038 5383 cum
1069 5325 1390 5387 hominibus,
1424 5339 1526 5378 non
1554 5334 1726 5393 pacta,
1757 5341 1863 5380 non
1894 5341 2071 5396 agros,

496 5437 599 5473 non
633 5422 900 5490 pecunias,
953 5435 1060 5473 non
1108 5417 1338 5486 negotia,
1379 5430 1550 5484 neque
1591 5415 1732 5469 aliud
1762 5416 2071 5486 quidpiam?

500 5525 594 5578 pro
624 5527 726 5577 qua
756 5512 878 5564 villa
919 5526 1037 5564 cum
1069 5509 1158 5562 illo
1183 5505 1486 5570 contendet,
1531 5520 1628 5574 pro
1652 5507 1844 5575 quibus
1868 5509 2038 5562 servis
2057 5547 2073 5572 ,

501 5616 592 5667 pro
619 5617 719 5667 qua
764 5603 972 5670 gloria?
1003 5602 1250 5671 quidnam
1283 5609 1545 5661 metuens,
1592 5614 1696 5665 quo
1741 5599 2076 5654 lacessente?

500 5689 770 5758 Siquidem
801 5702 889 5744 aut
916 5694 1131 5757 invidia,
1165 5701 1255 5746 aut
1284 5700 1446 5754 metu,
1477 5697 1568 5743 aut
1598 5690 1673 5743 ira
1700 5705 1994 5757 movemur,
2020 5700 2080 5745 ut

501 5783 635 5836 alios
662 5779 933 5834 Ιςεόειηιιις.
960 5786 1026 5836 At
1054 5785 1137 5838 hic
1166 5801 1290 5854 rege
1312 5784 1495 5852 quovis
1523 5784 1809 5852 potentior,
1832 5785 2077 5839 omnibus

501 5871 746 5940 superior
771 5879 870 5924 est.
902 5872 1028 5936 Quis
1068 5878 1208 5928 enim
1237 5878 1282 5930 ei
1329 5875 1600 5935 invidebit,
1630 5873 1717 5944 qui
1756 5874 1866 5928 hate
1901 5877 2078 5930 omnia

505 5962 722 6028 irridet,
771 5975 868 6032 pro
905 5963 1093 6031 quibus
1137 5967 1223 6020 alii
1273 5969 1513 6023 laborant
1552 5977 1604 6024 et
1643 5967 1930 6038 satagunt?
1960 5970 2078 6038 quis

1243 555 1601 618 ADVERSUS
1629 543 2176 608 OPPUGNATORBS
2221 546 2401 603 VITAE
2446 546 2738 602 MONAST.
2781 548 2908 602 LIB.
2958 549 3018 604 ll.

3655 551 3758 605 5ιὲ

2184 663 2441 717 irascetur
2481 660 2609 715 nihil
2654 661 2848 716 laesus?
2877 663 2994 730 quis
3038 670 3255 727 metuet,
3299 674 3422 716 cum
3469 662 3644 717 nullus
3691 667 3761 718 sit

2179 753 2466 823 suspicioni
2513 753 2702 807 locus?
2730 753 2951 807 Constat
2997 752 3151 821 igitur
3193 768 3261 807 ex
3313 751 3396 808 his
3427 753 3598 808 nullos
3637 768 3759 810 esse

2178 846 2266 914 qui
2295 847 2341 901 ei
2373 859 2568 900 nocere
2612 844 2794 912 velint,
2825 845 2966 915 quod
3012 853 3186 899 autem
3214 861 3319 900 non
3364 846 3408 901 si
3437 846 3599 900 velint
3640 849 3758 915 qui-

2178 937 2322 1002 dem,
2353 934 2576 1006 possint,
2605 946 2657 989 et
2687 936 2787 991 hoc
2816 937 3059 990 similiter
3085 936 3420 992 manifestum
3460 947 3561 992 est.
3591 934 3759 992 Nullae

2177 1032 2317 1085 enim
2349 1038 2473 1084 sunt
2514 1043 2686 1084 causa:
2715 1038 2805 1083 aut
2829 1030 3157 1094 occasiones,
3188 1027 3378 1098 quibus
3417 1045 3539 1084 eum
3569 1028 3761 1097 aliquis

2177 1120 2426 1174 cohibere
2453 1120 2653 1188 possit;
2688 1120 2779 1175 sed
2807 1128 2865 1172 ut
2887 1119 3060 1190 aquila
3087 1120 3314 1175 sublime
3343 1119 3546 1186 volans,
3581 1133 3763 1187 passe-

2178 1223 2297 1262 rum
2329 1204 2531 1278 laqueis
2571 1225 2678 1264 non
2718 1208 2942 1276 capitur,
2971 1210 3040 1263 ita
3084 1219 3138 1264 et
3167 1209 3271 1264 hic.
3303 1207 3455 1266 Unde
3493 1207 3637 1264 enim
3664 1222 3762 1261 no—

2178 1314 2300 1355 cere
2325 1302 2373 1355 ei
2418 1298 2583 1370 possit
2610 1297 2845 1370 aliquis?
2872 1297 3116 1354 Pecuniae
3143 1314 3249 1354 non
3284 1299 3494 1364 adsunt,
3537 1309 3596 1354 ut
3624 1299 3762 1353 mul-

2179 1401 2317 1446 ctam
2363 1393 2719 1450 comminetur
2754 1407 2768 1444 :
2801 1389 3024 1461 patriam
3067 1405 3171 1446 non
3212 1389 3395 1456 habet,
3426 1400 3487 1445 ut
3513 1391 3757 1445 exsilium

2178 1482 2408 1549 inferat;
2437 1481 2660 1554 gloriam
2702 1497 2808 1538 non
2838 1482 3184 1555 concupiscit,
3217 1492 3273 1537 ut
3302 1481 3535 1537 dedecus
3564 1481 3757 1535 inurat.

2177 1575 2350 1631 Unum
2380 1577 2642 1646 reliquum
2670 1584 2774 1640 est,
2805 1589 2951 1629 mors
2993 1573 3195 1629 scilicet
3225 1592 3239 1628 :
3268 1573 3362 1628 sed
3391 1573 3492 1628 hac
3530 1573 3761 1628 maxime

2178 1668 2230 1720 in
2260 1676 2407 1736 parte
2435 1682 2554 1721 eum
2594 1663 2830 1736 afﬂigere
2871 1681 2976 1720 non
3021 1665 3236 1735 poterit,
3283 1664 3390 1719 imo
3411 1664 3615 1733 juvabit
3639 1678 3758 1718 ma-

2177 1756 2340 1811 xime.
2372 1757 2608 1828 Namque
2632 1772 2752 1811 eum
2779 1755 2844 1811 ad
2883 1757 3038 1811 aliam
3068 1756 3374 1812 transmittit
3399 1756 3581 1821 vitam,
3607 1754 3674 1810 ab
3700 1770 3760 1810 se

2178 1845 2561 1915 desideratam,
2591 1849 2739 1918 cujus
2777 1863 2935 1903 causa
2965 1848 3095 1902 nihil
3126 1863 3231 1902 non
3261 1847 3369 1918 agit
3407 1857 3461 1902 et
3488 1857 3758 1916 aperatur.

2181 1938 2360 2010 Itaque
2406 1939 2495 1994 illa
2541 1935 2780 1994 laborum
2825 1937 2926 1994 sibi
2975 1937 3095 1992 finis
3137 1939 3257 2004 erit,
3301 1953 3407 1993 non
3451 1951 3638 2007 poena,
3667 1937 3761 1990 sed

2178 2031 2430 2088 Sudorum
2460 2030 2654 2088 solutio
2696 2041 2750 2086 et
2778 2032 3011 2102 requies.
3056 2031 3220 2086 Visne
3245 2030 3407 2084 alium
3436 2030 3552 2099 ejus
3580 2038 3764 2099 poten-

2179 2127 2264 2178 tia:
2293 2124 2509 2179 modum
2552 2124 2813 2186 ediscere,
2845 2123 2897 2176 in
2945 2122 3276 2191 phil050pltia
3323 2122 3480 2190 longe
3509 2130 3768 2189 praestan-

2179 2216 2412 2270 tiorem?
2447 2214 2665 2268 Etiamsi
2696 2214 2815 2282 quis
2844 2229 2965 2268 eum
2997 2213 3291 2268 innumeris
3322 2212 3559 2267 aﬂ'ecerit
3585 2213 3762 2275 malis,

2177 2305 2384 2360 etiamsi
2423 2305 2735 2360 verberibus
2764 2303 3061 2367 laniaverit,
3107 2304 3157 2357 in
3189 2303 3399 2358 vincula
3437 2302 3722 2371 eoujecerit
3746 2343 3762 2365 ,

2177 2412 2372 2468 corpus
2415 2413 2511 2467 pro
2538 2406 2725 2452 natura
2753 2411 2845 2450 sua
2871 2392 3102 2459 lmditur,
3133 2395 3343 2449 animus
3373 2408 3500 2450 vero
3527 2393 3765 2462 philoso-

2181 2487 2317 2556 phiae
2345 2487 2609 2550 addictus,
2640 2486 2841 2539 illmsus
2869 2493 3049 2538 manet
3078 2501 3090 2536 :
3123 2498 3296 2553 neque
3317 2483 3461 2537 enim
3491 2481 3765 2537 iracundia

2179 2577 2404 2647 capitur,
2441 2591 2544 2630 non
2572 2575 2695 2630 odio
2721 2575 3027 2645 corripitur,
3061 2590 3166 2628 non
3195 2573 3498 2628 inimicitias
3525 2584 3763 2628 exercet.

2179 2666 2422 2720 Nondum
2463 2667 2534 2720 ita
2581 2681 2825 2736 magnum
2857 2665 2959 2719 hoc
2989 2673 3090 2727 est,
3122 2663 3215 2718 sed
3248 2663 3402 2733 longe
3428 2663 3723 2718 mirabilius
3746 2703 3763 2727 ,

2177 2757 2316 2825 quod
2347 2771 2461 2820 eos,
2490 2756 2579 2826 qui
2622 2770 2681 2810 se
2711 2755 2784 2810 ita
2809 2763 3025 2819 vexant,
3055 2754 3134 2808 sic
3163 2753 3353 2823 diligit,
3387 2762 3445 2806 ut
3469 2752 3762 2816 beneficos,

2178 2861 2233 2903 ut
2263 2859 2534 2918 patronos,
2567 2848 2812 2917 bonaque
2853 2847 2958 2901 illis
2999 2853 3188 2899 cuncta
3237 2851 3570 2913 apprecatur.
3614 2844 3684 2897 At
3711 2854 3767 2897 tu

2177 2940 2302 3009 quid
2334 2941 2382 2995 ei
2410 2954 2661 3009 umquam
2690 2939 2798 2992 tale
2825 2945 3079 3008 praestare
3097 2935 3386 3006 potuisses,
3408 2933 3617 2990 etiamsi
3643 2935 3732 2988 mil
3749 2963 3766 2975 -

2177 3031 2275 3086 lies
2302 3032 2475 3100 ipsum
2501 3030 2644 3084 orbis
2688 3039 2946 3083 terrarum
2978 3042 3157 3097 regem
3189 3026 3578 3090 constituisses,
3612 3036 3667 3079 et
3694 3025 3762 3079 ad

2177 3121 2364 3176 decem
2391 3134 2650 3174 annorum
2679 3119 2839 3174 millia
2864 3133 3084 3188 regnum
3115 3115 3214 3187 ipsi
3242 3129 3587 3187 prorogasses
3605 3116 3630 3168 ?
3658 3131 3762 3184 qua

2177 3227 2440 3282 purpura,
2472 3225 2578 3282 quo
2624 3211 2868 3280 imperio,
2900 3223 3004 3280 qua
3051 3208 3218 3279 gloria
3260 3223 3364 3262 non
3410 3206 3764 3278 prmstabilius

2178 3318 2259 3360 εει
2306 3303 2409 3358 hoc
2431 3302 2672 3360 bonum?
2700 3301 2823 3372 quid
2868 3315 2971 3355 non
3015 3299 3369 3370 impenderes,
3413 3309 3472 3353 ut
3499 3300 3762 3368 ejusmodi

2176 3398 2410 3451 animum
2440 3395 2748 3465 acciperes?
2773 3394 3018 3448 Arbitror
3059 3407 3158 3462 ego
3187 3391 3346 3446 etiam
3375 3405 3491 3457 eos,
3537 3390 3626 3461 qui
3651 3399 3764 3445 stu-

2174 3489 2376 3543 diosius
2397 3501 2621 3556 corpora
2641 3495 2847 3546 curant,
2868 3484 3006 3538 hanc
3031 3483 3191 3537 vitam
3214 3490 3598 3552 praeoptaturos
3619 3497 3759 3537 esse.

2176 3582 2338 3636 Visne
2365 3579 2577 3635 aliunde
2603 3593 2814 3649 quoque
2853 3577 3140 3648 potentiam
3167 3571 3266 3630 viri
3293 3584 3344 3630 et
3373 3574 3757 3630 mirabiliorem

2174 3682 2230 3728 et
2253 3670 2624 3743 jucundiorem
2668 3669 2869 3736 videre,
2920 3684 2985 3724 ex
3032 3675 3182 3737 parte
3220 3667 3434 3738 quidem
3484 3667 3757 3723 humiliori

2176 3767 2416 3834 petitam,
2449 3764 2542 3821 tibi
2582 3773 2755 3817 tamen
2793 3776 3001 3816 summe
3025 3761 3268 3830 gratam?
3298 3761 3370 3816 Ea
3398 3761 3610 3830 quidem
3642 3776 3762 3830 quae

2175 3858 2314 3912 dicta
2353 3862 2496 3921 sunt,
2528 3869 2648 3909 eum
2692 3867 2791 3907 nec
2829 3852 2946 3922 capi
2975 3867 3074 3906 nec
3113 3851 3297 3906 violari
3330 3866 3485 3921 posse
3510 3865 3762 3921 compro-

2177 3950 2322 4003 bant.
2368 3945 2520 4015 Quod
2561 3953 2737 4000 autem
2772 3945 2905 3999 alios
2933 3941 3304 3998 moderaturus
3331 3945 3419 4007 sit,
3451 3959 3650 4013 eosque
3682 3953 3764 3998 tu-

2176 4041 2410 4094 tissimos
2424 4038 2830 4101 constituturus,
2847 4035 2897 4091 id
2915 4035 3138 4091 fortasse
3155 4035 3349 4106 quarris
3364 4034 3627 4091 ediscere.
3649 4035 3762 4091 lloc

2177 4146 2337 4203 porro
2382 4139 2466 4185 est
2511 4130 2743 4200 primum
2787 4129 3181 4198 magisterium,
3231 4137 3291 4182 ut
3329 4128 3463 4183 alios
3506 4128 3572 4184 ad
3619 4127 3758 4184 idem

2175 4224 2408 4279 studium
2433 4221 2680 4287 adducat,
2712 4230 2766 4276 et
2790 4221 2867 4275 sic
2895 4220 3017 4275 illos
3044 4220 3225 4274 firmos
3268 4218 3538 4291 fortesque
3566 4222 3765 4274 consti-

2176 4328 2288 4373 tuat
2312 4334 2327 4381 ;
2355 4319 2438 4371 sin
2465 4331 2592 4370 vero
2635 4315 2707 4370 illi
2736 4315 2923 4377 nolint,
2958 4323 3330 4381 terrenamque
3374 4312 3534 4366 vitam
3568 4314 3762 4368 sectari

2176 4408 2381 4472 malint,
2412 4405 2498 4459 hic
2525 4418 2737 4474 quoque
2761 4403 2963 4458 videbis
2989 4401 3192 4470 majore
3215 4411 3266 4456 te
3293 4400 3548 4470 opulento
3575 4412 3763 4470 poten-

2176 4500 2244 4553 tia
2278 4496 2554 4567 przeditum
2585 4510 2729 4561 eum,
2775 4494 2862 4563 qui
2906 4492 3036 4547 nihil
3067 4492 3246 4554 habet,
3294 4503 3454 4562 atque
3495 4492 3613 4546 ideo
3645 4507 3762 4546 nta-

2175 4592 2317 4646 xime
2343 4589 2484 4659 quod
2515 4587 2644 4642 nihil
2672 4586 2883 4642 habeat.
2915 4585 3046 4654 Quis
3072 4584 3215 4640 enim
3244 4584 3448 4653 majore
3475 4599 3598 4639 cum
3628 4583 3764 4637 ﬁdu-

2175 4685 2255 4740 cia
2296 4694 2350 4738 et
2391 4690 2651 4753 potestate
2691 4680 3074 4750 imperatorem
3102 4677 3398 4746 alloquetur
3441 4685 3496 4731 et
3523 4678 3764 4743 increpa-

2176 4777 2285 4832 bit?
2309 4787 2433 4831 tune
2448 4773 2540 4845 qui
2564 4781 2703 4827 tanta
2728 4771 2988 4842 possides,
3009 4779 3062 4823 et
3087 4778 3364 4838 propterea
3389 4767 3527 4821 illius
3548 4780 3761 4836 quoque

2178 4869 2346 4924 servis
2392 4865 2652 4921 obnoxius
2681 4877 2758 4928 es,
2810 4875 3012 4930 proque
3052 4857 3299 4913 omnibus
3349 4859 3554 4919 tremis,
3600 4871 3763 4911 ansas

2177 4974 2306 5014 vero
2337 4959 2409 5011 illi
2442 4958 2743 5009 innumeras
2776 4950 3006 5020 pmbes,
3038 4949 3082 5003 si
3114 4949 3280 5003 iratus
3309 4958 3359 5003 te
3385 4947 3582 5004 laedere
3612 4949 3757 5012 velit;

2179 5067 2245 5103 an
2294 5049 2382 5102 hic
2417 5046 2504 5116 qui
2555 5044 2695 5097 illius
2742 5040 2988 5096 manibus
3030 5039 3272 5108 superior
3312 5040 3436 5093 est?
3469 5038 3578 5092 Hoc
3615 5038 3757 5092 enim

2181 5141 2407 5196 maxime
2427 5151 2595 5208 genus
2617 5135 2889 5190 hominum
2910 5149 3116 5188 summa
3138 5146 3258 5185 eum
3283 5131 3528 5185 libertate
3547 5130 3759 5200 regibus

2179 5230 2463 5300 colloquuti
2496 5236 2636 5292 sunt,
2669 5233 2927 5296 quotquot
2952 5222 3198 5276 videlicet
3222 5236 3251 5275 a
3282 5221 3629 5275 smcularibns
3667 5235 3752 5274 ne-

2180 5323 2336 5394 gotiis
2374 5336 2434 5375 se
2476 5323 2892 5388 sequestrarunt.
2940 5314 3034 5367 Cui
3079 5327 3208 5367 vero
3254 5311 3461 5365 facilius
3509 5310 3662 5365 cedet
3705 5316 3749 5366 et

2182 5410 2589 5481 obtemperabit,
2635 5407 2722 5475 qui
2750 5414 2829 5458 est
2859 5403 2910 5457 in
2940 5413 3201 5471 potestate
3234 5403 3571 5466 constitutus,
3602 5410 3656 5456 et
3704 5401 3752 5457 in

2183 5507 2324 5575 regia
2355 5498 2637 5557 versatur?
2666 5496 2828 5550 tibine
2875 5495 2965 5565 qui
2999 5496 3144 5548 dives
3189 5509 3266 5559 es,
3295 5507 3450 5560 quem
3480 5492 3568 5546 ille
3596 5506 3755 5560 pecu-

2185 5600 2388 5651 niarum
2419 5605 2576 5648 causa
2606 5589 2795 5645 crebro
2840 5587 3061 5658 plurima
3110 5585 3281 5639 facere
3327 5583 3659 5652 suspicatur;
3694 5599 3757 5638 an

2185 5688 2230 5741 ei
2257 5686 2344 5754 qui
2383 5698 2540 5737 unam
2573 5681 2730 5734 liabet
2754 5679 3048 5749 jussionum
3082 5691 3317 5740 causam,
3349 5689 3540 5743 nempe
3572 5675 3759 5728 huma-

2187 5779 2403 5832 nitatem
2433 5789 2556 5844 erga
2596 5772 2764 5826 alios?
2802 5771 2966 5835 Quem
3000 5766 3300 5828 honorabit,
3334 5781 3488 5834 quem
3535 5763 3764 5817 admira-

2186 5869 2369 5926 bitur?
2401 5882 2592 5922 eumne
2619 5865 2684 5919 de
2706 5878 2807 5933 quo
2835 5861 2966 5915 nihil
2993 5861 3257 5930 abjeclum
3284 5857 3539 5926 suspicari
3565 5865 3762 5924 potest,

2199 5980 2263 6019 an
2292 5978 2409 6016 eum
2439 5975 2593 6032 quem
2617 5960 2780 6015 servis
2807 5969 3012 6025 quoque
3044 5954 3150 6007 suis
3182 5952 3409 6005 vilioretr
3446 5947 3763 6002 arbitratur?
