4532 6738
838 564 941 619 ῧίδ

837 680 983 731 Sicut
1028 674 1169 728 enim
1212 672 1421 743 quoties
1464 669 1660 738 aliquid
1714 668 1950 739 pecunia:
2004 665 2413 737 impcndendum

836 776 937 833 est,
975 766 1080 821 illis
1122 765 1291 834 potius
1319 763 1712 830 obtemperant,
1760 760 1829 813 ita
1861 760 2020 812 etiam
2062 760 2269 828 quoties
2308 756 2421 825 jus-

839 860 1007 912 scrint
1027 856 1181 910 alicui
1206 853 1544 923 patrocinari.

909 949 964 1003 8.
983 948 1080 1012 Qui
1104 957 1298 1023 terrena
1319 944 1487 997 omnia
1508 941 1718 1009 spernit,
1734 942 1953 1009 Ingentes
1972 939 2175 1008 facilius
2192 935 2421 989 consola-

843 1039 1108 1094 tur.—Sin
1125 1049 1301 1092 autem
1315 1033 1701 1095 volueris,niltil
1721 1034 1809 1087 ille
1823 1048 1913 1102 per
1924 1032 2056 1086 alios
2068 1026 2423 1100 perficiat,sed

846 1146 941 1199 per
973 1130 1204 1198 seipsum
1227 1130 1437 1190 omnia;
1460 1139 1817 1179 mrumuosum
1838 1122 2064 1191 aliquem
2097 1132 2151 1175 et
2178 1120 2243 1174 ad
2274 1120 2421 1173 illum

844 1223 1167 1277 adducamus
1188 1229 1239 1275 te
1258 1218 1325 1273 ad
1342 1225 1416 1282 te,
1440 1218 1547 1271 imo
1570 1218 1745 1286 potius
1766 1231 1870 1270 non
1892 1214 1955 1268 ad
1978 1225 2045 1277 te,
2062 1214 2154 1268 sed
2169 1213 2234 1267 ad
2252 1213 2421 1281 ipsum

852 1315 1229 1382 Imperatorem
1254 1329 1267 1364 :
1291 1319 1402 1365 tum
1420 1310 1695 1363 videamus
1722 1319 1837 1363 uter
1865 1307 1936 1359 illi
1960 1308 2127 1375 magis
2148 1303 2423 1374 providere

844 1405 1029 1471 possit.
1046 1404 1358 1471 Primusque
1369 1411 1493 1455 ante
1508 1400 1641 1455 alios
1661 1398 2065 1467 adducatur,qui
2081 1394 2422 1451 acerbiSsitna

840 1496 1074 1549 omnium
1095 1508 1379 1564 perpessus
1399 1494 1487 1547 sit.
1510 1492 1589 1547 Sit
1609 1490 1755 1545 verbi
1787 1490 1955 1559 gratia
1973 1488 2232 1558 quispiam
2256 1485 2422 1539 filium

839 1589 1040 1643 habens
1077 1588 1328 1650 unicum,
1376 1600 1533 1652 quem
1575 1584 1627 1637 in
1667 1583 1781 1651 ipso
1821 1582 1993 1635 aetatis
2032 1580 2161 1633 [lore
2195 1578 2419 1630 amittat.

841 1680 991 1733 llunc
1030 1693 1201 1746 neque
1236 1676 1515 1744 princeps,
1544 1688 1716 1742 neque
1741 1688 1858 1737 rex,
1894 1687 2065 1739 neque
2100 1668 2236 1721 alius
2280 1667 2422 1736 quis-

838 1769 975 1837 piam
1004 1766 1268 1822 consolari
1309 1764 1521 1835 poterit,
1544 1764 1738 1818 nedum
1762 1771 1819 1816 tu
1846 1762 2008 1815 :nihil
2038 1760 2180 1814 enim
2201 1759 2303 1813 tale
2325 1760 2423 1827 ipsi

836 1858 1008 1922 dabis,
1047 1858 1204 1928 quale
1251 1856 1449 1909 amisit.
1492 1856 1560 1908 At
1583 1854 1627 1908 si
1654 1853 1720 1907 ad
1745 1852 1908 1905 [ilium
1941 1860 2087 1903 tuum
2115 1848 2421 1911 adduxeris,

837 1953 1010 2021 primo
1034 1952 1206 2020 ipsum
1238 1964 1302 2003 ex
1329 1957 1565 2017 aspectu,
1595 1961 1658 1999 ex
1687 1945 1887 2007 habitu,
1920 1958 1982 1996 ex
2015 1941 2287 1996 domicilio
2312 1948 2423 1993 sta-

838 2044 929 2097 tim
957 2042 1143 2111 eriget,
1175 2040 1381 2107 ipsique
1422 2034 1758 2106 persuadebit
1789 2050 1885 2103 pro
1910 2032 2078 2086 nihilo
2111 2031 2308 2085 habere
2337 2043 2423 2081 res

838 2134 1128 2197 humanas,
1176 2140 1287 2183 tum
1332 2129 1577 2183 oratione
1619 2140 1831 2180 omnem
1872 2122 2119 2177 mmroris
2169 2118 2420 2174 nebulam

839 2228 991 2282 facile
1029 2223 1250 2293 fugabit.
1283 2222 1393 2276 Tua
1420 2235 1547 2275 vero
1570 2234 1639 2273 ex
1672 2218 1833 2271 domo
1855 2216 2053 2268 luctum
2090 2211 2421 2267 acerbiorem

836 2318 926 2371 ille
976 2314 1190 2370 referet.
1236 2312 1369 2366 Cum
1412 2311 1555 2365 enim
1606 2307 1805 2362 viderit
1848 2320 1965 2360 eam
1995 2303 2147 2358 malis
2175 2301 2424 2355 omnibus

837 2404 1312 2477 expertem,multa
1340 2402 1590 2457 felicitate
1620 2399 1894 2462 refertam,
1914 2394 2109 2450 herede
2133 2401 2419 2465 prtesente,

837 2499 1026 2569 majori
1077 2498 1223 2551 luctu
1266 2494 1532 2549 :estuabit.
1584 2490 1781 2545 Contra
1826 2502 1954 2541 vero
2009 2484 2131 2540 inde
2192 2484 2425 2554 quietior

838 2591 1023 2645 evadet
1050 2586 1503 2658 philosophimque
1526 2580 1870 2651 propinquior
1890 2596 1902 2629 :
1922 2592 2043 2631 cum
2066 2576 2255 2631 viderit
2278 2575 2421 2629 enim

839 2683 1002 2736 lilium
1036 2690 1183 2734 tuum
1220 2685 1393 2732 tantas
1438 2688 1568 2745 opes
1608 2671 1903 2740 despicere,
1958 2678 2156 2723 tantam
2201 2666 2419 2736 gloriam

838 2782 1146 2837 tantumque
1170 2766 1534 2838 splendorem,
1562 2762 1737 2816 minus
1772 2758 1976 2814 dolebit
2001 2758 2068 2813 de
2094 2764 2265 2811 morte
2306 2754 2417 2808 filii.

838 2863 939 2929 Qui
969 2862 1111 2915 enim
1141 2855 1456 2913 discruciari
1504 2853 1721 2924 poterit,
1750 2850 1889 2921 quod
1914 2849 2173 2902 bonorum
2224 2844 2423 2900 herede

838 2964 1035 3017 careat,
1065 2968 1187 3006 cum
1232 2949 1421 3004 viderit
1458 2946 1620 3000 alium
1666 2944 1779 2998 haec
1820 2941 1997 2996 omnia
2043 2936 2425 2994 contemnere?

839 3045 1067 3100 Facilius
1092 3043 1218 3097 item
1237 3038 1582 3111 philosomtia:
1600 3035 1762 3090 verba
1778 3034 2057 3089 facientem
2076 3030 2257 3084 audiet
2278 3044 2423 3092 eum,

844 3134 932 3205 qui
976 3132 1227 3203 operibus
1273 3128 1508 3185 sermoni
1560 3126 1718 3180 fidem
1759 3124 1903 3178 facit.
1953 3120 2033 3176 Tu
2081 3136 2209 3174 vero
2244 3120 2288 3173 si
2344 3118 2425 3171 vel

839 3227 1045 3281 hiscere
1072 3236 1234 3277 ausus
1262 3220 1445 3283 fueris,
1474 3232 1597 3273 eum
1647 3230 1879 3271 mmrore
1924 3212 2122 3281 ingenti
2168 3207 2421 3279 replebis,

838 3326 1023 3386 utpote
1042 3312 1135 3384 qui
1157 3311 1345 3367 alienis
1368 3310 1419 3363 in
1446 3307 1598 3362 malis
1618 3303 2027 3377 philosOpheris.
2054 3302 2118 3355 At
2138 3300 2247 3365 ille,
2262 3297 2423 3352 rebus

836 3409 965 3479 ipsis
992 3422 1113 3461 eum
1149 3404 1421 3468 erudiens,
1452 3400 1599 3455 nullo
1641 3398 1855 3468 negotio
1896 3392 2258 3465 persuadebit,
2287 3388 2423 3445 nihil

836 3497 1018 3564 aliud,
1064 3510 1223 3566 quam
1272 3505 1521 3547 somnum
1572 3502 1692 3543 esse
1734 3494 1961 3540 mortem
2003 3502 2015 3536 :
2063 3496 2237 3551 neque
2279 3480 2422 3535 enim

839 3591 1099 3660 plurimos
1142 3582 1477 3640 enumerabit
1525 3590 1705 3649 patres
1756 3576 1942 3631 eadem
1992 3586 2306 3644 perpessos,
2332 3568 2424 3624 sed

835 3682 1070 3749 seipsum
1098 3674 1348 3731 ostendet
1375 3670 1609 3741 quotidie
1640 3669 1691 3721 in
1723 3680 1951 3734 corpore
1980 3664 2047 3717 de
2090 3671 2261 3716 morte
2309 3675 2423 3713 me-

837 3774 1116 3835 ditantem,
1145 3777 1201 3822 et
1225 3766 1291 3821 ad
1322 3764 1507 3819 eadem
1537 3774 1748 3829 semper
1776 3767 2015 3827 paratum
2052 3771 2065 3806 ε
2096 3765 2259 3823 atque
2300 3752 2424 3805 hinc

837 3858 1247 3919 resurrectionis
1273 3854 1570 3910 doctrinam
1597 3847 2009 3921 probabiliorem
2053 3844 2290 3899 efﬁciens
2310 3884 2324 3909 ,
2354 3844 2423 3896 ita

837 3956 903 4011 ab
928 3969 986 4009 se
1011 3952 1264 4013 dimittet,
1292 3945 1519 3999 maxima
1552 3939 1798 3996 maeroris
1836 3947 1988 4008 parte
2034 3944 2378 3991 exoneratam
2408 3948 2426 3985 :

837 4045 1110 4112 multoque
1152 4038 1382 4107 amplius
1426 4033 1681 4088 valebunt
1723 4031 1839 4099 ejus
1888 4028 2048 4082 verba
2093 4025 2256 4079 rebus
2296 4024 2427 4092 ipsis

838 4144 1065 4198 asserta,
1093 4131 1158 4183 ad
1187 4126 1467 4183 levandum
1495 4122 1661 4176 animi
1687 4121 2121 4186 dolorem,quam
2151 4113 2425 4168 combibo-

839 4243 963 4283 num
992 4234 1049 4280 et
1096 4221 1467 4292 parasitorum.
1516 4215 1583 4269 Et
1623 4212 1766 4266 hunc
1805 4209 2020 4279 quidem
2062 4210 2132 4260 ita
2162 4204 2421 4259 sanabit‘.

838 4320 1144 4377 Adducatur
1191 4324 1369 4368 autem
1403 4309 1465 4364 ad
1506 4322 1629 4363 eum
1677 4314 1732 4360 et
1771 4304 1927 4364 alius,
1951 4302 1994 4354 si
2039 4299 2292 4363 volueris,
2332 4296 2424 4366 qui

834 4413 945 4484 jugi
974 4427 1039 4466 ex
1067 4406 1256 4463 morbo
1302 4402 1487 4457 oculos
1535 4396 1775 4453 amiserit
1806 4413 1817 4447 :
1856 4392 1980 4461 quid
2012 4390 2084 4443 illi
2134 4386 2421 4457 adjumenti

836 4479 1031 4560 afferre
1059 4498 1292 4571 poteris?
1331 4497 1520 4549 Verum
1548 4492 1636 4545 ille
1666 4486 1955 4541 ostendens
1978 4499 2081 4536 non
2113 4496 2272 4550 grave
2293 4479 2423 4533 illud

838 4613 978 4662 esse,
1007 4597 1059 4649 in
1089 4590 1357 4648 domicilio
1384 4600 1547 4657 parvo
1586 4582 1843 4638 inclusus,
1876 4588 1929 4630 et
1956 4575 2020 4628 ad
2065 4575 2221 4627 aliam
2252 4573 2423 4629 lucem

840 4702 1156 4762 properans,
1206 4688 1662 4753 przesentemque,
1711 4672 1753 4724 si
1779 4671 1847 4723 illi
1893 4675 2265 4735 comparetur,
2318 4681 2422 4719 non

842 4756 1016 4851 magni
1045 4774 1299 4833 momenti
1325 4785 1445 4828 esse
1471 4767 1693 4827 ducens,
1722 4760 1931 4817 crudiet
1954 4772 2073 4812 eum
2102 4756 2167 4809 ad
2205 4756 2422 4809 calami-

844 4883 1007 4929 tatem
1034 4870 1241 4923 fortiter
1296 4861 1585 4917 ferendam.
1617 4860 1697 4911 An
1744 4866 1798 4909 tu
1848 4853 2101 4906 damnum
2145 4862 2425 4917 perpessos

844 4963 913 5019 ad
962 4953 1443 5032 philosophandum
1494 4946 1756 5001 induces?
1783 4943 2093 4997 Nullatenus
2127 4957 2139 4992 :
2169 4938 2295 5008 quin
2327 4953 2425 5005 po-

846 5056 950 5111 tius
978 5053 1058 5107 eis
1081 5049 1338 5105 molestus
1365 5042 1473 5098 eris
1505 5056 1518 5091 ς
1553 5051 1778 5106 namque
1809 5035 1976 5088 tristia
2006 5043 2184 5088 nostra
2214 5033 2263 5085 in
2304 5044 2429 5099 pro-

846 5148 1111 5201 ximorum
1158 5135 1407 5193 secundis
1459 5131 1621 5187 rebus
1650 5126 1956 5196 diligentius
2001 5123 2428 5178 animadvertere

847 5237 1104 5293 solemus.
1152 5230 1298 5285 Tuus
1335 5220 1513 5279 autem
1557 5221 1694 5274 filius
1732 5217 1831 5271 hos
1870 5229 2078 5285 quoque
2109 5212 2313 5265 facilius
2340 5226 2425 5263 re-

848 5326 1072 5385 creabit.
1117 5321 1319 5380 Omitto
1368 5329 1582 5386 precum
1628 5326 1820 5376 opem,
1871 5308 2028 5371 longe
2073 5303 2155 5356 his
2184 5302 2430 5355 oumibus

849 5422 1129 5489 majorem,
1180 5412 1406 5480 ideoque
1454 5404 1664 5461 mnitto,
1706 5398 1847 5469 quod
1896 5407 2067 5449 tecum
2120 5392 2247 5447 mihi
2291 5406 2429 5444 nunc

850 5483 1031 5569 sermo
1057 5508 1146 5562 sit.
1177 5502 1328 5570 Quod
1360 5500 1403 5555 si
1431 5509 1480 5551 te
1512 5504 1729 5564 propter
1770 5489 1933 5543 filium
1966 5484 2218 5539 honorari
2258 5483 2429 5550 cupis,

851 5617 950 5657 nec
975 5612 1095 5656 esse
1114 5590 1439 5661 contemptui
1467 5584 1779 5655 (verisimile
1804 5590 1883 5633 est
1908 5578 2047 5633 enim
2076 5586 2125 5631 te
2145 5575 2193 5630 id
2216 5572 2429 5629 deside-

851 5691 1016 5761 rare),
1048 5685 1231 5742 nescio
1261 5700 1364 5751 quo
1391 5686 1545 5751 pacto
1577 5674 1628 5728 id
1670 5671 1883 5727 uberius
1928 5667 2182 5737 consequi
2232 5666 2426 5736 possis,

852 5758 1007 5852 quam
1037 5794 1157 5834 cum
1189 5775 1353 5828 lilium
1385 5771 1599 5827 habeas,
1637 5762 1723 5832 qui
1774 5769 2017 5813 naturam
2067 5758 2287 5812 excedat
2334 5758 2429 5810 ltu-

853 5848 1085 5933 manam,
1114 5868 1309 5937 quique
1360 5863 1412 5915 in
1462 5868 1573 5911 toto
1621 5865 1881 5907 terrarum
1923 5848 2055 5902 orbe
2105 5849 2433 5901 clarissimus

921 5989 934 6016 ³
974 5990 1070 6030 Duo
1094 5987 1219 6031 διεδ..
1244 5976 1366 6025 hunc
1390 5970 1580 6035 quidem
1602 5962 1781 6030 pariter
1801 5956 1887 6011 ille
1916 5952 2150 6010 sanabit.

1546 556 1600 610 S.
1642 552 1918 610 JOANNIS
1959 549 2433 607 CIIRYSOSTOMI
2476 550 2795 607 ARCHIEP.
2840 549 3371 607 CONSTANTINOP.

4003 557 4116 611 εει

2535 666 2820 731 habeatur,
2874 681 2937 719 ac
2981 686 3102 723 cum
3153 678 3297 723 tanto
3346 668 3627 737 Splendore
3675 671 3873 725 nullum
3917 674 4114 730 habeat

2531 760 2822 814 inimicum.
2858 759 2986 813 Nam
3018 761 3103 813 illa
3130 773 3305 816 vestra
3346 760 3578 831 potentia
3624 762 3877 829 praeditus
3923 768 4112 821 multis

2532 851 2880 916 honorabilis,
2911 850 3151 919 plurimis
3177 856 3393 908 odiosus
3440 854 3626 907 fuisset
3659 872 3672 907 :
3704 863 3758 906 at
3791 854 3875 908 hic
3919 872 4116 914 omnes

2531 944 2619 1011 qui
2649 946 2817 1013 ipsum
2849 944 3114 999 honorant
3148 988 3160 1009 ,
3192 948 3240 999 id
3267 964 3385 1001 eum
3414 948 3678 1016 voluptate
3718 946 3935 1001 faciunt.
3976 949 4117 1004 Nam

2531 1034 2575 1086 si
2606 1036 2845 1089 nonnulli
2885 1033 3077 1088 inlimze
3108 1037 3265 1089 sortis
3287 1080 3300 1101 ,
3330 1054 3395 1091 ex
3429 1038 3619 1092 vilibus
3665 1038 3766 1091 orti
3816 1038 4026 1091 rusticis
4056 1052 4121 1093 et

2531 1125 2807 1191 operariis,
2840 1126 2973 1178 hanc
3006 1125 3227 1193 ingressi
3256 1127 3672 1197 philosophiam,
3719 1128 3853 1182 adeo
3900 1129 4120 1182 cunctis

2531 1217 2865 1272 venerabiles
2895 1216 3063 1283 fuere,
3094 1226 3151 1270 ut
3178 1232 3337 1269 nemo
3378 1236 3581 1285 eorum,
3631 1222 3719 1289 qui
3765 1221 3988 1274 summis
4023 1220 4118 1273 di-

2529 1306 2818 1374 gnitatibus
2850 1308 3488 1379 fulgebant,erubcsceret
3517 1314 3778 1378 proficisci
3810 1312 3875 1365 ad
3898 1313 4115 1366 illorum

2532 1399 2816 1466 tugurium,
2850 1415 2912 1453 ac
2957 1398 3202 1467 colloquii
3251 1412 3437 1452 eorum
3485 1410 3539 1454 et
3589 1418 3787 1456 mensa:
3831 1414 4119 1457 consortes

2528 1502 2678 1549 esse;
2728 1490 2855 1557 quin
2900 1490 2968 1543 ita
3015 1488 3187 1541 affecti
3233 1497 3407 1551 erant,
3455 1503 3517 1542 ac
3563 1492 3606 1543 si
3637 1492 3789 1545 bonis
3840 1494 4114 1558 maximis,

2529 1577 2671 1647 quod
2699 1595 2882 1633 verum
2909 1590 3042 1642 erat,
3072 1578 3218 1645 potiti
3261 1576 3486 1631 fuissent
3517 1594 3532 1632 :
3573 1580 3740 1632 multo
3770 1595 3898 1636 sane
3942 1585 4120 1653 magis

2531 1670 2581 1725 id
2615 1672 2831 1736 facient,
2863 1687 2981 1726 cum
3007 1668 3234 1723 viderint
3262 1670 3452 1723 illustri
3477 1685 3674 1739 genere
3699 1682 3896 1737 ortum,
3928 1674 4120 1743 splen-

2530 1762 2669 1818 didis
2694 1762 3049 1824 facultatibus,
3080 1769 3347 1829 tant:eque
3378 1762 3488 1829 spei
3512 1761 3789 1830 juvenem,
3819 1778 3877 1818 se
3902 1766 3967 1818 ad
3989 1782 4118 1820 eam

2529 1852 2777 1908 virtutem
2804 1853 3109 1907 contulisse.
3139 1850 3317 1921 Itaque
3332 1853 3471 1921 quod
3496 1862 3549 1906 tu
3568 1854 3899 1923 potissimum
3921 1873 4120 1925 quere-

2529 1944 2623 2007 ris,
2647 1959 2713 1999 ex
2742 1944 2821 1997 bis
2842 1959 2960 1997 eum
2982 1942 3047 1995 ad
3067 1942 3150 1995 illa
3180 1944 3454 2005 transisse,
3488 1945 3586 1997 hoc
3609 1958 3692 1999 est
3710 1947 3850 2014 quod
3881 1948 4120 2002 maxime

2531 2037 2677 2089 illum
2709 2035 3051 2105 spectabilem
3083 2034 3225 2096 facit,
3256 2051 3546 2103 omnesque
3569 2045 3625 2089 ut
3649 2037 3713 2089 ad
3746 2037 3889 2089 illum
3916 2038 4114 2091 oculos

2528 2137 2738 2183 vertant
2766 2126 2982 2191 inducit,
3014 2141 3118 2179 non
3150 2127 3300 2195 quasi
3331 2126 3395 2180 ad
3423 2125 3709 2190 hominem,
3742 2126 3836 2179 sed
3867 2128 4012 2195 quasi
4038 2128 4119 2180 ad

2529 2222 2795 2292 angelum.
2829 2219 3009 2288 Neque
3046 2218 3187 2273 enim
3219 2234 3336 2287 quae
3380 2218 3447 2271 de
3488 2217 3611 2271 aliis
3656 2218 3863 2285 Opinari
3910 2218 4115 2282 solent,

2528 2313 2595 2368 de
2623 2313 2731 2366 filio
2760 2316 2853 2367 tuo
2877 2310 3309 2379 suspicabuntur,
3336 2308 3474 2379 quod
3514 2308 3718 2361 scilicet
3763 2309 3979 2363 honoris
4024 2313 4116 2365 vel

2529 2405 2869 2475 pecuniarum
2895 2402 3164 2471 cupidine,
3195 2401 3273 2454 vel
3305 2399 3521 2466 insignis
3548 2414 3614 2452 ex
3643 2398 3828 2452 humili
3864 2400 3973 2453 fieri
4007 2416 4115 2454 eu-

2528 2498 2697 2566 piens,
2730 2494 2867 2547 hanc
2894 2494 3111 2561 elegerit
3133 2493 3271 2545 viam
3303 2507 3317 2543 :
3345 2490 3457 2543 hmc
3483 2490 3677 2558 quippe
3704 2490 3772 2545 de
3802 2492 3917 2547 aliis
3940 2490 4113 2555 dicta,

2527 2590 2624 2645 etsi
2671 2588 2801 2641 falsa
2835 2596 2888 2640 et
2932 2587 3109 2654 iniqua
3156 2586 3279 2646 sint.
3314 2583 3366 2637 in
3409 2591 3537 2636 nato
3582 2591 3672 2635 tuo
3715 2597 3784 2636 ne
3822 2583 4115 2653 suSpicioni

2527 2680 2740 2751 quidem
2770 2680 2946 2733 locum
2973 2677 3102 2731 dare
3132 2683 3398 2745 poterunt.

2599 2771 2653 2825 9.
2695 2769 2968 2824 Christiani
2993 2776 3109 2819 tunc
3138 2767 3353 2818 maxime
3375 2767 3557 2833 ﬂorent
3585 2782 3697 2818 cum
3724 2778 4109 2837 Oppugnantur.

2528 2892 2599 2901 —
2625 2860 2770 2915 Neve
2812 2870 2963 2930 putes
2995 2858 3106 2910 haec
3145 2855 3265 2909 ideo
3304 2856 3612 2925 contingere
3636 2895 3650 2919 ,
3698 2858 3837 2925 quod
3869 2855 4111 2925 [mpera-

2531 2962 2675 3006 tores
2722 2951 2860 3018 piam
2902 2947 3210 3015 religionem
3257 2947 3476 2999 colant:
3506 2946 3712 2999 etiamsi
3742 2948 3881 2999 enim
3933 2948 4110 3015 impe-

2531 3043 2667 3096 rium
2695 3038 2924 3104 decidat,
2946 3048 2998 3092 et
3030 3038 3352 3105 imperantes
3375 3036 3426 3089 in
3448 3036 3811 3091 infidelitatem
3839 3037 4106 3101 labantur,

2530 3143 2653 3187 tunc
2683 3131 2791 3185 nati
2828 3131 2901 3184 tui
2929 3130 3151 3183 virtutes
3183 3128 3501 3182 illustriores
3530 3129 3775 3183 evadent.
3817 3128 3928 3182 Non
3957 3131 4108 3184 enim

2527 3224 2800 3294 gentilium
2840 3237 2991 3276 more
3026 3236 3113 3274 res
3162 3227 3359 3273 nostrae
3402 3233 3461 3273 se
3506 3218 3738 3283 habent,
3787 3236 3958 3289 neque
3998 3221 4109 3275 illa:

2530 3313 2901 3383 imperantium
2931 3312 3121 3381 placita
3162 3319 3498 3378 sequuntur;
3545 3325 3726 3364 verum
3770 3311 3979 3379 propria
4008 3326 4109 3366 sua

2528 3407 2721 3461 virtute
2750 3404 3044 3459 consistunt
3069 3444 3084 3468 ,
3114 3412 3343 3468 tuncque
3374 3402 3601 3455 maxime
3630 3402 3916 3470 splendent
3940 3443 3955 3467 ,
3978 3418 4107 3457 eum

2528 3497 2760 3552 maxime
2796 3503 3215 3565 oppugnantur:
3256 3492 3518 3559 siquidem
3566 3494 3721 3546 miles
3763 3495 3921 3547 etiam
3961 3494 4109 3563 pacis

2533 3602 2770 3659 tempore
2796 3597 3065 3657 spectatus
3101 3596 3183 3640 cst
3202 3626 3214 3645 .
3246 3595 3298 3639 at
3327 3586 3479 3654 longe
3504 3588 3790 3655 spectatior
3816 3588 4098 3656 ingruente

2531 3680 2693 3735 bello.
2767 3679 2949 3746 Itaque
3003 3676 3290 3743 gentilibus
3344 3675 3722 3744 imperantibus
3768 3676 3951 3743 majori
4001 3676 4107 3731 erit

2530 3771 2733 3825 honore
2762 3770 2957 3823 clarus.
3006 3766 3136 3821 Nam
3168 3769 3256 3835 qui
3286 3766 3448 3819 filium
3477 3775 3621 3819 tuum
3664 3782 3803 3819 nunc
3839 3781 4101 3819 veneran-

2531 3871 2634 3926 tur,
2668 3860 2833 3913 multo
2872 3857 3100 3926 amplius
3130 3856 3179 3909 id
3220 3856 3413 3910 facient
3439 3873 3558 3910 cum
3592 3857 3918 3925 praeliantem
3946 3857 4098 3911 vide-

2530 3952 2654 4014 rint,
2684 3948 2871 4016 majori
2898 3954 3134 4001 utentem
3178 3945 3363 3999 liducia
3382 3986 3396 4009 ,
3428 3946 3792 4014 plurimasque
3822 3960 3933 3998 rem
3960 3960 4103 4015 prte-

2532 4042 2673 4095 clare
2699 4038 2912 4109 gerendi
2948 4038 3254 4093 occasiones
3278 4036 3584 4090 habentem.
3625 4034 3787 4089 Visne
3816 4035 3901 4088 illa
3921 4036 4105 4101 etiam,

2532 4147 2650 4200 qua:
2672 4130 2736 4185 ad
2762 4139 2813 4184 te
2839 4138 3101 4199 spectant,
3134 4127 3499 4197 expendamus
3521 4168 3535 4189 ,
3577 4140 3643 4177 an
3672 4140 3799 4179 vero
3829 4125 3880 4179 id
3910 4141 4100 4196 super-

2532 4223 2696 4277 ﬂuum
2736 4222 3017 4276 videatur?
3058 4221 3107 4274 ls
3135 4220 3275 4274 enim
3304 4218 3391 4287 qui
3437 4215 3646 4270 caeteris
3689 4216 3758 4269 ita
3798 4227 4104 4273 mansuetus

2530 4324 2584 4371 et
2630 4315 2771 4369 mitis
2814 4323 2933 4377 est,
2983 4323 3040 4367 ut
3086 4311 3317 4381 querelae
3365 4322 3549 4359 ansam
3599 4308 3795 4360 nemini
3843 4310 4097 4377 prteheat,

2531 4406 2698 4461 multo
2725 4405 2893 4474 magis
2921 4411 3125 4472 patrem
3156 4412 3365 4451 summo
3406 4394 3621 4449 habebit
3649 4396 3700 4448 in
3731 4397 3950 4462 honore,
3982 4399 4101 4453 lon-

2528 4512 2699 4567 geque
2728 4495 2954 4564 amplius
2977 4490 3208 4551 fovebit,
3250 4502 3408 4555 quam
3453 4486 3497 4540 si
3545 4486 3594 4539 in
3640 4488 3878 4542 saeculari
3922 4488 4109 4545 fuisset

2530 4589 2860 4657 magistratu.
2912 4584 3041 4637 Nam
3087 4581 3129 4633 si
3175 4593 3421 4647 magnum
3463 4578 3737 4647 imperium
3769 4581 4104 4645 obtinuisset,

2532 4680 2791 4733 incertum
2817 4684 2898 4728 est
2931 4689 2996 4726 an
3025 4679 3226 4740 patrem
3267 4671 3585 4739 contemptui
3625 4670 3899 4726 habiturus
3921 4685 4099 4727 esset:

2534 4781 2675 4822 nunc
2716 4779 2842 4819 vero
2890 4778 3005 4815 eam
3048 4761 3208 4830 elegit
3254 4762 3412 4815 vitam
3438 4803 3451 4824 ,
3496 4777 3598 4830 qua
3631 4761 3952 4830 lmperatore
3992 4764 4106 4830 ipso

2533 4858 2730 4912 clarior
2749 4896 2765 4919 ,
2810 4853 3045 4907 omnium
3075 4852 3400 4907 humillimus
3430 4868 3551 4921 erga
3581 4861 3633 4906 te
3662 4854 3784 4906 erit.
3827 4851 4102 4920 Siquidem

2533 4944 2835 5016 hujusmodi
2879 4943 3016 5013 apud
3049 4958 3145 4996 nos
3173 4944 3374 4998 obtinet
3413 4944 3765 5012 philosoiihia,
3799 4952 3852 4995 ut
3874 4956 3955 5003 ea,
3986 4957 4103 5008 qua:

2534 5036 2804 5093 contraria
2834 5043 3126 5104 apparent,
3178 5050 3367 5103 nempe
3407 5036 3719 5088 modesuam
3748 5042 3801 5085 et
3828 5031 4101 5085 celsitudi-

2537 5144 2657 5183 nem
2683 5170 2698 5194 ,
2724 5127 2776 5181 in
2806 5143 2963 5181 unam
2989 5126 3218 5180 animam
3258 5135 3431 5195 cogat.
3478 5127 3537 5178 Et
3564 5123 3775 5193 quidem
3804 5123 3856 5175 iu
3886 5122 4101 5188 steculo,

2536 5228 2722 5289 utpote
2769 5220 3111 5287 pecuniarum
3155 5217 3412 5286 cupidus,
3463 5225 3610 5268 ttnnn
3656 5212 3834 5265 forsan
3873 5220 4106 5279 aptasset

2537 5311 2737 5365 obitum
2763 5325 2777 5375 ;
2805 5326 2944 5363 nunc
2971 5320 3149 5362 autem
3182 5317 3239 5360 ut
3264 5321 3421 5376 quam
3450 5302 3754 5371 longissima
3788 5301 3878 5354 tibi
3914 5315 4103 5370 proro-

2536 5415 2687 5473 getur
2713 5404 2818 5457 vita
2850 5410 3116 5473 precatur,
3149 5408 3207 5453 ut
3232 5416 3297 5453 ex
3323 5398 3423 5450 hoc
3451 5395 3611 5449 etiam
3636 5393 3847 5447 coronis
3872 5394 4106 5449 clariori-

2537 5496 2637 5549 bus
2665 5494 2911 5549 donetur.
2943 5491 3058 5546 Non
3094 5492 3234 5545 enim
3264 5488 3453 5555 exigua
3495 5496 3699 5536 merces
3728 5482 3879 5538 nobis
3906 5501 4103 5555 propo-

2537 5588 2638 5642 sita
2668 5594 2783 5649 est,
2830 5585 2875 5638 si
2926 5592 3172 5653 parentes
3212 5573 3687 5634 honoraverimuS:
3736 5574 3827 5629 sed
3861 5576 4107 5644 jubemur

2538 5693 2633 5732 eos
2671 5691 2769 5745 pro
2813 5674 3045 5729 dominis
3084 5670 3282 5725 nostris
3329 5673 3579 5731 reputare
3603 5705 3617 5727 ,
3664 5666 3828 5721 verbo
3856 5678 3908 5723 et
3943 5682 4105 5737 opere

2539 5768 2735 5831 colere,
2769 5772 2892 5820 dum
2916 5775 3090 5819 tamen
3119 5762 3168 5812 in
3198 5757 3341 5810 nullo
3375 5756 3541 5825 pictas
3569 5764 3621 5809 et
3650 5756 3832 5827 religio
3862 5759 4103 5813 lzedatur.

2539 5860 2672 5930 Quid
2700 5860 2843 5913 enim
2870 5859 2974 5911 tale
2994 5895 3010 5918 ,
3050 5862 3105 5905 ut
3133 5849 3326 5903 dicitur
3344 5890 3357 5911 ,
3409 5848 3536 5916 ipsis
3564 5849 3751 5903 reddes
3772 5891 3786 5912 ,
3829 5851 3983 5919 quale
4006 5846 4103 5914 ipsi

2542 5950 2676 6004 tibi"!
2699 5948 2993 6003 Considera
3036 5943 3190 6012 igitur
3213 5982 3227 6006 ,
3274 5955 3393 5995 eum
3434 5941 3520 6011 qui
3552 5941 3600 5995 in
3627 5940 3831 5995 exteris
3857 5937 4106 5991 omnibus
