4454 6692
268 526 374 581 ζ’ιῦ
1051 528 1423 581 ευιιῑιιεῑδ
1458 525 2014 581 ΟΡΡΗΆΑΤΠΗΕΒ
2052 525 2239 580 ὶἸΤιΕ
2284 526 2578 583 ΜΟΝᾹΒΤ,
2626 530 2754 583 [ΑΒ.
2803 531 2864 583 Η.

253 658 347 712 ρον
377 639 515 695 εἶναι
542 646 896 717 νομιζόμενον
919 645 1026 696 τῶν
1050 642 1246 704 αὐτοῦὶ
1282 641 1546 713 Καθάπερ
1580 645 1685 713 γὰρ
1719 643 1777 695 ὲν
1798 645 1927 715 χρή·

256 748 441 800 μασιν,
493 732 621 786 ὅταν
672 734 985 788 ἀναλίσκειν
1047 731 1156 782 δέοι
1187 742 1251 793 α,
1307 731 1532 793 ἐκείνοις
1595 732 1927 784 ὑπακούουσι

252 822 475 892 μᾶλλον,
508 824 649 878 οὑτω
674 826 769 878 καὶ
802 821 1103 892 προστῆναι
1137 819 1471 873 κελεύουσιν.

319 932 392 997 η’.
416 926 478 980 Εἰ
492 930 547 981 δὲ
562 928 677 997 βούῖ·
689 945 756 986 ει,
776 923 940 994 μηδὲν
955 922 1021 975 δι’
1033 923 1234 994 ἐτέρων
1248 922 1476 987 ἀνυέτω,
1490 922 1623 977 ἀλλὰ
1635 923 1702 977 δι’
1714 921 1927 977 ἐαυτοῦ·

252 1012 349 1066 καὶ
384 1015 474 1066 τὸν
508 1014 694 1073 κακῶς
726 1009 970 1062 παθόντα
1000 1009 1095 1061 καὶ
1124 1008 1261 1080 πρὸς
1290 1008 1478 1064 τοῦτον
1511 1011 1808 1080 ἀγάγωμεν
1838 1008 1933 1060 καὶ

250 1102 388 1174 πρὸς
424 1103 504 1162 σὲ,
544 1098 743 1169 μᾶλλον
776 1096 834 1149 δὲ
864 1096 938 1166 μὴ
975 1097 1002 1135 δ
1036 1096 1173 1169 πρὸς
1204 1098 1291 1163 σὲ,
1321 1098 1457 1152 ἀλλά
1488 1099 1625 1170 πρὸς
1653 1097 1814 1151 αὐτὸν
1842 1096 1932 1150 τὸν

255 1185 627 1255 βασιλεύοντα·
659 1177 777 1235 εἶτα
812 1181 1012 1253 ἴδωμεν
1034 1184 1117 1247 τίς
1148 1184 1347 1255 μᾶλλον
1373 1186 1671 1256 προνοῆσαι
1706 1183 1933 1253 δυνήσε-

250 1292 339 1328 ται
380 1272 589 1325 τούτου.
626 1270 736 1323 Καὶ
768 1269 984 1341 πρῶτος
1028 1272 1247 1342 ἀγέσθω
1279 1272 1387 1328 τῶν
1430 1273 1606 1327 ἄλλων
1637 1272 1666 1322 ό
1712 1270 1931 1324 πάντων

249 1359 531 1411 δεινότατα
553 1366 574 1392 ο
613 1356 917 1421 πεπονθώς.
951 1359 1131 1412 Ἔστω
1158 1360 1267 1429 γάρ
1287 1376 1372 1421 τις
1392 1358 1507 1410 υἱὸν
1534 1356 1673 1425 έχων
1703 1372 1930 1425 μονογε-

249 1445 338 1514 νῆ,
367 1444 458 1495 καὶ
484 1444 541 1496 ἐν
562 1444 715 1514 ἀκμῇ
740 1445 838 1517 τῆς
858 1445 1004 1523 ὥρας
1027 1447 1190 1499 αὐτὸν
1215 1444 1553 1498 ἀποδαλέτω.
1578 1442 1781 1496 Τοῦτον
1806 1444 1926 1499 οὐτε

246 1532 451 1601 ἄρχων.
483 1528 607 1583 οὔτε
643 1532 916 1603 βασιλεὺς,
946 1533 1070 1587 οὐτε
1100 1533 1258 1595 ἄλλος
1280 1548 1366 1594 τις
1397 1530 1672 1601 ὠφελῆσαι
1705 1532 1932 1604 δυνήσε-

246 1634 358 1677 ται,
395 1618 591 1688 μήτιγε
641 1620 705 1673 σύ
730 1638 743 1651 ·
787 1621 940 1674 οὐδὲν
975 1620 1083 1689 7&9
1120 1617 1271 1687 αὑτῷ
1306 1617 1498 1678 δώσεις
1524 1618 1784 1683 τοιοῦτον,
1816 1616 1928 1673 οἷον

245 1708 610 1765 ἀπολώλεκεν.
642 1712 768 1766 Ἐὰν
787 1713 845 1765 δὲ
868 1712 1005 1783 πρὸς
1025 1710 1115 1763 τὸν
1140 1710 1254 1763 υἱὸν
1278 1710 1495 1780 ἀγάγῃς
1518 1708 1608 1762 τὸν
1637 1710 1748 1770 σὸν,
1777 1709 1929 1781 πρῶ-

246 1815 338 1849 τον
368 1798 464 1867 μὲν
492 1800 654 1853 αὐτὸν
686 1801 794 1853 ἀπό
816 1817 875 1852 τε
908 1799 1011 1867 τῆς
1039 1797 1232 1867 ὅψεως,
1266 1798 1373 1851 ἀπό
1405 1815 1463 1851 τε
1492 1797 1589 1850 τοῦ
1625 1798 1926 1868 σχήματος,

246 1884 356 1936 ἀπό
374 1902 432 1937 τε
457 1888 555 1958 τῆς
575 1890 841 1958 οἰκήσεως
864 1885 1163 1955 ἀναστήσει
1185 1887 1412 1956 ταχέως,
1439 1886 1532 1939 καὶ
1554 1885 1731 1939 πείσει
1760 1884 1926 1955 μηδὲν

248 1973 497 2042 ἡγεῖσθαι
533 1975 600 2027 τά
628 1972 963 2044 ἀνθρώπινα·
1004 1971 1194 2027 ἔπειτα
1220 1973 1278 2026 δέ
1311 1975 1405 2025 καὶ
1451 1971 1631 2040 λόγοις
1661 1972 1925 2025 άπελάσει

245 2060 307 2112 τὸ
328 2061 487 2128 νέφος
516 2061 772 2123 εὐκόλως.
820 2059 953 2111 Ἀπὸ
980 2059 1036 2112 δὲ
1064 2060 1160 2130 τῆς
1181 2061 1279 2131 σῆς
1308 2059 1485 2123 οἰκίας
1512 2060 1607 2113 καὶ
1635 2058 1794 2112 πλέον
1813 2059 1924 2124 ’ἐξει

242 2145 307 2199 τὸ
332 2147 524 2210 πένθος
550 2148 774 2208 ἐκεῖνος.
808 2146 977 2197 Ὅταν
1004 2143 1113 2216 γὰρ
1150 2141 1233 2218 ίδῃ
1259 2145 1463 2215 ταύτην
1489 2145 1735 2216 καθαρὰν
1759 2140 1924 2198 οὖσαν

248 2234 455 2298 κακῶν,
484 2234 579 2286 καὶ
600 2233 799 2302 πολλῆς
822 2232 1126 2304 εὐπραγίας
1150 2234 1447 2303 γέμουσαν,
1476 2234 1569 2286 καὶ
1590 2232 1924 2304 κληρονόμον

247 2321 498 2390 ἔχουσαν,
530 2321 727 2391 μᾶλλον
756 2323 1194 2393 κατακαήσεται·
1233 2321 1442 2375 ἐκεῖθεν
1476 2323 1532 2375 δὲ
1570 2321 1925 2392 ἡμερώτερος

244 2410 397 2463 ἔσται
423 2411 516 2463 καὶ
546 2410 998 2484 φιλοσοφώτερος.
1042 2412 1216 2482 Ὁρῶν
1247 2412 1357 2482 γὰρ
1386 2411 1504 2483 [70]
1530 2412 1796 2481 τοσαύτης
1827 2412 1925 2481 μέν

244 2498 433 2561 οὐσίας
477 2498 832 2569 ὑπερορῶντα
858 2501 948 2553 τὸν
980 2500 1071 2553 σὸν
1096 2499 1235 2563 υίδν,
1264 2497 1534 2568 τοσαύτης
1560 2499 1617 2551 δὲ
1645 2498 1804 2569 δόξης
1832 2500 1927 2553 καὶ

246 2584 647 2655 λαμπρότητος,
680 2587 781 2639 οὐκ
822 2587 1051 2658 ἀλγήσει
1093 2585 1170 2656 τῷ
1205 2586 1595 2655 τελευτήσαντι
1646 2585 1922 2641 τοσοῦτον.

248 2670 371 2732 Πῶς
400 2669 509 2741 7&9
537 2672 695 2724 αὐτὸν
720 2673 937 2743 δήξεται
968 2673 1029 2726 τὸ
1059 2672 1261 2743 μηδένα
1291 2672 1627 2743 κληρονόμον
1654 2671 1797 2742 ἔχειν
1816 2673 1924 2726 τῶν

246 2757 433 2823 αὐτοῦ,
468 2759 597 2811 ὅταν
629 2759 712 2831 ἴδῃ
736 2761 939 2814 τούτων
968 2762 1183 2814 πάντων
1222 2760 1668 2831 καταφρονοῦντα
1702 2761 1920 2833 ἐτερονς

246 2842 357 2895 Καὶ
386 2844 512 2907 τοὺς
538 2846 667 2916 περί
708 2846 1021 2915 φιλοσοφίας
1060 2845 1115 2898 δέ
1158 2846 1350 2914 λόγους
1391 2845 1752 2916 εὐκολώτερον
1792 2849 1921 2917 παρ’

249 2930 455 2984 ἐκείνου
489 2934 778 2988 ἀκούσεται
805 2938 918 2998 τοῖς
958 2935 1137 3005 ἔργοις
1182 2935 1624 3007 ἐπαληθεύοντος.
1660 2938 1733 2990 Σὺ
1768 2937 1827 2989 δέ
1856 2937 1922 2990 ειν

246 3018 406 3087 χᾶναι
452 3020 727 3093 τολμήσῃς
771 3022 949 3091 μόνον,
997 3022 1091 3075 καὶ
1127 3023 1364 3093 ἀθυμίας
1407 3022 1569 3077 αὐτὸν
1620 3024 1923 3094 ἐμπλήσεις

250 3104 472 3175 πολλῆς,
507 3106 601 3159 ἅτε
636 3110 721 3160 ἐπ’
741 3108 1043 3179 ἀλλοτρίοις
1072 3110 1374 3178 φιλοσοφῶν
1397 3112 1605 3173 κακοῖς·
1639 3113 1844 3174 ἐκεῖνος
1864 3111 1921 3164 δὲ

246 3194 409 3245 αὐτὸν
428 3194 516 3247 διά
546 3195 655 3248 τῶν
679 3197 1019 3267 πραγμάτων
1045 3198 1331 3262 διδάσκων,
1364 3199 1543 3251 πείσει
1578 3197 1807 3269 ῥᾳδίως,
1838 3198 1921 3252 ὅτι

244 3278 397 3331 οὐδὲν
416 3278 584 3333 ὑπνου
606 3280 765 3334 πλέον
784 3284 813 3334 ό
830 3283 1057 3346 θάνατος
1074 3283 1205 3353 ἔχει·
1225 3285 1288 3337 οὐ
1305 3284 1413 3355 γὰρ
1435 3283 1665 3345 πολλοὺς
1684 3283 1922 3355 ἀριθμή-

246 3380 329 3416 σει
377 3366 619 3435 πατέρας
650 3367 717 3421 τά
761 3369 901 3422 αὑτά
944 3369 1283 3433 πεπονθότας
1325 3370 1541 3439 ἐκείνῳ,
1577 3368 1693 3423 ἀλλ’
1728 3370 1921 3425 ἑαυτὸν

244 3451 404 3516 δείξει
428 3453 547 3506 καθ’
573 3456 809 3525 ἑκάστην
830 3457 1041 3526 ἡμέραν
1066 3458 1123 3509 ἐν
1144 3456 1223 3526 τῷ
1251 3456 1464 3527 σώματι
1494 3456 1803 3527 μελετῶντα
1820 3456 1919 3529 τὴν

243 3538 519 3609 τελευτὴν,
558 3544 652 3595 καὶ
691 3543 827 3613 πρὸς
858 3544 1062 3613 ταύτην
1096 3546 1618 3616 παρεσκευασμένον
1658 3545 1781 3611 ἀεὶ,
1825 3547 1919 3599 καὶ

244 3626 369 3687 τούς
398 3630 524 3698 περὶ
550 3631 649 3697 τῆς
682 3631 1031 3693 ἀναστάσεως
1067 3631 1258 3699 λόγους
1286 3632 1636 3703 πιστοτέρους
1662 3634 1915 3702 ποιήσας,

242 3709 415 3775 οὕτως
434 3715 747 3783 ἀποπέμψει
764 3716 825 3768 τὸ
844 3717 977 3770 πολὺ
998 3718 1095 3788 τῆς
1112 3718 1303 3788 ὀδύνης
1319 3718 1656 3788 ἀποθέμενον
1676 3718 1840 3790 βάρος
1859 3717 1912 3781 ἀ,

244 3797 474 3851 καὶτῶν
503 3801 827 3855 συνδείπνων
863 3804 957 3856 καὶ
1000 3805 1360 3874 περιδείπνων
1406 3804 1585 3874 πολλῷ
1623 3805 1821 3875 μᾶλλον
1848 3805 1915 3859 τά

242 3883 432 3936 τούτου
460 3887 701 3955 ῥήματα,
732 3890 827 3941 καλ⁵
843 3892 876 3959 ή
898 3889 987 3943 διὰ
1010 3892 1117 3943 τῶν
1141 3892 1482 3963 πραγμάτων
1508 3893 1765 3959 ἐπίδειξις
1786 3894 1914 3963 ῥᾷον

239 3968 334 4021 τὸν
360 3971 600 4025 παθόντα
626 3973 886 4029 διαθεῖναι
918 3976 1223 4048 δυνήσεται.
1256 3979 1365 4033 Καὶ
1393 3979 1579 4033 τοῦτον
1614 3980 1711 4050 μὲν
1742 3979 1914 4045 οὑτως

245 4056 453 4110 ἰάσεται
477 4069 519 4112 ε.
560 4060 800 4129 ’Δγέσθω
828 4063 885 4116 δὲ
918 4065 1051 4135 πρὸς
1077 4066 1237 4119 αὑτὸν
1268 4069 1362 4119 καὶ
1392 4066 1596 4137 ἕτερος,
1632 4070 1679 4121 εί
1710 4067 1911 4137 βούλει,

241 4142 383 4212 νόσῳ
415 4147 601 4216 μακρᾷ
625 4149 747 4210 τοὺς
778 4149 1090 4221 ὀφθαλμοὺς
1111 4154 1387 4216 ἐκκοπείς·
1414 4155 1468 4206 τί
1496 4155 1682 4209 τούτου
1712 4156 1912 4228 δυνήσῃ

243 4232 576 4301 προστῆναις
622 4234 860 4299 Ἐκεῖνος
905 4238 1004 4307 μὲν
1046 4240 1154 4309 γὰρ
1196 4240 1410 4304 δεικνὺς
1452 4242 1531 4295 ὅτι
1572 4244 1722 4296 οὐδὲν
1756 4244 1914 4298 τοῦτο

239 4316 432 4381 δεινὸν,
478 4321 1003 4393 κατακεκλεισμένος
1044 4325 1155 4377 τεί
1202 4328 1259 4381 ἐν
1298 4329 1525 4398 οἰκίσκῳ
1573 4331 1773 4401 μικρῷ,
1818 4332 1915 4385 καὶ

241 4402 380 4469 πρὸς
412 4404 599 4475 ἕτερον
627 4410 978 4479 ἐπειγόμενος
1008 4410 1140 4479 φῶς,
1179 4414 1273 4465 καὶ
1305 4412 1365 4466 τὸ
1388 4415 1561 4485 παρὸν
1587 4415 1736 4467 οὐδὲν
1770 4417 1913 4487 μέγα

243 4487 378 4555 πρὸς
406 4490 581 4543 ἐκεῖνο
609 4494 742 4562 ήγού
752 4512 932 4563 μενος,
952 4497 1227 4552 παιδεύσει
1243 4502 1503 4569 γενναίως
1518 4502 1613 4573 τὴν
1632 4504 1912 4574 συμφοράν

238 4576 500 4660 ἐνεγκεῖν.
544 4578 701 4631 ’Λλλά
731 4582 859 4645 τοὺς
888 4583 1359 4657 ἐπηρεαζομένους
1387 4593 1569 4642 πεῖσαι
1595 4589 1793 4660 δυνήσῃ
1823 4608 1912 4658 φι-

241 4658 522 4750 λοσοφεῖν;
550 4664 842 4736 Οὐδαμῶς,
866 4668 1000 4722 ἀλλά
1024 4674 1115 4723 καὶ
1137 4674 1443 4745 ἐνοχλήσεις
1470 4675 1683 4745 μᾶλλον·
1712 4658 1911 4750 τάῖγάρ

240 4746 416 4833 οἰκεῖα
435 4750 583 4801 κακά
603 4752 659 4802 ἐν
684 4754 793 4813 τοῖς
820 4753 925 4806 τῶν
950 4756 1117 4820 πέλας
1142 4760 1368 4826 ἀγαθοῖς
1383 4762 1667 4833 ἀκριϐέστε
1678 4780 1767 4832 ρον
1793 4746 1911 4817 εἰώ-

242 4830 415 4923 θαμεν
434 4835 700 4923 καθορᾷν.
732 4838 787 4889 Ὀ
812 4838 866 4891 δὲ
885 4840 999 4903 υίὸς
1023 4844 1050 4893 ὀ
1079 4844 1169 4907 σὸς
1186 4847 1278 4899 καὶ⁹
1303 4830 1525 4910 τούτους
1549 4830 1911 4923 εὐκολώτερον

241 4918 627 4989 ἀνακτήσεται.
650 4923 895 4995 Παρίημι
911 4927 1009 4994 τὴν
1032 4930 1139 4982 ἀπὸ
1162 4931 1270 4985 τῶν
1290 4934 1461 5003 εὐχῶν
1482 4935 1751 5004 βοήθειαν,
1785 4918 1911 4990 πολ-

240 5005 319 5074 λῷ
346 5008 549 5062 τούτων
583 5012 834 5063 ἀπάντων
862 5008 1023 5068 οὖσαν
1055 5018 1296 5085 μείζονα·
1339 5022 1575 5093 παρίημι
1601 5022 1679 5082 δὲ,
1721 5025 1908 5096 ἐπειδὴ

243 5094 379 5181 πρὸς
404 5096 462 5147 σέ
497 5115 586 5165 μοι
616 5097 710 5150 νῦν
734 5100 762 5150 ὁ
782 5099 937 5167 λόγος
968 5102 1131 5159 ἐστίν,
1163 5106 1225 5158 Εί
1246 5108 1302 5159 δὲ
1336 5110 1594 5179 τιμᾶσθαι
1619 5110 1796 5181 βούλει
1822 5094 1911 5168 διά

242 5179 333 5267 τὸν
358 5183 471 5235 υἱὸν
494 5186 585 5237 καὶ
615 5187 688 5255 μὴ
716 5190 1169 5256 καταφρονεῖσθαι
1198 5196 1366 5260 (εἰκὸς
1386 5198 1493 5267 γάρ
1516 5215 1572 5250 σε
1591 5179 1685 5252 καὶ
1706 5200 1910 5254 τούτων

242 5266 417 5360 ἐμάν),
452 5271 551 5323 οὐκ
584 5268 700 5325 οἶδα
727 5276 841 5338 πῶς
874 5276 939 5329 ἂν
967 5276 1168 5349 ἑτέρως
1201 5282 1400 5349 μᾶλλον
1425 5266 1609 5355 ἔτυχες
1637 5286 1845 5350 τούτου,
1872 5288 1906 5360 ἢ

242 5353 407 5443 παῖδα
436 5360 777 5428 κτησάμενος
802 5363 900 5433 τὴν
928 5364 1273 5437 ἀνθρωπίνην
1303 5353 1696 5443 ὑπερϐαίνοντα
1724 5353 1905 5443 φύσιν,

243 5442 337 5491 καὶ
360 5441 608 5515 λαμπρὸν
638 5450 779 5503 οὕτω
801 5454 1076 5523 πανταχοῦ
1098 5455 1197 5523 τῆς
1214 5460 1535 5531 οἰκουμένης
1562 5462 1904 5533 φαινόμενον,

242 5528 338 5619 καὶ
385 5530 521 5597 μετά
562 5534 662 5602 τῆς
708 5538 1112 5611 εὐδοκιμήσεως
1158 5528 1521 5616 ταύτηςούδέ
1788 5528 1908 5606 τινα

240 5615 451 5684 ἔχοντα.
488 5619 575 5670 Ἑν
594 5622 772 5695 ἐκείνῃ
797 5630 894 5697 μὲν
915 5630 1022 5701 7&9
1052 5629 1125 5683 ὢν
1141 5635 1206 5701 τῇ
1236 5615 1547 5709 δυναστεία,
1573 5615 1784 5704 πολλοῖς
1809 5644 1905 5713 μὲν

306 5748 446 5813 ΡΑΙίἰ
471 5752 569 5813 δὲῃ.

303 5812 330 5849 ι»
357 5812 504 5879 Sari].
534 5812 595 5860 ret
618 5828 743 5879 unus
771 5824 905 5879 μηδέ.

280 5884 300 5899 ’³
358 5875 460 5947 Ιξυο
485 5890 600 5925 mw.
622 5878 773 5926 πάντα
797 5883 906 5931 ἃιιν.
941 5887 1067 5937 Infra
1096 5890 1243 5938 ιμιυιη
1273 5894 1506 5952 βασιλεὺς.
1539 5912 1641 5942 aut;
1669 5898 1899 5952 mox}-

378 5939 387 5947 δ
1099 5934 1125 5937 ..
1150 5934 1159 5936 -
1273 5934 1506 5952 μνη--.
1547 5934 1641 5942 η.-
1671 5934 1806 5953 μων,

240 5934 287 5983 ἱε,
319 5954 329 5987 2
364 5955 454 5998 urg.

301 6014 324 6032 σι
350 6000 455 6063 Πῖιο
484 6014 594 6045 In“.
625 6006 775 6063 μίμνῃ.

300 6063 319 6082 ⁸
347 6062 447 6107 Ihm
473 6078 567 6107 ιιιημ
614 6085 662 6109 2::
682 6094 689 6105 .ν
717 6072 827 6113 ἶτι-›;
853 6070 979 6113 9:26,
1014 6090 1213 6120 ιαιῖεῖυι.

317 6124 490 6170 {Law
518 6129 666 6173 wk‘x
700 6140 743 6177 ci
786 6134 930 6179 ἓδ-ιιΔ
965 6134 1156 6196 mum-ﬁ;
1214 6160 1254 6185 ἰ
1316 6156 1439 6187 μαι.

3610 537 3714 588 ’Σιὶῦ

2036 643 2335 714 αἰδέσιμος,
2368 645 2579 709 πολλοῖς
2596 645 2653 698 δὲ
2683 648 2775 698 καὶ
2805 645 3027 717 μισητδς
3046 640 3133 716 ῆν·
3156 646 3388 700 ἐνταῦθα
3416 648 3471 699 δὲ
3505 650 3714 711 πάντες

2039 729 2199 782 αὑτὸν
2226 732 2275 781 οί
2313 732 2580 800 τιμῶντες
2612 730 2731 802 μεθ’
2754 731 2948 801 ήδονῆς
2974 732 3131 785 τοῦτο
3154 733 3501 803 πράττουσιν.
3526 736 3585 788 Ei
3605 734 3711 807 7&9

2040 818 2289 873 ταπεινοὶ
2327 819 2423 871 καὶ
2450 821 2513 873 ὲκ
2541 819 2816 874 ταπεινῶν
2846 820 2999 884 δντες
3018 822 3161 885 τινὲς
3187 820 3462 893 ἀγροίκων
3484 824 3587 875 υἱοὶ
3619 823 3717 877 καὶ

2041 903 2421 976 χειροτεχνῶν,
2447 907 2541 959 ἐπὶ¹
2558 906 2657 978 τὴν
2684 906 3004 977 φιλοσοφίαν
3023 907 3226 978 ταύτην
3253 907 3517 973 ἐλθόντες,
3544 907 3716 975 οὑτως

2040 992 2289 1060 ἐγένοντο
2323 993 2492 1063 τίμιοι
2524 997 2710 1058 πᾶσιν,
2736 996 2813 1059 ώς
2864 994 3069 1067 μηδένα
3098 994 3207 1048 τῶν
3234 997 3292 1048 ἐν
3318 999 3431 1061 τοῖς
3459 997 3718 1068 μεγάλοις

2039 1080 2205 1134 όντων
2224 1079 2529 1151 ἀξιώμασιν
2543 1082 2897 1154 αἰσχυνθῆναι
2922 1083 3058 1155 πρὸς
3074 1083 3135 1136 τὸ
3146 1083 3493 1152 καταγώγιον
3509 1084 3716 1139 τούτων

2039 1166 2234 1232 ἐλθεῖν,
2252 1168 2347 1222 καὶ
2377 1167 2549 1237 λόγων
2580 1173 2870 1241 μετασχεῖν
2900 1172 2996 1224 καὶ
3024 1169 3326 1243 τραπέζης,
3373 1170 3489 1224 ἀλλ’
3525 1173 3718 1244 ὥσπερ

2041 1255 2293 1325 μεγάλων
2324 1255 2486 1311 τινῶν
2511 1256 2752 1325 ἀγαθῶν,
2771 1259 2909 1330 amp
2927 1254 3020 1313 οὖν
3043 1260 3138 1312 καὶ
3167 1258 3334 1325 ἐστιν,
3360 1258 3711 1313 ἀπολαύσανσ

2036 1358 2135 1405 τας
2157 1340 2299 1395 οὑτω
2326 1341 2657 1413 διατεθῆναι,
2695 1344 2872 1414 πολλῷ
2900 1346 3124 1416 μᾶλλον,
3158 1347 3287 1399 ὅταν
3313 1346 3423 1399 ἀπὸ
3459 1346 3715 1419 λαμπροῦ

2038 1429 2140 1498 μὲν
2175 1428 2496 1500 ὁρμώμενον
2520 1429 2732 1499 γένους,
2758 1429 3017 1503 λαμπρᾶς
3044 1424 3100 1487 δέ
3124 1433 3332 1498 οὐσίας,
3358 1434 3630 1488 τοσούτων
3655 1432 3717 1488 δέ

2035 1514 2287 1580 ἐλπίδων,
2306 1517 2442 1589 πρὸς
2458 1518 2673 1589 ἐκείνην
2699 1517 2881 1572 ἴδωσιν
2907 1516 3129 1572 ἐλθόντα
3163 1520 3260 1591 τὴν
3296 1519 3520 1591 ἀρετὴν,
3553 1519 3718 1574 τοῦτο

2036 1602 2378 1672 ἐργάσονται.
2421 1606 2587 1659 Ὥστε
2618 1606 2647 1660 ὃ
2676 1606 2877 1677 μᾶλλον
2903 1606 3140 1671 πενθεῖς,
3174 1608 3233 1660 τὸ
3263 1609 3329 1661 ἐκ
3343 1607 3599 1661 τοιούτων
3629 1610 3721 1661 ἐπ’

2037 1689 2221 1742 ἐκεῖνα
2248 1690 2481 1758 βαδίσαι,
2514 1693 2669 1746 τοῦτό
2696 1696 2842 1747 ἐστιν
2868 1694 2897 1747 ὃ
2929 1694 3161 1764 μάλιστα
3191 1694 3409 1748 πάντων
3437 1694 3601 1748 αὑτὸν
3623 1695 3715 1747 εὑ-

2037 1775 2259 1846 δόκιμον
2290 1780 2456 1843 ποιεῖ,
2477 1780 2572 1833 καὶ
2594 1780 2801 1845 πάντας
2830 1783 2931 1852 οὐχ
2950 1783 3026 1844 ὠς
3048 1782 3339 1854 ἀνθρώπῳ,
3369 1783 3482 1836 ἀλλ’
3502 1782 3579 1847 ὼς
3608 1784 3713 1852 ἀγ-

2039 1861 2183 1931 γέλῳ
2206 1863 2313 1915 τινὶ
2346 1864 2636 1935 προσέχειν
2682 1866 2971 1920 ἀναπείθει
3030 1867 3235 1921 λοιπόν.
3262 1868 3377 1940 [71]
3411 1869 3487 1923 Οὐ
3515 1869 3625 1940 7&9
3652 1868 3716 1939 δὴ

2032 1945 2226 2011 ταῦτα,
2247 1947 2283 2002 ἀ
2305 1965 2371 2002 πε
2381 1952 2433 2021 ρὶ
2459 1951 2567 2004 τῶν
2594 1951 2771 2006 ἀλλων
2792 1952 3211 2017 ὑποπτεύουσιν,
3237 1955 3600 2025 ὑπονοήσουσι
3621 1954 3718 2009 καὶ

2033 2036 2163 2105 περί
2185 2035 2401 2101 τούτου,
2440 2038 2522 2089 ὃτι
2553 2039 2719 2108 τιμῆς
2745 2040 2908 2110 ἐρῶν,
2940 2042 3035 2094 καὶ
3062 2040 3362 2112 χρημάτων
3406 2042 3714 2113 ἐφιέμενος,

2033 2122 2128 2173 καὶ
2170 2121 2424 2193 λαμπρὸς
2461 2125 2527 2175 ἐκ
2564 2125 2825 2177 ταπεινοῦ
2860 2128 3111 2193 γενέσθαι
3163 2129 3471 2199 ἐπιθυμῶν,
3507 2130 3715 2198 ταύτην

2037 2210 2212 2263 εἵλετο
2232 2213 2333 2283 τὴν
2356 2211 2493 2265 ὁδόν·
2524 2212 2698 2267 ταῦτα
2724 2214 2833 2285 γάρ
2861 2216 2910 2268 εί
2935 2215 3031 2269 καὶ
3054 2218 3183 2287 περὶ
3209 2216 3319 2269 τῶν
3357 2217 3531 2272 ἀλλων
3560 2218 3716 2286 λεγό-

2036 2316 2172 2368 μενα
2196 2298 2366 2370 ψευδῆ
2408 2300 2469 2352 τέ
2511 2301 2631 2353 ἐστι
2670 2302 2771 2359 καὶ.
2799 2303 3065 2373 πονηρίας
3099 2306 3339 2375 ῥήματα,
3372 2306 3465 2359 ἐπὶ
3495 2306 3591 2359 τοῦ
3620 2306 3717 2360 σοῦ

2035 2386 2225 2447 παιδὸς
2256 2384 2381 2438 οὔτε
2417 2387 2674 2439 ὑπόνοιαν
2693 2389 2982 2457 δυνήσεται
3016 2394 3341 2460 παρασχεῖν.

2107 2469 2172 2523 θ’.
2209 2472 2319 2523 Καὶ
2345 2473 2418 2543 μή
2443 2490 2525 2526 τοι
2554 2474 2781 2544 νομίσῃς
2810 2475 3073 2545 βασιλέων
3096 2478 3262 2531 ὄντων
3290 2479 3528 2531 εὐσεϐῶν
3548 2479 3718 2533 ταῦτα

2034 2558 2281 2627 γίνεσθαι
2309 2559 2491 2630 μόνον,
2519 2560 2653 2614 ἀλλὰ
2681 2561 2787 2615 κᾶν
2818 2563 3099 2635 μεταπέσῃ
3122 2564 3189 2617 τὰ
3211 2564 3311 2635 τῆς
3344 2565 3517 2636 ἀρχῆς
3543 2567 3639 2620 καὶ
3668 2570 3717 2621 οι

2034 2645 2366 2715 κρατοῦντες
2413 2645 2635 2701 ἄπιστοι
2682 2648 2970 2717 γένωνται,
3007 2651 3102 2703 καὶ
3136 2651 3256 2703 τότε
3293 2650 3365 2704 τὰ
3387 2650 3482 2704 τοῦ
3530 2652 3718 2715 παιδὸς

2032 2730 2185 2783 ἔσται
2222 2730 2602 2802 λαμπρότερα.
2654 2734 2728 2786 Οὐ
2762 2734 2872 2805 7&9
2917 2734 2981 2805 δὴ
3033 2730 3121 2787 οἷα
3163 2735 3232 2789 τά
3275 2736 3384 2789 τῶν
3422 2736 3713 2807 Ἑλλήνων,

2029 2816 2256 2871 τοιαῦτα
2284 2818 2380 2870 καὶ
2410 2818 2481 2870 τὰ
2529 2820 2662 2888 παρ’
2707 2820 2870 2890 ἡμῖν,
2915 2821 3035 2875 οὐδὲ
3066 2824 3187 2885 ταῖς
3227 2822 3338 2875 τῶν
3369 2824 3715 2895 κρατούντων

2031 2904 2223 2957 ἐπεται
2252 2904 2535 2974 γνώμαις,
2578 2905 2692 2959 ἀλλ’
2734 2908 2966 2979 ἕστηκεν
3000 2910 3092 2962 ἐπὶ
3124 2909 3225 2979 τῆς
3255 2911 3463 2973 οἰκείας
3495 2911 3678 2981 ἰσχύος
3697 2954 3710 2975 ,

2032 2992 2126 3044 καὶ
2166 2991 2289 3045 τότε
2329 2992 2562 3062 μάλιστα
2598 2994 2877 3062 φαίνεται,
2924 2998 3053 3050 ὃταν
3104 2997 3343 3066 μάλιστα
3390 2998 3712 3069 πολεμῆται’

2031 3076 2154 3129 ἐπεὶ
2182 3077 2276 3130 καὶ
2304 3079 2333 3130 ό
2369 3079 2708 3150 στρατιώτης
2746 3081 3031 3152 εὐδόκιμος
3068 3084 3166 3153 μέν
3204 3084 3324 3136 ἐστι
3361 3084 3458 3139 καὶ
3482 3075 3715 3156 ἐἰρήνης

2030 3162 2231 3233 οὔσης,
2271 3163 2648 3236 λαμπρότερος
2700 3165 2756 3219 δέ
2806 3166 2957 3220 ἔσται
3005 3168 3404 3233 καταλαϐόντος
3452 3170 3712 3240 πολέμου.

2032 3249 2193 3302 Ὥστε
2251 3250 2345 3302 καὶ
2384 3250 2654 3321 Ἐλλήνων
2688 3252 3057 3324 κρατούντων,
3095 3256 3295 3325 ὁμοίως
3325 3256 3477 3309 ἔσται
3511 3274 3593 3309 σοι
3620 3258 3713 3309 καὶ

2032 3334 2292 3407 μειζόνως
2318 3337 2389 3390 τὰ
2420 3338 2522 3407 τῆς
2550 3339 2736 3409 τιμῆς.
2787 3344 2846 3393 Ut
2877 3342 2986 3411 7&9
3031 3342 3095 3413 δὴ
3125 3342 3248 3395 τότε
3276 3342 3366 3396 τὸν
3394 3344 3508 3396 υἱὸν
3535 3344 3713 3397 αἰδού-

2031 3442 2182 3496 μενοι
2225 3424 2318 3481 τὸν
2354 3425 2466 3491 σὸν,
2513 3425 2693 3497 πολλῷ
2743 3428 2944 3498 μᾶλλον
2993 3429 3150 3483 τοῦτο
3197 3431 3537 3501 ποιήσουσιν,
3580 3433 3713 3494 ὅταν

2029 3511 2508 3583 παραταττόμενον
2534 3513 2707 3577 ἴδωσι,
2740 3514 2836 3567 καὶ
2870 3515 3077 3570 πλείονι
3108 3518 3447 3589 κεχρημένον
3475 3522 3542 3591 τῇ
3572 3524 3709 3593 παῤ

2029 3598 2213 3670 ρησίᾳ,
2235 3600 2329 3653 καὶ
2350 3599 2551 3663 πολλὰς
2565 3601 2662 3671 τῆς
2683 3602 3086 3673 εὐδοκιμήσεως
3102 3604 3293 3675 ἔχοντα
3310 3607 3410 3669 τάς
3432 3608 3709 3679 ἀφορμάς.

2027 3684 2215 3738 Βούλει
2249 3686 2343 3738 καὶ
2380 3687 2449 3739 τά
2477 3688 2613 3758 πρὸς
2644 3688 2703 3741 σέ
2735 3688 3103 3761 ἐξετάσωμεν,
3138 3692 3172 3762 ἢ
3214 3695 3469 3764 περιττὸς
3502 3690 3655 3756 οὗτος
3682 3699 3712 3753 θ

2024 3772 2179 3839 λόγος
2199 3790 2214 3837 ;
2251 3774 2311 3826 '0
2333 3774 2442 3845 7&9
2463 3774 2600 3845 πρὸς
2622 3776 2843 3845 ἐτέρους
2863 3776 3038 3842 οὑτως
3059 3778 3267 3849 ἥμερος
3293 3780 3370 3833 ὣν
3395 3783 3489 3835 καὶ
3512 3785 3708 3853 πρᾶος,

2022 3858 2099 3921 ώς
2125 3859 2315 3929 μηδενὶ
2344 3859 2514 3932 λαὸὴν
2545 3866 2869 3934 παρασχεῖν,
2900 3865 3081 3937 πολλῷ
3113 3867 3315 3937 μᾶλλον
3344 3870 3401 3923 ἐν
3429 3870 3596 3943 πολλῇ
3620 3872 3710 3925 τὸν

2024 3946 2238 4019 πατέρα
2279 3946 2391 4012 ἐξει
2420 3950 2589 4020 τιμῇ,
2622 3951 2717 4003 καὶ
2762 3950 3089 4023 θεραπεύσει
3121 3954 3302 4027 πολλῷ
3348 3958 3534 4023 πλέον,
3568 3960 3602 4028 ἢ
3660 3962 3708 4011 εἰ

2025 4034 2345 4088 δυναστείαν
2387 4038 2620 4107 μετῆλθε
2653 4042 2941 4110 κοσμικήν.
2980 4040 3068 4093 Ἐν
3098 4042 3239 4114 ἀρχῇ
3275 4044 3373 4113 μὲν
3406 4045 3516 4114 7&9
3545 4049 3569 4084 ⁸
3603 4064 3705 4116 μς-

2024 4122 2165 4195 γάλῃ
2194 4123 2503 4195 γενόμενος,
2548 4124 2740 4196 ἄδηλον
2782 4128 2829 4180 εί
2854 4127 2928 4199 μὴ
2962 4128 3057 4181 καὶ
3096 4130 3190 4182 τοῦ
3231 4131 3440 4201 πατρὸς
3478 4133 3705 4203 ἔμελλεν

2024 4211 2322 4282 ὑπερορᾷν·
2356 4212 2451 4265 νῦν
2488 4212 2545 4286 δὲ
2591 4212 2705 4281 βίον
2742 4214 2943 4280 εἵλετο,
2981 4215 3048 4268 δι’
3079 4216 3138 4269 ὃν
3173 4219 3268 4270 καὶ
3309 4217 3402 4270 τοῦ
3442 4218 3708 4288 βασιλέως

2026 4297 2450 4369 βασιλικώτερος
2479 4298 2575 4362 ῶν,
2607 4301 2827 4353 πάντων
2852 4302 3004 4354 ἔσται
3034 4303 3172 4375 πρὸς
3206 4305 3266 4357 σὲ
3300 4308 3702 4380 ταπεινότερος.

2022 4385 2257 4455 Τοιαύτη
2283 4385 2393 4457 7&9
2420 4388 2453 4456 ή
2481 4388 2613 4459 παρ’
2636 4390 2768 4458 ἡμῖν
2786 4389 3075 4459 φιλοσοφία
3094 4394 3145 4432 ει·
3172 4394 3239 4447 τά
3259 4394 3521 4451 δοκοῦντα
3546 4399 3705 4453 ἐναν-

2020 4472 2111 4524 τία
2145 4468 2315 4534 εἶναι,
2352 4476 2821 4546 μετριοφροσύνην
2866 4479 2962 4531 καὶ
3003 4478 3159 4549 ὕψος,
3202 4483 3425 4551 συνάγει
3464 4486 3544 4547 εἰς
3576 4487 3705 4555 μίαν

2019 4558 2216 4627 ψυχήν.
2247 4560 2359 4612 Καὶ
2384 4560 2505 4613 τότε
2534 4562 2635 4631 μὲν
2651 4562 2745 4615 ἀτε
2774 4565 3075 4634 χρημάτων
3098 4567 3259 4636 ἐρῶν,
3288 4570 3382 4622 καὶ
3412 4572 3705 4640 ἦσμένισεν

2020 4644 2084 4697 ἄν
2108 4660 2202 4697 σου
2226 4644 2327 4716 τὴν
2347 4647 2625 4719 τελευτήν·
2652 4649 2748 4703 νῦν
2776 4650 2835 4704 δὲ
2862 4654 2958 4706 καὶ
2984 4653 3067 4717 είς
3096 4653 3269 4724 μῆκος
3293 4658 3588 4729 ὲκταθῆναί
3621 4678 3706 4715 σοι

2018 4730 2119 4799 τὴν
2134 4730 2279 4801 ζωήν
2298 4731 2537 4803 εὔχεται,
2552 4735 2693 4790 ὥστε
2716 4739 2809 4791 καὶ
2824 4740 2881 4791 ἐν
2896 4739 3071 4811 τούτῳ
3085 4742 3373 4813 λαμπροὺς
3387 4746 3536 4816 αὐτῴ
3556 4750 3679 4815 γενέ
3691 4779 3706 4791 -

2022 4816 2146 4872 σθαι
2163 4821 2288 4882 τοὺς
2309 4823 2625 4889 στεφάνους.
2647 4825 2719 4877 Οὐ
2738 4825 2847 4897 7&9
2862 4826 2925 4896 δὴ
2951 4828 3144 4898 μικρὸς
3160 4831 3289 4901 ἡμῖν
3318 4836 3493 4887 κεῖται
3512 4837 3703 4906 μισθὸς

2018 4906 2132 4968 τοῖς
2168 4907 2295 4969 τοὺς
2320 4909 2720 4978 γεγεννηκότας
2748 4912 3001 4981 τιμῶσιν,
3046 4914 3161 4967 ἀλλ’
3191 4916 3267 4979 ὡς
3307 4918 3573 4983 δεσπότας
3605 4924 3701 4975 αὐ-

2019 4992 2144 5054 τοὺς
2169 4994 2421 5063 ἡγεῖσθαι
2445 4995 2801 5067 κελευόμεθα,
2820 4999 2967 5070 λόγῳ
2988 5018 3046 5053 τε
3073 5003 3165 5055 καὶ
3186 5001 3332 5073 ἔργῳ
3355 5004 3697 5076 θεραπεύειν,

2018 5078 2147 5131 ὅταν
2189 5081 2323 5151 μηδὲ
2368 5081 2437 5134 τά
2483 5083 2581 5153 τῆς
2622 5086 2904 5151 εὐσεὸείας
2940 5090 3419 5161 παραόλάπτηται.
3464 5095 3528 5147 Τί
3567 5098 3696 5170 γὰρ,

2019 5167 2205 5237 φησὶν,
2242 5170 2423 5232 αὐτοῖς
2450 5172 2849 5238 ἀνταποδώσεις
2876 5175 3058 5239 καθὼς
3084 5178 3236 5230 αὐτοί
3259 5196 3371 5245 σοι;
3417 5181 3697 5254 Ἐννόησον

2018 5250 2110 5307 οὖν
2143 5258 2232 5309 τὸν
2276 5258 2334 5311 ἐν
2375 5262 2483 5320 τοῖς
2526 5260 2705 5324 ἄλλοις
2745 5263 2915 5315 ἅπασι
2957 5265 3093 5335 πρὸς
3138 5264 3308 5337 ἄκρον
3348 5268 3549 5337 ἥκοντα
3597 5274 3695 5344 τῆς

2018 5342 2242 5415 ἀρετῆς,
2272 5345 2386 5407 πῶς
2413 5346 2559 5409 εἰκὸς
2587 5351 2679 5402 καὶ
2696 5348 2855 5402 τοῦτο
2874 5352 3010 5419 μετά
3034 5353 3233 5423 πολλῆς
3250 5353 3581 5421 φυλάξεσθαι
3598 5342 3696 5429 τῆς

2017 5430 2324 5501 ὑπερϐολῆς
2356 5432 2418 5484 τὸ
2464 5434 2644 5489 καλόν.
2680 5436 2799 5490 Κᾶν
2826 5438 2933 5511 7&9
2962 5440 3251 5493 ἀποθανεῖν
3282 5442 3422 5512 ὑπὲρ
3460 5448 3559 5515 τῆς
3598 5447 3697 5515 σῆς

2014 5518 2123 5570 δέοι
2159 5520 2171 5558 ἱ
2220 5518 2481 5590 κεφαλῆς,
2515 5522 2573 5574 οὑ
2613 5527 3040 5597 παραιτήσεται,
3071 5526 3167 5579 ἆτε
3196 5528 3258 5580 οὐ
3292 5528 3451 5599 μόνον
3485 5531 3574 5584 διά
3606 5534 3697 5587 τὺν

2018 5605 2168 5676 παρά
2204 5605 2303 5674 τῆς
2332 5606 2546 5675 φύσεως
2578 5612 2827 5679 κείμενον
2853 5614 3014 5683 νόμον
3044 5614 3362 5685 θεραπεύων
3399 5634 3457 5670 σε
3486 5620 3579 5672 καὶ
3609 5639 3691 5674 τι-

2020 5694 2153 5762 μῶν,
2185 5692 2320 5745 ἀλλὰ
2352 5696 2459 5767 πρὸ
2482 5697 2587 5749 τῶν
2616 5698 2789 5750 ἄλλων
2823 5700 2910 5754 διά
2942 5702 3033 5755 τὸν
3058 5703 3210 5770 Θεὸν,
3245 5705 3311 5758 δι’
3338 5705 3396 5759 ὃν
3427 5708 3521 5760 καὶ
3556 5711 3692 5763 πάν-

2014 5798 2120 5832 των
2140 5779 2246 5833 τῶν
2281 5781 2456 5837 ἄλλων
2482 5786 2616 5855 ὁμοῦ
2646 5791 3072 5862 κατεφρόνησεν.
3101 5794 3265 5847 Ὅταν
3289 5790 3382 5847 οὖν
3421 5797 3514 5849 καὶ
3549 5799 3694 5852 εὐδο-

2079 5904 2103 5939 5
2133 5902 2267 5983 [Lqus
2298 5907 2454 5983 (wide?
2484 5915 2537 5956 (τι
2570 5909 2716 5983 Sav‘il.
2744 5914 2791 5983 _in
2828 5917 3155 5983 m'lrg..1‘r):§0v
3176 5918 3213 5983 ⁸ἢ
3238 5916 3334 5963 νῦν·
3374 5922 3420 5965 ὲν
3452 5920 3571 5983 ἀρχῇ
3609 5924 3690 5983 μζ*

2013 5965 2117 6061 γάρ.
2135 5965 2392 6061 ’.ήὶιῃιῖῃκίέο
2411 5972 2623 6061 ἐρίοισι
2649 5965 2959 6023 Ambrosius:
2980 5977 3076 6025 Alii
3100 5986 3151 6025 ut
3174 5965 3220 6026 iri
3248 5986 3407 6029 textu.

2096 6042 2103 6059 ι
2133 6026 2375 6092 Annon)“.
2411 6026 2570 6092 σοφία.

2082 6100 2092 6124 ι
2129 6089 2277 6159 ὅςινιι.
2306 6094 2429 6149 (ἷζον,
2454 6089 2549 6139 «km
2572 6098 2765 6143 (Ἰγίὶιυς
2791 6100 2891 6152 δίη.
2923 6100 3093 6149 Ἠοῖ-(³1,
3124 6108 3237 6151 ἀοι.
3266 6105 3371 6152 Μοκ
3416 6105 3585 6153 Morel.
3610 6106 3687 6153 διὲξ

2016 6165 2155 6207 τως-ις
2206 6170 2431 6204 ,ηενρ-ιλ
2644 6161 2734 6205 \h:
2762 6174 2862 6207 ’mn
2942 6165 3014 6211 ἢκ
3038 6184 3238 6225 ,κίταρις
3270 6188 3341 6222 ..λ,.,
3366 6185 3504 6225 ζατεν-
3525 6184 3684 6229 ςκεμ.
