  <div class='ocr_page' id='page_1' title='image "/cluster/home/n/w/nwhite01/storage/ocr_20150623/47/hvd.32044025239690/303.png"; bbox 0 0 4454 6706; ppageno 0'>
   <div class='ocr_carea' id='block_1_1' title="bbox 851 560 4249 637">
    <p class='ocr_par' dir='ltr' id='par_1_1' title="bbox 851 560 4249 637">
     <span class='ocr_line' id='line_1_1' title="bbox 851 560 4249 637; baseline 0.007 -25"><span class='ocrx_word' id='word_1_1' title='bbox 851 566 961 623; x_wconf 59' lang='grc'>545</span> <span class='ocrx_word' id='word_1_2' title='bbox 1608 563 1667 616; x_wconf 87' lang='lat' dir='ltr'>S.</span> <span class='ocrx_word' id='word_1_3' title='bbox 1702 560 1984 618; x_wconf 60' lang='lat' dir='ltr'>JOANNIS</span> <span class='ocrx_word' id='word_1_4' title='bbox 2021 562 2516 619; x_wconf 76' lang='lat' dir='ltr'>CIIRYSUSTOMI</span> <span class='ocrx_word' id='word_1_5' title='bbox 2553 564 2874 623; x_wconf 80' lang='lat' dir='ltr'>ARCIIIEP.</span> <span class='ocrx_word' id='word_1_6' title='bbox 2911 572 3455 634; x_wconf 77' lang='lat' dir='ltr'>CONSTANTINOP.</span> <span class='ocrx_word' id='word_1_7' title='bbox 4159 580 4249 637; x_wconf 70' lang='grc' dir='ltr'>διδ</span> 
     </span>
    </p>
   </div>
   <div class='ocr_carea' id='block_1_2' title="bbox 837 673 4249 767">
    <p class='ocr_par' dir='ltr' id='par_1_2' title="bbox 837 673 4249 767">
     <span class='ocr_line' id='line_1_2' title="bbox 837 673 4249 767; baseline 0.004 -34"><span class='ocrx_word' id='word_1_8' title='bbox 837 678 1145 751; x_wconf 85' lang='grc' dir='ltr'>κιμώτερος</span> <span class='ocrx_word' id='word_1_9' title='bbox 1244 677 1336 731; x_wconf 91' lang='grc' dir='ltr'>νῦν</span> <span class='ocrx_word' id='word_1_10' title='bbox 1372 680 1465 730; x_wconf 77' lang='grc' dir='ltr'>καὶ</span> <span class='ocrx_word' id='word_1_11' title='bbox 1494 675 1866 748; x_wconf 79' lang='grc' dir='ltr'>εὐπορώτερος</span> <span class='ocrx_word' id='word_1_12' title='bbox 1897 678 1987 732; x_wconf 73' lang='grc' dir='ltr'>καὶ</span> <span class='ocrx_word' id='word_1_13' title='bbox 2016 677 2381 749; x_wconf 78' lang='grc' dir='ltr'>δυνατώτερος</span> <span class='ocrx_word' id='word_1_14' title='bbox 2413 680 2507 731; x_wconf 73' lang='grc' dir='ltr'>καὶ</span> <span class='ocrx_word' id='word_1_15' title='bbox 2617 683 2899 749; x_wconf 79' lang='grc' dir='ltr'>ὑποθέσεις</span> <span class='ocrx_word' id='word_1_16' title='bbox 2937 686 3172 758; x_wconf 79' lang='grc' dir='ltr'>ἔχοντες,</span> <span class='ocrx_word' id='word_1_17' title='bbox 3200 690 3591 765; x_wconf 77' lang='grc' dir='ltr'>ἐπηρεάζεσθε,</span> <span class='ocrx_word' id='word_1_18' title='bbox 3624 690 3718 745; x_wconf 81' lang='grc' dir='ltr'>ἀτε</span> <span class='ocrx_word' id='word_1_19' title='bbox 3746 690 3847 745; x_wconf 80' lang='grc' dir='ltr'>οὑκ</span> <span class='ocrx_word' id='word_1_20' title='bbox 3880 692 4148 765; x_wconf 84' lang='grc' dir='ltr'>ἀρκούσης</span> <span class='ocrx_word' id='word_1_21' title='bbox 4170 698 4249 767; x_wconf 71' lang='grc' dir='ltr'>τῆς</span> 
     </span>
    </p>
   </div>
   <div class='ocr_carea' id='block_1_3' title="bbox 836 772 2501 846">
    <p class='ocr_par' dir='ltr' id='par_1_3' title="bbox 836 772 2501 846">
     <span class='ocr_line' id='line_1_3' title="bbox 836 772 2501 846; baseline 0 -20"><span class='ocrx_word' id='word_1_22' title='bbox 836 773 1305 846; x_wconf 69' lang='grc' dir='ltr'>ἐλευθερώτερος,</span> <span class='ocrx_word' id='word_1_23' title='bbox 1338 773 1431 827; x_wconf 75' lang='grc' dir='ltr'>καὶ</span> <span class='ocrx_word' id='word_1_24' title='bbox 1453 772 1651 843; x_wconf 82' lang='grc' dir='ltr'>μᾶλλόν</span> <span class='ocrx_word' id='word_1_25' title='bbox 1685 789 1779 825; x_wconf 92' lang='grc' dir='ltr'>σου</span> <span class='ocrx_word' id='word_1_26' title='bbox 1807 772 2041 844; x_wconf 86' lang='grc' dir='ltr'>δοῦλοςὴ</span> <span class='ocrx_word' id='word_1_27' title='bbox 2071 774 2335 845; x_wconf 88' lang='grc' dir='ltr'>πρότερον</span> <span class='ocrx_word' id='word_1_28' title='bbox 2366 774 2501 842; x_wconf 87' lang='grc' dir='ltr'>μετά</span> 
     </span>
    </p>
   </div>
   <div class='ocr_carea' id='block_1_4' title="bbox 834 867 2503 941">
    <p class='ocr_par' dir='ltr' id='par_1_4' title="bbox 834 867 2503 941">
     <span class='ocr_line' id='line_1_4' title="bbox 834 867 2503 941; baseline -0.014 1"><span class='ocrx_word' id='word_1_29' title='bbox 834 870 936 941; x_wconf 70' lang='grc' dir='ltr'>τῆς</span> <span class='ocrx_word' id='word_1_30' title='bbox 967 869 1233 939; x_wconf 74' lang='grc' dir='ltr'>τοσαύτης</span> <span class='ocrx_word' id='word_1_31' title='bbox 1264 868 1634 940; x_wconf 77' lang='grc' dir='ltr'>μεγαλονοίας,</span> <span class='ocrx_word' id='word_1_32' title='bbox 1666 869 1812 932; x_wconf 88' lang='grc' dir='ltr'>τίνος</span> <span class='ocrx_word' id='word_1_33' title='bbox 1839 869 2043 932; x_wconf 72' lang='grc' dir='ltr'>ἕνεκεν,</span> <span class='ocrx_word' id='word_1_34' title='bbox 2076 868 2198 922; x_wconf 85' lang='grc' dir='ltr'>είπέ</span> <span class='ocrx_word' id='word_1_35' title='bbox 2230 886 2341 939; x_wconf 87' lang='grc' dir='ltr'>μοι,</span> <span class='ocrx_word' id='word_1_36' title='bbox 2372 867 2503 937; x_wconf 86' lang='grc' dir='ltr'>θρη-</span> 
     </span>
    </p>
   </div>
   <div class='ocr_carea' id='block_1_5' title="bbox 835 967 2501 1039">
    <p class='ocr_par' dir='ltr' id='par_1_5' title="bbox 835 967 2501 1039">
     <span class='ocr_line' id='line_1_5' title="bbox 835 967 2501 1039; baseline 0 -19"><span class='ocrx_word' id='word_1_37' title='bbox 835 969 976 1031; x_wconf 85' lang='grc' dir='ltr'>νεῖς;</span> <span class='ocrx_word' id='word_1_38' title='bbox 1005 968 1089 1020; x_wconf 81' lang='grc' dir='ltr'>ὅτι</span> <span class='ocrx_word' id='word_1_39' title='bbox 1118 967 1241 1021; x_wconf 83' lang='grc' dir='ltr'>καθ’</span> <span class='ocrx_word' id='word_1_40' title='bbox 1276 968 1511 1036; x_wconf 86' lang='grc' dir='ltr'>ἐκάστην</span> <span class='ocrx_word' id='word_1_41' title='bbox 1537 967 1600 1019; x_wconf 92' lang='grc' dir='ltr'>οὐ</span> <span class='ocrx_word' id='word_1_42' title='bbox 1630 968 1855 1039; x_wconf 85' lang='grc' dir='ltr'>τρέμεις</span> <span class='ocrx_word' id='word_1_43' title='bbox 1885 967 1983 1038; x_wconf 87' lang='grc' dir='ltr'>τὴν</span> <span class='ocrx_word' id='word_1_44' title='bbox 2006 968 2240 1039; x_wconf 81' lang='grc' dir='ltr'>ἡμέραν,</span> <span class='ocrx_word' id='word_1_45' title='bbox 2273 969 2347 1039; x_wconf 85' lang='grc' dir='ltr'>μή</span> <span class='ocrx_word' id='word_1_46' title='bbox 2373 984 2501 1021; x_wconf 87' lang='grc' dir='ltr'>ποτε</span> 
     </span>
    </p>
   </div>
   <div class='ocr_carea' id='block_1_6' title="bbox 833 1062 2503 1136">
    <p class='ocr_par' dir='ltr' id='par_1_6' title="bbox 833 1062 2503 1136">
     <span class='ocr_line' id='line_1_6' title="bbox 833 1062 2503 1136; baseline -0.002 -19"><span class='ocrx_word' id='word_1_47' title='bbox 833 1066 894 1119; x_wconf 91' lang='grc' dir='ltr'>ἐν</span> <span class='ocrx_word' id='word_1_48' title='bbox 926 1063 1149 1136; x_wconf 83' lang='grc' dir='ltr'>πολέμῳ</span> <span class='ocrx_word' id='word_1_49' title='bbox 1171 1062 1332 1136; x_wconf 84' lang='grc' dir='ltr'>πέσῃ,</span> <span class='ocrx_word' id='word_1_50' title='bbox 1359 1065 1433 1135; x_wconf 88' lang='grc' dir='ltr'>μή</span> <span class='ocrx_word' id='word_1_51' title='bbox 1470 1080 1602 1117; x_wconf 87' lang='grc' dir='ltr'>ποτε</span> <span class='ocrx_word' id='word_1_52' title='bbox 1625 1064 1974 1135; x_wconf 84' lang='grc' dir='ltr'>προσκρούσῃ</span> <span class='ocrx_word' id='word_1_53' title='bbox 2003 1063 2232 1134; x_wconf 87' lang='grc' dir='ltr'>βασιλεῖ,</span> <span class='ocrx_word' id='word_1_54' title='bbox 2262 1066 2337 1136; x_wconf 82' lang='grc' dir='ltr'>μή</span> <span class='ocrx_word' id='word_1_55' title='bbox 2372 1078 2503 1116; x_wconf 87' lang='grc' dir='ltr'>ποτε</span> 
     </span>
    </p>
   </div>
   <div class='ocr_carea' id='block_1_7' title="bbox 837 1158 2500 1234">
    <p class='ocr_par' dir='ltr' id='par_1_7' title="bbox 837 1158 2500 1234">
     <span class='ocr_line' id='line_1_7' title="bbox 837 1158 2500 1234; baseline -0.004 -18"><span class='ocrx_word' id='word_1_56' title='bbox 837 1163 1109 1233; x_wconf 73' lang='grc' dir='ltr'>βασκανίᾳ</span> <span class='ocrx_word' id='word_1_57' title='bbox 1136 1162 1244 1216; x_wconf 85' lang='grc' dir='ltr'>τῶν</span> <span class='ocrx_word' id='word_1_58' title='bbox 1270 1163 1782 1234; x_wconf 82' lang='grc' dir='ltr'>συστρατευομένων</span> <span class='ocrx_word' id='word_1_59' title='bbox 1808 1162 1949 1232; x_wconf 86' lang='grc' dir='ltr'>ἀλῷ;</span> <span class='ocrx_word' id='word_1_60' title='bbox 1981 1162 2015 1233; x_wconf 82' lang='grc' dir='ltr'>ἢ</span> <span class='ocrx_word' id='word_1_61' title='bbox 2040 1163 2161 1233; x_wconf 77' lang='grc' dir='ltr'>οὐχὶ</span> <span class='ocrx_word' id='word_1_62' title='bbox 2188 1163 2281 1215; x_wconf 79' lang='lat' dir='ltr'><strong><em>xal</em></strong></span> <span class='ocrx_word' id='word_1_63' title='bbox 2309 1158 2500 1221; x_wconf 83' lang='grc' dir='ltr'>ταῦτα,</span> 
     </span>
    </p>
   </div>
   <div class='ocr_carea' id='block_1_8' title="bbox 835 1256 2500 1327">
    <p class='ocr_par' dir='ltr' id='par_1_8' title="bbox 835 1256 2500 1327">
     <span class='ocr_line' id='line_1_8' title="bbox 835 1256 2500 1327; baseline -0.004 -15"><span class='ocrx_word' id='word_1_64' title='bbox 835 1260 931 1313; x_wconf 71' lang='grc' dir='ltr'>καὶ</span> <span class='ocrx_word' id='word_1_65' title='bbox 956 1258 1159 1312; x_wconf 88' lang='grc' dir='ltr'>τούτων</span> <span class='ocrx_word' id='word_1_66' title='bbox 1189 1256 1411 1311; x_wconf 79' lang='grc' dir='ltr'>πλείονα</span> <span class='ocrx_word' id='word_1_67' title='bbox 1438 1257 1708 1311; x_wconf 83' lang='grc' dir='ltr'>δεδοίκασι</span> <span class='ocrx_word' id='word_1_68' title='bbox 1736 1256 1845 1309; x_wconf 88' lang='grc' dir='ltr'>τῶν</span> <span class='ocrx_word' id='word_1_69' title='bbox 1868 1256 2300 1327; x_wconf 80' lang='grc' dir='ltr'>εὐδοκιμούντων</span> <span class='ocrx_word' id='word_1_70' title='bbox 2319 1258 2365 1308; x_wconf 77' lang='grc' dir='ltr'>οἱ</span> <span class='ocrx_word' id='word_1_71' title='bbox 2396 1272 2500 1307; x_wconf 89' lang='grc' dir='ltr'>πα-</span> 
     </span>
    </p>
   </div>
   <div class='ocr_carea' id='block_1_9' title="bbox 832 1351 2503 1426">
    <p class='ocr_par' dir='ltr' id='par_1_9' title="bbox 832 1351 2503 1426">
     <span class='ocr_line' id='line_1_9' title="bbox 832 1351 2503 1426; baseline -0.002 -19"><span class='ocrx_word' id='word_1_72' title='bbox 832 1354 1020 1425; x_wconf 84' lang='grc' dir='ltr'>τέρες;</span> <span class='ocrx_word' id='word_1_73' title='bbox 1067 1351 1181 1426; x_wconf 71' lang='grc' dir='ltr'>[Ἱῖ]</span> <span class='ocrx_word' id='word_1_74' title='bbox 1216 1352 1481 1424; x_wconf 82' lang='grc' dir='ltr'>Καθάπερ</span> <span class='ocrx_word' id='word_1_75' title='bbox 1524 1353 1634 1423; x_wconf 84' lang='grc' dir='ltr'>γὰρ</span> <span class='ocrx_word' id='word_1_76' title='bbox 1674 1354 1723 1405; x_wconf 85' lang='grc' dir='ltr'>οί</span> <span class='ocrx_word' id='word_1_77' title='bbox 1760 1353 1974 1407; x_wconf 85' lang='grc' dir='ltr'>παιδίον</span> <span class='ocrx_word' id='word_1_78' title='bbox 2007 1355 2093 1424; x_wconf 82' lang='grc' dir='ltr'>ἐφ’</span> <span class='ocrx_word' id='word_1_79' title='bbox 2126 1352 2328 1425; x_wconf 78' lang='grc' dir='ltr'>ὑψηλοῦ</span> <span class='ocrx_word' id='word_1_80' title='bbox 2359 1368 2503 1415; x_wconf 86' lang='grc' dir='ltr'>τινος</span> 
     </span>
    </p>
   </div>
   <div class='ocr_carea' id='block_1_10' title="bbox 834 1447 2501 1521">
    <p class='ocr_par' dir='ltr' id='par_1_10' title="bbox 834 1447 2501 1521">
     <span class='ocr_line' id='line_1_10' title="bbox 834 1447 2501 1521; baseline -0.003 -17"><span class='ocrx_word' id='word_1_81' title='bbox 834 1451 1135 1521; x_wconf 82' lang='grc' dir='ltr'>στήσαντες</span> <span class='ocrx_word' id='word_1_82' title='bbox 1173 1449 1340 1503; x_wconf 88' lang='grc' dir='ltr'>τόπου</span> <span class='ocrx_word' id='word_1_83' title='bbox 1384 1448 1609 1519; x_wconf 86' lang='grc' dir='ltr'>τρέμειν</span> <span class='ocrx_word' id='word_1_84' title='bbox 1650 1448 2049 1516; x_wconf 75' lang='grc' dir='ltr'>ἀναγκάζονται</span> <span class='ocrx_word' id='word_1_85' title='bbox 2086 1450 2160 1520; x_wconf 80' lang='grc' dir='ltr'>μὴ</span> <span class='ocrx_word' id='word_1_86' title='bbox 2196 1447 2501 1518; x_wconf 84' lang='grc' dir='ltr'>καταπέσῃ,</span> 
     </span>
    </p>
   </div>
   <div class='ocr_carea' id='block_1_11' title="bbox 832 1543 2499 1617">
    <p class='ocr_par' dir='ltr' id='par_1_11' title="bbox 832 1543 2499 1617">
     <span class='ocr_line' id='line_1_11' title="bbox 832 1543 2499 1617; baseline 0 -18"><span class='ocrx_word' id='word_1_87' title='bbox 832 1546 978 1601; x_wconf 79' lang='grc' dir='ltr'>οὑτω</span> <span class='ocrx_word' id='word_1_88' title='bbox 1019 1545 1115 1601; x_wconf 75' lang='grc' dir='ltr'>καὶ</span> <span class='ocrx_word' id='word_1_89' title='bbox 1155 1547 1205 1600; x_wconf 81' lang='grc' dir='ltr'>οἱ</span> <span class='ocrx_word' id='word_1_90' title='bbox 1238 1545 1371 1617; x_wconf 77' lang='grc' dir='ltr'>πρὸς</span> <span class='ocrx_word' id='word_1_91' title='bbox 1398 1544 1640 1615; x_wconf 82' lang='grc' dir='ltr'>μεγάλην</span> <span class='ocrx_word' id='word_1_92' title='bbox 1669 1543 1842 1615; x_wconf 78' lang='grc' dir='ltr'>ἀρχὴν</span> <span class='ocrx_word' id='word_1_93' title='bbox 1864 1544 2157 1613; x_wconf 84' lang='grc' dir='ltr'>ἀνάγοντες</span> <span class='ocrx_word' id='word_1_94' title='bbox 2192 1544 2318 1607; x_wconf 80' lang='grc' dir='ltr'>τούς</span> <span class='ocrx_word' id='word_1_95' title='bbox 2345 1546 2499 1607; x_wconf 80' lang='grc' dir='ltr'>υἱεῖς.</span> 
     </span>
    </p>
   </div>
   <div class='ocr_carea' id='block_1_12' title="bbox 844 1638 2501 1713">
    <p class='ocr_par' dir='ltr' id='par_1_12' title="bbox 844 1638 2501 1713">
     <span class='ocr_line' id='line_1_12' title="bbox 844 1638 2501 1713; baseline -0.002 -17"><span class='ocrx_word' id='word_1_96' title='bbox 844 1643 984 1697; x_wconf 79' lang='grc' dir='ltr'>Ἀλλ’</span> <span class='ocrx_word' id='word_1_97' title='bbox 1006 1644 1120 1713; x_wconf 77' lang='grc' dir='ltr'>ἔχει</span> <span class='ocrx_word' id='word_1_98' title='bbox 1146 1642 1268 1695; x_wconf 88' lang='grc' dir='ltr'>τινά</span> <span class='ocrx_word' id='word_1_99' title='bbox 1298 1640 1491 1712; x_wconf 79' lang='grc' dir='ltr'>ἡδονὴν</span> <span class='ocrx_word' id='word_1_100' title='bbox 1519 1641 1555 1711; x_wconf 81' lang='grc' dir='ltr'>ἡ</span> <span class='ocrx_word' id='word_1_101' title='bbox 1589 1638 1755 1711; x_wconf 81' lang='grc' dir='ltr'>ζώνη,</span> <span class='ocrx_word' id='word_1_102' title='bbox 1787 1641 1880 1694; x_wconf 79' lang='grc' dir='ltr'>καὶ</span> <span class='ocrx_word' id='word_1_103' title='bbox 1903 1644 1935 1711; x_wconf 88' lang='grc' dir='ltr'>ἡ</span> <span class='ocrx_word' id='word_1_104' title='bbox 1960 1642 2191 1712; x_wconf 82' lang='grc' dir='ltr'>χλαμὺς,</span> <span class='ocrx_word' id='word_1_105' title='bbox 2226 1642 2320 1693; x_wconf 72' lang='grc' dir='ltr'>καὶ</span> <span class='ocrx_word' id='word_1_106' title='bbox 2351 1643 2384 1712; x_wconf 89' lang='grc' dir='ltr'>ἡ</span> <span class='ocrx_word' id='word_1_107' title='bbox 2407 1640 2501 1693; x_wconf 89' lang='grc' dir='ltr'>τοῦ</span> 
     </span>
    </p>
   </div>
   <div class='ocr_carea' id='block_1_13' title="bbox 830 1735 2502 1810">
    <p class='ocr_par' dir='ltr' id='par_1_13' title="bbox 830 1735 2502 1810">
     <span class='ocr_line' id='line_1_13' title="bbox 830 1735 2502 1810; baseline -0.002 -16"><span class='ocrx_word' id='word_1_108' title='bbox 830 1742 1072 1810; x_wconf 77' lang='grc' dir='ltr'>κήρυκος</span> <span class='ocrx_word' id='word_1_109' title='bbox 1098 1738 1273 1808; x_wconf 87' lang='grc' dir='ltr'>φωνή.</span> <span class='ocrx_word' id='word_1_110' title='bbox 1318 1738 1427 1790; x_wconf 84' lang='lat' dir='ltr'>Kal</span> <span class='ocrx_word' id='word_1_111' title='bbox 1457 1736 1618 1807; x_wconf 85' lang='grc' dir='ltr'>μέχρι</span> <span class='ocrx_word' id='word_1_112' title='bbox 1662 1737 1844 1790; x_wconf 90' lang='grc' dir='ltr'>πόσων</span> <span class='ocrx_word' id='word_1_113' title='bbox 1879 1737 2104 1807; x_wconf 88' lang='grc' dir='ltr'>ἡμερῶν</span> <span class='ocrx_word' id='word_1_114' title='bbox 2142 1735 2335 1800; x_wconf 90' lang='grc' dir='ltr'>ταῦτα,</span> <span class='ocrx_word' id='word_1_115' title='bbox 2382 1738 2502 1791; x_wconf 84' lang='grc' dir='ltr'>είπέ</span> 
     </span>
    </p>
   </div>
   <div class='ocr_carea' id='block_1_14' title="bbox 834 1830 2502 1906">
    <p class='ocr_par' dir='ltr' id='par_1_14' title="bbox 834 1830 2502 1906">
     <span class='ocr_line' id='line_1_14' title="bbox 834 1830 2502 1906; baseline -0.002 -18"><span class='ocrx_word' id='word_1_116' title='bbox 834 1851 956 1906; x_wconf 77' lang='grc' dir='ltr'>μοις</span> <span class='ocrx_word' id='word_1_117' title='bbox 987 1834 1149 1905; x_wconf 83' lang='grc' dir='ltr'>μέχρι</span> <span class='ocrx_word' id='word_1_118' title='bbox 1168 1832 1484 1902; x_wconf 89' lang='grc' dir='ltr'>τριάκοντα,</span> <span class='ocrx_word' id='word_1_119' title='bbox 1510 1832 1605 1886; x_wconf 80' lang='grc' dir='ltr'>καὶ</span> <span class='ocrx_word' id='word_1_120' title='bbox 1627 1833 1837 1895; x_wconf 79' lang='grc' dir='ltr'>ἑκατὸν,</span> <span class='ocrx_word' id='word_1_121' title='bbox 1865 1831 1958 1885; x_wconf 76' lang='grc' dir='ltr'>καὶ</span> <span class='ocrx_word' id='word_1_122' title='bbox 1980 1832 2062 1894; x_wconf 73' lang='grc' dir='ltr'>δὶς</span> <span class='ocrx_word' id='word_1_123' title='bbox 2083 1830 2366 1897; x_wconf 84' lang='grc' dir='ltr'>τοσοῦτον;</span> <span class='ocrx_word' id='word_1_124' title='bbox 2393 1833 2502 1885; x_wconf 92' lang='lat' dir='ltr'>Kal</span> 
     </span>
    </p>
   </div>
   <div class='ocr_carea' id='block_1_15' title="bbox 828 1925 2500 2001">
    <p class='ocr_par' dir='ltr' id='par_1_15' title="bbox 828 1925 2500 2001">
     <span class='ocr_line' id='line_1_15' title="bbox 828 1925 2500 2001; baseline -0.003 -18"><span class='ocrx_word' id='word_1_125' title='bbox 828 1930 883 1983; x_wconf 89' lang='grc' dir='ltr'>τί</span> <span class='ocrx_word' id='word_1_126' title='bbox 905 1930 1045 2001; x_wconf 88' lang='grc' dir='ltr'>μετά</span> <span class='ocrx_word' id='word_1_127' title='bbox 1072 1929 1272 1992; x_wconf 87' lang='grc' dir='ltr'>ταῦτα;</span> <span class='ocrx_word' id='word_1_128' title='bbox 1305 1930 1403 1997; x_wconf 90' lang='grc' dir='ltr'>οὑχ</span> <span class='ocrx_word' id='word_1_129' title='bbox 1426 1927 1615 1997; x_wconf 84' lang='grc' dir='ltr'>ὥσπερ</span> <span class='ocrx_word' id='word_1_130' title='bbox 1645 1926 1807 1997; x_wconf 74' lang='grc' dir='ltr'>ϐναρς</span> <span class='ocrx_word' id='word_1_131' title='bbox 1828 1926 1927 1996; x_wconf 91' lang='grc' dir='ltr'>οὐχ</span> <span class='ocrx_word' id='word_1_132' title='bbox 1960 1925 2151 1997; x_wconf 85' lang='grc' dir='ltr'>ῶσπερ</span> <span class='ocrx_word' id='word_1_133' title='bbox 2182 1925 2380 1997; x_wconf 85' lang='grc' dir='ltr'>μῦθος;</span> <span class='ocrx_word' id='word_1_134' title='bbox 2403 1926 2500 1995; x_wconf 89' lang='grc' dir='ltr'>οὐχ</span> 
     </span>
    </p>
   </div>
   <div class='ocr_carea' id='block_1_16' title="bbox 827 2022 2499 2097">
    <p class='ocr_par' dir='ltr' id='par_1_16' title="bbox 827 2022 2499 2097">
     <span class='ocr_line' id='line_1_16' title="bbox 827 2022 2499 2097; baseline -0.004 -17"><span class='ocrx_word' id='word_1_135' title='bbox 827 2026 1014 2097; x_wconf 86' lang='grc' dir='ltr'>ῶσπερ</span> <span class='ocrx_word' id='word_1_136' title='bbox 1045 2025 1172 2078; x_wconf 86' lang='grc' dir='ltr'>σκιά</span> <span class='ocrx_word' id='word_1_137' title='bbox 1212 2025 1387 2079; x_wconf 88' lang='grc' dir='ltr'>πάντα</span> <span class='ocrx_word' id='word_1_138' title='bbox 1414 2022 1629 2093; x_wconf 86' lang='grc' dir='ltr'>διῆλθεν</span> <span class='ocrx_word' id='word_1_139' title='bbox 1662 2023 1881 2088; x_wconf 84' lang='grc' dir='ltr'>ἐκεῖνα;</span> <span class='ocrx_word' id='word_1_140' title='bbox 1928 2022 2044 2075; x_wconf 90' lang='grc' dir='ltr'>Νῦν</span> <span class='ocrx_word' id='word_1_141' title='bbox 2076 2023 2133 2076; x_wconf 85' lang='grc' dir='ltr'>δὲ</span> <span class='ocrx_word' id='word_1_142' title='bbox 2160 2022 2309 2091; x_wconf 87' lang='grc' dir='ltr'>αὑτῷ</span> <span class='ocrx_word' id='word_1_143' title='bbox 2339 2023 2499 2092; x_wconf 87' lang='grc' dir='ltr'>μέχρι</span> 
     </span>
    </p>
   </div>
   <div class='ocr_carea' id='block_1_17' title="bbox 825 2118 2497 2191">
    <p class='ocr_par' dir='ltr' id='par_1_17' title="bbox 825 2118 2497 2191">
     <span class='ocr_line' id='line_1_17' title="bbox 825 2118 2497 2191; baseline -0.002 -15"><span class='ocrx_word' id='word_1_144' title='bbox 825 2122 1015 2185; x_wconf 80' lang='grc' dir='ltr'>τέλους</span> <span class='ocrx_word' id='word_1_145' title='bbox 1042 2121 1113 2175; x_wconf 81' lang='grc' dir='ltr'>τὰ</span> <span class='ocrx_word' id='word_1_146' title='bbox 1149 2121 1248 2191; x_wconf 90' lang='grc' dir='ltr'>τῆς</span> <span class='ocrx_word' id='word_1_147' title='bbox 1272 2121 1460 2191; x_wconf 90' lang='grc' dir='ltr'>τιμῆς,</span> <span class='ocrx_word' id='word_1_148' title='bbox 1491 2120 1693 2190; x_wconf 78' lang='grc' dir='ltr'>μᾶλλον</span> <span class='ocrx_word' id='word_1_149' title='bbox 1726 2119 1783 2173; x_wconf 84' lang='grc' dir='ltr'>δὲ</span> <span class='ocrx_word' id='word_1_150' title='bbox 1810 2120 1904 2173; x_wconf 69' lang='grc' dir='ltr'>καὶ</span> <span class='ocrx_word' id='word_1_151' title='bbox 1938 2118 2079 2189; x_wconf 90' lang='grc' dir='ltr'>μετά</span> <span class='ocrx_word' id='word_1_152' title='bbox 2096 2118 2193 2189; x_wconf 80' lang='grc' dir='ltr'>τὴν</span> <span class='ocrx_word' id='word_1_153' title='bbox 2218 2118 2497 2191; x_wconf 85' lang='grc' dir='ltr'>τελευτὴν,</span> 
     </span>
    </p>
   </div>
   <div class='ocr_carea' id='block_1_18' title="bbox 827 2216 2500 2289">
    <p class='ocr_par' dir='ltr' id='par_1_18' title="bbox 827 2216 2500 2289">
     <span class='ocr_line' id='line_1_18' title="bbox 827 2216 2500 2289; baseline -0.002 -16"><span class='ocrx_word' id='word_1_154' title='bbox 827 2220 925 2273; x_wconf 78' lang='grc' dir='ltr'>καὶ</span> <span class='ocrx_word' id='word_1_155' title='bbox 958 2217 1138 2289; x_wconf 85' lang='grc' dir='ltr'>πολλῷ</span> <span class='ocrx_word' id='word_1_156' title='bbox 1172 2216 1332 2269; x_wconf 82' lang='grc' dir='ltr'>πλέον</span> <span class='ocrx_word' id='word_1_157' title='bbox 1358 2218 1503 2281; x_wconf 85' lang='grc' dir='ltr'>τότε,</span> <span class='ocrx_word' id='word_1_158' title='bbox 1533 2218 1627 2270; x_wconf 78' lang='grc' dir='ltr'>καὶ</span> <span class='ocrx_word' id='word_1_159' title='bbox 1657 2216 1859 2286; x_wconf 91' lang='grc' dir='ltr'>ταύτην</span> <span class='ocrx_word' id='word_1_160' title='bbox 1882 2216 2045 2269; x_wconf 76' lang='grc' dir='ltr'>αὑτὸν</span> <span class='ocrx_word' id='word_1_161' title='bbox 2068 2216 2242 2280; x_wconf 77' lang='grc' dir='ltr'>οὐδεὶς</span> <span class='ocrx_word' id='word_1_162' title='bbox 2263 2218 2500 2289; x_wconf 85' lang='grc' dir='ltr'>ἀφαιρή-</span> 
     </span>
    </p>
   </div>
   <div class='ocr_carea' id='block_1_19' title="bbox 828 2311 2500 2385">
    <p class='ocr_par' dir='ltr' id='par_1_19' title="bbox 828 2311 2500 2385">
     <span class='ocr_line' id='line_1_19' title="bbox 828 2311 2500 2385; baseline -0.001 -18"><span class='ocrx_word' id='word_1_163' title='bbox 828 2330 981 2369; x_wconf 90' lang='grc' dir='ltr'>σεται</span> <span class='ocrx_word' id='word_1_164' title='bbox 1003 2313 1103 2383; x_wconf 82' lang='grc' dir='ltr'>τὴν</span> <span class='ocrx_word' id='word_1_165' title='bbox 1128 2311 1322 2382; x_wconf 86' lang='grc' dir='ltr'>ἀρχὴν,</span> <span class='ocrx_word' id='word_1_166' title='bbox 1358 2311 1454 2365; x_wconf 80' lang='grc' dir='ltr'>ἆτε</span> <span class='ocrx_word' id='word_1_167' title='bbox 1476 2312 1575 2381; x_wconf 90' lang='grc' dir='ltr'>οὐχ</span> <span class='ocrx_word' id='word_1_168' title='bbox 1600 2311 1705 2365; x_wconf 85' lang='grc' dir='ltr'>ὑπὸ</span> <span class='ocrx_word' id='word_1_169' title='bbox 1726 2312 1823 2365; x_wconf 77' lang='grc' dir='ltr'>ἀνθ</span> <span class='ocrx_word' id='word_1_170' title='bbox 1833 2312 2049 2383; x_wconf 89' lang='grc' dir='ltr'>ρώπων,</span> <span class='ocrx_word' id='word_1_171' title='bbox 2073 2313 2187 2367; x_wconf 80' lang='grc' dir='ltr'>ἀλλ’</span> <span class='ocrx_word' id='word_1_172' title='bbox 2211 2313 2302 2366; x_wconf 80' lang='grc' dir='ltr'>ὑπ’</span> <span class='ocrx_word' id='word_1_173' title='bbox 2330 2313 2500 2385; x_wconf 87' lang='grc' dir='ltr'>αὐτῆς</span> 
     </span>
    </p>
   </div>
   <div class='ocr_carea' id='block_1_20' title="bbox 824 2408 2498 2483">
    <p class='ocr_par' dir='ltr' id='par_1_20' title="bbox 824 2408 2498 2483">
     <span class='ocr_line' id='line_1_20' title="bbox 824 2408 2498 2483; baseline -0.003 -17"><span class='ocrx_word' id='word_1_174' title='bbox 824 2409 1271 2483; x_wconf 82' lang='grc' dir='ltr'>χειροτονηθέντα</span> <span class='ocrx_word' id='word_1_175' title='bbox 1316 2408 1414 2479; x_wconf 88' lang='grc' dir='ltr'>τῆς</span> <span class='ocrx_word' id='word_1_176' title='bbox 1472 2408 1692 2480; x_wconf 88' lang='grc' dir='ltr'>ἀρετῆς.</span> <span class='ocrx_word' id='word_1_177' title='bbox 1752 2408 1895 2461; x_wconf 75' lang='grc' dir='ltr'>Ἀλλ’</span> <span class='ocrx_word' id='word_1_178' title='bbox 1945 2408 2166 2462; x_wconf 90' lang='grc' dir='ltr'>ἐϐούλου</span> <span class='ocrx_word' id='word_1_179' title='bbox 2236 2409 2498 2479; x_wconf 84' lang='grc' dir='ltr'>πολυτελῆ</span> 
     </span>
    </p>
   </div>
   <div class='ocr_carea' id='block_1_21' title="bbox 825 2504 2501 2581">
    <p class='ocr_par' dir='ltr' id='par_1_21' title="bbox 825 2504 2501 2581">
     <span class='ocr_line' id='line_1_21' title="bbox 825 2504 2501 2581; baseline -0.001 -18"><span class='ocrx_word' id='word_1_180' title='bbox 825 2510 1099 2581; x_wconf 79' lang='grc' dir='ltr'>φοροῦντα</span> <span class='ocrx_word' id='word_1_181' title='bbox 1134 2506 1348 2578; x_wconf 82' lang='grc' dir='ltr'>ἱμάτια,</span> <span class='ocrx_word' id='word_1_182' title='bbox 1398 2504 1493 2559; x_wconf 72' lang='grc' dir='ltr'>καὶ</span> <span class='ocrx_word' id='word_1_183' title='bbox 1536 2506 1621 2574; x_wconf 81' lang='grc' dir='ltr'>ἐφ’</span> <span class='ocrx_word' id='word_1_184' title='bbox 1656 2505 1825 2558; x_wconf 81' lang='grc' dir='ltr'>ἵππου</span> <span class='ocrx_word' id='word_1_185' title='bbox 1872 2506 2171 2577; x_wconf 90' lang='grc' dir='ltr'>φερόμενον</span> <span class='ocrx_word' id='word_1_186' title='bbox 2204 2509 2357 2579; x_wconf 82' lang='grc' dir='ltr'>ὁρᾷν,</span> <span class='ocrx_word' id='word_1_187' title='bbox 2406 2509 2501 2561; x_wconf 75' lang='grc' dir='ltr'>καὶ</span> 
     </span>
    </p>
   </div>
   <div class='ocr_carea' id='block_1_22' title="bbox 824 2602 2500 2677">
    <p class='ocr_par' dir='ltr' id='par_1_22' title="bbox 824 2602 2500 2677">
     <span class='ocr_line' id='line_1_22' title="bbox 824 2602 2500 2677; baseline 0.001 -18"><span class='ocrx_word' id='word_1_188' title='bbox 824 2606 1033 2677; x_wconf 86' lang='grc' dir='ltr'>πλῆθος</span> <span class='ocrx_word' id='word_1_189' title='bbox 1054 2606 1243 2676; x_wconf 73' lang='grc' dir='ltr'>ἔχοντα</span> <span class='ocrx_word' id='word_1_190' title='bbox 1267 2602 1515 2667; x_wconf 80' lang='grc' dir='ltr'>οἰκετῶν,</span> <span class='ocrx_word' id='word_1_191' title='bbox 1529 2602 1623 2656; x_wconf 80' lang='grc' dir='ltr'>καὶ</span> <span class='ocrx_word' id='word_1_192' title='bbox 1644 2603 1980 2673; x_wconf 91' lang='grc' dir='ltr'>παρασίτους</span> <span class='ocrx_word' id='word_1_193' title='bbox 1998 2603 2266 2676; x_wconf 81' lang='grc' dir='ltr'>τρέφοντα</span> <span class='ocrx_word' id='word_1_194' title='bbox 2289 2608 2382 2660; x_wconf 80' lang='grc' dir='ltr'>καὶ</span> <span class='ocrx_word' id='word_1_195' title='bbox 2406 2608 2500 2659; x_wconf 82' lang='grc' dir='ltr'>κό-</span> 
     </span>
    </p>
   </div>
   <div class='ocr_carea' id='block_1_23' title="bbox 824 2698 2496 2774">
    <p class='ocr_par' dir='ltr' id='par_1_23' title="bbox 824 2698 2496 2774">
     <span class='ocr_line' id='line_1_23' title="bbox 824 2698 2496 2774; baseline -0.001 -17"><span class='ocrx_word' id='word_1_196' title='bbox 824 2703 1017 2766; x_wconf 76' lang='grc' dir='ltr'>ὶακας.</span> <span class='ocrx_word' id='word_1_197' title='bbox 1040 2702 1197 2765; x_wconf 84' lang='grc' dir='ltr'>Τίνος</span> <span class='ocrx_word' id='word_1_198' title='bbox 1229 2701 1413 2754; x_wconf 76' lang='grc' dir='ltr'>ἐνεκεν</span> <span class='ocrx_word' id='word_1_199' title='bbox 1439 2698 1612 2753; x_wconf 90' lang='grc' dir='ltr'>ταῦτα</span> <span class='ocrx_word' id='word_1_200' title='bbox 1640 2698 1864 2771; x_wconf 79' lang='grc' dir='ltr'>ἡθελες;</span> <span class='ocrx_word' id='word_1_201' title='bbox 1898 2701 1995 2772; x_wconf 89' lang='grc' dir='ltr'>οὑχ</span> <span class='ocrx_word' id='word_1_202' title='bbox 2014 2702 2206 2773; x_wconf 89' lang='grc' dir='ltr'>ἡδονὴν</span> <span class='ocrx_word' id='word_1_203' title='bbox 2231 2702 2379 2774; x_wconf 86' lang='grc' dir='ltr'>αὑτῷ</span> <span class='ocrx_word' id='word_1_204' title='bbox 2407 2704 2496 2757; x_wconf 86' lang='grc' dir='ltr'>διά</span> 
     </span>
    </p>
   </div>
   <div class='ocr_carea' id='block_1_24' title="bbox 823 2795 2495 2873">
    <p class='ocr_par' dir='ltr' id='par_1_24' title="bbox 823 2795 2495 2873">
     <span class='ocr_line' id='line_1_24' title="bbox 823 2795 2495 2873; baseline 0.001 -18"><span class='ocrx_word' id='word_1_205' title='bbox 823 2801 1031 2855; x_wconf 88' lang='grc' dir='ltr'>τούτων</span> <span class='ocrx_word' id='word_1_206' title='bbox 1052 2800 1309 2855; x_wconf 84' lang='grc' dir='ltr'>ἁπάντων</span> <span class='ocrx_word' id='word_1_207' title='bbox 1336 2799 1795 2863; x_wconf 86' lang='grc' dir='ltr'>κατασκευάζων;</span> <span class='ocrx_word' id='word_1_208' title='bbox 1832 2801 1929 2853; x_wconf 78' lang='grc' dir='ltr'>Ἂν</span> <span class='ocrx_word' id='word_1_209' title='bbox 1952 2795 2047 2853; x_wconf 82' lang='grc' dir='ltr'>οὖν</span> <span class='ocrx_word' id='word_1_210' title='bbox 2067 2801 2307 2873; x_wconf 83' lang='grc' dir='ltr'>ἀκούσῃς</span> <span class='ocrx_word' id='word_1_211' title='bbox 2332 2803 2495 2857; x_wconf 90' lang='grc' dir='ltr'>αὐτοῦ</span> 
     </span>
    </p>
   </div>
   <div class='ocr_carea' id='block_1_25' title="bbox 823 2895 2495 2971">
    <p class='ocr_par' dir='ltr' id='par_1_25' title="bbox 823 2895 2495 2971">
     <span class='ocr_line' id='line_1_25' title="bbox 823 2895 2495 2971; baseline 0.001 -20"><span class='ocrx_word' id='word_1_212' title='bbox 823 2899 1076 2967; x_wconf 85' lang='grc' dir='ltr'>λέγοντος</span> <span class='ocrx_word' id='word_1_213' title='bbox 1110 2898 1263 2967; x_wconf 85' lang='grc' dir='ltr'>(ἡμῖν</span> <span class='ocrx_word' id='word_1_214' title='bbox 1293 2896 1403 2967; x_wconf 86' lang='grc' dir='ltr'>γὰρ</span> <span class='ocrx_word' id='word_1_215' title='bbox 1441 2897 1572 2959; x_wconf 74' lang='grc' dir='ltr'>ἴσως</span> <span class='ocrx_word' id='word_1_216' title='bbox 1610 2895 1673 2948; x_wconf 90' lang='grc' dir='ltr'>οὐ</span> <span class='ocrx_word' id='word_1_217' title='bbox 1716 2896 1927 2968; x_wconf 84' lang='grc' dir='ltr'>πείσῃ),</span> <span class='ocrx_word' id='word_1_218' title='bbox 1962 2898 2044 2951; x_wconf 78' lang='grc' dir='ltr'>ὅτι</span> <span class='ocrx_word' id='word_1_219' title='bbox 2084 2898 2194 2951; x_wconf 89' lang='grc' dir='ltr'>τῶν</span> <span class='ocrx_word' id='word_1_220' title='bbox 2228 2900 2285 2951; x_wconf 87' lang='grc' dir='ltr'>ἐν</span> <span class='ocrx_word' id='word_1_221' title='bbox 2317 2902 2495 2971; x_wconf 82' lang='grc' dir='ltr'>τρυφῇ</span> 
     </span>
    </p>
   </div>
   <div class='ocr_carea' id='block_1_26' title="bbox 826 2996 2498 3070">
    <p class='ocr_par' dir='ltr' id='par_1_26' title="bbox 826 2996 2498 3070">
     <span class='ocr_line' id='line_1_26' title="bbox 826 2996 2498 3070; baseline -0.001 -17"><span class='ocrx_word' id='word_1_222' title='bbox 826 3000 1045 3065; x_wconf 78' lang='grc' dir='ltr'>ζώντων</span> <span class='ocrx_word' id='word_1_223' title='bbox 1081 2998 1176 3053; x_wconf 72' lang='grc' dir='ltr'>καὶ</span> <span class='ocrx_word' id='word_1_224' title='bbox 1202 2996 1481 3067; x_wconf 88' lang='grc' dir='ltr'>πορνείαις</span> <span class='ocrx_word' id='word_1_225' title='bbox 1518 2997 1613 3051; x_wconf 64' lang='grc' dir='ltr'>καλ⁸</span> <span class='ocrx_word' id='word_1_226' title='bbox 1648 2999 1879 3068; x_wconf 78' lang='grc' dir='ltr'>μουσικῇ</span> <span class='ocrx_word' id='word_1_227' title='bbox 1910 2999 2005 3051; x_wconf 79' lang='grc' dir='ltr'>καὶ</span> <span class='ocrx_word' id='word_1_228' title='bbox 2042 2998 2364 3070; x_wconf 84' lang='grc' dir='ltr'>παρασίτοις</span> <span class='ocrx_word' id='word_1_229' title='bbox 2401 3000 2498 3054; x_wconf 75' lang='grc' dir='ltr'>καὶ</span> 
     </span>
    </p>
   </div>
   <div class='ocr_carea' id='block_1_27' title="bbox 825 3095 2497 3170">
    <p class='ocr_par' dir='ltr' id='par_1_27' title="bbox 825 3095 2497 3170">
     <span class='ocr_line' id='line_1_27' title="bbox 825 3095 2497 3170; baseline -0.001 -15"><span class='ocrx_word' id='word_1_230' title='bbox 825 3100 1014 3167; x_wconf 81' lang='grc' dir='ltr'>κόλαξι</span> <span class='ocrx_word' id='word_1_231' title='bbox 1061 3099 1156 3152; x_wconf 71' lang='grc' dir='ltr'>καὶ</span> <span class='ocrx_word' id='word_1_232' title='bbox 1188 3100 1255 3169; x_wconf 78' lang='grc' dir='ltr'>τῇ</span> <span class='ocrx_word' id='word_1_233' title='bbox 1290 3097 1425 3168; x_wconf 82' lang='grc' dir='ltr'>άλλῃ</span> <span class='ocrx_word' id='word_1_234' title='bbox 1458 3096 1705 3167; x_wconf 77' lang='grc' dir='ltr'>βλακείᾳ,</span> <span class='ocrx_word' id='word_1_235' title='bbox 1736 3095 1977 3168; x_wconf 85' lang='grc' dir='ltr'>τοσούτῳ</span> <span class='ocrx_word' id='word_1_236' title='bbox 2021 3098 2113 3151; x_wconf 79' lang='grc' dir='ltr'>τὸν</span> <span class='ocrx_word' id='word_1_237' title='bbox 2146 3097 2259 3168; x_wconf 89' lang='grc' dir='ltr'>βίον</span> <span class='ocrx_word' id='word_1_238' title='bbox 2287 3100 2497 3170; x_wconf 87' lang='grc' dir='ltr'>ἡγεῖται</span> 
     </span>
    </p>
   </div>
   <div class='ocr_carea' id='block_1_28' title="bbox 822 3192 2501 3265">
    <p class='ocr_par' dir='ltr' id='par_1_28' title="bbox 822 3192 2501 3265">
     <span class='ocr_line' id='line_1_28' title="bbox 822 3192 2501 3265; baseline -0.001 -14"><span class='ocrx_word' id='word_1_239' title='bbox 822 3196 1013 3251; x_wconf 86' lang='grc' dir='ltr'>τοῦτον</span> <span class='ocrx_word' id='word_1_240' title='bbox 1044 3194 1202 3265; x_wconf 91' lang='grc' dir='ltr'>ἡδίω,</span> <span class='ocrx_word' id='word_1_241' title='bbox 1231 3193 1308 3257; x_wconf 84' lang='grc' dir='ltr'>ὡς</span> <span class='ocrx_word' id='word_1_242' title='bbox 1337 3192 1553 3246; x_wconf 80' lang='grc' dir='ltr'>ἑλέσθαι</span> <span class='ocrx_word' id='word_1_243' title='bbox 1586 3192 1817 3262; x_wconf 89' lang='grc' dir='ltr'>μυρίους</span> <span class='ocrx_word' id='word_1_244' title='bbox 1853 3192 2115 3257; x_wconf 86' lang='grc' dir='ltr'>θανάτους</span> <span class='ocrx_word' id='word_1_245' title='bbox 2142 3193 2424 3259; x_wconf 80' lang='grc' dir='ltr'>πολλάκις,</span> <span class='ocrx_word' id='word_1_246' title='bbox 2449 3199 2501 3250; x_wconf 85' lang='grc' dir='ltr'>εῖ</span> 
     </span>
    </p>
   </div>
   <div class='ocr_carea' id='block_1_29' title="bbox 822 3287 2499 3361">
    <p class='ocr_par' dir='ltr' id='par_1_29' title="bbox 822 3287 2499 3361">
     <span class='ocr_line' id='line_1_29' title="bbox 822 3287 2499 3361; baseline -0.001 -16"><span class='ocrx_word' id='word_1_247' title='bbox 822 3309 909 3356; x_wconf 90' lang='grc' dir='ltr'>τις</span> <span class='ocrx_word' id='word_1_248' title='bbox 938 3289 1213 3345; x_wconf 86' lang='grc' dir='ltr'>κελεύοιτο</span> <span class='ocrx_word' id='word_1_249' title='bbox 1249 3287 1456 3361; x_wconf 89' lang='grc' dir='ltr'>ταύτην</span> <span class='ocrx_word' id='word_1_250' title='bbox 1492 3287 1591 3360; x_wconf 88' lang='grc' dir='ltr'>τὴν</span> <span class='ocrx_word' id='word_1_251' title='bbox 1633 3287 1829 3359; x_wconf 83' lang='grc' dir='ltr'>ἡδονὴν</span> <span class='ocrx_word' id='word_1_252' title='bbox 1867 3288 2075 3357; x_wconf 85' lang='grc' dir='ltr'>ἀφέντα</span> <span class='ocrx_word' id='word_1_253' title='bbox 2114 3288 2252 3360; x_wconf 87' lang='grc' dir='ltr'>πρὸς</span> <span class='ocrx_word' id='word_1_254' title='bbox 2283 3290 2499 3361; x_wconf 88' lang='grc' dir='ltr'>ἐκείνην</span> 
     </span>
    </p>
   </div>
   <div class='ocr_carea' id='block_1_30' title="bbox 827 3380 2498 3457">
    <p class='ocr_par' dir='ltr' id='par_1_30' title="bbox 827 3380 2498 3457">
     <span class='ocr_line' id='line_1_30' title="bbox 827 3380 2498 3457; baseline -0.001 -17"><span class='ocrx_word' id='word_1_255' title='bbox 827 3386 1240 3457; x_wconf 84' lang='grc' dir='ltr'>μεταπηδῆσαι,</span> <span class='ocrx_word' id='word_1_256' title='bbox 1275 3384 1329 3439; x_wconf 89' lang='grc' dir='ltr'>τί</span> <span class='ocrx_word' id='word_1_257' title='bbox 1373 3384 1507 3455; x_wconf 74' lang='grc' dir='ltr'>πρὸς</span> <span class='ocrx_word' id='word_1_258' title='bbox 1541 3382 1715 3438; x_wconf 91' lang='grc' dir='ltr'>ταῦτα</span> <span class='ocrx_word' id='word_1_259' title='bbox 1750 3385 1926 3455; x_wconf 86' lang='grc' dir='ltr'>ἐρεῖς;</span> <span class='ocrx_word' id='word_1_260' title='bbox 1967 3384 2083 3437; x_wconf 90' lang='grc' dir='ltr'>Οὐκ</span> <span class='ocrx_word' id='word_1_261' title='bbox 2123 3380 2271 3449; x_wconf 76' lang='grc' dir='ltr'>οἶδας</span> <span class='ocrx_word' id='word_1_262' title='bbox 2302 3386 2433 3456; x_wconf 82' lang='grc' dir='ltr'>ὅσην</span> <span class='ocrx_word' id='word_1_263' title='bbox 2470 3387 2498 3438; x_wconf 92' lang='lat'>0</span> 
     </span>
    </p>
   </div>
   <div class='ocr_carea' id='block_1_31' title="bbox 823 3480 2499 3556">
    <p class='ocr_par' dir='ltr' id='par_1_31' title="bbox 823 3480 2499 3556">
     <span class='ocr_line' id='line_1_31' title="bbox 823 3480 2499 3556; baseline -0.002 -17"><span class='ocrx_word' id='word_1_264' title='bbox 823 3484 1137 3556; x_wconf 81' lang='grc' dir='ltr'>ἀπράγμων</span> <span class='ocrx_word' id='word_1_265' title='bbox 1160 3481 1272 3553; x_wconf 86' lang='grc' dir='ltr'>βίος</span> <span class='ocrx_word' id='word_1_266' title='bbox 1295 3481 1408 3552; x_wconf 77' lang='grc' dir='ltr'>ἔχει</span> <span class='ocrx_word' id='word_1_267' title='bbox 1432 3481 1529 3552; x_wconf 81' lang='grc' dir='ltr'>τὴν</span> <span class='ocrx_word' id='word_1_268' title='bbox 1554 3480 1745 3553; x_wconf 80' lang='grc' dir='ltr'>ἡδονήν</span> <span class='ocrx_word' id='word_1_269' title='bbox 1765 3497 1780 3546; x_wconf 88' lang='grc'><strong>;</strong></span> <span class='ocrx_word' id='word_1_270' title='bbox 1805 3480 1948 3551; x_wconf 90' lang='grc' dir='ltr'>τάχα</span> <span class='ocrx_word' id='word_1_271' title='bbox 1968 3480 2089 3534; x_wconf 78' lang='grc' dir='ltr'>οὐδὲ</span> <span class='ocrx_word' id='word_1_272' title='bbox 2109 3481 2268 3545; x_wconf 86' lang='grc' dir='ltr'>ἀλλος</span> <span class='ocrx_word' id='word_1_273' title='bbox 2287 3482 2499 3553; x_wconf 86' lang='grc' dir='ltr'>ἀνθρώ-</span> 
     </span>
    </p>
   </div>
   <div class='ocr_carea' id='block_1_32' title="bbox 824 3575 2492 3647">
    <p class='ocr_par' dir='ltr' id='par_1_32' title="bbox 824 3575 2492 3647">
     <span class='ocr_line' id='line_1_32' title="bbox 824 3575 2492 3647; baseline -0.002 -14"><span class='ocrx_word' id='word_1_274' title='bbox 824 3597 943 3633; x_wconf 86' lang='grc' dir='ltr'>πων</span> <span class='ocrx_word' id='word_1_275' title='bbox 970 3578 1167 3642; x_wconf 82' lang='grc' dir='ltr'>οὐδεὶς,</span> <span class='ocrx_word' id='word_1_276' title='bbox 1202 3577 1298 3631; x_wconf 77' lang='grc' dir='ltr'>ἀτε</span> <span class='ocrx_word' id='word_1_277' title='bbox 1339 3576 1567 3647; x_wconf 82' lang='grc' dir='ltr'>μηδέπω</span> <span class='ocrx_word' id='word_1_278' title='bbox 1593 3575 1797 3646; x_wconf 87' lang='grc' dir='ltr'>ταύτης</span> <span class='ocrx_word' id='word_1_279' title='bbox 1844 3575 2181 3646; x_wconf 83' lang='grc' dir='ltr'>γευσάμενος</span> <span class='ocrx_word' id='word_1_280' title='bbox 2218 3576 2492 3647; x_wconf 82' lang='grc' dir='ltr'>καθαρῶς.</span> 
     </span>
    </p>
   </div>
   <div class='ocr_carea' id='block_1_33' title="bbox 827 3671 2494 3744">
    <p class='ocr_par' dir='ltr' id='par_1_33' title="bbox 827 3671 2494 3744">
     <span class='ocr_line' id='line_1_33' title="bbox 827 3671 2494 3744; baseline -0.002 -15"><span class='ocrx_word' id='word_1_281' title='bbox 827 3677 995 3729; x_wconf 81' lang='grc' dir='ltr'>Ὅταν</span> <span class='ocrx_word' id='word_1_282' title='bbox 1031 3673 1089 3727; x_wconf 80' lang='grc' dir='ltr'>δέ</span> <span class='ocrx_word' id='word_1_283' title='bbox 1130 3673 1224 3725; x_wconf 77' lang='grc' dir='ltr'>καὶ</span> <span class='ocrx_word' id='word_1_284' title='bbox 1258 3672 1579 3744; x_wconf 84' lang='grc' dir='ltr'>λαμπρότης</span> <span class='ocrx_word' id='word_1_285' title='bbox 1616 3675 1815 3744; x_wconf 81' lang='grc' dir='ltr'>προσῇ,</span> <span class='ocrx_word' id='word_1_286' title='bbox 1852 3671 2040 3726; x_wconf 76' lang='grc' dir='ltr'>καὶτὰ</span> <span class='ocrx_word' id='word_1_287' title='bbox 2074 3671 2281 3741; x_wconf 80' lang='grc' dir='ltr'>ἄμικτα</span> <span class='ocrx_word' id='word_1_288' title='bbox 2322 3671 2494 3726; x_wconf 89' lang='grc' dir='ltr'>ταῦτα</span> 
     </span>
    </p>
   </div>
   <div class='ocr_carea' id='block_1_34' title="bbox 827 3766 2493 3839">
    <p class='ocr_par' dir='ltr' id='par_1_34' title="bbox 827 3766 2493 3839">
     <span class='ocr_line' id='line_1_34' title="bbox 827 3766 2493 3839; baseline -0.004 -13"><span class='ocrx_word' id='word_1_289' title='bbox 827 3770 993 3826; x_wconf 85' lang='grc' dir='ltr'>πάλιν</span> <span class='ocrx_word' id='word_1_290' title='bbox 1025 3766 1355 3839; x_wconf 84' lang='grc' dir='ltr'>συνέρχηται</span> <span class='ocrx_word' id='word_1_291' title='bbox 1384 3777 1426 3832; x_wconf 85' lang='grc'>⁸,</span> <span class='ocrx_word' id='word_1_292' title='bbox 1462 3768 1732 3837; x_wconf 89' lang='grc' dir='ltr'>ἀσφάλειά</span> <span class='ocrx_word' id='word_1_293' title='bbox 1756 3784 1817 3821; x_wconf 91' lang='grc' dir='ltr'>τε</span> <span class='ocrx_word' id='word_1_294' title='bbox 1863 3768 1958 3821; x_wconf 80' lang='grc' dir='ltr'>καὶ</span> <span class='ocrx_word' id='word_1_295' title='bbox 2006 3766 2391 3837; x_wconf 84' lang='grc' dir='ltr'>εὐδοκίμησις,</span> <span class='ocrx_word' id='word_1_296' title='bbox 2442 3767 2493 3821; x_wconf 90' lang='grc' dir='ltr'>τί</span> 
     </span>
    </p>
   </div>
   <div class='ocr_carea' id='block_1_35' title="bbox 820 3860 2491 3936">
    <p class='ocr_par' dir='ltr' id='par_1_35' title="bbox 820 3860 2491 3936">
     <span class='ocr_line' id='line_1_35' title="bbox 820 3860 2491 3936; baseline -0.002 -17"><span class='ocrx_word' id='word_1_297' title='bbox 820 3866 1027 3936; x_wconf 86' lang='grc' dir='ltr'>ταύτης</span> <span class='ocrx_word' id='word_1_298' title='bbox 1053 3864 1259 3934; x_wconf 89' lang='grc' dir='ltr'>βέλτιον</span> <span class='ocrx_word' id='word_1_299' title='bbox 1286 3865 1483 3933; x_wconf 88' lang='grc' dir='ltr'>γένοιτ’</span> <span class='ocrx_word' id='word_1_300' title='bbox 1512 3864 1579 3919; x_wconf 82' lang='grc' dir='ltr'>ἀν</span> <span class='ocrx_word' id='word_1_301' title='bbox 1604 3866 1704 3935; x_wconf 89' lang='grc' dir='ltr'>τῆς</span> <span class='ocrx_word' id='word_1_302' title='bbox 1728 3864 1906 3936; x_wconf 81' lang='grc' dir='ltr'>ζωῆς;</span> <span class='ocrx_word' id='word_1_303' title='bbox 1940 3863 2102 3917; x_wconf 82' lang='grc' dir='ltr'>Ἀλλά</span> <span class='ocrx_word' id='word_1_304' title='bbox 2121 3864 2175 3916; x_wconf 90' lang='grc' dir='ltr'>τί</span> <span class='ocrx_word' id='word_1_305' title='bbox 2205 3882 2293 3935; x_wconf 92' lang='grc' dir='ltr'>μοι</span> <span class='ocrx_word' id='word_1_306' title='bbox 2320 3860 2491 3917; x_wconf 89' lang='grc' dir='ltr'>ταῦτα</span> 
     </span>
    </p>
   </div>
   <div class='ocr_carea' id='block_1_36' title="bbox 822 3954 2493 4032">
    <p class='ocr_par' dir='ltr' id='par_1_36' title="bbox 822 3954 2493 4032">
     <span class='ocr_line' id='line_1_36' title="bbox 822 3954 2493 4032; baseline 0 -21"><span class='ocrx_word' id='word_1_307' title='bbox 822 3957 1065 4032; x_wconf 82' lang='grc' dir='ltr'>διαλέγῃ,</span> <span class='ocrx_word' id='word_1_308' title='bbox 1102 3959 1252 4030; x_wconf 81' lang='grc' dir='ltr'>φησὶ,</span> <span class='ocrx_word' id='word_1_309' title='bbox 1277 3959 1465 4032; x_wconf 78' lang='grc' dir='ltr'>πόρρω</span> <span class='ocrx_word' id='word_1_310' title='bbox 1490 3960 1807 4030; x_wconf 83' lang='grc' dir='ltr'>φιλοσοφίας</span> <span class='ocrx_word' id='word_1_311' title='bbox 1830 3959 2055 4025; x_wconf 85' lang='grc' dir='ltr'>ἐστῶτι;</span> <span class='ocrx_word' id='word_1_312' title='bbox 2084 3960 2151 4013; x_wconf 89' lang='grc' dir='ltr'>Τί</span> <span class='ocrx_word' id='word_1_313' title='bbox 2174 3954 2266 4013; x_wconf 82' lang='grc' dir='ltr'>οῦν</span> <span class='ocrx_word' id='word_1_314' title='bbox 2288 3958 2493 4014; x_wconf 74' lang='grc' dir='ltr'>καὶτὸν</span> 
     </span>
    </p>
   </div>
   <div class='ocr_carea' id='block_1_37' title="bbox 824 4052 2493 4127">
    <p class='ocr_par' dir='ltr' id='par_1_37' title="bbox 824 4052 2493 4127">
     <span class='ocr_line' id='line_1_37' title="bbox 824 4052 2493 4127; baseline 0.001 -22"><span class='ocrx_word' id='word_1_315' title='bbox 824 4053 939 4108; x_wconf 74' lang='grc' dir='ltr'>υἱὸν</span> <span class='ocrx_word' id='word_1_316' title='bbox 975 4052 1204 4117; x_wconf 86' lang='grc' dir='ltr'>κωλύεις</span> <span class='ocrx_word' id='word_1_317' title='bbox 1244 4054 1494 4122; x_wconf 81' lang='grc' dir='ltr'>γενέσθαι</span> <span class='ocrx_word' id='word_1_318' title='bbox 1523 4054 1726 4126; x_wconf 86' lang='grc' dir='ltr'>ταύτης</span> <span class='ocrx_word' id='word_1_319' title='bbox 1766 4056 1961 4124; x_wconf 84' lang='grc' dir='ltr'>ἐγγύς;</span> <span class='ocrx_word' id='word_1_320' title='bbox 2004 4056 2165 4127; x_wconf 86' lang='grc' dir='ltr'>ἀρκεῖ</span> <span class='ocrx_word' id='word_1_321' title='bbox 2201 4056 2363 4127; x_wconf 90' lang='grc' dir='ltr'>μέχρι</span> <span class='ocrx_word' id='word_1_322' title='bbox 2399 4053 2493 4107; x_wconf 88' lang='grc' dir='ltr'>σοῦ</span> 
     </span>
    </p>
   </div>
   <div class='ocr_carea' id='block_1_38' title="bbox 826 4148 2492 4224">
    <p class='ocr_par' dir='ltr' id='par_1_38' title="bbox 826 4148 2492 4224">
     <span class='ocr_line' id='line_1_38' title="bbox 826 4148 2492 4224; baseline 0.001 -23"><span class='ocrx_word' id='word_1_323' title='bbox 826 4150 1019 4219; x_wconf 78' lang='grc' dir='ltr'>στῆναι</span> <span class='ocrx_word' id='word_1_324' title='bbox 1038 4150 1106 4204; x_wconf 81' lang='grc' dir='ltr'>τὰ</span> <span class='ocrx_word' id='word_1_325' title='bbox 1128 4150 1227 4221; x_wconf 90' lang='grc' dir='ltr'>τῆς</span> <span class='ocrx_word' id='word_1_326' title='bbox 1258 4150 1481 4221; x_wconf 80' lang='grc' dir='ltr'>ζημίας.</span> <span class='ocrx_word' id='word_1_327' title='bbox 1512 4151 1625 4223; x_wconf 88' lang='grc' dir='ltr'>οὐχ</span> <span class='ocrx_word' id='word_1_328' title='bbox 1654 4153 1760 4224; x_wconf 79' lang='grc' dir='ltr'>ἡγῇ</span> <span class='ocrx_word' id='word_1_329' title='bbox 1797 4152 2061 4224; x_wconf 84' lang='grc' dir='ltr'>μεγίστην</span> <span class='ocrx_word' id='word_1_330' title='bbox 2095 4148 2235 4205; x_wconf 75' lang='grc' dir='ltr'>εἶναι</span> <span class='ocrx_word' id='word_1_331' title='bbox 2267 4150 2492 4221; x_wconf 79' lang='grc' dir='ltr'>ζημίαν,</span> 
     </span>
    </p>
   </div>
   <div class='ocr_carea' id='block_1_39' title="bbox 823 4244 2495 4318">
    <p class='ocr_par' dir='ltr' id='par_1_39' title="bbox 823 4244 2495 4318">
     <span class='ocr_line' id='line_1_39' title="bbox 823 4244 2495 4318; baseline 0.002 -22"><span class='ocrx_word' id='word_1_332' title='bbox 823 4245 953 4297; x_wconf 83' lang='grc' dir='ltr'>ὅταν</span> <span class='ocrx_word' id='word_1_333' title='bbox 984 4246 1118 4317; x_wconf 77' lang='grc' dir='ltr'>πρὸς</span> <span class='ocrx_word' id='word_1_334' title='bbox 1147 4244 1373 4317; x_wconf 75' lang='grc' dir='ltr'>ἔσχατον</span> <span class='ocrx_word' id='word_1_335' title='bbox 1401 4246 1580 4318; x_wconf 90' lang='grc' dir='ltr'>γῆρας</span> <span class='ocrx_word' id='word_1_336' title='bbox 1607 4247 1919 4315; x_wconf 80' lang='grc' dir='ltr'>ἐλάσαντες,</span> <span class='ocrx_word' id='word_1_337' title='bbox 1950 4248 2045 4302; x_wconf 82' lang='grc' dir='ltr'>ἀτε</span> <span class='ocrx_word' id='word_1_338' title='bbox 2072 4246 2237 4318; x_wconf 82' lang='grc' dir='ltr'>μηδὲν</span> <span class='ocrx_word' id='word_1_339' title='bbox 2266 4247 2359 4299; x_wconf 73' lang='grc' dir='ltr'>ἐπὶ</span> <span class='ocrx_word' id='word_1_340' title='bbox 2397 4247 2495 4317; x_wconf 87' lang='grc' dir='ltr'>τῆς</span> 
     </span>
    </p>
   </div>
   <div class='ocr_carea' id='block_1_40' title="bbox 823 4340 2493 4415">
    <p class='ocr_par' dir='ltr' id='par_1_40' title="bbox 823 4340 2493 4415">
     <span class='ocr_line' id='line_1_40' title="bbox 823 4340 2493 4415; baseline 0.002 -23"><span class='ocrx_word' id='word_1_341' title='bbox 823 4340 1048 4412; x_wconf 78' lang='grc' dir='ltr'>πρώτης</span> <span class='ocrx_word' id='word_1_342' title='bbox 1084 4341 1301 4409; x_wconf 86' lang='grc' dir='ltr'>ἡλικίας</span> <span class='ocrx_word' id='word_1_343' title='bbox 1334 4343 1760 4414; x_wconf 87' lang='grc' dir='ltr'>καρπωσάμενοι</span> <span class='ocrx_word' id='word_1_344' title='bbox 1803 4343 2069 4415; x_wconf 78' lang='grc' dir='ltr'>χρηστὸν,</span> <span class='ocrx_word' id='word_1_345' title='bbox 2104 4343 2493 4414; x_wconf 87' lang='grc' dir='ltr'>δυσχεραίνητε</span> 
     </span>
    </p>
   </div>
   <div class='ocr_carea' id='block_1_41' title="bbox 824 4438 2495 4511">
    <p class='ocr_par' dir='ltr' id='par_1_41' title="bbox 824 4438 2495 4511">
     <span class='ocr_line' id='line_1_41' title="bbox 824 4438 2495 4511; baseline 0.001 -20"><span class='ocrx_word' id='word_1_346' title='bbox 824 4440 961 4510; x_wconf 71' lang='grc' dir='ltr'>πρὸς</span> <span class='ocrx_word' id='word_1_347' title='bbox 988 4439 1050 4491; x_wconf 78' lang='grc' dir='ltr'>τὸ</span> <span class='ocrx_word' id='word_1_348' title='bbox 1077 4438 1289 4509; x_wconf 83' lang='grc' dir='ltr'>γῆρας;</span> <span class='ocrx_word' id='word_1_349' title='bbox 1326 4440 1437 4492; x_wconf 84' lang='lat' dir='ltr'>Kal</span> <span class='ocrx_word' id='word_1_350' title='bbox 1472 4440 1577 4511; x_wconf 82' lang='grc' dir='ltr'>μὴν</span> <span class='ocrx_word' id='word_1_351' title='bbox 1604 4440 1695 4494; x_wconf 89' lang='grc' dir='ltr'>διά</span> <span class='ocrx_word' id='word_1_352' title='bbox 1722 4441 1901 4506; x_wconf 87' lang='grc' dir='ltr'>τοῦτο,</span> <span class='ocrx_word' id='word_1_353' title='bbox 1931 4442 2117 4511; x_wconf 64' lang='grc' dir='ltr'>φησιν,</span> <span class='ocrx_word' id='word_1_354' title='bbox 2139 4440 2274 4494; x_wconf 80' lang='grc' dir='ltr'>αὐτὸ</span> <span class='ocrx_word' id='word_1_355' title='bbox 2304 4440 2495 4511; x_wconf 86' lang='grc' dir='ltr'>δυσχε-</span> 
     </span>
    </p>
   </div>
   <div class='ocr_carea' id='block_1_42' title="bbox 824 4533 2493 4608">
    <p class='ocr_par' dir='ltr' id='par_1_42' title="bbox 824 4533 2493 4608">
     <span class='ocr_line' id='line_1_42' title="bbox 824 4533 2493 4608; baseline 0.003 -23"><span class='ocrx_word' id='word_1_356' title='bbox 824 4533 1105 4605; x_wconf 87' lang='grc' dir='ltr'>ραίνομεν,</span> <span class='ocrx_word' id='word_1_357' title='bbox 1133 4535 1215 4588; x_wconf 79' lang='grc' dir='ltr'>ὅτι</span> <span class='ocrx_word' id='word_1_358' title='bbox 1245 4536 1456 4606; x_wconf 89' lang='grc' dir='ltr'>μεγάλα</span> <span class='ocrx_word' id='word_1_359' title='bbox 1475 4538 1623 4607; x_wconf 75' lang='grc' dir='ltr'>ἡμᾶς</span> <span class='ocrx_word' id='word_1_360' title='bbox 1642 4536 1850 4608; x_wconf 79' lang='grc' dir='ltr'>ὤνησεν</span> <span class='ocrx_word' id='word_1_361' title='bbox 1872 4539 1905 4608; x_wconf 86' lang='grc' dir='ltr'>ἡ</span> <span class='ocrx_word' id='word_1_362' title='bbox 1931 4538 2140 4607; x_wconf 86' lang='grc' dir='ltr'>νεότης.</span> <span class='ocrx_word' id='word_1_363' title='bbox 2167 4538 2301 4591; x_wconf 86' lang='grc' dir='ltr'>Ποῖα</span> <span class='ocrx_word' id='word_1_364' title='bbox 2326 4537 2493 4607; x_wconf 88' lang='grc' dir='ltr'>μεγά-</span> 
     </span>
    </p>
   </div>
   <div class='ocr_carea' id='block_1_43' title="bbox 822 4626 2493 4703">
    <p class='ocr_par' dir='ltr' id='par_1_43' title="bbox 822 4626 2493 4703">
     <span class='ocr_line' id='line_1_43' title="bbox 822 4626 2493 4703; baseline 0.004 -24"><span class='ocrx_word' id='word_1_365' title='bbox 822 4626 919 4691; x_wconf 55' lang='grc' dir='ltr'>λας</span> <span class='ocrx_word' id='word_1_366' title='bbox 941 4627 1113 4691; x_wconf 80' lang='grc' dir='ltr'>δεῖξον</span> <span class='ocrx_word' id='word_1_367' title='bbox 1138 4628 1329 4699; x_wconf 78' lang='grc' dir='ltr'>ἔχοντα</span> <span class='ocrx_word' id='word_1_368' title='bbox 1357 4630 1449 4684; x_wconf 72' lang='grc' dir='ltr'>τὸν</span> <span class='ocrx_word' id='word_1_369' title='bbox 1468 4631 1696 4701; x_wconf 90' lang='grc' dir='ltr'>γέροντα</span> <span class='ocrx_word' id='word_1_370' title='bbox 1723 4633 1793 4686; x_wconf 86' lang='grc' dir='ltr'>τά</span> <span class='ocrx_word' id='word_1_371' title='bbox 1826 4632 2038 4703; x_wconf 86' lang='grc' dir='ltr'>μεγάλα</span> <span class='ocrx_word' id='word_1_372' title='bbox 2070 4634 2275 4686; x_wconf 68' lang='grc' dir='ltr'>ἐκεῖναι</span> <span class='ocrx_word' id='word_1_373' title='bbox 2302 4634 2351 4686; x_wconf 84' lang='grc' dir='ltr'>εί</span> <span class='ocrx_word' id='word_1_374' title='bbox 2384 4631 2493 4703; x_wconf 91' lang='grc' dir='ltr'>γάρ</span> 
     </span>
    </p>
   </div>
   <div class='ocr_carea' id='block_1_44' title="bbox 824 4717 2494 4796">
    <p class='ocr_par' dir='ltr' id='par_1_44' title="bbox 824 4717 2494 4796">
     <span class='ocr_line' id='line_1_44' title="bbox 824 4717 2494 4796; baseline 0.001 -23"><span class='ocrx_word' id='word_1_375' title='bbox 824 4717 972 4791; x_wconf 76' lang='grc' dir='ltr'>εἶχεν</span> <span class='ocrx_word' id='word_1_376' title='bbox 993 4723 1153 4787; x_wconf 86' lang='grc' dir='ltr'>αὐτὰ,</span> <span class='ocrx_word' id='word_1_377' title='bbox 1188 4724 1283 4777; x_wconf 71' lang='grc' dir='ltr'>καὶ</span> <span class='ocrx_word' id='word_1_378' title='bbox 1307 4727 1603 4795; x_wconf 81' lang='grc' dir='ltr'>μεμενήκει</span> <span class='ocrx_word' id='word_1_379' title='bbox 1630 4725 1851 4796; x_wconf 82' lang='grc' dir='ltr'>διαρκῆ,</span> <span class='ocrx_word' id='word_1_380' title='bbox 1874 4726 1974 4778; x_wconf 90' lang='grc' dir='ltr'>οὐκ</span> <span class='ocrx_word' id='word_1_381' title='bbox 2000 4726 2065 4779; x_wconf 83' lang='grc' dir='ltr'>ἂν</span> <span class='ocrx_word' id='word_1_382' title='bbox 2090 4725 2165 4788; x_wconf 79' lang='grc' dir='ltr'>ὡς</span> <span class='ocrx_word' id='word_1_383' title='bbox 2191 4724 2400 4796; x_wconf 77' lang='grc' dir='ltr'>ἕρημος</span> <span class='ocrx_word' id='word_1_384' title='bbox 2419 4724 2494 4776; x_wconf 82' lang='grc' dir='ltr'>ὢν</span> 
     </span>
    </p>
   </div>
   <div class='ocr_carea' id='block_1_45' title="bbox 828 4818 2494 4889">
    <p class='ocr_par' dir='ltr' id='par_1_45' title="bbox 828 4818 2494 4889">
     <span class='ocr_line' id='line_1_45' title="bbox 828 4818 2494 4889; baseline 0 -20"><span class='ocrx_word' id='word_1_385' title='bbox 828 4818 1082 4871; x_wconf 83' lang='grc' dir='ltr'>ἁπάντων</span> <span class='ocrx_word' id='word_1_386' title='bbox 1104 4818 1309 4871; x_wconf 87' lang='grc' dir='ltr'>τούτων</span> <span class='ocrx_word' id='word_1_387' title='bbox 1337 4818 1509 4881; x_wconf 77' lang='grc' dir='ltr'>οὓτως</span> <span class='ocrx_word' id='word_1_388' title='bbox 1533 4819 1786 4889; x_wconf 87' lang='grc' dir='ltr'>ὠδύρετο·</span> <span class='ocrx_word' id='word_1_389' title='bbox 1819 4822 1866 4871; x_wconf 85' lang='grc' dir='ltr'>εί</span> <span class='ocrx_word' id='word_1_390' title='bbox 1892 4820 1950 4873; x_wconf 87' lang='grc' dir='ltr'>δὲ</span> <span class='ocrx_word' id='word_1_391' title='bbox 1982 4819 2201 4887; x_wconf 90' lang='grc' dir='ltr'>ἀπέπτη</span> <span class='ocrx_word' id='word_1_392' title='bbox 2229 4819 2323 4870; x_wconf 69' lang='grc' dir='ltr'>καλ⁸</span> <span class='ocrx_word' id='word_1_393' title='bbox 2357 4819 2494 4886; x_wconf 81' lang='grc' dir='ltr'>ἐμα-</span> 
     </span>
    </p>
   </div>
   <div class='ocr_carea' id='block_1_46' title="bbox 827 4910 2496 4982">
    <p class='ocr_par' dir='ltr' id='par_1_46' title="bbox 827 4910 2496 4982">
     <span class='ocr_line' id='line_1_46' title="bbox 827 4910 2496 4982; baseline -0.002 -17"><span class='ocrx_word' id='word_1_394' title='bbox 827 4910 1021 4980; x_wconf 80' lang='grc' dir='ltr'>ράνθη,</span> <span class='ocrx_word' id='word_1_395' title='bbox 1049 4915 1176 4964; x_wconf 89' lang='grc' dir='ltr'>ποῖα</span> <span class='ocrx_word' id='word_1_396' title='bbox 1208 4914 1418 4981; x_wconf 87' lang='grc' dir='ltr'>μεγάλα</span> <span class='ocrx_word' id='word_1_397' title='bbox 1445 4913 1513 4966; x_wconf 87' lang='grc' dir='ltr'>τά</span> <span class='ocrx_word' id='word_1_398' title='bbox 1538 4911 1682 4965; x_wconf 79' lang='grc' dir='ltr'>οὑτω</span> <span class='ocrx_word' id='word_1_399' title='bbox 1708 4913 1918 4981; x_wconf 87' lang='grc' dir='ltr'>ταχέως</span> <span class='ocrx_word' id='word_1_400' title='bbox 1948 4912 2315 4982; x_wconf 88' lang='grc' dir='ltr'>σϐεννύμενα;</span> <span class='ocrx_word' id='word_1_401' title='bbox 2354 4910 2496 4963; x_wconf 80' lang='grc' dir='ltr'>Ἀλλ’</span> 
     </span>
    </p>
   </div>
   <div class='ocr_carea' id='block_1_47' title="bbox 824 5005 2493 5077">
    <p class='ocr_par' dir='ltr' id='par_1_47' title="bbox 824 5005 2493 5077">
     <span class='ocr_line' id='line_1_47' title="bbox 824 5005 2493 5077; baseline 0.002 -21"><span class='ocrx_word' id='word_1_402' title='bbox 824 5007 924 5074; x_wconf 87' lang='grc' dir='ltr'>οὐχ</span> <span class='ocrx_word' id='word_1_403' title='bbox 952 5007 980 5057; x_wconf 94' lang='lat'>0</span> <span class='ocrx_word' id='word_1_404' title='bbox 1010 5008 1140 5069; x_wconf 82' lang='grc' dir='ltr'>παῖς</span> <span class='ocrx_word' id='word_1_405' title='bbox 1170 5005 1329 5059; x_wconf 89' lang='grc' dir='ltr'>τοῦτο</span> <span class='ocrx_word' id='word_1_406' title='bbox 1356 5008 1598 5060; x_wconf 89' lang='grc' dir='ltr'>πείσεται</span> <span class='ocrx_word' id='word_1_407' title='bbox 1632 5008 1661 5060; x_wconf 88' lang='lat'>0</span> <span class='ocrx_word' id='word_1_408' title='bbox 1692 5008 1804 5071; x_wconf 84' lang='grc' dir='ltr'>σὸς,</span> <span class='ocrx_word' id='word_1_409' title='bbox 1840 5008 1957 5061; x_wconf 79' lang='grc' dir='ltr'>ἀλλ’</span> <span class='ocrx_word' id='word_1_410' title='bbox 1983 5006 2036 5060; x_wconf 85' lang='grc' dir='ltr'>εῐ</span> <span class='ocrx_word' id='word_1_411' title='bbox 2059 5024 2189 5061; x_wconf 90' lang='grc' dir='ltr'>ποτε</span> <span class='ocrx_word' id='word_1_412' title='bbox 2212 5007 2292 5070; x_wconf 80' lang='grc' dir='ltr'>εἰς</span> <span class='ocrx_word' id='word_1_413' title='bbox 2315 5007 2493 5077; x_wconf 89' lang='grc' dir='ltr'>γῆρας</span> 
     </span>
    </p>
   </div>
   <div class='ocr_carea' id='block_1_48' title="bbox 826 5100 2493 5176">
    <p class='ocr_par' dir='ltr' id='par_1_48' title="bbox 826 5100 2493 5176">
     <span class='ocr_line' id='line_1_48' title="bbox 826 5100 2493 5176; baseline 0.003 -24"><span class='ocrx_word' id='word_1_414' title='bbox 826 5100 969 5154; x_wconf 69' lang='grc' dir='ltr'>ἐλθοι</span> <span class='ocrx_word' id='word_1_415' title='bbox 1002 5102 1234 5173; x_wconf 83' lang='grc' dir='ltr'>μακρὸν,</span> <span class='ocrx_word' id='word_1_416' title='bbox 1264 5103 1365 5155; x_wconf 86' lang='grc' dir='ltr'>οὐκ</span> <span class='ocrx_word' id='word_1_417' title='bbox 1389 5103 1509 5173; x_wconf 75' lang='grc' dir='ltr'>ὕψει</span> <span class='ocrx_word' id='word_1_418' title='bbox 1530 5103 1701 5156; x_wconf 87' lang='grc' dir='ltr'>ταῦτα</span> <span class='ocrx_word' id='word_1_419' title='bbox 1728 5102 2207 5157; x_wconf 80' lang='grc' dir='ltr'>ἀποδυσπετοῦντα</span> <span class='ocrx_word' id='word_1_420' title='bbox 2232 5103 2375 5176; x_wconf 79' lang='grc' dir='ltr'>άπερ</span> <span class='ocrx_word' id='word_1_421' title='bbox 2400 5104 2493 5157; x_wconf 75' lang='grc' dir='ltr'>καὶ</span> 
     </span>
    </p>
   </div>
   <div class='ocr_carea' id='block_1_49' title="bbox 828 5194 2489 5269">
    <p class='ocr_par' dir='ltr' id='par_1_49' title="bbox 828 5194 2489 5269">
     <span class='ocr_line' id='line_1_49' title="bbox 828 5194 2489 5269; baseline 0.004 -24"><span class='ocrx_word' id='word_1_422' title='bbox 828 5194 1009 5263; x_wconf 89' lang='grc' dir='ltr'>ὑμεῖς,</span> <span class='ocrx_word' id='word_1_423' title='bbox 1038 5196 1173 5249; x_wconf 83' lang='grc' dir='ltr'>ἀλλά</span> <span class='ocrx_word' id='word_1_424' title='bbox 1206 5197 1597 5269; x_wconf 80' lang='grc' dir='ltr'>χαίροντα-καὶ</span> <span class='ocrx_word' id='word_1_425' title='bbox 1618 5198 1950 5268; x_wconf 88' lang='grc' dir='ltr'>γαννύμενον</span> <span class='ocrx_word' id='word_1_426' title='bbox 1980 5200 2075 5253; x_wconf 72' lang='grc' dir='ltr'>καὶ</span> <span class='ocrx_word' id='word_1_427' title='bbox 2106 5199 2489 5268; x_wconf 75' lang='grc' dir='ltr'>ἀγαλλόμενονο</span> 
     </span>
    </p>
   </div>
   <div class='ocr_carea' id='block_1_50' title="bbox 826 5290 2493 5364">
    <p class='ocr_par' dir='ltr' id='par_1_50' title="bbox 826 5290 2493 5364">
     <span class='ocr_line' id='line_1_50' title="bbox 826 5290 2493 5364; baseline 0.002 -23"><span class='ocrx_word' id='word_1_428' title='bbox 826 5291 893 5341; x_wconf 72' lang='grc' dir='ltr'>τὰ</span> <span class='ocrx_word' id='word_1_429' title='bbox 918 5290 1025 5360; x_wconf 88' lang='grc' dir='ltr'>γὰρ</span> <span class='ocrx_word' id='word_1_430' title='bbox 1054 5290 1236 5359; x_wconf 81' lang='grc' dir='ltr'>ἀγαθά</span> <span class='ocrx_word' id='word_1_431' title='bbox 1261 5293 1409 5363; x_wconf 86' lang='grc' dir='ltr'>αὐτῷ</span> <span class='ocrx_word' id='word_1_432' title='bbox 1433 5293 1555 5346; x_wconf 89' lang='grc' dir='ltr'>τότε</span> <span class='ocrx_word' id='word_1_433' title='bbox 1581 5292 1817 5364; x_wconf 75' lang='grc' dir='ltr'>ἀκμάζει</span> <span class='ocrx_word' id='word_1_434' title='bbox 1849 5293 2070 5363; x_wconf 80' lang='grc' dir='ltr'>μᾶλλον.</span> <span class='ocrx_word' id='word_1_435' title='bbox 2102 5294 2162 5346; x_wconf 85' lang='grc' dir='ltr'>Ὀ</span> <span class='ocrx_word' id='word_1_436' title='bbox 2184 5292 2242 5346; x_wconf 85' lang='grc' dir='ltr'>δὲ</span> <span class='ocrx_word' id='word_1_437' title='bbox 2269 5292 2493 5356; x_wconf 86' lang='grc' dir='ltr'>πλοῦτος</span> 
     </span>
    </p>
   </div>
   <div class='ocr_carea' id='block_1_51' title="bbox 826 5388 2493 5465">
    <p class='ocr_par' dir='ltr' id='par_1_51' title="bbox 826 5388 2493 5465">
     <span class='ocr_line' id='line_1_51' title="bbox 826 5388 2493 5465; baseline 0.001 -22"><span class='ocrx_word' id='word_1_438' title='bbox 826 5392 857 5443; x_wconf 93' lang='lat'>0</span> <span class='ocrx_word' id='word_1_439' title='bbox 895 5391 1178 5462; x_wconf 87' lang='grc' dir='ltr'>ὑμέτερος,</span> <span class='ocrx_word' id='word_1_440' title='bbox 1218 5391 1321 5447; x_wconf 77' lang='grc' dir='ltr'>κᾶν</span> <span class='ocrx_word' id='word_1_441' title='bbox 1354 5394 1523 5465; x_wconf 87' lang='grc' dir='ltr'>μυρία</span> <span class='ocrx_word' id='word_1_442' title='bbox 1574 5395 1753 5462; x_wconf 87' lang='grc' dir='ltr'>ἀγαθά</span> <span class='ocrx_word' id='word_1_443' title='bbox 1780 5394 2116 5465; x_wconf 86' lang='grc' dir='ltr'>κεκτημένος</span> <span class='ocrx_word' id='word_1_444' title='bbox 2160 5388 2219 5465; x_wconf 79' lang='grc' dir='ltr'>ᾖ,</span> <span class='ocrx_word' id='word_1_445' title='bbox 2261 5392 2356 5445; x_wconf 79' lang='grc' dir='ltr'>ἐπὶ</span> <span class='ocrx_word' id='word_1_446' title='bbox 2395 5392 2493 5463; x_wconf 86' lang='grc' dir='ltr'>τῆς</span> 
     </span>
    </p>
   </div>
   <div class='ocr_carea' id='block_1_52' title="bbox 828 5484 2490 5560">
    <p class='ocr_par' dir='ltr' id='par_1_52' title="bbox 828 5484 2490 5560">
     <span class='ocr_line' id='line_1_52' title="bbox 828 5484 2490 5560; baseline 0.001 -21"><span class='ocrx_word' id='word_1_447' title='bbox 828 5486 1052 5558; x_wconf 80' lang='grc' dir='ltr'>πρώτης</span> <span class='ocrx_word' id='word_1_448' title='bbox 1089 5488 1227 5541; x_wconf 90' lang='grc' dir='ltr'>αὑτά</span> <span class='ocrx_word' id='word_1_449' title='bbox 1258 5490 1595 5545; x_wconf 66' lang='grc' dir='ltr'>συνέστειλεν</span> <span class='ocrx_word' id='word_1_450' title='bbox 1632 5490 1867 5560; x_wconf 87' lang='grc' dir='ltr'>ἡλικίας·</span> <span class='ocrx_word' id='word_1_451' title='bbox 1892 5484 2044 5553; x_wconf 78' lang='grc' dir='ltr'>οὗτος</span> <span class='ocrx_word' id='word_1_452' title='bbox 2078 5489 2136 5543; x_wconf 86' lang='grc' dir='ltr'>δὲ</span> <span class='ocrx_word' id='word_1_453' title='bbox 2161 5489 2261 5558; x_wconf 89' lang='grc' dir='ltr'>οὐχ</span> <span class='ocrx_word' id='word_1_454' title='bbox 2298 5486 2490 5551; x_wconf 80' lang='grc' dir='ltr'>οὕτως,</span> 
     </span>
    </p>
   </div>
   <div class='ocr_carea' id='block_1_53' title="bbox 828 5580 2492 5655">
    <p class='ocr_par' dir='ltr' id='par_1_53' title="bbox 828 5580 2492 5655">
     <span class='ocr_line' id='line_1_53' title="bbox 828 5580 2492 5655; baseline -0.003 -18"><span class='ocrx_word' id='word_1_455' title='bbox 828 5581 962 5637; x_wconf 84' lang='grc' dir='ltr'>ἀλλά</span> <span class='ocrx_word' id='word_1_456' title='bbox 994 5582 1143 5652; x_wconf 85' lang='grc' dir='ltr'>μένει</span> <span class='ocrx_word' id='word_1_457' title='bbox 1162 5584 1255 5635; x_wconf 76' lang='grc' dir='ltr'>καὶ</span> <span class='ocrx_word' id='word_1_458' title='bbox 1278 5584 1337 5635; x_wconf 71' lang='grc' dir='ltr'>ἐν</span> <span class='ocrx_word' id='word_1_459' title='bbox 1365 5586 1511 5655; x_wconf 73' lang='grc' dir='ltr'>γήρᾳ</span> <span class='ocrx_word' id='word_1_460' title='bbox 1530 5586 1625 5639; x_wconf 73' lang='grc' dir='ltr'>καὶ</span> <span class='ocrx_word' id='word_1_461' title='bbox 1646 5584 1785 5655; x_wconf 84' lang='grc' dir='ltr'>μετά</span> <span class='ocrx_word' id='word_1_462' title='bbox 1812 5584 1912 5654; x_wconf 83' lang='grc' dir='ltr'>τὴν</span> <span class='ocrx_word' id='word_1_463' title='bbox 1938 5583 2194 5654; x_wconf 82' lang='grc' dir='ltr'>τελευτὴν</span> <span class='ocrx_word' id='word_1_464' title='bbox 2216 5580 2492 5650; x_wconf 84' lang='grc' dir='ltr'>συναπέρ-</span> 
     </span>
    </p>
   </div>
   <div class='ocr_carea' id='block_1_54' title="bbox 830 5681 2491 5755">
    <p class='ocr_par' dir='ltr' id='par_1_54' title="bbox 830 5681 2491 5755">
     <span class='ocr_line' id='line_1_54' title="bbox 830 5681 2491 5755; baseline 0.001 -21"><span class='ocrx_word' id='word_1_465' title='bbox 830 5699 1001 5751; x_wconf 79' lang='grc' dir='ltr'>χεται.</span> <span class='ocrx_word' id='word_1_466' title='bbox 1032 5683 1131 5736; x_wconf 83' lang='grc' dir='ltr'>Διά</span> <span class='ocrx_word' id='word_1_467' title='bbox 1174 5683 1345 5737; x_wconf 89' lang='grc' dir='ltr'>ταῦτα</span> <span class='ocrx_word' id='word_1_468' title='bbox 1375 5685 1529 5754; x_wconf 83' lang='grc' dir='ltr'>ὑμεῖς</span> <span class='ocrx_word' id='word_1_469' title='bbox 1563 5686 1659 5754; x_wconf 83' lang='grc' dir='ltr'>μὲν</span> <span class='ocrx_word' id='word_1_470' title='bbox 1690 5684 1785 5755; x_wconf 79' lang='grc' dir='ltr'>τὴν</span> <span class='ocrx_word' id='word_1_471' title='bbox 1815 5684 2003 5737; x_wconf 85' lang='grc' dir='ltr'>οὐσίαν</span> <span class='ocrx_word' id='word_1_472' title='bbox 2036 5684 2162 5753; x_wconf 87' lang='grc' dir='ltr'>ὑμῖν</span> <span class='ocrx_word' id='word_1_473' title='bbox 2188 5681 2491 5751; x_wconf 80' lang='grc' dir='ltr'>αὐξανομέ-</span> 
     </span>
    </p>
   </div>
   <div class='ocr_carea' id='block_1_55' title="bbox 830 5777 2491 5853">
    <p class='ocr_par' dir='ltr' id='par_1_55' title="bbox 830 5777 2491 5853">
     <span class='ocr_line' id='line_1_55' title="bbox 830 5777 2491 5853; baseline 0.001 -23"><span class='ocrx_word' id='word_1_474' title='bbox 830 5795 927 5849; x_wconf 85' lang='grc' dir='ltr'>νην</span> <span class='ocrx_word' id='word_1_475' title='bbox 954 5780 1185 5851; x_wconf 76' lang='grc' dir='ltr'>ὁρῶντες</span> <span class='ocrx_word' id='word_1_476' title='bbox 1203 5783 1261 5835; x_wconf 90' lang='grc' dir='ltr'>ἐν</span> <span class='ocrx_word' id='word_1_477' title='bbox 1286 5782 1454 5853; x_wconf 85' lang='grc' dir='ltr'>γήρᾳ,</span> <span class='ocrx_word' id='word_1_478' title='bbox 1480 5782 1573 5834; x_wconf 72' lang='grc' dir='ltr'>καὶ</span> <span class='ocrx_word' id='word_1_479' title='bbox 1599 5780 1795 5844; x_wconf 84' lang='grc' dir='ltr'>πολλὰς</span> <span class='ocrx_word' id='word_1_480' title='bbox 1823 5782 1916 5835; x_wconf 69' lang='grc' dir='ltr'>καὶ</span> <span class='ocrx_word' id='word_1_481' title='bbox 1936 5780 2095 5849; x_wconf 80' lang='grc' dir='ltr'>δόξης</span> <span class='ocrx_word' id='word_1_482' title='bbox 2120 5780 2212 5832; x_wconf 77' lang='grc' dir='ltr'>καὶ</span> <span class='ocrx_word' id='word_1_483' title='bbox 2234 5779 2445 5851; x_wconf 84' lang='grc' dir='ltr'>τρυφῆς</span> <span class='ocrx_word' id='word_1_484' title='bbox 2464 5777 2491 5815; x_wconf 67' lang='grc' dir='ltr'>δ</span> 
     </span>
    </p>
   </div>
   <div class='ocr_carea' id='block_1_56' title="bbox 892 5957 2455 6027">
    <p class='ocr_par' dir='ltr' id='par_1_56' title="bbox 892 5957 2455 6027">
     <span class='ocr_line' id='line_1_56' title="bbox 892 5957 2455 6027; baseline 0.006 -23"><span class='ocrx_word' id='word_1_485' title='bbox 892 5957 908 6027; x_wconf 61' lang='grc' dir='ltr'><strong><em>ξ</em></strong></span> <span class='ocrx_word' id='word_1_486' title='bbox 938 5958 1180 6027; x_wconf 12' lang='grc' dir='ltr'>ηιιιοᾲιηςξ.</span> <span class='ocrx_word' id='word_1_487' title='bbox 1207 5962 1343 6009; x_wconf 78' lang='grc' dir='ltr'>πάλιν</span> <span class='ocrx_word' id='word_1_488' title='bbox 1364 5967 1699 6026; x_wconf 76' lang='grc' dir='ltr'>προσέρχηται.</span> <span class='ocrx_word' id='word_1_489' title='bbox 1732 6026 1737 6027; x_wconf 13' lang='grc' dir='ltr'>γ</span> <span class='ocrx_word' id='word_1_490' title='bbox 2110 6024 2119 6027; x_wconf 87' lang='lat'>_</span> <span class='ocrx_word' id='word_1_491' title='bbox 2240 6026 2243 6027; x_wconf 16' lang='grc' dir='ltr'><em>ν</em></span> <span class='ocrx_word' id='word_1_492' title='bbox 2404 6020 2411 6027; x_wconf 46' lang='grc'><em>,</em></span> <span class='ocrx_word' id='word_1_493' title='bbox 2452 6020 2455 6023; x_wconf 95' lang='lat'><em>_</em></span> 
     </span>
    </p>
   </div>
   <div class='ocr_carea' id='block_1_57' title="bbox 892 6020 2487 6084">
    <p class='ocr_par' dir='ltr' id='par_1_57' title="bbox 892 6020 2487 6084">
     <span class='ocr_line' id='line_1_57' title="bbox 892 6020 2487 6084; baseline -0.004 -15"><span class='ocrx_word' id='word_1_494' title='bbox 892 6020 918 6059; x_wconf 73' lang='grc' dir='ltr'>δ</span> <span class='ocrx_word' id='word_1_495' title='bbox 950 6024 1029 6069; x_wconf 66' lang='lat' dir='ltr'>Sic</span> <span class='ocrx_word' id='word_1_496' title='bbox 1052 6022 1199 6070; x_wconf 62' lang='lat' dir='ltr'><strong><em>Saxil.</em></strong></span> <span class='ocrx_word' id='word_1_497' title='bbox 1241 6031 1293 6070; x_wconf 76' lang='lat' dir='ltr'><strong><em>el</em></strong></span> <span class='ocrx_word' id='word_1_498' title='bbox 1330 6020 1501 6073; x_wconf 72' lang='lat' dir='ltr'><strong>omnes</strong></span> <span class='ocrx_word' id='word_1_499' title='bbox 1521 6020 1652 6073; x_wconf 37' lang='lat' dir='ltr'>II&#39;I‘ISS.</span> <span class='ocrx_word' id='word_1_500' title='bbox 1703 6026 1869 6072; x_wconf 55' lang='lat' dir='ltr'>Murri.</span> <span class='ocrx_word' id='word_1_501' title='bbox 1914 6037 2029 6072; x_wconf 59' lang='grc' dir='ltr'>κοτε)</span> <span class='ocrx_word' id='word_1_502' title='bbox 2050 6024 2169 6071; x_wconf 67' lang='grc' dir='ltr'>ἀλλα</span> <span class='ocrx_word' id='word_1_503' title='bbox 2190 6026 2313 6084; x_wconf 61' lang='grc' dir='ltr'>μευει</span> <span class='ocrx_word' id='word_1_504' title='bbox 2340 6020 2418 6065; x_wconf 81' lang='grc' dir='ltr'>καὶ</span> <span class='ocrx_word' id='word_1_505' title='bbox 2447 6020 2487 6064; x_wconf 62' lang='grc' dir='ltr'>ιη.</span> 
     </span>
    </p>
   </div>
   <div class='ocr_carea' id='block_1_58' title="bbox 831 6085 2487 6199">
    <p class='ocr_par' dir='ltr' id='par_1_58' title="bbox 831 6085 2487 6199">
     <span class='ocr_line' id='line_1_58' title="bbox 831 6085 2487 6199; baseline -0.017 -46"><span class='ocrx_word' id='word_1_506' title='bbox 831 6085 1082 6199; x_wconf 54' lang='grc' dir='ltr'>Υῆρᾳὶδκᾳί</span> <span class='ocrx_word' id='word_1_507' title='bbox 1104 6085 1231 6146; x_wconf 47' lang='grc' dir='ltr'>ὑμᾶς</span> <span class='ocrx_word' id='word_1_508' title='bbox 1266 6090 1347 6147; x_wconf 57' lang='grc' dir='ltr'>μὲν</span> <span class='ocrx_word' id='word_1_509' title='bbox 1375 6089 1549 6143; x_wconf 51' lang='lat' dir='ltr'>Muci:</span> <span class='ocrx_word' id='word_1_510' title='bbox 1576 6090 1653 6135; x_wconf 71' lang='grc' dir='ltr'>καὶ</span> <span class='ocrx_word' id='word_1_511' title='bbox 1681 6090 1813 6143; x_wconf 69' lang='grc' dir='ltr'>δοξης</span> <span class='ocrx_word' id='word_1_512' title='bbox 1842 6089 1917 6135; x_wconf 66' lang='grc' dir='ltr'>καὶ</span> <span class='ocrx_word' id='word_1_513' title='bbox 1956 6094 2141 6149; x_wconf 46' lang='grc' dir='ltr'>τρυφῆς,</span> <span class='ocrx_word' id='word_1_514' title='bbox 2176 6086 2344 6134; x_wconf 68' lang='lat' dir='ltr'>multis</span> <span class='ocrx_word' id='word_1_515' title='bbox 2366 6092 2487 6145; x_wconf 69' lang='lat' dir='ltr'>pra)-</span> 
     </span>
     <span class='ocr_line' id='line_1_59' title="bbox 831 6159 1085 6199; baseline -0.02 -1"><span class='ocrx_word' id='word_1_516' title='bbox 831 6163 955 6199; x_wconf 67' lang='lat' dir='ltr'>FL‘HII</span> <span class='ocrx_word' id='word_1_517' title='bbox 1001 6159 1085 6195; x_wconf 68' lang='lat' dir='ltr'>SIS.</span> 
     </span>
    </p>
   </div>
   <div class='ocr_carea' id='block_1_59' title="bbox 830 6159 1085 6199">
    <p class='ocr_par' dir='ltr' id='par_1_59' title="bbox 830 6159 1085 6199">
     <span class='ocr_line' id='line_1_60' title="bbox 830 6159 1085 6199; baseline -0.02 -1"><span class='ocrx_word' id='word_1_518' title='bbox 830 6166 896 6199; x_wconf 72' lang='lat' dir='ltr'>sc:</span> <span class='ocrx_word' id='word_1_519' title='bbox 908 6159 1085 6199; x_wconf 56' lang='lat' dir='ltr'>missus.</span> 
     </span>
    </p>
   </div>
   <div class='ocr_carea' id='block_1_60' title="bbox 2615 776 4252 857">
    <p class='ocr_par' dir='ltr' id='par_1_60' title="bbox 2615 776 4252 857">
     <span class='ocr_line' id='line_1_61' title="bbox 2615 776 4252 857; baseline -0.005 -16"><span class='ocrx_word' id='word_1_520' title='bbox 2615 776 2831 845; x_wconf 70' lang='grc' dir='ltr'>ἡλικίας</span> <span class='ocrx_word' id='word_1_521' title='bbox 2859 782 2992 851; x_wconf 79' lang='grc' dir='ltr'>πρὸς</span> <span class='ocrx_word' id='word_1_522' title='bbox 3016 782 3113 854; x_wconf 82' lang='grc' dir='ltr'>τὴν</span> <span class='ocrx_word' id='word_1_523' title='bbox 3134 786 3452 841; x_wconf 85' lang='grc' dir='ltr'>ἀπόλαυσιν·</span> <span class='ocrx_word' id='word_1_524' title='bbox 3484 785 3573 840; x_wconf 81' lang='grc' dir='ltr'>διὰ</span> <span class='ocrx_word' id='word_1_525' title='bbox 3598 785 3756 839; x_wconf 85' lang='grc' dir='ltr'>τοῦτο</span> <span class='ocrx_word' id='word_1_526' title='bbox 3781 785 3874 837; x_wconf 78' lang='grc' dir='ltr'>καὶ</span> <span class='ocrx_word' id='word_1_527' title='bbox 3903 785 4039 856; x_wconf 79' lang='grc' dir='ltr'>πρὸς</span> <span class='ocrx_word' id='word_1_528' title='bbox 4070 788 4160 857; x_wconf 78' lang='grc' dir='ltr'>τὴν</span> <span class='ocrx_word' id='word_1_529' title='bbox 4179 808 4252 843; x_wconf 78' lang='grc' dir='ltr'>τε.</span> 
     </span>
    </p>
   </div>
   <div class='ocr_carea' id='block_1_61' title="bbox 2609 870 4254 950">
    <p class='ocr_par' dir='ltr' id='par_1_61' title="bbox 2609 870 4254 950">
     <span class='ocr_line' id='line_1_62' title="bbox 2609 870 4254 950; baseline 0.008 -26"><span class='ocrx_word' id='word_1_530' title='bbox 2609 870 2803 945; x_wconf 81' lang='grc' dir='ltr'>λευτὴν</span> <span class='ocrx_word' id='word_1_531' title='bbox 2837 876 3107 948; x_wconf 89' lang='grc' dir='ltr'>φρίττετε,</span> <span class='ocrx_word' id='word_1_532' title='bbox 3156 882 3252 933; x_wconf 81' lang='grc' dir='ltr'>καὶ</span> <span class='ocrx_word' id='word_1_533' title='bbox 3282 882 3499 937; x_wconf 88' lang='grc' dir='ltr'>πάντων</span> <span class='ocrx_word' id='word_1_534' title='bbox 3544 878 3934 950; x_wconf 84' lang='grc' dir='ltr'>ἐλεεινοτέρους</span> <span class='ocrx_word' id='word_1_535' title='bbox 3967 874 4107 932; x_wconf 76' lang='grc' dir='ltr'>εἷναί</span> <span class='ocrx_word' id='word_1_536' title='bbox 4139 900 4254 948; x_wconf 73' lang='grc' dir='ltr'>φατε</span> 
     </span>
    </p>
   </div>
   <div class='ocr_carea' id='block_1_62' title="bbox 2608 973 4256 1055">
    <p class='ocr_par' dir='ltr' id='par_1_62' title="bbox 2608 973 4256 1055">
     <span class='ocr_line' id='line_1_63' title="bbox 2608 973 4256 1055; baseline 0.007 -30"><span class='ocrx_word' id='word_1_537' title='bbox 2608 973 2732 1027; x_wconf 87' lang='grc' dir='ltr'>τότε</span> <span class='ocrx_word' id='word_1_538' title='bbox 2768 976 3029 1045; x_wconf 86' lang='grc' dir='ltr'>μάλιστα,</span> <span class='ocrx_word' id='word_1_539' title='bbox 3063 976 3191 1033; x_wconf 84' lang='grc' dir='ltr'>ὅταν</span> <span class='ocrx_word' id='word_1_540' title='bbox 3233 980 3574 1055; x_wconf 86' lang='grc' dir='ltr'>εὐδοκιμῆτε.</span> <span class='ocrx_word' id='word_1_541' title='bbox 3630 982 3863 1044; x_wconf 87' lang='grc' dir='ltr'>Ἐκεῖνος</span> <span class='ocrx_word' id='word_1_542' title='bbox 3907 979 3961 1032; x_wconf 85' lang='grc' dir='ltr'>δέ</span> <span class='ocrx_word' id='word_1_543' title='bbox 3994 978 4119 1031; x_wconf 88' lang='grc' dir='ltr'>τότε</span> <span class='ocrx_word' id='word_1_544' title='bbox 4146 980 4256 1036; x_wconf 81' lang='grc' dir='ltr'>ἀνα·</span> 
     </span>
    </p>
   </div>
   <div class='ocr_carea' id='block_1_63' title="bbox 2609 1071 4256 1151">
    <p class='ocr_par' dir='ltr' id='par_1_63' title="bbox 2609 1071 4256 1151">
     <span class='ocr_line' id='line_1_64' title="bbox 2609 1071 4256 1151; baseline 0.003 -27"><span class='ocrx_word' id='word_1_545' title='bbox 2609 1071 2876 1127; x_wconf 89' lang='grc' dir='ltr'>παύσεται</span> <span class='ocrx_word' id='word_1_546' title='bbox 2903 1072 3156 1145; x_wconf 87' lang='grc' dir='ltr'>μάλιστα,</span> <span class='ocrx_word' id='word_1_547' title='bbox 3183 1074 3312 1129; x_wconf 81' lang='grc' dir='ltr'>ὅταν</span> <span class='ocrx_word' id='word_1_548' title='bbox 3334 1080 3572 1151; x_wconf 80' lang='grc' dir='ltr'>γηράσῃ.</span> <span class='ocrx_word' id='word_1_549' title='bbox 3600 1079 3695 1133; x_wconf 84' lang='grc' dir='ltr'>ἆτε</span> <span class='ocrx_word' id='word_1_550' title='bbox 3724 1079 3804 1140; x_wconf 88' lang='grc' dir='ltr'>είς</span> <span class='ocrx_word' id='word_1_551' title='bbox 3829 1075 4028 1145; x_wconf 84' lang='grc' dir='ltr'>λιμένα</span> <span class='ocrx_word' id='word_1_552' title='bbox 4059 1077 4256 1143; x_wconf 79' lang='grc' dir='ltr'>ἐπειγό‹</span> 
     </span>
    </p>
   </div>
   <div class='ocr_carea' id='block_1_64' title="bbox 2614 1168 4260 1243">
    <p class='ocr_par' dir='ltr' id='par_1_64' title="bbox 2614 1168 4260 1243">
     <span class='ocr_line' id='line_1_65' title="bbox 2614 1168 4260 1243; baseline 0.001 -24"><span class='ocrx_word' id='word_1_553' title='bbox 2614 1181 2773 1235; x_wconf 87' lang='grc' dir='ltr'>μενος</span> <span class='ocrx_word' id='word_1_554' title='bbox 2805 1168 2998 1232; x_wconf 85' lang='grc' dir='ltr'>ἐλθεῖν,</span> <span class='ocrx_word' id='word_1_555' title='bbox 3018 1170 3113 1222; x_wconf 74' lang='grc' dir='ltr'>καὶ</span> <span class='ocrx_word' id='word_1_556' title='bbox 3145 1170 3374 1239; x_wconf 89' lang='grc' dir='ltr'>νεότητα</span> <span class='ocrx_word' id='word_1_557' title='bbox 3401 1171 3498 1240; x_wconf 86' lang='grc' dir='ltr'>μὲν</span> <span class='ocrx_word' id='word_1_558' title='bbox 3525 1172 3662 1241; x_wconf 77' lang='grc' dir='ltr'>ἔχων</span> <span class='ocrx_word' id='word_1_559' title='bbox 3687 1170 3801 1243; x_wconf 78' lang='lat'>[75]</span> <span class='ocrx_word' id='word_1_560' title='bbox 3831 1172 3919 1225; x_wconf 74' lang='grc' dir='ltr'>ἀεὶ</span> <span class='ocrx_word' id='word_1_561' title='bbox 3944 1181 3967 1210; x_wconf 75' lang='grc' dir='ltr'>ε</span> <span class='ocrx_word' id='word_1_562' title='bbox 3996 1168 4260 1239; x_wconf 62' lang='grc' dir='ltr'>ἀκμάζοι).</span> 
     </span>
    </p>
   </div>
   <div class='ocr_carea' id='block_1_65' title="bbox 2612 1260 4261 1333">
    <p class='ocr_par' dir='ltr' id='par_1_65' title="bbox 2612 1260 4261 1333">
     <span class='ocr_line' id='line_1_66' title="bbox 2612 1260 4261 1333; baseline 0.002 -22"><span class='ocrx_word' id='word_1_563' title='bbox 2612 1273 2733 1323; x_wconf 85' lang='grc' dir='ltr'>σαν,</span> <span class='ocrx_word' id='word_1_564' title='bbox 2766 1262 2847 1323; x_wconf 86' lang='grc' dir='ltr'>είς</span> <span class='ocrx_word' id='word_1_565' title='bbox 2866 1262 3039 1332; x_wconf 89' lang='grc' dir='ltr'>γῆρας</span> <span class='ocrx_word' id='word_1_566' title='bbox 3076 1260 3131 1313; x_wconf 82' lang='grc' dir='ltr'>δὲ</span> <span class='ocrx_word' id='word_1_567' title='bbox 3162 1261 3422 1315; x_wconf 86' lang='grc' dir='ltr'>οὐδέποτε</span> <span class='ocrx_word' id='word_1_568' title='bbox 3457 1263 3803 1331; x_wconf 88' lang='grc' dir='ltr'>ἐπείγουσαν.</span> <span class='ocrx_word' id='word_1_569' title='bbox 3836 1266 3909 1318; x_wconf 83' lang='grc' dir='ltr'>Σὺ</span> <span class='ocrx_word' id='word_1_570' title='bbox 3930 1265 3991 1318; x_wconf 86' lang='grc' dir='ltr'>δὲ</span> <span class='ocrx_word' id='word_1_571' title='bbox 4028 1262 4261 1333; x_wconf 79' lang='grc' dir='ltr'>τοιαύτην</span> 
     </span>
    </p>
   </div>
   <div class='ocr_carea' id='block_1_66' title="bbox 2610 1356 4263 1432">
    <p class='ocr_par' dir='ltr' id='par_1_66' title="bbox 2610 1356 4263 1432">
     <span class='ocr_line' id='line_1_67' title="bbox 2610 1356 4263 1432; baseline 0.005 -25"><span class='ocrx_word' id='word_1_572' title='bbox 2610 1356 2821 1428; x_wconf 81' lang='grc' dir='ltr'>τρυφὴν</span> <span class='ocrx_word' id='word_1_573' title='bbox 2851 1358 2943 1411; x_wconf 84' lang='grc' dir='ltr'>τὸν</span> <span class='ocrx_word' id='word_1_574' title='bbox 2972 1358 3084 1411; x_wconf 80' lang='grc' dir='ltr'>υἱὸν</span> <span class='ocrx_word' id='word_1_575' title='bbox 3127 1357 3347 1411; x_wconf 87' lang='grc' dir='ltr'>ἐϐούλου</span> <span class='ocrx_word' id='word_1_576' title='bbox 3388 1360 3621 1429; x_wconf 82' lang='grc' dir='ltr'>τρυφᾷν,</span> <span class='ocrx_word' id='word_1_577' title='bbox 3656 1360 3725 1412; x_wconf 82' lang='grc' dir='ltr'>δι’</span> <span class='ocrx_word' id='word_1_578' title='bbox 3771 1361 3837 1432; x_wconf 87' lang='grc' dir='ltr'>ἡν</span> <span class='ocrx_word' id='word_1_579' title='bbox 3890 1361 3957 1416; x_wconf 81' lang='grc' dir='ltr'>ἂν</span> <span class='ocrx_word' id='word_1_580' title='bbox 3985 1363 4263 1432; x_wconf 74' lang='grc' dir='ltr'>μετενόησε</span> 
     </span>
    </p>
   </div>
   <div class='ocr_carea' id='block_1_67' title="bbox 2614 1452 4263 1527">
    <p class='ocr_par' dir='ltr' id='par_1_67' title="bbox 2614 1452 4263 1527">
     <span class='ocr_line' id='line_1_68' title="bbox 2614 1452 4263 1527; baseline 0.006 -25"><span class='ocrx_word' id='word_1_581' title='bbox 2614 1452 2894 1521; x_wconf 87' lang='grc' dir='ltr'>μυριάκις,</span> <span class='ocrx_word' id='word_1_582' title='bbox 2925 1452 3020 1506; x_wconf 77' lang='grc' dir='ltr'>καὶ</span> <span class='ocrx_word' id='word_1_583' title='bbox 3063 1454 3301 1523; x_wconf 74' lang='grc' dir='ltr'>ἤλγησεν</span> <span class='ocrx_word' id='word_1_584' title='bbox 3354 1454 3413 1506; x_wconf 86' lang='grc' dir='ltr'>ἐν</span> <span class='ocrx_word' id='word_1_585' title='bbox 3441 1455 3589 1523; x_wconf 77' lang='grc' dir='ltr'>γήρᾳ</span> <span class='ocrx_word' id='word_1_586' title='bbox 3635 1455 3943 1525; x_wconf 85' lang='grc' dir='ltr'>γενόμενος.</span> <span class='ocrx_word' id='word_1_587' title='bbox 4000 1456 4161 1511; x_wconf 56' lang='lat' dir='ltr'>nam</span> <span class='ocrx_word' id='word_1_588' title='bbox 4198 1456 4263 1527; x_wconf 75' lang='grc' dir='ltr'>μὴ</span> 
     </span>
    </p>
   </div>
   <div class='ocr_carea' id='block_1_68' title="bbox 2610 1545 4266 1622">
    <p class='ocr_par' dir='ltr' id='par_1_68' title="bbox 2610 1545 4266 1622">
     <span class='ocr_line' id='line_1_69' title="bbox 2610 1545 4266 1622; baseline 0.004 -25"><span class='ocrx_word' id='word_1_589' title='bbox 2610 1545 2819 1612; x_wconf 88' lang='grc' dir='ltr'>γένοιτο</span> <span class='ocrx_word' id='word_1_590' title='bbox 2878 1548 3011 1619; x_wconf 86' lang='grc' dir='ltr'>μηδὲ</span> <span class='ocrx_word' id='word_1_591' title='bbox 3035 1549 3161 1611; x_wconf 84' lang='grc' dir='ltr'>τούς</span> <span class='ocrx_word' id='word_1_592' title='bbox 3182 1547 3409 1619; x_wconf 80' lang='grc' dir='ltr'>ἐχθροὺς</span> <span class='ocrx_word' id='word_1_593' title='bbox 3431 1549 3557 1611; x_wconf 80' lang='grc' dir='ltr'>τοὺς</span> <span class='ocrx_word' id='word_1_594' title='bbox 3585 1548 3884 1621; x_wconf 86' lang='grc' dir='ltr'>ὑμετέρους</span> <span class='ocrx_word' id='word_1_595' title='bbox 3910 1553 4141 1605; x_wconf 84' lang='grc' dir='ltr'>τοιαῦτα</span> <span class='ocrx_word' id='word_1_596' title='bbox 4160 1569 4266 1622; x_wconf 82' lang='grc' dir='ltr'>τρυ-</span> 
     </span>
    </p>
   </div>
   <div class='ocr_carea' id='block_1_69' title="bbox 2611 1638 4266 1718">
    <p class='ocr_par' dir='ltr' id='par_1_69' title="bbox 2611 1638 4266 1718">
     <span class='ocr_line' id='line_1_70' title="bbox 2611 1638 4266 1718; baseline 0.004 -26"><span class='ocrx_word' id='word_1_597' title='bbox 2611 1638 2782 1709; x_wconf 89' lang='grc' dir='ltr'>φῆσαί</span> <span class='ocrx_word' id='word_1_598' title='bbox 2815 1660 2967 1699; x_wconf 90' lang='grc' dir='ltr'>ποτε.</span> <span class='ocrx_word' id='word_1_599' title='bbox 3007 1644 3115 1696; x_wconf 85' lang='lat' dir='ltr'>Kal</span> <span class='ocrx_word' id='word_1_600' title='bbox 3142 1642 3195 1696; x_wconf 92' lang='grc' dir='ltr'>τί</span> <span class='ocrx_word' id='word_1_601' title='bbox 3229 1642 3373 1712; x_wconf 91' lang='grc' dir='ltr'>λέγω</span> <span class='ocrx_word' id='word_1_602' title='bbox 3394 1643 3455 1697; x_wconf 83' lang='grc' dir='ltr'>τὸ</span> <span class='ocrx_word' id='word_1_603' title='bbox 3483 1644 3693 1715; x_wconf 77' lang='grc' dir='ltr'>γῆραςς</span> <span class='ocrx_word' id='word_1_604' title='bbox 3720 1644 3779 1697; x_wconf 80' lang='grc' dir='ltr'>ἐν</span> <span class='ocrx_word' id='word_1_605' title='bbox 3810 1645 3919 1715; x_wconf 91' lang='grc' dir='ltr'>γάρ</span> <span class='ocrx_word' id='word_1_606' title='bbox 3950 1646 4139 1717; x_wconf 68' lang='grc' dir='ltr'>ἡμέρᾳ</span> <span class='ocrx_word' id='word_1_607' title='bbox 4184 1648 4266 1718; x_wconf 71' lang='grc' dir='ltr'>μιᾷ</span> 
     </span>
    </p>
   </div>
   <div class='ocr_carea' id='block_1_70' title="bbox 2611 1733 4264 1811">
    <p class='ocr_par' dir='ltr' id='par_1_70' title="bbox 2611 1733 4264 1811">
     <span class='ocr_line' id='line_1_71' title="bbox 2611 1733 4264 1811; baseline 0.004 -26"><span class='ocrx_word' id='word_1_608' title='bbox 2611 1733 2895 1791; x_wconf 87' lang='grc' dir='ltr'>σϐέννυται</span> <span class='ocrx_word' id='word_1_609' title='bbox 2910 1738 2978 1791; x_wconf 90' lang='grc' dir='ltr'>τά</span> <span class='ocrx_word' id='word_1_610' title='bbox 2995 1738 3091 1808; x_wconf 89' lang='grc' dir='ltr'>τῆς</span> <span class='ocrx_word' id='word_1_611' title='bbox 3110 1738 3302 1809; x_wconf 88' lang='grc' dir='ltr'>ἡδονῆς</span> <span class='ocrx_word' id='word_1_612' title='bbox 3326 1739 3561 1810; x_wconf 87' lang='grc' dir='ltr'>ἐκείνης·</span> <span class='ocrx_word' id='word_1_613' title='bbox 3584 1739 3783 1811; x_wconf 80' lang='grc' dir='ltr'>μᾶλλον</span> <span class='ocrx_word' id='word_1_614' title='bbox 3802 1739 3859 1793; x_wconf 83' lang='grc' dir='ltr'>δὲ</span> <span class='ocrx_word' id='word_1_615' title='bbox 3875 1740 3974 1793; x_wconf 91' lang='grc' dir='ltr'>οὐκ</span> <span class='ocrx_word' id='word_1_616' title='bbox 3996 1742 4056 1794; x_wconf 89' lang='grc' dir='ltr'>ἐν</span> <span class='ocrx_word' id='word_1_617' title='bbox 4077 1741 4264 1811; x_wconf 67' lang='grc' dir='ltr'>ἡμέρᾳ,</span> 
     </span>
    </p>
   </div>
   <div class='ocr_carea' id='block_1_71' title="bbox 2608 1829 4266 1907">
    <p class='ocr_par' dir='ltr' id='par_1_71' title="bbox 2608 1829 4266 1907">
     <span class='ocr_line' id='line_1_72' title="bbox 2608 1829 4266 1907; baseline 0.007 -28"><span class='ocrx_word' id='word_1_618' title='bbox 2608 1829 2729 1882; x_wconf 83' lang='grc' dir='ltr'>οὐδὲ</span> <span class='ocrx_word' id='word_1_619' title='bbox 2757 1832 2815 1884; x_wconf 89' lang='grc' dir='ltr'>ἐν</span> <span class='ocrx_word' id='word_1_620' title='bbox 2841 1832 2980 1902; x_wconf 80' lang='grc' dir='ltr'>ὥρᾳ,</span> <span class='ocrx_word' id='word_1_621' title='bbox 3010 1832 3145 1886; x_wconf 85' lang='grc' dir='ltr'>ἀλλά</span> <span class='ocrx_word' id='word_1_622' title='bbox 3182 1834 3274 1887; x_wconf 76' lang='grc' dir='ltr'>καὶ</span> <span class='ocrx_word' id='word_1_623' title='bbox 3306 1835 3363 1886; x_wconf 87' lang='grc' dir='ltr'>ἐν</span> <span class='ocrx_word' id='word_1_624' title='bbox 3390 1837 3561 1907; x_wconf 79' lang='grc' dir='ltr'>μικρᾷ</span> <span class='ocrx_word' id='word_1_625' title='bbox 3592 1836 3685 1889; x_wconf 85' lang='lat' dir='ltr'><strong><em>.:al</em></strong></span> <span class='ocrx_word' id='word_1_626' title='bbox 3714 1835 3980 1907; x_wconf 77' lang='grc' dir='ltr'>άκαριαίᾳ</span> <span class='ocrx_word' id='word_1_627' title='bbox 4018 1838 4180 1906; x_wconf 75' lang='grc' dir='ltr'>ῥοπῇ.</span> <span class='ocrx_word' id='word_1_628' title='bbox 4211 1838 4266 1890; x_wconf 82' lang='grc' dir='ltr'>Τί</span> 
     </span>
    </p>
   </div>
   <div class='ocr_carea' id='block_1_72' title="bbox 2608 1923 4267 2000">
    <p class='ocr_par' dir='ltr' id='par_1_72' title="bbox 2608 1923 4267 2000">
     <span class='ocr_line' id='line_1_73' title="bbox 2608 1923 4267 2000; baseline 0.004 -25"><span class='ocrx_word' id='word_1_629' title='bbox 2608 1923 2718 1993; x_wconf 88' lang='grc' dir='ltr'>γάρ</span> <span class='ocrx_word' id='word_1_630' title='bbox 2748 1924 2893 1979; x_wconf 84' lang='grc' dir='ltr'>ἐστιν</span> <span class='ocrx_word' id='word_1_631' title='bbox 2922 1926 3116 1997; x_wconf 85' lang='grc' dir='ltr'>ἡδονή;</span> <span class='ocrx_word' id='word_1_632' title='bbox 3151 1928 3212 1979; x_wconf 90' lang='grc' dir='ltr'>οὐ</span> <span class='ocrx_word' id='word_1_633' title='bbox 3256 1928 3317 1982; x_wconf 78' lang='grc' dir='ltr'>τὸ</span> <span class='ocrx_word' id='word_1_634' title='bbox 3357 1930 3765 2000; x_wconf 85' lang='grc' dir='ltr'>γαστρίζεσθαι,</span> <span class='ocrx_word' id='word_1_635' title='bbox 3798 1931 3892 1982; x_wconf 75' lang='grc' dir='ltr'>καὶ</span> <span class='ocrx_word' id='word_1_636' title='bbox 3926 1929 4267 2000; x_wconf 78' lang='grc' dir='ltr'>συϐαριτικάς</span> 
     </span>
    </p>
   </div>
   <div class='ocr_carea' id='block_1_73' title="bbox 2612 2019 4266 2093">
    <p class='ocr_par' dir='ltr' id='par_1_73' title="bbox 2612 2019 4266 2093">
     <span class='ocr_line' id='line_1_74' title="bbox 2612 2019 4266 2093; baseline 0.002 -24"><span class='ocrx_word' id='word_1_637' title='bbox 2612 2019 3012 2088; x_wconf 87' lang='grc' dir='ltr'>παρατίθεσθαι</span> <span class='ocrx_word' id='word_1_638' title='bbox 3035 2021 3336 2091; x_wconf 80' lang='grc' dir='ltr'>τραπέζας,</span> <span class='ocrx_word' id='word_1_639' title='bbox 3370 2025 3463 2078; x_wconf 73' lang='grc' dir='ltr'>καὶ</span> <span class='ocrx_word' id='word_1_640' title='bbox 3491 2023 3737 2092; x_wconf 73' lang='grc' dir='ltr'>γυναιξὶν</span> <span class='ocrx_word' id='word_1_641' title='bbox 3757 2022 3993 2093; x_wconf 83' lang='grc' dir='ltr'>ὡραίαις</span> <span class='ocrx_word' id='word_1_642' title='bbox 4026 2022 4266 2089; x_wconf 75' lang='grc' dir='ltr'>συγγίνε·</span> 
     </span>
    </p>
   </div>
   <div class='ocr_carea' id='block_1_74' title="bbox 2611 2112 4267 2187">
    <p class='ocr_par' dir='ltr' id='par_1_74' title="bbox 2611 2112 4267 2187">
     <span class='ocr_line' id='line_1_75' title="bbox 2611 2112 4267 2187; baseline 0.002 -23"><span class='ocrx_word' id='word_1_643' title='bbox 2611 2112 2734 2165; x_wconf 84' lang='grc' dir='ltr'>σθαι</span> <span class='ocrx_word' id='word_1_644' title='bbox 2798 2113 3047 2185; x_wconf 87' lang='grc' dir='ltr'>καθάπερ</span> <span class='ocrx_word' id='word_1_645' title='bbox 3108 2116 3262 2180; x_wconf 82' lang='grc' dir='ltr'>τινάς</span> <span class='ocrx_word' id='word_1_646' title='bbox 3316 2118 3533 2187; x_wconf 81' lang='grc' dir='ltr'>χοίρους</span> <span class='ocrx_word' id='word_1_647' title='bbox 3584 2118 3643 2170; x_wconf 89' lang='grc' dir='ltr'>ἐν</span> <span class='ocrx_word' id='word_1_648' title='bbox 3699 2115 3946 2185; x_wconf 84' lang='grc' dir='ltr'>βορϐόρῳ</span> <span class='ocrx_word' id='word_1_649' title='bbox 4002 2114 4267 2167; x_wconf 72' lang='grc' dir='ltr'>κυλινδωο</span> 
     </span>
    </p>
   </div>
   <div class='ocr_carea' id='block_1_75' title="bbox 2612 2208 2839 2276">
    <p class='ocr_par' dir='ltr' id='par_1_75' title="bbox 2612 2208 2839 2276">
     <span class='ocr_line' id='line_1_76' title="bbox 2612 2208 2839 2276; baseline 0 -17"><span class='ocrx_word' id='word_1_650' title='bbox 2612 2208 2809 2276; x_wconf 88' lang='grc' dir='ltr'>μένους</span> <span class='ocrx_word' id='word_1_651' title='bbox 2824 2226 2839 2273; x_wconf 87' lang='grc'><strong>;</strong></span> 
     </span>
    </p>
   </div>
   <div class='ocr_carea' id='block_1_76' title="bbox 2682 2311 4268 2385">
    <p class='ocr_par' dir='ltr' id='par_1_76' title="bbox 2682 2311 4268 2385">
     <span class='ocr_line' id='line_1_77' title="bbox 2682 2311 4268 2385; baseline 0.001 -20"><span class='ocrx_word' id='word_1_652' title='bbox 2682 2319 2734 2365; x_wconf 89' lang='grc' dir='ltr'>ι’.</span> <span class='ocrx_word' id='word_1_653' title='bbox 2772 2312 2932 2365; x_wconf 85' lang='grc' dir='ltr'>Ἀλλά</span> <span class='ocrx_word' id='word_1_654' title='bbox 2956 2311 3065 2385; x_wconf 84' lang='grc' dir='ltr'>γὰρ</span> <span class='ocrx_word' id='word_1_655' title='bbox 3102 2315 3269 2384; x_wconf 77' lang='grc' dir='ltr'>μήπω</span> <span class='ocrx_word' id='word_1_656' title='bbox 3300 2313 3476 2367; x_wconf 88' lang='grc' dir='ltr'>τοῦτο·</span> <span class='ocrx_word' id='word_1_657' title='bbox 3498 2312 3595 2383; x_wconf 80' lang='grc' dir='ltr'>τὴν</span> <span class='ocrx_word' id='word_1_658' title='bbox 3625 2313 3684 2366; x_wconf 79' lang='grc' dir='ltr'>δὲ</span> <span class='ocrx_word' id='word_1_659' title='bbox 3717 2312 3910 2384; x_wconf 78' lang='grc' dir='ltr'>ἡδονὴν</span> <span class='ocrx_word' id='word_1_660' title='bbox 3934 2312 4268 2383; x_wconf 74' lang='grc' dir='ltr'>ἐξετάσωμεν</span> 
     </span>
    </p>
   </div>
   <div class='ocr_carea' id='block_1_77' title="bbox 2606 2409 4265 2483">
    <p class='ocr_par' dir='ltr' id='par_1_77' title="bbox 2606 2409 4265 2483">
     <span class='ocr_line' id='line_1_78' title="bbox 2606 2409 4265 2483; baseline 0.001 -20"><span class='ocrx_word' id='word_1_661' title='bbox 2606 2410 2766 2475; x_wconf 87' lang='grc' dir='ltr'>τέως,</span> <span class='ocrx_word' id='word_1_662' title='bbox 2788 2413 2837 2464; x_wconf 85' lang='grc' dir='ltr'>εί</span> <span class='ocrx_word' id='word_1_663' title='bbox 2866 2411 2941 2483; x_wconf 80' lang='grc' dir='ltr'>μὴ</span> <span class='ocrx_word' id='word_1_664' title='bbox 2965 2411 3149 2482; x_wconf 82' lang='grc' dir='ltr'>ψυχρά</span> <span class='ocrx_word' id='word_1_665' title='bbox 3178 2412 3261 2475; x_wconf 91' lang='grc' dir='ltr'>τίς</span> <span class='ocrx_word' id='word_1_666' title='bbox 3299 2414 3413 2464; x_wconf 87' lang='grc' dir='ltr'>ἐστι</span> <span class='ocrx_word' id='word_1_667' title='bbox 3441 2412 3537 2463; x_wconf 76' lang='grc' dir='ltr'>καῖ</span> <span class='ocrx_word' id='word_1_668' title='bbox 3572 2409 3795 2479; x_wconf 81' lang='grc' dir='ltr'>εὐτελὴς</span> <span class='ocrx_word' id='word_1_669' title='bbox 3816 2449 3831 2473; x_wconf 93' lang='grc'>,</span> <span class='ocrx_word' id='word_1_670' title='bbox 3866 2411 3960 2463; x_wconf 81' lang='grc' dir='ltr'>καὶ</span> <span class='ocrx_word' id='word_1_671' title='bbox 3995 2414 4045 2463; x_wconf 86' lang='grc' dir='ltr'>εί</span> <span class='ocrx_word' id='word_1_672' title='bbox 4084 2410 4265 2480; x_wconf 75' lang='grc' dir='ltr'>βούλει,</span> 
     </span>
    </p>
   </div>
   <div class='ocr_carea' id='block_1_78' title="bbox 2608 2502 4269 2578">
    <p class='ocr_par' dir='ltr' id='par_1_78' title="bbox 2608 2502 4269 2578">
     <span class='ocr_line' id='line_1_79' title="bbox 2608 2502 4269 2578; baseline 0.001 -21"><span class='ocrx_word' id='word_1_673' title='bbox 2608 2504 2831 2576; x_wconf 89' lang='grc' dir='ltr'>πρώτην</span> <span class='ocrx_word' id='word_1_674' title='bbox 2846 2504 2873 2544; x_wconf 74' lang='grc' dir='ltr'>ει</span> <span class='ocrx_word' id='word_1_675' title='bbox 2898 2506 2993 2576; x_wconf 83' lang='grc' dir='ltr'>τὴν</span> <span class='ocrx_word' id='word_1_676' title='bbox 3022 2507 3155 2577; x_wconf 86' lang='grc' dir='ltr'>ἡδίω</span> <span class='ocrx_word' id='word_1_677' title='bbox 3175 2506 3434 2559; x_wconf 89' lang='grc' dir='ltr'>δοκοῦσαν</span> <span class='ocrx_word' id='word_1_678' title='bbox 3460 2502 3598 2560; x_wconf 74' lang='grc' dir='ltr'>εἶναι</span> <span class='ocrx_word' id='word_1_679' title='bbox 3619 2507 3718 2576; x_wconf 80' lang='grc' dir='ltr'>τὴν</span> <span class='ocrx_word' id='word_1_680' title='bbox 3737 2507 3836 2576; x_wconf 91' lang='grc' dir='ltr'>τῆς</span> <span class='ocrx_word' id='word_1_681' title='bbox 3849 2508 4089 2578; x_wconf 85' lang='grc' dir='ltr'>τρυφῆς.</span> <span class='ocrx_word' id='word_1_682' title='bbox 4106 2508 4269 2572; x_wconf 75' lang='grc' dir='ltr'>Δεῖξον</span> 
     </span>
    </p>
   </div>
   <div class='ocr_carea' id='block_1_79' title="bbox 2605 2593 4268 2671">
    <p class='ocr_par' dir='ltr' id='par_1_79' title="bbox 2605 2593 4268 2671">
     <span class='ocr_line' id='line_1_80' title="bbox 2605 2593 4268 2671; baseline 0.004 -22"><span class='ocrx_word' id='word_1_683' title='bbox 2605 2593 2701 2650; x_wconf 81' lang='grc' dir='ltr'>οὖν</span> <span class='ocrx_word' id='word_1_684' title='bbox 2723 2614 2813 2667; x_wconf 89' lang='grc' dir='ltr'>μοι</span> <span class='ocrx_word' id='word_1_685' title='bbox 2824 2598 2913 2651; x_wconf 87' lang='grc' dir='ltr'>τὸν</span> <span class='ocrx_word' id='word_1_686' title='bbox 2928 2600 3131 2668; x_wconf 89' lang='grc' dir='ltr'>ταύτης</span> <span class='ocrx_word' id='word_1_687' title='bbox 3145 2600 3354 2670; x_wconf 85' lang='grc' dir='ltr'>καιρὸν,</span> <span class='ocrx_word' id='word_1_688' title='bbox 3373 2600 3465 2652; x_wconf 75' lang='grc' dir='ltr'>καὶ</span> <span class='ocrx_word' id='word_1_689' title='bbox 3479 2599 3642 2653; x_wconf 73' lang='grc' dir='ltr'>πόσον</span> <span class='ocrx_word' id='word_1_690' title='bbox 3659 2600 3908 2669; x_wconf 87' lang='grc' dir='ltr'>κατέχειν</span> <span class='ocrx_word' id='word_1_691' title='bbox 3922 2602 4073 2671; x_wconf 79' lang='grc' dir='ltr'>ὑμᾶς</span> <span class='ocrx_word' id='word_1_692' title='bbox 4082 2602 4268 2655; x_wconf 83' lang='grc' dir='ltr'>δύναιτ’</span> 
     </span>
    </p>
   </div>
   <div class='ocr_carea' id='block_1_80' title="bbox 2604 2690 4269 2765">
    <p class='ocr_par' dir='ltr' id='par_1_80' title="bbox 2604 2690 4269 2765">
     <span class='ocr_line' id='line_1_81' title="bbox 2604 2690 4269 2765; baseline 0.004 -23"><span class='ocrx_word' id='word_1_693' title='bbox 2604 2690 2671 2743; x_wconf 83' lang='grc' dir='ltr'>ἂν</span> <span class='ocrx_word' id='word_1_694' title='bbox 2715 2692 2879 2763; x_wconf 89' lang='grc' dir='ltr'>μέρος</span> <span class='ocrx_word' id='word_1_695' title='bbox 2909 2692 3153 2763; x_wconf 86' lang='grc' dir='ltr'>ἡμέρας;</span> <span class='ocrx_word' id='word_1_696' title='bbox 3199 2694 3472 2755; x_wconf 90' lang='grc' dir='ltr'>τοσοῦτον,</span> <span class='ocrx_word' id='word_1_697' title='bbox 3517 2694 3638 2747; x_wconf 73' lang='grc' dir='ltr'>ὅσον</span> <span class='ocrx_word' id='word_1_698' title='bbox 3666 2694 3783 2746; x_wconf 84' lang='grc' dir='ltr'>οὐδὲ</span> <span class='ocrx_word' id='word_1_699' title='bbox 3815 2695 4050 2765; x_wconf 81' lang='grc' dir='ltr'>ὀφθῆναι</span> <span class='ocrx_word' id='word_1_700' title='bbox 4084 2696 4269 2759; x_wconf 81' lang='grc' dir='ltr'>καλῶς.</span> 
     </span>
    </p>
   </div>
   <div class='ocr_carea' id='block_1_81' title="bbox 2606 2786 4268 2861">
    <p class='ocr_par' dir='ltr' id='par_1_81' title="bbox 2606 2786 4268 2861">
     <span class='ocr_line' id='line_1_82' title="bbox 2606 2786 4268 2861; baseline 0.003 -22"><span class='ocrx_word' id='word_1_701' title='bbox 2606 2786 2759 2857; x_wconf 83' lang='grc' dir='ltr'>Ἀμα</span> <span class='ocrx_word' id='word_1_702' title='bbox 2788 2803 2849 2839; x_wconf 89' lang='grc' dir='ltr'>τε</span> <span class='ocrx_word' id='word_1_703' title='bbox 2904 2788 3011 2857; x_wconf 87' lang='grc' dir='ltr'>γὰρ</span> <span class='ocrx_word' id='word_1_704' title='bbox 3045 2788 3351 2860; x_wconf 79' lang='grc' dir='ltr'>ἐνεπλήσθη</span> <span class='ocrx_word' id='word_1_705' title='bbox 3399 2806 3517 2854; x_wconf 89' lang='grc' dir='ltr'>τις,</span> <span class='ocrx_word' id='word_1_706' title='bbox 3559 2790 3653 2843; x_wconf 80' lang='grc' dir='ltr'>καὶ</span> <span class='ocrx_word' id='word_1_707' title='bbox 3683 2790 3780 2861; x_wconf 82' lang='grc' dir='ltr'>τὴν</span> <span class='ocrx_word' id='word_1_708' title='bbox 3824 2791 4019 2861; x_wconf 77' lang='grc' dir='ltr'>ἡδονὴν</span> <span class='ocrx_word' id='word_1_709' title='bbox 4059 2790 4268 2857; x_wconf 75' lang='grc' dir='ltr'>ἔσϐεσε,</span> 
     </span>
    </p>
   </div>
   <div class='ocr_carea' id='block_1_82' title="bbox 2606 2880 4268 2955">
    <p class='ocr_par' dir='ltr' id='par_1_82' title="bbox 2606 2880 4268 2955">
     <span class='ocr_line' id='line_1_83' title="bbox 2606 2880 4268 2955; baseline 0.003 -22"><span class='ocrx_word' id='word_1_710' title='bbox 2606 2881 2698 2933; x_wconf 78' lang='grc' dir='ltr'>καὶ</span> <span class='ocrx_word' id='word_1_711' title='bbox 2720 2880 2827 2952; x_wconf 85' lang='grc' dir='ltr'>πρὸ</span> <span class='ocrx_word' id='word_1_712' title='bbox 2856 2881 2956 2952; x_wconf 89' lang='grc' dir='ltr'>τῆς</span> <span class='ocrx_word' id='word_1_713' title='bbox 2977 2882 3294 2954; x_wconf 88' lang='grc' dir='ltr'>πλησμονῆς</span> <span class='ocrx_word' id='word_1_714' title='bbox 3317 2882 3373 2937; x_wconf 81' lang='grc' dir='ltr'>δὲ</span> <span class='ocrx_word' id='word_1_715' title='bbox 3397 2882 3667 2953; x_wconf 78' lang='grc' dir='ltr'>ῥεύματος</span> <span class='ocrx_word' id='word_1_716' title='bbox 3696 2883 3888 2937; x_wconf 82' lang='grc' dir='ltr'>θᾶττον</span> <span class='ocrx_word' id='word_1_717' title='bbox 3915 2888 4268 2955; x_wconf 82' lang='grc' dir='ltr'>παρέρχεται,</span> 
     </span>
    </p>
   </div>
   <div class='ocr_carea' id='block_1_83' title="bbox 2608 2976 4270 3048">
    <p class='ocr_par' dir='ltr' id='par_1_83' title="bbox 2608 2976 4270 3048">
     <span class='ocr_line' id='line_1_84' title="bbox 2608 2976 4270 3048; baseline 0.001 -19"><span class='ocrx_word' id='word_1_718' title='bbox 2608 2976 2741 3046; x_wconf 79' lang='grc' dir='ltr'>πρὸς</span> <span class='ocrx_word' id='word_1_719' title='bbox 2769 2976 2933 3029; x_wconf 75' lang='grc' dir='ltr'>αὐτὸν</span> <span class='ocrx_word' id='word_1_720' title='bbox 2956 2978 3330 3048; x_wconf 83' lang='grc' dir='ltr'>ἀφανιζομένη</span> <span class='ocrx_word' id='word_1_721' title='bbox 3349 2978 3439 3031; x_wconf 82' lang='grc' dir='ltr'>τὸν</span> <span class='ocrx_word' id='word_1_722' title='bbox 3463 2977 3679 3047; x_wconf 83' lang='grc' dir='ltr'>λαιμὸν,</span> <span class='ocrx_word' id='word_1_723' title='bbox 3703 2977 3798 3029; x_wconf 72' lang='grc' dir='ltr'>καὶ</span> <span class='ocrx_word' id='word_1_724' title='bbox 3820 2977 3938 3030; x_wconf 84' lang='grc' dir='ltr'>οὐδὲ</span> <span class='ocrx_word' id='word_1_725' title='bbox 3958 2980 4076 3040; x_wconf 88' lang='grc' dir='ltr'>τοῖς</span> <span class='ocrx_word' id='word_1_726' title='bbox 4100 2981 4270 3042; x_wconf 78' lang='grc' dir='ltr'>σιτίοις</span> 
     </span>
    </p>
   </div>
   <div class='ocr_carea' id='block_1_84' title="bbox 2606 3068 4271 3145">
    <p class='ocr_par' dir='ltr' id='par_1_84' title="bbox 2606 3068 4271 3145">
     <span class='ocr_line' id='line_1_85' title="bbox 2606 3068 4271 3145; baseline 0.001 -22"><span class='ocrx_word' id='word_1_727' title='bbox 2606 3068 2853 3140; x_wconf 88' lang='grc' dir='ltr'>ἀρκοῦσα</span> <span class='ocrx_word' id='word_1_728' title='bbox 2883 3070 3267 3138; x_wconf 85' lang='grc' dir='ltr'>συγκατελθεῖν</span> <span class='ocrx_word' id='word_1_729' title='bbox 3286 3088 3299 3100; x_wconf 90' lang='grc'><strong>·</strong></span> <span class='ocrx_word' id='word_1_730' title='bbox 3330 3070 3465 3141; x_wconf 78' lang='grc' dir='ltr'>ὁμοῦ</span> <span class='ocrx_word' id='word_1_731' title='bbox 3492 3090 3549 3125; x_wconf 88' lang='grc' dir='ltr'>τε</span> <span class='ocrx_word' id='word_1_732' title='bbox 3576 3072 3683 3143; x_wconf 76' lang='grc' dir='ltr'>γὰρ</span> <span class='ocrx_word' id='word_1_733' title='bbox 3712 3072 3953 3143; x_wconf 78' lang='grc' dir='ltr'>παρῆλθε</span> <span class='ocrx_word' id='word_1_734' title='bbox 3980 3072 4087 3145; x_wconf 78' lang='grc' dir='ltr'>τὴν</span> <span class='ocrx_word' id='word_1_735' title='bbox 4116 3073 4271 3142; x_wconf 75' lang='grc' dir='ltr'>γλῶτο</span> 
     </span>
    </p>
   </div>
   <div class='ocr_carea' id='block_1_85' title="bbox 2605 3164 4271 3238">
    <p class='ocr_par' dir='ltr' id='par_1_85' title="bbox 2605 3164 4271 3238">
     <span class='ocr_line' id='line_1_86' title="bbox 2605 3164 4271 3238; baseline 0.003 -21"><span class='ocrx_word' id='word_1_736' title='bbox 2605 3180 2739 3229; x_wconf 89' lang='grc' dir='ltr'>ταν,</span> <span class='ocrx_word' id='word_1_737' title='bbox 2791 3164 2886 3219; x_wconf 76' lang='grc' dir='ltr'>καὶ</span> <span class='ocrx_word' id='word_1_738' title='bbox 2916 3166 3285 3233; x_wconf 85' lang='grc' dir='ltr'>συγκατέλυσε</span> <span class='ocrx_word' id='word_1_739' title='bbox 3310 3167 3409 3238; x_wconf 83' lang='grc' dir='ltr'>τὴν</span> <span class='ocrx_word' id='word_1_740' title='bbox 3452 3166 3623 3237; x_wconf 85' lang='grc' dir='ltr'>ίσχύν.</span> <span class='ocrx_word' id='word_1_741' title='bbox 3655 3168 3766 3220; x_wconf 89' lang='lat' dir='ltr'>Kal</span> <span class='ocrx_word' id='word_1_742' title='bbox 3811 3168 3999 3220; x_wconf 80' lang='grc' dir='ltr'>σιωπῶ</span> <span class='ocrx_word' id='word_1_743' title='bbox 4033 3168 4104 3221; x_wconf 80' lang='grc' dir='ltr'>τά</span> <span class='ocrx_word' id='word_1_744' title='bbox 4128 3168 4271 3222; x_wconf 63' lang='lat' dir='ltr'>ma</span> 
     </span>
    </p>
   </div>
   <div class='ocr_carea' id='block_1_86' title="bbox 2607 3257 4269 3333">
    <p class='ocr_par' dir='ltr' id='par_1_86' title="bbox 2607 3257 4269 3333">
     <span class='ocr_line' id='line_1_87' title="bbox 2607 3257 4269 3333; baseline 0.002 -23"><span class='ocrx_word' id='word_1_745' title='bbox 2607 3257 2774 3325; x_wconf 83' lang='grc' dir='ltr'>κακὰ,</span> <span class='ocrx_word' id='word_1_746' title='bbox 2803 3259 2898 3311; x_wconf 73' lang='grc' dir='ltr'>καὶ</span> <span class='ocrx_word' id='word_1_747' title='bbox 2918 3259 3041 3322; x_wconf 85' lang='grc' dir='ltr'>ὅσος</span> <span class='ocrx_word' id='word_1_748' title='bbox 3061 3260 3168 3314; x_wconf 84' lang='grc' dir='ltr'>ἀπὸ</span> <span class='ocrx_word' id='word_1_749' title='bbox 3190 3260 3393 3333; x_wconf 85' lang='grc' dir='ltr'>ταύτης</span> <span class='ocrx_word' id='word_1_750' title='bbox 3418 3262 3627 3330; x_wconf 89' lang='grc' dir='ltr'>γίνεται</span> <span class='ocrx_word' id='word_1_751' title='bbox 3647 3263 3747 3332; x_wconf 81' lang='grc' dir='ltr'>τῆς</span> <span class='ocrx_word' id='word_1_752' title='bbox 3771 3261 3982 3332; x_wconf 88' lang='grc' dir='ltr'>τρυφῆς</span> <span class='ocrx_word' id='word_1_753' title='bbox 4003 3265 4034 3315; x_wconf 98' lang='lat'>0</span> <span class='ocrx_word' id='word_1_754' title='bbox 4053 3262 4269 3333; x_wconf 74' lang='grc' dir='ltr'>χειμώνο</span> 
     </span>
    </p>
   </div>
   <div class='ocr_carea' id='block_1_87' title="bbox 2605 3352 4272 3428">
    <p class='ocr_par' dir='ltr' id='par_1_87' title="bbox 2605 3352 4272 3428">
     <span class='ocr_line' id='line_1_88' title="bbox 2605 3352 4272 3428; baseline 0.004 -25"><span class='ocrx_word' id='word_1_755' title='bbox 2605 3352 2667 3404; x_wconf 87' lang='grc' dir='ltr'>οὐ</span> <span class='ocrx_word' id='word_1_756' title='bbox 2694 3352 2804 3423; x_wconf 84' lang='grc' dir='ltr'>γὰρ</span> <span class='ocrx_word' id='word_1_757' title='bbox 2836 3353 2998 3421; x_wconf 89' lang='grc' dir='ltr'>μόνον</span> <span class='ocrx_word' id='word_1_758' title='bbox 3028 3354 3191 3423; x_wconf 84' lang='grc' dir='ltr'>ἡδίων</span> <span class='ocrx_word' id='word_1_759' title='bbox 3219 3357 3247 3408; x_wconf 93' lang='lat'>0</span> <span class='ocrx_word' id='word_1_760' title='bbox 3279 3356 3354 3425; x_wconf 81' lang='grc' dir='ltr'>μὴ</span> <span class='ocrx_word' id='word_1_761' title='bbox 3388 3358 3695 3428; x_wconf 84' lang='grc' dir='ltr'>τρυφήσας,</span> <span class='ocrx_word' id='word_1_762' title='bbox 3724 3356 3859 3409; x_wconf 90' lang='grc' dir='ltr'>ἀλλά</span> <span class='ocrx_word' id='word_1_763' title='bbox 3889 3360 3985 3411; x_wconf 80' lang='grc' dir='ltr'>καὶ</span> <span class='ocrx_word' id='word_1_764' title='bbox 4020 3358 4272 3427; x_wconf 75' lang='grc' dir='ltr'>κουφότεο</span> 
     </span>
    </p>
   </div>
   <div class='ocr_carea' id='block_1_88' title="bbox 2608 3446 4270 3521">
    <p class='ocr_par' dir='ltr' id='par_1_88' title="bbox 2608 3446 4270 3521">
     <span class='ocr_line' id='line_1_89' title="bbox 2608 3446 4270 3521; baseline 0.007 -25"><span class='ocrx_word' id='word_1_765' title='bbox 2608 3458 2721 3513; x_wconf 88' lang='grc' dir='ltr'>ρος,</span> <span class='ocrx_word' id='word_1_766' title='bbox 2756 3446 2851 3498; x_wconf 75' lang='grc' dir='ltr'>καὶ</span> <span class='ocrx_word' id='word_1_767' title='bbox 2883 3448 3012 3517; x_wconf 80' lang='grc' dir='ltr'>ῥᾷον</span> <span class='ocrx_word' id='word_1_768' title='bbox 3060 3447 3387 3503; x_wconf 88' lang='grc' dir='ltr'>διακείσεται</span> <span class='ocrx_word' id='word_1_769' title='bbox 3431 3450 3526 3503; x_wconf 90' lang='grc' dir='ltr'>τοῦ</span> <span class='ocrx_word' id='word_1_770' title='bbox 3558 3450 3980 3515; x_wconf 86' lang='grc' dir='ltr'>διασπασθέντος</span> <span class='ocrx_word' id='word_1_771' title='bbox 4030 3452 4139 3505; x_wconf 86' lang='grc' dir='ltr'>ὑπὸ</span> <span class='ocrx_word' id='word_1_772' title='bbox 4182 3452 4270 3521; x_wconf 76' lang='grc' dir='ltr'>τῆς</span> 
     </span>
    </p>
   </div>
   <div class='ocr_carea' id='block_1_89' title="bbox 2605 3532 4273 3614">
    <p class='ocr_par' dir='ltr' id='par_1_89' title="bbox 2605 3532 4273 3614">
     <span class='ocr_line' id='line_1_90' title="bbox 2605 3532 4273 3614; baseline 0.007 -24"><span class='ocrx_word' id='word_1_773' title='bbox 2605 3539 2925 3609; x_wconf 87' lang='grc' dir='ltr'>πλησμονῆς</span> <span class='ocrx_word' id='word_1_774' title='bbox 2940 3557 2953 3570; x_wconf 64' lang='grc' dir='ltr'>ε</span> <span class='ocrx_word' id='word_1_775' title='bbox 2989 3542 3214 3608; x_wconf 78' lang='grc' dir='ltr'>’Υπνος</span> <span class='ocrx_word' id='word_1_776' title='bbox 3241 3532 3372 3614; x_wconf 78' lang='grc' dir='ltr'>γάρ,</span> <span class='ocrx_word' id='word_1_777' title='bbox 3399 3544 3585 3614; x_wconf 66' lang='grc' dir='ltr'>φησὶνζ</span> <span class='ocrx_word' id='word_1_778' title='bbox 3606 3545 3835 3613; x_wconf 78' lang='grc' dir='ltr'>ὑγιείας</span> <span class='ocrx_word' id='word_1_779' title='bbox 3855 3545 3924 3597; x_wconf 84' lang='grc' dir='ltr'>ἐν</span> <span class='ocrx_word' id='word_1_780' title='bbox 3945 3544 4273 3614; x_wconf 60' lang='grc' dir='ltr'>σπλάγχνον</span> 
     </span>
    </p>
   </div>
   <div class='ocr_carea' id='block_1_90' title="bbox 2597 3637 4269 3711">
    <p class='ocr_par' dir='ltr' id='par_1_90' title="bbox 2597 3637 4269 3711">
     <span class='ocr_line' id='line_1_91' title="bbox 2597 3637 4269 3711; baseline 0.004 -23"><span class='ocrx_word' id='word_1_781' title='bbox 2597 3637 2832 3704; x_wconf 80' lang='grc' dir='ltr'>μετρίῳ.</span> <span class='ocrx_word' id='word_1_782' title='bbox 2865 3638 2931 3690; x_wconf 87' lang='grc' dir='ltr'>Τί</span> <span class='ocrx_word' id='word_1_783' title='bbox 2952 3638 3034 3692; x_wconf 86' lang='grc' dir='ltr'>δεῖ</span> <span class='ocrx_word' id='word_1_784' title='bbox 3060 3638 3239 3709; x_wconf 87' lang='grc' dir='ltr'>λέγειν</span> <span class='ocrx_word' id='word_1_785' title='bbox 3268 3641 3369 3703; x_wconf 89' lang='grc' dir='ltr'>τάς</span> <span class='ocrx_word' id='word_1_786' title='bbox 3403 3640 3621 3707; x_wconf 90' lang='grc' dir='ltr'>νόσους,</span> <span class='ocrx_word' id='word_1_787' title='bbox 3646 3640 3745 3702; x_wconf 78' lang='grc' dir='ltr'>τὰς</span> <span class='ocrx_word' id='word_1_788' title='bbox 3774 3641 3985 3710; x_wconf 86' lang='grc' dir='ltr'>ἀηδίας,</span> <span class='ocrx_word' id='word_1_789' title='bbox 4012 3642 4115 3705; x_wconf 87' lang='grc' dir='ltr'>τάς</span> <span class='ocrx_word' id='word_1_790' title='bbox 4146 3659 4269 3711; x_wconf 84' lang='grc' dir='ltr'>συμ-</span> 
     </span>
    </p>
   </div>
   <div class='ocr_carea' id='block_1_91' title="bbox 2602 3730 4269 3802">
    <p class='ocr_par' dir='ltr' id='par_1_91' title="bbox 2602 3730 4269 3802">
     <span class='ocr_line' id='line_1_92' title="bbox 2602 3730 4269 3802; baseline 0.005 -22"><span class='ocrx_word' id='word_1_791' title='bbox 2602 3730 2795 3801; x_wconf 86' lang='grc' dir='ltr'>φορὰς,</span> <span class='ocrx_word' id='word_1_792' title='bbox 2825 3730 2925 3795; x_wconf 90' lang='grc' dir='ltr'>τάς</span> <span class='ocrx_word' id='word_1_793' title='bbox 2949 3733 3193 3796; x_wconf 82' lang='grc' dir='ltr'>δαπάνας</span> <span class='ocrx_word' id='word_1_794' title='bbox 3221 3734 3319 3796; x_wconf 82' lang='grc' dir='ltr'>τὰς</span> <span class='ocrx_word' id='word_1_795' title='bbox 3342 3733 3497 3802; x_wconf 89' lang='grc' dir='ltr'>εἰκῆ;</span> <span class='ocrx_word' id='word_1_796' title='bbox 3526 3734 3648 3786; x_wconf 85' lang='grc' dir='ltr'>ὅσαι</span> <span class='ocrx_word' id='word_1_797' title='bbox 3681 3734 3735 3786; x_wconf 78' lang='grc' dir='ltr'>αἱ</span> <span class='ocrx_word' id='word_1_798' title='bbox 3762 3734 4050 3799; x_wconf 86' lang='grc' dir='ltr'>αίτιάσεις,</span> <span class='ocrx_word' id='word_1_799' title='bbox 4076 3736 4195 3789; x_wconf 83' lang='grc' dir='ltr'>ὅσαι</span> <span class='ocrx_word' id='word_1_800' title='bbox 4220 3736 4269 3788; x_wconf 78' lang='lat' dir='ltr'>al</span> 
     </span>
    </p>
   </div>
   <div class='ocr_carea' id='block_1_92' title="bbox 2602 3825 4266 3901">
    <p class='ocr_par' dir='ltr' id='par_1_92' title="bbox 2602 3825 4266 3901">
     <span class='ocr_line' id='line_1_93' title="bbox 2602 3825 4266 3901; baseline 0.003 -22"><span class='ocrx_word' id='word_1_801' title='bbox 2602 3825 2886 3880; x_wconf 76' lang='grc' dir='ltr'>ἐπιϐουλαὶ</span> <span class='ocrx_word' id='word_1_802' title='bbox 2905 3867 2920 3892; x_wconf 95' lang='grc'>,</span> <span class='ocrx_word' id='word_1_803' title='bbox 2949 3828 3072 3882; x_wconf 83' lang='grc' dir='ltr'>ὅσαι</span> <span class='ocrx_word' id='word_1_804' title='bbox 3118 3830 3177 3881; x_wconf 77' lang='grc' dir='ltr'>αἱ</span> <span class='ocrx_word' id='word_1_805' title='bbox 3203 3828 3311 3883; x_wconf 84' lang='grc' dir='ltr'>ἀπὸ</span> <span class='ocrx_word' id='word_1_806' title='bbox 3343 3839 3366 3867; x_wconf 78' lang='grc' dir='ltr'>ο</span> <span class='ocrx_word' id='word_1_807' title='bbox 3391 3828 3596 3880; x_wconf 88' lang='grc' dir='ltr'>τούτων</span> <span class='ocrx_word' id='word_1_808' title='bbox 3636 3829 3888 3899; x_wconf 89' lang='grc' dir='ltr'>ἐπὴρειαι</span> <span class='ocrx_word' id='word_1_809' title='bbox 3929 3828 4041 3883; x_wconf 87' lang='grc' dir='ltr'>τῶν</span> <span class='ocrx_word' id='word_1_810' title='bbox 4072 3847 4266 3901; x_wconf 79' lang='grc' dir='ltr'>συμπο-</span> 
     </span>
    </p>
   </div>
   <div class='ocr_carea' id='block_1_93' title="bbox 2604 3920 4266 3999">
    <p class='ocr_par' dir='ltr' id='par_1_93' title="bbox 2604 3920 4266 3999">
     <span class='ocr_line' id='line_1_94' title="bbox 2604 3920 4266 3999; baseline 0.003 -26"><span class='ocrx_word' id='word_1_811' title='bbox 2604 3920 2733 3974; x_wconf 84' lang='grc' dir='ltr'>σίων</span> <span class='ocrx_word' id='word_1_812' title='bbox 2782 3920 3204 3991; x_wconf 73' lang='grc' dir='ltr'>βλαστάνουσινς</span> <span class='ocrx_word' id='word_1_813' title='bbox 3246 3923 3383 3977; x_wconf 90' lang='grc' dir='ltr'>ἀλλά</span> <span class='ocrx_word' id='word_1_814' title='bbox 3416 3924 3476 3977; x_wconf 87' lang='grc' dir='ltr'>τὸ</span> <span class='ocrx_word' id='word_1_815' title='bbox 3515 3924 3741 3995; x_wconf 87' lang='grc' dir='ltr'>πόρναις</span> <span class='ocrx_word' id='word_1_816' title='bbox 3778 3927 4027 3994; x_wconf 76' lang='grc' dir='ltr'>γυναιξὶν</span> <span class='ocrx_word' id='word_1_817' title='bbox 4074 3929 4266 3999; x_wconf 81' lang='grc' dir='ltr'>ὁμιλεῖν</span> 
     </span>
    </p>
   </div>
   <div class='ocr_carea' id='block_1_94' title="bbox 2603 4014 4263 4095">
    <p class='ocr_par' dir='ltr' id='par_1_94' title="bbox 2603 4014 4263 4095">
     <span class='ocr_line' id='line_1_95' title="bbox 2603 4014 4263 4095; baseline 0.007 -29"><span class='ocrx_word' id='word_1_818' title='bbox 2603 4014 2736 4084; x_wconf 74' lang='grc' dir='ltr'>ἡδύς</span> <span class='ocrx_word' id='word_1_819' title='bbox 2769 4016 2880 4071; x_wconf 80' lang='grc' dir='ltr'>Καὶ</span> <span class='ocrx_word' id='word_1_820' title='bbox 2913 4016 3041 4069; x_wconf 91' lang='grc' dir='ltr'>ποία</span> <span class='ocrx_word' id='word_1_821' title='bbox 3075 4017 3213 4087; x_wconf 83' lang='grc' dir='ltr'>μετὰ</span> <span class='ocrx_word' id='word_1_822' title='bbox 3256 4017 3521 4089; x_wconf 89' lang='grc' dir='ltr'>τοσαύτης</span> <span class='ocrx_word' id='word_1_823' title='bbox 3561 4018 3827 4091; x_wconf 74' lang='grc' dir='ltr'>αἰσχύνης</span> <span class='ocrx_word' id='word_1_824' title='bbox 3871 4022 4035 4095; x_wconf 81' lang='grc' dir='ltr'>ἡδονὴ</span> <span class='ocrx_word' id='word_1_825' title='bbox 4084 4026 4263 4093; x_wconf 85' lang='grc' dir='ltr'>γένοιτ’</span> 
     </span>
    </p>
   </div>
   <div class='ocr_carea' id='block_1_95' title="bbox 2603 4103 4260 4184">
    <p class='ocr_par' dir='ltr' id='par_1_95' title="bbox 2603 4103 4260 4184">
     <span class='ocr_line' id='line_1_96' title="bbox 2603 4103 4260 4184; baseline 0.006 -27"><span class='ocrx_word' id='word_1_826' title='bbox 2603 4103 2704 4170; x_wconf 70' lang='grc' dir='ltr'>ἄν,</span> <span class='ocrx_word' id='word_1_827' title='bbox 2738 4105 2991 4159; x_wconf 87' lang='grc' dir='ltr'>Μάλιστα</span> <span class='ocrx_word' id='word_1_828' title='bbox 3018 4106 3075 4161; x_wconf 85' lang='grc' dir='ltr'>δὲ</span> <span class='ocrx_word' id='word_1_829' title='bbox 3107 4108 3242 4179; x_wconf 82' lang='grc' dir='ltr'>μηδὲ</span> <span class='ocrx_word' id='word_1_830' title='bbox 3276 4109 3510 4163; x_wconf 84' lang='grc' dir='ltr'>ἐνταῦθα</span> <span class='ocrx_word' id='word_1_831' title='bbox 3546 4108 3706 4163; x_wconf 90' lang='grc' dir='ltr'>τοῦτο</span> <span class='ocrx_word' id='word_1_832' title='bbox 3748 4112 4095 4184; x_wconf 71' lang='grc' dir='ltr'>ἐξετάζωμεν</span> <span class='ocrx_word' id='word_1_833' title='bbox 4121 4118 4260 4182; x_wconf 87' lang='grc' dir='ltr'>τέως,</span> 
     </span>
    </p>
   </div>
   <div class='ocr_carea' id='block_1_96' title="bbox 2606 4199 4262 4277">
    <p class='ocr_par' dir='ltr' id='par_1_96' title="bbox 2606 4199 4262 4277">
     <span class='ocr_line' id='line_1_97' title="bbox 2606 4199 4262 4277; baseline 0.008 -25"><span class='ocrx_word' id='word_1_834' title='bbox 2606 4199 2742 4269; x_wconf 89' lang='grc' dir='ltr'>μηδέ</span> <span class='ocrx_word' id='word_1_835' title='bbox 2778 4200 2879 4264; x_wconf 86' lang='grc' dir='ltr'>τάς</span> <span class='ocrx_word' id='word_1_836' title='bbox 2918 4202 2983 4254; x_wconf 87' lang='grc' dir='ltr'>ἐκ</span> <span class='ocrx_word' id='word_1_837' title='bbox 3021 4201 3131 4257; x_wconf 89' lang='grc' dir='ltr'>τῶν</span> <span class='ocrx_word' id='word_1_838' title='bbox 3176 4205 3422 4274; x_wconf 86' lang='grc' dir='ltr'>ἐραστῶν</span> <span class='ocrx_word' id='word_1_839' title='bbox 3466 4206 3680 4276; x_wconf 89' lang='grc' dir='ltr'>μάχας,</span> <span class='ocrx_word' id='word_1_840' title='bbox 3729 4208 3867 4277; x_wconf 86' lang='grc' dir='ltr'>μηδέ</span> <span class='ocrx_word' id='word_1_841' title='bbox 3903 4212 4034 4273; x_wconf 86' lang='grc' dir='ltr'>τούς</span> <span class='ocrx_word' id='word_1_842' title='bbox 4063 4213 4129 4264; x_wconf 93' lang='grc' dir='ltr'>ἐκ</span> <span class='ocrx_word' id='word_1_843' title='bbox 4170 4213 4262 4266; x_wconf 79' lang='grc' dir='ltr'>τῶν</span> 
     </span>
    </p>
   </div>
   <div class='ocr_carea' id='block_1_97' title="bbox 2603 4295 4263 4372">
    <p class='ocr_par' dir='ltr' id='par_1_97' title="bbox 2603 4295 4263 4372">
     <span class='ocr_line' id='line_1_98' title="bbox 2603 4295 4263 4372; baseline 0.008 -25"><span class='ocrx_word' id='word_1_844' title='bbox 2603 4295 2948 4367; x_wconf 83' lang='grc' dir='ltr'>ἀντεραστῶν</span> <span class='ocrx_word' id='word_1_845' title='bbox 2978 4297 3265 4369; x_wconf 83' lang='grc' dir='ltr'>πολέμους,</span> <span class='ocrx_word' id='word_1_846' title='bbox 3307 4300 3442 4369; x_wconf 82' lang='grc' dir='ltr'>μηδὲ</span> <span class='ocrx_word' id='word_1_847' title='bbox 3466 4300 3563 4363; x_wconf 81' lang='grc' dir='ltr'>τὰς</span> <span class='ocrx_word' id='word_1_848' title='bbox 3592 4302 3955 4372; x_wconf 76' lang='grc' dir='ltr'>κατηγορίαςο</span> <span class='ocrx_word' id='word_1_849' title='bbox 3982 4304 4105 4358; x_wconf 87' lang='grc' dir='ltr'>ἀλλ’</span> <span class='ocrx_word' id='word_1_850' title='bbox 4142 4305 4263 4359; x_wconf 73' lang='grc' dir='ltr'>ἔστω</span> 
     </span>
    </p>
   </div>
   <div class='ocr_carea' id='block_1_98' title="bbox 2599 4391 4261 4469">
    <p class='ocr_par' dir='ltr' id='par_1_98' title="bbox 2599 4391 4261 4469">
     <span class='ocr_line' id='line_1_99' title="bbox 2599 4391 4261 4469; baseline 0.006 -26"><span class='ocrx_word' id='word_1_851' title='bbox 2599 4407 2684 4453; x_wconf 86' lang='grc' dir='ltr'>τις</span> <span class='ocrx_word' id='word_1_852' title='bbox 2718 4392 2834 4462; x_wconf 83' lang='grc' dir='ltr'>μετ’</span> <span class='ocrx_word' id='word_1_853' title='bbox 2861 4391 3111 4455; x_wconf 81' lang='grc' dir='ltr'>ἐξουσίας</span> <span class='ocrx_word' id='word_1_854' title='bbox 3140 4393 3430 4446; x_wconf 87' lang='grc' dir='ltr'>ἀπολαύων</span> <span class='ocrx_word' id='word_1_855' title='bbox 3460 4394 3557 4462; x_wconf 87' lang='grc' dir='ltr'>τῆς</span> <span class='ocrx_word' id='word_1_856' title='bbox 3584 4394 3875 4463; x_wconf 88' lang='grc' dir='ltr'>ἀσελγείας</span> <span class='ocrx_word' id='word_1_857' title='bbox 3902 4398 4149 4469; x_wconf 85' lang='grc' dir='ltr'>ἐκείνης,</span> <span class='ocrx_word' id='word_1_858' title='bbox 4182 4404 4261 4461; x_wconf 61' lang='grc' dir='ltr'>κα).</span> 
     </span>
    </p>
   </div>
   <div class='ocr_carea' id='block_1_99' title="bbox 2604 4486 4259 4566">
    <p class='ocr_par' dir='ltr' id='par_1_99' title="bbox 2604 4486 4259 4566">
     <span class='ocr_line' id='line_1_100' title="bbox 2604 4486 4259 4566; baseline 0.008 -29"><span class='ocrx_word' id='word_1_859' title='bbox 2604 4488 2743 4557; x_wconf 81' lang='grc' dir='ltr'>μήτε</span> <span class='ocrx_word' id='word_1_860' title='bbox 2782 4487 3119 4555; x_wconf 77' lang='grc' dir='ltr'>ἀντεραστὴν</span> <span class='ocrx_word' id='word_1_861' title='bbox 3160 4486 3357 4555; x_wconf 87' lang='grc' dir='ltr'>ἐχέτω,</span> <span class='ocrx_word' id='word_1_862' title='bbox 3400 4488 3537 4556; x_wconf 87' lang='grc' dir='ltr'>μήτε</span> <span class='ocrx_word' id='word_1_863' title='bbox 3588 4488 3945 4561; x_wconf 85' lang='grc' dir='ltr'>ὑπεροράσθω</span> <span class='ocrx_word' id='word_1_864' title='bbox 3978 4497 4134 4566; x_wconf 87' lang='grc' dir='ltr'>παρά</span> <span class='ocrx_word' id='word_1_865' title='bbox 4176 4496 4259 4565; x_wconf 80' lang='grc' dir='ltr'>τῆς</span> 
     </span>
    </p>
   </div>
   <div class='ocr_carea' id='block_1_100' title="bbox 2602 4580 4260 4655">
    <p class='ocr_par' dir='ltr' id='par_1_100' title="bbox 2602 4580 4260 4655">
     <span class='ocr_line' id='line_1_101' title="bbox 2602 4580 4260 4655; baseline 0.006 -21"><span class='ocrx_word' id='word_1_866' title='bbox 2602 4581 2915 4652; x_wconf 86' lang='grc' dir='ltr'>ἐρωμένης,</span> <span class='ocrx_word' id='word_1_867' title='bbox 2955 4581 3026 4634; x_wconf 90' lang='grc' dir='ltr'>τά</span> <span class='ocrx_word' id='word_1_868' title='bbox 3052 4597 3112 4632; x_wconf 91' lang='grc' dir='ltr'>τε</span> <span class='ocrx_word' id='word_1_869' title='bbox 3148 4580 3406 4650; x_wconf 85' lang='grc' dir='ltr'>χρήματα</span> <span class='ocrx_word' id='word_1_870' title='bbox 3446 4580 3635 4652; x_wconf 88' lang='grc' dir='ltr'>ῶσπερ</span> <span class='ocrx_word' id='word_1_871' title='bbox 3667 4585 3731 4637; x_wconf 88' lang='grc' dir='ltr'>ἐκ</span> <span class='ocrx_word' id='word_1_872' title='bbox 3763 4586 3956 4655; x_wconf 84' lang='grc' dir='ltr'>πηγῶν</span> <span class='ocrx_word' id='word_1_873' title='bbox 3984 4590 4260 4644; x_wconf 81' lang='grc' dir='ltr'>ἀναλισκέ-</span> 
     </span>
    </p>
   </div>
   <div class='ocr_carea' id='block_1_101' title="bbox 2602 4674 4259 4749">
    <p class='ocr_par' dir='ltr' id='par_1_101' title="bbox 2602 4674 4259 4749">
     <span class='ocr_line' id='line_1_102' title="bbox 2602 4674 4259 4749; baseline 0.006 -22"><span class='ocrx_word' id='word_1_874' title='bbox 2602 4693 2699 4741; x_wconf 89' lang='grc' dir='ltr'>τω,</span> <span class='ocrx_word' id='word_1_875' title='bbox 2718 4675 2895 4728; x_wconf 91' lang='grc' dir='ltr'>καίτοι</span> <span class='ocrx_word' id='word_1_876' title='bbox 2918 4674 3155 4745; x_wconf 83' lang='grc' dir='ltr'>οὐδαμοῦ</span> <span class='ocrx_word' id='word_1_877' title='bbox 3172 4675 3344 4729; x_wconf 90' lang='grc' dir='ltr'>ταῦτα</span> <span class='ocrx_word' id='word_1_878' title='bbox 3362 4677 3766 4749; x_wconf 89' lang='grc' dir='ltr'>συμϐεϐηκέναι</span> <span class='ocrx_word' id='word_1_879' title='bbox 3786 4683 3962 4735; x_wconf 88' lang='grc' dir='ltr'>πάντα</span> <span class='ocrx_word' id='word_1_880' title='bbox 3984 4684 4206 4737; x_wconf 86' lang='grc' dir='ltr'>δυνατὸν</span> <span class='ocrx_word' id='word_1_881' title='bbox 4222 4683 4259 4748; x_wconf 73' lang='grc' dir='ltr'>ί,</span> 
     </span>
    </p>
   </div>
   <div class='ocr_carea' id='block_1_102' title="bbox 2601 4766 4258 4848">
    <p class='ocr_par' dir='ltr' id='par_1_102' title="bbox 2601 4766 4258 4848">
     <span class='ocr_line' id='line_1_103' title="bbox 2601 4766 4258 4848; baseline 0.007 -29"><span class='ocrx_word' id='word_1_882' title='bbox 2601 4766 2739 4820; x_wconf 90' lang='grc' dir='ltr'>ἀλλά</span> <span class='ocrx_word' id='word_1_883' title='bbox 2767 4767 2847 4820; x_wconf 87' lang='grc' dir='ltr'>δεῖ</span> <span class='ocrx_word' id='word_1_884' title='bbox 2876 4768 2969 4821; x_wconf 84' lang='grc' dir='ltr'>τὸν</span> <span class='ocrx_word' id='word_1_885' title='bbox 3004 4769 3104 4839; x_wconf 81' lang='grc' dir='ltr'>μὲν</span> <span class='ocrx_word' id='word_1_886' title='bbox 3134 4768 3208 4841; x_wconf 82' lang='grc' dir='ltr'>μὴ</span> <span class='ocrx_word' id='word_1_887' title='bbox 3236 4769 3493 4841; x_wconf 86' lang='grc' dir='ltr'>μέλλοντα</span> <span class='ocrx_word' id='word_1_888' title='bbox 3518 4772 3663 4844; x_wconf 81' lang='grc' dir='ltr'>ἔχειν</span> <span class='ocrx_word' id='word_1_889' title='bbox 3694 4775 4031 4848; x_wconf 77' lang='grc' dir='ltr'>ἀντεραστὴν</span> <span class='ocrx_word' id='word_1_890' title='bbox 4053 4779 4151 4847; x_wconf 80' lang='grc' dir='ltr'>τὴν</span> <span class='ocrx_word' id='word_1_891' title='bbox 4178 4778 4258 4830; x_wconf 83' lang='grc' dir='ltr'>οὐ·</span> 
     </span>
    </p>
   </div>
   <div class='ocr_carea' id='block_1_103' title="bbox 2614 4862 4259 4940">
    <p class='ocr_par' dir='ltr' id='par_1_103' title="bbox 2614 4862 4259 4940">
     <span class='ocr_line' id='line_1_104' title="bbox 2614 4862 4259 4940; baseline 0.007 -26"><span class='ocrx_word' id='word_1_892' title='bbox 2614 4910 2618 4914; x_wconf 90' lang='grc'>.</span> <span class='ocrx_word' id='word_1_893' title='bbox 2644 4863 2726 4918; x_wconf 78' lang='grc' dir='ltr'>ἴαν</span> <span class='ocrx_word' id='word_1_894' title='bbox 2754 4862 3056 4917; x_wconf 88' lang='grc' dir='ltr'>καταλῦσαι</span> <span class='ocrx_word' id='word_1_895' title='bbox 3091 4866 3303 4932; x_wconf 81' lang='grc' dir='ltr'>πᾶσαν,</span> <span class='ocrx_word' id='word_1_896' title='bbox 3334 4867 3569 4921; x_wconf 88' lang='grc' dir='ltr'>νικῶντα</span> <span class='ocrx_word' id='word_1_897' title='bbox 3600 4871 3667 4940; x_wconf 79' lang='grc' dir='ltr'>τῇ</span> <span class='ocrx_word' id='word_1_898' title='bbox 3704 4869 3982 4939; x_wconf 72' lang='grc' dir='ltr'>φιλοτιμίᾳ</span> <span class='ocrx_word' id='word_1_899' title='bbox 4019 4872 4147 4932; x_wconf 80' lang='grc' dir='ltr'>τοὺς</span> <span class='ocrx_word' id='word_1_900' title='bbox 4178 4870 4259 4927; x_wconf 77' lang='grc' dir='ltr'>ἀλ·</span> 
     </span>
    </p>
   </div>
   <div class='ocr_carea' id='block_1_104' title="bbox 2602 4958 4257 5036">
    <p class='ocr_par' dir='ltr' id='par_1_104' title="bbox 2602 4958 4257 5036">
     <span class='ocr_line' id='line_1_105' title="bbox 2602 4958 4257 5036; baseline 0.005 -26"><span class='ocrx_word' id='word_1_901' title='bbox 2602 4958 2724 5023; x_wconf 93' lang='grc' dir='ltr'>λους</span> <span class='ocrx_word' id='word_1_902' title='bbox 2761 4960 3026 5025; x_wconf 76' lang='grc' dir='ltr'>ἅπαντας,</span> <span class='ocrx_word' id='word_1_903' title='bbox 3067 4961 3158 5016; x_wconf 87' lang='grc' dir='ltr'>τὸν</span> <span class='ocrx_word' id='word_1_904' title='bbox 3195 4962 3252 5015; x_wconf 81' lang='grc' dir='ltr'>δὲ</span> <span class='ocrx_word' id='word_1_905' title='bbox 3287 4962 3363 5034; x_wconf 86' lang='grc' dir='ltr'>μὴ</span> <span class='ocrx_word' id='word_1_906' title='bbox 3395 4962 3715 5034; x_wconf 83' lang='grc' dir='ltr'>βουλόμενον</span> <span class='ocrx_word' id='word_1_907' title='bbox 3744 4965 3968 5034; x_wconf 88' lang='grc' dir='ltr'>ἀπορεῖν</span> <span class='ocrx_word' id='word_1_908' title='bbox 4001 4966 4257 5036; x_wconf 63' lang='grc' dir='ltr'>ὑπερορί-</span> 
     </span>
    </p>
   </div>
   <div class='ocr_carea' id='block_1_105' title="bbox 2603 5053 4257 5128">
    <p class='ocr_par' dir='ltr' id='par_1_105' title="bbox 2603 5053 4257 5128">
     <span class='ocr_line' id='line_1_106' title="bbox 2603 5053 4257 5128; baseline 0.003 -21"><span class='ocrx_word' id='word_1_909' title='bbox 2603 5053 2727 5109; x_wconf 89' lang='grc' dir='ltr'>σθαι</span> <span class='ocrx_word' id='word_1_910' title='bbox 2776 5055 2929 5127; x_wconf 81' lang='grc' dir='ltr'>παρὰ</span> <span class='ocrx_word' id='word_1_911' title='bbox 2959 5056 3059 5126; x_wconf 88' lang='grc' dir='ltr'>τῆς</span> <span class='ocrx_word' id='word_1_912' title='bbox 3105 5056 3313 5127; x_wconf 85' lang='grc' dir='ltr'>πόρνης</span> <span class='ocrx_word' id='word_1_913' title='bbox 3359 5058 3455 5111; x_wconf 79' lang='grc' dir='ltr'>καὶ</span> <span class='ocrx_word' id='word_1_914' title='bbox 3498 5056 3850 5111; x_wconf 87' lang='grc' dir='ltr'>διαπτύεσθαι</span> <span class='ocrx_word' id='word_1_915' title='bbox 3898 5057 4079 5110; x_wconf 85' lang='grc' dir='ltr'>πάλιν.</span> <span class='ocrx_word' id='word_1_916' title='bbox 4125 5059 4257 5128; x_wconf 64' lang='grc' dir='ltr'>Πλὴν</span> 
     </span>
    </p>
   </div>
   <div class='ocr_carea' id='block_1_106' title="bbox 2601 5156 4256 5229">
    <p class='ocr_par' dir='ltr' id='par_1_106' title="bbox 2601 5156 4256 5229">
     <span class='ocr_line' id='line_1_107' title="bbox 2601 5156 4256 5229; baseline 0.001 -20"><span class='ocrx_word' id='word_1_917' title='bbox 2601 5157 2737 5215; x_wconf 87' lang='grc' dir='ltr'>ἀλλά</span> <span class='ocrx_word' id='word_1_918' title='bbox 2778 5157 2942 5229; x_wconf 84' lang='grc' dir='ltr'>μηδὲν</span> <span class='ocrx_word' id='word_1_919' title='bbox 2979 5158 3118 5211; x_wconf 78' lang='grc' dir='ltr'>ἔστω</span> <span class='ocrx_word' id='word_1_920' title='bbox 3147 5157 3373 5222; x_wconf 89' lang='grc' dir='ltr'>τούτων,</span> <span class='ocrx_word' id='word_1_921' title='bbox 3413 5157 3547 5210; x_wconf 90' lang='grc' dir='ltr'>ἀλλά</span> <span class='ocrx_word' id='word_1_922' title='bbox 3574 5157 3749 5209; x_wconf 91' lang='grc' dir='ltr'>πάντα</span> <span class='ocrx_word' id='word_1_923' title='bbox 3778 5156 3927 5226; x_wconf 87' lang='grc' dir='ltr'>αὐτῴ</span> <span class='ocrx_word' id='word_1_924' title='bbox 3971 5158 4110 5211; x_wconf 71' lang='grc' dir='ltr'>κατὰ</span> <span class='ocrx_word' id='word_1_925' title='bbox 4144 5158 4256 5213; x_wconf 90' lang='grc' dir='ltr'>νοῦν</span> 
     </span>
    </p>
   </div>
   <div class='ocr_carea' id='block_1_107' title="bbox 2601 5248 4255 5324">
    <p class='ocr_par' dir='ltr' id='par_1_107' title="bbox 2601 5248 4255 5324">
     <span class='ocr_line' id='line_1_108' title="bbox 2601 5248 4255 5324; baseline 0.002 -22"><span class='ocrx_word' id='word_1_926' title='bbox 2601 5250 2987 5322; x_wconf 86' lang='grc' dir='ltr'>προχωρείτω·</span> <span class='ocrx_word' id='word_1_927' title='bbox 3027 5250 3128 5303; x_wconf 88' lang='grc' dir='ltr'>ποῦ</span> <span class='ocrx_word' id='word_1_928' title='bbox 3159 5250 3259 5319; x_wconf 80' lang='grc' dir='ltr'>τὴν</span> <span class='ocrx_word' id='word_1_929' title='bbox 3288 5251 3351 5301; x_wconf 86' lang='grc' dir='ltr'>ἐκ</span> <span class='ocrx_word' id='word_1_930' title='bbox 3376 5248 3580 5301; x_wconf 89' lang='grc' dir='ltr'>τούτων</span> <span class='ocrx_word' id='word_1_931' title='bbox 3617 5248 3808 5319; x_wconf 72' lang='grc' dir='ltr'>ἡδονὴν</span> <span class='ocrx_word' id='word_1_932' title='bbox 3838 5250 4099 5315; x_wconf 79' lang='grc' dir='ltr'>ἐπιδεῖξαι</span> <span class='ocrx_word' id='word_1_933' title='bbox 4124 5253 4255 5324; x_wconf 75' lang='grc' dir='ltr'>ἔχεις</span> 
     </span>
    </p>
   </div>
   <div class='ocr_carea' id='block_1_108' title="bbox 2599 5340 4251 5421">
    <p class='ocr_par' dir='ltr' id='par_1_108' title="bbox 2599 5340 4251 5421">
     <span class='ocr_line' id='line_1_109' title="bbox 2599 5340 4251 5421; baseline 0.003 -25"><span class='ocrx_word' id='word_1_934' title='bbox 2599 5345 2761 5415; x_wconf 86' lang='grc' dir='ltr'>ἡμῖν;</span> <span class='ocrx_word' id='word_1_935' title='bbox 2786 5344 2920 5397; x_wconf 84' lang='grc' dir='ltr'>Οὐδὲ</span> <span class='ocrx_word' id='word_1_936' title='bbox 2942 5343 3050 5413; x_wconf 89' lang='grc' dir='ltr'>γάρ</span> <span class='ocrx_word' id='word_1_937' title='bbox 3072 5344 3127 5395; x_wconf 83' lang='grc' dir='ltr'>ὲν</span> <span class='ocrx_word' id='word_1_938' title='bbox 3148 5340 3293 5411; x_wconf 87' lang='grc' dir='ltr'>αὐτῴ</span> <span class='ocrx_word' id='word_1_939' title='bbox 3320 5344 3344 5381; x_wconf 71' lang='grc' dir='ltr'><strong>Β</strong></span> <span class='ocrx_word' id='word_1_940' title='bbox 3367 5341 3444 5411; x_wconf 84' lang='grc' dir='ltr'>τῷ</span> <span class='ocrx_word' id='word_1_941' title='bbox 3462 5342 3562 5411; x_wconf 89' lang='grc' dir='ltr'>τῆς</span> <span class='ocrx_word' id='word_1_942' title='bbox 3588 5342 3782 5412; x_wconf 79' lang='grc' dir='ltr'>μίξεως</span> <span class='ocrx_word' id='word_1_943' title='bbox 3805 5346 4050 5413; x_wconf 89' lang='grc' dir='ltr'>φαίνεται</span> <span class='ocrx_word' id='word_1_944' title='bbox 4072 5350 4251 5421; x_wconf 82' lang='grc' dir='ltr'>καιρῷ,</span> 
     </span>
    </p>
   </div>
   <div class='ocr_carea' id='block_1_109' title="bbox 2600 5437 4253 5519">
    <p class='ocr_par' dir='ltr' id='par_1_109' title="bbox 2600 5437 4253 5519">
     <span class='ocr_line' id='line_1_110' title="bbox 2600 5437 4253 5519; baseline 0 -25"><span class='ocrx_word' id='word_1_945' title='bbox 2600 5441 2715 5494; x_wconf 84' lang='grc' dir='ltr'>ἀλλ’</span> <span class='ocrx_word' id='word_1_946' title='bbox 2764 5442 2793 5494; x_wconf 92' lang='lat'>0</span> <span class='ocrx_word' id='word_1_947' title='bbox 2847 5441 2944 5509; x_wconf 87' lang='grc' dir='ltr'>μέν</span> <span class='ocrx_word' id='word_1_948' title='bbox 2985 5437 3275 5509; x_wconf 84' lang='grc' dir='ltr'>πληρώσας</span> <span class='ocrx_word' id='word_1_949' title='bbox 3322 5439 3419 5509; x_wconf 82' lang='grc' dir='ltr'>τὴν</span> <span class='ocrx_word' id='word_1_950' title='bbox 3460 5441 3771 5503; x_wconf 87' lang='grc' dir='ltr'>συνουσίαν,</span> <span class='ocrx_word' id='word_1_951' title='bbox 3821 5444 3911 5495; x_wconf 78' lang='grc' dir='ltr'>καὶ</span> <span class='ocrx_word' id='word_1_952' title='bbox 3945 5447 4041 5517; x_wconf 82' lang='grc' dir='ltr'>τὴν</span> <span class='ocrx_word' id='word_1_953' title='bbox 4076 5448 4253 5519; x_wconf 68' lang='grc' dir='ltr'>ἡδονὴν</span> 
     </span>
    </p>
   </div>
   <div class='ocr_carea' id='block_1_110' title="bbox 2601 5533 4253 5614">
    <p class='ocr_par' dir='ltr' id='par_1_110' title="bbox 2601 5533 4253 5614">
     <span class='ocr_line' id='line_1_111' title="bbox 2601 5533 4253 5614; baseline 0.006 -27"><span class='ocrx_word' id='word_1_954' title='bbox 2601 5534 2844 5598; x_wconf 74' lang='grc' dir='ltr'>ἔσϐεσεν,</span> <span class='ocrx_word' id='word_1_955' title='bbox 2873 5535 2902 5584; x_wconf 89' lang='grc' dir='ltr'><strong>ὁ</strong></span> <span class='ocrx_word' id='word_1_956' title='bbox 2930 5534 2988 5585; x_wconf 82' lang='grc' dir='ltr'>δὲ</span> <span class='ocrx_word' id='word_1_957' title='bbox 3025 5537 3083 5588; x_wconf 90' lang='grc' dir='ltr'>ἐν</span> <span class='ocrx_word' id='word_1_958' title='bbox 3120 5538 3185 5606; x_wconf 79' lang='grc' dir='ltr'>τῇ</span> <span class='ocrx_word' id='word_1_959' title='bbox 3226 5535 3368 5605; x_wconf 81' lang='grc' dir='ltr'>μίξει</span> <span class='ocrx_word' id='word_1_960' title='bbox 3399 5533 3495 5602; x_wconf 83' lang='grc' dir='ltr'>ὢν,</span> <span class='ocrx_word' id='word_1_961' title='bbox 3526 5535 3625 5588; x_wconf 91' lang='grc' dir='ltr'>οὐκ</span> <span class='ocrx_word' id='word_1_962' title='bbox 3664 5535 3811 5589; x_wconf 71' lang='grc' dir='ltr'>ἐστιν</span> <span class='ocrx_word' id='word_1_963' title='bbox 3848 5539 3906 5593; x_wconf 82' lang='grc' dir='ltr'>ἐν</span> <span class='ocrx_word' id='word_1_964' title='bbox 3935 5541 4117 5614; x_wconf 78' lang='grc' dir='ltr'>ἡδονῇ,</span> <span class='ocrx_word' id='word_1_965' title='bbox 4149 5542 4253 5596; x_wconf 82' lang='grc' dir='ltr'>ἀλλ’</span> 
     </span>
    </p>
   </div>
   <div class='ocr_carea' id='block_1_111' title="bbox 2668 5709 4251 5775">
    <p class='ocr_par' dir='ltr' id='par_1_111' title="bbox 2668 5709 4251 5775">
     <span class='ocr_line' id='line_1_112' title="bbox 2668 5709 4251 5775; baseline 0.008 -19"><span class='ocrx_word' id='word_1_966' title='bbox 2668 5712 2689 5739; x_wconf 75' lang='grc' dir='ltr'>ε</span> <span class='ocrx_word' id='word_1_967' title='bbox 2713 5709 2825 5775; x_wconf 67' lang='grc' dir='ltr'>ξαν.</span> <span class='ocrx_word' id='word_1_968' title='bbox 2852 5710 3054 5775; x_wconf 66' lang='grc' dir='ltr'>νεότητα</span> <span class='ocrx_word' id='word_1_969' title='bbox 3074 5711 3273 5775; x_wconf 46' lang='lat' dir='ltr'>“Evasi,</span> <span class='ocrx_word' id='word_1_970' title='bbox 3306 5711 3404 5759; x_wconf 84' lang='lat' dir='ltr'>duo</span> <span class='ocrx_word' id='word_1_971' title='bbox 3426 5723 3539 5775; x_wconf 77' lang='lat' dir='ltr'>mss.</span> <span class='ocrx_word' id='word_1_972' title='bbox 3564 5710 3761 5770; x_wconf 75' lang='grc' dir='ltr'>νεότητα</span> <span class='ocrx_word' id='word_1_973' title='bbox 3788 5714 3889 5775; x_wconf 84' lang='grc' dir='ltr'>ἀεί,</span> <span class='ocrx_word' id='word_1_974' title='bbox 3915 5716 4034 5767; x_wconf 70' lang='lat' dir='ltr'>Hor.</span> <span class='ocrx_word' id='word_1_975' title='bbox 4068 5720 4251 5775; x_wconf 71' lang='grc' dir='ltr'>νεότητα</span> 
     </span>
    </p>
   </div>
   <div class='ocr_carea' id='block_1_112' title="bbox 2604 5769 4251 5835">
    <p class='ocr_par' dir='ltr' id='par_1_112' title="bbox 2604 5769 4251 5835">
     <span class='ocr_line' id='line_1_113' title="bbox 2604 5769 4251 5835; baseline 0.004 -19"><span class='ocrx_word' id='word_1_976' title='bbox 2604 5774 2686 5831; x_wconf 83' lang='grc' dir='ltr'>μὲν</span> <span class='ocrx_word' id='word_1_977' title='bbox 2717 5772 2851 5835; x_wconf 48' lang='grc' dir='ltr'>ἔχων</span> <span class='ocrx_word' id='word_1_978' title='bbox 2878 5769 2971 5823; x_wconf 82' lang='grc' dir='ltr'>ἀέί.</span> <span class='ocrx_word' id='word_1_979' title='bbox 3015 5769 3126 5821; x_wconf 70' lang='grc' dir='ltr'>Μόι</span> <span class='ocrx_word' id='word_1_980' title='bbox 3157 5773 3286 5835; x_wconf 65' lang='lat' dir='ltr'>Mor.</span> <span class='ocrx_word' id='word_1_981' title='bbox 3326 5773 3520 5833; x_wconf 81' lang='grc' dir='ltr'>τοιαύτῃ</span> <span class='ocrx_word' id='word_1_982' title='bbox 3544 5779 3711 5835; x_wconf 78' lang='grc' dir='ltr'>τρυφῇ,</span> <span class='ocrx_word' id='word_1_983' title='bbox 3749 5777 3830 5825; x_wconf 81' lang='lat' dir='ltr'><strong><em>alii</em></strong></span> <span class='ocrx_word' id='word_1_984' title='bbox 3855 5769 4025 5827; x_wconf 79' lang='lat' dir='ltr'><strong>0mnes</strong></span> <span class='ocrx_word' id='word_1_985' title='bbox 4045 5769 4251 5833; x_wconf 65' lang='grc' dir='ltr'>τοιαύτην</span> 
     </span>
    </p>
   </div>
   <div class='ocr_carea' id='block_1_113' title="bbox 2602 5833 3916 5900">
    <p class='ocr_par' dir='ltr' id='par_1_113' title="bbox 2602 5833 3916 5900">
     <span class='ocr_line' id='line_1_114' title="bbox 2602 5833 3916 5900; baseline 0.008 -23"><span class='ocrx_word' id='word_1_986' title='bbox 2602 5834 2795 5900; x_wconf 59' lang='grc' dir='ltr'>τρυφῄν.</span> <span class='ocrx_word' id='word_1_987' title='bbox 2827 5833 2979 5882; x_wconf 83' lang='lat' dir='ltr'>Paulo</span> <span class='ocrx_word' id='word_1_988' title='bbox 3004 5842 3114 5900; x_wconf 54' lang='grc' dir='ltr'>νυξὶ</span> <span class='ocrx_word' id='word_1_989' title='bbox 3139 5834 3238 5881; x_wconf 91' lang='lat' dir='ltr'>duo</span> <span class='ocrx_word' id='word_1_990' title='bbox 3261 5846 3374 5881; x_wconf 88' lang='lat' dir='ltr'>mss.</span> <span class='ocrx_word' id='word_1_991' title='bbox 3405 5833 3916 5900; x_wconf 71' lang='grc' dir='ltr'>μετήνθησεμυριάκις.</span> 
     </span>
    </p>
   </div>
   <div class='ocr_carea' id='block_1_114' title="bbox 2665 5891 3175 5957">
    <p class='ocr_par' dir='ltr' id='par_1_114' title="bbox 2665 5891 3175 5957">
     <span class='ocr_line' id='line_1_115' title="bbox 2665 5891 3175 5957; baseline -0.006 -15"><span class='ocrx_word' id='word_1_992' title='bbox 2665 5891 2691 5929; x_wconf 78' lang='grc' dir='ltr'><strong><em>ἀ</em></strong></span> <span class='ocrx_word' id='word_1_993' title='bbox 2718 5894 2825 5941; x_wconf 79' lang='lat' dir='ltr'>Duo</span> <span class='ocrx_word' id='word_1_994' title='bbox 2846 5910 2961 5943; x_wconf 83' lang='lat' dir='ltr'>mss.</span> <span class='ocrx_word' id='word_1_995' title='bbox 2986 5891 3175 5957; x_wconf 74' lang='grc' dir='ltr'>πρῶτον</span> 
     </span>
    </p>
   </div>
   <div class='ocr_carea' id='block_1_115' title="bbox 2663 5954 4248 6019">
    <p class='ocr_par' dir='ltr' id='par_1_115' title="bbox 2663 5954 4248 6019">
     <span class='ocr_line' id='line_1_116' title="bbox 2663 5954 4248 6019; baseline 0.001 -14"><span class='ocrx_word' id='word_1_996' title='bbox 2663 5958 2681 5976; x_wconf 80' lang='grc'><strong>⁸</strong></span> <span class='ocrx_word' id='word_1_997' title='bbox 2715 5958 2868 6005; x_wconf 71' lang='grc' dir='ltr'>’Ὸσοίι</span> <span class='ocrx_word' id='word_1_998' title='bbox 2895 5961 2973 6004; x_wconf 86' lang='grc' dir='ltr'>καὶ</span> <span class='ocrx_word' id='word_1_999' title='bbox 2996 5954 3109 6007; x_wconf 76' lang='grc' dir='ltr'>ἀπο,</span> <span class='ocrx_word' id='word_1_1000' title='bbox 3138 5955 3276 6019; x_wconf 59' lang='grc' dir='ltr'>Μαι..</span> <span class='ocrx_word' id='word_1_1001' title='bbox 3306 5954 3580 6018; x_wconf 76' lang='lat' dir='ltr'>etquidem</span> <span class='ocrx_word' id='word_1_1002' title='bbox 3609 5966 3766 6019; x_wconf 76' lang='lat' dir='ltr'>recte,</span> <span class='ocrx_word' id='word_1_1003' title='bbox 3791 5965 3845 6008; x_wconf 75' lang='lat' dir='ltr'>ut</span> <span class='ocrx_word' id='word_1_1004' title='bbox 3869 5962 4078 6009; x_wconf 36' lang='lat' dir='ltr'>vitetur.</span> <span class='ocrx_word' id='word_1_1005' title='bbox 4101 5962 4163 6011; x_wconf 73' lang='grc' dir='ltr'>Δί</span> <span class='ocrx_word' id='word_1_1006' title='bbox 4182 5972 4248 6007; x_wconf 64' lang='grc' dir='ltr'>τος</span> 
     </span>
    </p>
   </div>
   <div class='ocr_carea' id='block_1_116' title="bbox 2603 6016 3265 6079">
    <p class='ocr_par' dir='ltr' id='par_1_116' title="bbox 2603 6016 3265 6079">
     <span class='ocr_line' id='line_1_117' title="bbox 2603 6016 3265 6079; baseline -0.005 -13"><span class='ocrx_word' id='word_1_1007' title='bbox 2603 6016 2723 6079; x_wconf 69' lang='lat' dir='ltr'><strong>liqpi</strong></span> <span class='ocrx_word' id='word_1_1008' title='bbox 2751 6031 2923 6065; x_wconf 85' lang='lat' dir='ltr'>omnes</span> <span class='ocrx_word' id='word_1_1009' title='bbox 2953 6020 3063 6064; x_wconf 76' lang='grc' dir='ltr'>ὅσαι</span> <span class='ocrx_word' id='word_1_1010' title='bbox 3084 6020 3130 6063; x_wconf 87' lang='grc' dir='ltr'>αἱ</span> <span class='ocrx_word' id='word_1_1011' title='bbox 3155 6017 3265 6063; x_wconf 81' lang='grc' dir='ltr'>ἀπό.</span> 
     </span>
    </p>
   </div>
   <div class='ocr_carea' id='block_1_117' title="bbox 2669 6077 3804 6143">
    <p class='ocr_par' dir='ltr' id='par_1_117' title="bbox 2669 6077 3804 6143">
     <span class='ocr_line' id='line_1_118' title="bbox 2669 6077 3804 6143; baseline 0.004 -17"><span class='ocrx_word' id='word_1_1012' title='bbox 2669 6077 2687 6115; x_wconf 72' lang='grc' dir='ltr'><em>τ</em></span> <span class='ocrx_word' id='word_1_1013' title='bbox 2718 6082 2826 6143; x_wconf 65' lang='lat' dir='ltr'>Duo</span> <span class='ocrx_word' id='word_1_1014' title='bbox 2849 6079 3138 6143; x_wconf 53' lang='grc' dir='ltr'>ιιῖεεςπάντα</span> <span class='ocrx_word' id='word_1_1015' title='bbox 3154 6080 3241 6143; x_wconf 66' lang='grc' dir='ltr'>ενι,</span> <span class='ocrx_word' id='word_1_1016' title='bbox 3269 6080 3413 6143; x_wconf 77' lang='lat' dir='ltr'>el_sic</span> <span class='ocrx_word' id='word_1_1017' title='bbox 3434 6078 3548 6128; x_wconf 82' lang='lat' dir='ltr'>Sav.</span> <span class='ocrx_word' id='word_1_1018' title='bbox 3574 6080 3622 6129; x_wconf 90' lang='lat' dir='ltr'>in</span> <span class='ocrx_word' id='word_1_1019' title='bbox 3648 6095 3804 6143; x_wconf 78' lang='lat' dir='ltr'>marg.</span> 
     </span>
    </p>
   </div>
   <div class='ocr_carea' id='block_1_118' title="bbox 2669 6139 4232 6207">
    <p class='ocr_par' dir='ltr' id='par_1_118' title="bbox 2669 6139 4232 6207">
     <span class='ocr_line' id='line_1_119' title="bbox 2669 6139 4232 6207; baseline 0.004 -18"><span class='ocrx_word' id='word_1_1020' title='bbox 2669 6144 2692 6181; x_wconf 67' lang='grc' dir='ltr'><strong>Β</strong></span> <span class='ocrx_word' id='word_1_1021' title='bbox 2716 6140 2867 6189; x_wconf 62' lang='lat' dir='ltr'>[ﬁdem</span> <span class='ocrx_word' id='word_1_1022' title='bbox 2888 6140 2959 6188; x_wconf 68' lang='grc' dir='ltr'>ἐπ’</span> <span class='ocrx_word' id='word_1_1023' title='bbox 2977 6140 3123 6204; x_wconf 71' lang='grc' dir='ltr'>αὐτῷ.</span> <span class='ocrx_word' id='word_1_1024' title='bbox 3151 6140 3275 6190; x_wconf 73' lang='lat' dir='ltr'><strong>Intra</strong></span> <span class='ocrx_word' id='word_1_1025' title='bbox 3303 6139 3450 6192; x_wconf 73' lang='lat' dir='ltr'><strong>iidem</strong></span> <span class='ocrx_word' id='word_1_1026' title='bbox 3471 6145 3624 6205; x_wconf 66' lang='grc' dir='ltr'>ψυχήν</span> <span class='ocrx_word' id='word_1_1027' title='bbox 3648 6148 3724 6191; x_wconf 75' lang='grc' dir='ltr'>και</span> <span class='ocrx_word' id='word_1_1028' title='bbox 3756 6139 3902 6205; x_wconf 53' lang='grc' dir='ltr'>φοϐον</span> <span class='ocrx_word' id='word_1_1029' title='bbox 3930 6146 4111 6207; x_wconf 63' lang='grc' dir='ltr'>οὐδε-ια,</span> <span class='ocrx_word' id='word_1_1030' title='bbox 4136 6142 4232 6195; x_wconf 67' lang='grc' dir='ltr'>εὕει</span> 
     </span>
    </p>
   </div>
  </div>
