4532 6724
502 595 606 646 ενι-ς

502 709 712 763 virtutis
752 709 957 779 apicem
1003 707 1276 776 attigerit,
1320 711 1515 772 quanta
1555 717 1675 757 cum
1717 701 1989 771 diligentia
2021 708 2076 753 et

503 803 842 857 accuratione
904 817 999 870 par
1049 799 1119 851 sit
1172 796 1274 849 hoc
1326 793 1557 849 officium
1607 795 1887 850 exhibere.
1949 789 2080 845 Nam

503 892 603 945 etsi
647 891 976 947 moriendum
1004 888 1072 940 sit
1117 900 1216 955 pro
1255 886 1426 954 capite
1465 896 1588 952 tuo,
1640 899 1746 939 non
1787 881 2073 946 recusabit,

501 984 698 1054 quippe
735 980 826 1052 qui
862 995 966 1033 non
1011 977 1235 1030 naturali
1263 977 1420 1032 modo
1450 978 1567 1048 lege
1593 985 1644 1030 te
1672 972 1800 1028 colit
1824 981 1878 1025 et
1906 972 2079 1028 hono-

505 1085 626 1138 rat,
671 1073 765 1128 sed
803 1086 912 1139 prae
941 1068 1189 1124 omnibus
1238 1080 1452 1139 propter
1493 1071 1691 1131 Deum,
1736 1066 1888 1133 cujus
1913 1067 2081 1136 gratia

518 1172 712 1219 cuncta
735 1160 892 1216 simul
922 1160 1182 1229 despexit.
1208 1160 1340 1215 Cum
1367 1162 1525 1230 igitur
1554 1159 1643 1211 ille
1665 1169 1804 1209 nunc
1827 1155 2084 1210 illustrior

505 1258 572 1310 sit
597 1296 611 1318 ,
656 1251 988 1321 opulentior,
1035 1253 1298 1321 potentior
1325 1262 1380 1306 ct
1417 1248 1708 1310 liberalior,
1749 1257 1803 1303 et
1831 1263 1951 1303 cum
1983 1248 2083 1302 hac

505 1355 648 1400 tanta
674 1343 836 1396 animi
869 1344 1230 1414 magnitudine
1259 1344 1428 1412 magis
1457 1353 1646 1394 servus
1679 1348 1797 1395 tuus
1826 1341 1895 1395 sit
1921 1354 2081 1408 quam

504 1446 684 1499 antea,
715 1449 831 1500 cur,
864 1450 1068 1505 quaeso,
1102 1431 1448 1506 ingemiscis?
1471 1446 1535 1482 an
1565 1432 1685 1500 quia
1711 1432 1948 1502 quotidie
1976 1446 2084 1484 non

507 1528 703 1580 metuis
725 1569 740 1592 ,
773 1543 840 1582 ne
870 1528 922 1582 in
962 1528 1100 1582 bello
1136 1526 1290 1580 cadat
1318 1565 1333 1588 ,
1377 1538 1443 1576 ne
1487 1522 1824 1593 Imperatoris
1849 1524 2084 1576 animum

506 1615 778 1684 offendat,
811 1634 878 1673 ne
906 1619 957 1672 in
986 1614 1410 1671 commilitonum
1437 1613 1688 1668 invidiam
1721 1612 1962 1667 incidat?
1986 1627 2086 1666 an-

507 1723 614 1762 non
642 1717 695 1763 et
720 1709 834 1764 hare
857 1717 911 1763 et
934 1709 1014 1760 his
1035 1706 1194 1758 etiam
1213 1702 1359 1772 plura
1389 1703 1680 1758 illustribus
1701 1702 1826 1755 filiis
1845 1710 2088 1758 metuunt

508 1800 715 1868 patres?
753 1793 1212 1866 Quemadmodum
1240 1793 1383 1848 enim
1412 1795 1502 1864 qui
1534 1809 1757 1864 puerum
1784 1794 1836 1848 in
1864 1792 2085 1848 sublimi

505 1889 621 1944 loco
651 1888 959 1947 statuerint,
1007 1891 1244 1936 metuere
1269 1892 1531 1952 coguntur
1557 1897 1624 1936 ne
1652 1882 1882 1946 decidat,
1926 1882 2000 1937 ita
2032 1891 2086 1938 et

506 1983 541 2035 ii
569 1982 658 2050 qui
687 1980 821 2032 filios
851 1975 917 2029 ad
959 1973 1219 2043 insignem
1261 1973 1571 2043 dignitatem
1618 1975 1938 2044 provehunt.
1979 1975 2085 2031 Sed

502 2072 787 2144 quamdam
825 2067 986 2122 habet
1013 2067 1338 2136 voluptatem
1371 2067 1578 2121 balteus
1599 2108 1613 2132 ,
1643 2076 1697 2121 et
1731 2068 2004 2138 chlamys,
2033 2075 2088 2122 et

506 2162 767 2233 praeconis
797 2175 918 2214 vox.
948 2157 1015 2212 Et
1042 2158 1154 2212 haec
1181 2169 1310 2228 quot
1331 2159 1540 2213 dierum
1567 2161 1761 2228 spatio,
1789 2159 1876 2213 dic
1907 2161 2034 2212 mihi
2061 2159 2084 2212 ?

503 2271 572 2308 an
618 2252 828 2321 triginta
849 2291 863 2312 ,
916 2258 1007 2303 aut
1049 2259 1262 2304 centum
1289 2290 1304 2312 ,
1345 2258 1438 2302 aut
1466 2249 1548 2302 bis
1577 2250 1840 2304 totidem?
1884 2250 2087 2320 Ecquid

508 2343 727 2413 postea?
783 2356 963 2395 nonne
1014 2342 1163 2411 quasi
1212 2340 1515 2402 somnium,
1571 2355 1747 2394 nonne
1789 2348 1850 2393 ut
1886 2340 2084 2404 fabula,

505 2448 685 2487 nonne
707 2440 765 2484 ut
789 2432 977 2484 utnbra
995 2469 1014 2496 ,
1042 2430 1128 2484 illa
1159 2429 1336 2483 omnia
1364 2428 1724 2481 transierunt?
1752 2430 1819 2481 At
1847 2444 1984 2483 nunc
2012 2430 2087 2482 illi

505 2539 671 2593 usque
701 2523 754 2576 in
784 2521 944 2576 finem
975 2523 1148 2575 honor
1175 2520 1274 2574 iste
1303 2527 1600 2587 permanet,
1631 2518 1740 2572 imo
1767 2519 1937 2588 magis
1967 2528 2090 2588 post

503 2622 734 2668 mortem
759 2653 774 2676 ,
817 2620 873 2667 et
918 2611 1132 2682 quidem
1176 2610 1346 2664 multo
1384 2617 1510 2662 tunc
1533 2609 1856 2664 cumulatius
1887 2627 1901 2663 :
1929 2619 2090 2680 atque

503 2705 607 2759 hoc
659 2702 944 2771 imperium
989 2701 1168 2756 nullus
1213 2714 1462 2769 umquam
1502 2700 1599 2768 ipsi
1629 2699 1863 2765 auferet,
1893 2702 2088 2772 quippe

499 2810 624 2848 cum
665 2810 770 2847 non
813 2793 882 2847 ab
912 2793 1128 2846 homine
1168 2790 1218 2844 id
1247 2790 1333 2843 ille
1362 2791 1666 2859 acceperit,
1698 2791 1792 2846 sed
1831 2806 1862 2845 a
1892 2793 2087 2847 virtute

503 2885 638 2955 ipsa.
670 2883 775 2939 Sed
797 2885 1056 2938 voluisses
1085 2897 1207 2938 eum
1236 2882 1468 2951 pretiosa
1510 2882 1759 2937 amictum
1806 2890 1991 2951 veste,
2032 2892 2088 2939 et

501 2991 644 3044 equo
671 2987 882 3029 vectum
927 2973 1144 3038 videre,
1190 2971 1507 3026 famulorum
1555 2974 1808 3042 stipatum
1839 2975 2081 3028 multitu-

499 3064 647 3130 dine,
676 3063 1360 3134 parasitosadulatoresque
1386 3062 1636 3117 alentem.
1665 3061 1773 3116 Cur
1797 3064 1868 3117 ita
1887 3065 2087 3118 velles?

501 3172 630 3211 num
661 3165 720 3210 ut
747 3156 821 3210 illi
850 3155 1176 3224 voluptatem
1218 3168 1285 3208 ex
1324 3154 1406 3206 his
1433 3152 1680 3206 omnibus
1720 3155 1978 3221 pareres?
2029 3155 2086 3210 Si

501 3250 679 3318 itaque
705 3247 854 3301 illum
875 3247 1140 3301 dicentem
1168 3245 1354 3300 audias
1383 3244 1554 3316 (forte
1584 3245 1782 3314 quippe
1805 3245 1960 3300 nobis
1980 3261 2085 3301 non

499 3336 736 3407 credes),
764 3345 913 3392 tanto
937 3351 998 3392 se
1019 3337 1180 3390 vitam
1212 3336 1366 3389 istam
1391 3351 1475 3401 ea,
1507 3350 1667 3404 quam
1693 3335 1891 3406 degunt
1918 3337 2008 3407 qui
2032 3338 2085 3392 in

499 3430 708 3486 deliciis
736 3430 962 3495 vivunt,
1002 3429 1197 3498 quique
1227 3427 1620 3491 meretricibus,
1655 3427 1896 3494 musica,
1925 3444 2086 3498 para-

498 3523 650 3588 sitis,
691 3522 1093 3587 adulatoribus,
1144 3531 1198 3575 et
1240 3520 1480 3574 lasciviae
1515 3535 1577 3574 se
1604 3519 1844 3588 dedunt,
1887 3523 2083 3592 jucun-

497 3612 706 3667 diorem
733 3612 1038 3666 existimare
1061 3653 1076 3677 ,
1117 3620 1176 3665 ut
1212 3610 1364 3664 malit
1391 3610 1598 3666 millies
1627 3611 1797 3677 mori,
1846 3629 2004 3683 quam
2034 3615 2085 3670 ei

499 3706 873 3773 obtemperare
897 3744 912 3768 ,
961 3704 1051 3772 qui
1087 3702 1300 3772 juberet
1337 3701 1439 3757 hac
1467 3701 1686 3757 dimissa
1722 3705 1995 3773 voluptate
2015 3706 2084 3761 ad

501 3796 644 3849 illam
677 3809 737 3849 se
765 3792 1012 3848 conferre
1032 3834 1046 3858 ,
1075 3792 1202 3862 quid
1238 3792 1305 3847 ad
1331 3791 1447 3847 haec
1475 3793 1666 3848 dices?
1705 3793 1840 3848 Num
1870 3795 2083 3866 ignoras

500 3894 752 3954 quantam
779 3885 1104 3964 voluptatein
1128 3887 1297 3955 pariat
1332 3885 1438 3938 vita
1468 3886 1694 3956 negotiis
1725 3887 1923 3940 vacua?
1968 3887 2081 3942 for-

501 3985 644 4030 tasse
686 3991 786 4031 nec
815 3976 954 4030 ullus
993 3975 1045 4030 id
1084 3976 1360 4030 hominum
1394 3976 1578 4040 novit,
1625 3976 1820 4046 quippe
1846 3978 1936 4047 qui
1962 3993 2081 4032 eam

501 4068 663 4120 vitam
694 4083 980 4138 numquam
1007 4082 1137 4136 pure
1158 4069 1468 4137 gustaverit.
1491 4067 1623 4122 Cum
1644 4077 1819 4122 autem
1846 4078 1900 4123 et
1919 4070 2080 4124 clari-

502 4169 583 4214 tas
607 4159 785 4225 adsit,
825 4171 879 4214 et
927 4159 1043 4214 haec
1089 4175 1210 4230 quae
1239 4159 1325 4213 vix
1355 4160 1512 4214 simul
1563 4159 1788 4212 inveniri
1833 4169 2078 4228 possunt,

501 4250 758 4304 securitas
791 4259 844 4304 et
880 4251 1088 4320 gloria,
1131 4250 1258 4319 quid
1304 4249 1403 4304 hac
1441 4250 1546 4302 vita
1592 4249 1944 4318 praestabilius
1969 4253 2082 4306 sit?

504 4340 699 4394 Verum
719 4380 734 4404 ,
762 4339 1000 4408 inquies,
1034 4340 1160 4410 quid
1191 4349 1243 4394 tu
1267 4340 1381 4394 hate
1402 4339 1529 4392 mihi
1560 4337 1817 4392 edisseris
1842 4355 1872 4392 a
1900 4339 2079 4409 philo-

501 4429 688 4498 sophia
732 4430 1130 4487 remotissimo?
1175 4430 1281 4485 Cur
1305 4443 1436 4499 ergo
1464 4437 1647 4482 natum
1673 4444 1884 4498 quoque
1928 4439 2079 4484 tuum

499 4522 568 4575 ad
596 4536 712 4575 eam
755 4521 1012 4577 accedere
1041 4539 1146 4577 non
1177 4523 1352 4578 sinis?
1399 4521 1530 4577 satis
1569 4522 1640 4574 sit
1674 4521 1777 4575 isto
1805 4530 1857 4576 te
1882 4521 2080 4579 damno

499 4617 744 4672 affectum
771 4632 912 4673 esse.
963 4622 1156 4674 Annon
1193 4635 1463 4674 summum
1503 4633 1622 4674 esse
1651 4617 1901 4671 damnum
1930 4617 2046 4670 arbi

500 4709 689 4774 traris,
734 4708 945 4776 quando
985 4709 1050 4763 ad
1093 4721 1390 4764 extremam
1437 4716 1770 4764 senectutem
1816 4706 2074 4776 provecti,

498 4801 620 4871 quia
648 4801 701 4854 in
743 4801 991 4869 primaeva
1043 4810 1200 4856 aetate
1241 4802 1370 4855 nihil
1416 4803 1540 4857 boni
1580 4800 1757 4870 adepti
1781 4800 1909 4854 estis
1933 4839 1948 4864 ,
1983 4812 2078 4853 vos

499 4900 767 4946 senectam
805 4890 1030 4944 moleste
1081 4889 1270 4943 fertis?
1313 4893 1382 4944 At
1423 4891 1541 4945 ideo
1571 4889 1792 4944 moleste
1832 4887 2074 4954 ferimus,

501 4983 729 5054 inquies,
755 4980 896 5051 quod
919 4985 1108 5050 magna
1134 4981 1287 5035 nobis
1307 4983 1590 5037 commoda
1604 4983 1856 5052 juventus
1874 4981 2073 5034 tulerit.

498 5075 628 5144 Quae
654 5071 888 5143 magna?
930 5071 1152 5126 ostende
1178 5087 1361 5127 senem
1382 5115 1396 5135 ,
1447 5075 1534 5143 qtti
1565 5088 1753 5144 magna
1777 5072 1891 5126 haec
1923 5087 2075 5125 com-

499 5166 654 5218 moda
686 5165 896 5218 habeat.
927 5163 981 5217 Si
1015 5163 1155 5218 enim
1187 5163 1276 5216 illa
1318 5162 1626 5231 habuisset,
1659 5162 1919 5218 eteadem
1948 5177 2075 5230 per-

499 5268 835 5310 severassent
860 5298 875 5320 ,
923 5270 1026 5309 non
1065 5254 1246 5322 utique
1286 5262 1344 5306 ut
1373 5253 1456 5308 his
1481 5256 1697 5310 orbatus
1728 5253 1973 5309 omnibus
2003 5254 2073 5306 ita

501 5349 916 5410 lamentaretur;
956 5347 1038 5400 sin
1066 5359 1192 5399 vero
1219 5344 1308 5398 illa
1329 5345 1693 5412 avolaverunt,
1723 5357 1777 5401 et
1803 5359 2076 5399 emarcue—

496 5447 646 5498 runt,
691 5437 958 5506 quomodo
987 5451 1172 5506 magna
1199 5476 1212 5495 ,
1241 5450 1359 5503 quae
1386 5435 1456 5488 ita
1492 5437 1598 5492 cito
1622 5438 1880 5492 exstincta
1906 5433 2072 5488 sunt?

499 5524 656 5591 Atqui
687 5544 788 5580 non
821 5527 922 5580 hoc
950 5528 1086 5580 lilius
1129 5536 1248 5578 tuus
1286 5524 1518 5593 patietur
1541 5567 1556 5592 ,
1595 5528 1688 5582 sed
1716 5528 1759 5581 si
1785 5525 1850 5579 ad
1875 5525 2074 5593 longae-

500 5630 615 5666 vam
646 5633 851 5686 quoque
878 5627 1206 5673 senectutem
1242 5618 1576 5686 pervenerit,
1610 5635 1712 5671 non
1743 5619 1890 5671 illum
1919 5616 2069 5669 vide-

500 5705 579 5759 bis
612 5705 726 5758 hrcc
765 5707 946 5776 iniquo
983 5707 1160 5762 animo
1187 5707 1437 5761 ferentem
1463 5748 1477 5770 ,
1512 5716 1568 5759 ut
1606 5721 1699 5760 vos
1735 5707 1938 5769 facitis;
1977 5705 2069 5759 sed

499 5794 814 5860 gaudentem
841 5836 856 5856 ,
904 5800 1221 5865 gestientem
1263 5808 1316 5851 et
1350 5797 1704 5851 exsultantem
1733 5815 1744 5849 :
1780 5809 1901 5851 tunc
1927 5797 2068 5851 enim

501 5885 634 5938 bona
683 5885 796 5953 ejus
845 5889 1011 5954 magis
1055 5890 1246 5942 ﬂorent
1287 5897 1339 5941 et
1384 5889 1579 5958 vigent.
1641 5886 1844 5943 Vestrae
1890 5895 2067 5942 autem

499 5978 728 6044 divitiae,
783 5976 986 6030 etiamsi
1044 5978 1178 6032 bona
1228 5979 1454 6034 habeant
1499 5977 1796 6046 innumera,
1823 5979 1874 6035 in
1897 5978 2068 6048 primo

1231 585 1590 645 ADVERSUS
1625 585 2165 644 OPPUGNATORES
2209 586 2389 642 νιΤΑῑ
2426 587 2717 645 MONAST.
2759 591 2888 644 LIB.
2929 589 2991 645 ll.

3654 599 3714 652 δέ
3726 596 3757 654 tl

2187 701 2360 756 aetatis
2404 700 2535 754 flore
2571 701 2660 754 illa
2701 701 3032 756 concludunt
3069 719 3081 753 :
3120 717 3224 756 non
3263 704 3390 758 item
3421 705 3502 760 han
3531 708 3752 775 divitiae,

2185 793 2280 847 sed
2317 793 2370 846 in
2399 801 2674 848 senectute
2707 803 2946 860 manent,
2979 794 3400 868 excedentesque
3421 812 3452 852 e
3473 799 3577 853 vita
3604 817 3755 856 com-

2185 883 2382 937 itantur
2422 884 2460 934 ¹.
2495 882 2698 940 Idcirco
2720 898 2817 939 vos
2836 899 2957 938 cum
2977 899 3106 954 opes
3138 890 3191 940 in
3213 897 3486 943 senectute
3513 904 3759 944 crescen-

2187 985 2268 1028 tes
2293 974 2484 1029 videtis
2502 1014 2517 1041 ,
2548 977 2895 1046 plurimaeque
2916 976 3067 1031 vobis
3087 987 3139 1031 et
3162 978 3342 1048 gloriae
3370 990 3424 1035 et
3447 980 3758 1036 deliciarum

2185 1066 2494 1120 occasiones
2524 1077 2846 1137 suppetunt,
2880 1069 3094 1139 indigne
3124 1069 3292 1134 fertis,
3324 1072 3465 1140 quod
3493 1083 3621 1128 actas
3651 1089 3758 1128 non

2185 1155 2444 1221 sufficiat,
2485 1167 2544 1211 ut
2574 1159 2652 1213 eis
2686 1159 2790 1214 frui
2826 1161 3068 1214 valeatis.
3121 1160 3246 1215 ideo
3273 1170 3499 1215 mortem
3537 1163 3758 1231 perhor-

2186 1248 2392 1303 rescitis
2414 1290 2428 1313 ,
2466 1264 2667 1318 vosque
2698 1259 2822 1304 tunc
2848 1253 3076 1307 maxime
3103 1252 3515 1310 miserabiliores
3535 1269 3657 1310 esse
3675 1255 3758 1308 di-

2184 1338 2325 1404 citis,
2345 1352 2463 1392 cum
2485 1338 2537 1391 in
2561 1354 2618 1392 re
2641 1353 2890 1407 prospera
2913 1342 3061 1396 estis.
3078 1339 3273 1396 Contra
3292 1343 3379 1396 ille
3402 1353 3510 1398 tum
3529 1346 3760 1400 maxime

2185 1432 2397 1501 quietus
2440 1433 2574 1495 erit,
2623 1447 2741 1486 cum
2785 1433 3061 1499 senuerit,
3113 1435 3306 1504 quippe
3336 1436 3424 1504 qui
3451 1436 3516 1490 ad
3546 1446 3758 1506 portmn

2188 1533 2459 1592 pr0peret,
2489 1540 2554 1580 ac
2573 1526 2910 1594 juventutem
2936 1540 3151 1596 semper
3175 1527 3438 1596 vigentem
3467 1527 3678 1594 habeat,
3706 1539 3763 1584 et

2188 1611 2255 1664 ad
2301 1623 2627 1668 senectutem
2664 1630 2952 1683 numquam
2990 1625 3192 1686 vergat.
3237 1615 3318 1670 Tu
3349 1632 3476 1671 vero
3505 1618 3666 1672 lilium
3696 1618 3763 1672 iis

2190 1702 2391 1758 deliciis
2434 1706 2534 1758 frui
2576 1707 2874 1772 voluisses,
2923 1721 3146 1775 quarum
3191 1707 3338 1762 illum
3367 1709 3555 1765 millies
3592 1711 3765 1778 poeni-

2191 1793 2380 1847 tuisset
2402 1834 2416 1857 ,
2450 1809 2513 1848 ac
2538 1795 2605 1850 de
2632 1795 2822 1864 quibus
2854 1797 2906 1850 in
2932 1805 3206 1851 senectute
3245 1797 3520 1852 doluisset.
3567 1799 3763 1855 Verum

2189 1882 2356 1950 absit,
2406 1893 2462 1939 ut
2506 1885 2703 1940 inimici
2729 1901 2942 1955 quoque
2969 1887 3136 1940 nostri
3163 1886 3247 1941 his
3279 1887 3486 1942 deliciis
3523 1888 3765 1944 fruantur

2188 1991 2456 2046 umquam.
2501 1977 2702 2047 Ecquid
2739 1986 3072 2032 senectutem
3110 1978 3393 2033 memoro?
3438 1979 3767 2050 quandoqui-

2187 2065 2310 2119 dem
2341 2066 2429 2120 die
2466 2083 2572 2121 uno
2609 2069 2851 2137 voluptas
2891 2069 2978 2122 illa
3009 2069 3184 2123 omnis
3218 2069 3607 2138 exstinguitur,
3657 2071 3764 2125 imo

2189 2172 2295 2209 non
2321 2157 2409 2210 die
2436 2172 2542 2210 uno
2567 2195 2582 2220 ,
2624 2173 2730 2210 non
2760 2173 2862 2210 una
2901 2158 3054 2222 hora,
3082 2159 3175 2212 sed
3221 2160 3271 2212 in
3300 2159 3613 2216 brevissimo
3634 2171 3767 2216 tem-

2188 2247 2336 2317 poris
2385 2257 2678 2303 momento.
2751 2247 2890 2317 Quid
2941 2249 3084 2303 enim
3131 2257 3214 2303 est
3259 2249 3539 2318 voluptas?
3589 2266 3767 2307 nonne

2189 2341 2360 2394 ventri
2399 2356 2458 2394 se
2501 2339 2698 2396 dedere
2720 2383 2736 2408 ,
2780 2340 3095 2411 sybariticas
3138 2355 3350 2395 mensas
3382 2357 3569 2410 parare
3591 2382 3607 2408 ,
3644 2359 3766 2398 cum

2189 2430 2448 2496 speciosis
2469 2431 2784 2486 mulieribus
2811 2430 3062 2501 congredi
3107 2445 3393 2500 porcorum
3423 2433 3588 2488 instar
3625 2449 3684 2489 sc
3715 2435 3768 2489 in

2191 2533 2348 2574 caeno
2373 2519 2763 2574 volutantium?

2265 2609 2350 2664 10.
2400 2608 2682 2680 Voluptatis
2707 2611 2938 2668 brevitas.
2964 2640 3038 2654 —-—
3059 2610 3164 2666 Sed
3202 2611 3270 2668 de
3298 2612 3382 2668 his
3411 2613 3647 2669 nondum
3684 2616 3766 2670 lo-

2190 2715 2416 2768 quamur
2446 2719 2460 2756 :
2492 2702 2703 2758 interim
2733 2704 2859 2772 quid
2899 2706 2968 2759 sit
2993 2705 3234 2776 voluptas
3263 2704 3639 2774 disquiramus,
3671 2723 3771 2761 an-

2190 2805 2296 2843 non
2327 2791 2482 2859 plane
2513 2791 2700 2862 frigida
2734 2803 2788 2847 et
2815 2794 2932 2848 vilis
2959 2797 3030 2848 sit
3051 2813 3065 2849 a
3087 2805 3250 2866 atque
3284 2794 3450 2860 illam,
3492 2797 3537 2850 si
3574 2796 3766 2864 placet,

2189 2879 2419 2948 primum
2449 2882 2469 2913 ⁸
2498 2881 2863 2952 inspiciamus,
2881 2898 2998 2953 quae
3019 2883 3305 2954 jucundior
3333 2883 3560 2951 videtur,
3579 2901 3770 2953 nempe

2187 2970 2386 3036 gulam.
2421 2970 2535 3034 Dic,
2557 2986 2758 3040 quaeso,
2787 2973 2927 3029 illius
2951 2981 3176 3045 tempus,
3200 2984 3470 3045 quotaque
3490 2973 3592 3029 diei
3617 2986 3772 3045 parte

2190 3076 2289 3114 nos
2317 3061 2403 3114 illa
2429 3076 2691 3133 occupare
2722 3065 2889 3132 possit
2920 3083 2933 3118 :
2967 3074 3111 3120 tanta
3136 3076 3306 3137 certe,
3339 3085 3398 3128 ut
3432 3076 3518 3129 vix
3549 3068 3777 3146 perspici

2191 3150 2378 3218 possit.
2410 3149 2542 3204 Nam
2581 3152 2737 3206 simul
2767 3167 2831 3207 ac
2856 3155 3080 3225 quisque
3119 3155 3373 3230 impletus
3414 3163 3589 3231 fuerit,
3625 3167 3777 3222 volu-

2190 3248 2387 3308 ptatem
2431 3241 2686 3296 exstinxit
2716 3259 2730 3294 :
2757 3252 2812 3297 et
2856 3252 2981 3299 ante
3025 3245 3327 3305 satietatem
3374 3252 3575 3309 fluento
3617 3258 3776 3312 citius

2190 3329 2400 3395 transit,
2452 3331 2506 3385 in
2555 3332 2790 3403 ipsisque
2832 3333 3072 3390 faucibus
3112 3335 3316 3408 deficit,
3363 3359 3463 3398 nec
3510 3360 3614 3400 una
3653 3362 3774 3402 cum

2187 3419 2320 3474 cibis
2349 3431 2525 3489 potest
2553 3422 2756 3492 ingredi
2787 3441 2802 3477 :
2832 3425 3013 3480 statim
3033 3427 3180 3484 enim
3205 3439 3367 3501 atque
3397 3434 3627 3503 linguam
3649 3451 3775 3506 per-

2190 3514 2456 3579 transivit,
2491 3515 2596 3569 vim
2628 3517 2789 3570 etiam
2825 3518 3022 3572 amisit.
3056 3517 3254 3591 Taceo,
3303 3526 3504 3596 reliqua
3535 3529 3692 3596 mala,
3721 3542 3776 3586 et

2187 3613 2384 3671 quanta
2428 3620 2494 3659 ex
2543 3605 2645 3660 ista
2696 3607 2972 3677 voluptate
3011 3608 3260 3680 gignatur
3306 3624 3612 3686 tempestas.
3655 3619 3773 3676 Non

2188 3692 2347 3748 modo
2387 3694 2531 3751 enim
2553 3695 2840 3764 jucundior
2867 3697 2954 3768 qui
2983 3699 3052 3752 ab
3082 3700 3170 3756 illa
3207 3702 3461 3772 abstinet,
3491 3707 3588 3762 sed
3612 3710 3772 3765 etiam

2187 3784 2375 3847 levior,
2422 3786 2735 3858 faciliusque
2771 3789 3065 3857 recumbet,
3106 3807 3264 3862 quam
3311 3795 3356 3849 is
3398 3797 3489 3866 qui
3527 3799 3774 3856 satietate

2186 3875 2529 3931 distenditur.
2563 3878 2786 3933 Somnus
2813 3879 2977 3946 enim,
3011 3881 3199 3952 inquit,
3231 3885 3462 3941 sanitatis
3498 3889 3554 3942 in
3589 3891 3774 3946 viscere

2186 3967 2443 4022 moderato
2468 3968 2658 4039 (Eccli.
2691 3971 2780 4025 5i.
2821 3969 2936 4040 24).
2965 3971 3104 4038 Quid
3149 3989 3503 4033 memoremus
3532 3981 3768 4050 morbos,

2187 4074 2432 4125 nauseas,
2455 4061 2806 4130 calamitates,
2830 4062 3120 4133 inanesque
3141 4069 3422 4137 sumptus?
3447 4084 3564 4139 quae
3589 4087 3655 4126 ex
3687 4073 3771 4132 his

2185 4150 2446 4205 conviviis
2483 4151 2625 4218 lites,
2673 4168 2793 4223 qua:
2838 4153 3064 4219 insidiae,
3104 4170 3220 4225 quae
3249 4157 3439 4212 damna
3469 4161 3768 4230 pullulant?

2187 4241 2383 4296 Verum
2419 4258 2581 4298 suave
2609 4254 2692 4299 est
2727 4259 2846 4299 cum
2885 4247 3260 4303 meretricibus
3287 4253 3558 4322 congredi.
3592 4255 3769 4326 Ecqua

2185 4341 2362 4401 potest
2403 4348 2524 4388 esse
2552 4335 2795 4404 voluptas
2825 4336 2878 4390 in
2918 4345 3064 4392 tanta
3109 4339 3464 4408 turpitudine?
3501 4343 3606 4399 Sed
3653 4345 3768 4405 haec

2184 4422 2398 4477 interim
2438 4423 2690 4494 indagare
2731 4427 3062 4492 omittamus,
3105 4445 3204 4485 nec
3230 4430 3298 4486 de
3341 4442 3640 4489 amatorum
3671 4451 3768 4505 puo

2182 4515 2302 4584 gnis
2343 4517 2641 4586 loquamur,
2680 4534 2782 4574 nec
2818 4519 2883 4573 de
2912 4521 3158 4575 rivalium
3201 4525 3634 4582 contentionibus
3678 4530 3763 4585 vel

2182 4608 2607 4662 accusationibus
2637 4626 2650 4662 :
2681 4609 2774 4664 sed
2807 4609 2878 4664 sit
2903 4611 3095 4680 aliquis
3119 4613 3206 4682 qui
3236 4628 3356 4670 cum
3395 4615 3638 4675 libertate
3662 4620 3763 4673 ob-

2183 4713 2363 4753 scaena
2406 4701 2493 4755 illa
2538 4700 2758 4757 libidine
2795 4702 3022 4770 fruatur,
3072 4721 3243 4776 neque
3289 4709 3506 4768 rivahm
3549 4713 3760 4781 habeat,

2182 4803 2357 4858 neque
2407 4792 2476 4845 ab
2517 4793 2717 4846 amasia
2761 4804 3154 4863 contemnatur,
3208 4801 3462 4868 pecunias
3508 4804 3654 4858 velut
3696 4821 3762 4860 ex

2185 4880 2419 4937 fontibus
2451 4883 2667 4940 haustas
2708 4886 2999 4954 impendat,
3031 4889 3238 4947 etiamsi
3285 4891 3402 4948 fieri
3449 4905 3677 4963 nequeat
3706 4907 3764 4952 ut

2181 4973 2298 5030 haec
2322 4977 2499 5030 omnia
2531 4977 2686 5031 simul
2717 4980 3066 5046 conveniant;
3097 4991 3151 5038 at
3177 4983 3225 5036 ci
3254 4984 3342 5053 qui
3387 4985 3607 5041 rivalem
3653 5004 3759 5044 non

2183 5066 2455 5121 habiturus
2495 5077 2578 5122 est
2609 5084 2796 5126 omnes
2821 5071 3098 5131 facultates
3125 5074 3500 5133 exhauriendae
3529 5089 3672 5146 sunt,
3700 5089 3762 5137 ut

2183 5157 2426 5225 largitate
2466 5173 2747 5215 munerum
2777 5162 2909 5217 alios
2937 5177 3124 5219 omnes
3162 5177 3414 5235 superet:
3444 5184 3760 5240 rursumque

2181 5261 2302 5300 eum
2331 5247 2422 5315 qui
2462 5248 2694 5318 inopiam
2735 5251 2954 5316 devitat,
2993 5267 3022 5305 a
3060 5256 3341 5311 meretrice
3379 5268 3661 5327 spernatur
3703 5269 3760 5317 et

2181 5347 2457 5407 respuatur
2506 5349 2738 5408 Oportet.
2790 5341 2983 5396 Verum
3022 5341 3378 5400 concedamus
3430 5348 3559 5402 nihil
3614 5350 3758 5418 ejus-

2179 5429 2321 5482 modi
2347 5429 2479 5493 fore,
2502 5431 2597 5488 sed
2619 5434 2794 5487 omnia
2826 5434 2925 5502 ipsi
2947 5451 3010 5490 ex
3033 5440 3293 5492 sententia
3323 5450 3574 5495 eventura
3597 5458 3753 5498 esse:

2175 5537 2333 5590 quam
2372 5521 2423 5573 in
2465 5521 2548 5575 his
2571 5525 2897 5593 voluptatem
2929 5526 3081 5580 nobis
3115 5536 3264 5594 potes
3291 5530 3611 5586 ostendere?
3639 5533 3752 5588 Non

2177 5613 2318 5665 enim
2362 5612 2412 5664 in
2460 5613 2574 5681 ipso
2623 5630 2940 5685 congressus
2989 5627 3224 5685 tempore
3263 5633 3501 5690 apparet,
3543 5625 3632 5677 sed
3664 5628 3751 5694 qui

2239 5746 2255 5775 ί
2291 5746 2361 5793 Sic
2392 5744 2531 5812 savii.
2559 5753 2611 5796 et
2644 5761 2814 5797 omnes
2855 5756 2959 5812 Mss.
2985 5751 3145 5800 Morel.
3175 5767 3308 5812 vero,
3331 5759 3702 5812 exsertantesque
3724 5775 3751 5810 e

2173 5805 2595 5880 “‘“FW‘QF‘W:
2612 5821 2674 5880 λς
2691 5823 2768 5880 ves
2791 5810 2982 5880 quidem
3007 5812 3238 5880 ριευ-ίηιαδ
3255 5805 3466 5880 ειριοήαε
3483 5805 3749 5870 eratad:

2291 5869 2561 5950 peccantes
2575 5869 2815 5932 habentes,
2838 5869 3032 5936 indigne
3047 5875 3202 5938 fertis,
3238 5869 3351 5938 eui,
3366 5879 3526 5930 multis
3548 5869 3745 5944 praeter?

2174 5942 2348 5977 ηιιχςιδ.

2236 5991 2256 6019 ²
2290 5996 2385 6039 θυι»
2410 5996 2536 6051 Mss.
2561 5993 2779 6059 primum.
