4532 6714
773 611 873 665 ζιῚ

768 729 963 780 coitum
1014 722 1261 791 explevit.
1313 719 1635 785 voluptatem
1684 713 1968 776 exstinxit;
2023 713 2111 781 qui
2161 718 2334 763 autem

768 817 944 870 adhuc
974 816 1026 868 in
1058 826 1347 880 congressu
1383 816 1482 873 est,
1532 823 1636 859 non
1682 806 1733 858 in
1765 804 2029 870 voluptate
2069 803 2195 869 agit,
2245 797 2338 852 sed

771 917 938 969 motu,
968 904 1150 957 aculeo
1176 912 1228 955 et
1259 900 1435 953 furore
1454 905 1508 950 et
1539 895 1745 949 fervore
1775 895 2072 946 vehementi
2095 892 2334 959 agitatur.

772 998 929 1065 Atqui
966 1003 1144 1047 nostra
1176 994 1418 1060 voluptas
1454 1002 1559 1041 non
1588 984 1887 1055 lmjusmodi
1911 993 2014 1049 est,
2048 983 2217 1043 absit;
2248 978 2343 1033 sed

772 1090 1006 1141 animum
1045 1087 1187 1139 omni
1220 1080 1614 1152 perturbatione
1646 1092 1864 1132 vacuum
1896 1085 2092 1139 servat,
2123 1074 2344 1128 nullam-

771 1192 873 1248 que
895 1177 1231 1246 agitationem
1265 1171 1488 1233 inducit,
1519 1169 1613 1223 sed
1650 1182 1831 1238 puram
1861 1166 2143 1234 quamdam
2171 1171 2346 1218 servat

774 1269 1137 1337 integramque
1174 1262 1431 1321 laetitiam,
1460 1274 1681 1328 eamque
1710 1257 2014 1326 gloriosam,
2042 1272 2157 1323 qua:
2189 1254 2343 1305 linem

774 1375 879 1413 non
929 1356 1140 1417 habeat,
1195 1354 1455 1422 longeque
1498 1350 1849 1420 patentiorem
1903 1361 1967 1400 ac
2016 1345 2341 1406 vividiorcm,

774 1465 932 1519 quam
971 1456 1144 1500 vestra
1193 1446 1279 1497 sit.
1331 1442 1481 1509 Quod
1526 1442 1666 1494 enim
1710 1447 1889 1491 nostra
1935 1437 2004 1489 sit
2042 1432 2343 1504 jucundior,

775 1553 932 1608 quam
976 1545 1172 1597 vestra,
1222 1533 1427 1601 liquet:
1459 1544 1579 1582 nam
1624 1535 1855 1580 vestram
1901 1534 2072 1577 metus
2119 1521 2347 1589 abjicere

778 1636 994 1696 potest:
1024 1626 1067 1678 si
1115 1623 1257 1678 enim
1306 1620 1598 1689 Imperator
1645 1616 1811 1670 literis
1858 1624 2084 1668 mortem
2135 1609 2351 1664 commi-

778 1729 951 1782 netur,
993 1718 1059 1771 ab
1099 1730 1160 1768 ca
1191 1714 1458 1782 voluptate
1487 1710 1712 1763 maxima
1761 1722 1880 1776 pars
1910 1706 2179 1759 hominum
2208 1703 2349 1755 absi-

776 1820 899 1864 stet.
941 1806 1188 1860 Nostram
1217 1819 1343 1857 vero
1386 1800 1593 1855 etiamsi
1625 1799 1744 1868 quis
1786 1795 2083 1851 sexcenties
2122 1801 2348 1845 mortem

776 1900 985 1963 inferat,
1028 1912 1135 1951 non
1164 1893 1323 1948 modo
1352 1907 1456 1946 non
1487 1889 1822 1959 persuadebit
1863 1896 1919 1940 ut
1943 1900 2005 1939 ea
2046 1892 2348 1953 spernatur,

782 2005 964 2044 verum
1001 1986 1343 2047 irridebitur;
1385 1984 1519 2035 adeo
1561 1990 1739 2033 nostra
1782 1975 2064 2029 violentior
2104 1974 2259 2027 simul
2301 1982 2354 2026 et

784 2082 1010 2145 dulcior,
1043 2093 1201 2148 quam
1228 2085 1401 2129 vestra
1447 2082 1548 2133 est,
1579 2071 1826 2138 nullaque
1851 2084 2071 2139 prorsus
2099 2076 2180 2120 est
2220 2067 2354 2118 iutcr

781 2184 1058 2240 utramque
1080 2166 1427 2238 comparatio.
1456 2164 1532 2218 Ne
1558 2165 1732 2232 itaque
1759 2161 2001 2214 invideas
2023 2159 2152 2218 filio,
2181 2171 2300 2209 cum
2322 2170 2352 2207 a

780 2264 941 2319 ﬂuxis
982 2261 1154 2325 bonis,
1189 2275 1309 2329 qua:
1349 2272 1415 2312 ne
1452 2257 1714 2310 exsistunt
1754 2252 1989 2321 quidem,
2027 2247 2092 2301 ad
2134 2261 2194 2300 ea
2238 2260 2352 2315 qua:

780 2368 903 2411 sunt
948 2365 1003 2410 et
1047 2362 1262 2409 manent
1306 2367 1366 2405 se
1402 2348 1635 2410 confert;
1669 2360 1838 2413 neque
1878 2344 2062 2410 lugeas
2096 2355 2217 2393 eum
2265 2338 2352 2406 qui

781 2445 1120 2502 beatissimus
1160 2439 1526 2512 prmdicandus
1575 2446 1691 2499 est;
1734 2433 1825 2488 sed
1868 2434 1914 2486 is
1948 2430 2223 2499 lugendus,
2267 2429 2355 2496 qui

786 2554 888 2592 non
915 2537 1036 2592 talis
1070 2544 1174 2600 est,
1205 2533 1400 2602 quique
1427 2529 1479 2582 in
1504 2526 1752 2598 praesenti
1784 2524 1889 2577 vita
1920 2521 2067 2591 quasi
2097 2521 2147 2574 in
2174 2518 2359 2586 euripo

785 2625 1181 2683 circumfertur.
1224 2624 1399 2691 Atque
1443 2628 1497 2671 ut
1541 2617 1605 2670 ad
1636 2628 1897 2669 summam
1925 2608 2360 2665 veniamuszetsi

787 2720 929 2773 enim
961 2726 1015 2770 tu
1051 2715 1259 2784 gentilis
1304 2727 1382 2775 es,
1412 2709 1547 2762 hanc
1577 2716 1749 2761 tamen
1789 2713 2027 2757 nostram
2065 2700 2358 2754 orationem

786 2811 1060 2880 suscipies.
1092 2806 1257 2861 Audis
1285 2817 1428 2871 smpe
1462 2800 1709 2868 Cocytos,
1747 2806 1800 2851 et
1828 2790 2359 2864 Pyriphlegethontas

787 2902 997 2965 ﬂuvios,
1024 2909 1077 2953 et
1104 2895 1283 2967 Stygis
1312 2890 1527 2952 undam,
1560 2898 1613 2942 et
1634 2887 1910 2940 Tartarum
1944 2891 2140 2935 tantum
2170 2896 2197 2931 a
2221 2889 2359 2931 terra

797 2994 1103 3054 distantem,
1150 2992 1403 3056 quantum
1446 2981 1560 3035 haec
1603 2980 1713 3045 ipsa
1762 2975 1921 3029 distat
1959 2989 1987 3026 a
2031 2970 2182 3035 cado,
2209 2968 2362 3038 pluri-

794 3097 1014 3152 mosque
1074 3076 1456 3146 suppliciorum
1521 3068 1725 3124 modos.
1782 3065 1896 3119 Etsi
1945 3061 2085 3117 enim
2138 3059 2251 3113 haec
2306 3066 2364 3111 ut

790 3149 942 3229 erant
968 3182 1217 3226 enarrare
1242 3181 1347 3220 non
1384 3169 1669 3232 potuerunt
1694 3156 1887 3219 Grmci,
1916 3160 2098 3220 utpote
2129 3149 2356 3219 propriis

790 3264 920 3320 moti
948 3258 1256 3321 ratiociniis,
1282 3268 1486 3309 necnon
1509 3246 1879 3303 traditionibus
1902 3252 2205 3297 nostrorum
2230 3239 2366 3292 male

790 3352 1039 3421 acceptis,
1088 3357 1319 3401 attamen
1366 3341 1649 3409 imaginem
1678 3334 1961 3405 quamdam
1998 3330 2182 3400 judicii
2213 3343 2363 3382 acce-

792 3418 1002 3515 perunt.
1030 3440 1267 3506 itemque
1294 3432 1533 3488 invenies
1558 3438 1612 3483 et
1639 3436 1825 3496 poetas
1865 3434 1919 3477 et
1948 3418 2288 3492 philosophos
2314 3425 2367 3470 et

793 3507 1034 3586 ieratores
1078 3535 1238 3595 atque
1289 3535 1446 3576 omne
1486 3518 1801 3586 scriptorum
1842 3524 2009 3581 genus
2053 3513 2150 3562 hac
2202 3507 2269 3560 de
2309 3520 2367 3558 re

794 3619 1247 3693 philosophantes.
1275 3610 1440 3665 Audis
1467 3617 1641 3661 autem
1670 3614 1725 3658 et
1754 3602 1993 3671 Elysium
2018 3612 2282 3665 campum.
2314 3602 2369 3647 et

795 3715 1066 3767 beatorum
1106 3704 1323 3766 insulas,
1355 3710 1408 3755 et
1439 3709 1586 3768 prata
1629 3706 1682 3751 et
1711 3703 1933 3763 myrtos,
1965 3700 2020 3744 et
2062 3702 2243 3742 auram
2288 3694 2367 3740 te-

795 3816 954 3857 nuem
976 3798 1299 3863 odoremque
1326 3787 1694 3843 suavissimum
1716 3799 1730 3848 ;
1756 3784 1949 3836 choros
1974 3779 2097 3832 item
2128 3775 2199 3830 ibi
2226 3790 2369 3829 com-

797 3898 1088 3951 morantes,
1137 3885 1359 3937 amictus
1395 3879 1531 3934 stola
1570 3874 1815 3936 candida,
1865 3872 2089 3925 choreas
2130 3874 2368 3937 agentes,

799 3993 957 4052 atque
987 3980 1212 4048 hymnos
1238 3951 1492 4043 quosdam
1519 3975 1770 4022 canentes
1800 3983 1811 4017 :
1839 3978 1901 4016 ac
1931 3960 2217 4015 universim
2260 3972 2371 4010 ma-

802 4046 943 4125 lisvet
975 4046 1127 4123 bonis
1167 4072 1285 4133 post
1307 4061 1507 4115 obitum
1535 4056 1820 4125 repositam
1858 4066 1955 4120 pro
1990 4048 2198 4103 meritis
2222 4046 2374 4099 retri-

799 4162 1093 4218 butionem.
1123 4154 1240 4221 Quo
1280 4159 1431 4220 putas
1456 4147 1615 4217 igitur
1640 4144 1800 4197 animi
1843 4141 2034 4194 aﬂ‘ectu
2062 4138 2244 4190 vivere
2282 4149 2376 4188 eos

802 4250 894 4319 qui
932 4243 1191 4313 ejusmodi
1237 4238 1583 4307 cogitationes
1615 4240 1853 4294 versant,
1893 4228 2005 4283 sive
2033 4228 2221 4289 bonos,
2264 4223 2376 4275 sive

804 4312 1011 4393 malos?
1039 4333 1224 4387 Nonne
1255 4329 1341 4381 alii
1369 4324 1604 4396 quidem,
1646 4323 1743 4377 etsi
1772 4322 1826 4374 in
1860 4317 2109 4389 praesenti
2153 4315 2260 4368 vita
2284 4312 2377 4365 de-

804 4437 931 4500 gant
967 4427 1082 4480 sine
1120 4435 1352 4477 mmrore
1389 4428 1703 4481 summaque
1750 4426 1868 4463 cum
1906 4409 2193 4475 voluptate,
2225 4402 2375 4473 quasi

805 4496 1033 4588 quodam
1060 4509 1395 4568 conscientia:
1424 4504 1652 4573 ﬂagello,
1684 4501 2087 4566 futurorumque
2116 4496 2377 4549 malorum

807 4585 1215 4677 exspectatione
1241 4613 1451 4666 semper
1481 4595 1847 4652 stimulantur;
1877 4589 1999 4642 boni
2027 4602 2152 4640 vero
2172 4585 2377 4638 etiamsi

813 4675 964 4756 malis
1019 4690 1312 4750 innumeris
1366 4694 1660 4745 vexentur,
1710 4679 1997 4735 secundum
2053 4675 2376 4736 Pindarum,

815 4804 964 4859 spem
1010 4787 1225 4848 habent,
1267 4794 1369 4850 qua
1415 4783 1745 4836 recreentur,
1775 4786 1893 4839 quae
1933 4769 2068 4821 mala
2099 4766 2379 4836 praesentia

816 4855 959 4949 ipsos
986 4891 1083 4929 nec
1119 4872 1317 4928 sentire
1342 4866 1504 4924 sinit?
1529 4864 1708 4932 Itaque
1745 4862 1797 4914 in
1838 4859 1939 4911 hoc
1963 4870 2172 4925 quoque
2213 4855 2383 4920 major

818 4972 934 5025 haec
961 4966 1205 5034 voluptas
1233 4970 1334 5013 est.
1366 4956 1530 5011 Multo
1555 4955 1697 5008 enim
1726 4950 1916 5004 melius
1940 4956 2023 5000 est
2050 4960 2081 4997 a
2113 4954 2380 5010 tempora-

822 5059 937 5113 ucis
974 5032 1245 5110 laboribus
1287 5049 1540 5117 incipere,
1582 5052 1740 5111 atque
1772 5040 1823 5093 in
1855 5037 2114 5092 infinitam
2148 5032 2385 5101 requiem

822 5150 1084 5209 desinere,
1114 5157 1267 5211 quam
1303 5140 1389 5205 iis,
1420 5152 1537 5208 qua:
1566 5130 1943 5203 iucundissima
1971 5126 2216 5179 videntur
2243 5136 2383 5185 esse,

825 5239 1055 5296 breviter
1079 5232 1321 5303 gustatis,
1356 5230 1410 5282 in
1440 5223 1784 5281 acerbissima
1814 5228 1868 5274 et
1902 5217 2210 5287 gravissima
2251 5213 2387 5266 mala

844 5328 1090 5384 ieciderc.
1133 5323 1267 5377 Cum
1308 5328 1482 5373 autem
1530 5316 1595 5368 ad
1639 5314 1752 5367 ha’c
1802 5312 1853 5364 in
1902 5308 2145 5362 confesso
2190 5306 2259 5357 sit
2306 5303 2391 5355 hic

829 5418 987 5473 etiam
1010 5415 1169 5469 vitam
1197 5412 1337 5465 illam
1369 5422 1485 5462 esse
1502 5402 1892 5473 jucundiorem,
1920 5410 2117 5460 nonne,
2156 5401 2215 5446 ut
2242 5392 2391 5445 initio

829 5507 1090 5571 dicebant,
1122 5499 1405 5559 miserandi
1448 5504 1571 5551 sunt
1606 5494 1663 5559 ii,
1705 5493 1794 5561 qui
1819 5490 1886 5545 de
1915 5486 2107 5542 talibus
2136 5483 2287 5538 bonis
2314 5481 2391 5534 la-

1478 602 1535 655 S.
1576 596 1851 653 JOANNIS
1886 587 2358 649 CHRYSOST’OMI
2396 592 2710 647 ARCHIEP.
2750 594 3278 650 CONSTANTINOP.

3904 600 4007 653 513

2452 709 2796 782 crymantnr?
2827 712 2966 764 Sane
3002 712 3144 765 luctu
3188 711 3377 780 dignus
3420 724 3524 763 non
3571 719 3651 764 est
3694 713 3829 766 [ilius
3866 725 4004 779 tuus,

2448 801 2541 854 sed
2584 801 2764 869 plausu
2801 808 2852 852 et
2881 804 3115 865 coronis,
3144 818 3233 871 qui
3270 801 3337 855 ad
3379 799 3710 870 tranquillam
3740 805 3894 856 vitam
3927 817 4008 858 tu-

2452 901 2666 962 tmnque
2708 902 2915 962 portum
2950 906 3008 944 se
3038 895 3256 959 recepit.
3286 896 3355 947 At
3378 896 3695 961 exprobrant
3716 891 3805 944 tibi
3838 906 4013 960 patres

2451 982 2682 1047 plurimi,
2724 996 2945 1051 quorum
2976 980 3067 1032 lilii
3097 980 3151 1033 in
3192 985 3434 1049 prmsenti
3480 980 3675 1035 smculo
3702 993 4011 1044 versantur;

2450 1082 2503 1125 et
2531 1073 2617 1125 alii
2666 1089 2783 1127 cum
2829 1071 3028 1135 vident,
3078 1082 3219 1125 tuam
3263 1075 3429 1128 vicem
3475 1074 3654 1127 dolent
3709 1073 3748 1136 ί,
3795 1072 4017 1125 irrident

2450 1163 2575 1214 alii.
2618 1163 2725 1217 Cur
2769 1174 2821 1217 tu
2886 1178 2989 1216 non
3049 1176 3141 1214 eos
3200 1164 3365 1230 magis
3410 1165 3596 1217 irrides
3634 1173 3688 1217 et
3735 1162 4015 1229 deploras?

2450 1252 2630 1321 Neque
2647 1256 2789 1307 enim
2808 1254 2856 1307 id
2875 1251 3244 1307 attendendum
3262 1263 3341 1304 est
3360 1255 3401 1305 si
3426 1254 3576 1307 nobis
3598 1254 3840 1313 illudunt,
3863 1251 3953 1306 sed
3972 1252 4016 1303 si

2449 1343 2567 1411 jure
2605 1357 2667 1395 ac
2703 1345 2891 1397 merito
2917 1362 2930 1397 :
2955 1352 3008 1398 et
3046 1345 3091 1395 si
3135 1343 3203 1395 ita
3230 1356 3315 1394 res
3355 1357 3412 1394 se
3452 1343 3666 1406 habeat,
3697 1344 3900 1398 etiamsi
3944 1342 4017 1395 illi

2454 1449 2557 1487 non
2595 1432 2821 1497 rideant,
2869 1450 2966 1488 nos
3006 1435 3310 1502 lugeamus;
3353 1432 3434 1485 sin
3469 1448 3592 1485 vero
3631 1435 3818 1501 injuria
3866 1434 3915 1487 id
3946 1435 4021 1486 fa-

2454 1525 2615 1587 ciant,
2643 1524 2850 1577 etiamsi
2878 1540 3065 1578 omnes
3090 1525 3317 1587 rideant,
3350 1536 3448 1575 nos
3475 1530 3651 1576 tamen
3681 1525 3864 1578 beatos
3895 1541 4021 1578 cen-

2456 1629 2685 1677 seamus,
2718 1614 2834 1665 illos
2857 1628 2982 1666 vero
3008 1614 3298 1682 lugeamus,
3333 1619 3518 1680 utpote
3546 1612 3635 1679 qui
3675 1614 3911 1665 omnium
3939 1613 4022 1666 in-

2456 1704 2743 1759 felicissimi
2773 1704 2897 1769 sint,
2930 1713 2982 1757 et
3013 1704 3394 1757 nibiloinsauis
3420 1702 3686 1755 meliores.
3716 1701 4023 1756 Insanurttnt

2456 1798 2651 1865 quippe
2683 1808 2784 1857 eSt,
2822 1803 2875 1847 et
2904 1794 3162 1861 ejusmodi
3207 1794 3390 1847 morbo
3417 1792 3786 1852 laborantium,
3825 1792 3907 1843 illa
3950 1794 4022 1845 ri-

2458 1888 2605 1952 dere,
2638 1901 2755 1954 qua:
2785 1884 3022 1953 plurimis
3052 1884 3293 1937 laudibus
3331 1892 3385 1937 et
3426 1882 3637 1936 coronis
3680 1880 3837 1950 digna
3881 1892 4023 1933 sunt.

2462 1978 2554 2031 Dic
2590 1979 2750 2036 enim.
2787 1991 2987 2044 qumso,
3031 1975 3074 2028 si
3111 1975 3178 2030 de
3218 1976 3324 2028 lilio
3350 1983 3440 2028 tuo
3468 1974 3772 2028 saltatorum
3804 1984 3856 2027 et
3884 1975 4028 2026 auri-

2458 2083 2640 2137 garum
2680 2067 2938 2119 insaniam
2986 2064 3281 2119 admirante
3324 2075 3373 2117 te
3413 2078 3599 2116 omnes
3650 2061 3925 2115 laudarent
3967 2076 4029 2114 ac

2461 2160 2669 2212 beatum
2697 2157 3068 2226 praedicarent,
3111 2172 3285 2209 nonne
3324 2155 3372 2207 id
3412 2153 3693 2207 derisionis
3720 2153 3836 2205 loco
3864 2152 4029 2205 habe-

2461 2250 2584 2302 res?
2619 2248 2753 2313 Quid
2795 2247 2990 2315 igitur?
3041 2247 3085 2299 si
3128 2255 3181 2299 te
3222 2256 3493 2299 strenuum
3536 2242 3736 2293 facinus
3778 2241 4032 2308 laudeque

2466 2340 2681 2407 dignum
2723 2338 2915 2391 edente
2960 2337 3033 2389 illi
3085 2337 3339 2394 riderent,
3381 2331 3581 2398 tibique
3622 2330 4029 2397 exprobrarent,

2462 2444 2639 2483 nonne
2667 2437 2905 2480 amentes
2926 2427 3045 2479 illos
3071 2440 3188 2479 esse
3210 2421 3449 2476 diceres?
3477 2420 3634 2487 Atqui
3659 2419 3759 2472 hoc
3788 2432 3925 2471 nunc
3955 2416 4033 2469 fa-

2466 2521 2669 2573 ciamus
2696 2537 2709 2572 :
2738 2534 2844 2571 non
2886 2515 3238 2570 multitudinis
3266 2511 3521 2581 opinioni,
3554 2509 3649 2564 sed
3674 2509 3912 2576 diligenti
3953 2522 4036 2560 re-

2465 2626 2581 2664 rum
2611 2610 2839 2663 examini
2870 2608 3129 2661 calculum
3165 2606 3231 2658 de
3258 2605 3363 2657 lilio
3396 2612 3487 2655 tuo
3510 2600 3783 2654 ferendum
3813 2598 4036 2667 permit-

2467 2710 2675 2755 tamus:
2702 2708 2757 2753 et
2784 2698 2988 2753 videbis
3022 2697 3266 2750 irrisores
3295 2695 3412 2747 illos
3453 2692 3831 2759 mancipiorum
3865 2691 4038 2758 potius

2467 2804 2623 2859 quam
2667 2788 2955 2841 liberorum
2994 2793 3240 2855 parentes
3279 2798 3418 2844 esse.
3463 2787 3506 2836 si
3550 2797 3734 2836 eorum
3776 2782 3882 2833 nati
3930 2780 4041 2831 lilio

2467 2891 2558 2935 tuo
2581 2888 2973 2948 comparentur.

2541 2971 2768 3024 Historia
2804 2968 3066 3039 cujusdam
3100 2966 3312 3020 solitarii
3339 2966 3483 3029 cuius
3510 2972 3649 3031 pater
3685 2961 3881 3032 gentilis
3907 2969 4037 3013 erat.

2467 3094 2537 3103 —
2555 3063 2704 3117 Nunc
2730 3075 2885 3131 porro
2911 3075 3141 3113 mmrore
3166 3057 3540 3112 obtenebratns
3563 3070 3627 3109 ne
3651 3056 3910 3121 respicere
3930 3053 4042 3121 qui-

2471 3157 2591 3210 dem
2634 3156 2730 3209 ista
2773 3154 3003 3221 poteris;
3036 3167 3156 3205 cum
3190 3159 3365 3203 autem
3399 3150 3629 3201 animum
3660 3144 3954 3205 sedaveris,
3985 3143 4043 3195 ii-

2472 3248 2673 3315 liusque
2704 3255 2821 3298 tuus
2854 3257 3095 3312 magnam
3139 3243 3383 3294 virtutem
3416 3237 3743 3299 exhibuerit,
3775 3250 3877 3289 non
3910 3234 4044 3285 ultra

2473 3336 2563 3390 tibi
2588 3335 2810 3388 aliorum
2833 3347 3078 3386 sermone
3102 3344 3234 3397 opus
3254 3329 3373 3390 erit,
3398 3328 3488 3380 sed
3510 3335 3561 3378 tu
3586 3325 3696 3377 haec
3717 3333 3769 3377 et
3794 3323 3872 3375 his
3898 3332 4044 3390 plura

2473 3428 2589 3481 aliis
2612 3427 2775 3479 dices.
2805 3425 2871 3477 Et
2902 3424 3014 3476 luce
3043 3436 3139 3490 ego
3169 3405 3275 3472 non.
3300 3418 3389 3471 tibi
3421 3427 3617 3471 temere
3645 3414 3919 3473 vaticinor,
3952 3411 4046 3465 sed

2473 3532 2589 3586 qua:
2610 3516 2798 3584 loquor
2820 3521 3067 3580 expertus
3093 3525 3231 3563 sum.
3260 3508 3473 3561 Amicus
3498 3507 3637 3559 enim
3664 3503 3789 3557 mihi
3819 3501 3930 3562 fuit,
3958 3501 4047 3567 qui

2474 3618 2680 3678 patrem
2731 3606 2957 3658 habebat
2999 3602 3299 3665 infidelem,
3339 3600 3591 3661 divitem,
3634 3602 3924 3663 spectatum
3949 3633 3965 3657 ,
3995 3599 4049 3645 et

2474 3698 2823 3766 undequaque
2850 3697 3070 3748 clarum.
3102 3693 3149 3746 ls
3179 3693 3405 3760 primum
3431 3687 3712 3742 concitavit
3752 3683 4045 3752 principes,

2475 3788 2706 3842 minatus
2746 3795 2828 3839 est
2865 3785 3103 3845 vincula,
3144 3782 3415 3850 ipsumque
3460 3777 3708 3832 omnibus
3746 3781 3956 3827 exutum
3997 3772 4049 3825 in

2477 3878 2647 3931 aliena
2674 3885 2814 3929 terra
2843 3873 3067 3941 reliquit,
3094 3868 3405 3924 necessariis
3429 3866 3585 3920 etiam
3614 3859 3874 3918 alimentis
3893 3875 4051 3928 egen-

2481 3977 2610 4031 tem,
2633 3964 2735 4019 hoc
2759 3964 2915 4018 modo
2943 3971 3129 4031 putans
3156 3975 3214 4013 se
3244 3960 3387 4011 illum
3417 3957 3481 4010 ad
3512 3953 3690 4009 smculi
3714 3953 3873 4004 vitam
3898 3950 4052 4003 redu-

2481 4068 2690 4112 cturum
2722 4073 2735 4106 :
2770 4062 3044 4123 postquam
3082 4060 3257 4103 autem
3288 4048 3437 4101 illum
3474 4045 3528 4097 in
3564 4042 3711 4095 nullo
3739 4040 3837 4093 sibi
3864 4040 4052 4092 cedere

2482 4146 2648 4207 vidit,
2676 4144 2844 4197 victus
2880 4140 3087 4195 tandem
3125 4138 3444 4209 palinodiam
3479 4131 3702 4192 cecinit,
3737 4143 3798 4182 ac
3833 4143 3971 4182 nunc
3999 4128 4051 4180 in

2486 4235 2688 4289 honore
2731 4233 2897 4286 filium
2945 4230 3137 4293 habet,
3177 4242 3403 4294 eumque
3438 4222 3603 4289 magis
3632 4234 3787 4288 quam
3828 4220 3870 4271 si
3908 4229 4055 4287 pater

2484 4340 2613 4379 suus
2652 4332 2829 4386 esset,
2870 4330 3193 4375 veneratur:
3226 4329 3452 4381 cumque
3490 4312 3621 4363 alios
3658 4310 3844 4362 habeat
3887 4309 4052 4371 ﬁlios,

2486 4424 2752 4484 Spectatos
2778 4413 2941 4476 viros,
2970 4425 3062 4464 eos
3088 4424 3153 4462 ne
3177 4409 3364 4473 dignos
3388 4402 3597 4470 quidem
3623 4400 3711 4468 qui
3736 4402 3871 4453 servi
3902 4399 4056 4467 hujus

2485 4506 2592 4559 sint
2618 4504 2901 4557 arbitratur
2930 4518 2943 4553 :
2972 4502 3085 4568 ipse
3112 4510 3321 4565 quoque
3352 4500 3564 4561 propter
3590 4491 3753 4543 ﬁlium
3780 4490 3931 4558 longe
3952 4490 4058 4542 cla-

2487 4598 2596 4651 rior
2617 4604 2717 4648 est.
2744 4595 2865 4646 llacc
2886 4592 2936 4643 in
2960 4600 3049 4643 tuo
3072 4600 3278 4655 quoque
3302 4584 3409 4636 lilio
3427 4582 3738 4635 videbimus.
3761 4582 3909 4647 Quod
3932 4594 4059 4632 vero

2489 4705 2594 4742 non
2621 4685 2867 4745 mentiar,
2896 4696 2963 4734 ex
2990 4679 3150 4733 rebus
3180 4677 3307 4744 ipsis
3335 4674 3553 4727 videbis.
3586 4674 3759 4739 Quare
3791 4675 3946 4724 linem
3982 4680 4058 4722 to-

2490 4775 2687 4846 quendi
2714 4773 2922 4833 faciam,
2955 4769 3006 4822 id
3031 4775 3230 4820 tantum
3258 4778 3465 4833 rogans.
3497 4772 3554 4816 ut
3578 4778 3716 4815 anno
3744 4777 3850 4815 uno
3875 4773 4052 4825 exspe-

2492 4877 2626 4928 ctes,
2656 4873 2745 4916 aut
2772 4863 2944 4915 minus
2970 4860 3148 4913 etiam.
3178 4856 3363 4909 Nostra
3388 4855 3579 4924 quippe
3599 4854 3763 4906 virtus
3793 4866 3895 4903 non
3927 4848 4057 4899 mul-

2496 4956 2565 5009 tis
2591 4967 2722 5022 opus
2757 4951 2915 5004 habet
2943 4948 3129 5002 diebus
3149 4986 3163 5010 ,
3196 4954 3372 5012 utpote
3399 4960 3513 5013 qua:
3539 4944 3713 4995 divina
3740 4939 3903 5008 gratia
3942 4934 4060 5000 pul-

2497 5046 2623 5099 lulet
2647 5061 2658 5095 :
2685 5041 2992 5109 videbisque
3011 5052 3073 5091 ea
3094 5035 3267 5089 omnia
3288 5050 3403 5103 qua:
3422 5034 3561 5088 dicta
3581 5040 3722 5092 sunt,
3748 5027 3905 5081 rebus
3930 5022 4061 5088 ipsis

2498 5133 2710 5202 impleta
2748 5147 2761 5186 :
2802 5142 2973 5197 neque
3013 5124 3170 5177 modo
3209 5137 3268 5176 ea
3308 5138 3422 5192 qua:
3464 5122 3599 5175 facta
3638 5126 3759 5170 sunt
3795 5110 4061 5172 laudabis,

2495 5238 2680 5278 verum
2702 5263 2716 5285 ,
2750 5220 2794 5273 si
2828 5227 2881 5271 te
2915 5214 3173 5268 tantillum
3208 5214 3437 5267 excitare
3463 5210 3727 5267 volueris,
3756 5204 3860 5256 cito
3901 5200 4062 5267 ipsius

2498 5314 2718 5368 annulus
2743 5310 2849 5365 eris
2867 5347 2882 5372 ,
2911 5305 3215 5374 magistrum
3242 5303 3441 5357 habens
3470 5304 3523 5355 in
3553 5299 3743 5351 virtute
3771 5291 3956 5345 lilium.

2567 5498 2582 5526 ί
2617 5489 2756 5542 savii.
2775 5492 2825 5539 in
2856 5487 3091 5549 margine,
3111 5490 3155 5536 te
3175 5483 3324 5549 digito
3344 5477 3611 5540 designant.
