4454 6664
849 519 953 579 549

1633 527 1689 580 8.
1731 526 2013 583 JUANNIS
2046 530 2539 587 CIIRYSOSTOMI
2575 531 2901 592 ARCIIIEI’.
2942 536 3496 594 CONSTANTINOP.
4166 548 4240 605 Kh

962 672 4165 723 ____________‘_____________

1668 772 2080 889 ΠΡΟΣ
2139 779 2723 899 ΠΙΣΤΟΝ
2786 786 3396 907 ΠΑΤΕΡΑ

2308 951 2527 1005 ΛΟΓΟΣ
2560 954 2808 1011 ΤΡΙΤΟΣ
2836 972 2887 1013 ⁸.

904 1128 1052 1182 α’.Φέ
1063 1145 1121 1197 ρε
1136 1128 1199 1199 δὴ
1224 1128 1409 1182 λοιπὸν
1430 1129 1522 1183 καὶ
1539 1128 1629 1181 τὸν
1643 1128 1831 1182 πιστὸν
1858 1131 2072 1202 πατέρα
2100 1132 2419 1204 διδάξωμεν,
2434 1136 2516 1188 ὅτι

834 1217 947 1274 τοῖς
978 1214 1262 1282 ὲνάγουσιν
1301 1214 1464 1270 αὐτοῦ
1496 1215 1587 1269 16v
1623 1216 1737 1269 υἱὸν
1785 1216 1921 1288 πρὸς
1959 1218 2021 1270 16
2052 1218 2129 1288 τῷ
2161 1218 2279 1289 Θεῷ
2324 1220 2515 1275 δοκοῦν

832 1297 1089 1370 πολεμεῖν
1112 1302 1175 1355 οὐ
1211 1303 1338 1375 χρή.
1376 1303 1567 1357 Καίτοι
1595 1319 1658 1371 γε
1688 1303 1989 1357 κινδυνεύει
2021 1304 2204 1358 λοιπὸν
2232 1306 2328 1358 καὶ
2356 1299 2514 1372 οὗτος

830 1388 964 1458 ἡμῖν
999 1389 1062 1441 ἐκ
1112 1391 1430 1460 περιουσίας
1469 1393 1498 1443 6
1541 1391 1698 1458 λόγος
1740 1391 2017 1458 γίνεσθαι,
2064 1394 2159 1444 καὶ
2202 1394 2514 1449 τούναντίον

828 1474 1121 1539 ἐκϐαίνειν,
1155 1478 1295 1549 ὅπερ
1328 1478 1637 1549 ἔμπροσθεν
1681 1478 1885 1546 ἔλεγον.
1932 1478 2065 1533 Τότε
2107 1480 2222 1553 [76]
2270 1483 2368 1553 μὲν
2403 1485 2513 1555 γὰρ

825 1562 963 1635 ἔφην
996 1565 1079 1617 ὅτι
1119 1582 1186 1635 με
1226 1566 1320 1618 τοῦ
1348 1567 1563 1635 ἀγῶνος
1594 1567 1785 1622 τούτου
1816 1570 1844 1622 ό
1872 1568 2035 1639 νόμος
2072 1571 2173 1623 οὐκ
2209 1572 2512 1640 ἀναγκάζει

823 1652 963 1722 πρὸς
990 1652 1084 1706 16v
1120 1652 1364 1726 Ἕλληνα
1401 1657 1799 1722 ἀποδύσασθαι,
1836 1657 1973 1711 ἀλλά
2008 1661 2134 1721 τοὺς
2163 1659 2273 1714 ἔσω
2306 1662 2511 1731 κρίνειν

825 1738 988 1808 μόνον
1014 1740 1279 1807 κελεύσας
1304 1745 1333 1796 6
1350 1744 1651 1809 ἀπόστολος
1694 1745 1927 1809 Παῦλος,
1950 1747 2052 1817 τῆς
2073 1748 2210 1818 πρὸς
2230 1749 2356 1812 τοὺς
2379 1748 2511 1815 ἔξω·

821 1827 916 1880 θεν
943 1828 1123 1899 μάχης
1154 1830 1369 1900 ἀφῆκεν
1396 1832 1718 1902 ἐλευθέρους
1742 1834 1909 1902 ἡμᾶς.
1936 1834 2072 1886 Νυνὶ
2097 1834 2174 1900 δὲ,
2205 1836 2282 1898 ὡς
2310 1837 2505 1902 ἔοικεν,

817 1916 937 1969 οὐδὲ
955 1917 1162 1970 τούτων
1191 1919 1357 1987 ἐσμὲν
1387 1918 1676 1971 ὑπεύθυνοι
1698 1919 1725 1957 δ
1753 1918 1860 1970 τῶν
1888 1920 2305 1989 παλαισμάτωνο
2328 1926 2376 1975 εί
2399 1923 2508 1994 γάρ

814 2003 910 2057 καὶ
948 2003 1055 2071 πρὸ
1086 2003 1274 2057 τούτου
1312 2005 1451 2075 πρὸς
1482 2005 1575 2058 τὸν
1607 2005 1935 2076 Χριστιανὸν
1976 2007 2116 2077 ὐπέρ
2151 2008 2360 2060 τούτων
2387 2008 2505 2062 δια-

814 2090 1076 2160 λέγεσθαι
1118 2092 1344 2165 αἰσχρὸν
1374 2089 1513 2146 εἶναι
1543 2092 1738 2156 ἐδόκει,
1768 2092 1949 2163 πολλῷ
1994 2094 2195 2164 μᾶλλον
2226 2093 2341 2149 νῦν.
2377 2098 2504 2161 Πῶς

814 2179 926 2250 γάρ
940 2182 1001 2233 οὐ
1018 2181 1380 2233 καταδύσεται
1408 2182 1437 2232 6
1465 2181 1654 2244 πιστὸς
1683 2181 1825 2252 ὑπὲρ
1856 2181 2058 2236 τούτων
2087 2183 2343 2255 δεόμενος
2359 2203 2502 2257 παρ-

812 2269 1093 2331 αινέσεως,
1129 2268 1270 2339 ὑπὲρ
1302 2261 1377 2320 ὧν
1420 2268 1571 2323 οὐδὲν
1618 2269 1685 2323 ἂν
1717 2272 1849 2341 ἡμῖν
1883 2272 2156 2325 ἀντειπεῖν
2208 2273 2239 2324 6
2274 2272 2503 2338 ἄπιστος

813 2356 959 2426 ἔχοι;
989 2355 1055 2408 Τί
1103 2349 1227 2417 οῦνς
1265 2355 1566 2425 σιγήσομεν
1593 2355 1681 2409 διὰ
1708 2356 1890 2423 τοῦτο,
1927 2358 2022 2412 καὶ
2051 2358 2207 2412 οὐδὲν
2234 2358 2498 2431 ἐροῦμεν;

812 2439 1101 2511 Οὐδαμῶς.
1138 2442 1201 2493 El
1229 2440 1338 2511 γὰρ
1361 2436 1430 2512 ἦν
1462 2459 1547 2505 τις
1579 2444 1608 2496 6
1637 2443 1699 2495 16
1723 2442 1921 2513 μέλλον
1948 2446 2375 2517 ἐγγυησάμενος,
2409 2448 2504 2500 καὶ

812 2529 1175 2597 καταστήσων
1205 2528 1547 2599 δῆλονέὴμῖν,
1597 2530 1673 2592 ὠς
1716 2530 1894 2591 οὐδεὶς
1936 2530 2089 2584 ἔσται
2134 2531 2321 2585 λοιπὸν
2364 2534 2393 2586 6
2432 2532 2502 2585 16

811 2619 1040 2673 τοιαῦτα
1068 2618 1353 2689 τολμήσων
1381 2628 1428 2683 ο,
1466 2620 1561 2673 καὶ⁴
1594 2619 1742 2689 ἡμᾶς
1772 2619 1879 2673 ἔδει
1912 2618 2010 2690 τὴν
2045 2620 2281 2691 ἡσυχίαν
2319 2620 2495 2689 ἀγειν,

810 2708 908 2761 καὶ
937 2711 1050 2771 τοῖς
1078 2706 1411 2778 παρελθοῦσι
1427 2707 1760 2778 χαρίσασθαι
1785 2707 1848 2761 16
1867 2706 2074 2762 λαθεῖνο
2103 2708 2227 2761 ἐπεὶ⁵
2240 2708 2286 2761 δ’
2309 2708 2500 2764 οὐδένα

807 2792 1017 2847 τούτων
1049 2794 1364 2860 ἀξιόπιστον
1404 2793 1603 2864 ἔχομεν
1655 2796 1952 2865 ἐγγυητὴν,
1999 2795 2275 2863 ἀναγκαία
2314 2794 2500 2849 λοιπὸν

808 2883 844 2951 ἡ
873 2880 984 2933 τῶν
1011 2880 1185 2948 λόγων
1216 2879 1557 2950 παραίνεσις.
1593 2881 1688 2933 Ἂν
1718 2881 1819 2950 μὲν
1851 2880 1960 2952 γάρ
1984 2880 2119 2953 εὕρῃ
2140 2882 2268 2944 τοὺς
2292 2882 2499 2953 ταύτην

805 2967 1099 3031 νοσοῦντας
1127 2966 1229 3038 τὴν
1262 2967 1435 3033 νόσον,
1477 2967 1773 3039 ἐργάσεται
1805 2968 1866 3021 16
1893 2970 2084 3039 αὐτῆς
2116 2968 2183 3022 ἀν
2212 2968 2269 3021 δέ
2304 2969 2500 3040 μηδεὶς

806 3057 874 3126 τῇ
903 3054 1187 3126 ἀρρωστίᾳ
1221 3054 1522 3126 περιπέσῃ.
1555 3056 1694 3126 ὅπερ
1719 3056 1992 3126 εὐχόμεθα
2013 3055 2224 3124 γέγονε.
2244 3055 2356 3108 Καὶ
2385 3054 2496 3125 γὰρ

805 3144 920 3206 τοῖς
946 3144 1153 3212 ἰατροῖς
1178 3141 1319 3212 μετά
1340 3142 1401 3194 16
1424 3143 1842 3213 παρασκευάσαι
1859 3141 1886 3181 ἀ
1915 3146 2028 3206 τοῖς
2050 3141 2393 3213 ἀρρωστοῦσι
2426 3142 2495 3195 τά

806 3230 1108 3301 φάρμακα,
1155 3229 1323 3300 εὐχῆς
1359 3228 1521 3299 ἔργον
1563 3229 1707 3292 ἐστὶ,
1762 3230 1898 3301 μηδὲ
1946 3232 2026 3293 εἰς
2076 3230 2268 3300 χρείαν
2315 3231 2495 3284 αὐτῶν

805 3316 1149 3387 καταστῆναι
1192 3317 1284 3371 τὸν
1318 3318 1622 3387 κάμνοντα’
1659 3317 1756 3371 καὶ
1795 3319 1959 3388 ἡμεῖς
2005 3317 2186 3371 τοίνυν
2221 3316 2495 3387 εὐχόμεθα

808 3406 909 3475 μὲν
946 3404 1136 3475 μηδενὶ
1182 3403 1291 3458 τῶν
1322 3403 1570 3475 ἀδελφῶν
1601 3404 1710 3457 τῶν
1739 3404 2029 3476 ἡμετέρων
2066 3403 2257 3475 χρείαν
2290 3403 2495 3475 ταύτης

804 3492 1061 3560 γενέσθαι
1107 3492 1210 3562 τῆς
1264 3492 1672 3564 παραινέσεως
1724 3494 1773 3546 εί
1816 3492 1863 3546 δ’
1900 3492 2010 3563 ἀρα
2059 3492 2292 3560 γένοιτο,
2341 3493 2371 3546 6
2418 3494 2493 3564 μὴ

805 3580 1034 3647 γένοιτο.
1084 3582 1113 3633 6
1156 3580 1447 3649 δεύτερος,
1499 3580 1642 3634 κατά
1682 3579 1783 3648 τὴν
1826 3578 2150 3651 παροιμίαν,
2188 3579 2386 3642 αὐτοὺς
2430 3580 2493 3632 οὐ

802 3665 1154 3735 διαφεύξεται
1196 3665 1384 3729 πλοῦς.
1420 3665 1844 3720 Διαπλαττέσθω
1891 3666 2071 3719 τοίνυν
2109 3666 2203 3719 καὶ
2240 3666 2269 3718 6
2300 3664 2494 3729 πιστὸς

803 3755 937 3825 ἡμῖν
973 3756 1074 3825 ἡδη
1112 3753 1375 3819 τοιοῦτος,
1426 3749 1538 3817 οἷος
1587 3755 1616 3807 6
1648 3755 1899 3818 ἄπιστος,
1944 3754 2042 3807 καὶ
2079 3753 2261 3807 πάντα
2297 3753 2493 3824 ἐκείνῳ

802 3842 1197 3914 προσεοικέτω,
1225 3841 1366 3912 πλὴν
1385 3842 1486 3911 τῆς
1514 3842 1642 3912 περὶ
1662 3840 1722 3893 16
1740 3840 1893 3895 Θεῖον
1908 3838 2086 3910 δόξης,
2103 3840 2201 3893 καὶ
2223 3839 2494 3911 θρηνείτω

801 3931 981 4001 ὃμοια⁴
1017 3932 1113 3983 καὶ
1143 3929 1606 3999 προκυλινδείσθω
1628 3928 1738 3982 τῶν
1767 3927 1946 3981 ποδῶν
1967 3928 2077 3981 τῶν
2097 3928 2375 3993 ἁπάντων,
2398 3927 2493 3981 καὶ

800 4017 902 4088 τὴν
932 4018 1124 4071 πολιὰν
1152 4016 1563 4089 προὸαλλέσθω,
1583 4017 1679 4070 καὶ
1697 4016 1760 4069 16
1779 4015 1850 4087 γῆ
1860 4033 1977 4087 ρας,
1998 4017 2091 4069 καὶ
2107 4016 2205 4087 τήν
2228 4017 2328 4086 έρη
2339 4015 2489 4085 μίαν,

802 4106 901 4160 καὶ
931 4105 1111 4158 πάντα
1148 4106 1334 4157 ἐκεῖνα
1362 4104 1588 4173 λεγέτω,
1618 4105 1714 4157 καὶ
1740 4104 1959 4157 κινείτω
1983 4104 2122 4175 πρὸς
2145 4105 2269 4158 ὅσον
2297 4101 2486 4171 βούλε-

798 4208 893 4246 ται
923 4193 1093 4264 ὀργῆς
1133 4194 1262 4256 τοὺς
1299 4192 1641 4257 δικάζοντας·
1677 4190 1877 4261 μᾶλλον
1909 4192 1967 4244 δὲ
2003 4193 2096 4245 καὶ
2130 4192 2267 4262 πρὸς
2297 4190 2486 4243 τοῦτον

800 4280 985 4334 οὐκέτι
1010 4282 1143 4352 ἡμῖν
1170 4281 1259 4334 ἐπ’
1275 4278 1581 4351 ἀνθρώπων
1598 4280 1747 4332 ἐστὶν
1773 4279 1806 4349 ἡ
1827 4277 1970 4349 δίκη·
1990 4279 2191 4349 ἡκουσε
2217 4290 2241 4317 ο
2262 4277 2371 4349 γὰρ
2386 4279 2486 4331 ὅσα

799 4367 1199 4436 ἐφιλοσόφησαν
1222 4367 1351 4437 παρ’
1373 4369 1508 4437 ἡμῖν
1540 4368 1590 4420 οί
1612 4365 1706 4419 τοῦ
1738 4365 1883 4419 θείου
1914 4364 2294 4437 πληρωθέντες
2318 4364 2487 4418 Πνεύ-

803 4472 973 4526 ματος
1002 4454 1279 4525 ἄνθρωποι
1312 4457 1441 4526 περὶ
1462 4454 1556 4508 τοῦ
1588 4452 1819 4523 φρικτοῦ
1848 4455 1943 4507 καὶ
1970 4453 2205 4524 φοϐεροῦ
2230 4452 2486 4524 δικαστη-

802 4547 941 4616 ρίου,
977 4546 1070 4599 τοῦ
1095 4546 1235 4617 μετά
1256 4545 1357 4616 τὴν
1386 4546 1636 4599 ἐντεῦθεν
1657 4545 1988 4615 ἀποδημίαν.
2009 4543 2118 4597 Καὶ
2147 4544 2230 4596 δεῖ
2254 4542 2360 4613 πρὸ
2376 4542 2483 4595 τῶν

799 4634 976 4688 ἀλλων
1010 4634 1268 4688 ἁπάντων
1313 4632 1529 4703 ἐκείνης
1560 4632 1724 4686 αὐτὸν
1767 4631 2077 4701 ἀναμνῆσαι
2109 4630 2209 4701 τῆς
2246 4628 2481 4700 ἡμέρας,

799 4722 896 4775 καὶ
921 4720 1016 4776 τοῦ
1047 4722 1362 4794 ποταμηδόν
1386 4721 1604 4791 ῥέοντος
1630 4720 1821 4791 πυρὸς,
1850 4720 1950 4789 τῆς
1970 4718 2228 4771 οὐδέποτε
2264 4716 2482 4771 σϐεννυ-

802 4809 970 4881 μένης
998 4811 1216 4879 φλογὸς,
1241 4811 1340 4880 τῆς
1362 4809 1768 4880 ἀφανιζομένης
1787 4809 2028 4869 ἀκτῖνος,
2054 4806 2152 4874 τῆς
2169 4806 2481 4876 κρυπτομέ-

798 4914 897 4968 νης
930 4898 1181 4968 σελήνης,
1210 4897 1320 4951 τῶν
1358 4898 1667 4951 πιπτόντων
1699 4896 1939 4968 ἄστρων,
1974 4892 2084 4947 τῶν
2115 4892 2478 4961 ἐλισσομένων

795 4982 1064 5055 οὐρανῶν,
1087 4984 1195 5036 τῶν
1224 4983 1600 5054 κλονουμένων
1628 4983 1932 5053 δυνάμεων,
1952 4981 2053 5051 τῆς
2080 4978 2478 5048 τινασσομένης

797 5070 1134 5141 πανταχόθεν
1162 5071 1256 5125 καὶ
1290 5069 1777 5141 ἀναϐρασσομένης
1806 5069 1908 5138 γῆς
1927 5108 1941 5133 ,
1984 5070 2083 5138 τῆς
2113 5064 2354 5136 φοϐερᾶς
2385 5066 2479 5119 καὶ

793 5160 1100 5229 ἐπαλλήλου
1130 5160 1239 5214 τῶν
1280 5160 1601 5229 σαλπίγγων
1629 5157 1792 5229 ἡχῆς,
1824 5157 1932 5209 τῶν
1954 5154 2346 5226 διατρεχόντων
2376 5155 2477 5224 τὴν

795 5249 1122 5320 οἰκουμένην
1156 5250 1421 5319 ἀγγέλων,
1451 5248 1560 5302 τῶν
1592 5244 2013 5319 παρεστηκυιῶν
2053 5242 2330 5315 χιλιάδων,
2367 5242 2475 5293 τῶν

794 5335 1227 5411 λειτουργουσῶν
1251 5336 1547 5408 μυριάδων,
1570 5335 1680 5389 τῶν
1710 5334 1830 5404 μετ’
1852 5331 2014 5385 αὐτοῦ
2040 5328 2135 5383 τοῦ
2166 5327 2355 5399 κριτοῦ
2378 5344 2480 5381 πα-

799 5426 1168 5497 ραγινομένων
1198 5426 1307 5478 τῶν
1347 5423 1728 5494 στρατοπέδων
1762 5418 1810 5483 ί,
1852 5417 1946 5471 τοῦ
1994 5415 2303 5488 ἔμπροσθεν
2335 5414 2474 5485 λάμ-

858 5537 883 5564 ¹¹
910 5535 1106 5584 Titulus
1122 5534 1189 5583 sic
1210 5536 1361 5584 habet
1398 5535 1449 5581 in
1472 5532 1661 5581 duobus
1682 5545 1819 5594 ms$._
1846 5533 1900 5594 εί
1937 5528 2007 5575 sic
2025 5528 2158 5594 ‘Iegil.
2196 5526 2467 5594 ξιιμ-τρῖβε.

793 5600 848 5648 In
876 5598 1166 5659 edilis_vero
1188 5598 1324 5658 λόγος
1346 5596 1500 5659 τρίτος
1526 5596 1682 5659 deest.
1710 5590 1855 5659 ln_ili0
1878 5591 1997 5659 il_em
2025 5588 2189 5657 λοιπόν
2213 5587 2471 5659 όρςίιίετέιτ

792 5647 873 5709 iur
895 5662 947 5707 in
968 5657 1161 5707 dubbus
1183 5647 1451 5707 r11s§.'ln't'ra
1475 5647 1556 5704 καί
1581 5662 1696 5703 ante
1723 5654 1863 5707 οὗτος
1901 5651 2045 5698 deest
2073 5649 2120 5697 in
2147 5662 2246 5697 uno
2271 5647 2376 5695 cod.
2410 5647 2471 5695 lit

790 5724 937 5784 paulo
963 5730 1077 5783 post
1100 5728 1309 5781 uterque
1335 5720 1538 5768 ἐκϐαίνει
1564 5717 1738 5784 ίιοὶξρι..
1803 5778 1814 5784 _
2076 5773 2104 5784 η
2175 5771 2205 5784 ,ι
2247 5770 2253 5777 ,

852 5784 879 5822 b
904 5771 1053 5831 Sa'vil.
1081 5785 1127 5832 in
1153 5771 1290 5830 lex-tu
1316 5790 1364 5828 «at
1389 5784 1484 5829 duo
1505 5793 1617 5829 mss.
1635 5779 1774 5839 ἐσμὲν
1798 5771 2226 5831 ὑπεύθυνοιβειίὶ.
2244 5771 2459 5831 inmarg.

792 5854 844 5893 et
864 5846 1031 5893 Morel.
1054 5846 1195 5907 ἐσμὲν
1220 5843 1465 5907 ἐλεύθεροι.
1486 5904 1493 5907 γ
1648 5901 1659 5907 _
1953 5897 1966 5907 .
2030 5898 2039 5907 .

853 5910 878 5939 θ
902 5907 1047 5955 Savi1.
1072 5897 1124 5954 ei
1155 5906 1327 5954 Morel.
1351 5897 1608 5968 τολμήσας,
1631 5901 1728 5968 ςιιιο
1751 5912 1879 5968 ῐιιεςίι
1895 5897 1972 5944 το)
1984 5898 2165 5957 μήσων.
2244 5956 2255 5968 ’

850 5970 875 6007 ἀ
898 5968 1048 6017 Iidem
1076 5982 1185 6015 mss.
1214 5955 1729 6019 παωσκεύἀσαιξὸδν.
1765 5968 1817 6008 (ξι
1838 5959 1956 6007 Mur.
1984 5955 2457 6019 παρασκευάσασθαι.

853 6035 877 6062 θ
901 6033 1046 6079 Savil.
1077 6039 1129 6078 eL
1154 6018 1325 6079 More).
1352 6031 1551 6083 ἢκουσε.
1589 6035 1642 6073 ει
1664 6028 1737 6090 δίε
1756 6024 1880 6084 legit
1916 6022 2164 6089 ἱππεῖ-ντες
2210 6018 2319 6068 Duo
2343 6031 2451 6064 mss

785 6095 1009 6152 ἥκουσα-ι,
1042 6093 1148 6144 Mux
1179 6106 1304 6141 unus
1328 6091 1432 6139 cud.
1460 6090 1558 6149 7:73
1584 6090 1637 6135 vi:
1662 6090 1743 6134 έο)
1766 6101 1973 6143 ςρικτονσ

2624 1157 2820 1229 ποντος
2849 1147 3098 1216 σημείου,
3129 1146 3225 1201 τοῦ
3252 1147 3539 1219 τιθεμένου
3562 1154 3775 1224 θρόνου,
3803 1154 3909 1209 τῶν
3939 1158 4251 1229 ἀνοιγομένων

2625 1223 2981 1317 βὶςλιθν,.σξῆς
3013 1230 3306 1317 ἀπροσίτου
3334 1232 3514 1317 δόξης,
3550 1223 3651 1308 τῆς
3679 1239 3918 1311 φοϐερᾶς
3948 1240 4039 1293 καὶ
4064 1223 4251 1314 φρικτῆς

2620 1308 2713 1395 τοῦ
2746 1308 3062 1378 δικάζοντος
3095 1313 3300 1385 φωνῆς,
3341 1316 3470 1379 τοὺς
3506 1318 3609 1387 μὲν
3635 1323 3716 1384 είς
3756 1308 3831 1375 16V
3851 1322 3965 1395 πῦρ
3996 1308 4251 1395 πέμποντος

2620 1393 2680 1445 16
2707 1395 3114 1476 ἡτοιμασμένον
3150 1400 3226 1470 τῷ
3260 1399 3490 1470 διαϐόλῳ
3534 1402 3630 1454 καὶ
3671 1408 3785 1468 τοῖς
3824 1393 4075 1476 ἀγγέλοις
4104 1410 4251 1475 αὐτώ,

2621 1476 2744 1538 τοὺς
2774 1474 2829 1527 δὲ
2871 1476 2982 1528 τῶν
3031 1478 3212 1551 θυρῶν
3258 1481 3667 1548 άποκλείοντος,
3701 1488 3843 1553 μετὰ
3873 1474 3969 1543 16v
4007 1490 4155 1544 πολὺν

2622 1558 2920 1629 παρθενίας
2937 1560 3121 1625 πόνον,
3162 1566 3259 1618 καὶ
3295 1565 3402 1619 τῶν
3428 1564 3688 1618 διακόνων
3718 1569 3885 1622 αὐτοῦ
3921 1576 4035 1636 τοῖς
4058 1575 4145 1644 μὲν
4162 1558 4253 1628 ἐπίι

2619 1642 2992 1728 τάττοντοςτά
3010 1642 3227 1709 ζιζάνια
3243 1649 3402 1721 δῆσαι
3429 1649 3523 1702 καὶ
3543 1649 3623 1714 είς
3645 1649 3745 1721 τὴν
3770 1652 4006 1723 κάμινον
4024 1642 4253 1728 ἐμδαλείν,

2618 1728 2731 1810 τοῖς
2759 1727 3033 1791 δὲ-άλλους
3056 1729 3209 1793 τινάς
3248 1733 3597 1801 συμποδίσαι,
3627 1732 3724 1785 καὶ⁵
3748 1732 3826 1785 τὼ
3845 1738 4001 1805 χεῖρε
4027 1727 4256 1810 στραγγα-

2617 1806 2807 1893 λῶσαι,
2842 1812 2935 1864 καὶ
2960 1812 3272 1881 ἀπαγαγεῖν
3294 1816 3375 1879 είς
3393 1816 3456 1869 16
3489 1817 3677 1881 σκότος
3702 1816 3764 1869 16
3792 1806 4256 1893 ἐξώτερονξκαλιτῷ

2617 1892 2902 1963 ἀνηκέστῳ
2935 1903 2961 1942 8
2989 1894 3327 1965 παραδοῦναι
3365 1898 3476 1952 τῶν
3515 1900 3742 1953 ὀδόντων
3769 1898 4031 1971 βρυγμῷο
4053 1900 4160 1973 ίΠ]
4187 1907 4257 1959 καὶ

2614 1976 2705 2027 τὸν
2736 1975 2835 2044 μὲν
2863 1976 3001 2047 ὑπὲρ
3040 1977 3362 2033 ἀκολάστων
3399 1981 3697 2053 ὀφθαλμῶν
3726 1981 3909 2053 μόνον,
3952 1984 4047 2036 τὸν
4069 1984 4123 2036 δέ
4148 1987 4258 2056 ὑπὲρ

2613 2057 2843 2127 ἀκαίρου
2891 2060 3148 2126 γέλωτος,
3186 2062 3279 2114 τὸν
3319 2063 3377 2116 δέ
3431 2065 3517 2119 ὃτι
3558 2066 3651 2119 τὸν
3690 2065 3918 2135 πλησίον
3945 2064 4259 2131 κατεδίκαζεν

2610 2138 3002 2206 ἀνεξετάστως,
3035 2143 3127 2195 τὸν
3161 2143 3219 2196 δέ
3251 2144 3334 2197 ὅτι
3376 2147 3540 2216 μόνον
3574 2149 3956 2220 ἐκακηγόρησε
3980 2148 4035 2213 ι,
4068 2150 4259 2217 σφοδρο-

2610 2220 2745 2291 τάτῃ
2799 2222 2895 2275 καὶ
2943 2221 3308 2296 χαλεπωτάτῃ
3352 2228 3633 2295 μετιόντος
3675 2229 3917 2283 κολάσει·
3948 2230 4033 2282 ὃτι
4054 2229 4155 2297 γάρ
4188 2232 4260 2281 καὶ

2610 2302 2814 2357 τούτων
2842 2307 3020 2359 κεῖται
3046 2308 3311 2378 τιμωρία,
3332 2308 3499 2362 αὐτοῦ
3528 2310 3624 2363 τοῦ
3655 2312 3941 2381 μέλλοντος
3973 2311 4187 2377 ἐπάγειν
4209 2310 4262 2363 τὰ

2613 2386 3009 2459 βασανιστήρια
3034 2389 3183 2444 ἔστιν
3215 2390 3447 2445 ἀκοῦσαι
3486 2392 3737 2461 λέγοντος
3780 2395 3877 2448 καὶ
3920 2392 4257 2452 ἀπειλοῦντος.

2610 2470 2755 2541 Πρὸς
2779 2471 2967 2525 τοῦτον
2994 2473 3203 2537 πάντας
3230 2476 3379 2545 ἡμᾶς
3404 2475 3653 2529 ἐντεῦθεν
3676 2476 3933 2530 ἀπελθεῖν
3960 2476 4166 2546 ἀνάγκη
4188 2476 4257 2527 τὸν

2607 2550 2890 2622 δικαστὴν,
2919 2555 3014 2607 καὶ
3046 2555 3143 2625 τὴν
3172 2557 3386 2626 ἡμέραν
3419 2558 3640 2629 ἐκείνην
3676 2558 3823 2622 ἰδεῖν,
3862 2559 3987 2612 καθ’
4016 2560 4082 2629 ήν
4108 2559 4260 2628 γυμνᾶ

2605 2633 2701 2685 καὶ
2730 2637 3202 2707 τετραχηλισμένα
3231 2640 3431 2702 πάντα,
3456 2640 3518 2692 οὐ
3540 2640 3611 2692 16
3638 2641 3945 2711 πράγματα
3966 2642 4135 2710 λέγω,
4164 2640 4260 2695 οὐδὲ

2607 2716 2678 2771 16
2709 2718 2930 2789 ῥήματα
2961 2719 3144 2789 μόνον,
3174 2720 3311 2774 ἀλλά
3349 2722 3445 2774 καὶ⁸
3472 2721 3615 2775 αὐτὰ
3643 2722 3713 2775 16
3741 2725 4013 2794 νοήματα.

2680 2856 2859 2928 βηιίαλ⁸
2868 2858 2975 2929 γάρ
2986 2859 3093 2912 τῶν
3102 2858 3402 2914 δοκούντων
3415 2854 3556 2915 εἶναι
3569 2860 3783 2933 μικρῶν
3798 2862 4048 2927 νῦν,τότε
4060 2862 4261 2936 φτιδεράς

2612 2942 2882 3011 ὑφέξομεν
2915 2941 3015 3005 τὰς
3043 2940 3292 3005 εὐθύναςο
3320 2941 3494 3007 οὕτως
3522 2945 3551 2996 6
3589 2945 3783 3015 κριτὴς
3818 2946 3964 3014 μετά
3994 2946 4097 3015 τῆς
4124 2946 4261 3015 αὐτῆς

2607 3024 2894 3095 ἀκριϐείας
2920 3025 3024 3094 τήν
3063 3041 3122 3078 τε
3151 3026 3427 3096 ἡμετέραν
3456 3027 3550 3079 καὶ
3569 3027 3670 3097 τὴν
3695 3026 3805 3079 τῶν
3832 3028 4068 3096 πλησίον
4092 3030 4259 3099 ἡμᾶςί

2605 3108 2833 3160 ἀπαιτεῖ
2854 3108 3154 3177 σωτηρίαν.
3175 3108 3276 3161 Διά
3291 3107 3449 3161 τοῦτο
3463 3111 3492 3161 6
3509 3108 3720 3172 Παῦλος
3737 3112 4018 3180 πανταχοῦ
4037 3113 4263 3182 παραινεί

2605 3188 2680 3259 μὴ
2706 3189 2768 3241 τὸ
2803 3189 2998 3242 ἑαυτοῦ
3029 3188 3233 3259 ζητεῖν,
3278 3189 3416 3244 ἀλλά
3444 3191 3509 3243 16
3530 3190 3624 3243 τοῦ
3656 3192 3880 3261 πλησίον
3919 3194 4170 3247 ἕκαστον·
4194 3193 4263 3247 διὰ

2599 3270 2759 3326 τοῦτο
2776 3272 2871 3324 καὶ
2891 3272 3204 3343 Κορινθίοις
3228 3273 3436 3344 σφόδρα
3457 3275 3706 3345 ἐπιτιμᾷ,
3725 3276 3805 3327 ὅτι
3828 3276 3902 3345 μὴ
3924 3278 4261 3347 προενόησεν.

2605 3354 2737 3425 μηδὲ
2770 3353 3185 3422 ἐπεμελὴσαντο
3224 3353 3321 3407 τοῦ
3352 3356 3787 3425 πεπορνευκότος
3859 3357 3976 3410 ἀλλ’
4004 3358 4262 3428 ὑπερεῖδον

2602 3434 2765 3490 αὐτοῦ
2800 3435 2862 3490 16
2890 3435 3112 3507 τραῦμα
3148 3436 3589 3507 ἐπιτριϐόμενον,
3624 3439 3721 3490 καὶ
3749 3437 4023 3502 Γαλάταις
4058 3439 4117 3492 δὲ
4160 3441 4260 3491 ἐπι·

2603 3518 2835 3572 στέλλων
2854 3518 3058 3586 ἔλεγεν·
3090 3517 3382 3588 Ἀδελφοί,
3394 3518 3506 3573 ἐὰν
3526 3521 3626 3573 καὶ
3641 3520 3964 3590 προληφθῇ
3976 3521 4264 3590 aram

2600 3604 2670 3656 ἐν
2696 3617 2811 3655 τινι
2840 3599 3283 3669 παραπτώματι,
3309 3600 3484 3670 ὑμεῖς
3510 3604 3566 3654 at
3597 3603 4263 3671 πνευματικοϊκαταρτί·

2597 3686 2718 3747 (ets
2751 3683 2859 3736 τὸν
2882 3682 3176 3738 τοιοῦτον.
3216 3683 3329 3736 Καὶ
3356 3683 3811 3738 Θεσσαλονικεῦσι
3843 3684 3903 3737 δέ
3932 3684 4045 3756 πρὸ
4076 3686 4260 3738 τούτων

2594 3767 2664 3821 τά
2729 3765 2869 3819 αὐτά
2899 3764 3075 3819 ταῦτα
3117 3769 3374 3837 παραινεῖ
3409 3766 3606 3834 λέγων·
3636 3768 3821 3823 ’Ὥστε
3882 3767 4263 3836 παρακαλεῖτε

2592 3852 2679 3912 είς
2709 3847 2817 3902 τὸν
2834 3846 2964 3912 ἕνα,
2995 3845 3189 3911 καθὼς
3211 3847 3310 3901 καί
3332 3848 3571 3902 ποιεῖτεο
3600 3850 3695 3901 καὶ
3717 3849 3900 3903 πάλιν·
3929 3848 4261 3903 Νουθετεῑτε

2593 3926 2738 3990 τοὺς
2771 3926 3102 3990 ἀτάκτους,
3149 3926 3595 3996 παραμυθεῖσθε
3638 3929 3779 3993 τοὺς
3827 3931 4259 3998 ὀλιγοψύχους,

2591 4008 2920 4078 ἀντέχεσθε
2941 4005 3063 4061 τῶν
3092 4006 3386 4062 ἀσθενῶν.
3418 4008 3535 4060 Ἵνα
3560 4008 3669 4076 γάρ
3703 4010 3777 4079 μή
3800 4027 3885 4072 τις
3908 4009 4071 4082 λέγῃ·
4094 4009 4157 4064 Τί
4184 4024 4258 4080 μοι

2592 4092 2685 4147 καὶ
2707 4091 2807 4161 τῆς
2832 4090 2943 4143 τῶν
2960 4089 3135 4143 ἄλλων
3154 4090 3444 4161 προνοίαςς
3473 4091 3502 4142 6
3528 4090 3898 4160 ἀπολλύμενος
3923 4092 4251 4153 ἀπολλύσθω,

2590 4176 2685 4230 καὶ
2714 4176 2743 4228 6
2787 4170 3094 4243 σωζόμενος
3136 4171 3413 4234 σωζέσθω·
3447 4171 3604 4224 οὐδὲν
3639 4172 3843 4226 τούτων
3875 4174 4018 4244 πρὸς
4054 4174 4172 4243 ἐμὲ,
4199 4172 4255 4223 τὰ

2588 4254 2830 4327 ἐμαυτοῦ
2860 4255 3083 4308 σκοπεῖν
3124 4252 3513 4322 ἐπιτέταγμαι·
3550 4253 3637 4305 ῖνα
3674 4254 3749 4324 μή
3782 4270 3867 4317 τις
3896 4256 4079 4308 ταῦτα
4105 4255 4252 4322 λέγῃ,

2586 4341 2685 4409 τὴν
2727 4335 2969 4409 θηριώδη
3000 4334 3202 4405 ταύτην
3236 4337 3331 4387 κα)⁸
3367 4333 3737 4406 ἀπάνθρωπον
3765 4334 3976 4388 ἔννοιαν
4010 4335 4251 4405 ἀναιρῶν,

2586 4420 2923 4489 ἐπετείχισεν
2967 4418 3105 4487 αὐτῇ
3143 4416 3367 4477 τούτους
3403 4417 3531 4479 τοὺς
3563 4416 3792 4487 νόμους,
3828 4416 4005 4471 πολλά
4045 4417 4153 4471 τῶν
4176 4418 4253 4469 οξ..

2586 4504 2751 4557 κείων
2778 4500 3018 4555 κελεύων
3047 4499 3318 4569 παρορᾷν,
3346 4496 3486 4551 ῶστε
3511 4499 3580 4552 τά
3605 4499 3713 4553 τῶν
3729 4499 3959 4571 πλησίον
3978 4502 4153 4569 ίστᾷν,
4174 4500 4251 4550 καὶ

2586 4586 2702 4655 βίου
2746 4584 2949 4654 ταύτην
2986 4580 3270 4653 ἀκρίϐειαν
3304 4580 3581 4651 πανταχοῦ
3630 4578 3770 4637 εἶναι
3802 4583 4122 4655 διορίζεται.
4161 4583 4251 4634 Καὶ

2596 4668 2891 4738 Ῥωμαίοις
2908 4667 2966 4719 δέ
2986 4665 3234 4736 γράφων,
3266 4664 3466 4736 πολλὴν
3487 4665 3582 4719 τοῦ
3614 4666 3818 4737 μέρους
3836 4667 4035 4720 τούτου
4059 4664 4250 4719 κελεύει

2583 4751 2856 4805 ποιεῖσθαι
2894 4748 3171 4818 πρόνοιαν,
3191 4748 3318 4810 τοὺς
3350 4749 3605 4818 ίσχυρούς
3629 4751 3743 4811 τοῖς
3767 4748 4055 4802 ἀσθενέσιν
4078 4747 4250 4814 ῶσπερ

2584 4834 2829 4905 πατέρας
2844 4829 3090 4901 ἐφιστὰς,
3110 4831 3205 4883 καὶ
3234 4847 3301 4901 με
3311 4831 3508 4901 ριμνᾷν
3535 4829 3846 4882 ἀναπείθων
3866 4829 3965 4898 τὴν
3990 4827 4251 4897 σωτηρίαν

2582 4916 2782 4971 αὐτῶν.
2833 4914 2972 4967 Ἀλλ’
3019 4913 3254 4967 ἐνταῦθα
3308 4914 3407 4983 μὲν
3456 4914 3514 4964 ἐν
3555 4910 3934 4980 παραινέσεως
3976 4910 4129 4973 τάξει
4171 4906 4252 4961 καὶ

2584 5019 2648 5054 συ
2656 4998 2891 5071 μὸουλῆς
2910 4996 3085 5051 ταῦτά
3110 5010 3293 5065 φησιν·
3324 4994 3552 5065 ἐτέρωθι
3576 4994 3632 5047 δὲ
3659 4994 3752 5046 καὶ
3771 4990 3912 5062 μετὰ
3935 4991 4140 5062 πολλῆς
4160 4990 4249 5059 τῆς

2583 5082 2942 5153 σφοδρότητος
2968 5081 3072 5143 τάς
3099 5078 3208 5130 τῶν
3245 5078 3553 5130 ἀκουόντων
3586 5074 3865 5129 κατασείει
3898 5074 4103 5143 ψυχάςο
4136 5074 4249 5134 106;

2581 5163 2692 5234 γὰρ
2728 5160 3065 5232 ἀμελοῦντας
3102 5158 3203 5227 τῆς
3242 5158 3351 5211 τῶν
3382 5156 3627 5226 ἀδελφῶν
3655 5155 3951 5226 σωτηρίας,
3984 5156 4068 5217 είς
4095 5154 4247 5208 αὐτὸν

2582 5246 2916 5315 ἁμαρτάνειν
2946 5243 3081 5313 φησὶ
3121 5240 3214 5293 16v
3252 5240 3508 5307 Χριστὸν,
3544 5239 3639 5293 καὶ
3669 5236 3764 5291 τοῦ
3796 5236 3931 5289 Θεοῦ
3975 5236 4243 5289 κατασκά-

2583 5346 2735 5381 πτειν
2764 5329 2861 5400 τὴν
2892 5325 3204 5394 οἰκοδομήν.
3254 5324 3366 5376 Καὶ
3398 5322 3571 5377 ταῦτα
3597 5322 3657 5375 οὐ
3703 5322 3834 5388 παρ’
3869 5319 4088 5383 ἐαυτοῦ,
4123 5319 4245 5373 ἀλλὰ

2581 5411 2732 5484 παρά
2758 5412 2852 5464 τοῦ
2887 5407 3206 5464 διδασκάλου
3242 5406 3428 5478 μαθὼν
3452 5406 3626 5474 ἐλεγε.
3662 5404 3773 5457 Καὶ
3799 5401 3907 5473 γὰρ
3933 5404 3961 5455 6
3994 5404 4088 5455 τοῦ
4117 5402 4241 5456 Θεοῦ

2645 5518 2664 5556 ί
2686 5520 2789 5567 Duo
2834 5530 2952 5565 mss.
2985 5519 3039 5563 ει
3070 5511 3275 5562 Savil.in
3298 5528 3451 5575 marg.
3488 5510 3871 5573 παραγινομένων
3890 5510 4134 5570 δυνάμεων
4153 5510 4239 5557 τῶν

2576 5597 2803 5643 στρατοπ.

2641 5639 3285 5702 ἰξῡιι‹›ῐῐιε8.ἀνηκεστάτῳ.
3380 5696 3425 5702 __
3522 5694 3534 5702 _
3765 5695 3776 5702 ,
3950 5692 3979 5702 ,.
4050 5692 4059 5702 .

2637 5704 2661 5741 h
2694 5704 2831 5753 Unus
2858 5701 2966 5747 ('ud.
2992 5692 3337 5762 ἐκακηγόρησε,
3380 5694 3554 5762 Morel_.
3598 5695 3917 5762 κακηγόρησε,
3949 5692 4099 5762 Sayil.
4133 5707 4238 5762 κατ·-

2571 5770 2793 5829 ηγὸρησε.
2828 5763 2949 5829 Infra
2975 5767 3085 5829 p056
3101 5755 3425 5829 κολᾴσήειμείιρ
3449 5755 3612 5829 γρηῢς),
3638 5760 3707 5829 ὅτι
3728 5755 3815 5817 γάρ
3838 5756 3919 5827 καὶ
3946 5755 4137 5829 1061a»;-
4147 5755 4237 5829 xii.

2572 5812 2894 5889 τ’ἑιῗτίμωρία,
2930 5812 2987 5889 ψ’
3018 5825 3122 5889 εοιο
3163 5820 3338 5889 Morel.
3365 5816 3566 5889 abspnl;
3592 5812 3677 5889 50d
3701 5812 3914 5889 girljuiua
3938 5821 4071 5862 sunt.
4119 5812 4235 5863 Infra

2572 5904 2696 5938 unus
2716 5879 2822 5936 éod'.
2849 5894 2903 5933 et
2926 5886 3136 5932 Savilius
3160 5887 3208 5932 in
3234 5892 3386 5947 marg.
3410 5879 3593 5947 πάντως
3620 5883 3743 5947 ἡμᾶς
3769 5880 3860 5947 Eva.
3926 5937 3954 5947 η
4071 5941 4081 5947 _
4191 5937 4200 5944 _

2636 5955 2650 5988 ι
2686 5951 2859 5997 Morel.
2886 5953 2937 5993 et
2962 5948 3109 5995 δεμ-ιι,
3134 5948 3181 5992 in
3203 5937 3363 6003 marg:
3404 5943 3604 5998 πλησίον
3644 5937 3795 6006 ἡμῶν.
3825 5937 4232 6006 εεινὶιηεοιεωόη

2570 6021 2709 6060 lvxlu
2737 6018 2787 6058 υι
2817 6010 2914 6056 (Iun
2936 6023 3045 6054 mss.
3072 6008 3273 6064 πλησίον
3300 5998 3442 6064 ⁸ἡμᾶς,
3470 6018 3612 6063 quam
3638 5998 4219 6067 scéquilulz‘lorlionemil

2572 6083 2781 6137 ξενίη-εδ,
2809 6100 2860 6109 -.-
2889 6071 2986 6120 Nos
3006 6060 3260 6130 V‘,{t'1:.'PlU
3288 6060 3437 6129 ἡμῶν,
3466 6060 3559 6114 1’ίὶ⁴ὶι
3578 6060 3821 6126 ῐὶιδδιιιιυδ.
3854 6060 3987 6108 Ευιῐ.
