4532 6738
497 592 597 647 Ξιὶρῧ
1237 595 1597 653 ADVERSUS
1634 594 2174 654 OPPUGNATOIKES
2218 598 2398 652 Vl'f‘xE
2425 598 2716 655 MONAST.
2759 599 2886 655 LIB.
2930 600 3012 655 Ill.

511 729 652 740 ...ι-

3674 605 3784 658 350

1213 804 1444 911 AD
1524 802 2201 914 ΡΑΤΒΕΜ
2256 802 3034 922 FIDELEM.

1738 1024 2014 1117 ‘iEiber
2087 1025 2394 1119 tertius
2441 1013 2554 1112 (η).

1934 1215 2307 1271 (8ίέρἓιῷ

563 1346 615 1400 1.
647 1346 755 1412 Age
776 1342 884 1412 jam
912 1343 1119 1397 ﬁdelem
1141 1359 1352 1415 quoque
1379 1355 1580 1413 patrem
1601 1343 1907 1410 doceamus,
1936 1345 2076 1414 quod

493 1451 596 1490 non
641 1435 835 1489 debeat
876 1450 969 1490 eos
1007 1451 1342 1507 oppugnare,
1372 1437 1463 1506 qui
1494 1436 1660 1490 ﬁlium
1701 1452 1856 1490 suum
1886 1437 1952 1490 ad
1984 1435 2078 1490 Dei

493 1527 678 1597 placita
703 1527 967 1595 sequenda
990 1528 1288 1584 hortantur.
1318 1528 1646 1598 Quamquam
1676 1529 1970 1600 periculunt
1997 1537 2080 1582 est

491 1635 559 1673 ne
584 1633 761 1673 sermo
787 1620 886 1674 iste
907 1622 1208 1691 superﬂuus
1234 1622 1321 1679 sit.
1353 1637 1486 1676 neve
1505 1623 1826 1677 contrarium
1849 1620 2076 1686 accidat,

492 1718 549 1762 ut
575 1710 816 1778 superius
839 1713 1099 1766 dicebam.
1124 1713 1426 1767 Tuncenim
1449 1712 1556 1766 dixi
1587 1713 1742 1782 hujus
1767 1712 2077 1768 certaminis

491 1800 658 1868 legem
688 1817 771 1855 me
801 1818 904 1856 non
943 1818 1134 1873 cogere
1173 1818 1295 1856 cum
1331 1803 1510 1872 gentili
1539 1819 1727 1858 manus
1755 1817 2073 1869 conserere,

490 1891 584 1945 sed
613 1907 733 1945 cum
757 1893 977 1961 jusserit
1005 1895 1197 1949 Paulus
1216 1910 1311 1949 eos
1337 1904 1539 1948 tantum
1566 1895 1654 1964 qui
1685 1896 1824 1949 intus
1849 1904 1969 1948 sunt
1991 1895 2076 1962 ju-

489 1983 704 2048 dicare,
745 2000 775 2038 a
811 2001 981 2054 pugna
1010 2003 1128 2041 cum
1166 1989 1228 2042 iis
1271 1987 1363 2056 qui
1407 1986 1536 2041 foris
1577 1996 1703 2042 sunt
1743 2002 1839 2040 nos
1879 1989 2076 2042 liberos

489 2076 637 2129 sinit.
678 2075 828 2130 Nunc
855 2085 1030 2131 autem
1055 2119 1070 2142 ,
1101 2089 1156 2132 ut
1184 2079 1423 2142 videtur,
1455 2095 1521 2134 nc
1551 2079 1648 2133 has
1675 2079 1888 2148 quidem
1917 2079 2074 2132 dimi-

488 2167 726 2222 cationes
755 2167 890 2222 inire
923 2177 1164 2222 tenemur
1195 2187 1208 2222 :
1233 2185 1352 2223 nam
1382 2171 1424 2223 si
1454 2171 1600 2240 prius
1625 2171 1692 2224 de
1718 2170 1800 2223 his
1820 2169 2079 2223 Christia-

489 2275 560 2314 no
599 2263 758 2315 verba
800 2261 980 2316 facere
1023 2271 1175 2331 turpe
1215 2261 1490 2316 videbatur
1517 2278 1666 2328 esse,
1704 2263 1872 2316 multo
1910 2263 2078 2331 magis

490 2370 649 2408 nunc.
677 2354 956 2421 Quomodo
986 2355 1125 2409 enim
1155 2369 1261 2408 non
1291 2354 1565 2409 erubescet
1603 2355 1802 2420 ﬁdelis,
1831 2355 1875 2410 si
1905 2354 1973 2408 de
2012 2355 2076 2407 iis

487 2446 762 2498 admoneri
793 2460 926 2512 Opus
956 2445 1166 2510 habeat,
1199 2459 1364 2514 super
1387 2444 1578 2514 quibus
1607 2461 1672 2498 ne
1703 2445 1927 2498 inﬁdelis
1954 2445 2070 2513 qui-

487 2535 609 2588 dem
653 2535 806 2588 nobis
847 2537 1214 2590 contradicere
1251 2535 1458 2605 possit?
1487 2534 1622 2600 Quid
1660 2534 1855 2603 igitur?
1885 2534 2074 2588 ideune

489 2627 813 2689 tacebimus,
847 2627 1081 2696 nihilque
1111 2628 1428 2697 loquemur?
1456 2627 1671 2680 Minime
1701 2641 1845 2680 vero.
1875 2626 1930 2680 Si
1956 2627 2076 2695 quis

486 2716 629 2770 enim
653 2731 881 2784 sponsor
902 2719 1201 2784 accederet,
1229 2719 1488 2788 nobisque
1516 2718 1852 2788 perspicuum
1881 2717 2077 2772 faceret

487 2807 599 2862 fore
625 2807 844 2876 posthac
867 2810 1130 2862 neminem
1157 2811 1245 2878 qui
1267 2826 1379 2864 rem
1407 2809 1709 2879 hujusmodi
1735 2825 1962 2864 ausurus
1983 2810 2074 2872 sit,

487 2913 583 2953 nos
612 2915 823 2968 quoque
863 2903 1138 2969 quiescere
1177 2916 1309 2970 opus
1337 2911 1477 2956 esset
1502 2941 1516 2964 ,
1548 2910 1604 2954 ct
1633 2900 1698 2954 iis
1725 2901 1812 2970 qui
1853 2908 2075 2966 pra-ter-

486 2991 679 3056 ierunt,
710 3002 763 3044 ut
791 2992 1035 3057 laterent,
1065 2995 1357 3046 concedere
1386 3010 1397 3044 :
1427 2992 1640 3062 quando
1665 3001 1840 3046 autem
1869 2992 2071 3045 nullum

486 3079 742 3134 habemus
771 3097 930 3149 super
969 3082 1066 3135 hac
1106 3098 1163 3136 re
1195 3081 1556 3151 ﬁdejussorem
1587 3082 1857 3148 idoneum,
1887 3097 2074 3136 neces-

485 3170 620 3223 saria
663 3185 881 3237 prorsus
921 3171 1129 3225 videtur
1168 3171 1450 3225 verborum
1480 3172 1793 3226 admonitio.
1835 3171 1892 3226 Si
1930 3171 2072 3225 enim

484 3272 545 3312 ea
574 3259 780 3328 aliquos
809 3260 1069 3314 invenerit
1108 3262 1208 3315 hoc
1236 3262 1424 3316 morbo
1454 3261 1756 3316 laborantes
1776 3303 1791 3327 ,
1823 3261 2074 3331 operahi-

486 3358 572 3402 tur
601 3349 739 3418 quod
769 3365 921 3402 suum
949 3359 1060 3414 est;
1085 3351 1167 3404 sin
1191 3366 1350 3405 nemo
1378 3352 1428 3404 in
1454 3351 1824 3420 aegritudinem
1853 3349 2072 3414 incidat,

483 3450 658 3493 actum
687 3448 849 3494 estut
885 3441 1144 3510 cupimus.
1186 3441 1456 3511 Siquidem
1498 3441 1752 3508 medicis,
1795 3452 2076 3512 postquam

484 3529 869 3584 medicamenta
901 3532 1198 3598 paraverint
1221 3572 1235 3596 ,
1265 3531 1556 3600 optandum
1585 3543 1666 3586 est
1697 3547 1765 3586 ne
1793 3535 1857 3586 iis
1889 3533 2074 3603 aegroti

485 3633 620 3688 opus
647 3620 878 3674 habeant
905 3639 917 3673 :
952 3636 1154 3690 nosque
1182 3623 1429 3676 similiter
1449 3633 1692 3691 optamus
1713 3624 1976 3678 neminem
2008 3640 2074 3677 ex

486 3709 736 3764 fratribus
753 3711 947 3764 nostris
973 3711 1069 3765 hac
1085 3728 1240 3782 egere
1261 3712 1630 3766 adhortatione
1658 3731 1670 3766 :
1692 3715 1737 3767 si
1765 3728 1891 3767 vero
1916 3729 2074 3783 egere

487 3801 776 3869 contingat,
801 3801 944 3870 quod
966 3802 1124 3868 absit,
1148 3803 1376 3857 secunda
1407 3803 1693 3873 navigatio,
1717 3812 1774 3856 ut
1796 3801 2075 3870 proverbio

485 3893 706 3958 dicitur,
740 3910 844 3947 non
886 3896 989 3949 illis
1029 3896 1221 3950 deerit.
1267 3897 1519 3967 Fingatur
1551 3911 1678 3966 ergo
1719 3895 1889 3950 ﬁdelis
1919 3895 2075 3960 talis,

485 3984 656 4054 qualis
695 3983 952 4049 inﬁdelis,
992 3986 1197 4056 ipsique
1237 4004 1332 4056 per
1369 3997 1560 4042 cuncta
1604 3987 1824 4053 similis,
1855 3999 2078 4057 excepta

487 4076 740 4145 religione
774 4093 787 4128 :
819 4077 1065 4130 similiter
1104 4078 1313 4148 lugeat,
1349 4081 1688 4148 provolvatur
1714 4081 1952 4133 omnium
1985 4094 2076 4148 pe-

487 4167 662 4232 dibus,
690 4182 852 4222 canos
877 4169 1142 4232 ostendat,
1174 4181 1526 4235 senectutem,
1560 4172 1922 4234 solitudinem.
1955 4187 2074 4226 om-

488 4259 572 4310 nia
603 4258 862 4326 ejusmodi
893 4260 1142 4328 proferat,
1173 4269 1227 4314 et
1251 4273 1505 4330 quantum
1539 4264 1649 4317 vult
1679 4265 1966 4320 iracundiae
1990 4264 2076 4333 ju-

487 4348 695 4403 dieibus
723 4360 951 4405 moveat.
982 4350 1094 4406 lmo
1133 4353 1308 4421 potius
1346 4352 1601 4407 adversus
1641 4355 1781 4409 hunc
1821 4372 1926 4408 non
1963 4356 2074 4423 jam

486 4453 666 4492 coram
695 4441 1000 4496 hominibus
1032 4443 1182 4497 nobis
1223 4444 1288 4498 lis
1317 4452 1399 4498 est
1429 4461 1444 4496 ι
1471 4444 1672 4498 audivit
1697 4445 1840 4499 enim
1867 4460 1928 4498 ea
1953 4461 2074 4513 qua:

488 4529 582 4581 viri
613 4531 749 4597 apud
781 4547 879 4585 nos
905 4533 1084 4588 divino
1112 4534 1310 4604 Spiritu
1349 4535 1537 4604 repleti
1564 4537 1630 4590 de
1667 4535 1935 4591 horrendo
1966 4545 2073 4590 ter-

488 4620 733 4690 ribilique
779 4625 1062 4692 tribunali,
1100 4627 1165 4681 ad
1204 4627 1344 4697 quod
1387 4637 1506 4696 post
1543 4628 1742 4682 obitum
1784 4628 2069 4694 sistemur,

488 4713 844 4783 phiIOSOphati
873 4728 1016 4770 sunt.
1047 4722 1184 4774 Ante
1211 4721 1389 4773 omnia
1419 4737 1544 4774 vero
1573 4722 2074 4776 commemorandus

487 4804 578 4858 ille
605 4803 719 4858 dies
747 4814 850 4870 est,
881 4822 978 4861 nec
1006 4824 1111 4863 non
1148 4809 1284 4880 ignis
1309 4810 1540 4864 ﬂuminis
1568 4811 1734 4865 instar
1757 4813 2072 4878 decurrens,

489 4897 699 4950 ﬂamma
731 4912 1018 4966 numquam
1051 4901 1467 4972 exstinguenda,
1503 4902 1634 4956 radii
1675 4903 1804 4956 solis
1841 4905 2071 4968 sublati,

490 4988 613 5044 luna
639 4989 920 5053 occultata,
950 4991 1118 5044 stellae
1145 4993 1473 5059 decidentes,
1501 4994 1612 5049 cadi
1639 4995 1928 5060 convoluti,
1962 4997 2072 5049 vir-

490 5089 630 5135 tutes
655 5089 964 5146 commota),
997 5097 1256 5136 concussa
1288 5086 1521 5156 undique
1547 5094 1600 5141 et
1624 5094 1852 5139 testuans
1886 5094 2028 5138 terra
2053 5127 2068 5151 ,

491 5173 744 5227 terribilis
768 5181 819 5227 et
848 5172 1084 5228 alternus
1112 5173 1355 5229 tubarum
1386 5179 1632 5248 clangor,
1659 5177 1827 5248 angeli
1867 5192 1958 5246 per
1984 5192 2072 5231 or-

489 5261 609 5316 bem
639 5264 943 5319 universum
970 5265 1365 5331 discurrentes,
1401 5271 1567 5323 millia
1599 5271 1820 5324 millium
1850 5270 2070 5326 adstan-

488 5354 658 5419 tium,
715 5357 979 5428 myriades
1029 5359 1425 5418 ministrantes.
1473 5362 1743 5415 exercitus
1789 5376 1906 5414 cum
1957 5361 2073 5427 ipso

485 5443 664 5512 judice
692 5449 1062 5514 adventantes,
1091 5451 1296 5519 signum
1325 5451 1376 5503 in
1397 5464 1684 5520 conspectu
1707 5455 1821 5524 ejus
1848 5454 2069 5523 fulgens,

488 5537 763 5602 appositus
791 5541 1038 5608 thronus,
1068 5542 1234 5611 aperti
1263 5543 1403 5606 libri,
1435 5543 1704 5598 inaccessa
1744 5549 1930 5615 gloria,
1964 5557 2073 5601 ter-

488 5626 657 5679 ribilis
686 5638 740 5682 et
767 5629 1032 5688 horrenda
1066 5635 1352 5705 judicantis
1387 5649 1484 5689 vox
1513 5677 1525 5698 ,
1559 5638 1648 5705 qui
1687 5640 1821 5692 alios
1860 5639 2072 5709 quidem

490 5718 650 5773 mittit
677 5721 728 5773 in
757 5722 930 5791 ignem
961 5738 1201 5793 paratum
1230 5728 1444 5783 diabolo
1471 5736 1525 5783 et
1552 5730 1755 5799 angelis
1785 5731 1900 5799 ejus
1923 5773 1935 5795 ,
1967 5733 2075 5785 vir-

489 5812 640 5881 gines
664 5821 862 5877 autem,
896 5826 1016 5884 post
1045 5819 1285 5890 ingentes
1323 5823 1640 5893 virginitatis
1670 5822 1904 5888 labores,
1929 5825 2075 5878 clau-

518 5927 840 6005 1(a)‘Titulus_
853 5945 931 6005 sic
947 5934 1093 6005 habet
1116 5940 1164 5988 in
1187 5942 1376 5992 duobus
1401 5946 1582 6000 ttss.;in
1607 5943 1750 5992 editis
1772 5957 1890 5991 vero
1912 5945 2072 6000 deest,

489 5989 609 6040 tib-3r
621 5999 803 6044 (critus.
831 5998 964 6047 tuitio
981 6000 1096 6049 item
1114 5989 1683 6066 m-,*';.gii;d;.3;i‘g§;lu;
1695 5989 1744 6055 ξιξ
1761 5989 2068 6057 ἀηίοίιηζλίςέξ

2189 1349 2262 1402 sis
2299 1349 2502 1406 foribus
2539 1363 2722 1415 arcet;
2761 1355 2848 1424 qui
2892 1369 2957 1408 ex
2999 1353 3259 1408 ministris
3299 1355 3412 1408 suis
3453 1355 3586 1408 alios
3622 1355 3773 1424 jubet

2187 1441 2384 1496 zizania
2428 1445 2712 1514 colligare,
2765 1455 2819 1500 ct
2861 1446 2913 1499 in
2958 1445 3230 1500 fornacem
3278 1445 3590 1510 immittere,
3637 1447 3773 1500 alios

2186 1535 2470 1603 compedes
2496 1537 2813 1607 quibusdam
2844 1537 3113 1602 inducere,
3138 1545 3194 1592 et
3215 1537 3457 1591 manibus
3485 1546 3604 1606 post
3625 1548 3772 1606 terga

2186 1624 2380 1680 vinctis
2405 1629 2621 1682 eosdem
2652 1628 2882 1697 abjicere
2917 1629 2967 1680 in
2999 1627 3244 1682 tenebras
3270 1629 3582 1692 exteriores,
3611 1636 3771 1697 atque

2189 1715 2458 1770 horrendo
2484 1718 2723 1772 dentium
2754 1718 2967 1771 stridori
2997 1718 3240 1781 tradere;
3282 1718 3429 1771 illum
3460 1717 3674 1786 quidem
3702 1719 3771 1769 ob

2187 1807 2487 1876 impudicos
2513 1816 2762 1877 aspectus
2789 1816 3028 1872 tantum,
3061 1807 3210 1861 illum
3240 1822 3364 1860 vero
3391 1807 3460 1860 ob
3490 1807 3656 1861 risum
3688 1807 3771 1859 iti-

2185 1898 2598 1968 tempestivum,
2626 1899 2786 1952 alium
2808 1939 2822 1962 ,
2850 1899 2990 1969 quod
3033 1899 3331 1968 proximum
3373 1900 3489 1953 sine
3527 1899 3770 1952 examine

2181 1989 2538 2056 damnaverit,
2566 1989 2728 2043 alium
2755 1990 2896 2058 quod
2919 1989 3251 2044 maledixerit
3277 1989 3569 2052 dumtaxat,
3603 1989 3769 2042 vehe-

2184 2081 2517 2134 mentissimo
2562 2081 2989 2150 gravissimoque
3030 2080 3288 2147 supplicio
3341 2080 3538 2147 plectet
3586 2095 3598 2130 :
3650 2094 3769 2130 nam

2183 2172 2323 2239 quod
2363 2173 2493 2226 istos
2518 2187 2730 2241 quoque
2783 2186 2938 2241 pwna
2974 2179 3186 2224 maneat
3237 2173 3276 2234 ³,
3318 2185 3438 2224 eum
3480 2171 3649 2239 ipsum
3680 2170 3770 2239 qui

2186 2260 2299 2314 hinc
2326 2262 2581 2329 supplicia
2611 2263 2852 2317 illaturus
2877 2271 2960 2316 est
2987 2261 3252 2316 dicentem
3277 2271 3331 2314 et
3356 2260 3768 2314 comminantem

2185 2352 2370 2405 audire
2409 2353 2550 2407 licet.
2578 2354 2657 2406 Ad
2703 2353 2844 2406 hunc
2885 2353 3038 2406 nobis
3074 2352 3324 2406 omnibus
3367 2353 3599 2419 judicent
3648 2351 3772 2404 hinc

2185 2441 2420 2495 eundum
2449 2452 2550 2508 est,
2579 2443 2800 2512 diesque
2821 2443 2909 2495 illa
2935 2442 3162 2497 videnda
3186 2443 3361 2509 nobis,
3390 2443 3442 2496 in
3465 2458 3568 2511 qua
3594 2443 3770 2498 omnia

2184 2535 2324 2589 nuda
2356 2544 2410 2590 et
2437 2535 2696 2604 patefacta
2727 2544 2920 2601 erunt,
2951 2551 3056 2589 non
3098 2550 3258 2604 opera
3295 2545 3348 2589 et
3379 2535 3536 2590 verba
3577 2534 3767 2599 modo,

2183 2626 2275 2681 scd
2303 2627 2430 2694 ipsa:
2454 2641 2667 2695 quoque
2694 2627 3065 2696 cogitationes.

2252 2718 2308 2771 2.
2352 2717 2582 2771 Proximi
2627 2719 2781 2772 saluti
2825 2718 3226 2787 advigilanduzn.
3270 2747 3344 2757 —
3385 2716 3516 2770 Nam
3579 2730 3766 2770 eorum

2185 2809 2366 2871 etiam,
2399 2823 2517 2878 quae
2546 2823 2688 2862 nunc
2719 2808 2854 2862 levia
2896 2807 3162 2868 videntur,
3194 2816 3318 2861 tunc
3347 2806 3609 2860 terribiles
3655 2806 3771 2860 lue-

2183 2916 2303 2954 mus
2335 2915 2552 2970 pmnas:
2583 2901 2717 2955 adeo
2752 2901 2914 2970 judex
2952 2902 3023 2955 illi
3051 2901 3161 2970 pari
3192 2901 3530 2954 accuratione
3575 2909 3626 2954 et
3669 2915 3768 2952 no-

2180 2999 2346 3045 stram
2377 3000 2431 3045 et
2459 2991 2823 3060 proximorum
2851 2991 3075 3045 salutem
3103 2991 3324 3060 requirit
3358 3005 3386 3042 a
3437 2989 3611 3044 nobis.
3647 2989 3771 3044 Ideo

2183 3081 2380 3135 Paulus
2407 3083 2483 3152 (l.
2504 3081 2622 3136 Car.
2660 3083 2744 3136 10.
2767 3082 2861 3151 24)
2891 3082 3083 3151 ubique
3107 3081 3351 3135 hortatur
3371 3081 3630 3149 singulos,
3664 3095 3768 3133 non

2183 3189 2302 3242 quae
2327 3189 2421 3226 sua
2448 3185 2572 3227 sunt
2593 3189 2852 3242 qumrere,
2885 3173 2977 3228 sed
3001 3188 3119 3242 quae
3154 3171 3380 3240 proximi
3408 3189 3420 3223 ε
3447 3181 3771 3241 quapropter

2187 3264 2238 3317 in
2263 3263 2569 3317 Corinthios
2594 3265 2938 3318 vehementer
2964 3263 3248 3326 invehitur,
3279 3262 3399 3331 quia
3431 3262 3628 3314 nullam
3654 3276 3772 3329 pro-

2184 3353 2470 3407 videntiam
2501 3361 2552 3406 et
2576 3367 2757 3407 curam
2781 3352 3074 3407 habuerant
3105 3353 3242 3420 ejus,
3264 3351 3353 3420 qui
3377 3351 3428 3404 in
3457 3350 3771 3405 fornicatio-

2187 3459 2306 3498 nem
2336 3444 2612 3507 inciderat,
2645 3443 2736 3498 sed
2767 3443 2880 3512 ejus
2908 3443 3100 3496 vulnus
3132 3450 3344 3495 tumens
3379 3440 3768 3510 despexeram;

2185 3533 2384 3588 Calatis
2410 3549 2620 3603 quoque
2659 3534 2899 3589 scribens
2935 3533 3182 3587 dicebat:
3217 3531 3444 3597 Fratres,
3478 3541 3523 3585 et
3552 3533 3594 3585 si
3631 3548 3766 3600 pra!-

2184 3636 2460 3693 occupatus
2488 3627 2642 3695 fuerit
2670 3627 2819 3679 homo
2864 3626 2916 3678 in
2945 3625 3113 3692 aliqua
3143 3624 3349 3687 delicto,
3376 3639 3463 3676 vos
3491 3624 3575 3690 qui
3615 3623 3771 3692 spiri-

2183 3716 2342 3768 tuales
2371 3716 2506 3779 estis,
2555 3714 2849 3783 Imjusmodi
2889 3715 3121 3768 instruite
3150 3711 3297 3781 (Cal.
3329 3712 3386 3766 6.
3419 3713 3496 3780 1).
3538 3712 3772 3766 Thessa-

2182 3805 2544 3860 lonicensibus
2560 3806 2684 3860 item
2711 3815 2864 3860 antea
2883 3805 3070 3859 eadem
3089 3805 3288 3860 monita
3307 3803 3734 3868 dedcrat,dicens
3754 3823 3768 3859 :

2186 3895 2368 3966 Itaque
2399 3896 2738 3950 exhortamini
2767 3897 2980 3950 invicem
3008 3895 3137 3949 sicut
3166 3905 3211 3948 et
3249 3895 3419 3964 facitis
3455 3912 3474 3949 :
3516 3894 3768 3964 itemque,

2187 3987 2442 4056 Corripite
2463 3989 2730 4055 inquietos,
2772 3987 3105 4041 consolamini
3130 3986 3503 4055 pusillanimes,
3532 3987 3774 4040 sustinete

2185 4079 2412 4145 inﬁrmos
2430 4079 2504 4148 (l.
2533 4077 2712 4131 Thess.
2733 4080 2785 4132 5.
2813 4079 2899 4132 ll.
2928 4087 2974 4132 et
2997 4077 3106 4148 ιι).
3134 4077 3212 4132 Ne
3237 4078 3357 4146 quis
3383 4077 3525 4132 enim
3547 4077 3771 4142 diceret,

2184 4167 2323 4233 Quid
2354 4183 2468 4222 mea
2497 4168 2718 4222 interest
2741 4168 2902 4222 etiam
2927 4168 3154 4222 aliorum
3179 4182 3368 4223 curare
3393 4168 3618 4222 salutem
3641 4168 3665 4221 2
3685 4170 3774 4238 qui

2187 4262 2344 4330 perit,
2374 4269 2578 4331 pereat,
2625 4269 2682 4315 et
2707 4261 2797 4329 qui
2833 4270 3094 4324 servatur,
3128 4271 3406 4323 servetur;
3455 4259 3505 4313 id
3536 4259 3669 4312 nihil
3707 4260 3788 4320 ad,

2187 4368 2274 4407 me
2304 4353 2550 4422 pertinet,
2583 4353 2742 4406 rebus
2765 4353 2899 4407 meis
2931 4352 3233 4421 prospicere
3251 4351 3444 4420 jubeor
3476 4367 3493 4404 :
3532 4365 3601 4404 ne
3627 4351 3769 4419 quis,

2188 4444 2426 4513 inquam,
2467 4443 2584 4496 haec
2622 4441 2844 4510 diceret,
2877 4441 3098 4496 feralem
3144 4441 3285 4496 illam
3331 4450 3386 4495 et
3424 4440 3769 4493 inhumanam

2183 4533 2559 4600 cogitationem
2604 4532 2890 4594 auferens,
2941 4531 3148 4600 legibus
3191 4531 3306 4584 istis
3354 4531 3498 4583 illam
3543 4529 3769 4599 sepivit,

2183 4625 2408 4693 plurima
2432 4623 2626 4691 jubens
2664 4621 2943 4676 commoda
2985 4620 3273 4689 negligere,
3299 4629 3356 4673 ut
3383 4620 3641 4689 proximis
3669 4634 3768 4671 no-

2187 4715 2309 4770 stris
2332 4713 2694 4773 consulamus,
2723 4721 2882 4779 atque
2905 4710 3040 4763 hanc
3067 4711 3187 4763 vita:
3215 4709 3543 4778 diligentiam
3573 4709 3769 4778 ubique

2186 4805 2483 4863 habendam
2529 4819 2650 4860 esse
2696 4803 2902 4858 deﬁnit.
2964 4803 3220 4857 Romanis
3259 4817 3472 4873 quoque
3529 4802 3769 4857 scribens

2189 4903 2365 4971 (llam.
2407 4900 2504 4955 l5.
2544 4900 2622 4969 l),
2660 4899 2927 4969 ingentem
2973 4897 3079 4952 illis
3105 4911 3288 4952 curam
3319 4893 3582 4966 ejusmodi
3611 4894 3768 4949 ofﬁcii

2183 4995 2453 5064 imposuit,
2488 4994 2653 5048 fortes
2698 4995 2978 5049 imbecillis
3017 5002 3224 5062 patrum
3253 4993 3370 5047 loco
3413 5006 3530 5047 esse
3549 4991 3766 5060 jubcns,

2185 5097 2347 5156 utque
2376 5101 2561 5140 eorum
2601 5087 2745 5140 salus
2781 5102 2924 5140 cura:
2969 5088 3070 5140 illis
3098 5087 3164 5140 sit
3194 5086 3506 5140 admonens.
3547 5084 3653 5140 Sed
3682 5085 3769 5139 hic

2183 5179 2398 5251 quidem
2428 5178 2816 5232 adhortationis
2844 5187 2897 5231 et
2935 5179 3140 5232 consilii
3172 5177 3397 5232 formam
3429 5188 3628 5243 servat,
3665 5179 3771 5231 alio

2183 5281 2361 5327 autem
2406 5273 2458 5326 in
2503 5271 2622 5326 loco
2663 5286 2866 5326 summa
2910 5285 3030 5324 cum
3077 5269 3416 5325 vehementia
3470 5271 3768 5324 auditorum

2185 5365 2395 5418 animos
2423 5364 2698 5434 percellit:
2723 5379 2819 5418 eos
2848 5363 3010 5428 enim,
3047 5363 3136 5432 qui
3169 5361 3389 5416 fratrum
3422 5363 3644 5415 salutem
3670 5377 3767 5414 ne-

2183 5458 2408 5526 gligunt,
2435 5457 2485 5509 in
2516 5457 2684 5524 ipsum
2709 5454 2978 5509 Christum
3006 5469 3226 5522 peccare
3253 5453 3399 5517 dicit,
3429 5451 3624 5520 Deique
3643 5451 3774 5505 tedi-

2185 5551 2361 5603 lieium
2394 5549 2606 5603 diruere
2626 5551 2700 5617 (l.
2731 5547 2847 5602 Cor.
2872 5549 3070 5614 8.19.):
3104 5547 3258 5612 idque
3289 5561 3393 5599 non
3422 5560 3449 5596 a
3473 5545 3768 5612 seipso,sed

2183 5659 2210 5694 a
2239 5643 2497 5712 magistro
2536 5643 2758 5696 edoctus
2787 5640 3037 5708 loquitur.
3067 5638 3304 5706 Namque
3338 5639 3645 5708 unigenitus
3677 5636 3767 5690 Dei

2192 5735 2375 5798 Filius,
2429 5742 2487 5788 ut
2527 5735 2744 5786 doceret
2794 5731 2894 5785 hoc
2945 5729 3178 5784 ofﬁcium
3219 5743 3340 5784 esse
3389 5728 3767 5786 necessarium,

2186 5837 2344 5896 atque
2367 5840 2483 5889 eos,
2517 5825 2603 5894 qui
2633 5824 2762 5878 illud
2795 5823 3018 5878 reddere
3048 5823 3340 5893 negligunt,
3371 5820 3592 5876 summis
3616 5817 3770 5872 malis

2248 5945 2264 5974 ι
2299 5941 2352 5990 ln
2382 5939 2486 5988 solo
2522 5938 2685 5987 Morel.
2711 5943 2889 5990 desunt
2913 5941 3016 5989 hrcc
3041 5940 3205 5996 verba,
3237 5951 3348 5988 nam
3370 5932 3497 5998 quod
3519 5931 3634 5985 istm
3654 5943 3774 5995 φω-

2184 6019 2274 6069 ιιησ
2297 6015 2437 6067 paena
2465 6007 2686 6065 maneat;
2712 6005 2797 6055 sed
2823 6006 3031 6065 genuina
3057 6010 3182 6051 sunt.
