4532 6710
782 552 848 567 -.⁸

781 551 876 604 cui

794 664 1137 733 excipiendos
1162 677 1298 724 esse,
1331 660 1541 714 dicebat
1568 678 1579 713 :
1614 662 1922 729 Quicumque
1947 660 2360 712 scandalizarerit

783 769 941 806 unum
971 770 1034 806 ea:
1072 753 1268 819 pusillis
1291 752 1421 817 istis,
1450 753 1653 821 expedit
1694 752 1738 803 ei
1768 760 1819 802 ut
1850 751 2190 819 suspendatur
2228 749 2363 799 mola

784 846 1007 898 asinaria
1028 845 1161 896 circa
1189 842 1375 897 collum
1400 846 1531 914 ejus,
1556 855 1600 897 et
1622 844 1943 911 demergatur
1969 844 2020 895 in
2052 841 2362 912 profundum

784 938 939 990 maris
963 936 1176 1005 (Matth.
1208 936 1290 991 18.
1324 938 1401 1005 6).
1437 939 1608 1004 Atque
1644 938 1705 994 is,
1742 936 1830 1002 qui
1864 939 2116 988 talentum
2156 932 2364 985 obtule-

784 1036 886 1089 rat,
909 1041 1014 1080 non
1042 1028 1181 1095 quod
1202 1027 1399 1096 aliquid
1429 1042 1490 1079 ex
1522 1027 1631 1079 suis
1656 1026 2085 1093 contempsisset,
2104 1022 2194 1075 sed
2221 1020 2362 1089 quod

785 1118 1149 1187 proximorum
1177 1126 1399 1169 salinum
1430 1116 1778 1184 neglexisset,
1829 1116 1919 1167 illo
1950 1113 2208 1183 supplicio
2245 1110 2361 1164 afﬁ-

786 1209 940 1262 citur.
989 1205 1172 1274 Itaque
1209 1204 1307 1258 etsi
1354 1207 1513 1257 vitam
1566 1216 1802 1257 nostram
1835 1214 1983 1258 recte
2007 1204 2359 1266 instituamus,

787 1296 917 1350 nihil
941 1296 992 1349 id
1018 1295 1234 1364 prodest
1260 1296 1435 1361 nobis,
1468 1309 1586 1348 cum
1619 1305 1896 1366 peccatum
1927 1293 2051 1347 illud
2080 1292 2246 1361 possit
2268 1305 2365 1344 nos

787 1388 841 1440 in
868 1386 1130 1456 gehenna:
1171 1388 1487 1456 profundum
1535 1387 1870 1455 immergere.
1917 1386 1972 1439 Si
2020 1387 2164 1439 enim
2218 1383 2363 1436 nulla

788 1481 927 1533 ratio
966 1479 1131 1547 possit
1156 1495 1249 1532 eos
1275 1480 1361 1547 qui
1395 1478 1649 1545 proximis
1679 1491 1992 1546 corpoream
2022 1490 2174 1543 opem
2223 1472 2365 1527 ferre

789 1573 1054 1627 noluerint
1082 1572 1327 1631 liberare,
1361 1585 1564 1633 verum,
1607 1570 1706 1622 etsi
1735 1569 2089 1638 virginitatem
2118 1581 2365 1621 servave-

786 1664 915 1726 rint,
948 1673 1121 1715 tamen
1162 1670 1310 1714 extra
1350 1662 1532 1731 sponsi
1565 1660 1856 1713 thalamum
1885 1658 2170 1727 abjicieudi
2217 1658 2363 1709 sint:

787 1757 833 1809 is
856 1753 944 1823 qui
973 1753 1113 1823 quod
1153 1754 1319 1806 multo
1350 1753 1522 1821 majus
1553 1762 1634 1805 est
1660 1751 1898 1805 omiserit
1938 1750 2129 1819 (nmlto
2171 1749 2369 1817 quippe

786 1846 960 1914 major
988 1855 1069 1899 est
1095 1845 1390 1897 :mimarum
1413 1841 1563 1913 cura)
1593 1857 1689 1895 cur
1726 1855 1832 1894 non
1878 1841 2013 1893 mala
2040 1839 2218 1891 omnia
2250 1852 2366 1890 me-

786 1938 893 1988 rito
921 1934 1182 2002 patiatur?
1200 1933 1474 1985 Hominem
1494 1930 1634 1983 enim
1660 1938 1842 1981 nonut
1868 1928 1965 1981 sibi
1991 1936 2193 1980 tantum
2218 1926 2370 1993 prod-

784 2036 928 2079 esset
960 2025 1160 2079 ereavit
1192 2023 1365 2090 Deus,
1392 2022 1485 2077 sed
1513 2030 1572 2075 ut
1614 2021 1730 2075 aliis
1755 2021 1914 2075 etiam
1936 2020 2135 2073 multis.
2164 2017 2366 2071 Idcirco

786 2116 983 2169 Paulus
1043 2115 1300 2185 (Philipp.
1330 2114 1387 2167 ‘2.
1437 2114 1525 2181 15)
1573 2112 1753 2165 ﬁdeles
1794 2110 2071 2163 luminaria
2110 2107 2361 2176 appellat,

790 2207 915 2261 hinc
943 2206 1233 2260 ostendens
1257 2220 1350 2258 eos
1371 2204 1579 2258 caeteris
1611 2204 1770 2256 etiam
1797 2202 1912 2253 usui
1940 2215 2059 2253 esse
2089 2208 2361 2268 oportere:

786 2298 1049 2350 luminare
1083 2296 1298 2365 quippe,
1352 2294 1603 2363 quamdiu
1652 2294 1885 2361 seipsum
1928 2300 2133 2343 tantum
2165 2289 2368 2343 illumi-

786 2396 899 2453 nat,
930 2389 1190 2441 luminare
1227 2386 1467 2455 profecto
1510 2401 1613 2438 non
1642 2393 1743 2439 est.
1773 2384 2058 2452 Propterea
2084 2382 2368 2453 gentilibus

786 2491 1002 2547 quoque
1051 2476 1181 2546 ipsis
1228 2474 1522 2529 deteriores
1572 2488 1691 2527 esse
1735 2473 1829 2539 ait,
1885 2473 1974 2541 qui
2006 2472 2366 2541 proximorum

788 2568 1013 2621 salutem
1060 2566 1407 2633 negligerent,
1438 2563 1519 2615 bis
1556 2562 1737 2616 verbis
1766 2580 1780 2614 :
1822 2561 1884 2615 Si
1912 2564 2023 2629 quis
2049 2572 2216 2612 autem
2246 2575 2367 2611 suo-

786 2673 922 2722 rum,
958 2666 1004 2708 et
1028 2655 1246 2708 maxime
1267 2654 1651 2706 domesticorum
1674 2649 2043 2715 providentiam
2073 2665 2171 2700 non
2214 2648 2361 2717 gerit,

786 2750 938 2818 ﬁdem
984 2748 1200 2817 negavit,
1241 2755 1285 2799 et
1314 2754 1386 2799 est
1432 2745 1626 2811 inﬁdeli
1675 2743 1897 2796 deterior
1927 2743 2001 2812 (ι.
2032 2741 2162 2794 Tim.
2186 2742 2239 2795 5.
2282 2741 2363 2810 8).

785 2840 925 2909 Quid
954 2840 1095 2895 enim
1128 2839 1229 2894 boc
1256 2840 1373 2892 loco
1400 2836 1744 2907 providentiae
1771 2836 1985 2889 nomine
2012 2835 2091 2887 vis
2114 2833 2368 2900 intelligi?

786 2950 856 2988 an
910 2933 1136 2987 fortasse
1188 2930 1610 2984 necessariorum
1666 2926 2059 2997 largitionem?
2107 2926 2367 2994 Equidem

786 3034 917 3098 puto
960 3026 1132 3093 ipsum
1172 3038 1355 3077 curam
1406 3022 1598 3075 anima:
1646 3019 1967 3087 signiﬁcare.
2018 3019 2112 3070 Sin
2140 3032 2265 3070 vero
2313 3026 2369 3068 tu

789 3117 1148 3179 eontradieas,
1176 3116 1253 3168 sic
1280 3127 1491 3182 quoque
1515 3126 1628 3164 mea
1660 3110 1922 3163 sententia
1957 3108 2159 3161 ﬁrmior
2189 3120 2369 3159 maneo

788 3210 886 3265 bit.
915 3208 1048 3263 Nam
1079 3208 1123 3260 si
1155 3206 1221 3260 de
1258 3219 1488 3274 corpore
1532 3203 1646 3257 iure
1672 3202 1820 3264 dicit,
1852 3214 2082 3269 eumque
2113 3199 2204 3267 qui
2232 3213 2370 3265 quo-

788 3301 1043 3355 tidianum
1077 3298 1219 3352 hunc
1243 3298 1417 3352 cibum
1443 3311 1547 3349 non
1582 3294 1784 3365 prmbet
1812 3302 1958 3347 tanto
1983 3293 2244 3362 supplicio
2276 3291 2372 3344 ad-

788 3394 943 3458 dixit,
969 3390 1357 3463 gentilibusque
1379 3387 1700 3443 deteriorem
1728 3401 1853 3441 esse
1874 3385 1951 3439 ait
1977 3403 1991 3439 :
2023 3401 2129 3455 quo
2153 3382 2367 3438 tandem

790 3486 844 3538 in
875 3485 989 3537 loco
1015 3489 1276 3535 statuetur
1298 3481 1363 3545 is,
1391 3479 1478 3547 qui
1503 3476 1643 3547 quod
1674 3478 1849 3546 majus
1877 3478 2154 3546 magisque
2182 3487 2371 3530 neces-

784 3558 984 3611 sarium
1013 3567 1094 3611 est
1124 3558 1460 3611 contemnit?

856 3648 909 3700 3.
956 3646 1211 3713 Quantum
1246 3648 1311 3701 sit
1349 3648 1538 3701 malum
1568 3647 1836 3701 liberorum
1856 3647 2131 3717 neglectus.
2161 3675 2235 3686 ——
2262 3648 2373 3715 Age

786 3736 968 3806 itaque
1010 3737 1388 3792 ratiocinemur
1424 3738 1491 3792 de
1531 3739 1730 3807 peccati
1768 3740 1936 3791 nostri
1968 3737 2331 3806 magnitudine
2354 3777 2370 3802 ,

785 3846 849 3883 ac
871 3829 1123 3898 paulatim
1153 3829 1503 3885 ascendentes
1537 3831 1877 3884 ostendamus
1917 3830 2206 3883 maximum
2250 3845 2372 3883 om-

787 3924 933 3977 nium
962 3930 1239 3992 peceatum
1264 3937 1385 3977 esse
1412 3922 1698 3976 liberorum
1726 3922 2045 3991 neglectum,
2089 3931 2143 3975 et
2183 3921 2247 3975 ad
2288 3923 2369 3991 ip-

787 4029 907 4067 sum
951 4013 1169 4068 malitia:
1217 4014 1422 4083 apicem
1468 4014 1785 4083 pertingere.
1834 4012 1931 4067 Est
1971 4013 2131 4083 igitur
2172 4015 2370 4083 primus

789 4104 1030 4168 malitia,
1054 4105 1346 4174 iniquitatis
1370 4113 1425 4159 et
1450 4104 1779 4158 crudelitatis
1804 4105 2019 4173 gradus,
2050 4106 2251 4159 amicos
2280 4120 2370 4159 as-

784 4196 997 4264 pernari
1042 4212 1055 4248 :
1084 4195 1209 4265 quin
1239 4204 1294 4248 ut
1320 4194 1388 4249 ad
1419 4193 1671 4249 inferiora
1698 4210 1998 4249 sermonem
2023 4197 2367 4262 reducamus;

784 4285 838 4339 id
864 4286 1005 4340 enim
1033 4287 1215 4340 nescio
1244 4286 1513 4355 quomodo
1542 4299 1629 4339 me
1669 4300 1805 4352 pene
1846 4284 2079 4354 fugerat;
2112 4288 2255 4354 prior
2286 4287 2368 4339 illa

785 4380 874 4433 lex
901 4378 1099 4433 Iudaeis
1118 4379 1260 4441 data,
1294 4393 1360 4432 ne
1382 4377 1621 4447 jumenta
1651 4377 1865 4447 quidem
1894 4378 2228 4430 inimicorum
2276 4393 2370 4431 ne-

785 4470 985 4540 gligere
1014 4472 1292 4539 permittit,
1324 4470 1437 4524 sive
1458 4467 1769 4534 deciderint,
1794 4470 1905 4522 sive
1924 4470 2255 4531 erraverint;
2281 4470 2372 4522 sed

786 4562 901 4616 haec
926 4560 1136 4627 quidem
1164 4558 1439 4619 reducere.
1471 4558 1557 4611 illa
1588 4574 1712 4613 vero
1743 4560 1946 4629 erigere
1972 4560 2143 4627 jubet.
2166 4559 2378 4613 Estita-

785 4664 890 4719 que
920 4651 1140 4719 primus,
1171 4651 1238 4702 ab
1268 4650 1461 4702 inﬁmis
1491 4648 1844 4714 ascendendo,
1867 4652 2080 4703 malitia:
2105 4660 2159 4704 et
2184 4649 2375 4703 crude-

786 4742 953 4795 litatis
971 4744 1184 4811 gradus,
1214 4739 1548 4793 inimicorum
1575 4739 1814 4805 jumenta
1851 4748 1904 4792 et
1945 4755 2131 4806 pecora
2174 4740 2369 4793 malmn

788 4848 1037 4903 perpessa
1066 4833 1332 4901 negligere
1381 4848 1397 4884 :
1433 4831 1699 4885 secundus
1728 4830 1818 4883 illo
1838 4832 2097 4899 superior,
2129 4831 2372 4886 inimicos

789 4930 938 4998 ipsos
961 4927 1308 4996 negligentius
1333 4941 1522 4980 curare
1548 4944 1559 4978 :
1588 4935 1787 4993 quanto
1822 4925 1965 4979 enim
2006 4923 2163 4978 homo
2204 4925 2373 4981 brutis

790 5027 1031 5086 praestat,
1056 5025 1202 5069 tanto
1234 5024 1505 5084 peceatum
1538 5016 1637 5069 hoc
1677 5014 1848 5083 majus
1883 5014 1991 5067 illo.
2023 5014 2231 5067 Tertius
2267 5026 2369 5083 est,

790 5112 981 5164 fratres
1006 5110 1301 5177 aSpernari.
1330 5107 1453 5163 licet
1483 5107 1644 5176 ignoti
1674 5107 1867 5161 fuerint
1899 5126 1911 5161 :
1944 5118 2184 5175 quartus,
2218 5105 2375 5160 fami-

790 5202 950 5256 liares
976 5216 1186 5270 quoque
1232 5200 1509 5267 despicere
1551 5216 1563 5251 :
1607 5200 1840 5265 quintus,
1886 5214 2007 5251 eum
2051 5213 2159 5252 non
2202 5198 2372 5250 solum

790 5305 1035 5359 corpore,
1063 5290 1153 5343 sed
1182 5290 1339 5343 etiam
1367 5290 1539 5341 anima
1562 5303 1747 5342 eorum
1777 5298 2046 5356 pereunte,
2075 5288 2377 5342 contemni-

792 5398 944 5436 mus:
971 5391 1171 5447 sextus,
1200 5397 1318 5435 eum
1350 5398 1453 5435 non
1484 5384 1653 5435 Solum
1684 5381 2049 5447 familiaribus,
2081 5398 2265 5437 verum
2292 5384 2373 5450 ip-

794 5475 870 5527 sis
897 5488 1107 5543 quoque
1137 5473 1318 5527 liberis
1348 5473 1705 5541 pereuntibus.
1729 5473 2070 5542 negligimus:
2092 5475 2371 5543 septimus,

792 5577 914 5615 cum
937 5578 1033 5615 nec
1057 5564 1186 5616 alios
1214 5564 1299 5631 qui
1325 5563 1534 5616 illorum
1561 5577 1739 5616 curam
1773 5563 1967 5617 habere
1995 5565 2195 5631 possint
2223 5581 2376 5633 qua:-

793 5656 962 5709 rimus
992 5673 1003 5707 :
1038 5664 1271 5720 octavus,
1300 5671 1420 5709 cum
1450 5667 1498 5709 et
1521 5671 1636 5718 eos,
1674 5656 1763 5723 qui
1800 5656 1853 5708 id
1893 5671 1922 5708 a
1962 5657 2150 5725 seipsis
2196 5656 2375 5714 facere

793 5747 1090 5808 instituunt,
1123 5762 1362 5801 arcemus
1398 5759 1554 5818 atque
1604 5748 1943 5816 prohibemus
1984 5766 1994 5799 :
2027 5762 2218 5814 nonus,
2250 5764 2371 5802 cmn

790 5858 896 5896 non
926 5851 1125 5895 tantum
1155 5842 1270 5896 illos
1311 5842 1670 5911 prohibemus,
1701 5842 1793 5895 sed
1834 5856 2202 5911 oppugnamus
2243 5855 2375 5907 quo-

789 5948 909 6001 que.
944 5934 1122 6005 itaque
1148 5937 1188 5989 si
1224 5935 1469 6004 primum,
1499 5933 1787 5990 secundum
1827 5943 1880 5989 et
1913 5933 2120 5987 tertium
2155 5932 2369 5987 malitia:

1526 551 1577 605 S.
1606 549 1888 604 JUEtNNlS
1931 545 2397 603 (liiiiYSOS’lOMl
2423 548 2735 602 ARCHIEP.
2769 551 3297 607 (ZONSTANTINOP.
3947 567 3995 617 ῃ·
4027 571 4043 617 3

2471 662 2622 729 hujus
2653 660 2889 729 gradum,
2928 674 3067 717 tanta
3111 667 3350 734 sequitur
3381 680 3554 735 ptrna,
3589 682 3635 721 et
3665 674 3756 737 qui
3788 673 3903 725 illo;
3930 695 4043 728 um-

2469 768 2564 804 nes
2592 760 2821 819 superat,
2854 753 3037 821 inquo
3085 771 3179 808 vos
3208 757 3355 820 estis,
3396 772 3585 824 nempe
3624 772 3781 823 nono,
3818 777 4043 830 quantus

2471 840 2604 911 ignis
2630 842 2922 895 destinatus
2951 845 3067 897 est?
3109 848 3377 911 Quinimo.
3426 863 3528 902 non
3572 857 3775 902 tantum
3826 868 4043 916 nonum.

2470 948 2568 986 nec
2594 933 2875 995 decinmm,
2914 933 3006 985 sed
3038 936 3194 987 etiam
3226 939 3559 992 undecimum
3598 937 3719 1006 jure
3757 953 3821 991 ac
3860 946 4048 999 merito

2468 1037 2590 1077 eum
2617 1023 3273 1092 appellaveris.Curhoc?
3317 1029 3451 1095 Quia
3494 1044 3599 1083 non
3644 1038 3826 1081 natura
3875 1032 4044 1085 solum

2470 1112 2572 1167 hoc
2604 1124 2870 1183 peceatum
2898 1130 3051 1181 supra
3082 1120 3389 1171 memoratis
3405 1121 3573 1188 majus
3599 1128 3699 1184 est,
3727 1120 3817 1173 sed
3845 1123 4048 1177 ratione

2470 1209 2726 1273 temporis
2754 1208 2987 1276 gravius.
3020 1205 3153 1271 Quid
3184 1206 3284 1259 sibi
3307 1210 3419 1262 vult
3443 1211 3590 1278 illud,
3620 1214 3823 1265 ratione
3845 1223 4048 1279 tempo-

2470 1295 2543 1347 ris
2562 1298 2585 1345 ’ί
2612 1297 2742 1360 Quia
2770 1298 2924 1351 nobis
2953 1298 3135 1351 eadem
3162 1300 3535 1365 peccantibus,
3566 1318 3681 1371 qum
3736 1304 3772 1358 ii
3822 1305 3908 1373 qui
3948 1306 4047 1357 Sub

2470 1385 2585 1453 lege
2614 1395 2787 1450 erant,
2821 1402 2925 1440 non
2955 1388 3095 1455 paria
3124 1387 3376 1454 supplicia
3428 1388 3710 1459 debentur,
3758 1395 3850 1447 sed
3894 1394 4047 1462 longe

2468 1480 2729 1547 graviora,
2761 1492 2961 1547 quanto
3002 1481 3201 1534 scilicet
3241 1478 3427 1547 majori
3472 1481 3613 1533 dono
3658 1487 3831 1551 potiti,
3873 1486 4045 1554 perfe-

2469 1570 2618 1622 ctiori
2646 1568 2888 1622 doctrina
2920 1571 3128 1633 imbuti,
3161 1570 3345 1639 majori
3390 1570 3590 1624 honore
3624 1576 3798 1627 allecti
3841 1591 4042 1629 sumus.

2471 1661 2600 1717 Cum
2628 1662 2785 1730 igitur
2810 1673 2995 1715 natura
3018 1672 3071 1716 et
3091 1664 3295 1717 ratione
3326 1664 3576 1732 temporis
3606 1663 3706 1718 hoc
3732 1671 3906 1723 scelus
3926 1687 4047 1740 gra-

2472 1752 2744 1804 vissimum
2789 1752 2874 1817 sit,
2906 1754 3183 1805 considera
3212 1762 3459 1821 quantam
3488 1753 3752 1808 ﬂammam
3786 1758 3836 1810 in
3863 1776 4046 1816 eorum

2472 1843 2665 1911 capita,
2695 1842 2781 1911 qui
2806 1842 2855 1895 id
2886 1852 3193 1911 perpetrare
3228 1844 3444 1908 audent,
3493 1843 3722 1899 inducet.
3766 1846 3918 1913 Quod
3957 1866 4050 1905 au-

2474 1942 2577 1987 tem
2606 1949 2709 1986 non
2741 1944 2941 1988 temere
2973 1935 3041 1988 ita
3072 1935 3374 1999 ratiocinor,
3410 1953 3471 1991 ex
3500 1952 3558 1991 re
3596 1937 3708 2005 ipsa
3747 1943 4049 2009 exemplum

2470 2024 2709 2087 afferam,
2744 2032 2800 2075 ut
2829 2025 3028 2087 sciatis,
3059 2027 3267 2079 tametsi
3308 2040 3395 2080 res
3438 2037 3645 2081 nostras
3680 2044 3866 2083 omnes
3905 2044 4049 2086 recte

2470 2113 2830 2177 instiluanms,
2853 2115 2898 2166 si
2930 2114 3158 2166 ﬁliorum
3182 2114 3406 2168 salutem
3439 2117 3779 2185 negligantus,
3825 2133 3920 2171 nos
3952 2135 4047 2174 ex-

2471 2213 2666 2256 tremas
2716 2202 2935 2257 daturos
2975 2218 3095 2257 esse
3141 2218 3345 2271 poenas.
3391 2205 3543 2270 Quod
3600 2209 3746 2260 vobis
3794 2208 4048 2264 allaturos

2470 2311 2611 2360 sum,
2644 2310 2749 2349 non
2779 2310 2842 2349 ex
2876 2296 3080 2362 meipso
3106 2296 3338 2363 profero,
3362 2297 3456 2349 sed
3486 2299 3535 2351 in
3559 2298 3751 2352 divinis
3765 2298 4049 2367 Seriptun's

2468 2387 2631 2455 jacet.
2661 2386 2924 2440 Sacerdos
2953 2386 3167 2455 quidam
3193 2387 3330 2454 apud
3355 2385 3569 2441 Judmos
3594 2398 3724 2452 erat,
3755 2390 3834 2442 vir
3866 2390 4047 2443 mode-

2475 2486 2622 2531 ratus
2650 2492 2711 2530 ac
2733 2477 2951 2546 probus,
2976 2477 3092 2530 Heli
3124 2478 3359 2530 nomine.
3386 2478 3517 2531 lluic
3547 2479 3654 2531 duo
3678 2490 3831 2533 erant
3857 2480 4006 2533 liberi
4032 2498 4045 2532 :

2472 2582 2605 2636 quos
2634 2582 2754 2619 cum
2777 2568 2981 2620 videret
3022 2566 3087 2620 ad
3124 2569 3252 2620 vilia
3300 2568 3584 2633 declinare,
3636 2586 3744 2623 non
3793 2570 4046 2635 cohibuit,

2471 2672 2575 2709 non
2606 2656 2870 2719 coercuit;
2925 2658 3033 2709 imo
3078 2658 3254 2724 potius
3295 2656 3535 2711 cohibuit
3576 2667 3631 2712 et
3663 2660 3917 2724 coercuit,
3956 2661 4048 2713 sed

2471 2762 2573 2800 non
2604 2756 2799 2814 quanta
2825 2745 3093 2814 diligentia
3122 2755 3174 2799 et
3194 2760 3318 2799 cura
3348 2762 3440 2812 par
3466 2756 3599 2800 erat.
3632 2746 3831 2801 [lorum
3872 2757 4047 2801 autem

2472 2837 2586 2890 hate
2611 2844 2762 2889 erant
2786 2835 3027 2897 crimina,
3062 2833 3339 2889 fornicatio
3367 2844 3421 2889 et
3443 2835 3587 2904 gula.
3619 2836 3857 2888 Edebant
3880 2838 4044 2901 enim,

2473 2926 2645 2995 inquit
2669 2925 2746 2994 (1.
2771 2922 2900 2993 Reg.
2929 2924 2983 2976 2.
3010 2926 3123 2993 l6),
3154 2933 3434 2992 antequam
3468 2924 3924 2978 sanctiﬁcarentnr
3965 2940 4050 2979 sa-

2473 3034 2579 3073 era:
2598 3034 2811 3083 carnes,
2840 3028 2895 3070 et
2916 3018 3221 3085 priusquam
3247 3016 3533 3069 olferretur
3563 3017 3672 3070 Deo
3710 3018 4046 3071 sacriﬁcium.

2476 3110 2568 3163 His
2592 3108 2881 3175 compertis
2912 3116 3061 3175 pater
3104 3121 3209 3160 non
3249 3106 3368 3159 lllos
3415 3121 3571 3174 pazna
3616 3107 3904 3171 muletavit,
3957 3107 4050 3160 sed

2475 3201 2651 3255 verbis
2674 3210 2729 3254 et
2757 3198 2973 3253 monitis
3002 3198 3069 3250 ab
3104 3197 3205 3251 hac
3235 3197 3464 3265 nequitia
3496 3197 3637 3264 ipsos
3674 3211 3921 3249 revocare
3962 3212 4049 3249 co-

2475 3301 2630 3345 natus
2670 3299 2772 3354 est,
2799 3301 2956 3358 atque
2987 3289 3069 3343 his
3106 3288 3411 3357 frequenter
3429 3287 3606 3341 verbis
3629 3302 3722 3340 eos
3746 3287 4050 3356 alloqueba-

2473 3389 2560 3434 tur
2592 3398 2605 3433 :
2638 3380 2832 3445 Nolite,
2857 3380 2973 3448 lilii,
3003 3379 3157 3431 nolite
3184 3379 3257 3431 sic
3280 3380 3445 3450 facere
3466 3393 3484 3430 :
3507 3393 3605 3429 non
3633 3377 3761 3429 bona
3786 3381 3923 3446 [auia
3948 3388 4047 3440 est,

2472 3486 2622 3540 quam
2643 3485 2733 3539 ego
2762 3470 2914 3521 audio
2945 3472 3006 3520 de
3031 3468 3187 3528 vobis,
3220 3478 3272 3520 ut
3303 3468 3502 3537 faciatis
3534 3467 3775 3534 populum
3807 3482 3907 3517 non
3942 3482 4051 3518 ser-

2476 3558 2579 3609 vire
2599 3555 2835 3608 Domino.
2864 3554 2923 3609 Si
2944 3555 3240 3629 deliuqucus
3264 3554 3536 3621 peccaverit
3557 3554 3631 3603 vir
3658 3552 3710 3602 in
3736 3566 3917 3613 mrum,
3944 3566 4055 3601 ora.

2478 3651 2599 3702 bunt
2628 3665 2717 3716 pro
2747 3648 2836 3701 illo
2871 3646 3182 3711 Dominum;
3210 3647 3289 3699 sin
3318 3656 3487 3697 autem
3517 3641 3732 3696 Domino
3783 3642 4055 3709 peccaverit

2478 3744 2646 3806 homo,
2674 3740 2784 3809 quis
2805 3755 2895 3809 pro
2923 3739 3012 3791 illo
3040 3739 3200 3789 orabit
3227 3737 3305 3805 (Ι.
3334 3734 3460 3803 Reg.
3485 3734 3537 3785 2.
3569 3732 3699 3801 2ι)ἳ
3722 3730 3880 3784 Multa
3912 3738 4055 3781 certe

2478 3841 2560 3887 est
2579 3832 2809 3902 gravitas
2827 3845 2889 3884 ac
2914 3830 3209 3883 reverentia
3231 3827 3534 3890 verborum,
3549 3840 3665 3894 qu:e
3692 3824 3859 3876 virum
3878 3830 4055 3875 mente

2479 3924 2760 3996 prwditum
2808 3922 2874 3975 ad
2925 3922 3199 3975 meliorem
3245 3919 3447 3986 frugem
3490 3931 3741 3971 revocare
3782 3921 4051 3984 possent:

2478 4032 2599 4070 nam
2628 4014 2832 4069 crimen
2863 4012 3036 4076 all'ert,
3065 4026 3129 4065 ac
3173 4008 3507 4063 tremendmn
3546 4020 3665 4060 esse
3706 4005 4052 4065 demonstrat,

2476 4109 2782 4177 ingruentes
2811 4118 2938 4158 vero
2968 4116 3155 4172 pennas
3181 4096 3539 4153 intolerabiles
3566 4104 3619 4149 et
3644 4094 3936 4148 borremlas
3958 4092 4055 4147 de-

2482 4198 2705 4252 nuntiat.
2747 4198 2996 4250 Attamen
3035 4193 3155 4262 quia
3198 4186 3449 4260 quidquid
3494 4185 3755 4254 agendum
3799 4194 3913 4237 erat
3951 4197 4053 4235 non

2478 4289 2734 4347 exhibuit,
2766 4288 2877 4355 ipse
2903 4300 3023 4339 cum
3053 4283 3155 4337 illis
3175 4297 3277 4335 una
3310 4279 3486 4350 periit.
3513 4276 3749 4344 Namque
3772 4275 3939 4327 minas
3960 4274 4056 4325 ad-

2479 4381 2605 4434 dere
2629 4379 2903 4440 debuerat,
2934 4392 2962 4428 a
2990 4384 3280 4442 conspectu
3312 4385 3408 4423 suo
3446 4382 3715 4427 amovere,
3752 4365 4055 4418 verberibus

2482 4471 2760 4537 castigare,
2803 4466 3075 4533 multoque
3121 4464 3223 4516 illis
3270 4462 3485 4530 gravius
3525 4468 3578 4513 et
3614 4458 3797 4512 durius
3840 4458 4052 4510 inStare.

2482 4561 2611 4627 Quia
2640 4559 2798 4627 igitur
2826 4556 2954 4609 nihil
2985 4555 3174 4609 horum
3207 4553 3332 4620 egit,
3360 4552 3522 4605 Deum
3549 4558 3602 4603 et
3629 4548 3729 4601 sibi
3760 4556 3813 4601 et
3841 4548 3941 4600 illis
3960 4546 4057 4599 ini-

2481 4651 2675 4704 micum
2703 4647 2858 4701 fecit:
2891 4654 3051 4715 utque
3079 4644 3198 4697 filiis
3228 4641 3596 4710 intempestive
3622 4646 3882 4708 parceret,
3911 4636 4058 4703 etip-

2482 4755 2665 4797 sorum
2688 4748 2743 4794 et
2769 4753 2917 4791 suam
2940 4736 3161 4790 salutem
3183 4733 3380 4787 amisit.
3413 4732 3548 4785 Audi
3580 4743 3707 4799 ergo
3749 4727 3874 4796 quid
3917 4724 4060 4777 dicat

2482 4834 2556 4888 illi
2588 4832 2760 4894 Dens;
2792 4830 2895 4883 imo
2923 4843 3050 4882 vero
3079 4842 3184 4880 non
3210 4825 3320 4894 jam
3370 4824 3466 4885 illi,
3511 4837 3682 4890 neque
3726 4821 3867 4873 enim
3913 4816 4057 4867 illum

2482 4936 2742 4992 responso
2771 4921 2985 4988 dignum
3016 4916 3243 4983 amplius
3262 4912 3534 4981 judicavit,
3565 4910 3657 4964 sed
3690 4918 3954 4974 tamquam
3987 4906 4061 4955 fa-

2482 5014 2681 5069 mulum
2712 5012 2799 5082 qui
2829 5026 2885 5063 se
2911 5010 3145 5078 graviter
3183 5004 3507 5069 oﬁ‘eudissct,
3558 5016 3652 5070 per
3694 4999 3855 5050 alium
3895 5010 4059 5049 even-

2483 5116 2598 5159 tura
2624 5104 2721 5171 ipsi
2750 5101 2884 5153 mala
2909 5096 3240 5167 signiﬁcavit.
3272 5095 3439 5148 Tanta
3490 5104 3614 5145 tnue
3659 5096 3776 5141 erat
3820 5086 3910 5138 Dei
3961 5085 4058 5135 ira.

2483 5194 2619 5248 Audi
2649 5193 2824 5258 itaque
2845 5188 2967 5258 quid
3000 5186 3064 5238 ad
3094 5184 3409 5254 discipulum
3439 5181 3506 5234 de
3529 5178 3779 5245 magistro
3799 5175 4056 5240 loquatur,

2482 5284 2742 5355 siquidem
2764 5291 2819 5336 et
2839 5278 3099 5347 discipulo
3124 5288 3177 5330 et
3209 5276 3366 5330 alteri
3399 5272 3690 5343 prophetae,
3731 5277 3784 5321 et
3816 5266 4059 5319 omnibus

2483 5380 2679 5449 potius,
2708 5390 2866 5444 quam
2893 5372 2985 5435 illi,
3016 5371 3080 5424 de
3111 5369 3286 5423 futura
3308 5367 3610 5421 calamitate
3647 5361 3764 5429 ejus
3804 5359 4058 5427 loqueba-

2483 5482 2569 5525 tur
2600 5489 2610 5520 :
2639 5468 2775 5521 adeo
2805 5465 2949 5519 illum
2977 5464 3040 5516 ad
3061 5472 3353 5517 extremum
3382 5455 3743 5511 aversabatur.
3774 5451 3905 5519 Quid
3934 5464 4056 5515 ergo

2484 5560 2654 5630 inquit
2677 5555 2945 5611 Samueli?
2975 5553 3201 5607 Noverat
3235 5548 3375 5619 quod
3406 5544 3775 5599 maledicerent
3814 5540 3902 5595 ﬁlii
3943 5539 4059 5607 ejus

2488 5655 2616 5712 Deo,
2637 5658 2689 5702 et
2717 5662 2821 5700 non
2850 5645 3098 5698 monebat
3119 5656 3242 5700 eos;
3278 5653 3380 5691 non
3410 5636 3485 5689 sic
3525 5644 3718 5697 tamen,
3759 5648 3878 5686 nam
3913 5637 4059 5683 certe

2486 5751 2780 5805 monuerat,
2812 5739 2902 5794 sed
2936 5738 3071 5791 hanc
3104 5737 3241 5789 Deus
3269 5746 3363 5800 pro
3392 5729 3748 5783 admonitione
3771 5742 3873 5780 non
3904 5736 4058 5775 acce-

2487 5838 2577 5906 pit,
2610 5836 2740 5888 adeo
2771 5834 2913 5887 illam
2948 5826 3300 5896 improbabat,
3334 5822 3471 5892 quod
3505 5822 3829 5875 \el.eutentia
3859 5814 4056 5868 curuis-

2483 5940 2580 5985 sct.
2616 5930 2795 5999 itaque
2832 5927 2874 5979 si
2920 5923 3037 5975 libis
3088 5918 3476 5990 provideamus,
3520 5918 3610 5972 sed
3662 5930 3766 5968 non
3808 5919 4055 5979 quantu‘tt
