4454 6730
203 558 301 611 5ῖι1

207 667 512 737 Μονογενὴς
540 666 745 732 διδάξαι
777 667 1116 738 βουλόμενος,
1146 666 1222 728 ῶς
1256 667 1550 735 ἀναγκαῖον
1578 663 1733 718 τοῦτό
1760 667 1876 717 ἐστι

201 760 265 815 τὸ
297 756 543 826 ὄφλημα,
580 757 672 810 καὶ
710 758 834 819 τοὺς
878 756 951 825 μῆ
1000 754 1353 824 βουλομένους
1393 753 1525 807 αὐτὸ
1566 753 1878 805 καταθεῖναι

204 845 417 914 μεγάλα
448 845 718 911 ἐκδέξεται
753 844 929 905 κακὰ,
972 842 1175 907 ἔλεγεν·
1217 844 1312 907 Ὃς
1340 841 1449 893 ἐὰν
1492 840 1876 906 σκανδαλίσῃ

196 935 310 988 ἕνα
331 934 681 1004 τῶνμιιίρῶν
702 934 945 991 τούτων,
962 930 1251 998 συμφέρει
1274 926 1436 991 αὐτῷ
1457 928 1556 979 ἵνα
1572 926 1878 996 κρεμασθῇ

198 1025 391 1092 μύλος
423 1024 622 1084 ὀνικὸς
656 1020 787 1086 περί
822 1021 929 1070 τ·“ν
968 1018 1271 1085 τράχηλον
1304 1015 1513 1076 αὑτοῦ,
1562 1016 1657 1067 καὶ
1697 1031 1877 1065 κατα-

204 1110 498 1179 ποντισθῇ
539 1112 609 1163 ἐν
647 1107 729 1172 τῷ
772 1105 1017 1173 πελάγει
1051 1105 1157 1171 τῆς
1204 1102 1542 1170 θαλάσσης.
1590 1105 1697 1156 Καὶ
1744 1104 1773 1153 ό
1820 1102 1879 1153 τὸ

201 1201 461 1253 τάλαντον
488 1200 544 1251 δὲ
574 1192 975 1266 προσενεγκὼν,
1007 1195 1103 1263 ούχ
1124 1195 1206 1245 ὅτι
1234 1190 1342 1243 τῶν
1365 1192 1579 1243 οἰκείων
1601 1208 1654 1243 τι
1686 1190 1877 1259 παρεῖ-

206 1292 312 1356 δεν,
336 1292 447 1345 ἀλλ’
464 1293 545 1342 ὅτι
570 1290 667 1354 τῆς
690 1285 795 1337 τῶν
828 1284 1051 1354 πλησίον
1076 1281 1349 1351 σωτηρίας
1374 1281 1670 1351 ἠμέλησεν,
1695 1279 1879 1349 ἐκείνῃ

205 1382 269 1448 τῇ
305 1376 543 1447 τιμωρία
580 1371 883 1433 κολάζεται.
920 1373 1081 1424 Ὥστε
1120 1370 1223 1422 κᾶν
1271 1366 1486 1421 ἅπαντα
1528 1369 1664 1437 ἡμῖν
1699 1364 1879 1427 καλῶς

205 1461 236 1537 ᾗ
258 1461 663 1532 διηκριϐωμένα
690 1461 753 1511 τὰ
778 1460 915 1511 κατά
936 1459 1025 1510 τὸν
1052 1457 1322 1527 ἡμέτερον
1347 1454 1482 1523 βίον,
1506 1454 1658 1506 οὐδὲν
1689 1452 1880 1519 ὄφελος

206 1554 357 1621 ἡμῖν,
388 1548 589 1616 ταύτης
614 1546 713 1615 τῆς
736 1547 1008 1616 ἁμαρτίας
1037 1544 1230 1610 ἱκανῆς
1254 1541 1417 1613 οῦσης
1439 1543 1587 1611 ἡμᾶς
1609 1542 1688 1601 εἰς
1708 1539 1769 1590 τὸ
1784 1539 1881 1607 τῆς

204 1639 431 1705 γεέννης
453 1636 842 1688 καταποντίσαι
875 1633 1129 1697 πέλαγος.
1169 1631 1229 1681 Εἰ
1260 1630 1366 1699 γὰρ
1396 1632 1522 1690 τοὺς
1552 1630 1608 1679 ἐν
1641 1628 1751 1687 τοῖς
1780 1642 1883 1677 σω-

212 1725 459 1795 ματικοῖς
481 1724 554 1793 μὴ
581 1722 941 1791 βουληθέντας
970 1717 1184 1788 βοηθεῖν
1203 1716 1278 1786 τῷ
1296 1717 1524 1786 πλησίον
1540 1714 1714 1774 οὐδεὶς
1735 1713 1883 1795 ἐξαι-

212 1793 433 1882 ρήσεται
458 1810 635 1877 λόγος,
655 1809 791 1862 ἀλλά
810 1808 913 1861 κᾶν
940 1804 1240 1876 παρθενίαν
1263 1804 1377 1874 [78]
1397 1802 1701 1872 ὴσκηκότες
1726 1793 1879 1861 ὦσιν,

209 1898 316 1963 ἔξω
358 1914 457 1949 που
496 1899 814 1967 ριφήσονται
852 1893 945 1947 τοῦ
981 1892 1286 1961 νυμφῶνος·
1323 1892 1351 1942 6
1385 1890 1447 1941 τὸ
1482 1887 1661 1958 πολλῷ
1700 1886 1881 1957 μεῖζον

209 1982 534 2047 ἐκλελοιπὼς
564 1984 761 2053 (πολλῴ
778 1984 885 2054 γάρ
919 1982 1104 2051 μεῖζον
1129 1981 1161 2048 ἡ
1188 1978 1284 2047 τῆς
1310 1978 1486 2046 ψυχῆς
1510 1974 1810 2046 προστασία
1832 1973 1880 2043 ιι)

211 2073 331 2135 πῶς
356 2074 455 2125 οὐκ
496 2072 720 2134 εἰκότως
754 2072 968 2124 ἅπαντα
1018 2068 1263 2121 πείσεται
1301 2066 1371 2117 τά
1402 2064 1581 2128 δεινάς
1625 2063 1727 2115 Τὸν
1774 2063 1884 2132 γὰρ

208 2160 494 2230 ἄνθρωπον
533 2160 628 2227 οὐχ
660 2158 837 2226 ἐαυτῴ
878 2157 1033 2226 μόνον
1074 2154 1367 2221 αὐταρκεῖν
1411 2149 1815 2204 κατεσκεύασεν
1856 2150 1885 2201 6

210 2247 367 2308 Θεὸς,
401 2246 536 2298 ἀλλὰ
564 2246 657 2297 καὶ
681 2246 885 2313 ἑτέροις
912 2242 1145 2301 πολλοῖς.
1172 2238 1270 2289 Διὰ
1292 2237 1449 2289 τοῦτο
1475 2238 1570 2288 καὶ
1592 2234 1885 2303 φωστῆρας

212 2335 239 2385 6
273 2332 480 2394 Παῦλος
502 2333 653 2383 καλεῖ
683 2333 807 2392 τους
836 2330 1082 2391 πιστοὺς,
1113 2324 1522 2393 ἐνδεικνύμενος
1544 2324 1625 2375 ὃτι
1653 2323 1745 2375 καὶ
1772 2322 1883 2373 ἐτέ-

214 2436 329 2489 ροις
362 2418 661 2487 χρησίμους
692 2413 827 2469 εἶναι
858 2417 937 2468 δεῖ
971 2413 1168 2476 αὐτούς
1196 2413 1224 2451 b
1245 2428 1255 2439 ‘
1298 2415 1326 2464 6
1361 2410 1469 2483 γὰρ
1502 2409 1745 2479 φωστὴρ,
1784 2408 1889 2470 ἕως

211 2507 277 2558 ἂν
305 2504 492 2557 ἑαυτὸν
518 2503 722 2572 φωτίζῃ
752 2504 928 2571 μόνον,
962 2503 1061 2554 οὐκ
1093 2501 1159 2553 ἂν
1192 2498 1277 2569 εἴη
1308 2500 1554 2569 φωστήρ.
1588 2497 1687 2550 Διὰ
1710 2495 1888 2558 τοῦτο,

213 2594 309 2644 καὶ
338 2592 603 2659 Ἑλλήνων
632 2587 768 2642 εἶναι
793 2590 1007 2658 χείρους
1039 2589 1173 2659 φησί
1203 2589 1329 2649 τοὺς
1361 2586 1469 2639 τῶν
1496 2586 1724 2655 πλησίον
1752 2586 1890 2653 ἀμε-

214 2681 459 2742 λοῦντας,
494 2678 694 2730 οὑτωσὶ
721 2678 891 2744 λέγων
910 2695 922 2706 ·
954 2679 1021 2729 Εὶ
1048 2678 1113 2730 δέ
1143 2695 1235 2742 τις
1264 2674 1383 2728 τῶν
1419 2676 1606 2739 ἰδίων,
1639 2674 1737 2727 καὶ
1772 2672 1891 2742 μά-

213 2772 396 2821 λιστα
433 2765 551 2819 τῶν
582 2766 819 2817 οἰκείων
847 2767 917 2816 οὺ
944 2764 1201 2830 προνοεῖ,
1238 2763 1354 2830 τὴν
1384 2763 1595 2815 πίστιν
1618 2761 1886 2830 ἤρνηται,

217 2855 315 2906 καί
345 2856 513 2905 ἐστιν
537 2852 798 2903 ἀπίστου
821 2850 1054 2918 χείρων.
1086 2849 1149 2901 Τί
1171 2850 1279 2919 γὰρ
1303 2847 1481 2917 βούλει
1502 2849 1601 2918 τὴν
1634 2847 1890 2918 πρόνοιαν

215 2939 448 2991 ἐνταῦθα
485 2936 801 3003 δηλοῦσθαις
834 2932 942 3006 ἆρα
968 2934 1065 3003 τὴν
1095 2934 1203 2985 τῶν
1243 2935 1559 3001 ἀναγκαίων
1590 2933 1888 3003 χορηγίαν;

229 3024 371 3090 Ἐγὼ
410 3024 506 3091 μὲν
544 3023 651 3091 γὰρ
692 3021 854 3073 αὑτὸν
894 3016 1047 3090 οἶμαι
1090 3022 1187 3089 την
1226 3021 1327 3089 τῆς
1358 3021 1535 3090 ψυχῆς
1574 3020 1891 3089 ἐπιμέλειαν

216 3109 415 3174 λέγειν.
454 3110 515 3160 Εἰ
549 3109 605 3160 δέ
645 3108 1027 3176 φιλονεικοίης,
1066 3110 1157 3158 καὶ
1192 3106 1335 3158 οὕτω
1374 3107 1434 3158 τὸ
1473 3107 1605 3175 ἐμὸν
1638 3108 1892 3175 στήσεται

223 3196 440 3266 μᾶλλον.
475 3196 536 3248 Εἰ
576 3194 684 3265 γάρ
714 3195 842 3264 περὶ
885 3194 1137 3263 σώματος
1164 3192 1339 3245 ταῦτά
1379 3209 1533 3262 φησι,
1570 3193 1667 3245 καὶ
1698 3192 1788 3244 τὸν
1821 3192 1894 3261 μὴ

221 3283 527 3352 παρέχοντα
550 3284 646 3349 τὴν
677 3283 948 3351 ἐφήμερον
963 3282 1169 3351 ταύτην
1192 3281 1397 3352 τροφὴν
1415 3281 1655 3354 τοσαύτῃ
1676 3280 1894 3333 κολάσει

220 3371 533 3439 παρέδωκε,
570 3370 665 3421 καὶ
692 3370 798 3421 τῶν
844 3368 1113 3437 Ἑλλήνιον
1153 3368 1357 3438 ἔφησεν
1394 3364 1534 3422 εἶναι
1565 3370 1751 3439 χείρω,
1793 3368 1895 3421 ποῦ

222 3458 463 3509 κείσεται
493 3458 522 3508 6
550 3456 612 3508 τὸ
643 3456 825 3526 μεῖζον
852 3459 945 3508 καὶ
972 3456 1398 3524 ἀναγκαιότερον
1429 3458 1720 3527 παρορῶν;

293 3547 364 3611 γ’.
378 3543 513 3613 Φέρε
541 3538 633 3595 οὖν
668 3543 826 3594 συλλο
838 3542 1121 3612 γισώμεθα
1136 3542 1319 3594 λοιπὸν
1337 3544 1432 3613 τῆς
1452 3543 1727 3613 ἁμαρτίας
1744 3545 1774 3613 ἡ
1783 3542 1898 3611 μῶν

221 3630 284 3682 τὸ
329 3630 575 3700 μέγεθος,
621 3631 715 3683 καὶ
756 3629 899 3682 κατὰ
938 3629 1129 3699 μικρὸν
1171 3628 1588 3691 ἀναϐαίνοντες,
1633 3630 1898 3697 δείξωμεν

220 3717 303 3766 ὅτι
352 3716 567 3768 πάντων
612 3716 871 3767 ἐπέκεινα
910 3717 1017 3767 τῶν
1060 3715 1474 3784 ἁμαρτημάτων
1509 3716 1654 3766 ἐστὶν
1700 3718 1733 3783 ἡ
1770 3718 1897 3786 περὶ

220 3802 349 3863 τοὺς
372 3802 562 3864 παῖδας
586 3802 867 3870 ὀλιγωρία,
895 3802 990 3854 καὶ
1015 3802 1149 3871 πρὸς
1175 3802 1341 3869 αὐτὴν
1366 3801 1491 3869 ῆκει
1514 3802 1609 3870 τῆς
1632 3802 1898 3871 πονηρίας

219 3888 321 3956 τὴν
354 3889 617 3959 κορυφήν.
651 3890 805 3939 Ἐστι
835 3889 1013 3939 τοίνυν
1041 3888 1257 3957 πρῶτος
1285 3889 1483 3949 κακίας
1511 3889 1607 3939 καὶ
1635 3889 1897 3958 πονηρίας

225 3974 433 4043 βαθμὸς
467 3976 559 4026 καὶ
591 3973 874 4043 ὠμότητος
900 3974 961 4024 τὸ
999 3976 1123 4035 τοὺς
1165 3974 1351 4041 φίλους
1385 3976 1666 4044 περιορᾷν·
1702 3975 1900 4045 μᾶλλον

222 4063 284 4113 δὲ
324 4061 620 4131 κατωτέρω
665 4060 754 4111 τὸν
782 4060 937 4125 λόγον
978 4059 1297 4129 ἀγάγωμεν·
1330 4060 1489 4113 τοῦτο
1522 4063 1631 4131 γὰρ
1674 4063 1775 4115 οὐκ
1806 4058 1899 4115 οἷδ’

228 4151 379 4211 ὅπως
414 4146 609 4217 μικροῦ
646 4146 755 4198 δεῖν
786 4163 851 4216 με
887 4146 1212 4215 παρέλαθεν,
1247 4148 1329 4199 ὅτι
1364 4152 1392 4201 ό
1420 4150 1686 4219 πρότερος
1718 4150 1899 4220 νόμος,

222 4237 256 4288 ὀ
285 4237 396 4297 τοῖς
440 4235 712 4297 Ἰουδαίοις
741 4233 934 4296 δοθεὶς,
963 4233 1085 4285 οῦδέ
1135 4233 1201 4286 τά
1241 4234 1510 4301 ὑποζύγια
1544 4236 1652 4287 τῶν
1693 4236 1903 4305 ἐχθρῶν

224 4323 425 4392 ἀφίησι
447 4325 712 4392 παρορᾷν,
733 4321 855 4374 ούτε
876 4320 1220 4382 πεπτωκότα,
1242 4320 1365 4373 οὔτε
1392 4322 1742 4391 πλανώμενα,
1767 4324 1903 4375 ἀλλὰ

223 4408 299 4460 τὰ
330 4408 425 4476 μὲν
453 4410 740 4477 ὀδηγῆσαι,
772 4409 838 4460 τά
866 4408 921 4459 δέ
954 4407 1403 4477 συνδιαναστῆσαι
1442 4408 1672 4461 κελεύει.
1718 4409 1901 4461 Ἔστιν

225 4490 327 4548 οὖν
354 4494 567 4562 πρῶτος
603 4496 699 4565 μὲν
728 4496 973 4548 κάτωθεν
1006 4495 1311 4549 ἀναϐαίνων
1340 4498 1536 4561 κακίας
1562 4498 1655 4549 καὶ⁵
1683 4498 1900 4567 ὠμότη-

224 4599 326 4643 τος
356 4581 581 4650 βαθμὸς,
608 4583 670 4633 τὸ
706 4584 773 4635 τὰ
796 4584 903 4635 τῶν
934 4585 1143 4653 ἐχθρῶν
1176 4588 1345 4655 κτήνη
1378 4587 1470 4637 καὶ
1492 4586 1781 4656 θρέμματα
1802 4604 1902 4640 καο

226 4669 346 4731 κῶς
382 4670 657 4736 πάσχοντα
700 4672 1098 4740 παρατρέχειν·
1147 4672 1396 4743 δεύτερος
1442 4674 1500 4728 δέ
1540 4677 1658 4744 μετ’
1702 4677 1905 4728 ἐκεῖνον

228 4755 522 4825 ἀνώτερος,
561 4754 619 4806 τὸ
657 4754 764 4806 τῶν
810 4756 1019 4826 ἐχθρῶν
1059 4757 1302 4825 ἀμελεῖν·
1336 4762 1447 4829 ὄσῳ
1482 4762 1590 4832 γὰρ
1624 4762 1907 4832 ἄνθρωπος

226 4840 431 4908 ἀλόγου
478 4839 818 4910 τιμιώτερος,
874 4840 1112 4909 τοσούτῳ
1171 4844 1372 4911 μείζων
1424 4847 1640 4916 ἐκείνης
1683 4846 1819 4917 αῦτη
1871 4851 1901 4917 ἡ

226 4927 501 4997 ἁμαρτία·
526 4929 703 4999 τρίτος
732 4928 787 4979 δὲ
824 4930 964 4997 μετὰ
988 4928 1197 4991 τοῦτον,
1227 4930 1289 4981 τὸ
1310 4931 1418 4983 τῶν
1452 4933 1696 5000 ἀδελφῶν
1736 4951 1903 4985 κατα-

230 5019 473 5083 φρονεῖν,
523 5014 625 5069 κᾶν
690 5016 929 5082 ἀγνῶτες
972 5015 1122 5079 ὄντες
1156 5019 1485 5087 τυγχάνωσι·
1532 5020 1811 5090 τέταρτος,
1846 5022 1906 5073 τὸ

230 5102 363 5163 τοὺς
401 5103 633 5166 οἰκείους
660 5104 937 5174 περιορᾷν·
972 5104 1241 5171 πέμπτος,
1272 5106 1400 5158 ὅταν
1430 5105 1505 5177 μὴ
1530 5107 1780 5177 σώματος
1813 5110 1906 5161 αύ-

231 5190 353 5249 τοῖς
377 5191 554 5257 μόνον,
577 5192 714 5244 ἀλλὰ
736 5191 943 5260 καὶτῆς
960 5190 1135 5260 ψυχῆς
1161 5193 1363 5245 ἀπολλυ
1373 5194 1537 5265 μένης
1559 5198 1907 5269 καταφρονῶ-

238 5290 363 5340 μεν·
389 5276 566 5341 ἕκτος,
592 5280 719 5331 ὅταν
760 5280 833 5350 μὴ
869 5278 975 5331 τῶν
1008 5279 1245 5343 οἰκείων,
1272 5280 1409 5333 άλλά
1442 5286 1537 5336 καὶ
1565 5284 1673 5336 τῶν
1705 5286 1909 5341 παίδων

235 5362 373 5429 ημῖν
408 5362 869 5437 διαφθειρομένων
907 5366 1275 5437 ὀλιγωρῶμεν·
1321 5367 1569 5438 ἕϐδομος,
1611 5374 1740 5426 ὅταν
1775 5376 1909 5445 μηδὲ

236 5445 462 5515 ἐτέρους
484 5453 605 5513 τοὺς
638 5455 1060 5527 ἐπιμελομένους
1088 5454 1339 5525 ζητῶμεν
1363 5466 1409 5493 ε·
1435 5457 1640 5524 ὄγδοος,
1664 5462 1791 5515 ὅταν
1819 5466 1910 5516 καὶ

237 5532 333 5597 ἀφ’
356 5534 562 5587 ἐαυτῶν
590 5540 747 5594 τοῦτο
769 5544 1121 5615 βουλομένους
1147 5545 1318 5596 ποιεῖν
1353 5543 1652 5615 κωλύωμεν
1685 5552 1779 5603 καὶ
1806 5552 1911 5604 ἀπ-

238 5619 537 5688 είργωμεν·
577 5622 815 5690 ἕννατος,
854 5632 982 5685 ὅταν
1016 5633 1089 5703 μὴ
1117 5631 1412 5700 κωλύωμεν
1438 5632 1618 5699 μόνον,
1651 5636 1787 5689 ἀλλά
1819 5640 1911 5692 καὶ

240 5705 588 5775 πολεμῶμεν.
626 5711 784 5764 Ὥστε
816 5720 862 5768 εἰ
888 5720 967 5788 τῷ
994 5720 1194 5791 πρώτῳ
1216 5720 1308 5773 καὶ
1339 5720 1417 5789 τῷ
1442 5722 1679 5792 δευτέρῳ
1712 5728 1807 5778 καὶ
1836 5726 1911 5795 τῷ

242 5884 258 5902 .
281 5810 477 5902 ..ἶᾶῗέὶῖ
490 5816 920 5902 Ἒῗῗίρὲξέῗοὶλίῖ)
950 5825 1171 5902 μέῖξῖνῆ.
1186 5832 1269 5883 τῆς
1289 5829 1438 5902 ψιλῆς
1457 5828 1744 5889 προστασίαν
1772 5830 1909 5891 l3PS“

241 5872 477 5949 {3"3‘!!if0
498 5872 1020 5949 Olqissis‘ipU-fpdsx'lis
1042 5872 1118 5932 ’δι’
1148 5872 1520 5949 όμόίοτέλέύτού.

310 5931 337 6003 ξ)
362 5931 517 6003 [idem
535 5936 655 6001 εἶναι
677 5938 744 5983 δεί
767 5931 875 5993 τοὺς
892 5931 1105 6003 πιστούς,

310 5996 332 6074 ᾖ
360 5996 745 6074 .jin-x‘iljin‘lexh‘l
777 5996 1135 6074 ἐπιμελομῖένόρς
1530 6025 1679 6074 marg.
1710 6014 1903 6059 σκοπῶ..

247 6055 1504 6134 =51“—'°'°‘-.73-waiméwutrm-mm:tm;ea}:
1531 6055 1904 6134 ’ἐξέταττε-ες

247 6121 518 6174 σκοπῶμεν.
544 6121 683 6169 Alius
707 6124 1091 6186 ἐπιμελοιψένονς
1112 6121 1368 6193 σκοπῶμεν
1599 6121 1602 6122 7
1634 6128 1636 6133 ’

1002 550 1370 606 ADVERSUS
1409 548 1969 607 OPPUGNATORES
2008 548 2195 604 VITAS
2237 546 2541 601 MONAST.
2582 547 2708 601 LIB.
2751 546 2834 601 lil.

3550 543 3658 602 552

1977 667 2143 735 τρίτῳ
2160 664 2256 733 τῆς
2280 662 2475 724 κακίας
2502 661 2703 728 ταύτης
2728 660 2918 731 βαθμῴ
2942 660 3176 731 τοσαύτη
3203 661 3423 726 κόλασις
3440 663 3654 730 ἕπεται,

1977 754 2053 823 τῷ
2082 757 2283 815 πάντας
2315 752 2671 823 ἀναϐεϐηκότι
2703 752 2924 814 τοᾶτους
2945 791 2958 810 .
2990 750 3163 821 τούτῳ
3186 752 3248 821 δὴ
3278 752 3355 823 τῷ
3382 753 3654 823 ὑμετέρῳ,

1980 843 2143 893 πότον
2182 842 2370 910 ἕψεται
2413 840 2521 909 πῦρ
2562 840 2769 907 ἐννάτῳ
2806 838 2832 876 ἀ
2889 841 3004 909 μετ’
3055 841 3257 891 ἐκεῖνον
3296 839 3654 910 τυγχάνοντι;

1983 929 2181 998 μᾶλλον
2225 930 2283 981 δὲ
2320 929 2419 979 οὐκ
2465 927 2678 980 ἔννατον
2726 925 2903 994 μόνον,
2937 926 3054 978 οὐδὲ
3096 926 3340 989 δέκατον,
3384 928 3520 981 ἀλλὰ
3562 928 3657 982 καὶ

1980 1016 2263 1068 ἑνδέκατον
2286 1015 2385 1066 οῦκ
2412 1014 2480 1067 ἄν
2503 1032 2582 1076 τις
2609 1016 2845 1085 ἁμάρτοι
2869 1014 3054 1067 τοῦτον
3079 1014 3411 1083 προσειπών,
3443 1014 3559 1087 [79]
3590 1016 3658 1069 Τί

1979 1102 2207 1173 δήποτες
2244 1103 2368 1153 Ὅτι
2415 1102 2473 1153 ού
2516 1105 2578 1171 τῇ
2614 1102 2770 1169 φύσει
2818 1100 2998 1169 πολλῷ
3032 1105 3212 1171 μεῖζον
3253 1101 3313 1153 τὸ
3352 1102 3657 1173 ἁμάρτημα

1979 1192 2087 1243 τῶν
2128 1190 2629 1261 προηριθμημένων
2683 1189 2797 1240 ἐστὶ
2855 1188 3036 1257 μόνον,
3090 1189 3224 1240 ἀλλὰ
3272 1190 3364 1241 καὶ
3398 1190 3507 1242 ἀπὸ
3560 1190 3657 1243 τοῦ

1981 1277 2171 1347 χρόνου
2200 1276 2577 1346 χαλεπώτερον
2605 1287 2648 1328 ε.
2684 1276 2747 1327 Τί
2772 1277 2828 1327 δέ
2859 1276 3017 1327 τοῦτό
3044 1278 3159 1327 ἐστι
3188 1277 3247 1327 τὸ
3278 1278 3384 1328 ἀπὸ
3408 1276 3502 1329 τοῦ
3530 1277 3660 1348 χρό-

1981 1382 2070 1417 νου
2088 1382 2101 1429 ;
2132 1365 2254 1416 Ὅτι
2278 1363 2344 1416 τὰ
2362 1363 2501 1415 αὐτὰ
2523 1362 2925 1432 ἁμαρτάνουσιν
2948 1364 3079 1431 ἡμῖν
3099 1360 3191 1413 νῦν
3209 1364 3318 1423 τοῖς
3338 1364 3394 1414 ἐν
3411 1363 3488 1432 τῷ
3507 1365 3657 1434 νόμῳ

1980 1452 2040 1503 οὐ
2068 1452 2135 1505 τὰ
2166 1451 2304 1504 αὐτὰ
2331 1450 2569 1503 κείσεται
2603 1448 3017 1519 βασανιστήρια,
3049 1449 3185 1501 ἀλλὰ
3206 1448 3385 1519 πολλῷ
3410 1450 3661 1521 χαλεπώ-

1980 1554 2132 1607 τερα,
2157 1537 2267 1606 ὄσῳ
2290 1538 2383 1590 καὶ
2402 1537 2645 1607 μείζονος
2668 1534 3070 1606 άπηλαύσαμεν
3090 1537 3320 1606 δωρεᾶς,
3340 1539 3432 1590 καὶ
3457 1536 3661 1590 τελειοο

1982 1624 2143 1689 τέρας
2184 1624 2536 1686 διδασκαλίας
2570 1623 2926 1694 μετέσχομεν,
2963 1623 3060 1675 καὶ
3089 1622 3291 1675 πλείονι
3320 1624 3663 1694 τετιμήμεθα

1982 1713 2139 1780 τιμῇ.
2191 1711 2355 1763 Ὅταν
2383 1707 2474 1763 οὖν
2511 1713 2605 1763 καὶ
2650 1714 2715 1779 τῇ
2761 1714 2939 1779 φύσει,
2986 1710 3184 1780 καὶτῷ
3224 1712 3401 1782 χρόνῳ
3434 1712 3663 1781 σφοδρὸν

1984 1796 2124 1849 οὖτω
2153 1797 2212 1848 τὸ
2252 1796 2556 1866 ἁμάρτημα
2590 1798 2808 1866 γίνηται
2846 1797 3024 1858 τοῦτο,
3068 1798 3318 1867 ἐννόησον
3355 1798 3487 1867 ὅσην
3524 1797 3663 1849 οἴσει

1982 1884 2081 1955 τὴν
2115 1884 2289 1953 φλόγα
2330 1886 2421 1936 ἐπὶ
2446 1884 2544 1954 τὴν
2587 1884 2694 1936 τῶν
2725 1882 3049 1953 τολμώντων
3090 1884 3221 1935 αὐτὸ
3260 1884 3522 1953 κεφαλήν.
3555 1882 3668 1936 Καὶ

1982 1972 2064 2023 δτι
2120 1971 2219 2040 οὐχ
2261 1970 2449 2033 ἁπλῶς
2493 1971 2665 2023 ταῦτα
2706 1970 3173 2041 ίσυλλογίςομαι,
3227 1971 3321 2023 καὶ
3364 1972 3458 2023 ἀπ’
3499 1967 3668 2023 αὑτοῦ

1984 2059 2077 2111 τοῦ
2129 2058 2455 2129 πράγματος
2495 2058 2747 2121 ἐπιδείξω
2780 2059 2936 2111 τοῦτο
2967 2059 3201 2128 συμϐὰν,
3239 2060 3304 2111 ἵν’
3339 2059 3517 2127 εἰδῆτε
3551 2058 3668 2123 ὅτι,

1986 2148 2089 2200 κᾶν
2127 2147 2200 2199 τὰ
2242 2146 2488 2215 ἡμέτερα
2525 2148 2659 2216 ἡμῖν
2691 2145 2908 2198 ἅπαντα
3021 2145 3357 2215 διῳκημένα,
3388 2146 3487 2216 τῆς
3536 2146 3670 2213 γοῦν

1986 2233 2093 2285 τῶν
2136 2234 2339 2286 παίδων
2388 2232 2719 2303 ἀμελοῦντες
2751 2233 3050 2303 σωτηρίας,
3099 2232 3198 2302 τὴν
3240 2232 3475 2302 ἐσχάτην
3521 2232 3671 2285 τίσιε-

1992 2336 2089 2388 μεν
2157 2321 2332 2390 δίκην.
2410 2320 2555 2389 Ἐρῶ
2614 2319 2672 2371 δὲ
2741 2320 2869 2389 ὑμῖν
2936 2336 3059 2371 τινα
3113 2319 3269 2387 λόγον
3344 2320 3444 2371 οὑκ
3499 2320 3672 2388 ἐμὸν,

1990 2406 2105 2457 ἀλλ’
2145 2406 2203 2457 ἐν
2244 2410 2360 2468 ταῖς
2400 2405 2569 2468 θείαις
2616 2405 2865 2475 κείμενον
2909 2408 3174 2477 Γραφαῖς·
3238 2406 3441 2476 Ἱερεύς
3490 2422 3574 2470 τις
3601 2402 3677 2476 ἦν

1993 2491 2144 2563 παρά
2175 2495 2287 2553 τοῖς
2326 2492 2621 2555 Ἰουδαίοις,
2670 2492 2893 2562 μέτριος
2932 2493 3220 2563 ἄνθρωπος
3259 2494 3352 2545 καὶ
3398 2493 3681 2562 ἐπιεικὴς,

2004 2580 2152 2633 Ἠλεὶ
2180 2580 2352 2650 τούτῳ
2382 2581 2548 2649 ὖνομα
2571 2576 2657 2650 ῆν.
2680 2573 2847 2643 Οὗτος
2873 2580 2902 2631 6
2940 2582 3086 2633 Ἠλεὶ
3118 2581 3328 2649 γίνεται
3354 2580 3448 2633 δύο
3469 2581 3674 2633 παίδων

1994 2668 2195 2737 πατὴρ·
2233 2669 2326 2719 καὶ
2353 2667 2495 2738 ὀρῶν
2530 2669 2725 2730 αὐτοὺς
2753 2668 2847 2720 ἐπὶ
2883 2668 3083 2719 κακίαν
3119 2665 3435 2734 βαδίζοντας
3454 2668 3515 2718 ού
3547 2683 3677 2718 κατ-

1992 2757 2138 2825 εῖχεν
2173 2755 2295 2807 ούδέ
2324 2755 2547 2807 ἐκώλυε·
2576 2755 2776 2825 μᾶλλον
2798 2754 2855 2807 δὲ
2876 2756 3094 2824 κατεῖχε
3130 2754 3226 2823 μὲν
3248 2754 3339 2806 καὶ
3364 2752 3593 2817 ἐκώλυε,
3612 2754 3674 2807 οὐ

1995 2843 2131 2912 μετὰ
2163 2843 2344 2909 πάσης
2367 2843 2423 2895 δὲ
2462 2841 2619 2895 τοῦτο
2649 2842 2823 2894 ἐποίει
2850 2841 3108 2910 σπουδῆς.
3153 2843 3235 2894 Τά
3266 2842 3587 2911 ἐγκλήματα
3616 2840 3674 2893 δὲ

1989 2929 2099 2979 τῶν
2128 2929 2334 2981 παίδων
2384 2928 2589 2981 τούτων
2632 2924 2699 2999 ἦν
2740 2928 2959 2999 πορνεία
3002 2945 3060 2980 τε
3102 2929 3195 2981 καὶ
3238 2928 3678 2998 γαστριμαργία.

1995 3014 2220 3066 Ἥσθιον
2236 3016 2364 3084 γάρ,
2385 3017 2536 3085 φησὶ,
2562 3015 2665 3083 7:96
2681 3014 2773 3067 τοῦ
2792 3015 3220 3082 καθαγιασθῆναι
3236 3013 3302 3067 τὰ
3324 3015 3539 3085 κρέα.τά
3559 3016 3600 3065 ίε
3612 3013 3681 3084 ρὰ.

1994 3103 2089 3154 καὶ
2113 3103 2212 3171 τὴν
2246 3103 2434 3155 θυσίαν
2458 3103 2807 3172 ἀνενεχθῆναι
2834 3102 2911 3172 τῷ
2937 3102 3055 3172 Θεῷ
3074 3144 3085 3155 .
3112 3103 3300 3155 Ταῦτα
3328 3103 3384 3155 δὲ
3410 3102 3625 3155 ἀκούων
3650 3102 3681 3154 6

1996 3192 2200 3263 πατὴρ,
2239 3194 2510 3263 τιμωρίαν
2546 3194 2643 3263 μὲν
2669 3194 2769 3245 οὐκ
2800 3193 3064 3262 ἐπέθηκε,
3090 3192 3317 3261 λόγῳ-δέ
3343 3193 3439 3245 καὶ
3474 3208 3680 3262 παραι⁹

1996 3282 2144 3334 νέσει
2175 3283 2434 3352 ἐπειρᾶτο
2449 3282 2549 3351 τῆς
2577 3282 2842 3351 πονηρίας
2864 3281 3069 3350 ταύτης
3095 3281 3328 3349 ἀπάγειν
3350 3281 3568 3342 αὐτοὺς,
3585 3279 3682 3333 καὶ

1995 3369 2220 3421 τοιαῦτα
2245 3369 2483 3438 συνεχῶς
2516 3369 2653 3437 πρὸς
2682 3369 2877 3430 αὐτοὺς
2893 3367 3045 3435 ἔλεγε
3070 3370 3315 3438 ῥήματα·
3344 3366 3441 3433 Μὴ
3474 3365 3677 3428 τέκνα,

1990 3453 2075 3523 μὴ
2098 3456 2315 3509 ποιεῖτε
2333 3455 2541 3518 οὕτως,
2565 3454 2597 3506 ὅ
2605 3472 2653 3507 τι
2672 3457 2783 3508 οὐκ
2798 3453 2992 3522 ἁγαθὴ
3010 3458 3046 3523 ἡ
3070 3452 3247 3520 ἀκοὴ,
3264 3452 3468 3522 ἦνέγὼ
3482 3454 3682 3507 ἀκούω

1998 3545 2130 3613 περὶ
2154 3542 2321 3612 ὑμῶν
2338 3544 2443 3598 τοῦ
2464 3543 2659 3597 ποιεῖν
2678 3543 2785 3596 τὸν
2813 3546 2969 3597 λαὸν
2996 3543 3082 3611 μὴ
3120 3544 3432 3611 λατρεύειν
3455 3540 3536 3605 τῷ
3564 3544 3683 3595 Κυ-

1989 3632 2120 3698 ρίῳ.
2140 3632 2281 3684 Ἐὰν
2302 3630 2582 3699 ἁμαρτὼν
2610 3629 2842 3699 ἁμάρτῃ
2871 3630 3027 3695 ἀνὴρ
3070 3632 3157 3693 εὶς
3175 3628 3383 3696 ἄνδρα,
3417 3629 3681 3695 ⁸προσεύ-

1998 3718 2206 3781 ξονται
2241 3718 2371 3783 περὶ
2416 3716 2603 3770 αὐτοῦ
2652 3717 2801 3784 πρὸς
2853 3718 3091 3782 Κύριον·
3141 3716 3250 3767 ἐὰν
3279 3714 3348 3766 δὲ
3378 3712 3459 3779 τῷ
3485 3715 3682 3781 Κυρίῳ

1997 3806 2226 3876 ἁμάρτῃ
2253 3807 2587 3874 ἄνθρωπος,
2611 3806 2701 3871 τίς
2723 3806 3119 3873 προσεύξεται
3149 3804 3281 3871 περί
3302 3802 3490 3857 αὑτοῦ
3505 3802 3685 3867 ﬂia!-

1997 3910 2079 3946 τοι
2112 3893 2278 3962 πολλὴ
2306 3894 2339 3961 ἡ
2372 3892 2483 3944 τῶν
2509 3893 2769 3961 ῥημάτων
2799 3890 3063 3961 βαρύτης,
3101 3891 3196 3942 καὶ
3230 3892 3261 3959 ή
3290 3890 3547 3960 ἐντροπὴ,
3586 3890 3683 3944 καὶ

1997 3982 2088 4035 τὸν
2112 3981 2234 4033 νοῦν
2251 3981 2445 4050 ἔχοντα
2462 3980 2620 4048 ἱκανὴ
2642 3978 3076 4048 ἀνακτήσασθαι·
3094 3977 3156 4029 τό
3168 3994 3226 4029 τε
3241 3977 3350 4047 γάρ
3373 3976 3682 4047 ἁμάρτημα

2002 4070 2198 4139 ἐπῆρε,
2236 4069 2333 4121 καὶ
2358 4067 2585 4137 φοϐερὸν
2616 4064 2816 4131 ἔδειξε,
2855 4066 2956 4135 τήν
3012 4081 3072 4117 τε
3126 4063 3484 4133 ἐπικειμένην
3523 4063 3683 4133 δίκην

2003 4158 2271 4229 ἀφόρητον
2288 4156 2533 4225 ἀπέφηνε
2560 4156 2648 4209 καὶ
2668 4157 2921 4227 φρικτήν·
2944 4154 3058 4207 ἀλλ’
3086 4155 3235 4224 ὅμως
3264 4154 3450 4222 ἐπειδὴ
3483 4153 3557 4224 μὴ
3574 4156 3683 4207 πᾶν

2004 4242 2125 4294 ὅσον
2144 4240 2308 4310 ἐχρῆν
2332 4239 2663 4303 ἐπεδείξατο,
2694 4240 2788 4291 καὶ
2806 4238 2968 4299 αὐτὸς
3006 4238 3122 4306 μετ’
3156 4237 3383 4289 ἐκείνων
3409 4234 3678 4291 ἀπώλετο.

2004 4330 2113 4381 Καὶ
2141 4330 2249 4397 γὰρ
2274 4328 2501 4389 ἀπειλὰς
2520 4327 2835 4395 προσθεῖναι
2862 4327 3046 4395 ἐχρῆν,
3066 4327 3158 4377 καὶ
3187 4326 3244 4389 ἐξ
3262 4326 3436 4392 ὄψεως
3459 4326 3681 4395 ποιῆσαι

2000 4415 2101 4484 τῆς
2131 4415 2343 4475 ἐαυτοῦ,
2371 4415 2464 4465 καὶ
2500 4416 2768 4485 μάστιγας
2802 4412 3086 4473 ἐπιθεῖναι,
3114 4412 3207 4464 καὶ
3225 4411 3521 4483 βαρύτερον
3548 4414 3681 4466 πολ-

2001 4501 2078 4569 λῷ
2102 4501 2351 4569 γενέσθαι
2376 4501 2469 4552 καὶ
2498 4499 2897 4570 χαλεπώτερον.
2918 4498 3143 4569 Ἐπειδὴ
3178 4496 3272 4552 οὖν
3301 4498 3507 4552 τούτων
3532 4500 3683 4552 οὐδὲν

2003 4589 2279 4657 ἐποίησεν,
2308 4585 2485 4655 ἐαυτῷ
2499 4604 2559 4637 τε
2583 4585 2859 4649 κάκείνοις
2882 4584 3261 4654 ἐξεπολέμωσε
3287 4585 3378 4637 τὸν
3401 4584 3554 4648 Θεὸν,
3586 4586 3683 4638 καὶ

2007 4675 2333 4744 φεισάμενος
2357 4673 2520 4727 αὑτοῦ
2544 4674 2650 4726 τῶν
2677 4674 2884 4727 παίδων
2904 4674 3164 4744 ἀκαίρως,
3187 4672 3323 4742 μετά
3340 4672 3445 4724 τῶν
3472 4672 3681 4740 παίδων

2008 4764 2102 4816 καὶ
2126 4763 2221 4832 τὴν
2249 4762 2443 4815 ἐαυτοῦ
2462 4760 2851 4832 προσαπώλεσε
2879 4760 3167 4829 σωτηρίαν.
3192 4760 3457 4811 ’Ἄκουσον
3478 4759 3611 4827 γοῦν
3627 4759 3683 4813 τι

2008 4866 2140 4919 φησι
2174 4849 2310 4920 πρὸς
2348 4849 2508 4902 αὐτὸν
2528 4851 2554 4899 ό
2587 4848 2738 4910 Θεὸς,
2769 4846 2968 4916 μᾶλλον
2993 4847 3049 4899 δὲ
3086 4846 3221 4917 πρὸς
3240 4847 3400 4899 αὐτὸν
3423 4847 3521 4917 μὲν
3551 4848 3685 4901 οῦκ-

2006 4935 2106 4987 έτι·
2143 4936 2262 4987 ούδέ
2281 4936 2389 5005 γὰρ
2418 4936 2762 5005 ἀποκρίσεως
2800 4934 2962 4985 αὑτὸν
2988 4934 3138 5000 ἄξιον
3169 4934 3381 5006 ἔκρινεν
3410 4930 3548 4988 εἶναι
3568 4935 3682 4989 λοι-

2008 5023 2126 5085 πὸν,
2147 5022 2259 5074 ἀλλ’
2288 5022 2473 5093 ῶσπερ
2504 5022 2623 5074 τινὰ
2637 5022 2852 5093 οἰκέτην
2872 5023 2941 5075 τε
2962 5022 3195 5092 μέγιστα
3230 5023 3677 5094 προσκεκρουκό-

2005 5126 2094 5171 τα,
2112 5108 2178 5161 δι’
2207 5110 2394 5181 ἐτέρου
2419 5113 2561 5163 ποιεῖ
2587 5113 2778 5181 μαθεῖν
2795 5112 2861 5163 τά
2879 5111 3305 5181 καταληψόμενα
3326 5110 3483 5162 αὑτὸν
3508 5112 3675 5164 κακά·

2006 5198 2240 5271 τοσαύτη
2268 5195 2336 5271 ῆν
2369 5202 2402 5271 ἡ
2429 5200 2522 5253 τοῦ
2562 5200 2695 5253 Θεοῦ
2711 5200 2832 5252 τότε
2847 5200 3004 5271 ὀργή.
3028 5201 3289 5251 Ἀκουσον
3315 5197 3444 5265 γοῦν
3468 5198 3519 5250 τί
3546 5215 3679 5269 φησι

2010 5288 2147 5358 πρὸς
2178 5288 2268 5340 τὸν
2294 5289 2499 5340 ἐκείνου
2531 5287 2777 5357 μαθητὴν
2800 5289 2927 5356 περὶ
2956 5285 3048 5337 τοῦ
3078 5285 3419 5338 διδασκάλου·
3446 5286 3539 5337 καί⁵
3570 5285 3679 5357 γὰρ

2011 5378 2105 5428 καὶ
2140 5376 2217 5444 τῷ
2241 5377 2476 5445 μαθητῇ,
2502 5377 2593 5427 καὶ
2607 5376 2777 5445 ἑτέρῳ
2808 5376 3080 5446 προφήτῃ,
3104 5376 3198 5428 καὶ
3219 5376 3383 5428 πᾶσιν
3407 5375 3541 5444 ὑπὲρ
3571 5374 3679 5428 τῶν

2010 5463 2221 5515 ἐκείνου
2254 5461 2450 5531 μᾶλλον
2473 5462 2740 5530 διελέγετο
2768 5462 3035 5532 κακῶν,ῆ
3064 5462 3277 5531 ἐκείνῳ·
3309 5460 3481 5523 οῦτως
3516 5461 3680 5514 αὐτὸν

2010 5553 2088 5613 εἰς
2104 5549 2251 5611 τέλος
2270 5550 2642 5620 ἀπέστραπτο.
2669 5549 2734 5601 Τί
2761 5550 2825 5621 δὴ
2845 5546 2936 5603 οὖν
2956 5550 3173 5621 φησιτῴ
3194 5547 3450 5618 Σαμουήλ
3469 5564 3484 5612 ;
3501 5549 3680 5615 Ἔγνω

2010 5638 2091 5691 ὅτι
2122 5635 2545 5704 κακολογοῦντες
2574 5638 2706 5690 Θεὸν
2736 5640 2785 5691 οἰ
2814 5640 2918 5691 υἱοὶ
2946 5637 3130 5697 αὐτοῦ,
3157 5636 3251 5688 καὶ
3271 5634 3373 5687 οὐκ
3406 5635 3677 5687 ἐνουθέτει

2012 5726 2223 5789 αύτούς·
2254 5728 2344 5778 καὶ
2376 5726 2474 5795 οὔχ
2503 5726 2697 5792 οὕτως,
2721 5729 2813 5779 καὶ
2847 5727 2951 5797 μὴν
2981 5724 3331 5794 ἐνουθέτησεν
3359 5731 3408 5787 ι,
3427 5723 3538 5776 ἀλλ’
3557 5722 3680 5775 οὺδέ

2074 5829 2100 5869 (ί
2124 5831 2232 5880 Duo
2254 5842 2366 5877 mss.
2398 5830 2601 5878 ἔννατον.

2079 5896 2101 5954 εξ
2129 5892 2280 5939 Iidem
2299 5894 2466 5954 χρόνου
2488 5893 2663 5954 γίνεται
2694 5893 3036 5954 χαλεπώτερον.

2020 6018 2037 6026 ν
2070 5950 2101 6057 ἔ
2134 5954 2269 6001 Unus
2288 5950 2394 6001 (36d.
2423 5954 2503 5999 καὶ
2524 5953 2613 6015 ούχ
2635 5950 2797 6009 ἁπλῶς
2820 5950 2985 6002 ταῦτα.
3015 5954 3141 6002 Infra
3173 5965 3296 6001 uuus'
3320 5954 3503 5997 ᾶπαντα
3522 5950 3684 6003 καλῶς

2013 6036 2043 6065 η
2078 6032 2205 6065 mox.

2026 6036 2043 6077 η
2070 6034 2205 6075 οιῳκ.

2079 6080 2101 6114 5
2128 6071 2206 6122 Sic
2227 6087 2396 6139 omnes
2419 6080 2599 6135 ρτιιιιρι·
2635 6075 2807 6125 Morel.
2845 6076 2927 6139 qui
2971 6079 3119 6125 habet
3140 6077 3379 6124 ἐνουθέτει.
3408 6071 3530 6122 Infra
3552 6071 3679 6129 haec,

2017 6142 2079 6201 νὴ
2105 6137 2330 6186 τοσοῦτον
2354 6138 2402 6185 δὲ
2424 6141 2537 6185 οσον
2564 6139 2674 6200 χρή,
2698 6137 2873 6188 desum
2896 6145 2942 6188 in
2970 6140 3137 6188 Morvl.
3168 6142 3287 6189 snio.
