4454 6760
815 564 927 623 853

811 680 1095 735 νουθεσίαν
1117 677 1257 734 εῖναι
1272 677 1431 733 τοῦτό
1440 697 1615 751 φησιν
1630 681 1820 744 όΘεός’
1833 679 2006 744 οὕτως
2019 680 2185 750 αὐτῆς
2210 677 2480 745 κατέγνω,

1619 564 1677 621 S.
1713 564 2001 621 JOANNIS
2036 559 2530 621 CIIRYSOSTOBH
2566 559 2887 616 ARCHIEP.
2930 559 3480 618 CONSTANTINOP.
4167 566 4253 621 Ξῖί

2593 676 2757 728 κείων
2786 677 3166 749 ἀμελήσαντες
3197 676 3401 732 παίδων
3442 674 3595 729 οὐδὲν
3637 676 3838 732 ἔπαθον
3867 678 3983 738 οἷον
4022 685 4055 736 6
4106 683 4249 736 Ἠὶεέο

810 766 1002 839 ἐπειδὴ
1025 769 1083 822 τὸ
1103 766 1330 839 σφοδρὸν
1355 768 1457 820 οὐκ
1490 764 1602 837 εἶχε
1636 770 1729 821 καὶ
1749 767 2161 838 ἐπιτεταμένον.
2192 765 2355 816 Ὥστε
2380 762 2485 815 κᾶν
2590 763 2786 816 ἔπαθον
2822 765 2922 832 μὲν
2968 766 3079 837 γάρ
3118 768 3212 820 καὶ
3240 766 3422 820 πολλοὶ
3463 764 3724 828 πολλάκις
3761 769 3855 819 καὶ
3909 771 4250 840 χαλεπώτερα

808 855 1125 925 προνοῶμεν
1138 854 1246 908 τῶν
1261 854 1491 919 παίδων,
1515 854 1630 927 [80]
1652 855 1725 925 μὴ
1742 854 1995 906 τοσοῦτον
2010 854 2066 907 δὲ
2085 857 2204 908 ὅσον
2219 851 2344 921 χρὴ,
2362 849 2483 902 οὐδὲ
2588 850 2816 917 τούτων,
2838 850 2931 902 καὶ
2960 851 3049 903 διά
3069 854 3275 924 ταύτην
3307 854 3406 924 τὴν
3443 850 3740 923 ἁμαρτίαν.
3771 853 3947 907 Πόθεν
3974 860 4087 929 γὰρ
4104 861 4250 930 ἄωροι

806 944 1035 1013 πρόνοια
1064 941 1223 997 τοῦτό
1240 944 1409 1007 ἐστιν,
1434 941 1621 1010 ὥσπερ
1637 937 1729 994 οὖν
1747 940 1855 992 οὐδ’
1874 942 1908 1012 ἡ
1932 941 2027 993 τοῦ
2044 941 2190 993 Ἦλεί
2209 937 2478 991 νουθεσία.

804 1027 992 1084 Εἰπὼν
1012 1031 1070 1085 δὲ
1098 1031 1161 1085 τὸ
1180 1031 1347 1101 ἐγκλη
1356 1048 1450 1101 μα,
1484 1029 1576 1083 καὶ
1595 1028 1695 1099 τὴν
1718 1028 1940 1081 κόλασιν
1961 1029 2156 1097 ἐπάγει
2188 1024 2326 1098 μετά
2359 1023 2483 1076 πολ-

2590 941 2836 1002 οάνατοι;
2868 938 3031 990 πόθεν
3057 941 3200 993 νόσοι
3219 941 3453 1011 χαλεπαὶ
3470 941 3564 993 καὶ
3586 942 3846 1009 συνεχεῖς,
3880 944 3980 993 καὶ
4015 947 4149 1014 ήμῖν
4170 946 4249 999 καὶ

2584 1031 2695 1090 τοῖς
2715 1027 2899 1080 παισὶν
2914 1027 3097 1087 αὐτοῖς
3118 1045 3131 1089 ;
3150 1028 3312 1081 πόθεν
3329 1029 3543 1099 ζημίαι,
3568 1027 3729 1080 πόθεν
3762 1029 4144 1097 περιστάσεις,

802 1114 903 1187 λῆς
933 1118 1033 1188 τῆς
1054 1120 1243 1190 ὀργῆς·
1275 1120 1504 1186 Ὠμοσα
1534 1114 1663 1188 γάρ,
1714 1116 1870 1184 φησὶ.
1904 1114 1984 1181 τῷ
2020 1116 2164 1183 οἴκῳ
2213 1112 2387 1175 Ἠλεί,
2428 1112 2480 1164 εἰ
2584 1115 2674 1168 θεν
2714 1117 2989 1186 ἐπήρειαι,
3022 1112 3188 1166 πόθεν
3214 1115 3283 1167 τά
3322 1117 3491 1187 μυρία
3515 1116 3687 1180 κακὰς
3713 1114 3813 1168 οὐκ
3845 1116 3912 1167 ἐκ
3935 1115 4032 1167 τοῦ
4060 1121 4247 1191 Mler}.

801 1202 1143 1267 ἐξιλάσεται
1176 1206 1217 1272 ἠ
1235 1203 1490 1274 ἁμαρτία
1518 1202 1598 1269 τῷ
1630 1203 1775 1270 οίκῳ
1789 1203 1950 1258 Ἦλεί
1975 1204 2013 1272 ἦ
2042 1204 2113 1256 ἐν
2139 1202 2474 1271 θυμιάματι,

799 1290 840 1358 ἦ
857 1291 927 1344 ἐν
951 1291 1192 1357 θυσίαις
1213 1292 1325 1359 ἕως
1349 1292 1457 1346 τοῦ
1482 1290 1717 1358 αἰῶνος.
1739 1289 1893 1354 Εἶδες
1919 1292 2289 1360 ἀγανάκτησιν
2304 1290 2477 1340 ἐπιτε-

796 1394 864 1429 τα
871 1378 1063 1450 μένην,
1080 1380 1177 1434 καὶ
1193 1379 1579 1449 ἀσύγγνωστον
1590 1380 1811 1432 κόλασιν
1828 1398 1842 1443 ;
1858 1380 2080 1438 Πάντως
2091 1376 2272 1439 αὐτὸν,
2287 1376 2471 1445 φησὶν,

795 1465 1096 1520 ἀπολέσθαι
1146 1468 1271 1538 χρὴ,
1302 1468 1397 1520 καὶ
1429 1468 1529 1519 οὑκ
1561 1467 1723 1519 αὐτὸν
1756 1466 1914 1535 μόνον
1942 1465 2062 1517 ούδέ
2094 1464 2221 1526 τοὺς
2252 1464 2469 1528 παῖδας,

794 1552 933 1606 ἀλλά
965 1554 1057 1607 καὶ
1076 1554 1173 1624 τὴν
1187 1555 1365 1608 οἰκίαν
1396 1554 1615 1607 ἅπασαν
1639 1554 1755 1623 μετ’
1779 1551 2011 1615 ἐκείνου,
2032 1551 2126 1603 καὶ
2147 1549 2301 1603 οὐδὲν
2317 1550 2471 1603 ἔσται

791 1639 1100 1708 φάρμακον,
1132 1640 1161 1692 δ
1177 1641 1275 1713 τὴν
1302 1640 1516 1712 πληγὴν
1532 1640 1736 1711 ταύτην
1758 1640 1988 1694 ίάσεται·
2016 1639 2195 1691 καίτοι
2214 1637 2355 1709 πλὴν
2370 1638 2470 1708 τῆς

787 1725 870 1788 εἰς
892 1726 1018 1790 τοὺς
1043 1726 1239 1791 παῖδας
1258 1727 1554 1800 ῥᾳθυμίας,
1577 1728 1729 1782 οὐδὲν
1758 1728 1945 1800 ἐτερον
1984 1722 2129 1797 εἶχεν
2151 1725 2402 1794 ἐγκαλεῖν
2440 1725 2470 1777 6

785 1812 920 1878 Θεὸς
960 1813 1038 1886 τῷ
1065 1816 1349 1891 πρεσϐύτῃ
1365 1819 1487 1871 τότε
1518 1819 1733 1890 ἐκείνῳ,
1766 1818 1881 1872 ἀλλ’
1896 1814 1964 1889 ἦν
1993 1818 2209 1872 ἅπαντα
2242 1816 2311 1869 τὰ
2335 1815 2469 1871 ἄλλα

786 1901 1122 1974 θαυμαστὸς,
1153 1908 1247 1961 καὶ
1275 1909 1375 1978 τὴν
1412 1909 1731 1977 φιλοσοφίαν
1754 1908 1919 1961 αὐτοῦ
1943 1910 2125 1960 πᾶσαν
2152 1908 2251 1960 ούκ
2281 1906 2467 1960 ἐκτῶν

783 1990 958 2044 ἄλλων
986 1992 1168 2062 μόνον,
1197 1994 1333 2048 ἀλλά
1357 1996 1450 2047 καὶ
1466 1996 1561 2048 ἀπ’
1578 1995 1759 2047 αὐτῶν
1773 1994 1883 2047 τῶν
1903 1995 2044 2048 κατά
2064 1994 2161 2065 τὴν
2180 1995 2466 2065 συμφορὰν

780 2075 983 2147 ταύτην
1012 2078 1435 2150 ἐπισυμϐάντων
1458 2079 1603 2134 ἐστιν
1627 2081 1774 2135 ἰδεῖν.
1791 2080 2015 2153 Πρῶτον
2040 2080 2141 2151 μὲν
2166 2080 2297 2152 γὰρ.
2321 2084 2465 2134 ἐπει-

779 2161 846 2234 δὴ
869 2163 1042 2218 ταῦτα
1088 2167 1268 2222 πάντα
1309 2168 1531 2239 ἤκουσε,
1565 2170 1660 2222 καὶ
1707 2169 1842 2239 πρὸς
1880 2168 2110 2238 έσχατον
2140 2169 2413 2239 τιμωρίας
2439 2178 2459 2200 ⁸

780 2249 980 2319 ἥκοντα
998 2248 1138 2306 είδεν
1149 2254 1360 2318 ἐαυτὸν,
1373 2255 1473 2308 ούκ
1488 2255 1832 2326 ἀπεδυσπέτη
1840 2272 1951 2317 σεν,
1965 2256 2065 2308 οὐκ
2077 2255 2457 2327 ἐδυσχέρανεν,

776 2338 875 2391 ούκ
891 2332 1012 2392 εἰπέ
1053 2357 1106 2393 τι
1155 2342 1417 2405 τοιοῦτον,
1445 2337 1555 2395 οἷον
1586 2342 1733 2406 εἰκὸς
1763 2345 1890 2406 τοὺς
1933 2343 2178 2407 πολλούς·
2228 2345 2321 2414 Μὴ
2349 2344 2459 2415 γάρ

773 2423 886 2492 ἐγὼ
910 2427 1009 2498 τῆς
1040 2429 1245 2501 ἐτέρων
1270 2430 1463 2501 κύριός
1485 2431 1601 2502 εἰμι
1616 2430 1845 2501 γνώμης
1864 2448 1879 2496 ;
1901 2432 2008 2484 τῶν
2031 2432 2247 2486 οἰκείων
2280 2434 2461 2503 ἀμαρ-

771 2514 1035 2583 τημάτων
1054 2516 1257 2586 ὀφείλω
1277 2517 1455 2582 δίκας-
1483 2521 1531 2571 οἱ
1564 2519 1753 2583 παῖδες
1776 2519 1833 2572 δὲ
1875 2520 2093 2590 ἡλικίαν
2129 2520 2330 2590 έχουσι,
2364 2521 2459 2574 καὶ

771 2598 927 2653 αὐτοὶ
949 2600 1017 2655 ἀν
1030 2598 1139 2656 εἶεν
1156 2603 1356 2658 δίκαιοι
1384 2604 1705 2667 κολάζεσθαι
1727 2605 1907 2674 μόνον.
1928 2605 2145 2658 Τούτων
2165 2607 2318 2659 οὐδὲν
2332 2606 2455 2660 οὔτε

769 2680 929 2740 εἶπεν
950 2687 1074 2741 οὔτε
1103 2688 1406 2761 ἐνενόησεν·
1430 2690 1546 2744 ἀλλ’
1576 2690 1765 2762 ὥσπερ
1780 2691 1996 2762 οἰκέτης
2011 2691 2333 2763 εὐγνώμων,
2362 2695 2455 2747 καὶ

769 2771 829 2825 ἓν
857 2774 1019 2843 μόνον
1049 2774 1228 2841 εἰδὼς,
1251 2777 1323 2831 τά
1347 2776 1499 2849 παρά
1520 2778 1615 2831 τοῦ
1636 2778 1911 2833 Δεσπότου
1960 2777 2199 2843 εὐκόλως
2242 2781 2450 2852 φέρειν,

770 2858 878 2912 κᾶν
911 2860 1133 2933 λυπηρά
1156 2863 1287 2918 ὄντα
1304 2864 1466 2937 τύχῃ,
1495 2863 1639 2918 οὕτω
1665 2864 1737 2919 τά
1764 2864 1961 2937 πολλῆς
1980 2866 2218 2937 γέμοντα
2240 2867 2455 2936 φιλοσο-

768 2946 901 3016 φίας
929 2948 1230 3018 ἐφθέγγετο
1263 2952 1505 3023 ρήματα⁶
1531 2953 1750 3019 Κύριος
1781 2952 1913 3025 γὰρ,
1943 2954 2128 3024 φησὶν,
2163 2953 2347 3020 αὐτὸς
2384 2953 2451 3009 τὸ

766 3032 1026 3101 ἀρεστόν
1050 3035 1306 3090 ἐνώπιον
1318 3037 1505 3091 αὐτοῦ
1537 3038 1799 3105 ποιήσει.
1829 3041 1938 3093 Kal
1959 3041 2059 3093 οὐκ
2083 3040 2332 3094 ἐντεῦθεν
2359 3040 2454 3111 μό-

768 3137 876 3185 νον,
903 3121 1040 3176 ἀλλά
1058 3123 1152 3175 καὶ⁵
1180 3123 1445 3192 ἐτέρωθεν
1466 3124 1614 3178 ἔστιν
1628 3124 1793 3178 αὐτοῦ
1811 3126 1911 3197 τὴν
1933 3126 2134 3198 ἀρετὴν
2153 3126 2180 3166 δ
2194 3127 2449 3181 κατιδεῖν.

768 3207 1014 3278 Πολέμου
1065 3207 1607 3279 γάρικαταλαϐὀντος
1639 3212 1765 3275 τοὺς
1811 3212 2119 3279 Ἰουδαίους,
2153 3213 2341 3284 ἐπειδή
2369 3232 2453 3279 τις

765 3295 937 3350 ἐλθὼν
964 3297 1264 3370 ἀπήγγειλε
1288 3297 1389 3363 τὰς
1416 3300 1475 3353 ἐν
1494 3299 1574 3371 τῷ
1600 3299 1821 3372 πολέμῳ
1843 3301 2129 3373 συμφοράς
2153 3302 2249 3354 καὶ
2269 3302 2449 3367 πῶςοί

766 3383 956 3448 παῖδες
983 3384 1147 3439 αὐτοῦ
1192 3387 1584 3457 κατεκόπησαν
1626 3386 1873 3459 αἰσχρῶς
1900 3389 1996 3442 καὶ
2013 3389 2260 3453 ἐλεεινῶς
2286 3390 2345 3442 ἐν
2379 3393 2445 3461 τῇ

767 3471 1129 3544 μάχῃ,ταῦτα
1147 3473 1247 3543 μὲν
1258 3469 1350 3527 οὖν
1367 3473 1581 3528 ἀκούων
1608 3474 1995 3545 ήσύχαζεν·ὼς
2023 3476 2079 3529 δὲ
2107 3476 2446 3549 προσέθηκεν

766 3558 981 3622 ἐκεῖνος
1033 3562 1098 3630 τῇ
1140 3563 1323 3631 σφαγῇ
1353 3560 1528 3632 ταύτῃ
1550 3564 1651 3632 τῆς
1674 3561 1911 3615 κιϐωτοῦ
1933 3562 2033 3634 τὴν
2064 3564 2321 3636 ἁρπαγὴν
2350 3564 2447 3636 τὴν

760 3644 868 3698 ὑπὸ
880 3646 986 3699 τῶν
1004 3647 1278 3718 πολεμίων
1306 3649 1626 3720 γενομένην,
1654 3650 1775 3703 τότε
1804 3648 1869 3720 δὴ
1899 3651 2195 3715 σκοτωθεὶς
2221 3652 2327 3705 ὑπὸ
2350 3654 2450 3725 τῆς

760 3732 1001 3803 ἀθυμίας
1036 3736 1065 3787 ὀ
1092 3734 1270 3804 γέρων
1303 3734 1498 3788 ἔπεσεν
1534 3735 1644 3789 ἀπὸ
1670 3736 1765 3789 τοῦ
1812 3736 2005 3807 δίφρου
2043 3738 2125 3801 εἰς
2168 3737 2239 3791 τὰ
2271 3739 2449 3793 ὀπίσω

761 3820 997 3890 ἐχόμενα
1024 3820 1127 3890 τῆς
1149 3820 1345 3891 πύλης,
1359 3824 1455 3876 καὶ
1473 3822 1763 3894 συνετρίϐη
1778 3823 1987 3887 ὀνῶτος
2014 3824 2200 3889 αὑτοῦ,
2214 3826 2296 3879 ὅτι
2314 3843 2449 3897 πρε-

762 3905 967 3977 σϐύτης
995 3900 1065 3977 ἦν
1101 3907 1195 3961 καὶ
1218 3907 1393 3979 βαρὺς
1434 3910 1530 3962 καὶ
1560 3908 1791 3974 ἔνδοξος,
1825 3908 1920 3963 καὶ
1950 3910 2110 3974 αὐτὸς
2138 3909 2320 3983 ἔκρινε
2354 3913 2448 3965 τὸν

772 3994 991 4065 Ἰσραὴλ
1012 3994 1216 4048 εῖκοσιν
1236 3995 1353 4068 ἐτη.
1390 3996 1455 4050 El
1479 3996 1539 4050 δέ
1564 3997 1655 4051 τὸν
1683 3996 1853 4068 ἱερέα,
1880 3998 1972 4053 τὸν
1990 3999 2325 4071 πρεσϐύτην,
2353 4001 2445 4055 τὸν

760 4078 988 4145 ἔνδοξον,
1033 4081 1127 4134 τὸν
1172 4081 1375 4137 εἴκοσιν
1430 4084 1526 4154 ἐτη
1569 4084 1880 4154 προστάντα
1912 4085 2170 4158 ἀλήπτως
2204 4088 2300 4141 τοῦ
2332 4087 2444 4141 τῶν

772 4164 1039 4238 Ἐϐραίων
1053 4165 1267 4236 γένους,
1285 4168 1377 4222 τόν
1407 4169 1466 4223 ἐν
1490 4170 1705 4240 χρόνοις
1735 4170 2147 4243 πολιτευόμενον
2162 4174 2224 4227 οὐ
2245 4174 2444 4246 πολλὴν

756 4253 1083 4308 ἀπαιτοῦσιν
1111 4254 1421 4326 ἀκρίϐειαν,
1454 4255 1607 4310 οὐδὲν
1635 4255 1843 4311 τούτων
1872 4257 2059 4329 ῖσχυσε
2096 4263 2442 4332 παραιτήσα-

759 4342 908 4407 σθαι,
937 4341 1076 4405 ἀλλ’,
1109 4342 1297 4414 ἐπειδὴ
1313 4342 1424 4395 τῶν
1449 4343 1655 4397 παίδων
1668 4343 1771 4397 οὐκ
1793 4345 2108 4417 ἐπεμελήθη
2133 4347 2273 4416 μετά
2287 4350 2443 4420 ἀκρι-

758 4428 934 4492 ϐείας,
967 4428 1173 4501 σφόδρα
1205 4428 1302 4482 καὶ
1329 4427 1577 4493 ἐλεεινῶς
1595 4430 1864 4496 ἀπώλετο,
1898 4432 1991 4485 καὶ
2006 4432 2108 4503 τῆς
2151 4433 2444 4505 ὀλιγωρίας

755 4514 961 4586 ταύτης
981 4516 1013 4587 ἡ
1034 4515 1298 4587 ἁμαρτία,
1313 4515 1566 4589 καθάπερ
1581 4517 1731 4588 κῦμα
1752 4517 1942 4590 ἀγριον
1960 4520 2057 4572 καί⁵
2075 4520 2244 4590 μέγα,
2266 4522 2444 4576 πάντα

756 4601 1061 4673 ὑπερέσχεν
1088 4604 1296 4667 ἐκεῖνα,
1323 4604 1417 4656 καὶ
1436 4606 1504 4657 τά
1524 4604 1924 4676 κατορθώματα
1936 4605 2172 4677 ἔκρυψεν
2199 4607 2438 4662 ἅπανταο

755 4687 1015 4769 τίςξήμᾶς
1038 4688 1266 4760 λήψεται
1286 4688 1409 4758 δίκη
1440 4692 1567 4753 τοὺς
1591 4691 1649 4743 ἐν
1668 4692 1882 4762 χρόνοις
1909 4694 2238 4763 γενομένους
2260 4696 2441 4768 πολλῴ

758 4774 983 4845 μείζονα
999 4776 1289 4830 ἀπαιτοῦσι
1315 4776 1655 4847 φιλοσοφίαν,
1681 4779 1776 4832 καῖ
1790 4781 1890 4850 τῆς
1905 4782 2102 4854 ἀρετῆς
2114 4784 2443 4849 ἀποδέοντας

751 4862 856 4933 τῆς
874 4863 1218 4929 ἐκείνου,καὶ
1245 4864 1355 4918 τῶν
1384 4866 1590 4919 παίδων
1622 4867 1685 4919 ού
1717 4867 1878 4937 μόνον
1903 4871 1965 4922 οὐ
1987 4875 2212 4940 προῖστα
2221 4873 2441 4944 μένους,

754 4949 894 5003 ἀλλά
923 4950 1018 5003 καὶ
1053 4953 1168 5013 τοῖς
1202 4952 1551 5022 βουλομένοις
1582 4953 1743 5008 τοῦτο
1783 4957 1959 5009 ποιεῖν
1992 4957 2439 5024 ἐπιϐουλεύοντας

753 5037 852 5092 καὶ
870 5037 1265 5109 πολεμοῦντας,
1285 5042 1381 5093 καὶ
1404 5040 1677 5116 βαρϐάρου
1701 5045 1903 5109 παντὸς
1914 5045 2292 5122 χαλεπώτερον
2309 5069 2378 5105 πε
2385 5050 2438 5122 pl

750 5125 824 5179 τὰ
851 5124 1050 5194 ἔκγονα
1075 5125 1453 5197 διακειμένους
1471 5146 1486 5194 ;
1502 5131 1567 5182 Ἠ
1588 5133 1683 5201 μὲν
1707 5132 1814 5203 γάρ
1839 5134 2066 5188 ἐκείνων
2090 5135 2309 5210 ὠμότης
2343 5139 2438 5210 μέ-

753 5229 849 5283 χρι
859 5212 1104 5277 δουλείας
1118 5215 1213 5267 καὶ
1229 5215 1658 5282 ἀναστατώσεως
1673 5220 1764 5272 καὶ
1778 5221 2211 5294 ἀνδραποδισμοῦ
2224 5229 2322 5297 τῆς
2334 5240 2438 5280 πα-

754 5298 934 5370 τρίδος
950 5302 1043 5353 καὶ
1063 5301 1171 5355 τῶν
1202 5302 1299 5356 τοῦ
1328 5303 1576 5375 σώματος
1596 5306 1792 5377 ἕστηκε
1827 5308 2034 5375 κακῶν,
2069 5310 2229 5380 ὑμεῖς
2251 5313 2307 5365 δέ
2340 5315 2437 5368 αύ-

753 5386 857 5457 τὴν
886 5388 1279 5443 καταδουλοῦτε
1306 5392 1406 5463 τὴν
1429 5392 1630 5465 ψυχὴν,
1662 5395 1757 5448 καὶ⁸
1790 5396 2040 5469 καθάπερ
2073 5398 2198 5451 τινὰ
2231 5404 2435 5472 αἰχμά-

757 5474 927 5528 λωτον
961 5476 1245 5547 δήσαντες,
1274 5479 1415 5532 οὕτω
1435 5479 1655 5551 δαίμοσι
1688 5487 1940 5554 πονηροῖς
1973 5487 2065 5539 καὶ
2101 5486 2315 5558 ἀγρίοις
2340 5493 2435 5544 καὶ

756 5564 869 5624 τοῖς
896 5562 1116 5617 ἐκείνων
1146 5565 1467 5636 παραδίδοτε
1499 5569 1749 5624 πάθεσιν.
1788 5571 1953 5627 Ὅταν
1982 5573 2089 5646 γὰρ
2111 5577 2249 5645 μήτε
2282 5579 2434 5632 αὐτοὶ

754 5650 1057 5720 παραινῆτέ
1078 5667 1130 5705 τι
1143 5654 1531 5723 πνευματικὸν,
1551 5656 1668 5729 [81]
1685 5658 1822 5729 μήτε
1837 5658 2055 5731 ἐτέρους
2068 5661 2429 5732 βουλομένους

752 5736 912 5790 τοῦτο
936 5741 1110 5793 ποιεῖν
1132 5741 1351 5813 ἀφίητε,
1372 5742 1523 5795 οὐδὲν
1553 5744 1787 5817 ἕτερονῆ
1822 5746 1976 5800 τοῦτο
1993 5750 2432 5820 ἐργάζεσθε.Καὶ

757 5826 831 5895 μή
866 5842 955 5896 μοι
985 5826 1191 5896 λεγέτω
1218 5848 1299 5893 τις
1322 5831 1403 5884 ὅτι
1431 5831 1614 5886 πολλοὶ
1641 5834 1903 5903 μειζόνως
1936 5838 2027 5891 τοῦ
2065 5838 2211 5893 Ἠλεὶ
2227 5838 2335 5893 τῶν
2356 5842 2431 5893 οἰ-

813 6017 1039 6104 :IPv-lfnel.
1065 6021 1182 6087 πρὸς
1200 6022 1405 6086 ἐσχάτην
1428 6027 1672 6090 τιμωρίαν,
1694 6028 1781 6080 alii
1802 6044 1975 6083 omnes
1992 6035 2107 6104 πρὸς
2127 6036 2331 6104 ἔσχατον
2352 6053 2423 6088 τι-

750 6079 1010 6194 μ’ἶρξξῦιι.
1032 6146 1091 6197 ad
1117 6159 1269 6211 marg.
1297 6145 1448 6198 αὐτοῦ
1470 6151 1555 6215 τήν
1573 6154 1835 6221 καρτερίαι-ο

2582 1204 2712 1271 ροὺς
2736 1203 2894 1267 ὄντας
2913 1202 3041 1265 τοὺς
3065 1200 3261 1263 παῖδας
3292 1206 3590 1275 περιορᾷν;
3624 1204 3735 1257 Kal
3754 1204 3837 1257 ὅτι
3854 1201 3919 1255 ού
3949 1209 4245 1276 στοχασμὸς

2577 1289 2737 1345 τοῦτό
2768 1294 2936 1359 ἐστιν,
2954 1290 3112 1346 ἰκανά
3131 1290 3227 1361 μὲν
3247 1291 3422 1344 καὶτὰ
3440 1292 3533 1345 τοῦ
3553 1294 3858 1365 πρεσϐύτου
3876 1292 4244 1351 πιστώσασθαι
4350 1362 4353 1365 _

2576 1381 2747 1453 πάθη·
2777 1383 2889 1451 ἐγὼ
2915 1383 2970 1435 δὲ
2999 1383 3125 1453 ὑμῖν
3142 1381 3234 1433 καὶ
3258 1379 3418 1447 λόγον
3439 1382 3581 1452 ὑπὲρ
3610 1385 3815 1438 τούτων
3838 1384 3952 1457 ἐρῶ
3980 1382 4150 1451 σοφοῦ
4176 1402 4244 1439 τι·

2574 1484 2665 1529 νος
2694 1469 2889 1540 ἀνδρὸς
2909 1470 3019 1522 τῶν
3050 1467 3177 1541 παρ’
3200 1468 3351 1538 ἡμῖν’
3378 1467 3506 1537 περὶ
3534 1469 3646 1540 γάρ
3660 1472 3862 1525 παίδων
3885 1461 4048 1534 οὗτος
4079 1470 4243 1524 διαλε-

2572 1554 2802 1625 γόμενος
2831 1556 2975 1609 οὕτω
3012 1556 3130 1621 πῶς
3159 1569 3308 1625 φησι’
3334 1552 3432 1621 Μὴ
3462 1555 3789 1621 εὐφραίνου
3806 1559 3906 1612 ἐπὶ
3929 1559 4088 1624 υίοῖς
4111 1560 4240 1613 ἁσεο

2572 1641 2764 1695 σέσιν·
2789 1644 2842 1696 εἰ
2868 1642 2955 1711 μὴ
2983 1642 3117 1695 ἐστι
3141 1643 3325 1711 φόϐος
3351 1640 3476 1710 μετ’
3513 1640 3715 1693 αὐτῶν
3748 1646 3920 1707 Θεοῦ,
3958 1648 4050 1715 μὴ
4084 1648 4239 1716 ἐμπιε-

2570 1733 2842 1799 στεύοῃς
2861 1730 2937 1799 τῇ
2980 1729 3094 1798 ζ’ωῇ
3146 1729 3365 1785 αὐτῶν.
3393 1728 3675 1791 Στενάξεις
3696 1732 3805 1801 γὰρ
3839 1734 4032 1789 πένθει
4064 1737 4239 1810 ἀώρῳ,

2570 1817 2666 1868 καὶ
2716 1815 2948 1880 ἐξάπινα
2979 1815 3160 1868 αὐτῶν
3188 1815 3500 1869 συντέλειαν
3536 1812 3743 1885 γνώσῃ.
3785 1817 3982 1872 Πολλοὶ
4006 1823 4112 1891 μὲν
4134 1821 4238 1891 οὖν,

2568 1904 2705 1974 ὅπερ
2721 1904 2878 1974 ἔφην,
2897 1903 3066 1955 πολλὰ
3084 1902 3311 1957 τοιαῦτα
3334 1903 3680 1956 πεπόνθασιν’
3708 1904 3756 1954 εί
3779 1902 3837 1955 δέ
3860 1922 4012 1968 τινες
4049 1914 4146 1964 καὶ
4180 1912 4243 1966 δι·

2568 1992 2789 2062 έφυγον,
2825 2004 2848 2031 ο
2878 1990 3110 2044 ἀλλὀὐκ
3134 1993 3215 2054 εἰς
3238 1992 3389 2055 τέλος
3414 1990 3778 2061 ἐκφεύξονται,
3813 1992 3929 2044 ἀλλ’
3957 1998 4058 2049 ἐπὶ
4094 2001 4242 2069 κακῷ

2563 2080 2664 2147 τῆς
2684 2078 2890 2132 ἑαυτῶν
2913 2077 3173 2147 κεφαλῆς·
3189 2079 3524 2149 πικροτέραν
3543 2078 3650 2150 γὰρ
3668 2079 3995 2144 ἀπελθόντες
4015 2085 4242 2139 ἐκεῖὸὡ-

2565 2182 2717 2217 σουσι
2738 2165 2915 2235 δίκην.
2940 2164 3099 2227 Τίνος
3114 2164 3225 2234 γάρ
3246 2165 3452 2231 ἕνεκεν,
3468 2168 3652 2235 φησὶν,
3669 2166 3765 2219 οὐκ
3780 2168 4021 2221 ἐνταῦθα
4043 2173 4243 2236 πάντες

2560 2253 2913 2318 κολάζονταις
2941 2252 3064 2306 Ὅτι
3092 2251 3292 2322 ῶρισεν
3310 2254 3521 2324 ἡμέραν
3540 2256 3567 2307 ὁ
3592 2253 3742 2317 Θεὸς,
3758 2255 3816 2307 ἐν
3912 2256 4101 2324 μέλλει
4126 2261 4239 2329 κρίο

2559 2361 2670 2397 νειν
2703 2342 2804 2412 τὴν
2833 2340 3183 2411 οἰκουμένην·
3216 2339 3356 2411 αῦτη
3387 2341 3445 2393 δὲ
3471 2341 3626 2394 οῦπω
3651 2341 3913 2411 πάρεστιν
3952 2346 3985 2412 ἡ
4034 2345 4241 2416 ἡμέρα.

2560 2430 2671 2484 Kal
2695 2429 2875 2492 ἄλλως
2901 2428 2959 2481 δέ
2990 2428 3149 2482 τοῦτο
3182 2428 3230 2479 εἰ
3253 2428 3483 2495 ἐγίνετο,
3504 2429 3853 2497 προανάλωτο
3885 2428 3952 2481 ἂν
3975 2431 4077 2481 καὶ
4110 2448 4244 2501 προ-

2560 2520 2877 2589 ανήρπαστο
2921 2515 3078 2587 ἡμῶν
3107 2515 3253 2569 ἀπαν
3282 2515 3343 2568 τὸ
3371 2516 3548 2583 γένος.
3596 2516 3735 2570 Ἀλλ’
3773 2518 3860 2570 ἵνα
3905 2518 4047 2587 μήτε
4084 2518 4245 2571 τοῦτο

2562 2606 2769 2675 συμϐῇ,
2794 2606 2931 2675 μήτε
2963 2603 3323 2675 ρᾳθυμότεροι
3342 2603 3525 2657 πολλοὶ
3556 2605 3852 2672 γίγνωνται
3884 2610 3951 2675 τῇ
3975 2606 4243 2676 μελλήσει

2555 2691 2655 2760 τῆς
2687 2690 2946 2759 κρίσεως,
2970 2689 3264 2758 λαμϐάνων
3291 2689 3445 2752 τινὰς
3467 2689 3803 2752 ὑπευθύνους
3840 2692 4243 2761 ἁμαρτήμασιν

2553 2777 2582 2828 6
2625 2774 2778 2838 Θεὸς,
2797 2773 2891 2827 καὶ
2928 2774 3171 2837 κολάζων
3195 2774 3454 2838 ἐνταῦθα,
3491 2774 3731 2828 διδάσκει
3761 2777 3888 2838 τοὺς
3925 2777 4158 2839 λοιποὺς
4177 2777 4239 2829 δι’

2552 2861 2796 2925 ἐκείνων,
2825 2860 2895 2913 τὰ
2926 2860 3102 2929 μέτρα
3135 2860 3248 2912 τῶν
3284 2862 3554 2931 κειμένων
3593 2863 3778 2925 αὐτοῖς
3804 2863 4118 2934 τιμωριῶν,
4156 2864 4241 2917 ῖνα

2553 2953 2880 3007 ἐπιστῶνται
2907 2953 2990 3005 ὃτι
3017 2952 3123 3005 κᾶν
3164 2950 3402 3005 ἐνταῦθα
3431 2953 3505 3022 μὴ
3535 2950 3667 3004 δῶσι
3696 2951 3875 3022 δίκην,
3905 2954 4241 3018 ἀπελθόντες

2554 3043 2669 3094 ἐκεῖ
2694 3039 2927 3093 δώσουσι
2956 3039 3175 3102 πάντως
3197 3038 3608 3109 χαλεπωτέραν.
3634 3037 3722 3108 Μὴ
3743 3039 3874 3111 γὰρ,
3899 3040 4090 3110 ἐπειδὴ
4106 3057 4242 3111 προ-

2557 3128 2732 3196 φήτην
2789 3126 2851 3178 ού
2900 3125 3109 3195 πέμπει
3138 3123 3236 3178 νῦν
3268 3123 3387 3176 ούδέ
3428 3125 3910 3196 προαγορεύειτὴν
3933 3126 4240 3197 τιμωρίαν,

2555 3212 2808 3283 καθάπερ
2841 3212 2933 3264 ἐπὶ
2960 3211 3054 3264 τοῦ
3069 3209 3343 3275 Ἦλεὶ,διά
3366 3210 3537 3263 ταῦτα
3561 3210 3993 3282 ἀναισθητῶμεν·
4027 3214 4091 3265 οὐ
4126 3214 4241 3286 γάρ

2553 3302 2670 3353 ἐστι
2693 3298 2989 3370 προφητῶν
3014 3298 3227 3369 καιρὸς,
3250 3297 3449 3367 μᾶλλον
3468 3297 3525 3350 δέ
3547 3297 3756 3368 πέμπει
3784 3299 3880 3351 καὶ
3909 3298 4029 3352 νῦν.
4060 3301 4240 3354 Πόθεν

2550 3386 2607 3439 δὲ
2657 3387 2790 3456 ἡμῖν
2808 3385 2967 3438 τοῦτο
2994 3384 3182 3453 δῆλον;
3206 3385 3478 3452 Ἔχουσι,
3522 3385 3675 3453 φησὶ,
3712 3383 3928 3438 Μωσέα
3958 3386 4065 3439 καὶ
4093 3388 4243 3452 τοὺς

2551 3472 2868 3542 προφήτας
2891 3470 2943 3525 ἀ.
2979 3470 3061 3524 Ta
3080 3472 3191 3541 γὰρ
3223 3471 3360 3541 πρὸς
3397 3470 3638 3534 ἐκείνους
3660 3470 3923 3541 εἰρημένα
3945 3472 4050 3541 οὐχ
4071 3468 4240 3543 ἧττον

2550 3560 2643 3614 καὶ
2670 3560 2806 3631 πρὸς
2824 3560 2972 3629 ἡμᾶς
2988 3560 3223 3630 εἴρηται,
3241 3559 3338 3612 καὶ
3368 3559 3489 3628 οὐχὶ
3511 3559 3590 3629 τῷ
3605 3559 3751 3612 Ἠλεὶ
3782 3560 3961 3629 μόνον,
3978 3561 4121 3614 ἀλλὰ
4142 3562 4240 3614 καὶ

2551 3649 2686 3700 πᾶσι
2704 3647 2902 3710 τοῖςτά
2938 3645 3080 3699 αύτά
3127 3646 3538 3716 ἁμαρτάνουσιν
3568 3646 3761 3715 ἐκείνῳ
3792 3646 3859 3698 δι’
3893 3648 4110 3700 ἐκείνου
4141 3649 4241 3701 καὶ

2548 3734 2656 3787 τῶν
2693 3734 2902 3787 ἐκείνου
2932 3732 3240 3801 διαλέγεται
3263 3732 3474 3785 παθῶν.
3507 3732 3642 3785 Οὐδὲ
3655 3734 3763 3803 γάρ
3788 3733 3905 3786 ἐστι
3938 3750 4243 3803 προσωπο-

2549 3822 2763 3892 λήπτης
2811 3824 2839 3875 6
2884 3821 3039 3887 Θεὸς,
3073 3821 3198 3874 ούδέ
3233 3823 3262 3874 6
3298 3820 3390 3874 τὸν
3421 3820 3679 3874 ἐλάττονα
3730 3822 4054 3891 ἁμαρτόντα
4090 3823 4243 3875 οῦτω

2549 3908 2838 3961 πανέστιον
2880 3907 3211 3977 ἀνατρέψας,
3257 3908 3385 3970 τοὺς
3425 3906 3786 3978 χαλεπώτερα
3820 3906 4238 3979 πεπλημμελη·

2547 3994 2713 4060 κότας
2749 3995 3131 4067 ἀτιμωρήτους
3151 3993 3365 4063 ἀφίησι.

2615 4082 2796 4155 6'.Kal
2815 4081 2923 4153 γάρ
2943 4080 3238 4135 οὐδὲτοῦτο
3255 4079 3692 4141 ἔστινείπεῖν,δτι
3707 4080 3768 4133 οὐ
3788 4080 3956 4143 πολὺς
3974 4080 4239 4151 αότῷτοῦ

2544 4173 2873 4244 πράγματος
2899 4174 2929 4225 6
2955 4171 3136 4239 λόγος·
3160 4168 3362 4240 πολλὴν
3402 4168 3514 4239 γάρ
3552 4169 3691 4240 ὑπὲρ
3713 4169 3815 4238 τῆς
3860 4170 3973 4221 τῶν
4024 4170 4239 4224 παίδων

2543 4260 2857 4331 ἀνατροφῆς
2874 4261 3109 4312 ποιεῖται
3132 4257 3394 4327 σπουδήν.
3411 4254 3598 4309 Ἐπιθυ
3606 4256 3734 4325 μίαν
3751 4273 3809 4309 τε
3828 4257 3940 4326 γὰρ
3957 4257 4241 4327 τοσαύτην

2541 4351 2609 4418 τῇ
2630 4348 2791 4417 φύσει
2841 4344 3103 4399 διάτοῦτο
3135 4343 3474 4413 ἐνέσπειρεν,
3505 4341 3592 4394 ἵνα
3628 4341 3819 4411 ῶσπερ
3847 4345 3929 4404 εἰς
3978 4344 4239 4413 ἀνάγκην

2544 4435 2667 4489 τινὰ
2708 4435 2953 4505 ἄφυκτον
2974 4434 3074 4503 τῆς
3100 4432 3232 4503 περί⁵
3260 4430 3330 4483 τά
3353 4428 3614 4499 τεχθέντα
3632 4428 3888 4500 προνοίας
3907 4436 4240 4503 καταστήσῃ

2542 4522 2670 4585 τοὺς
2703 4520 3145 4590 φυτευσαμένους
3175 4515 3379 4569 αὑτάοσ
3416 4516 3615 4585 νόμους
3640 4531 3698 4566 τε
3727 4515 4045 4584 εἰσήνεγκεν
4072 4516 4239 4569 ὔστε-

2549 4626 2637 4679 ρον
2664 4608 2806 4678 ὑπὲρ
2828 4606 2927 4675 τῆς
2956 4604 3162 4657 τούτων
3190 4601 3506 4673 ἐπιμελείας
3533 4600 3913 4671 διαλεγόμενος
3942 4602 4097 4671 ἡμῖν.
4116 4604 4237 4656 Καὶ

2546 4693 2737 4766 ἐορτάς
2763 4692 2821 4745 δὲ
2836 4691 3028 4754 τιθεὶς,
3055 4688 3266 4743 κελεύει
3292 4689 3362 4741 τά
3387 4686 3575 4741 παιδία
3611 4687 3789 4741 αὐτῶν
3824 4686 4101 4740 διδάσκειν
4126 4689 4236 4757 τὴν

2548 4779 2820 4831 ὑπόθεσιν.
2844 4777 2980 4847 Περὶ
3015 4774 3121 4846 γὰρ
3144 4774 3237 4828 τοῦ
3264 4774 3456 4845 Πάσχα
3483 4772 3781 4844 διαλεχθεὶς
3807 4773 4083 4843 ἐπήγαγε*
4114 4774 4238 4828 Καὶ

2543 4865 2904 4936 ἀπαγγελεῖς
2942 4863 3022 4929 τῷ
3058 4862 3166 4929 υίῷ
3196 4880 3313 4917 σου
3343 4864 3415 4916 ἐν
3444 4860 3519 4931 τῇ
3546 4862 3736 4932 ἡμέρᾳ
3765 4862 3966 4928 ἐκείνῃ
4000 4860 4233 4929 λέγων’

2542 4955 2647 5008 Διὰ
2665 4952 2839 5007 τοῦτο
2860 4952 3156 5021 ἐποίησεν
3176 4953 3208 5004 ό
3238 4951 3382 5016 Θεός
3407 4967 3530 5020 μοι,
3561 4951 3642 5015 ὠς
3680 4950 4136 5016 ἐξεπορευόμην
4156 4949 4236 5014 ἐξ

2538 5043 2865 5112 Αἰγύπτου.
2888 5040 3002 5095 Kal
3024 5041 3117 5093 ἐπὶ
3146 5039 3240 5091 τοῦ
3292 5038 3459 5109 νόμου
3493 5038 3550 5091 δὲ
3596 5038 3659 5091 τὸ
3699 5037 3830 5090 αὐτὸ
3858 5035 4021 5087 τοῦτο
4052 5040 4231 5089 ποιεῖ’

2542 5146 2609 5181 πε
2620 5129 2671 5199 pl
2696 5129 2806 5199 γὰρ
2822 5128 2930 5181 τῶν
2955 5126 3317 5193 πρωτοτόκων
3342 5124 3510 5178 εἰπὼν
3544 5123 3866 5196 προστίθησι
3899 5120 4083 5173 πάλιψ
4101 5121 4232 5196 [82]

2551 5216 2695 5270 Ἐὰν
2722 5214 2791 5268 δὲ
2837 5214 3112 5283 ἐρωτήσῃ
3150 5229 3224 5267 σε
3250 5216 3282 5267 ό
3308 5213 3440 5277 υίός
3467 5226 3585 5265 σου
3600 5209 3751 5279 μετὰ
3775 5209 3963 5260 ταῦτα
3993 5208 4231 5277 λέγων·

2546 5305 2604 5357 Τί
2628 5303 2837 5368 τοῦτο;
2855 5302 3007 5373 ἐρεῖς
3021 5301 3168 5370 πρὸς
3186 5297 3392 5361 αὐτὸν,
3414 5297 3503 5351 ὅτι
3532 5292 3638 5350 Ἕν
3666 5293 3815 5362 χειρί
3836 5295 4087 5362 κραταιᾷ
4114 5300 4229 5363 ἐξ-

2538 5390 2765 5461 ήγαγεν
2785 5388 2942 5457 ἡμᾶς
2970 5390 3184 5455 Κύριος
3204 5386 3273 5452 ἐξ
3290 5386 3590 5455 Αἰγύπτου
3620 5383 3685 5445 ἐξ
3718 5383 3889 5433 οἴκου
3905 5381 4226 5451 δουλείας.

2549 5478 2760 5532 cura“
2817 5476 2884 5527 δὲ
2926 5474 3272 5543 ἐσκλήρυνε
3317 5470 3526 5540 Φαραὼ
3563 5468 3982 5531 ἐξαποστεῖλαι
4030 5470 4221 5540 ἡμᾶς,

2538 5564 2851 5618 ἀπέκτεινε
2871 5561 2994 5616 πᾶν
3024 5562 3400 5630 πρωτότοκον
3422 5558 3491 5609 ἐν
3514 5554 3589 5622 τῇ
3614 5556 3909 5623 Αἰγύπτου
3931 5558 4053 5611 ἀπὸ
4067 5573 4229 5626 πρω-

2536 5657 2797 5705 τοτόκων
2807 5648 3131 5718 ἀνθρώπων
3145 5650 3256 5713 ἕως
3281 5644 3667 5713 πρωτοτόκων
3680 5644 3933 5711 κτηνῶν,
3951 5648 4059 5699 Διά
4079 5648 4225 5700 τοῦ,

2537 5758 2603 5793 το
2635 5738 2749 5810 ἐγὼ
2772 5741 2891 5794 θύω
2911 5741 3108 5808 Κυρίῳ
3130 5737 3254 5791 πᾶν
3277 5731 3577 5802 διανοῖγον
3589 5732 3823 5803 μήτραν
3853 5736 4222 5803 ἀρσενικόν

2597 5975 2619 6033 (ἲ
2643 5972 2778 6030 Hec,
2808 5965 3315 6033 al).’..._éx¢eﬁﬁowat,
3357 5970 3699 6033 αοειαρηηὶιῃ
3724 5961 3772 6010 in
3797 5961 3973 6033 Μοτει.
3998 5966 4221 6033 περιστῇ.

2595 6032 2623 6072 ἀ
2650 6024 2785 6089 Περ,
2807 6034 2948 6079 πόθεν
2970 6024 3079 6093 δὲζξ.
3098 6026 3364 6093 προφήτας,
3395 6040 3505 6086 quae
3524 6025 3831 6093 [nanifeslam
3859 6024 4225 6093 ἱιιίρτροίξιίο-

2533 6111 2646 6151 nem
2672 6085 2887 6155 sapiunt,
2916 6085 3184 6155 nqn_ha_t3ét
3209 6085 3386 6155 ξτινῆι.Δ
3408 6085 3499 6155 he__c
3522 6089 3651 6155 tog-lg
3686 6090 3833 6135 etiam
3854 6089 4045 6134 celeri.
4072 6085 4217 6136 Eon.

2600 6162 2623 6191 ο
2645 6148 2753 6210 Dub
2776 6148 2889 6205 ωδε.
2921 6152 3060 6217 αὑτά,
3086 6150 3240 6204 Morel
3266 6156 3338 6217 ﬁt
3354 6148 3505 6201 Sull.
3530 6148 3705 6201 αὐτῶν.
