4532 6714
521 595 625 650 553

516 713 745 776 oportet,
775 721 878 761 non
900 722 962 763 ea
996 718 1140 763 certe
1177 705 1509 776 providentia
1549 703 1770 758 dicenda
1811 712 1912 768 est,
1955 701 2095 755 sicut

516 812 615 852 nec
640 797 726 851 illa
761 797 1050 854 admonitio
1073 800 1209 853 llcli.
1234 799 1368 852 Cum
1399 812 1526 850 vero
1557 797 1756 852 crimen
1799 800 2091 854 narrasset,

514 898 622 943 tum
655 904 862 959 poenam
906 892 1104 961 ingenti
1148 905 1269 943 cum
1315 888 1582 943 iracundia
1621 889 1845 944 induxit.
1887 884 2089 952 Juravi,

512 983 673 1049 enim,
699 984 882 1053 inquit,
911 983 1084 1036 domui
1110 980 1251 1043 Heli,
1278 980 1320 1033 si
1349 992 1599 1050 peccatum
1629 982 1763 1035 istud
1787 979 1964 1033 domui
1984 977 2093 1031 lle-

511 1075 546 1126 li
572 1077 873 1145 expiabitur,
903 1077 1004 1127 sive
1030 1072 1358 1142 thymiamnte
1396 1075 1498 1127 sive
1542 1073 1808 1142 sacriﬁciis
1849 1086 2002 1139 usque
2036 1069 2090 1123 in

508 1177 748 1222 teternum
776 1168 850 1237 (1.
884 1166 1012 1233 Reg.
1042 1164 1097 1216 5.
1132 1162 1514 1234 M).Vidistine
1545 1168 1810 1236 ingentem
1845 1162 2088 1229 indigna-

509 1257 724 1318 tionem,
749 1267 1068 1324 ptcnamque
1098 1256 1238 1308 omni
1267 1270 1360 1323 Spe
1394 1257 1563 1308 veniae
1593 1252 1906 1310 carentem?
1933 1252 2089 1305 Pror-

505 1361 615 1411 sus,
645 1346 837 1413 inquit,
867 1343 1012 1396 ilium
1040 1344 1212 1411 perire
1238 1354 1463 1414 oportet,
1495 1361 1593 1400 nec
1622 1347 1792 1414 ipsum
1835 1342 1991 1395 modo
2034 1351 2089 1395 et

505 1437 620 1506 ejus
652 1436 808 1497 ﬁlios,
832 1433 928 1488 sed
953 1448 1070 1488 cum
1097 1435 1211 1504 ipso
1240 1437 1454 1490 domum
1498 1439 1822 1499 universam,
1860 1435 2088 1488 nullum-

503 1541 606 1595 que
635 1523 1076 1578 medicamentum
1125 1527 1242 1590 erit,
1290 1527 1429 1596 quod
1475 1527 1665 1581 vulnus
1711 1525 1851 1579 istud
1899 1537 2087 1578 curare

505 1618 674 1686 possit
704 1634 718 1668 :
751 1616 875 1670 licet
905 1619 1016 1671 seni
1047 1619 1119 1672 illi
1153 1630 1347 1686 praeter
1376 1620 1601 1673 ﬁliorum
1631 1619 1928 1688 neglectum
1957 1617 2086 1671 nihil

502 1707 643 1777 quod
669 1707 879 1760 crimini
901 1707 1051 1762 daret
1079 1709 1320 1762 habuerit
1341 1709 1496 1762 Deus.
1521 1709 1650 1764 Erat
1679 1711 1822 1764 enim
1846 1710 1895 1762 in
1928 1716 2089 1761 Caete-

501 1800 577 1852 ris
603 1796 848 1851 omnibus
876 1798 1239 1861 admirandus,
1273 1799 1494 1868 ejusque
1541 1800 1930 1869 philosophiam
1971 1813 2086 1852 om-

501 1903 623 1941 nem
643 1902 747 1940 non
769 1901 834 1940 ex
852 1888 969 1941 aliis
994 1889 1174 1952 modo,
1205 1888 1298 1943 sed
1325 1905 1389 1943 ex
1421 1891 1483 1944 iis
1506 1907 1716 1961 quoque
1742 1906 1861 1960 qum
1907 1891 1956 1943 in
1992 1905 2088 1944 ca-

502 1977 738 2032 lamitate
765 1979 1122 2048 contigerunt,
1156 1979 1336 2034 videre
1362 1990 1461 2034 est.
1503 1983 1735 2036 Primum
1777 1982 1920 2035 enim
1962 1997 2081 2035 cum

500 2067 615 2122 hsce
642 2069 816 2122 omnia
847 2069 1103 2136 audisset,
1129 2085 1291 2140 seque
1312 2071 1376 2124 ad
1404 2088 1704 2143 supremam
1735 2089 1943 2145 poenam
1965 2089 2082 2143 per-

497 2160 708 2214 venisse
749 2163 1101 2231 conspiceret,
1148 2178 1255 2216 non
1301 2165 1551 2232 graviter,
1600 2181 1702 2219 non
1746 2166 2082 2236 indignanter

499 2252 638 2318 tulit,
671 2268 775 2306 non
803 2254 853 2307 id
884 2254 1016 2307 dixit
1043 2255 1185 2324 quod
1218 2256 1430 2324 plurimi
1466 2256 1722 2313 dixissent
1755 2277 1768 2312 :
1805 2258 1937 2313 Num
1983 2275 2081 2328 ego

496 2344 720 2397 aliorum
746 2346 1034 2398 voluntatis
1063 2345 1310 2400 dominus
1342 2347 1500 2401 sum?
1540 2348 1880 2403 Peccatorum
1927 2365 2080 2404 meo-

495 2451 610 2488 rum
637 2450 818 2503 ptnnas
850 2437 994 2490 luere
1014 2437 1184 2492 debeo
1215 2457 1229 2493 :
1259 2439 1351 2492 ﬁlii
1379 2447 1588 2493 aetatem
1626 2440 1844 2507 habent,
1875 2443 2081 2511 ipsique

494 2526 594 2579 soli
625 2527 941 2595 supplicium
970 2538 1259 2583 merentur.
1282 2531 1483 2584 Horum
1512 2531 1645 2586 nihil
1677 2533 1811 2586 dixit
1837 2535 1917 2588 vel
1934 2535 2081 2604 cogi-

495 2615 660 2679 tavit;
689 2615 782 2668 sed
812 2627 867 2669 ut
891 2631 1073 2672 servus
1100 2618 1238 2674 bene
1263 2619 1506 2687 affectus,
1536 2623 1620 2675 cui
1648 2623 1697 2676 id
1737 2639 1897 2676 unum
1931 2625 2080 2679 cordi

493 2714 628 2768 erat,
658 2704 1008 2760 utadomino
1059 2710 1236 2762 omnia
1281 2709 1433 2765 facile
1473 2712 1840 2783 patienterque
1889 2712 2074 2782 ferret,

492 2795 883 2861 quantumlibet
908 2798 992 2850 illa
1022 2800 1211 2853 acerba
1245 2811 1442 2867 essent,
1472 2805 1551 2858 sic
1591 2804 1680 2859 ille
1710 2805 1871 2860 verba
1901 2806 2078 2876 philo-

492 2883 694 2952 sOphicc
725 2885 880 2954 plena
910 2888 1148 2957 protulit.
1191 2889 1460 2958 Dominus,
1511 2894 1676 2961 enim,
1729 2895 1918 2964 inquit,
1963 2906 2077 2963 est;

486 2973 626 3040 quod
653 2986 854 3044 gratum
883 2988 956 3031 est
981 2979 1033 3031 in
1054 2990 1321 3050 conspectu
1341 2999 1430 3036 suo
1452 2985 1601 3054 faciet
1622 2987 1699 3054 (1.
1728 2984 1855 3057 Reg.
1885 2988 2070 3057 5.18).

489 3063 604 3118 Non
635 3067 805 3120 solum
833 3079 1008 3123 autem
1039 3071 1184 3136 hinc,
1209 3071 1301 3124 sed
1331 3073 1542 3129 aliunde
1572 3090 1781 3146 quoque
1815 3077 1931 3146 ejus
1966 3079 2074 3132 vir-

487 3163 577 3207 tus
605 3155 928 3225 deprehendi
959 3169 1156 3228 potest.
1184 3156 1315 3216 Nam
1359 3178 1478 3218 cum
1521 3164 1660 3220 bello
1703 3179 2071 3235 premerentur

487 3245 679 3311 Judaai,
709 3248 1072 3320 accedensque
1100 3252 1315 3322 quidam
1346 3255 1469 3309 belli
1487 3257 1663 3312 clades
1683 3262 2066 3327 annuntiasset,

482 3347 649 3407 utque
681 3339 902 3409 turpiter
929 3351 981 3396 et
1006 3343 1202 3397 misere
1235 3345 1350 3414 ejus
1393 3345 1486 3401 ﬁlii
1527 3348 1579 3401 in
1626 3350 1807 3418 praelio
1843 3352 2068 3406 cecidis-

489 3439 626 3494 sent,
656 3430 771 3485 htcc
798 3433 972 3501 quiete
996 3434 1225 3500 audivit;
1258 3446 1311 3490 at
1353 3438 1444 3492 ubi
1497 3441 1586 3495 ille
1632 3451 1830 3511 prtcter
1867 3445 2066 3500 czcdem

480 3521 788 3590 hujusmcdi
814 3539 990 3578 arcam
1017 3526 1083 3581 ab
1110 3526 1349 3582 hostibus
1391 3542 1600 3599 captam
1637 3533 1800 3590 fuisse
1837 3537 2068 3606 adjecis-

478 3619 585 3674 set,
611 3620 738 3667 tunc
763 3629 990 3670 mterore
1017 3615 1392 3673 obtenebratus
1423 3636 1586 3677 senex
1613 3624 1804 3679 cecidit
1827 3625 1895 3679 de
1939 3629 2068 3682 sella

484 3710 629 3756 retro
651 3702 801 3772 juxta
844 3705 1080 3776 januam,
1122 3718 1174 3762 et
1208 3712 1494 3766 contritum
1529 3723 1612 3768 est
1654 3715 1872 3771 dorsum
1903 3721 2019 3786 ejus
2050 3738 2064 3774 :

477 3807 647 3847 senex
666 3795 808 3849 enim
836 3807 970 3862 erat,
996 3807 1048 3853 et
1067 3800 1240 3869 gravis
1259 3809 1312 3856 et
1341 3801 1684 3871 honorabilis,
1704 3816 1757 3860 et
1791 3807 1904 3876 ipse
1923 3809 2066 3877 judi-

478 3883 620 3937 cavit
663 3885 824 3942 Israel
866 3889 1048 3959 viginti
1075 3892 1247 3946 annis.
1273 3893 1424 3960 Quod
1445 3895 1487 3948 si
1506 3897 1833 3953 sacerdotem
1855 3915 2058 3968 senem,

483 3974 870 4045 honorabilem,
911 3982 1000 4050 qui
1046 3982 1164 4038 sine
1201 3987 1417 4055 querela
1462 3987 1805 4044 Hebraeorum
1850 4004 2063 4063 gentem

482 4065 664 4135 viginti
705 4068 859 4122 annis
905 4082 1141 4140 rexerat,
1189 4075 1278 4144 qui
1311 4075 1375 4129 iis
1401 4079 1727 4149 temporibus
1753 4082 1900 4148 vixit,
1945 4099 2064 4153 qua:

482 4171 587 4211 non
621 4166 818 4212 tantam
849 4160 970 4215 vitae
995 4160 1321 4232 diligentiam
1345 4169 1706 4238 requirebant,
1724 4172 1852 4226 nihil
1873 4173 2062 4229 horum

480 4262 738 4304 excusare
771 4251 1083 4320 potuit;sed
1105 4254 1150 4308 is
1179 4256 1302 4324 quia
1330 4256 1558 4312 ﬁliorum
1603 4275 1785 4316 curam
1833 4278 1937 4316 non
1981 4273 2063 4318 sat

479 4338 765 4408 diligenter
785 4340 1060 4409 habuerat,
1085 4346 1278 4401 misere
1299 4356 1353 4402 et
1379 4339 1661 4405 infeliciter
1685 4355 1859 4420 periit,
1887 4369 1950 4408 ac
1966 4370 2062 4409 ne-

477 4427 742 4496 gligentia:
763 4431 902 4486 illius
924 4434 1129 4489 crimen
1161 4436 1325 4491 instar
1350 4437 1541 4493 fluctus
1572 4441 1800 4511 ingentis
1824 4444 1914 4498 illa
1942 4460 2058 4498 om-

479 4517 562 4570 nia
592 4522 937 4588 transcendit,
967 4533 1021 4577 et
1051 4534 1194 4579 recte
1215 4525 1352 4581 facta
1372 4529 1547 4584 omnia
1575 4531 1748 4585 obruit
1774 4550 1788 4585 :
1812 4548 1930 4602 qua:
1958 4551 2056 4591 nos

476 4611 610 4663 ultio
631 4611 880 4679 excipiet,
910 4617 997 4682 qui
1025 4615 1108 4671 his
1128 4621 1459 4687 temporibus
1487 4622 1734 4689 vivimus,
1774 4624 1826 4678 in
1866 4627 2057 4694 quibus

475 4699 647 4768 major
671 4702 1003 4771 philosophia
1035 4707 1342 4774 requiritur,
1368 4721 1422 4764 et
1443 4721 1616 4768 tamen
1644 4715 1719 4768 illi
1743 4715 1936 4771 virtute
1972 4718 2058 4771 in-

475 4789 697 4845 feriores
722 4807 942 4859 sumus;
965 4809 1029 4848 ac
1060 4811 1165 4850 non
1196 4798 1356 4853 modo
1381 4800 1503 4856 ﬁliis
1533 4819 1640 4857 non
1682 4809 2054 4876 prospicimus,

473 4882 566 4936 sed
593 4883 752 4937 etiam
776 4884 909 4938 alios
935 4885 986 4938 id
1025 4885 1201 4943 facere
1230 4890 1458 4946 nitentes
1506 4893 1710 4949 insidiis
1755 4899 2056 4965 appetimus

473 4984 528 5028 et
549 4991 933 5046 oppugnatnus,
967 4992 1030 5032 ac
1059 4978 1300 5036 barbaris
1346 4984 1687 5041 immaniorcs
1729 5003 1850 5058 erga
1901 4999 2054 5045 natos

472 5078 688 5124 nostros
718 5071 939 5124 sumus?
966 5069 1183 5126 Illorum
1207 5076 1403 5147 quippe
1429 5077 1612 5134 feritas
1639 5095 1805 5150 usque
1831 5081 1896 5135 ad
1937 5098 2053 5137 ser-

471 5161 689 5215 vitutem
718 5171 942 5225 tantum,
971 5171 1023 5217 et
1048 5166 1347 5222 vastitatem
1373 5185 1436 5226 ac
1459 5173 1814 5242 captivitatem
1848 5175 2052 5244 patrita,

469 5262 834 5319 corporeaque
857 5252 990 5307 mala
1019 5257 1174 5310 saevit
1192 5272 1207 5321 ;
1227 5273 1322 5313 vos
1346 5271 1522 5316 autem
1552 5265 1719 5333 ipsam
1746 5267 1979 5320 animam
2002 5267 2053 5322 in

388 5405 403 5423 ι
469 5342 778 5398 servitutem
799 5345 1292 5417 redigitis,eamque
1319 5353 1456 5407 velut
1477 5355 1740 5424 captivum
1761 5357 2051 5426 alligatam,

471 5427 540 5480 ita
566 5432 810 5502 malignis
831 5434 1062 5505 ferisque
1094 5437 1425 5496 daemonibus
1455 5460 1748 5516 eorumque
1776 5445 2053 5502 affectibus

474 5518 703 5574 traditis.
726 5525 859 5580 Cum
913 5531 1056 5585 enim
1103 5545 1274 5600 neque
1316 5532 1418 5601 ipsi
1464 5536 1738 5606 quidpiam
1780 5540 2055 5611 spirituale

473 5611 723 5677 monetis,
755 5631 928 5686 neque
967 5622 1103 5676 alios
1138 5621 1189 5678 id
1215 5623 1490 5694 cupientes
1516 5625 1692 5684 facere
1726 5632 2050 5701 permittitis,

472 5701 606 5795 nihil
637 5703 872 5771 profecto
896 5712 1042 5768 aliud
1094 5717 1270 5786 agitis.
1315 5715 1423 5772 Nec
1475 5718 1603 5773 mihi
1648 5720 1793 5777 dicat
1839 5725 2051 5795 aliquis,

474 5794 692 5862 multos,
721 5797 810 5867 qui
832 5799 951 5869 plus
981 5821 1138 5873 quam
1170 5809 1286 5864 Heli
1334 5809 1472 5866 ﬁlios
1511 5811 1892 5883 neglexerant,
1924 5794 2054 5873 nihil

475 5885 652 5944 simile
695 5903 882 5960 passos
910 5908 1049 5950 esse.
1093 5899 1242 5956 Multi
1281 5903 1424 5958 enim
1460 5919 1602 5974 saepe
1640 5906 1710 5961 ob
1749 5906 2054 5977 bujusmodi

474 5981 682 6051 culpam
708 5982 866 6039 etiam
893 5983 956 6040 iis
976 5988 1217 6056 graviora
1247 5994 1389 6062 passi
1417 6005 1560 6052 sunt.
1590 5994 1719 6052 Nam
1747 5996 1888 6054 unde
1915 6014 2053 6069 pra:-

1263 590 1621 648 ADVERSUS
1649 581 2194 645 OPPUGNATORES
2234 583 2414 642 νΙΤΛΞ
2454 588 2743 647 MONAST.
2787 593 2914 646 ΜΒ.
2960 594 3046 651 lll.

3686 604 3793 662 354

2205 711 2428 756 matura:
2459 705 2694 758 mortes?
2723 705 2863 759 unde
2890 708 3185 774 gravissimi
3217 717 3270 761 et
3297 708 3596 779 frequentes
3617 729 3787 768 morm

2199 802 2254 846 et
2274 793 2430 848 nobis
2452 804 2505 850 et
2529 795 2709 851 liberis
2760 800 2960 852 nostris
3005 800 3343 856 inferuntur?
3380 805 3523 859 unde
3569 805 3784 871 danma,

2199 886 2340 941 unde
2366 887 2714 957 calamitates,
2736 891 2878 946 unde
2918 905 3257 959 nocumenta,
3289 897 3428 952 unde
3456 900 3594 954 mala
3627 901 3786 954 innu-

2197 977 2380 1030 mera?
2410 994 2590 1032 nonne
2617 983 2756 1049 quod
2788 984 3060 1051 improbos
3105 986 3243 1041 ﬁlios
3287 991 3570 1046 emendare
3612 994 3785 1061 negli-

2194 1068 2420 1134 gamus?
2447 1069 2598 1135 Quod
2625 1071 2737 1126 hace
2760 1085 2937 1128 autem
2981 1092 3083 1130 non
3132 1079 3438 1148 conjectura
3486 1082 3584 1148 sit,
3639 1085 3785 1136 senis

2195 1156 2338 1210 illius
2366 1173 2523 1213 casus
2553 1161 2681 1214 satis
2711 1165 2960 1220 ostendit.
2997 1166 3108 1235 Ego
3140 1185 3267 1224 vero
3300 1171 3560 1240 sapientis
3601 1174 3782 1242 cujus-

2193 1249 2315 1302 dam
2342 1265 2406 1303 ex
2445 1253 2644 1305 nostris
2673 1253 2770 1309 ltac
2797 1257 2862 1311 de
2915 1273 2972 1311 re
3013 1259 3210 1313 dictum
3259 1263 3484 1317 referam
3517 1282 3530 1317 :
3561 1264 3630 1319 de
3661 1265 3784 1318 filiis

2193 1343 2334 1394 enim
2357 1341 2648 1404 disserens.
2672 1347 2739 1398 ita
2769 1348 3004 1416 loquitur
3029 1367 3041 1401 :
3069 1350 3152 1404 Ne
3166 1352 3348 1406 [ceteris
3368 1355 3421 1406 in
3444 1355 3563 1421 ﬁliis
3585 1356 3782 1424 impiis;

2192 1433 2289 1485 nisi
2319 1435 2469 1502 fuerit
2496 1435 2550 1487 in
2571 1435 2675 1488 illis
2711 1435 2806 1490 Dei
2847 1442 3017 1506 timor,
3051 1459 3115 1496 ne
3148 1444 3378 1512 conﬁdas
3410 1443 3620 1499 illorum
3666 1448 3781 1500 uiue

2192 1523 2371 1590 (Eccli.
2407 1527 2492 1581 16.
2529 1528 2664 1599 1-5).
2698 1529 3013 1600 lngemisces
3029 1537 3168 1590 enim
3198 1549 3520 1607 prtcmaturo
3543 1540 3782 1605 luctu,et

2190 1613 2475 1684 derepente
2504 1620 2715 1674 illorum
2746 1628 3206 1694 con~umptionem
3235 1630 3392 1683 scies.
3424 1630 3645 1684 Plurimi
3675 1632 3777 1701 igi-

2192 1711 2295 1768 tur,
2325 1716 2379 1759 ut
2401 1707 2529 1774 dixi,
2564 1711 2729 1765 multa
2758 1712 3021 1780 ejusmodi
3054 1718 3190 1784 passi
3222 1728 3367 1772 sunt.
3401 1719 3456 1772 Si
3479 1730 3654 1774 autem
3675 1722 3777 1774 ali-

2189 1799 2279 1867 qui
2327 1799 2638 1870 effugerint,
2667 1815 2723 1860 at
2767 1821 2875 1860 non
2927 1808 2977 1861 in
3023 1809 3180 1864 ﬁnem
3229 1813 3482 1882 effugient
3514 1816 3551 1879 ι,
3587 1815 3684 1870 sed
3722 1817 3775 1870 in

2188 1891 2378 1960 capitis
2401 1895 2482 1946 sui
2508 1897 2738 1963 malum;
2767 1901 3073 1956 acerbiores
3098 1905 3263 1969 enim,
3294 1920 3415 1959 cum
3444 1910 3777 1963 excesserint

2188 1997 2217 2036 e
2244 1985 2371 2048 vita,
2400 2002 2588 2057 poenas
2612 1991 2774 2046 luent.
2805 1992 2913 2048 Cur
2939 2005 3140 2062 autem,
3169 1997 3398 2067 inquies,
3425 2015 3529 2054 non
3555 2001 3641 2055 hic
3662 2017 3778 2056 om-

2186 2094 2282 2133 nes
2303 2082 2626 2149 puniuntur?
2653 2084 2785 2152 Quia
2818 2087 2955 2141 Deus
2981 2089 3120 2143 diem
3149 2093 3356 2158 Statuit,
3383 2109 3483 2162 qua
3508 2094 3776 2162 judicatu-

2185 2186 2274 2224 rus
2300 2181 2382 2227 est
2407 2175 2592 2229 orbem
2624 2177 2928 2231 universum
2959 2197 2972 2233 :
3007 2179 3122 2234 hrec
3158 2193 3332 2236 autem
3375 2185 3490 2239 dies
3535 2186 3772 2241 nondum

2185 2261 2355 2316 adest.
2389 2266 2465 2318 Ad
2491 2266 2607 2320 haec
2632 2283 2757 2322 vero
2791 2270 2834 2322 si
2879 2270 2949 2324 ita
2995 2270 3163 2336 ﬁeret,
3188 2272 3299 2342 jam
3333 2274 3672 2345 absumptum
3721 2288 3776 2332 et

2183 2355 2458 2424 abreptum
2489 2370 2629 2412 esset
2650 2376 2808 2415 omne
2844 2377 3011 2430 genus
3053 2363 3368 2419 humanum.
3413 2365 3517 2421 Sed
3569 2375 3626 2422 ut
3674 2383 3774 2422 nec

2188 2445 2288 2499 hoc
2319 2448 2608 2516 contingat,
2639 2466 2737 2505 nec
2766 2451 2980 2519 plurimi
3012 2456 3287 2523 segniores
3322 2457 3450 2510 ﬁant
3484 2473 3554 2511 ex
3602 2457 3770 2512 tardi-

2187 2543 2294 2589 tate
2319 2536 2525 2605 judicii,
2552 2540 2808 2608 quosdam
2833 2542 2971 2597 Deus
2995 2545 3228 2613 peccatis
3257 2546 3520 2602 obnoxios
3547 2547 3629 2602 hic
3659 2563 3770 2617 pte-

2186 2627 2267 2681 nis
2296 2628 2552 2694 afﬁciens,
2579 2631 2769 2686 borum
2798 2637 3044 2704 exemplo
3073 2637 3306 2708 reliquos
3326 2639 3504 2705 docet,
3526 2655 3768 2709 quamam

2183 2717 2252 2770 sit
2277 2720 2653 2788 suppliciorum
2683 2725 2817 2778 ratio
2844 2741 2906 2780 ac
2930 2742 3200 2794 mensura,
3224 2738 3280 2782 ut
3298 2729 3560 2796 ediscant,
3584 2745 3662 2796 se,
3687 2739 3767 2785 ct-

2182 2811 2228 2864 si
2259 2810 2310 2864 iu
2341 2812 2439 2865 hac
2466 2814 2570 2866 vita
2596 2829 2779 2883 pmnas
2802 2833 2906 2870 non
2938 2819 3105 2884 luant,
3137 2831 3255 2890 post
3283 2837 3558 2877 excessum
3587 2835 3764 2880 tamen

2183 2900 2336 2971 longe
2376 2904 2649 2972 graviores
2691 2908 2964 2964 subituros
3006 2925 3148 2966 esse.
3193 2911 3376 2982 Neque
3428 2915 3568 2968 enim
3621 2917 3762 2986 quod

2178 2994 2491 3063 prophetam
2519 3012 2659 3051 nunc
2689 3014 2792 3052 non
2825 3002 2999 3055 mittat
3030 3002 3192 3067 Deus,
3219 3019 3317 3057 nec
3345 3019 3528 3071 poenas
3552 3005 3763 3061 denun-

2178 3084 2272 3138 tiet
2300 3094 2354 3138 ut
2386 3085 2500 3139 Heli
2530 3097 2792 3156 tempore,
2818 3091 2935 3145 ideo
2956 3092 3167 3146 desides
3187 3109 3306 3147 esse
3332 3094 3587 3149 debemus
3615 3113 3628 3149 :
3653 3111 3763 3150 non

2174 3176 2317 3229 enim
2348 3178 2723 3246 prophetarum
2776 3182 2876 3235 hoc
2919 3191 3129 3253 tempus
3175 3196 3294 3249 est;
3339 3185 3444 3238 imo
3492 3202 3620 3240 vero
3666 3201 3763 3242 eos

2176 3282 2318 3321 nunc
2342 3284 2552 3338 quoque
2583 3271 2763 3326 mittit.
2796 3270 2971 3344 [Unde
2993 3273 3042 3328 id
3079 3275 3232 3329 nobis
3253 3276 3410 3344 liquet
3433 3276 3456 3329 ?
3480 3275 3680 3330 Habent
3710 3279 3751 3343 ί,

2174 3357 2360 3426 inquit,
2389 3359 2618 3430 Moysem
2638 3373 2688 3415 et
2715 3363 3003 3435 praphetas]
3017 3363 3169 3434 (Luc.
3200 3367 3287 3420 16.
3315 3367 3431 3439 29).
3455 3368 3525 3422 Ea
3553 3368 3753 3437 quippe

2172 3465 2293 3517 qua:
2319 3450 2460 3505 illius
2499 3456 2755 3523 temporis
2800 3456 2926 3508 viris
2967 3455 3110 3510 dicta
3158 3467 3300 3524 sunt,
3348 3459 3501 3513 nobis
3543 3475 3758 3530 quoque

2171 3542 2308 3597 dicta
2336 3553 2478 3610 sunt,
2512 3561 2612 3600 nec
2639 3547 2800 3600 modo
2824 3547 2959 3613 lleli,
2989 3547 3082 3602 sed
3112 3549 3359 3604 omnibus
3389 3551 3542 3605 simul
3565 3551 3754 3606 eadem

2172 3635 2514 3702 peccantibus
2546 3651 2640 3705 per
2669 3637 2814 3690 illum
2843 3652 3041 3708 perque
3068 3638 3207 3693 illius
3230 3640 3559 3696 calamitates
3584 3642 3756 3712 loqui-

2174 3737 2259 3779 tur
2282 3727 2440 3781 Deus.
2463 3728 2573 3783 Nec
2602 3731 2742 3784 enim
2777 3746 3032 3800 personas
3057 3732 3269 3801 accipit,
3299 3749 3397 3788 nec
3421 3735 3509 3804 qui
3545 3737 3750 3790 minora

2170 3829 2480 3888 peccantem
2507 3836 2626 3876 cum
2653 3823 2815 3877 domo
2837 3832 2941 3877 tota
2978 3821 3212 3879 funditus
3255 3825 3465 3891 evertit,
3507 3827 3752 3897 graviora

2167 3927 2448 3982 aggressos
2475 3913 2706 3969 dimittet
2731 3915 2948 3968 inultos.

2235 4003 2292 4057 4.
2337 4003 2493 4074 Leges
2531 4005 2905 4058 educandorum
2934 4006 3206 4060 liberorum
3231 4005 3339 4061 Deo
3365 4007 3515 4062 date.
3541 4039 3614 4049 —
3631 4010 3746 4064 Non

2167 4095 2307 4148 enim
2332 4094 2512 4149 dicere
2539 4093 2618 4149 fas
2644 4104 2745 4159 est,
2775 4110 2898 4150 eum
2920 4111 3026 4150 non
3056 4097 3274 4151 multam
3300 4097 3456 4166 hujus
3483 4099 3556 4154 rei
3585 4099 3751 4154 ratio-

2167 4199 2288 4238 nem
2335 4183 2552 4250 habere,
2584 4200 2848 4239 summam
2876 4186 3090 4256 quippe,
3124 4186 3516 4241 educandorum
3555 4187 3752 4243 libero-

2166 4289 2283 4328 rum
2310 4274 2717 4331 sollicitudinem
2746 4276 2944 4331 indueit
2976 4294 2989 4328 :
3023 4277 3282 4347 siquidem
3319 4285 3518 4332 tantam
3545 4291 3749 4336 [mune

2166 4367 2646 4434 concupiscentiam
2685 4368 2806 4422 ideo
2846 4369 3052 4434 indidit,
3097 4380 3156 4423 ut
3182 4369 3328 4438 quasi
3374 4372 3747 4426 necessitatem

2163 4458 2443 4527 quamdam
2477 4460 2836 4514 inevitabilem
2857 4475 2996 4514 cura:
3023 4461 3246 4514 ﬁliorum
3270 4460 3526 4516 habenda:
3549 4477 3750 4530 paren-

2163 4550 2300 4604 tibus
2337 4551 2686 4605 constitucret
2734 4569 2748 4604 :
2799 4551 2940 4620 leges
2968 4548 3090 4615 item
3113 4551 3453 4621 postmodum
3482 4552 3656 4607 intulit
3677 4553 3747 4607 de

2161 4655 2284 4694 cura
2309 4640 2534 4694 ﬁliorum
2564 4640 2794 4710 gerenda
2822 4656 2919 4695 nos
2948 4641 3226 4711 alloquens
3251 4659 3266 4695 :
3297 4651 3351 4697 et
3385 4657 3506 4696 cum
3528 4643 3642 4699 dies
3664 4643 3747 4698 fe-

2161 4739 2274 4784 stos
2299 4738 2577 4796 statueret,
2619 4739 2679 4785 ut
2701 4746 2891 4786 causas
2921 4731 3039 4784 ﬁliis
3061 4733 3171 4785 suis
3194 4731 3487 4786 indicarent
3518 4734 3746 4801 impera-

2164 4823 2255 4875 vit.
2301 4817 2430 4876 Nam
2463 4837 2583 4876 cum
2622 4822 2688 4877 de
2723 4823 2980 4876 Paschale
3012 4822 3333 4889 loqueretur,
3375 4821 3567 4890 adjecit
3609 4839 3621 4874 :
3679 4821 3747 4875 Et

2160 4915 2481 4968 annnntiabis
2533 4916 2640 4983 ﬁlio
2694 4925 2776 4967 tuo
2816 4915 2867 4965 in
2924 4913 3006 4964 die
3051 4913 3141 4965 illa
3191 4912 3361 4965 dicens
3404 4911 3583 4966 :ldeo
3631 4915 3747 4981 fecit

2160 5003 2299 5057 Deus
2327 5006 2451 5056 mihi
2493 5005 2620 5068 lucc,
2648 5021 2759 5057 cum
2795 5004 2980 5056 exirem
3002 5002 3064 5055 de
3099 5001 3351 5073 Egypto.
3384 5002 3440 5057 ln
3470 5004 3585 5073 lege
3610 5020 3747 5074 quo-

2159 5112 2262 5168 que
2301 5096 2526 5165 idipsum
2586 5096 2752 5149 facit:
2800 5111 2923 5148 nam
2979 5095 3048 5151 de
3083 5096 3448 5165 primogenit‘ts
3501 5097 3748 5165 loquutus

2160 5204 2343 5244 rursus
2407 5188 2584 5258 adjicit
2641 5205 2656 5243 :
2723 5188 2783 5244 Si
2831 5198 2998 5242 autem
3062 5189 3440 5258 interrogaverit
3496 5197 3543 5240 te
3607 5187 3746 5253 ﬁlius

2162 5291 2298 5347 tuus,
2326 5281 2492 5334 dicens
2511 5298 2529 5335 :
2567 5280 2702 5347 Quid
2733 5281 2824 5334 hoc
2853 5281 2965 5333 est?
2989 5279 3122 5332 dices
3147 5279 3215 5330 ad
3240 5295 3369 5335 eum.
3401 5278 3532 5344 Quia
3557 5277 3610 5330 in
3633 5294 3746 5329 ma-

2161 5389 2230 5425 nu
2257 5373 2424 5426 valida
2451 5374 2623 5426 eduxit
2647 5389 2737 5426 nos
2766 5372 3008 5424 Dominus
3038 5371 3099 5422 de
3135 5369 3365 5440 ZEgypto
3398 5387 3462 5424 ea:
3481 5372 3610 5441 jngo
3641 5387 3749 5423 ser-

2161 5461 2350 5514 vitutis.
2376 5459 2500 5514 Cum
2518 5479 2632 5515 vero
2657 5462 2986 5514 obduraretur
3000 5460 3206 5514 Pharao
3229 5477 3318 5514 nec
3338 5460 3609 5516 dimitteret
3631 5477 3745 5524 nos,

2161 5552 2345 5605 occidit
2361 5568 2507 5605 omne
2522 5554 2908 5622 primogenitum
2924 5553 2976 5607 in
2989 5563 3121 5607 terra
3131 5552 3205 5606 1E
3209 5553 3346 5621 gypti
3359 5568 3388 5603 α
3404 5552 3750 5621 primogenitis

2161 5643 2423 5699 hominum
2447 5659 2603 5714 usque
2618 5644 2686 5698 ad
2708 5645 3039 5714 primogenita
3050 5645 3415 5714 jumentorum.
3439 5639 3641 5694 Idcirco
3658 5657 3750 5710 ego

2225 5759 2242 5790 ⁸
2277 5767 2387 5821 Haec
2409 5759 2579 5820 verba,
2602 5764 2651 5808 at
2672 5771 2764 5808 non
2785 5757 2836 5808 in
2855 5755 3001 5821 ﬁnem
3032 5756 3284 5821 emtgieru,
3308 5757 3358 5806 in
3379 5755 3545 5807 Morel.
3567 5763 3749 5806 tantum

2160 5820 2519 5870 desiderantur.
2857 5820 2862 5821 “
3078 5820 3083 5821 ⁷
3394 5882 3404 5891 ,

2224 5884 2244 5914 ³
2275 5889 2403 5944 ῌτεον
2432 5883 2566 5932 (inde
2587 5882 2643 5932 id
2664 5881 2798 5933 nobis
2820 5879 3008 5942 liquet?
3055 5882 3252 5939 Habent,
3271 5882 3438 5944 inqgat,
3467 5889 3674 5944 Moysem
3705 5885 3751 5926 et

2161 5942 2433 6015 prophetas,
2455 5945 2758 6015 ah-omnibus
2780 5946 2971 6015 absunt,
2991 5952 3200 6015 excepto
3222 5942 3386 5993 Morel.
3412 5957 3424 5993 :
3451 5942 3560 6007 qua:
3581 5949 3752 6006 aperta

2166 6004 2602 6070 est'interpolatio;
2627 6018 2779 6067 quare
2801 6007 2991 6056 uncinis
3011 6004 3317 6056 seclusimus.
