4532 6718
882 543 985 592 πτῖξῖ
1626 539 1683 593 S.
1725 539 2005 594 ,ΙΟᾹΝΝΙΒ
2041 535 2517 593 CIIRYSOSTOMI
2558 537 2672 593 Alit

1669 578 1683 592 .
1725 539 2005 594 103N313
2041 535 2517 593 CIIRYSOSTOMI
2558 537 2876 594 ARCIIIEP.
2918 540 3453 597 CONSTANTANOP.

880 657 1087 710 inunolo
1137 654 1357 709 Domino
1390 669 1535 705 omne
1563 656 1901 706 masculinum
1937 651 2233 719 adaperiens
2276 650 2475 703 vulvam

882 746 1079 815 (Exod.
1102 745 1244 800 13.8.
1265 745 1348 797 M.
1375 744 1463 812 15)
1491 761 1503 796 :
1527 744 1705 797 omnia
1730 753 1784 797 ιιι
1804 756 1896 795 eos
1912 741 1977 795 ad
2003 742 2093 794 Dei
2115 738 2473 808 cognitionem

884 837 1153 891 adducant
1183 836 1395 905 pra'cipi
1410 851 1527 889 ens.
1546 836 1651 891 Sed
1668 846 1721 890 et
1739 837 1863 903 ipsis
1879 848 2093 903 quoque
2115 834 2232 887 filiis
2250 833 2474 900 plurima

886 928 1027 979 circa
1071 940 1187 987 eos,
1231 928 1320 995 qui
1349 941 1406 981 se
1434 937 1752 996 genuerunt,
1805 926 2051 992 imperat,
2085 925 2220 979 bene
2259 922 2477 977 affectos

891 1020 1183 1085 honorans,
1224 1021 1461 1089 ingratos
1500 1018 1759 1086 supplicio
1794 1016 2077 1074 afficiens:
2120 1017 2217 1071 hac
2237 1016 2363 1069 item
2391 1030 2479 1068 ra-

889 1110 1035 1163 tione
1060 1112 1301 1164 cariores
1338 1111 1456 1163 illos
1487 1108 1797 1177 parentibus
1826 1106 1972 1162 facit.
2001 1107 2133 1161 Nam
2162 1108 2206 1160 si
2235 1106 2354 1176 quis
2383 1120 2479 1159 cu-

886 1200 1119 1271 juspiatn
1153 1217 1250 1254 nos
1290 1201 1641 1254 constitueret
1666 1199 1935 1264 dominos,
1975 1199 2180 1253 honore
2211 1200 2312 1252 isto
2334 1212 2480 1250 sum-

891 1307 1034 1345 mam
1059 1291 1211 1344 nobis
1242 1290 1617 1345 necessitatem
1643 1292 1943 1359 imponeret
1980 1306 2047 1343 ne
2068 1291 2214 1343 illum
2242 1288 2480 1357 neglige-

892 1396 1075 1435 remus
1106 1399 1119 1434 :
1144 1382 1340 1435 etenim
1372 1383 1416 1435 si
1446 1382 1573 1436 nihil
1600 1381 1759 1443 aliud,
1792 1380 1921 1434 illud
1949 1390 2094 1434 certe
2132 1395 2229 1433 nos
2256 1394 2481 1435 exorare

892 1482 1096 1541 posset,
1126 1472 1267 1541 quod
1307 1473 1451 1526 illius
1492 1472 1669 1526 omnia
1700 1471 1899 1524 nostris
1929 1470 1980 1523 in
2008 1471 2252 1523 manibus
2276 1479 2479 1533 essent,

894 1580 997 1621 nec
1034 1565 1188 1619 nobis
1226 1565 1486 1619 creditum
1530 1574 1587 1617 ut
1616 1563 1963 1633 proderemus
1992 1577 2241 1631 umquam
2289 1559 2481 1614 adduci

900 1669 1200 1723 possemus.
1223 1656 1354 1708 Cum
1379 1663 1559 1707 autem
1580 1663 1765 1723 postea
1784 1653 1945 1708 etiam
1976 1653 2257 1718 irascatur,
2291 1652 2484 1721 magis-

894 1758 1000 1813 que
1019 1758 1175 1809 quatn
1198 1744 1295 1811 ipsi
1312 1745 1657 1798 contumeliis
1678 1744 1813 1806 laesi,
1837 1743 2161 1814 indignetur,
2186 1758 2485 1813 gravesque

898 1848 1088 1904 pinnas
1112 1833 1295 1899 addat,
1326 1834 1454 1890 hinc
1478 1850 1689 1903 quoque
1730 1835 1897 1887 multo
1931 1834 2099 1903 magis
2142 1835 2208 1887 ad
2251 1832 2484 1888 officium

898 1925 1193 1995 pertrahat.
1224 1925 1376 1991 Quod
1406 1927 1575 1994 ipsum
1607 1925 1747 1977 Deus
1789 1926 2051 1992 prmstitit.
2104 1925 2185 1977 Ad
2213 1924 2331 1977 lucc
2363 1940 2487 1977 vero

897 2017 1111 2069 tertium
1158 2024 1361 2068 natura:
1412 2015 1682 2068 vinculum
1712 2013 1973 2083 adjunxit,
2007 2013 2090 2067 sin
2130 2014 2305 2067 mavis
2328 2055 2342 2078 ,
2375 2016 2485 2082 pri-

895 2122 1043 2161 mum
1078 2124 1094 2160 :
1134 2121 1198 2161 ac
1219 2123 1286 2161 ne
1315 2106 1457 2160 illius
1473 2106 1541 2160 de
1562 2106 1854 2161 educandis
1880 2106 2058 2159 liberis
2084 2106 2283 2159 monita
2306 2114 2485 2175 patres

896 2206 1545 2266 aspernarentur,natur:e
1566 2197 1767 2250 addidit
1797 2198 2184 2250 necessitatem.
2203 2196 2279 2249 Ne
2307 2207 2482 2249 autem

898 2287 989 2341 illa
1019 2287 1245 2340 filiorum
1275 2286 1483 2355 injuriis
1531 2286 1847 2339 imbecillior
1893 2285 2081 2339 effecta
2124 2295 2482 2355 rumperetur,

895 2386 952 2433 et
969 2393 1120 2433 suam
1146 2389 1201 2433 et
1219 2389 1499 2449 parentum
1528 2379 1781 2433 ultionem
1807 2378 2030 2433 firmiter
2058 2379 2353 2441 constituit,
2384 2377 2487 2432 hoc

897 2469 1060 2524 modo
1098 2479 1155 2524 et
1198 2472 1318 2524 illos
1359 2486 1569 2525 summa
1598 2472 1936 2525 accuratioue
1962 2470 2203 2524 subditos
2234 2470 2487 2535 reddens,

898 2574 954 2617 et
978 2562 1170 2616 horum
1216 2577 1341 2631 erga
1392 2562 1529 2615 filios
1572 2578 1809 2615 amorem
1861 2562 2125 2614 excitans.
2173 2560 2359 2629 Neque
2386 2561 2490 2615 hoc

900 2663 1135 2717 tantum;
1163 2654 1255 2707 sed
1280 2654 1386 2707 alio
1411 2669 1621 2723 quoque
1656 2662 1709 2707 et
1731 2662 1923 2722 quarto
1954 2653 2113 2707 modo
2137 2668 2345 2706 summa
2388 2668 2488 2707 nos

897 2744 1002 2797 illis
1029 2744 1303 2813 diligentia
1328 2744 1607 2812 conjunxit
1634 2762 1648 2796 :
1677 2760 1782 2797 non
1814 2753 2015 2797 tantum
2032 2744 2176 2799 enim
2198 2744 2337 2798 filios
2360 2760 2485 2813 erga

897 2843 1147 2903 parentes
1172 2836 1408 2903 ingratos
1434 2838 1603 2901 poenis
1625 2833 1811 2897 afticit,
1836 2834 2003 2887 bonos
2018 2844 2196 2888 autem
2216 2834 2489 2903 amplexa-

900 2936 1015 2990 tur;
1060 2941 1241 2980 verum
1274 2927 1404 2993 ipsis
1434 2940 1643 2994 quoque
1683 2925 1993 2993 parentibus
2040 2924 2094 2978 id
2124 2925 2297 2994 ipsum
2341 2926 2486 2990 facit,

897 3016 1187 3071 liberorum
1238 3016 1537 3083 neglectum
1565 3016 1796 3084 graviter
1831 3015 2115 3079 ulciscens,
2147 3029 2334 3069 eorum
2361 3030 2491 3069 vero

897 3123 1080 3161 curam
1111 3117 1165 3163 et
1190 3108 1600 3162 sollicitudinem
1637 3107 1843 3161 honore
1868 3117 1923 3162 et
1946 3108 2193 3163 laudibus
2220 3108 2485 3162 afficiens.

898 3198 1137 3268 Namque
1162 3213 1345 3253 senem
1380 3198 1528 3251 illum
1553 3200 1762 3253 tametsi
1780 3199 1915 3253 alias
1932 3200 2191 3253 illustrem
2218 3216 2283 3255 ex
2309 3200 2493 3269 hujus-

902 3291 1044 3344 modi
1088 3300 1289 3344 tantum
1335 3290 1655 3361 negligentia
1700 3292 1925 3361 punivit,
1977 3293 2332 3361 patriarcham
2362 3308 2491 3347 vero

899 3397 1007 3436 non
1038 3381 1213 3437 minus
1238 3396 1304 3436 ex
1348 3380 1467 3446 hac,
1520 3395 1677 3450 quam
1719 3396 1783 3435 ex
1830 3382 1951 3435 aliis
1978 3384 2141 3445 curis,
2191 3383 2487 3436 honoravit.

899 3472 1036 3528 Cum
1074 3473 1215 3526 enim
1246 3472 1409 3525 multa
1440 3488 1737 3541 magnaque
1761 3472 1900 3527 dona
1930 3472 2039 3535 illa,
2070 3488 2189 3541 quae
2208 3486 2267 3525 se
2292 3471 2365 3525 illi
2391 3472 2490 3524 da-

902 3574 1076 3617 turum
1117 3564 1488 3632 pollicebatur,
1530 3576 1829 3629 enarraret,
1874 3572 1929 3619 et
1970 3578 2184 3617 causam
2214 3563 2486 3631 adiiceret,

900 3655 1038 3710 hanc
1061 3654 1265 3709 addidit
1292 3672 1305 3708 :
1342 3654 1598 3709 Noveram
1639 3657 1808 3721 enim,
1842 3655 2035 3724 inquit,
2064 3655 2201 3723 quod
2225 3654 2491 3707 constituet

901 3747 1154 3799 Abraham
1203 3747 1324 3815 ﬁliis
1352 3748 1476 3811 suis,
1524 3758 1568 3800 et
1597 3746 1770 3799 domui
1798 3761 1908 3799 sua:
1932 3755 2045 3815 post
2082 3762 2215 3810 eum,
2245 3754 2293 3798 et
2318 3755 2489 3799 custo-

900 3839 1038 3892 dient
1063 3840 1168 3892 vias
1201 3838 1404 3892 Domini
1435 3837 1549 3902 Dei,
1600 3848 1654 3890 ut
1687 3838 1876 3907 faciant
1896 3838 2148 3907 justitiam
2172 3846 2219 3889 et
2237 3837 2492 3906 judicium

901 3928 1053 3999 (Gen.
1088 3930 1173 3983 18.
1204 3929 1314 3997 19).
1348 3928 1474 3983 Haec
1493 3937 1673 3982 autem
1694 3943 1723 3980 a
1746 3943 1831 3981 me
1854 3942 1994 3980 nunc
2020 3927 2139 3981 ideo
2156 3941 2493 3981 commemoq

901 4030 1105 4086 rantur,
1147 4030 1204 4074 ut
1229 4020 1496 4073 discamus
1533 4019 1701 4073 Deum
1731 4034 1838 4072 nou
1863 4032 2019 4087 :equo
2056 4018 2234 4070 animo
2258 4016 2489 4069 laturum

901 4126 1020 4165 esse
1041 4112 1085 4165 si
1116 4111 1189 4165 illi
1217 4111 1575 4181 negligantur,
1597 4110 1687 4179 qui
1710 4118 1868 4163 tanta:
1895 4109 1994 4178 ipsi
2024 4125 2165 4162 cura:
2196 4116 2340 4161 sunt.
2381 4107 2488 4162 Ne-

900 4218 1005 4271 que
1029 4204 1172 4257 enim
1213 4202 1355 4257 idem
1402 4203 1517 4271 ipse
1547 4210 1722 4271 potest
1762 4210 1906 4254 tanta
1940 4216 2035 4268 pro
2063 4200 2273 4266 illorum
2318 4201 2492 4255 salute

901 4293 1133 4362 operari,
1186 4304 1347 4363 atque
1389 4293 1436 4347 si
1475 4293 1549 4346 illi
1582 4292 1917 4362 negligantur
1949 4291 2081 4344 nihil
2110 4305 2321 4345 curare.
2372 4290 2489 4345 Non

903 4385 1082 4453 itaque
1125 4386 1388 4454 negliget,
1442 4384 1537 4437 sed
1586 4384 1966 4453 indignabitur,
2018 4382 2111 4437 sed
2146 4382 2491 4438 vehementer

901 4476 1185 4540 irascetur,
1236 4486 1291 4528 ut
1319 4490 1385 4529 ex
1418 4476 1577 4529 rebus
1608 4475 1737 4545 ipsis
1762 4474 2187 4528 demonstratum
2217 4482 2321 4527 est.
2350 4473 2492 4539 Qua-

907 4576 1123 4634 propter
1150 4566 1336 4619 beatus
1365 4566 1557 4619 Paulus
1582 4566 1780 4636 jugiter
1821 4565 2073 4621 admouet
2102 4564 2287 4618 dicens
2317 4580 2331 4615 :
2380 4556 2491 4616 Pa-

905 4669 1025 4721 tres,
1078 4660 1286 4711 educato
1328 4659 1463 4725 filios
1490 4671 1676 4711 vestros
1709 4660 1765 4711 in
1802 4658 2071 4725 disciplina
2096 4666 2142 4710 et
2177 4656 2494 4725 correptione

904 4746 1112 4801 Domini
1159 4744 1374 4816 ,Ephes.
1408 4749 1461 4802 6.
1493 4748 1571 4817 4).
1619 4747 1674 4801 Si
1710 4747 1852 4801 enim
1881 4761 1977 4799 nos
2000 4746 2250 4813 jubemur
2277 4745 2492 4814 vigilare

907 4854 1002 4907 pro
1039 4840 1317 4891 animabus
1349 4854 1535 4893 eorum
1578 4846 1848 4905 tamquam
1895 4837 2159 4889 rationem
2209 4834 2489 4899 reddituri,

908 4929 1077 4982 multo
1100 4928 1266 4995 magis
1296 4941 1463 4994 pater,
1488 4928 1577 4995 qui
1607 4928 1809 4994 genuit,
1852 4926 1942 4995 qui
1967 4925 2231 4991 educavit,
2259 4926 2347 4993 qui
2370 4940 2492 4979 eum

907 5020 1000 5072 illo
1023 5018 1166 5071 domi
1194 5033 1407 5086 semper
1430 5027 1626 5070 manet.
1656 5018 2111 5085 Quemadmodum
2139 5017 2280 5071 enim
2306 5019 2356 5070 in
2384 5018 2495 5070 suis

904 5110 1111 5162 delictis
1136 5123 1239 5160 non
1265 5116 1440 5176 potest
1463 5108 1528 5161 ad
1558 5109 1958 5161 excusationem
1985 5118 2041 5160 et
2066 5109 2270 5160 veniam
2301 5107 2479 5160 confu-

906 5215 1052 5267 gere,
1084 5200 1153 5251 ita
1182 5215 1279 5251 nec
1308 5200 1358 5252 in
1384 5200 1469 5260 iis,
1492 5214 1610 5268 qum
1638 5198 1730 5251 filii
1762 5198 2095 5267 deliquerint.
2123 5197 2284 5266 quue
2310 5211 2492 5249 rursus

908 5292 1097 5344 beatus
1114 5290 1309 5344 Paulus
1320 5289 1553 5344 declarat
1569 5291 1613 5361 (1
1628 5328 1643 5343 .
1660 5288 1795 5343 Tim.
1813 5289 1865 5342 3.
1884 5290 1955 5358 4).
1973 5290 2104 5343 Cum
2118 5290 2259 5343 enim
2277 5290 2365 5342 ille
2381 5290 2495 5361 lege

907 5380 1143 5435 sanciret
1161 5381 1459 5448 cujnsmodi
1487 5397 1605 5436 esse
1634 5380 1895 5435 deberent
1927 5380 1959 5433 ii
1986 5381 2073 5450 qui
2099 5382 2325 5435 aliorum
2350 5384 2498 5451 priu-

906 5474 1139 5542 cipalmn
1181 5473 1400 5537 adeunt,
1441 5488 1557 5527 cum
1588 5475 1705 5527 aliis
1734 5472 2004 5536 omnibus,
2035 5490 2151 5542 qua:
2177 5473 2280 5526 illis
2312 5489 2498 5527 neces-

909 5567 1050 5619 sario
1078 5567 1251 5622 inesse
1280 5566 1566 5629 debebant,
1592 5565 1820 5620 filiorum
1859 5581 2072 5636 quoque
2096 5582 2279 5620 curam
2306 5568 2491 5635 exigit,

906 5658 1058 5727 quasi
1086 5658 1225 5711 nulla
1245 5658 1351 5726 jam
1381 5659 1579 5727 reliqua
1611 5674 1734 5728 spes
1757 5659 1927 5712 venia:
1955 5659 2045 5722 sit,
2080 5658 2122 5711 si
2150 5659 2224 5711 illi
2255 5660 2494 5728 perversi

906 5749 1105 5805 fuerint
1135 5750 1362 5819 :etjure
1383 5751 1616 5819 quidem.

982 5843 1063 5897 Ea:
1092 5845 1348 5914 praposito
1392 5845 1534 5913 probi
1568 5854 1616 5897 et
1649 5845 1863 5913 improbi
1900 5843 2156 5913 efﬁcimur.
2185 5874 2256 5883 —
2283 5842 2416 5898 Nam
2449 5843 2494 5896 si

912 5955 971 5990 ex
1004 5948 1186 5992 natura
1221 5939 1343 5992 vitia
1375 5938 1682 5995 hominibus
1705 5938 1963 6005 inessent,
2000 5936 2189 5994 merito
2224 5935 2489 6008 quispiam

4058 549 4157 603 εεδ

2583 650 2650 704 ad
2679 652 3076 707 excusationem
3097 653 3403 723 confugeret
3435 672 3446 707 :
3476 656 3728 722 quoniam
3751 669 3927 712 autem
3956 677 4017 715 cx
4046 678 4159 730 pro-

2586 743 2759 808 posito
2795 751 2849 796 ct
2891 743 3119 811 improbi
3159 756 3213 800 et
3244 747 3390 813 probi
3428 744 3711 809 efficimur,
3757 762 3913 815 quam
3952 752 4159 805 tandem

2586 832 2673 886 ille
2703 834 3099 889 excusationem
3147 839 3340 905 poterit
3379 836 3688 902 obtendere,
3720 838 3806 903 qui
3848 854 4006 905 quem
4046 860 4161 896 om-

2585 926 2731 975 nium
2774 926 3005 980 maxime
3043 926 3234 997 diligit,
3268 932 3497 996 perverti
3539 942 3693 997 atque
3724 929 4026 996 improbum
4052 933 4164 988 fieri

2586 1017 2862 1084 permisit?
2884 1019 2964 1070 An
2991 1020 3132 1085 quod
3162 1022 3393 1075 noluerit
3418 1039 3538 1075 eum
3564 1022 3781 1091 probum
3811 1020 4073 1075 reddere?
4100 1027 4166 1078 At

2586 1122 2765 1171 nemo,
2794 1110 2882 1176 qui
2930 1119 3079 1176 pater
3107 1112 3194 1174 sit,
3233 1112 3347 1165 hzee
3386 1114 3610 1175 dixerit,
3642 1129 3761 1166 cum
3793 1122 3977 1164 natura
4010 1109 4168 1168 instet

2584 1196 2649 1249 ad
2684 1198 2783 1249 hoc
2804 1196 3038 1250 officium
3076 1197 3222 1251 illum
3262 1216 3431 1269 usque
3458 1205 3725 1257 excitans.
3758 1203 3860 1257 Sed
3901 1199 4036 1253 forte
4060 1218 4168 1255 non

2586 1288 2796 1357 potuit?
2827 1286 3009 1357 Neque
3040 1288 3138 1341 hoc
3159 1288 3263 1341 dici
3293 1301 3469 1357 potest
3499 1310 3511 1343 :
3546 1310 3667 1347 nam
3695 1293 3837 1362 quod
3867 1307 3987 1347 eum
4018 1299 4169 1344 tene-

2590 1396 2706 1433 rutn
2733 1381 3021 1447 acceperit,
3050 1388 3103 1433 et
3129 1379 3272 1448 quod
3311 1382 3512 1448 primus
3542 1392 3595 1435 et
3634 1385 3780 1438 solus
3815 1386 3866 1437 in
3896 1399 3988 1437 sua
4017 1390 4167 1451 pote-

2588 1481 2727 1526 state
2755 1481 2809 1525 et
2848 1472 2947 1525 sibi
2980 1473 3322 1526 commissum
3363 1470 3632 1536 habuerit,
3674 1488 3989 1544 semperque
4027 1471 4171 1526 domi

2587 1575 2914 1626 versantem,
2958 1564 3110 1618 facile
3150 1579 3214 1619 ac
3258 1563 3404 1617 nullo
3444 1563 3657 1631 negotio
3695 1564 3868 1632 ipsum
3907 1563 4171 1618 moderari

2589 1654 2776 1721 potuit.
2820 1653 3002 1722 Itaque
3038 1654 3181 1707 nulla
3221 1654 3323 1707 alia
3361 1652 3429 1707 de
3468 1666 3625 1706 causa
3658 1655 3892 1719 perversi
3942 1653 4173 1707 evadunt

2592 1745 2764 1808 liberi,
2787 1746 2889 1798 nisi
2910 1748 3052 1815 quod
3080 1756 3257 1814 patres
3283 1748 3421 1800 circa
3446 1745 3723 1817 praesentis
3746 1746 3866 1798 vita:
3892 1746 4173 1799 conunoda

2593 1836 2877 1889 insaniant.
2905 1834 3038 1888 Cum
3069 1837 3215 1890 enim
3243 1837 3311 1890 ad
3346 1838 3436 1890 illa
3475 1837 3647 1890 solum
3675 1835 3980 1903 respiciant,
4012 1836 4172 1889 nihil-

2592 1942 2696 1995 que
2739 1925 2846 1979 illis
2877 1926 3267 1995 pneferendum
3304 1937 3579 1992 censeant,
3611 1935 3665 1981 et
3703 1940 3853 1979 suun
3898 1928 4093 1994 pariter
4119 1936 4176 1979 et

2593 2017 2880 2071 liberorum
2921 2018 3153 2070 animam
3194 2018 3462 2086 negligere
3500 2026 3776 2087 c0guntur.
3811 2016 3917 2069 llos
3948 2032 4048 2085 ego
4076 2033 4176 2085 pa-

2593 2116 2720 2168 tres,
2761 2105 2902 2173 quod
2950 2120 3111 2159 nemo
3160 2113 3337 2158 tamen
3379 2122 3467 2159 me
3511 2107 3586 2159 ira
3634 2113 3957 2159 commotum
3996 2105 4177 2158 dicere

2590 2198 2877 2260 existimet,
2899 2197 3128 2249 filiorum
3149 2197 3477 2250 occisoribus
3498 2199 3866 2252 sceleratiores
3891 2211 4008 2250 esse
4024 2197 4178 2251 dixe-

2590 2288 2711 2341 rim.
2740 2287 2820 2340 Illi
2854 2290 3000 2342 enim
3027 2302 3222 2355 corpus
3250 2289 3319 2341 ab
3342 2287 3523 2341 anima
3559 2300 3829 2358 separant,
3861 2289 3944 2340 isti
3980 2297 4031 2341 et
4058 2288 4177 2339 ani-

2592 2393 2735 2432 mam
2763 2388 2817 2433 et
2854 2394 3050 2447 corpus
3088 2380 3346 2446 gehennte
3385 2378 3522 2446 ignis
3564 2379 3797 2432 tradunt.
3838 2378 3983 2431 Illam
4015 2390 4179 2446 porro

2598 2479 2823 2523 mortem
2867 2470 3092 2522 naturali
3126 2470 3241 2539 lege
3288 2469 3468 2524 subire
3496 2484 3721 2523 necesse
3748 2480 3852 2534 est,
3884 2470 4017 2523 hanc
4046 2484 4179 2523 vero

2592 2560 2829 2629 effugere
2860 2560 3077 2625 licebat,
3106 2560 3207 2613 nisi
3234 2561 3400 2629 ipsam
3442 2569 3652 2628 patrum
3692 2561 4006 2629 negligentia
4038 2560 4181 2613 intu-

2592 2649 2761 2703 lisset.
2790 2650 2867 2703 Ad
2899 2652 3012 2703 hare
3034 2661 3259 2705 mortem
3281 2650 3517 2717 corporis
3544 2649 3836 2704 adveniens
3858 2650 4181 2703 resurrectio

2590 2743 2697 2796 cito
2723 2742 2905 2796 delere
2937 2744 3167 2810 poterit,
3199 2743 3391 2795 anima:
3418 2756 3545 2795 vero
3570 2741 3842 2794 interitum
3873 2742 4001 2795 nihil
4030 2740 4178 2794 sola-

2592 2834 2733 2887 bitur
2765 2850 2779 2887 :
2812 2849 2985 2903 neque
3014 2833 3158 2888 enim
3187 2834 3334 2888 salus
3372 2832 3515 2886 illam
3544 2842 3827 2900 exceptura
3860 2842 3961 2895 est,
3988 2847 4180 2884 verum

2591 2925 2922 2980 immortales
2947 2925 3037 2979 ille
3064 2939 3250 2996 prunas
3277 2923 3580 2979 necessario
3607 2924 3732 2977 luet.
3758 2922 3935 2991 Itaque
3962 2939 4065 2975 non
4096 2922 4181 2974 in-

2588 3017 2726 3086 juria
2750 3026 2924 3084 patres
2946 3014 3249 3084 hujusmodi
3273 3016 3505 3069 filiorum
3534 3014 3859 3069 occisoribus
3880 3013 4182 3067 deteriores

2593 3125 2715 3163 esse
2742 3108 3060 3162 dixerimus.
3092 3107 3207 3161 Non
3236 3112 3306 3160 ita
3335 3107 3553 3161 crudele
3580 3106 3785 3159 facinus
3810 3115 3909 3166 est,
3939 3104 4177 3173 gladium

2593 3213 2786 3252 acuere
2814 3207 2867 3251 et
2906 3212 3112 3252 armare
3151 3197 3448 3259 dexteram,
3476 3197 3635 3266 inque
3672 3196 3847 3263 ipsum
3880 3196 3971 3247 lilii
3995 3203 4180 3264 guttur

2594 3294 2932 3359 immergere,
2964 3302 3021 3344 ut
3044 3292 3277 3354 animam
3310 3290 3575 3358 perimere
3604 3298 3764 3355 atque
3792 3302 4134 3355 corrumpere
4160 3303 4175 3338 :

2594 3398 2768 3451 neque
2796 3382 2941 3436 enim
2966 3381 3091 3435 huic
3116 3380 3337 3434 facinori
3365 3395 3461 3448 par
3492 3378 3765 3447 quidpiam
3794 3386 3895 3430 est.

2663 3474 2716 3531 5.
2753 3472 2895 3527 Varii
2938 3473 3117 3527 salutis
3162 3475 3372 3541 gradus.
3402 3500 3474 3510 —
3498 3469 3636 3537 Quid
3681 3470 3877 3537 igitur?
3914 3483 3982 3520 an
4013 3467 4058 3520 is
4084 3468 4179 3536 qui

2590 3567 2863 3622 civitatem
2888 3565 3095 3627 incolit,
3126 3564 3215 3632 qui
3235 3562 3450 3616 domum
3479 3561 3638 3614 habet
3658 3572 3711 3613 et
3738 3575 3976 3615 uxorem.
3998 3561 4179 3613 salvus

2592 3675 2713 3716 esse
2744 3674 2848 3713 non
2892 3658 3126 3726 poterit?
3154 3656 3294 3710 Sane
3337 3671 3440 3707 non
3476 3668 3611 3706 unus
3640 3653 3827 3705 salutis
3857 3650 4044 3703 modos
4070 3660 4178 3715 est,

2594 3765 2782 3805 verum
2815 3749 2968 3802 multi
2997 3761 3061 3800 ac
3087 3745 3240 3799 varii.
3266 3742 3423 3811 Quod
3463 3742 3674 3811 quidem
3715 3740 3957 3795 Christus
3988 3738 4179 3792 indefi-

2595 3843 2705 3897 nite
2727 3842 2889 3902 dicit,
2922 3839 3117 3893 multas
3147 3836 3355 3890 scilicet
3379 3848 3499 3888 esse
3527 3831 3667 3900 apud
3698 3832 3911 3884 l'atrem
3935 3830 4177 3883 mansio-

2594 3947 2691 3985 nes
2713 3930 3059 3997 pronuntians
3076 3944 3091 3992 ;
3107 3926 3303 3980 Paulus
3317 3939 3442 3977 vero
3458 3938 3577 3975 cum
3594 3921 3933 3973 distinctione
3948 3918 4175 3987 quadam

2599 4022 2669 4074 ita
2691 4020 2904 4073 scribit:
2924 4018 3037 4070 Alia
3066 4016 3270 4070 claritas
3295 4014 3439 4078 solis,
3470 4012 3572 4064 alia
3597 4010 3804 4062 claritas
3824 4009 3978 4071 tunc,
4006 4018 4052 4059 et
4076 4009 4182 4059 alia

2593 4112 2799 4164 claritas
2828 4108 3081 4163 stellarum
3105 4122 3122 4159 :
3142 4107 3287 4160 stella
3314 4109 3446 4158 enim
3466 4120 3496 4155 a
3515 4102 3659 4155 stella
3682 4098 3851 4165 diﬂ'ert
3879 4100 3929 4151 in
3950 4098 4183 4151 claritate

2595 4202 2673 4270 (1.
2697 4200 2804 4254 Cor.
2846 4201 2926 4255 I5.
2950 4200 3010 4252 Li
3027 4199 3066 4266 ).
3089 4195 3240 4261 Quod
3256 4205 3433 4249 autem
3460 4194 3587 4248 dicit
3612 4190 3915 4260 hujusmodi
3943 4199 4025 4241 est
4053 4207 4065 4241 :
4087 4190 4178 4242 alii

2592 4290 2806 4360 quidem
2833 4289 3106 4357 fulgebunt
3128 4298 3182 4340 ut
3202 4287 3303 4349 sol,
3326 4284 3412 4337 alii
3439 4283 3653 4344 utluna,
3672 4282 3759 4332 alii
3784 4291 3838 4331 ut
3863 4278 4049 4331 stella).
4072 4276 4181 4331 Sed

2594 4396 2702 4435 non
2720 4382 2803 4436 hic
2818 4383 2966 4434 stetit
2980 4379 3300 4439 differentia,
3320 4377 3413 4430 sed
3432 4376 3483 4428 in
3502 4374 3585 4426 his
3602 4372 3729 4440 ipsis
3748 4387 3988 4437 magnam
4007 4380 4182 4422 osten-

2594 4473 2670 4526 dit
2685 4488 2804 4527 esse
2822 4472 3153 4535 varietatem,
3175 4474 3480 4532 tantamque
3496 4471 3744 4531 quantam
3768 4462 3818 4514 in
3840 4471 3985 4513 tanto
4004 4462 4184 4513 stella-

2596 4578 2714 4615 rum
2741 4574 2965 4614 numero
2990 4559 3297 4625 contingere
3325 4570 3418 4624 par
3436 4562 3535 4606 est.
3565 4551 3729 4606 Stella
3755 4552 3905 4614 enim,
3932 4551 4122 4617 inquit,
4148 4567 4181 4601 a

2594 4654 2742 4708 stella
2758 4650 2925 4717 diﬂ'ert
2945 4652 2996 4703 in
3012 4650 3255 4703 claritate.
3273 4645 3543 4715 Perpende
3564 4644 3720 4713 igitur
3736 4660 3763 4695 a
3779 4646 3908 4697 solis
3927 4641 4181 4709 magnitu-

2598 4744 2722 4797 dine
2750 4742 2816 4796 ad
2840 4741 3076 4794 ultimam
3100 4740 3370 4793 stellarum
3394 4737 3706 4799 decurrens,
3732 4737 3784 4788 in
3804 4744 3930 4803 quot
3955 4731 4182 4800 dignita-

2601 4847 2709 4888 tum
2740 4834 2933 4903 gradus
2957 4831 3252 4886 descendas
3277 4835 3538 4899 Oportcat.
3557 4825 3834 4893 Quomodo
3864 4840 3968 4877 non
3990 4826 4180 4875 absur-

2598 4926 2721 4979 dum
2754 4925 2805 4977 id
2832 4922 3008 4983 fuerit,
3032 4920 3172 4991 quod
3202 4921 3247 4973 si
3275 4921 3327 4972 in
3353 4918 3549 4987 regiam
3578 4917 3742 4971 filium
3770 4916 4019 4977 adducas,
4048 4912 4177 4965 nihil

2600 5032 2703 5070 non
2729 5030 2854 5085 agas
2878 5024 2931 5068 et
2960 5014 3198 5084 patiaris.
3224 5013 3501 5080 ipsumque
3528 5011 3593 5064 ad
3616 5010 3753 5063 idem
3778 5006 4071 5060 faciendum
4101 5006 4180 5057 in-

2600 5108 2783 5171 ducas,
2812 5113 2868 5159 ut
2910 5121 3101 5172 nempe
3130 5104 3238 5172 regi
3278 5118 3305 5153 a
3339 5102 3502 5156 latere
3532 5103 3698 5171 possit
3722 5114 3863 5159 esse,
3899 5112 3996 5149 nec
4026 5112 4085 5149 ea
4112 5096 4179 5150 de

2600 5213 2758 5252 causa
2789 5198 3059 5266 quidpiam
3086 5194 3458 5263 subterf:.gias,
3485 5209 3589 5247 non
3620 5200 3883 5257 sumptus,
3905 5204 4008 5239 non
4041 5189 4179 5255 peri-

2600 5292 2739 5351 cula,
2772 5307 2878 5344 non
2903 5296 3129 5343 mortem
3159 5286 3355 5354 ipsam;
3384 5302 3503 5340 eum
3532 5294 3707 5337 autetu
3744 5280 3970 5334 cmlcstis
3997 5280 4176 5332 militia

2602 5382 2755 5437 nobis
2798 5377 3185 5435 consideranda
3231 5387 3284 5430 et
3329 5376 3625 5446 expetenda
3669 5379 4012 5442 proponatur,
4045 5370 4175 5423 nihil

2600 5475 2786 5528 doleas
2822 5472 2864 5524 si
2908 5480 3204 5523 extremum
3234 5470 3485 5523 sortiatur
3517 5468 3714 5527 locum,
3748 5464 3917 5531 sitque
3943 5463 4179 5515 omnium

2602 5562 2964 5621 novissimus?
2991 5562 3207 5629 Verum,
3236 5563 3280 5615 si
3309 5562 3399 5615 tibi
3425 5560 3654 5621 videtur,
3686 5566 3737 5609 et
3765 5556 3864 5610 hoc
3892 5557 4063 5625 ipsum
4094 5553 4179 5605 in-

2602 5658 2910 5726 spieiamus,
2958 5671 3082 5709 num
3124 5656 3187 5719 is,
3230 5655 3318 5723 qui
3368 5655 3418 5705 in
3461 5650 3636 5705 medio
3684 5665 3857 5703 rerum
3908 5656 4167 5704 versatur,

2603 5749 2770 5819 possit
2797 5748 2939 5801 illam
2970 5758 3169 5803 sortem
3201 5743 3443 5813 adipisci.
3489 5742 3677 5795 Beatus
3722 5741 3935 5811 quidem
3981 5736 4175 5790 Paulus

2605 5841 2816 5896 brevem
2846 5840 2913 5896 de
2943 5839 3044 5893 hoc
3084 5837 3402 5892 sententiam
3444 5834 3577 5899 tulit,
3610 5848 3807 5902 eosque
3852 5830 3939 5899 qui
3981 5826 4175 5880 habent

2608 5947 2821 6000 uxores,
2856 5948 2960 5987 non
2987 5931 3139 5984 aliter
3163 5928 3339 5983 salvos
3358 5942 3477 5981 esse
3504 5941 3659 5998 posse
3686 5920 3992 5985 declaravit,
4023 5934 4175 5988 quam
