4454 6702
306 566 353 591 υς
368 560 415 589 ιο)

304 653 397 705 διὰ.
422 650 635 705 πάντων
664 654 741 717 είς
783 652 1113 722 θεογνωσίαν
1169 648 1403 701 κελεύων
1430 650 1581 719 άγειν
1623 648 1837 710 αὐτούς.
1868 646 1977 699 Καὶ

308 740 495 803 αὐτοῖς
515 740 570 792 δὲ
606 744 715 801 τοῖς
757 740 987 800 παιδίοις
1036 735 1206 788 πολλὰ
1240 736 1365 805 περὶ
1407 738 1514 789 τῶν
1572 733 1977 807 γεγεννηκότων

306 828 506 893 αὐτοὺς
532 829 893 891 διατάττεται,
928 825 1054 886 τοὺς
1090 823 1188 893 μὲν
1215 824 1469 889 εὐνοϊκῶς
1494 822 1871 895 διακειμένους
1902 838 1979 872 τι-

310 916 449 985 μῶν,
485 916 724 978 κολάζων
763 917 818 968 δὲ
851 913 978 973 τοὺς
1000 909 1343 979 ἀγνώμονας,
1374 914 1467 967 καί
1497 913 1671 982 ταύτῃ
1691 908 1855 962 πάλιν
1885 908 1979 959 αὐ-

304 1006 434 1068 τοῦς
458 1004 859 1073 ποθεινοτέρους
880 1002 992 1060 τοῖς
1015 1000 1439 1070 φυτευσαμένοις
1470 998 1835 1053 ποιῶν.⁸⁸οταν
1872 996 1976 1067 γάρ

304 1109 452 1157 τινος
483 1095 681 1163 ποιήσῃ
715 1107 797 1152 τις
832 1090 980 1158 ἡμᾶς
1018 1090 1254 1159 κυρίους,
1280 1092 1543 1162 μεγίστην
1573 1090 1707 1160 ἡμῖν
1734 1088 1976 1158 ἀνάγκην

304 1180 406 1249 τῆς
422 1180 561 1250 ὐπέρ
582 1177 745 1231 αὐτοῦ
770 1177 1027 1245 προνοίας
1046 1179 1321 1250 ἐπιτίθησι
1340 1179 1439 1249 τὴν
1471 1179 1657 1247 τιμήν·
1680 1177 1774 1229 καί
1798 1176 1904 1248 γὰρ
1928 1179 1976 1230 εἰ

310 1266 479 1335 μηδὲν
506 1266 714 1334 ἕτερον.
749 1262 910 1316 τοῦτο
941 1264 1071 1333 γοῦν
1115 1268 1261 1337 ἡμᾶς
1311 1263 1635 1332 δυσωπῆσαι
1679 1264 1882 1330 ἱκανὸν,
1917 1264 1977 1316 τὸ

306 1354 486 1405 πάντα
524 1351 592 1403 τά
624 1351 830 1404 ἐκείνου
860 1354 916 1405 ἐν
938 1357 1057 1417 ταῖς
1087 1356 1383 1425 ἡμετέραις
1424 1350 1637 1404 κεῖσθαι
1668 1351 1845 1423 χερσὶ,
1883 1352 1976 1404 καί

305 1439 407 1490 οὐκ
445 1437 511 1489 ἂν
540 1437 905 1510 ἀνασχοίμεθα
930 1441 1219 1513 προδοῦναι
1248 1439 1457 1508 ταχέως
1488 1437 1578 1489 16v
1603 1438 1775 1501 οῦτως
1817 1441 1973 1507 ἐμπι-

307 1523 598 1577 στευθέντα
630 1527 778 1595 ἡμῖν’
793 1527 921 1580 ὅταν
939 1528 995 1580 δὲ
1021 1529 1160 1598 μετά
1193 1526 1350 1579 τοῦτο
1366 1526 1459 1577 καὶ
1476 1524 1861 1594 συνοργίζηται
1884 1524 1977 1576 καί

304 1611 586 1681 ἀγανακτῇ
618 1613 774 1667 πλέον
791 1615 898 1667 τῶν
920 1614 1263 1683 ὑϐρισμένων
1294 1610 1494 1675 αὐτῶν,
1515 1612 1609 1664 καὶ
1632 1611 1866 1680 χαλεπὸς
1893 1610 1977 1677 γί-

304 1715 465 1767 νηται
490 1702 749 1773 τιμωρὸς,
800 1704 893 1756 καί
954 1702 1126 1770 ταύτῃ
1156 1701 1290 1753 πολύ
1311 1700 1470 1753 πλέον
1494 1699 1802 1767 ἐφέλκεται·
1838 1699 1977 1769 ὅπερ

302 1779 398 1836 οὖν
416 1786 639 1857 ἐποίησε
686 1791 779 1841 καὶ
814 1790 841 1839 6
888 1788 1042 1852 Θεός.
1075 1787 1219 1858 Πρὸς
1252 1788 1464 1849 τούτοις
1502 1788 1594 1839 καὶ
1622 1787 1712 1839 τὸν
1742 1786 1851 1840 ἀπὸ
1878 1787 1975 1855 τῆς

304 1870 522 1937 φύσεως
542 1876 722 1945 τρίτον
740 1878 986 1947 ἐπήγαγε
1008 1874 1227 1944 δεσμὸν,
1248 1874 1371 1926 εἰδὲ
1404 1873 1605 1943 βούλει,
1624 1873 1974 1942 πρῶτον.Καί

306 1958 395 2013 ἵνα
429 1962 526 2029 μὲν
564 1963 673 2016 τῶν
708 1962 1149 2035 προσταγμάτων
1180 1962 1343 2015 αὐτοῦ
1379 1962 1454 2031 μὴ
1494 1961 1903 2033 καταφρονῶσιν
1926 1964 1973 2014 οἱ

303 2047 559 2119 πατέρες,
606 2050 951 2122 κελευόμενοι
979 2050 1198 2120 τρέφειν
1226 2050 1353 2111 τοὺς
1389 2050 1604 2113 παῖδας,
1623 2050 1718 2117 τὴν
1748 2050 1855 2102 ἀπὸ
1875 2048 1975 2118 τῆς

304 2134 521 2202 φύσεως
532 2137 799 2207 ἐπέθηκεν
824 2136 1218 2207 ἀνάγκην.⁸’1να
1240 2135 1297 2188 δὲ
1323 2138 1395 2206 μή
1416 2153 1545 2188 ποτε
1571 2138 1689 2198 ταῖς
1718 2136 1825 2188 τῶν
1849 2136 1976 2189 παί-

299 2221 408 2275 δων
441 2223 660 2295 ῦϐρεσιν
692 2224 1057 2297 ἀσθενεστέρα
1092 2223 1360 2293 γενομένη
1394 2223 1532 2292 αῦτη
1561 2223 1974 2293 διαρῤήγνυται,

300 2310 402 2380 τήν
430 2327 488 2362 τε
519 2313 646 2381 παρ’
663 2311 826 2364 αὐτοῦ
849 2312 943 2365 καί¹
967 2310 1064 2381 τὴν
1084 2310 1405 2381 παράὐτῶν
1434 2311 1541 2363 τῶν
1562 2308 1977 2379 γεννησαμένων

300 2396 603 2466 ἐπετείχισε
628 2397 917 2468 τιμωρίαν,
934 2398 1029 2450 καί⁵
1049 2396 1270 2460 τούτους
1291 2396 1427 2465 μετά
1451 2396 1735 2467 ἀκριϐείας
1751 2395 1981 2448 ὐποτάσ-

304 2500 414 2536 σων
462 2483 679 2553 πολλῆς,
714 2484 985 2537 κάκείνων
1020 2484 1191 2555 ταύτῃ
1227 2484 1510 2555 διεγείρων
1547 2484 1638 2537 τὸν
1678 2483 1862 2539 πόθον.
1900 2486 1977 2537 Οὐ

301 2570 475 2643 ταύτῃ
499 2571 555 2623 δὲ
581 2571 764 2641 μόνον,
784 2570 918 2625 ἀλλά
951 2572 1046 2624 καὶ
1069 2572 1239 2643 ἑτέρῳ
1260 2572 1505 2642 τετάρτῳ
1530 2572 1716 2642 τρόπῳ
1738 2571 1980 2643 σφοδρῶς

299 2660 451 2728 ἡμᾶς
478 2660 573 2712 καὶ
600 2659 737 2730 μετά
759 2660 1047 2731 ἀκριϐείας
1074 2660 1260 2723 αὐτοῖς
1286 2659 1595 2728 συνέδησεν.
1617 2659 1690 2711 Οὐ
1724 2660 1831 2728 γὰρ
1852 2660 1978 2721 τούς

303 2745 497 2807 παῖδας
531 2746 689 2815 μόνον
725 2747 928 2810 κακοὺς
962 2746 1059 2816 μὲν
1083 2744 1242 2807 ὄντας
1273 2746 1401 2815 περὶ
1422 2746 1547 2808 τοὺς
1580 2745 1978 2815 γεγεννηκότας

303 2831 545 2899 κολάζει,
567 2834 883 2903 γινομένους
914 2833 971 2885 δὲ
997 2833 1236 2901 ἀγαθοὺς
1255 2834 1599 2903 ἀποδέχεται,
1625 2832 1760 2885 ἀλλὰ
1778 2833 1872 2885 καὶ
1887 2833 1979 2884 ἐπὶ

301 2920 412 2973 τῶν
430 2920 679 2991 πατέρων
696 2920 755 2972 τὸ
777 2920 907 2973 αὐτὸ
928 2919 992 2991 δὴ
1016 2919 1175 2973 τοῦτο
1197 2923 1357 2981 ποιεῖ,
1375 2919 1617 2982 κολάζων
1645 2920 1739 2981 μὲν
1768 2918 1979 2988 πικρῶς

299 3009 429 3070 τοὺς
444 3005 779 3077 ἀμελοῦντας
808 3007 1008 3069 αὐτῶν,
1035 3008 1213 3078 τιμῶν
1246 3006 1303 3059 δὲ
1331 3008 1423 3059 καὶ
1442 3006 1679 3059 ἐπαινῶν
1702 3008 1825 3067 τοὺς
1863 3008 1981 3058 ἐπι-

305 3094 692 3164 μελουμένους.
712 3095 821 3146 Καὶ
839 3094 948 3163 γάρ
965 3095 1054 3145 16v
1073 3094 1385 3165 πρεσϐύτην
1401 3093 1610 3157 τοῦτον,
1623 3093 1798 3145 καίτοι
1814 3091 1981 3146 τᾶλλα

302 3181 433 3234 ὄντα
465 3180 737 3252 λαμπρὸν,
770 3182 880 3234 ἀπὸ
904 3182 1113 3252 ταύτης
1135 3182 1234 3251 τῆς
1270 3182 1564 3251 ὀλιγωρίας
1597 3182 1982 3251 ἐτιμωρήσατο

307 3268 496 3337 μόνης,
528 3268 623 3321 καὶ
652 3267 743 3320 τὸν
763 3268 1112 3339 πατριάρχην
1142 3268 1198 3321 δὲ
1226 3268 1335 3321 τῶν
1354 3268 1529 3323 ἄλλων
1563 3269 1662 3339 οὐχ
1687 3263 1849 3340 ἦττον
1874 3270 1982 3322 ἀπὸ

304 3356 509 3423 ταύτης
536 3356 761 3425 ἐτίμησε
780 3357 879 3427 τῆς
896 3357 1171 3427 προνοίας·
1192 3356 1367 3423 λέγων
1390 3357 1499 3427 γὰρ
1532 3358 1631 3419 τὰς
1659 3356 1857 3420 πολλὰς
1887 3359 1980 3410 καί

308 3444 551 3514 μεγάλας
566 3443 774 3515 δωρεάς
814 3444 1050 3509 ἐκείνας,
1076 3443 1142 3507 ἃς
1182 3445 1448 3512 ὐπέσχετο
1471 3444 1660 3497 δώσειν
1689 3444 1861 3514 αὐτῷ,
1885 3447 1981 3499 καὶ

305 3529 404 3603 τὴν
431 3530 611 3584 αἰτίαν
629 3530 821 3594 τιθεὶς,
847 3530 1051 3600 ταύτην
1087 3530 1271 3582 ἐτίθει’
1297 3532 1504 3602 ’ῌδειν
1526 3531 1653 3601 γὰρ.
1676 3532 1860 3601 φησὶν,
1890 3532 1981 3585 ὅτι

304 3617 597 3682 συντάξει
631 3618 885 3685 Ἀϐραὰμ
918 3617 1045 3681 τοῖς
1066 3616 1217 3680 υἱοῖς
1232 3617 1439 3679 αὑτοῦ,
1466 3618 1564 3670 καί
1592 3618 1671 3682 τῷ
1708 3620 1853 3682 οικῳ
1878 3621 1983 3671 αὐ·

306 3704 415 3758 τοῦ
426 3706 553 3773 μετ’
572 3704 778 3767 αὐτὸν,
793 3703 892 3756 καί
917 3703 1259 3772 φυλάξουσι
1283 3704 1389 3768 τὰς
1413 3702 1592 3769 ὁδοὺς
1618 3705 1841 3771 Κυρίου
1873 3705 1981 3759 τοῦ

308 3792 479 3855 Θεοῦ,
513 3791 707 3844 ποιεῖν
758 3790 1155 3857 δικαιοσύνην
1186 3790 1283 3842 καὶ
1322 3791 1544 3857 κρίσιν.
1588 3790 1774 3844 Ταῦτα
1801 3791 1858 3844 δέ
1892 3809 1983 3861 μοι

308 3880 527 3950 εἴρηται
555 3877 672 3941 νῦν,
704 3878 791 3930 ῖνα
834 3877 1099 3949 μάθωμεν
1132 3878 1214 3930 δτι
1258 3878 1358 3930 οὐκ
1386 3877 1525 3930 οἴσει
1558 3878 1749 3947 πράως
1776 3880 1804 3930 6
1852 3880 1983 3942 Θεὸς

306 3966 696 4037 ἀμελουμένων
720 3965 825 4017 τῶν
841 3965 983 4018 οῦτω
1002 3964 1481 4035 περισπουδάστων
1494 3976 1518 4004 α
1536 3965 1702 4035 αὐτῷ.
1719 3967 1854 4019 Οὐδὲ
1875 3968 1984 4038 γάρ

307 4055 427 4106 ἐστι
456 4052 553 4106 τοῦ
582 4051 748 4105 αὐτοῦ
788 4051 1025 4104 τοσαῦτα
1059 4053 1156 4122 μὲν
1187 4051 1327 4121 ὑπὲρ
1353 4052 1451 4120 τῆς
1482 4052 1687 4104 τούτων
1727 4069 1983 4123 πραγμα-

307 4140 566 4194 τεύεσθαι
606 4140 899 4211 σωτηρίας,
934 4140 1459 4210 τ-ταταφρονουμένων
1488 4139 1546 4191 δὲ
1566 4138 1745 4192 αὐτῶν
1779 4140 1983 4193 τούτων

310 4230 580 4301 παρορᾷν.
623 4229 697 4281 Οὐ
722 4228 899 4281 τοίνυν
934 4228 1271 4297 περιόψεται,
1297 4226 1432 4280 ἀλλά
1468 4228 1559 4279 καὶ
1590 4228 1979 4297 ἀγανακτήσει,

309 4317 409 4370 καὶ
444 4316 708 4386 ὁργιεῖται
748 4315 1018 4386 σφοδρῶς,
1049 4314 1299 4385 καθάπερ
1344 4314 1721 4367 ἀποδέδεικται
1757 4314 1843 4367 διά
1875 4316 1982 4368 τῶν

309 4406 658 4474 πραγμάτων
700 4403 899 4457 αὐτῶν.
938 4402 1036 4455 Διά
1084 4401 1242 4454 τοῦτο
1282 4402 1375 4454 καὶ
1407 4404 1435 4455 6
1472 4400 1738 4472 μακάριος
1772 4401 1984 4464 Παῦλος

312 4493 572 4562 παραινεῖ
592 4490 826 4559 συνεχῶς
855 4490 1048 4558 λέγων·
1070 4492 1131 4542 οι
1164 4486 1434 4557 πατέρες,
1461 4488 1775 4557 ἐκτρέφετε
1808 4488 1877 4541 τὰ
1902 4488 1984 4541 τέ-

311 4596 429 4633 κνα
474 4579 543 4631 ἐν
580 4578 814 4643 παιδείᾳ
860 4578 957 4630 καὶ
1010 4578 1300 4642 νουθεσίᾳ
1329 4578 1571 4645 Κυρίου.
1601 4578 1663 4630 Εἰ
1696 4578 1802 4647 γάρ
1825 4580 1985 4647 ἡμεῖς

312 4668 612 4734 ἀγρυπνεῖν
643 4664 781 4733 ὑπὲρ
800 4663 906 4715 τῶν
934 4663 1121 4732 ψυχῶν
1156 4664 1335 4716 αὐτῶν
1374 4664 1707 4735 κελευόμεθα
1738 4666 1813 4727 ὡς
1831 4665 1984 4733 λόγον

312 4752 701 4813 ἀποδώσοντες,
741 4748 919 4818 πολλῷ
958 4749 1155 4819 μᾶλλον
1190 4751 1219 4801 6
1251 4751 1432 4821 πατὴρ
1458 4753 1485 4803 6
1523 4752 1987 4822 γεννησάμενος,ὁ

315 4838 679 4911 θρεψάμενος,
708 4838 736 4889 6
761 4836 1111 4889 συνοικοῦντα
1130 4836 1267 4905 ἔχων
1290 4836 1601 4900 διαπαντός.
1640 4839 1847 4907 ’Ὠσπερ
1870 4835 1983 4907 [83]

315 4926 424 4996 γὰρ
439 4927 531 4978 ἐπὶ
558 4925 666 4977 τῶν
683 4924 895 4977 οἰκείων
930 4924 1341 4993 ἁμαρτημάτων
1375 4924 1474 4975 οὐκ
1510 4924 1621 4993 ἕχει
1657 4926 1987 4991 καταφυγεῖν

316 5016 397 5077 είς
421 5014 717 5082 ἀπολογίαν
747 5014 841 5067 καὶ
866 5011 1217 5080 συγγνώμην,
1249 5012 1419 5073 οὕτως
1439 5012 1559 5064 οὐδέ
1582 5013 1722 5081 ὑπὲρ
1750 5012 1857 5064 τῶν
1877 5014 1988 5074 τοῖς

319 5103 507 5154 παισὶν
546 5100 1029 5172 ἁμαρτανομένων.
1072 5098 1182 5151 Καὶ
1214 5098 1370 5150 τοῦτο
1426 5100 1587 5151 πάλιν
1633 5102 1661 5151 6
1722 5098 1988 5169 μακάριος

321 5190 533 5252 Παῦλος
567 5190 867 5258 κατέστησε
899 5187 1149 5257 φανερόν.
1182 5185 1506 5252 Νομοθετῶν
1537 5188 1645 5257 γὰρ
1667 5187 1882 5249 ὁποίους
1910 5204 1986 5238 τι·

320 5277 416 5338 νὰς
452 5272 589 5328 εἶναι
618 5276 723 5345 χρὴ
739 5276 865 5337 τοὺς
894 5274 987 5325 ἐπὶ
1007 5274 1103 5343 τὴν
1122 5271 1415 5323 τῶνᾶλλων
1436 5273 1767 5343 ἐρχομένους
1793 5272 1987 5344 ἀρχὴν,

325 5365 462 5433 μετὰ
477 5362 584 5414 τῶν
614 5363 788 5415 ἄλλων
809 5362 1061 5415 ἀπάντων
1088 5359 1195 5413 τῶν
1219 5359 1529 5426 ἀναγκαίως
1544 5362 1727 5424 αὐτοῖς
1749 5360 1989 5429 ὀφειλόν-

322 5468 429 5503 των
467 5452 767 5519 προσεῖναι,
799 5451 895 5503 καὶ
924 5449 1021 5519 τὴν
1049 5448 1158 5501 τῶν
1179 5446 1384 5500 παίδων
1407 5447 1725 5516 ἐπιμέλειαν
1748 5450 1988 5512 ἀπαιτεῖ,

308 5521 399 5604 ’ὡς
423 5539 523 5593 οὐκ
546 5536 711 5606 οῦσης
758 5541 887 5608 ἡμῖν
912 5536 1239 5607 συγγνώμης
1269 5534 1707 5605 διαστραφέντων
1746 5538 1987 5590 ἐκείνων’

326 5630 422 5683 καὶ
453 5627 595 5698 μάλα
626 5625 869 5688 εἰκότως.
914 5629 976 5679 El
1007 5627 1105 5697 μὲν
1149 5627 1257 5697 γάρ
1291 5626 1354 5678 ἐκ
1388 5625 1654 5694 φύσεωςή
1688 5627 1855 5678 κακία
1882 5630 1993 5688 τοῖς

326 5715 633 5790 ἀνθρώποις
659 5713 889 5783 προσῆν,
921 5716 1145 5777 εἰκότως
1167 5716 1232 5769 ἄν
1264 5732 1347 5777 τις
1382 5712 1519 5782 πρὸς
1551 5712 1844 5780 ἀπολογίαν
1863 5732 1993 5767 κατ-

327 5803 589 5874 έφυγενιν
613 5799 800 5870 ἐπειδὴ
824 5800 881 5853 δὲ
908 5803 973 5852 ἐκ
997 5803 1367 5873 προαιρέσεως
1401 5800 1494 5853 καὶ
1521 5797 1711 5868 φαῦλοι
1734 5800 1991 5869 γινόμεθα

393 5945 417 5972 ⁸
438 5941 519 5993 Sic
540 5943 635 5991 duo
656 5954 788 5997 mm,
814 5940 991 5987 mrlius
1018 5951 1159 5998 quam
1193 5940 1341 5987 Savil.
1374 5946 1426 5988 ρῑ
1449 5940 1566 5989 Mor.
1590 5940 1672 6001 quj
1697 5936 1991 6001 habent-16v

328 6006 473 6053 5v1mx
497 6022 685 6067 περισπ.
727 6003 833 6051 Mox
861 6003 1005 6049 iidem
1032 6002 1148 6063 ὑπὲρ
1180 6004 1320 6058 τήν...
1358 5999 1617 6065 σωτηρίανζ
1642 5999 1792 6049 Iidem
1812 5999 1990 6048 τούτων

326 6068 466 6129 πάλιν
497 6073 722 6129 παρορᾲν.
954 6126 993 6129 __
1092 6126 1101 6129 _
1224 6123 1271 6129 __
1324 6123 1334 6129 .
1440 6126 1451 6129 _
1514 6126 1522 6129 -
1956 6074 1961 6078 ‘

394 6128 422 6168 δ
447 6128 528 6177 Sic
552 6123 726 6178 duiu'es
749 6134 929 6190 praeter
953 6126 1123 6175 Morel.
1152 6123 1235 6184 qui
1261 6123 1410 6172 habet
1432 6126 1679 6185 ἀπέφυγεν.

665 6216 936 6275 ΡΑτιιοι..
979 6216 1093 6275 Gn.
1144 6214 1388 6275 XLV“.

1104 533 1473 589 ADVERSUS
1512 530 2068 592 OPPUGNATORES
2108 533 2291 588 “LE
2332 534 2631 593 MONAST.
2674 536 2799 591 LIB.
2843 535 2927 589 Ill.
3642 535 3747 589 7.335

2085 650 2175 701 καὶ
2196 651 2495 717 σπουδαῖοι,
2546 653 2666 705 τίνα
2708 652 2775 704 ἂν
2816 650 2972 718 λόγον
2996 650 3108 721 ἐχοι
3144 650 3498 720 εὐπρόσωπον
3530 650 3752 701 εἰπεῖνό

2082 741 2172 793 τὸν
2198 742 2434 811 μάλιστα
2458 742 2673 797 πάντων
2692 742 3022 812 ποθούμενον
3048 742 3443 813 διαστραφῆναι
3488 740 3580 793 καὶ
3601 741 3753 809 γενέ-

2086 827 2209 881 σθαι
2244 829 2480 899 πονηρὸν
2511 830 2719 898 ἀφιείς;
2748 831 2872 883 Ὅτι
2905 830 3005 882 οὐκ
3056 828 3305 882 ἐϐούλετο
3353 828 3581 897 ποιῆσαι
3619 844 3753 898 χρη-

2085 914 2236 980 στόν;
2282 914 2423 968 Ἀλλ’
2462 916 2635 980 οὐδεὶς
2670 918 2737 970 ἂν
2763 916 2922 969 τοῦτο
2958 917 3101 969 εἴποι
3144 917 3346 985 πατήρ’
3374 917 3407 985 ἡ
3442 915 3551 986 γὰρ
3592 914 3754 981 φύσις

2083 1002 2349 1070 ἐφέστηκε
2387 1002 2523 1073 πρὸς
2565 1004 2720 1056 τοῦτο
2756 1005 2915 1057 αὐτὸν
2940 1004 3282 1074 διεγείρουσα
3310 1002 3568 1072 συνεχῶς.
3613 998 3755 1051 Ἀλλ’

2082 1088 2182 1139 οὐκ
2207 1087 2464 1156 ἡδύνατο;
2501 1090 2639 1142 Ἀλλ’
2676 1092 2796 1144 οὐδέ
2827 1092 3008 1144 τοῦτο’
3042 1092 3133 1144 καὶ
3168 1090 3277 1159 γὰρ
3309 1088 3367 1142 τὸ
3393 1088 3598 1142 ἁπαλὸν
3625 1087 3755 1138 ὄντα

2083 1175 2161 1227 ἐτι
2193 1174 2395 1239 λαϐεῖν,
2422 1178 2515 1230 καὶ
2541 1178 2602 1230 16
2639 1179 2878 1249 πρῶτον,
2910 1180 3004 1232 καὶ
3050 1179 3208 1247 μόνον
3246 1179 3344 1248 τὴν
3385 1176 3635 1243 ἐξουσίαν
3664 1175 3755 1240 ἐγ-

2082 1263 2420 1335 χειρισθῆναι
2471 1265 2570 1337 τὴν
2602 1265 2834 1329 ἐκείνου,
2864 1268 2960 1318 καὶ
2997 1266 3057 1318 τὸ
3086 1265 3378 1327 διαπαντὸς
3411 1264 3552 1332 ἔχειν
3582 1261 3751 1324 ἔνδον,

2084 1354 2272 1423 ῥᾳδίαν
2302 1352 2453 1424 αὐτῷ
2480 1353 2576 1406 καί
2601 1352 2807 1424 σφόδρα
2835 1352 3060 1406 εὔκολον
3092 1355 3237 1425 ποιεῖ
3266 1352 3362 1421 τὴν
3397 1347 3751 1422 προστασίαν.

2083 1440 2246 1492 Ὥστε
2270 1440 2569 1511 οὐδαμόθεν
2589 1451 2609 1479 ε
2649 1440 2745 1511 τὴν
2763 1440 3092 1513 διαστροφὴν
3130 1437 3494 1508 γίνεσθαιτῶν
3526 1434 3752 1494 παίδων,

2083 1526 2195 1577 ἀλλ’
2227 1529 2291 1580 ὲκ
2305 1529 2403 1598 τῆς
2434 1528 2651 1597 περὶτὰ
2672 1529 2900 1597 βιωτικὰ
2934 1530 3149 1599 μανίας·
3181 1530 3242 1581 τὸ
3272 1528 3381 1597 γάρ
3411 1526 3547 1596 πρὸς
3573 1525 3756 1576 ἐκεῖνα

2088 1612 2248 1681 μόνον
2278 1613 2631 1677 ἀποϐλέπειν,
2659 1616 2751 1667 καὶ
2788 1615 2954 1684 μηδὲν
2986 1615 3190 1667 τούτων
3226 1613 3429 1666 ἐθέλειν
3460 1610 3753 1679 προτιμᾷν,

2082 1702 2177 1751 καί
2190 1698 2299 1751 τῶν
2310 1698 2514 1752 παίδων
2534 1699 2672 1769 μετά
2685 1700 2782 1770 τῆς
2803 1700 2983 1753 αὐτῶν
3002 1700 3181 1771 ψυχῆς
3199 1699 3597 1767 ἀναγκάζονται
3622 1698 3759 1763 ἁμε-

2081 1785 2212 1841 λεῖν.
2234 1786 2469 1850 Τούτους
2490 1787 2601 1855 ἐγὼ
2633 1790 2759 1851 τοὺς
2777 1787 3018 1858 πατέρας
3042 1788 3156 1852 (καὶ
3179 1787 3251 1856 μή
3283 1802 3367 1848 τις
3390 1782 3561 1851 θυμοῦ
3594 1781 3654 1832 16
3673 1780 3761 1830 λεο

2080 1875 2308 1944 γόμενον
2329 1871 2467 1927 εἶναι
2491 1874 2778 1945 νομιζέτω)
2798 1876 2891 1929 καὶ
2910 1874 3091 1928 αὐτῶν
3122 1875 3230 1926 τῶν
3258 1871 3618 1926 παιδοκτόνων
3642 1866 3758 1937 χεί-

2086 1980 2209 2034 ρους
2236 1958 2372 2014 εἷναι
2399 1962 2565 2033 φαίην
2586 1962 2670 2017 ἀν.
2689 1964 2916 2015 Ἐκεῖνοι
2932 1963 3028 2031 μέν
3045 1962 3153 2031 γὰρ
3184 1962 3245 2014 τὸ
3274 1961 3434 2031 σῶμα
3458 1960 3555 2028 τῆς
3578 1954 3759 2025 ψυχῆς

2080 2049 2379 2113 διιστῶσιν,
2403 2045 2547 2105 οῦτοι
2566 2050 2623 2102 δὲ
2649 2050 2854 2121 ταύτην
2884 2050 3000 2118 μετ’
3023 2050 3234 2101 ἐκείνου
3264 2049 3521 2117 φέροντες
3549 2046 3627 2107 εἰς
3660 2043 3757 2113 τὴν

2080 2139 2181 2208 τῆς
2212 2139 2436 2209 γεέννης
2453 2138 2786 2209 ἐμϐάλλουσι
2816 2137 3283 2207 πυράν’κάκεῖνον
3312 2136 3408 2206 μὲν
3439 2135 3649 2199 ἀνάγκη
3668 2130 3759 2183 16v

2084 2222 2311 2278 θάνατον
2336 2225 2430 2277 καὶ
2464 2226 2616 2296 παρά
2642 2225 2742 2293 τῆς
2768 2224 2984 2293 φύσεως
3012 2224 3270 2288 δέξασθαι
3295 2223 3535 2284 πάντως,
3571 2218 3758 2272 τοῦτον

2083 2311 2139 2363 δὲ
2180 2312 2303 2380 ἐνῆν
2328 2312 2422 2364 καλ⁸
2453 2312 2755 2380 διαφυγεῖν,
2783 2312 2831 2364 εί
2871 2313 2947 2381 μὴ
2979 2314 3012 2381 ἠ
3046 2311 3151 2363 τῶν
3194 2309 3445 2379 πατέρων
3467 2307 3628 2360 αὐτὸν
3661 2307 3761 2356 ἐπι·

2087 2399 2259 2468 ἠγαγε
2292 2398 2551 2469 ῥᾳθυμία.
2578 2398 2722 2467 Πρδς
2736 2398 2967 2461 τούτοις,
2995 2398 3093 2467 τὴν
3126 2398 3224 2468 μὲν
3271 2396 3365 2448 τοῦ
3388 2394 3638 2464 σώματος
3669 2408 3761 2443 τε-

2085 2486 2279 2556 λευτὴν
2304 2488 2598 2549 ἀνάστασις
2618 2485 2920 2539 ἐπελθοῦσα
2942 2487 3153 2555 ταχέως
3168 2484 3429 2552 ἀφανίσαι
3451 2482 3578 2549 δυνή
3588 2494 3757 2532 σεταν

2085 2574 2182 2643 τὴν
2214 2574 2271 2626 δέ
2290 2573 2391 2643 τῆς
2414 2573 2593 2643 ψυχῆς
2607 2572 2883 2627 ἀπώλειαν
2914 2572 3064 2625 οὐδὲν
3090 2572 3170 2625 ἔτι
3193 2568 3671 2642 παραμυθὴσεται·
3699 2564 3759 2617 οὐ

2085 2661 2195 2732 γὰρ
2210 2662 2453 2731 σωτηρία
2472 2660 2639 2729 αὐτὴν
2659 2660 2962 2729 διαδέχεται
2976 2658 3183 2721 λοιπὸν,
3199 2657 3311 2710 ἀλλ’
3338 2656 3581 2709 ἀθάνατα
3596 2653 3765 2720 ανάγ-

2086 2765 2158 2817 κη
2188 2748 2537 2813 κολάζεσθαι.
2581 2748 2745 2801 Ὥστε
2772 2749 2873 2801 οὐκ
2905 2748 3213 2808 ἀπεικότως
3250 2743 3357 2797 τῶν
3400 2741 3763 2795 παιδοκτιίνων

2084 2837 2212 2899 τοὺς
2235 2836 2513 2898 τοιούτους
2543 2834 2786 2905 πατέρας
2815 2836 3031 2905 χείρους
3069 2833 3135 2886 ἂν
3156 2834 3405 2901 εἴποιμεν
3427 2823 3585 2881 εἶναι.
3631 2825 3764 2879 Οὐδὲ

2086 2923 2195 2993 γάρ
2215 2925 2362 2975 ἐστιν
2383 2921 2525 2974 οὕτω
2539 2921 2708 2973 δεινὸν
2728 2922 2994 2991 ἀκονῆσαι
3017 2919 3187 2988 ξίφος,
3204 2919 3299 2971 καὶ
3318 2915 3497 2981 δεξιάν
3521 2914 3761 2976 ὁπλίσαι,

2088 3011 2181 3061 καὶ
2208 3012 2288 3072 εἰς
2308 3008 2470 3062 αὐτὸν
2485 3007 2579 3061 τοῦ
2606 3008 2796 3071 παιδὸς
2823 3008 3085 3078 βαπτίσαι
3108 3006 3199 3059 τὸν
3228 3004 3442 3074 λαιμὸν,
3473 3002 3547 3064 ὼς
3573 3000 3634 3051 16
3658 2999 3765 3067 ψυ-

2088 3098 2191 3168 χὴν
2208 3097 2473 3153 ἀπολέσαι
2490 3095 2584 3150 καὶ
2600 3097 2931 3166 διαφθεῖραι·
2951 3094 3154 3164 ταύτης
3164 3093 3272 3163 γάρ
3298 3094 3429 3163 ἡμῖν
3464 3090 3575 3142 ἴσον
3591 3087 3763 3144 οὐδέν.

2160 3184 2294 3238 ε’.Τί
2310 3180 2434 3250 οῦν;
2460 3184 2611 3238 πόλιν
2626 3184 2900 3246 οἰκοῦντα,
2920 3182 3207 3236 καὶοίκίαν
3217 3180 3311 3233 καὶ
3326 3180 3556 3246 γυναῖκα
3578 3175 3767 3243 ἔχοντα

2089 3271 2188 3325 οὐκ
2209 3271 2286 3324 ἕνι
2324 3271 2589 3341 σωθῆναι.
2626 3270 2792 3341 (mat;
2828 3270 3078 3324 Μάλιστα
3109 3268 3207 3339 μὲν
3238 3266 3337 3335 οὐχ
3365 3259 3447 3328 εἷς
3492 3261 3767 3332 σωτηρίας

2088 3359 2313 3430 τρόπος,
2333 3358 2469 3410 ἀλλά
2501 3358 2687 3411 πολλοὶ
2714 3358 2806 3410 καί
2848 3357 3118 3425 διάφοροι.
3156 3355 3269 3406 Καὶ
3286 3352 3444 3404 τοῦτο
3476 3349 3626 3416 λέγει
3667 3346 3768 3417 μὲν

2087 3446 2358 3516 ἀορίστως
2394 3447 2423 3497 6
2449 3446 2708 3516 Χριστὸς,
2733 3443 2935 3506 πολλὰς
2967 3441 3106 3496 εἶναι
3139 3440 3306 3512 μονὰς
3334 3435 3766 3507 ἀποφαινόμενος

2089 3531 2239 3603 παρά
2255 3531 2333 3602 τῷ
2358 3531 2550 3602 Πατρί·
2585 3530 2735 3599 λέγει
2761 3530 2817 3583 δὲ
2844 3531 2981 3600 μετά
3004 3526 3285 3599 διορισμοῦ
3307 3541 3451 3588 τινος
3472 3527 3501 3577 6
3531 3522 3764 3585 Παῦλος,

2088 3620 2232 3674 οῦτω
2254 3621 2505 3689 γράφων·
2546 3620 2739 3683 ’Ἄλλη
2771 3617 2921 3681 δόξα
2938 3617 3139 3682 ἡλίου,
3167 3614 3267 3667 καὶ
3286 3613 3448 3678 ἄλλη
3481 3610 3631 3674 δόξα
3660 3624 3764 3662 σε·-

2087 3710 2306 3775 λήνης,
2337 3707 2434 3760 καὶ
2460 3707 2621 3774 ἄλλη
2645 3706 2797 3769 δόξα
2811 3705 3104 3772 ἀστέρων-ο
3139 3701 3336 3769 ἀστὴρ
3375 3698 3489 3768 γὰρ
3512 3696 3768 3765 ἀστέρος

2089 3795 2435 3865 διαφέρειὲν
2462 3794 2636 3863 δόξῃ.
2667 3796 2732 3847 Ὃ
2755 3794 2811 3847 δὲ
2831 3793 3005 3861 λέγει,
3026 3790 3265 3844 τοιοῦτόν
3290 3791 3457 3841 ἐστιν·
3479 3786 3539 3839 Οἰ
3573 3786 3669 3856 μὲν
3693 3784 3769 3848 ὼς

2088 3883 2240 3953 ἥλιος
2273 3882 2602 3952 λάμψουσιν,
2626 3882 2675 3933 οἱ
2696 3880 2753 3933 δὲ
2784 3881 2859 3942 ώς
2900 3879 3180 3948 σελήνη,οἰ
3201 3877 3257 3929 δὲ
3282 3876 3356 3937 ῶς
3386 3873 3631 3943 ἀστέρες.
3658 3871 3766 3924 Καὶ

2089 3971 2209 4025 οὐδὲ
2242 3971 2476 4024 ἐνταῦθα
2505 3970 2636 4041 ἐστη
2659 3970 2757 4039 τῆς
2778 3968 3061 4038 διαφορᾶς,
3082 3965 3216 4018 ἀλλὰ
3238 3965 3330 4017 καὶ
3365 3964 3422 4016 ἐν
3452 3962 3634 4024 αὐτοῖς
3656 3958 3768 4012 τού-

2088 4075 2203 4121 τοις
2234 4056 2433 4128 πολλὴν
2462 4057 2734 4110 δείκνυσιν
2764 4050 2905 4109 εἶναι
2931 4054 3031 4126 τὴν
3061 4050 3355 4120 διαλλαγὴν
3370 4048 3423 4111 ά,
3450 4047 3543 4101 καί
3568 4045 3768 4099 τοσαύ-

2088 4162 2209 4213 την,
2236 4145 2368 4214 ὅσην
2394 4147 2451 4197 ἐν
2482 4142 2701 4217 ἀριθμῷ
2720 4142 2959 4211 τοσούτῳ
2997 4138 3315 4210 συμϐαίνειν
3354 4136 3519 4198 εἰκός.
3555 4134 3769 4201 Ἀστὴρ

2090 4232 2219 4300 γὰρ,
2237 4232 2423 4300 φησιν,
2448 4231 2707 4299 ἀστέρος
2729 4228 2995 4298 διαφέρει
3008 4228 3079 4280 ἐν
3096 4224 3271 4291 δόξῃ.
3290 4224 3572 4291 Ἐννόησον
3591 4220 3768 4273 τοίνυν

2090 4317 2198 4370 ἀπὸ
2209 4318 2301 4370 τοῦ
2318 4317 2544 4389 ἡλιακοῦ
2561 4318 2827 4386 μεγέθους
2844 4317 2976 4387 πρὸς
2988 4315 3076 4367 τὸν
3088 4313 3315 4383 ἔσχατον
3330 4311 3547 4363 πάντων
3565 4309 3771 4379 ἀστέρα

2089 4403 2634 4476 όδεύων,πόσους[84]
2644 4404 2970 4473 ἀξιωμάτων
2985 4400 3228 4471 βαθμοὺς
3240 4397 3590 4451 καταϐαίνειν
3603 4412 3625 4447 ε
3635 4395 3766 4457 ἰκός.

2092 4492 2219 4554 Πῶς
2235 4487 2327 4545 οῦν
2356 4492 2456 4545 οὐκ
2478 4491 2698 4555 ἄτοπον,
2724 4494 2773 4543 εί
2802 4490 2902 4561 μὲν
2924 4490 3004 4552 εἰς
3039 4486 3285 4557 βασίλεια
3308 4498 3330 4524 ο
3351 4486 3443 4538 16v
3476 4484 3591 4535 υἱὸν
3613 4479 3768 4554 ἦγες,

2093 4580 2309 4632 ἅπαντα
2330 4582 2500 4632 ποιεῖν
2515 4596 2571 4632 τε
2585 4581 2679 4631 καὶ
2695 4579 2945 4647 πάσχειν,
2962 4578 3212 4629 κάκεῖνον
3228 4570 3531 4626 ἀναπείθων
3546 4571 3573 4621 6
3580 4570 3770 4640 μοίως,

2092 4666 2233 4719 ὥστε
2252 4667 2413 4720 αὐτὸν
2438 4667 2603 4735 ἐγγὺς
2644 4666 2867 4735 ποιῆσαι
2883 4663 2974 4715 τοῦ
3006 4661 3296 4733 βασιλέως,
3321 4661 3415 4712 καὶ
3445 4656 3611 4727 μηδὲν
3635 4655 3774 4715 ὅλως

2094 4754 2533 4823 ὑπολογίζεσθαι,
2562 4754 2635 4823 μὴ
2657 4752 2922 4820 δαπάνην,
2955 4751 3029 4819 μὴ
3055 4749 3320 4809 κίνδυνον,
3341 4746 3414 4815 μὴ
3436 4744 3664 4797 θάνατον
3676 4741 3774 4794 αὐ-

2093 4844 2203 4894 τόν’
2228 4842 2358 4911 περὶ
2378 4841 2433 4893 δὲ
2464 4841 2565 4908 τῆς
2594 4842 2651 4890 ἐν
2679 4840 2791 4900 τοῖς
2810 4838 3058 4907 οὐρανοῖς
3084 4833 3374 4907 στρατείας
3403 4829 3773 4903 προκειμένης

2095 4930 2226 4998 ἡμῖν
2244 4928 2341 4996 τῆς
2360 4926 2621 4994 σκέψεως,
2644 4925 2719 4995 μὴ
2734 4925 2940 4994 ἀλγεῖν,
2962 4925 3011 4976 εί
3028 4923 3118 4976 16v
3136 4922 3358 4992 ἔσχατον
3372 4920 3522 4973 λάϐοι
3544 4919 3563 4958 ί
3584 4920 3643 4971 τό
3653 4934 3767 4979 πον,

2096 5016 2187 5066 καὶ
2212 5014 2427 5067 πάντων
2442 5013 2671 5075 ὕστατος
2694 5012 2906 5080 γένοιτο
2924 5029 2938 5075 ;
2959 5012 3101 5081 Πλὴν
3118 5010 3254 5073 ἀλλ’,
3276 5012 3323 5061 εί
3341 5010 3508 5073 δοκεῖ,
3528 5009 3621 5061 καί
3639 5006 3771 5059 αὐτὸ

2092 5102 2249 5154 τοῦτο
2274 5103 2493 5171 ἴδωμεν,
2517 5103 2563 5154 εἰ
2580 5102 2804 5153 δυνατὸν
2824 5103 2914 5153 τὸν
2931 5104 2989 5152 ἐν
3014 5101 3162 5169 μέσῳ
3188 5100 3550 5169 στρεφόμενον
3568 5097 3773 5167 ταύτην

2094 5189 2223 5256 γοῦν
2256 5189 2354 5259 τὴν
2382 5188 2535 5258 λῆξιν
2571 5188 2772 5241 λαϐεῖν.
2814 5188 2875 5239 Ὀ
2929 5186 3029 5256 μὲν
3078 5185 3188 5256 γὰρ
3237 5187 3512 5256 μακάριος
3557 5184 3770 5248 Παῦλος

2095 5278 2413 5347 ἀπεφήνατο
2441 5280 2496 5328 ἐν
2515 5276 2708 5346 βραχεῖ
2730 5292 2793 5326 πε
2804 5275 2853 5345 ρὶ
2877 5273 3088 5339 τούτου,
3113 5273 3208 5326 καὶ
3236 5273 3363 5335 τούς
3382 5273 3480 5335 τάς
3506 5274 3773 5339 γυναῖκας

2097 5364 2319 5435 ἔχοντας
2340 5366 2438 5417 οὐκ
2464 5364 2665 5434 ἔφησεν
2692 5363 2865 5424 ἄλλως
2889 5363 2917 5402 ⁸
2947 5360 3204 5415 δύνασθαι
3236 5359 3525 5423 σώζεσθαι,
3556 5360 3695 5429 πλὴν
3721 5360 3769 5412 εί

2102 5452 2177 5523 μὴ
2205 5452 2376 5517 οῦτως
2408 5452 2577 5513 αὐτὰς
2616 5451 2789 5519 ἔχοιεν
2817 5450 2891 5513 ὡς
2932 5451 3033 5503 οὐκ
3074 5449 3307 5518 ἔχοντες,
3345 5446 3542 5517 καὶτῷ
3580 5447 3770 5515 κόσμῳ

2103 5543 2177 5611 μὴ
2199 5540 2574 5613 παραχρῶντο.
2611 5540 2801 5609 Ἡμεῖς
2840 5539 2896 5592 δὲ
2927 5538 3075 5598 αὐτὸ,
3107 5540 3153 5589 εἰ
3181 5536 3380 5607 βούλει,
3413 5538 3507 5591 καὶ
3528 5537 3603 5605 τῷ
3629 5536 3768 5605 λόγῳ

2100 5629 2434 5699 ἐπέλθωμεν.
2460 5628 2643 5696 Ἔχεις
2677 5622 2770 5679 οῦν
2798 5628 2990 5688 εἰπεῖν,
3020 5626 3100 5677 ὅτι
3128 5623 3160 5693 ἢ
3186 5623 3277 5676 σοῦ
3314 5622 3767 5695 συμϐουλεύοντος

2165 5770 2317 5843 ξεῖ)υο
2337 5780 2450 5815 mss.
2478 5766 2735 5827 οὐδαμόθεν
2768 5765 3005 5827 ἑτέρωθεν.
3032 5763 3214 5812 Ullima
3240 5777 3329 5813 vox
3362 5776 3457 5812 non
3483 5762 3693 5812 habetur
3718 5765 3769 5812 in

2099 5831 2313 5940 edﬂiii
2334 5890 2512 5946 πολλὴν
2535 5888 2730 5937 δίδωσιν
2752 5888 2869 5936 εἶναι
2893 5888 2979 5945 τήν
3012 5888 3283 5947 ἐναλλαγήν.

2166 5955 2295 6029 εβὶσ
2339 5966 2464 6000 unus
2498 5958 2655 6010 recte,
2693 5956 2841 6011 alque
2883 5952 2951 5999 ita
2983 5949 3111 6011 legit
3144 5946 3457 6010 Ambrosius;
3483 5946 3566 5997 alii
3593 5950 3656 6004 εἰς
3678 5950 3766 6013 βα-

2100 6018 2253 6063 (πλέα.

2168 6076 2187 6114 ί
2216 6078 2321 6123 huo
2340 6088 2453 6123 mss.
2484 6075 2639 6136 λάχοι.

2165 6141 2189 6179 ⁸
2215 6138 2365 6188 Iidem
2390 6138 2477 6185 οὐκ
2498 6135 2676 6198 ἀφῆκεν
2699 6135 2868 6193 ἄλλως.

3173 6203 3253 6263 20
