4532 6740
481 578 587 633 357

481 694 527 747 si
550 708 641 748 eas
669 695 739 751 ita
767 696 1021 756 baberent
1049 710 1315 770 tamquam
1340 716 1443 754 non
1474 700 1749 768 habentes,
1779 711 1835 756 et.
1860 701 2059 755 mundo

483 801 589 839 non
620 788 983 846 abuterentur.
1017 792 1125 847 Nos
1150 800 1350 855 autem,
1382 791 1425 844 si
1455 792 1643 860 placet.
1674 793 1774 845 hoc
1797 791 2061 860 disquira-

484 890 622 932 mus.
653 880 879 937 Potesne
901 882 1103 946 dicere,
1130 881 1215 934 vel
1239 890 1291 935 te
1311 893 1563 936 monente
1581 882 1848 937 audivisse
1877 883 2059 948 lilium,

483 972 624 1026 vela
655 975 831 1044 seipso
858 974 1143 1034 didicisse,
1187 986 1309 1026 eum
1349 975 1439 1043 qui
1469 974 1646 1043 jurat,
1694 975 1901 1028 etiamsi
1942 992 2061 1030 cum

485 1066 690 1119 ratione
718 1066 877 1136 iuret,
912 1064 1079 1115 Deum
1109 1073 1284 1118 tamen
1309 1064 1620 1120 offendere?
1644 1067 1725 1121 An
1757 1068 1881 1123 item
1904 1084 2025 1123 eum
2046 1110 2061 1133 ,

485 1156 574 1223 qui
606 1157 913 1223 iujuriarum
944 1154 1255 1208 reetirdatur
1276 1196 1288 1220 ,
1342 1156 1548 1211 salvum
1581 1174 1701 1213 esse
1738 1176 1841 1213 non
1871 1157 2066 1229 posse?

487 1267 607 1304 nam
648 1250 782 1312 Vitr,
834 1249 1032 1317 inquit,
1074 1250 1444 1305 recordantium
1479 1253 1717 1323 injurias,
1760 1254 1826 1305 od
1856 1263 2067 1305 mortem

490 1340 669 1411 (Prov.
704 1339 787 1391 12.
820 1337 937 1406 28).
971 1341 1052 1393 An
1076 1382 1088 1405 ,
1121 1341 1259 1410 quod
1293 1344 1610 1399 maledicum
1640 1346 1708 1398 ita
1736 1344 2064 1397 dehonestaâ€”

487 1429 620 1482 verit
649 1428 805 1490 Deus,
840 1437 896 1481 ut
921 1443 1041 1482 eum
1072 1446 1101 1484 a
1125 1431 1318 1487 divinae
1347 1437 1635 1504 Scriptura:
1658 1434 1886 1486 lectione
1912 1446 2067 1483 arce-

488 1516 606 1570 ret?
633 1532 720 1582 an,
753 1518 892 1584 quod
914 1530 1251 1591 arrogantem
1278 1532 1331 1577 et
1354 1524 1797 1577 contumeliosum
1829 1522 1893 1574 de
1925 1520 2069 1573 cmlis

488 1606 843 1662 exturbaverit
864 1649 881 1676 ,
930 1621 980 1664 et
1008 1613 1265 1683 gehenna:
1297 1614 1433 1681 ignis
1460 1611 1777 1664 tradiderit?
1803 1626 1891 1672 an,
1926 1610 2067 1679 quod

488 1714 608 1751 eum
636 1700 725 1767 qui
751 1698 1035 1769 impudicis
1064 1704 1284 1770 reSpicit
1310 1701 1500 1765 oculis,
1533 1700 1685 1769 quasi
1712 1715 1836 1753 vere
1857 1699 2068 1753 adulte-

490 1802 607 1840 rum
635 1792 853 1856 puniat?
878 1795 962 1846 An
990 1793 1240 1861 frequens
1272 1791 1397 1844 illud
1424 1798 1479 1843 el
1501 1791 1748 1845 omnibus
1770 1791 1923 1844 facile
1946 1805 2069 1858 pec-

489 1888 665 1933 catum
688 1922 703 1945 ,
753 1885 1022 1952 proximos
1065 1896 1256 1950 nempe
1287 1882 1528 1949 judicare
1551 1891 1604 1936 et
1629 1884 1707 1935 sic
1734 1882 1944 1950 gravius
1970 1880 2069 1935 sibi

492 1972 808 2041 supplicium
836 1975 1125 2038 attrahere,
1158 1982 1215 2027 ut
1250 1972 1457 2042 fugeret
1484 1974 1756 2039 monuisti,
1787 1983 1841 2028 et
1871 1974 2015 2043 leges
2040 1989 2071 2026 a

492 2061 706 2119 Christo
735 2066 835 2120 hac
863 2067 929 2121 de
956 2081 1014 2119 re
1055 2063 1256 2133 positas
1282 2064 1382 2132 ipsi
1409 2064 1619 2133 legisti?
1641 2082 1707 2118 an
1736 2074 1791 2118 tu
1830 2066 1963 2134 ipse,
2003 2079 2070 2118 ne

491 2156 537 2208 si
556 2158 813 2211 evsistant
833 2156 1069 2227 quidctn,
1094 2155 1273 2208 nosti?
1293 2156 1531 2223 Quonam
1555 2174 1681 2228 ergo
1702 2159 1859 2213 modo
1879 2158 2072 2225 poterit

493 2261 555 2299 ea
584 2248 723 2302 filius
751 2250 1006 2318 perlicere
1024 2276 1048 2309 ,-
1068 2261 1295 2316 quorum
1325 2263 1423 2301 nec
1450 2259 1597 2317 pater
1627 2250 1739 2317 ipse
1758 2293 1773 2315 ,
1801 2251 1889 2318 qui
1921 2249 2067 2302 illum

493 2338 706 2393 erudire
747 2339 1037 2402 debuerat,
1091 2337 1236 2407 leges
1282 2339 1462 2390 novit?
1506 2341 1677 2407 Atque
1722 2342 1920 2392 utinam
1969 2337 2073 2392 hoc

494 2427 669 2481 solum
694 2427 872 2481 datnui
903 2426 1117 2480 adeSset
1137 2466 1151 2491 ,
1183 2426 1322 2496 quod
1349 2427 1479 2480 nihil
1510 2428 1636 2481 utile
1663 2438 1838 2496 patres
1865 2426 2073 2480 consilii

493 2518 702 2583 darent,
733 2533 838 2571 non
868 2527 1070 2571 tantum
1104 2518 1283 2587 utique
1311 2518 1508 2571 malum
1530 2527 1672 2571 esset
1697 2536 1708 2569 :
1734 2531 1871 2570 nunc
1897 2524 2072 2569 autem

493 2623 586 2662 eos
614 2608 679 2661 ad
703 2608 971 2662 centraria
1001 2622 1218 2676 prorsus
1246 2608 1534 2677 impellitis.
1562 2607 1743 2677 Neque
1767 2608 1906 2661 enim
1932 2605 2076 2660 aliud

494 2712 672 2770 patres
701 2701 885 2755 audias
926 2715 1046 2754 cum
1079 2701 1201 2755 filiis
1234 2708 1462 2755 tractare
1481 2741 1496 2764 ,
1525 2716 1646 2754 cum
1686 2716 1777 2755 eos
1807 2700 1871 2753 ad
1900 2698 2074 2753 studia

493 2791 760 2843 literarum
803 2789 1084 2844 hortantur
1104 2833 1119 2857 ,
1153 2791 1255 2845 nisi
1284 2793 1440 2846 verba
1474 2790 1776 2860 hujusmodi
1805 2808 1817 2842 :
1843 2790 1965 2857 lile,
1994 2791 2076 2844 in-

494 2882 639 2950 quit,
682 2880 932 2948 humilis,
981 2882 1271 2953 humilique
1315 2883 1434 2937 loco
1474 2893 1666 2949 natus,
1717 2882 2072 2951 eloquentiam

493 2974 737 3041 adeptus,
765 2988 1004 3028 summos
1026 2976 1365 3044 magistratus
1385 2976 1634 3042 obtinuit,
1658 2974 1868 3029 divitias
1887 2974 2073 3044 aequi-

494 3065 618 3118 sivit
644 3065 905 3135 ingentes,
950 3081 1170 3120 uxorem
1216 3067 1364 3121 duxit
1396 3068 1723 3136 opulentam,
1767 3065 2076 3135 splendidas

492 3158 786 3211 construxit
808 3158 971 3223 mdes,
1002 3159 1246 3213 omnibus
1269 3161 1456 3213 terrori
1484 3169 1584 3225 est,
1614 3168 1668 3214 et
1694 3159 1861 3228 gloria
1889 3157 2072 3227 fulget.

492 3249 644 3303 Alius
680 3265 890 3304 rursum
916 3270 929 3304 :
954 3249 1078 3312 Ille,
1131 3251 1329 3320 inquit,
1361 3251 1548 3305 Latina
1587 3251 1764 3321 lingua
1804 3250 2072 3317 eruditus,

493 3341 547 3393 in
573 3342 717 3409 regia
743 3341 1073 3395 clarissimus
1092 3352 1192 3408 est,
1216 3350 1512 3411 cunctaque
1542 3342 1684 3395 intus
1713 3340 2069 3395 administrat.

494 3431 565 3486 Et
585 3433 719 3486 alius
745 3434 905 3487 alium
932 3450 1116 3488 rursus
1154 3435 1419 3501 ostendit,
1461 3434 1745 3504 cunctique
1782 3448 1875 3488 eos
1900 3434 1990 3504 qui
2018 3435 2071 3488 in

497 3532 636 3578 terra
663 3524 899 3594 insignes
926 3535 1048 3579 sunt
1078 3536 1393 3591 memorant,
1420 3526 1714 3580 cmlestium
1734 3534 1908 3579 autem
1933 3525 2073 3578 nulla

494 3628 715 3682 usquam
747 3616 974 3676 mentio;
1006 3616 1111 3668 imo
1132 3615 1176 3668 si
1197 3615 1317 3684 quis
1337 3615 1424 3668 illa
1446 3630 1868 3671 commemorare
1888 3630 2074 3686 aggre-

491 3702 689 3767 diatur,
722 3713 780 3757 ut
807 3706 894 3774 qui
924 3715 1115 3760 cuncta
1144 3714 1434 3775 pervertat,
1465 3708 1693 3776 ejicitur.

564 3796 617 3850 6.
649 3796 780 3850 Cum
812 3798 972 3867 igitur
998 3813 1027 3850 a
1059 3799 1319 3869 principio
1351 3800 1465 3853 hinc
1496 3800 1601 3854 illis
1623 3799 1877 3853 occinatis
1902 3840 1915 3863 ,
1940 3798 2073 3853 nihil

493 3886 634 3940 aliud
657 3903 751 3942 eos
780 3904 937 3959 quam
967 3890 1205 3944 omnium
1235 3891 1499 3945 malorum
1532 3892 1803 3946 materiam
1827 3892 2030 3946 docetis
2052 3930 2068 3957 ,

493 3978 629 4033 duos
657 3979 1071 4035 violentissimos
1097 3997 1311 4037 amores
1336 3982 1697 4049 insinuantes,
1733 3984 2070 4052 pecuniarum

494 4068 635 4136 dico,
667 4079 720 4125 et
748 4071 836 4140 qui
869 4072 1024 4141 longe
1040 4073 1270 4143 iniquior
1284 4085 1387 4141 est,
1407 4090 1555 4128 vana:
1576 4073 1849 4143 inanisque
1867 4074 2070 4143 glorim.

493 4156 692 4212 [lorum
723 4176 851 4214 vero
880 4161 1135 4216 alteruter
1167 4178 1259 4231 per
1284 4178 1343 4218 se
1380 4164 1525 4217 Solus
1550 4172 1737 4218 cuncta
1770 4173 2075 4231 pervertere

493 4257 842 4317 potest:cum
872 4266 1048 4305 autem
1079 4254 1237 4307 ambo
1266 4252 1319 4306 in
1352 4263 1583 4307 teneram
1607 4252 1817 4321 juvenis
1840 4253 2072 4307 animam

493 4338 803 4407 conï¬‚uunt,
848 4342 999 4410 quasi
1048 4342 1264 4412 quidam
1308 4352 1567 4397 torrentes
1618 4343 1885 4410 conjuncti
1934 4343 2073 4399 bena

492 4433 671 4485 omnia
696 4445 1076 4503 corrumpunt,
1123 4444 1322 4489 tantam
1356 4436 1461 4489 vim
1503 4436 1775 4504 spinarum
1804 4436 1821 4467 â¸
1859 4446 1913 4490 et
1951 4452 2072 4493 are-

493 4538 594 4587 nm,
630 4534 826 4578 tantum
853 4528 1133 4581 colluviem
1161 4527 1556 4593 contrahentes,
1591 4536 1643 4581 ut
1672 4530 1903 4582 animam
1932 4529 2074 4583 illam

494 4614 765 4679 sterilem,
812 4614 1230 4683 infructuosam,
1281 4618 1538 4688 bonisque
1575 4619 1819 4672 omnibus
1856 4636 2074 4674 vacuam

492 4703 748 4757 efficiant.
796 4705 996 4759 Horum
1040 4716 1207 4761 testes
1249 4724 1368 4763 esse
1396 4720 1617 4778 possunt
1654 4710 1819 4765 exteri
1860 4727 2075 4780 quoque

494 4795 818 4861 scriptores:
842 4810 1066 4863 quorum
1089 4812 1224 4850 unus
1244 4798 1469 4852 alterum
1490 4797 1735 4854 aï¬‚â€™ectutn
1752 4840 1767 4864 ,
1808 4814 1913 4852 non
1954 4816 2075 4855 cum

496 4891 600 4942 alio
623 4892 862 4957 junctum
888 4932 903 4956 ,
937 4888 1030 4943 sed
1060 4905 1153 4958 per
1182 4906 1239 4945 se
1266 4891 1438 4945 solum
1460 4934 1475 4957 ,
1506 4906 1683 4947 arcem
1701 4933 1715 4957 ,
1744 4893 1878 4948 alius
1905 4909 2035 4947 vero
2057 4935 2072 4960 ,

495 4993 655 5053 caput
682 4984 937 5036 tnalorum
968 4983 1217 5051 appellat.
1250 4983 1401 5049 Quod
1446 4984 1491 5036 si
1536 4995 1841 5053 separatum
1872 5000 1967 5039 arx
1995 4996 2079 5041 est

497 5082 547 5125 ct
571 5083 748 5142 caput,
780 5088 899 5126 cum
927 5072 1060 5126 alius
1087 5072 1245 5141 longe
1270 5072 1484 5141 gravior
1512 5082 1567 5127 et
1597 5076 1863 5141 potentior
1888 5091 2074 5129 acces-

498 5165 648 5229 surit,
674 5166 858 5218 insana
882 5178 1071 5232 nempe
1100 5163 1285 5232 gloria:
1308 5163 1522 5231 cupido,
1547 5174 1600 5218 et
1620 5180 1739 5218 eum
1764 5166 1855 5220 illo
1880 5166 2082 5220 violen-

502 5263 581 5306 ter
610 5256 857 5321 irruerit,
893 5254 1202 5323 radicesque
1237 5256 1507 5319 posuerit,
1536 5267 1695 5325 atque
1718 5257 1932 5327 juvenis
1961 5260 2079 5312 ani-

502 5360 643 5397 mum
684 5347 1061 5416 occupaverit,
1109 5346 1227 5416 quis
1265 5347 1481 5401 domum
1526 5350 1787 5417 ejusmodi
1832 5351 2076 5405 morbum

501 5452 748 5492 amovere
789 5439 993 5508 possit,
1025 5453 1145 5491 eum
1189 5438 1418 5491 maxime
1460 5449 1640 5506 patres
1682 5441 1815 5510 ipsi,
1865 5457 1972 5495 non
2024 5450 2081 5494 ut

502 5526 829 5595 evellantur,
875 5530 967 5585 sed
1012 5537 1070 5583 ut
1099 5529 1333 5582 firmiora
1360 5528 1466 5581 sint
1496 5528 1610 5582 haec
1639 5532 1775 5584 mala
1803 5533 2041 5600 germina
2060 5573 2076 5598 ,

506 5616 637 5671 nihil
670 5633 771 5671 non
802 5634 961 5689 agant
991 5632 1044 5677 et
1072 5622 1288 5678 dicant?
1333 5620 1463 5687 Quis
1508 5621 1667 5690 igitur
1707 5623 1841 5676 adeo
1888 5624 2080 5678 stultus

502 5719 606 5772 est,
638 5718 695 5760 ut
726 5724 830 5761 non
859 5711 1108 5781 desperet
1134 5714 1199 5769 de
1227 5713 1398 5767 salute
1425 5712 1571 5780 pueri
1599 5711 1663 5764 ad
1692 5710 1831 5766 hunc
1863 5714 2079 5768 modum

504 5800 768 5856 instituti?
793 5799 1093 5870 Optandum
1120 5816 1201 5861 est
1228 5806 1457 5859 animam
1479 5803 1759 5858 contrariis
1784 5804 1947 5858 rebus
1974 5804 2078 5859 itu-

570 5939 585 5968 á½·
621 5946 727 5986 llaec
744 5935 913 5999 verba,
934 5941 1113 5999 tantum
1137 5937 1229 5999 vim
1249 5937 1513 5999 spinarum,
1537 5937 1711 5988 desunt
1744 5936 1793 5983 iu
1826 5933 1989 5984 Morel.
2032 5949 2081 5991 ex

504 6002 662 6060 Savil.,
687 6000 772 6049 sed
796 5998 1034 6047 habentur
1057 5998 1107 6046 in
1129 5998 1317 6049 duobus
1341 6009 1443 6051 Mss.

1175 590 1538 645 ADVERSUS
1576 590 2117 646 Olâ€™PUGNATURES
2148 591 2326 647 Î½Î¹Ï„á½³Îµ
2367 592 2660 648 MONAST.
2692 593 2820 649 LIB.
2865 593 2948 647 Ill.

3642 596 3744 651 333

2167 705 2343 759 limam
2367 721 2393 757 a
2418 704 2614 759 malitia
2641 722 2699 761 se
2723 706 3050 761 subducere:
3069 705 3282 774 quando
3307 715 3480 759 autem
3510 707 3738 776 undique

2166 796 2389 849 illieiunt
2432 798 2779 865 pecuniarum
2836 798 3087 867 praemia,
3137 807 3192 853 et
3244 796 3489 851 scelerati
3536 799 3632 851 viri
3676 802 3777 863 ad,

2169 887 2479 941 imitandum
2510 902 2899 956 proponuntur,
2927 903 3167 955 qumnam
3201 888 3388 941 salutis
3413 902 3536 956 spes
3556 902 3745 956 supcr-

2167 977 2286 1030 est?
2313 976 2448 1031 Nam
2480 991 2607 1043 eos,
2638 979 2723 1047 qui
2758 978 3097 1047 pecuniarum
3126 992 3317 1033 amore.
3358 988 3607 1032 tenentur
3632 1020 3647 1041 ,
3696 990 3749 1030 et

2170 1067 2397 1132 invidos,
2426 1074 2482 1120 ct
2508 1067 2774 1137 improbos
2803 1078 2858 1123 et
2879 1068 3102 1122 multum
3124 1066 3385 1136 jurantes,
3405 1078 3459 1121 et
3482 1069 3744 1136 pet'jurosâ€˜,

2169 1155 2584 1211 contumeliosos
2602 1159 2748 1221 item,
2776 1158 2936 1222 fures,
2967 1156 3368 1221 inverecondos,
3393 1158 3745 1225 impudentes,

2170 1246 2437 1316 ingratos,
2465 1248 2695 1317 denique
2719 1250 2865 1303 omni
2900 1252 3130 1319 nequitia
3168 1250 3354 1319 plenos
3386 1264 3504 1302 esse
3530 1262 3749 1301 necesse

2169 1348 2270 1390 est.
2314 1337 2515 1390 Horum
2555 1338 2704 1392 testis
2737 1337 2837 1391 fide
2880 1340 3070 1407 dignus
3094 1351 3176 1394 est
3215 1342 3400 1394 beatus
3440 1338 3633 1392 Paulus
3671 1342 3746 1408 (1.

2170 1424 2301 1480 Tim.
2320 1429 2500 1498 6.10),
2529 1443 2618 1498 qut
2652 1429 2881 1484 radicem
2898 1429 3130 1483 omnium
3151 1430 3409 1483 malorum
3431 1444 3548 1482 esse
3576 1430 3747 1479 ÎµÎ¹Î½Î¹Î¹Î½á¿—-

2174 1520 2295 1572 tiam
2330 1521 2464 1573 dixit
2488 1538 2502 1575 :
2526 1531 2579 1574 et
2605 1530 2730 1575 ante
2758 1522 2927 1589 ipsmn
2955 1520 3196 1575 Christus
3226 1520 3274 1573 id
3306 1521 3475 1589 ipsum
3503 1519 3747 1572 deeiara-

2170 1618 2318 1663 verat
2346 1609 2556 1680 (Matth.
2605 1609 2657 1665 6.
2700 1610 2793 1677 24)
2815 1652 2830 1673 ,
2872 1627 3190 1664 asseverans
3218 1626 3324 1663 non
3355 1624 3475 1663 esse
3504 1608 3752 1676 possitne

2170 1700 2282 1754 Deo
2309 1703 2509 1756 servire
2532 1718 2653 1756 eunt
2680 1744 2693 1766 ,
2725 1706 2814 1771 qui
2845 1703 2917 1755 illi
2944 1704 3129 1756 morbo
3154 1703 3397 1757 serviret.
3432 1700 3561 1756 Cum
3596 1701 3752 1767 á¼°Ï‚Î¹Î¹Î¹Î¹Î¹Î‡

2173 1790 2324 1844 initio
2345 1791 2557 1860 juvenis
2582 1793 2647 1845 ad
2678 1792 2815 1847 hanc
2851 1795 3028 1847 statim
3067 1793 3360 1848 adducatur
3398 1797 3706 1847 servitutem
3732 1832 3747 1857 ,

2173 1881 2385 1949 quando
2412 1882 2547 1937 liber
2571 1883 2793 1937 evadere
2824 1885 3049 1954 poterit,
3100 1884 3309 1953 quando
3344 1884 3560 1937 lluctum
3593 1884 3753 1940 susti-

2174 1988 2322 2037 nere,
2349 1975 2596 2029 omnibus
2628 1976 2968 2043 pollentibus,
3002 1976 3253 2030 omnibus
3279 1975 3712 2044 immergeutibus
3735 2014 3751 2039 ,

2172 2074 2225 2116 et
2254 2064 2303 2116 in
2334 2074 2590 2118 extremm
2618 2066 3002 2120 submersiouis
3029 2069 3399 2121 necessitatem
3424 2066 3595 2135 ipsum
3621 2080 3752 2118 con-

2172 2154 2559 2208 stituentibus?
2606 2155 2737 2208 Nam
2775 2157 2855 2221 si,
2898 2157 3044 2209 nullo
3073 2158 3413 2225 perint-hante
3436 2198 3452 2223 ,
3496 2157 3540 2211 si
3574 2156 3755 2209 multis

2172 2259 2389 2297 manum
2414 2245 2827 2315 porrigentibus,
2861 2261 3135 2317 emergere
3170 2247 3339 2318 possit
3370 2262 3434 2301 ac
3457 2246 3754 2315 reSpicere,

2172 2336 2530 2407 vitiorumque
2548 2339 2869 2408 salsuginem
2888 2339 3129 2404 abluere,
3150 2354 3326 2393 annon
3347 2338 3579 2408 optabile
3596 2336 3752 2391 illud?

2174 2424 2252 2488 si,
2281 2426 2523 2496 inquam,
2556 2426 2714 2497 longo
2736 2436 2977 2498 tempore
3004 2430 3196 2483 divinis
3221 2439 3532 2484 cxcantatus
3559 2428 3756 2482 carmi-

2177 2514 2372 2580 nibus,
2430 2515 2726 2571 incidentes
2773 2518 2991 2572 morbos
3044 2519 3212 2588 possit
3258 2519 3523 2587 abjicere,
3579 2533 3756 2572 nouae

2179 2602 2515 2673 laudandus,
2574 2621 2752 2661 nonne
2808 2607 3004 2662 tnillies
3052 2608 3391 2662 coronandus
3441 2608 3567 2662 est?
3617 2607 3755 2661 Dura

2175 2694 2372 2763 quippe
2424 2705 2506 2749 est
2561 2696 2932 2763 consuetudo,
3000 2697 3133 2751 dura
3201 2707 3254 2751 et
3315 2696 3383 2750 ad
3442 2697 3755 2751 vincendum

2172 2786 2595 2855 capiendumque
2638 2790 2868 2841 animam
2913 2796 3251 2858 comparata,
3292 2803 3412 2841 cuin
3462 2788 3756 2857 ptâ€˜errtim

2176 2876 2292 2931 hare
2330 2881 2655 2950 voluptatem
2694 2880 3011 2949 adjutrieem
3042 2880 3252 2943 haheat,
3288 2880 3373 2934 illa
3404 2896 3530 2934 vero
3558 2877 3755 2941 virtus,

2172 2966 2240 3021 ad
2262 2984 2421 3037 quam
2450 2969 2782 3036 festinamus,
2815 2985 2972 3040 quam
2996 2971 3254 3040 attingere
3281 2969 3556 3023 Studetnus
3576 3010 3589 3032 ,
3620 2970 3757 3021 inul-

2178 3068 2261 3112 tos
2286 3060 2438 3114 nobis
2470 3060 2638 3130 pariat
2667 3061 2895 3115 labores.
2921 3060 3122 3115 Idcirco
3148 3062 3305 3125 Deus,
3341 3060 3597 3125 liebrtnis,
3624 3074 3760 3127 quos

2176 3150 2457 3218 Oportebat
2498 3152 2746 3205 vitiorum
2804 3162 3039 3205 veterem
3089 3151 3525 3204 consuetudinem
3590 3149 3758 3218 depo-

2177 3256 2327 3306 nere,
2353 3258 2469 3311 quae
2496 3257 2688 3312 nempe
2718 3243 2769 3296 itt
2800 3241 3032 3313 ASgypto
3055 3242 3369 3306 didicerant,
3407 3240 3630 3295 seorsim
3660 3240 3761 3292 alio

2176 3331 2352 3387 ductis
2383 3334 2435 3387 iu
2464 3334 2836 3398 solitudinem,
2868 3343 2921 3388 et
2944 3348 2974 3387 a
3016 3332 3415 3402 corruptoribus
3445 3332 3631 3401 procul
3675 3345 3760 3384 se-

2175 3426 2428 3495 gregatis,
2480 3425 2531 3478 in
2579 3425 2793 3479 deserto
2834 3440 2932 3479 ceu
2982 3425 3036 3478 in
3084 3423 3315 3494 quodam
3365 3423 3687 3477 monasterio
3739 3422 3756 3455 â¸

2175 3533 2362 3571 eorum
2403 3516 2710 3572 instituebat
2752 3518 2983 3581 animos,
3032 3517 3175 3571 viam
3218 3531 3433 3570 omnem
3480 3515 3760 3569 medicina:

2176 3616 2407 3673 tentans,
2455 3618 2563 3662 tum
2610 3609 2955 3677 asperiorem,
3010 3618 3118 3661 tum
3162 3607 3477 3672 dulciorem,
3521 3604 3760 3675 nihilque

2175 3708 2320 3753 retro
2336 3700 2641 3769 relinquens
2662 3714 2868 3766 eorum,
2888 3715 3006 3769 qua:
3027 3698 3092 3753 ad
3111 3697 3464 3753 valetudinem
3485 3695 3756 3767 profutura

2176 3799 2376 3846 essent.
2408 3790 2595 3862 Neque
2632 3792 2709 3846 sic
2739 3801 2916 3847 tamen
2939 3806 2969 3845 a
2996 3791 3231 3861 nequitia
3262 3789 3634 3854 desciverunt,
3666 3790 3758 3843 sed

2174 3898 2296 3937 cum
2337 3899 2529 3937 manna
2568 3899 2749 3953 cepas,
2787 3884 2947 3951 allia,
2978 3893 3281 3953 cmteraque
3323 3885 3501 3938 omnia
3543 3881 3758 3952 .Egypti

2176 3976 2315 4029 mala
2346 3976 2705 4045 requirebant.
2740 3976 2968 4031 Tantunt
3015 3976 3211 4029 malum
3258 3984 3339 4029 est
3386 3972 3752 4029 consuetudo!

2178 4068 2379 4122 Deinde
2405 4068 2575 4123 Judaei
2604 4078 2749 4123 tanta
2773 4068 2865 4122 Dei
2890 4085 3014 4122 cura
3038 4070 3298 4132 fruentes,
3332 4078 3438 4121 tam
3468 4065 3681 4135 egregio
3708 4072 3763 4117 et

2176 4175 2438 4229 generoso
2461 4160 2711 4229 magistro
2736 4160 2836 4225 usi,
2855 4170 2909 4215 et
2934 4159 3123 4214 timore
3148 4168 3203 4213 et
3229 4159 3402 4225 minis,
3427 4166 3483 4213 et
3503 4156 3762 4211 beneï¬cio

2176 4261 2231 4306 et
2259 4252 2519 4323 supplicio
2544 4252 2608 4306 ad
2635 4268 2847 4306 omnem
2878 4252 3092 4306 modum
3125 4252 3391 4317 instituti,
3432 4261 3507 4304 tot
3530 4264 3761 4318 conspe-

2177 4344 2276 4397 ctis
2292 4343 2573 4412 prodigiis,
2596 4359 2699 4397 non
2720 4344 2786 4399 ad
2806 4345 3076 4399 meliorem
3095 4360 3152 4398 se
3178 4345 3379 4413 frugem
3403 4351 3719 4410 receperunt
3744 4358 3759 4393 :

2179 4443 2233 4488 tu
2262 4450 2388 4489 vero
2419 4434 2583 4488 lilium
2614 4440 2761 4489 tuum
2789 4437 3178 4491 adolescentem
3221 4438 3273 4490 in
3305 4436 3479 4490 media
3510 4435 3758 4506 Egypto,

2180 4527 2286 4579 into
2308 4528 2357 4579 itt
2385 4527 2574 4580 mediis
2601 4526 2797 4580 diaboli
2844 4529 3032 4582 castris
3062 4536 3387 4590 versantem,
3430 4527 3759 4595 nullumque,

2177 4616 2267 4684 qui
2314 4615 2455 4685 quod
2499 4615 2627 4670 utile
2670 4616 2738 4669 sit
2780 4618 3057 4670 consilium
3106 4616 3215 4682 dei,
3270 4618 3596 4681 audientem,
3649 4633 3765 4669 om-

2179 4723 2380 4777 ncsque
2404 4723 2462 4761 se
2492 4706 2557 4760 ad
2585 4711 2851 4762 contraria
2874 4708 3130 4763 ducentes
3157 4708 3443 4773 videntem,
3472 4707 3764 4776 imprimis-

2179 4814 2283 4868 que
2312 4808 2558 4868 parentes
2588 4809 2642 4853 et
2670 4799 2953 4854 eductores
2979 4815 3139 4865 suos,
3174 4810 3324 4868 putas
3379 4814 3533 4867 posse
3563 4797 3765 4851 diaboli

2182 4890 2400 4961 laqueos
2425 4890 2696 4961 ellugere?
2724 4890 2893 4957 Unde,
2924 4890 3140 4959 qum-so?
3166 4905 3289 4943 num
3315 4905 3381 4942 ex
3410 4888 3766 4942 hortamentis

2184 4982 2333 5037 tuis?
2359 4983 2516 5051 Atqui
2542 4993 2595 5035 tu
2627 4981 2691 5034 ad
2722 4982 2987 5035 contraria
3031 4995 3249 5045 evocas,
3279 4996 3347 5034 ne
3379 4996 3471 5049 per
3498 4980 3763 5033 somnium

2182 5074 2395 5143 quidem
2426 5088 2545 5127 cum
2575 5071 2924 5140 philosophiae
2962 5072 3271 5126 meminisse
3312 5069 3636 5134 Concede-ns;
3670 5070 3764 5122 sed

2184 5167 2309 5219 dum
2358 5164 2496 5218 hanc
2541 5164 2703 5218 vitam
2752 5163 2973 5233 ejusque
3016 5164 3297 5218 commoda
3345 5161 3486 5215 ultro
3526 5163 3764 5228 citroque

2182 5273 2361 5312 versas
2382 5297 2398 5321 ,
2431 5258 2482 5309 in
2513 5256 2838 5312 decumanos
2868 5257 3011 5309 illum
3055 5244 3391 5323 major-osque
3418 5252 3609 5305 ï¬‚uctus
3634 5267 3765 5304 con-

2177 5350 2317 5419 jicis.
2349 5348 2485 5404 Num
2525 5365 2594 5403 ex
2618 5348 2945 5417 semetipso?
2971 5346 3218 5399 Profecto
3257 5344 3468 5413 juvenis
3514 5358 3618 5395 non
3663 5341 3762 5395 sibi

2184 5443 2281 5511 ipsi
2309 5444 2441 5496 satis
2484 5452 2565 5497 est
2594 5442 2659 5496 ad
2693 5442 2934 5493 virtutem
2975 5437 3327 5492 exercendam
3361 5454 3374 5490 :
3415 5435 3510 5490 sed
3553 5434 3765 5489 etiamsi

2183 5532 2310 5601 quid
2345 5549 2409 5588 ex
2440 5535 2617 5602 seipso
2645 5541 2917 5585 strenuum
2947 5529 3147 5599 pariat,
3176 5540 3458 5598 antequam
3487 5526 3536 5580 id
3567 5526 3764 5597 germi-

2186 5634 2297 5687 net,
2344 5624 2558 5679 assiduo
2602 5622 2883 5675 verborum
2926 5630 3136 5675 tuorum
3183 5620 3352 5673 imbre
3397 5617 3759 5671 sulfoeabitur.

2185 5715 2638 5785 Quemadmodum
2666 5715 2807 5769 enim
2850 5730 3071 5783 corpus,
3103 5712 3244 5782 quod
3272 5711 3587 5765 salutaribus
3629 5710 3763 5764 cibis

2188 5824 2295 5862 non
2326 5808 2532 5870 fruitur,
2559 5806 2651 5860 sed
2682 5806 3037 5860 insalubribus
3059 5806 3234 5870 alitur,
3265 5818 3330 5857 ne
3364 5820 3523 5872 parvo
3549 5802 3759 5872 quidem

2252 6009 2267 6043 Î¹
2306 6006 2475 6067 verba,
2501 6005 2549 6055 in
2583 6003 2787 6067 deserto,
2828 6006 2877 6053 in
2910 6000 3069 6052 Morel.
3094 6000 3197 6050 seio
3219 5998 3411 6047 desunt.
