  <div class='ocr_page' id='page_1' title='image "/cluster/home/n/w/nwhite01/storage/ocr_20150623/47/hvd.32044025239690/317.png"; bbox 0 0 4532 6734; ppageno 0'>
   <div class='ocr_carea' id='block_1_1' title="bbox 812 571 918 625">
    <p class='ocr_par' dir='ltr' id='par_1_1' title="bbox 812 571 918 625">
     <span class='ocr_line' id='line_1_1' title="bbox 812 571 918 625; baseline 0.009 -1"><span class='ocrx_word' id='word_1_1' title='bbox 812 571 918 625; x_wconf 64' lang='lat' dir='ltr'><strong>ria</strong></span> 
     </span>
    </p>
   </div>
   <div class='ocr_carea' id='block_1_2' title="bbox 817 682 2401 754">
    <p class='ocr_par' dir='ltr' id='par_1_2' title="bbox 817 682 2401 754">
     <span class='ocr_line' id='line_1_2' title="bbox 817 682 2401 754; baseline 0.003 -17"><span class='ocrx_word' id='word_1_2' title='bbox 817 694 1055 754; x_wconf 78' lang='lat' dir='ltr'><strong>tempore</strong></span> <span class='ocrx_word' id='word_1_3' title='bbox 1085 682 1373 739; x_wconf 72' lang='lat' dir='ltr'><strong>subsistere</strong></span> <span class='ocrx_word' id='word_1_4' title='bbox 1408 685 1580 751; x_wconf 86' lang='lat' dir='ltr'><strong>valet,</strong></span> <span class='ocrx_word' id='word_1_5' title='bbox 1610 686 1686 739; x_wconf 87' lang='lat' dir='ltr'><strong>sic</strong></span> <span class='ocrx_word' id='word_1_6' title='bbox 1713 699 1813 739; x_wconf 89' lang='lat' dir='ltr'><strong>nec</strong></span> <span class='ocrx_word' id='word_1_7' title='bbox 1837 687 2011 741; x_wconf 89' lang='lat' dir='ltr'><strong>anima</strong></span> <span class='ocrx_word' id='word_1_8' title='bbox 2053 688 2135 742; x_wconf 91' lang='lat' dir='ltr'><strong>his</strong></span> <span class='ocrx_word' id='word_1_9' title='bbox 2164 687 2401 741; x_wconf 89' lang='lat' dir='ltr'><strong>instituta</strong></span> 
     </span>
    </p>
   </div>
   <div class='ocr_carea' id='block_1_3' title="bbox 812 773 2403 847">
    <p class='ocr_par' dir='ltr' id='par_1_3' title="bbox 812 773 2403 847">
     <span class='ocr_line' id='line_1_3' title="bbox 812 773 2403 847; baseline 0.002 -19"><span class='ocrx_word' id='word_1_10' title='bbox 812 781 868 828; x_wconf 84' lang='lat' dir='ltr'><strong>et</strong></span> <span class='ocrx_word' id='word_1_11' title='bbox 910 773 1135 843; x_wconf 78' lang='lat' dir='ltr'><strong>imbuta,</strong></span> <span class='ocrx_word' id='word_1_12' title='bbox 1164 783 1438 828; x_wconf 90' lang='lat' dir='ltr'><strong>strenuum</strong></span> <span class='ocrx_word' id='word_1_13' title='bbox 1479 776 1605 844; x_wconf 92' lang='lat' dir='ltr'><strong>quid</strong></span> <span class='ocrx_word' id='word_1_14' title='bbox 1635 783 1725 829; x_wconf 89' lang='lat' dir='ltr'><strong>aut</strong></span> <span class='ocrx_word' id='word_1_15' title='bbox 1750 790 1999 845; x_wconf 87' lang='lat' dir='ltr'><strong>magnum</strong></span> <span class='ocrx_word' id='word_1_16' title='bbox 2042 779 2273 847; x_wconf 87' lang='lat' dir='ltr'><strong>cogitare</strong></span> <span class='ocrx_word' id='word_1_17' title='bbox 2306 792 2403 846; x_wconf 89' lang='lat' dir='ltr'><strong>po-</strong></span> 
     </span>
    </p>
   </div>
   <div class='ocr_carea' id='block_1_4' title="bbox 814 864 2401 935">
    <p class='ocr_par' dir='ltr' id='par_1_4' title="bbox 814 864 2401 935">
     <span class='ocr_line' id='line_1_4' title="bbox 814 864 2401 935; baseline 0.001 -18"><span class='ocrx_word' id='word_1_18' title='bbox 814 865 961 929; x_wconf 87' lang='lat' dir='ltr'><strong>terit,</strong></span> <span class='ocrx_word' id='word_1_19' title='bbox 996 864 1089 918; x_wconf 88' lang='lat' dir='ltr'><strong>sed</strong></span> <span class='ocrx_word' id='word_1_20' title='bbox 1126 878 1343 918; x_wconf 74' lang='lat' dir='ltr'><strong>necesse</strong></span> <span class='ocrx_word' id='word_1_21' title='bbox 1374 873 1457 919; x_wconf 87' lang='lat' dir='ltr'><strong>est</strong></span> <span class='ocrx_word' id='word_1_22' title='bbox 1482 881 1597 919; x_wconf 90' lang='lat' dir='ltr'><strong>eam</strong></span> <span class='ocrx_word' id='word_1_23' title='bbox 1629 874 1681 920; x_wconf 92' lang='lat' dir='ltr'><strong>et</strong></span> <span class='ocrx_word' id='word_1_24' title='bbox 1727 865 2029 935; x_wconf 81' lang='lat' dir='ltr'><strong>languidam</strong></span> <span class='ocrx_word' id='word_1_25' title='bbox 2075 875 2129 921; x_wconf 91' lang='lat' dir='ltr'><strong>et</strong></span> <span class='ocrx_word' id='word_1_26' title='bbox 2157 866 2401 928; x_wconf 88' lang='lat' dir='ltr'><strong>mollem,</strong></span> 
     </span>
    </p>
   </div>
   <div class='ocr_carea' id='block_1_5' title="bbox 818 956 2407 1027">
    <p class='ocr_par' dir='ltr' id='par_1_5' title="bbox 818 956 2407 1027">
     <span class='ocr_line' id='line_1_5' title="bbox 818 956 2407 1027; baseline 0.001 -16"><span class='ocrx_word' id='word_1_27' title='bbox 818 959 1055 1027; x_wconf 88' lang='lat' dir='ltr'><strong>nequitia</strong></span> <span class='ocrx_word' id='word_1_28' title='bbox 1083 972 1178 1011; x_wconf 92' lang='lat' dir='ltr'><strong>ceu</strong></span> <span class='ocrx_word' id='word_1_29' title='bbox 1209 956 1438 1025; x_wconf 84' lang='lat' dir='ltr'><strong>quadam</strong></span> <span class='ocrx_word' id='word_1_30' title='bbox 1469 968 1615 1027; x_wconf 91' lang='lat' dir='ltr'><strong>peste</strong></span> <span class='ocrx_word' id='word_1_31' title='bbox 1643 957 1855 1011; x_wconf 85' lang='lat' dir='ltr'><strong>assidue</strong></span> <span class='ocrx_word' id='word_1_32' title='bbox 1883 958 2174 1023; x_wconf 90' lang='lat' dir='ltr'><strong>detentam,</strong></span> <span class='ocrx_word' id='word_1_33' title='bbox 2205 959 2282 1012; x_wconf 91' lang='lat' dir='ltr'><strong>sic</strong></span> <span class='ocrx_word' id='word_1_34' title='bbox 2310 956 2407 1012; x_wconf 87' lang='lat' dir='ltr'><strong>de-</strong></span> 
     </span>
    </p>
   </div>
   <div class='ocr_carea' id='block_1_6' title="bbox 820 1048 2049 1117">
    <p class='ocr_par' dir='ltr' id='par_1_6' title="bbox 820 1048 2049 1117">
     <span class='ocr_line' id='line_1_6' title="bbox 820 1048 2049 1117; baseline 0 -15"><span class='ocrx_word' id='word_1_35' title='bbox 820 1064 966 1102; x_wconf 89' lang='lat' dir='ltr'><strong>mum</strong></span> <span class='ocrx_word' id='word_1_36' title='bbox 997 1049 1047 1101; x_wconf 93' lang='lat' dir='ltr'><strong>in</strong></span> <span class='ocrx_word' id='word_1_37' title='bbox 1074 1049 1371 1117; x_wconf 83' lang='lat' dir='ltr'><strong>gehennam</strong></span> <span class='ocrx_word' id='word_1_38' title='bbox 1401 1058 1455 1101; x_wconf 92' lang='lat' dir='ltr'><strong>et</strong></span> <span class='ocrx_word' id='word_1_39' title='bbox 1478 1050 1527 1103; x_wconf 92' lang='lat' dir='ltr'><strong>in</strong></span> <span class='ocrx_word' id='word_1_40' title='bbox 1560 1048 1845 1116; x_wconf 89' lang='lat' dir='ltr'><strong>perniciem</strong></span> <span class='ocrx_word' id='word_1_41' title='bbox 1873 1049 2049 1117; x_wconf 90' lang='lat' dir='ltr'><strong>dejiei.</strong></span> 
     </span>
    </p>
   </div>
   <div class='ocr_carea' id='block_1_7' title="bbox 894 1137 2405 1209">
    <p class='ocr_par' dir='ltr' id='par_1_7' title="bbox 894 1137 2405 1209">
     <span class='ocr_line' id='line_1_7' title="bbox 894 1137 2405 1209; baseline 0.004 -22"><span class='ocrx_word' id='word_1_42' title='bbox 894 1138 944 1190; x_wconf 92' lang='lat'><strong>7.</strong></span> <span class='ocrx_word' id='word_1_43' title='bbox 974 1137 1216 1191; x_wconf 79' lang='lat' dir='ltr'><strong>Parentes</strong></span> <span class='ocrx_word' id='word_1_44' title='bbox 1263 1154 1401 1209; x_wconf 70' lang='lat' dir='ltr'><strong>stupe</strong></span> <span class='ocrx_word' id='word_1_45' title='bbox 1426 1140 1729 1193; x_wconf 72' lang='lat' dir='ltr'><strong>contrariam</strong></span> <span class='ocrx_word' id='word_1_46' title='bbox 1759 1139 2061 1209; x_wconf 72' lang='lat' dir='ltr'><strong>evangelica:</strong></span> <span class='ocrx_word' id='word_1_47' title='bbox 2086 1139 2405 1209; x_wconf 85' lang='lat' dir='ltr'><strong>disciplinam</strong></span> 
     </span>
    </p>
   </div>
   <div class='ocr_carea' id='block_1_8' title="bbox 823 1230 2402 1301">
    <p class='ocr_par' dir='ltr' id='par_1_8' title="bbox 823 1230 2402 1301">
     <span class='ocr_line' id='line_1_8' title="bbox 823 1230 2402 1301; baseline 0.003 -18"><span class='ocrx_word' id='word_1_48' title='bbox 823 1231 944 1299; x_wconf 77' lang='lat' dir='ltr'><strong>ﬁliis</strong></span> <span class='ocrx_word' id='word_1_49' title='bbox 972 1230 1198 1283; x_wconf 83' lang='lat' dir='ltr'><strong>tradunt.</strong></span> <span class='ocrx_word' id='word_1_50' title='bbox 1226 1261 1300 1272; x_wconf 95' lang='lat'><strong>—</strong></span> <span class='ocrx_word' id='word_1_51' title='bbox 1328 1231 1421 1286; x_wconf 89' lang='lat' dir='ltr'><strong>Sin</strong></span> <span class='ocrx_word' id='word_1_52' title='bbox 1450 1241 1501 1285; x_wconf 88' lang='lat' dir='ltr'><strong>tu</strong></span> <span class='ocrx_word' id='word_1_53' title='bbox 1529 1231 1707 1295; x_wconf 92' lang='lat' dir='ltr'><strong>dicas,</strong></span> <span class='ocrx_word' id='word_1_54' title='bbox 1731 1248 1837 1287; x_wconf 90' lang='lat' dir='ltr'><strong>non</strong></span> <span class='ocrx_word' id='word_1_55' title='bbox 1866 1234 1935 1287; x_wconf 89' lang='lat' dir='ltr'><strong>ita</strong></span> <span class='ocrx_word' id='word_1_56' title='bbox 1963 1250 2021 1290; x_wconf 90' lang='lat' dir='ltr'><strong>se</strong></span> <span class='ocrx_word' id='word_1_57' title='bbox 2044 1250 2155 1290; x_wconf 90' lang='lat' dir='ltr'><strong>rem</strong></span> <span class='ocrx_word' id='word_1_58' title='bbox 2185 1234 2402 1301; x_wconf 88' lang='lat' dir='ltr'><strong>habere,</strong></span> 
     </span>
    </p>
   </div>
   <div class='ocr_carea' id='block_1_9' title="bbox 824 1322 2407 1392">
    <p class='ocr_par' dir='ltr' id='par_1_9' title="bbox 824 1322 2407 1392">
     <span class='ocr_line' id='line_1_9' title="bbox 824 1322 2407 1392; baseline 0.004 -19"><span class='ocrx_word' id='word_1_59' title='bbox 824 1336 1090 1392; x_wconf 88' lang='lat' dir='ltr'><strong>posseque</strong></span> <span class='ocrx_word' id='word_1_60' title='bbox 1121 1322 1173 1377; x_wconf 93' lang='lat' dir='ltr'><strong>in</strong></span> <span class='ocrx_word' id='word_1_61' title='bbox 1204 1324 1383 1378; x_wconf 92' lang='lat' dir='ltr'><strong>medio</strong></span> <span class='ocrx_word' id='word_1_62' title='bbox 1412 1339 1588 1377; x_wconf 90' lang='lat' dir='ltr'><strong>rerum</strong></span> <span class='ocrx_word' id='word_1_63' title='bbox 1621 1334 1922 1380; x_wconf 90' lang='lat' dir='ltr'><strong>versantem</strong></span> <span class='ocrx_word' id='word_1_64' title='bbox 1962 1328 2210 1381; x_wconf 89' lang='lat' dir='ltr'><strong>virtutem</strong></span> <span class='ocrx_word' id='word_1_65' title='bbox 2253 1341 2407 1380; x_wconf 81' lang='lat' dir='ltr'><strong>exer-</strong></span> 
     </span>
    </p>
   </div>
   <div class='ocr_carea' id='block_1_10' title="bbox 823 1414 2409 1488">
    <p class='ocr_par' dir='ltr' id='par_1_10' title="bbox 823 1414 2409 1488">
     <span class='ocr_line' id='line_1_10' title="bbox 823 1414 2409 1488; baseline 0.006 -22"><span class='ocrx_word' id='word_1_66' title='bbox 823 1427 949 1467; x_wconf 91' lang='lat' dir='ltr'><strong>cere</strong></span> <span class='ocrx_word' id='word_1_67' title='bbox 977 1428 1212 1479; x_wconf 89' lang='lat' dir='ltr'><strong>omnem,</strong></span> <span class='ocrx_word' id='word_1_68' title='bbox 1246 1430 1415 1484; x_wconf 88' lang='lat' dir='ltr'><strong>neque</strong></span> <span class='ocrx_word' id='word_1_69' title='bbox 1442 1414 1630 1469; x_wconf 88' lang='lat' dir='ltr'><strong>ludens</strong></span> <span class='ocrx_word' id='word_1_70' title='bbox 1659 1417 1754 1471; x_wconf 91' lang='lat' dir='ltr'><strong>sed</strong></span> <span class='ocrx_word' id='word_1_71' title='bbox 1782 1420 1924 1473; x_wconf 90' lang='lat' dir='ltr'><strong>serio</strong></span> <span class='ocrx_word' id='word_1_72' title='bbox 1950 1420 2019 1473; x_wconf 91' lang='lat' dir='ltr'><strong>ita</strong></span> <span class='ocrx_word' id='word_1_73' title='bbox 2051 1418 2310 1488; x_wconf 84' lang='lat' dir='ltr'><strong>loquaris,</strong></span> <span class='ocrx_word' id='word_1_74' title='bbox 2342 1436 2409 1476; x_wconf 88' lang='lat' dir='ltr'><strong>ne</strong></span> 
     </span>
    </p>
   </div>
   <div class='ocr_carea' id='block_1_11' title="bbox 824 1505 2405 1580">
    <p class='ocr_par' dir='ltr' id='par_1_11' title="bbox 824 1505 2405 1580">
     <span class='ocr_line' id='line_1_11' title="bbox 824 1505 2405 1580; baseline 0.004 -22"><span class='ocrx_word' id='word_1_75' title='bbox 824 1513 897 1568; x_wconf 88' lang='lat' dir='ltr'><strong>te,</strong></span> <span class='ocrx_word' id='word_1_76' title='bbox 926 1521 1139 1574; x_wconf 70' lang='lat' dir='ltr'><strong>quaeso,</strong></span> <span class='ocrx_word' id='word_1_77' title='bbox 1194 1505 1367 1576; x_wconf 85' lang='lat' dir='ltr'><strong>pigeat</strong></span> <span class='ocrx_word' id='word_1_78' title='bbox 1398 1505 1534 1562; x_wconf 87' lang='lat' dir='ltr'><strong>hanc</strong></span> <span class='ocrx_word' id='word_1_79' title='bbox 1560 1523 1750 1562; x_wconf 89' lang='lat' dir='ltr'><strong>novam</strong></span> <span class='ocrx_word' id='word_1_80' title='bbox 1798 1525 1896 1563; x_wconf 92' lang='lat' dir='ltr'><strong>nos</strong></span> <span class='ocrx_word' id='word_1_81' title='bbox 1934 1522 2089 1580; x_wconf 89' lang='lat' dir='ltr'><strong>atque</strong></span> <span class='ocrx_word' id='word_1_82' title='bbox 2118 1510 2405 1565; x_wconf 84' lang='lat' dir='ltr'><strong>inauditam</strong></span> 
     </span>
    </p>
   </div>
   <div class='ocr_carea' id='block_1_12' title="bbox 824 1594 2408 1668">
    <p class='ocr_par' dir='ltr' id='par_1_12' title="bbox 824 1594 2408 1668">
     <span class='ocr_line' id='line_1_12' title="bbox 824 1594 2408 1668; baseline 0.004 -21"><span class='ocrx_word' id='word_1_83' title='bbox 824 1594 1020 1650; x_wconf 90' lang='lat' dir='ltr'><strong>docere</strong></span> <span class='ocrx_word' id='word_1_84' title='bbox 1045 1595 1382 1665; x_wconf 84' lang='lat' dir='ltr'><strong>disciplinam</strong></span> <span class='ocrx_word' id='word_1_85' title='bbox 1410 1616 1421 1650; x_wconf 93' lang='lat'><strong>:</strong></span> <span class='ocrx_word' id='word_1_86' title='bbox 1450 1613 1618 1668; x_wconf 91' lang='lat' dir='ltr'><strong>neque</strong></span> <span class='ocrx_word' id='word_1_87' title='bbox 1636 1600 1778 1652; x_wconf 91' lang='lat' dir='ltr'><strong>enim</strong></span> <span class='ocrx_word' id='word_1_88' title='bbox 1810 1600 1965 1654; x_wconf 89' lang='lat' dir='ltr'><strong>velim</strong></span> <span class='ocrx_word' id='word_1_89' title='bbox 1985 1610 2185 1654; x_wconf 89' lang='lat' dir='ltr'><strong>temere</strong></span> <span class='ocrx_word' id='word_1_90' title='bbox 2204 1609 2408 1654; x_wconf 90' lang='lat' dir='ltr'><strong>tantum</strong></span> 
     </span>
    </p>
   </div>
   <div class='ocr_carea' id='block_1_13' title="bbox 828 1687 2410 1760">
    <p class='ocr_par' dir='ltr' id='par_1_13' title="bbox 828 1687 2410 1760">
     <span class='ocr_line' id='line_1_13' title="bbox 828 1687 2410 1760; baseline 0.004 -20"><span class='ocrx_word' id='word_1_91' title='bbox 828 1687 959 1741; x_wconf 90' lang='lat' dir='ltr'><strong>mihi</strong></span> <span class='ocrx_word' id='word_1_92' title='bbox 1007 1690 1203 1755; x_wconf 75' lang='lat' dir='ltr'><strong>negotii</strong></span> <span class='ocrx_word' id='word_1_93' title='bbox 1247 1703 1554 1753; x_wconf 86' lang='lat' dir='ltr'><strong>assumere,</strong></span> <span class='ocrx_word' id='word_1_94' title='bbox 1585 1706 1759 1760; x_wconf 88' lang='lat' dir='ltr'><strong>neque</strong></span> <span class='ocrx_word' id='word_1_95' title='bbox 1787 1701 1863 1745; x_wconf 91' lang='lat' dir='ltr'><strong>tot</strong></span> <span class='ocrx_word' id='word_1_96' title='bbox 1889 1692 2043 1746; x_wconf 86' lang='lat' dir='ltr'><strong>bonis</strong></span> <span class='ocrx_word' id='word_1_97' title='bbox 2088 1692 2279 1745; x_wconf 78' lang='lat' dir='ltr'><strong>frustra</strong></span> <span class='ocrx_word' id='word_1_98' title='bbox 2322 1708 2410 1746; x_wconf 90' lang='lat' dir='ltr'><strong>ca-</strong></span> 
     </span>
    </p>
   </div>
   <div class='ocr_carea' id='block_1_14' title="bbox 827 1777 2410 1852">
    <p class='ocr_par' dir='ltr' id='par_1_14' title="bbox 827 1777 2410 1852">
     <span class='ocr_line' id='line_1_14' title="bbox 827 1777 2410 1852; baseline 0.005 -22"><span class='ocrx_word' id='word_1_99' title='bbox 827 1791 965 1831; x_wconf 87' lang='lat' dir='ltr'><strong>rere.</strong></span> <span class='ocrx_word' id='word_1_100' title='bbox 1002 1777 1192 1832; x_wconf 86' lang='lat' dir='ltr'><strong>Verum</strong></span> <span class='ocrx_word' id='word_1_101' title='bbox 1222 1779 1271 1832; x_wconf 87' lang='lat' dir='ltr'><strong>id</strong></span> <span class='ocrx_word' id='word_1_102' title='bbox 1298 1778 1539 1835; x_wconf 85' lang='lat' dir='ltr'><strong>ediscere</strong></span> <span class='ocrx_word' id='word_1_103' title='bbox 1586 1781 1889 1838; x_wconf 89' lang='lat' dir='ltr'><strong>nullatenus</strong></span> <span class='ocrx_word' id='word_1_104' title='bbox 1919 1798 2163 1852; x_wconf 89' lang='lat' dir='ltr'><strong>possum;</strong></span> <span class='ocrx_word' id='word_1_105' title='bbox 2188 1781 2237 1835; x_wconf 93' lang='lat' dir='ltr'><strong>id</strong></span> <span class='ocrx_word' id='word_1_106' title='bbox 2267 1783 2410 1838; x_wconf 84' lang='lat' dir='ltr'><strong>enim</strong></span> 
     </span>
    </p>
   </div>
   <div class='ocr_carea' id='block_1_15' title="bbox 825 1869 2412 1942">
    <p class='ocr_par' dir='ltr' id='par_1_15' title="bbox 825 1869 2412 1942">
     <span class='ocr_line' id='line_1_15' title="bbox 825 1869 2412 1942; baseline 0.005 -22"><span class='ocrx_word' id='word_1_107' title='bbox 825 1882 931 1921; x_wconf 81' lang='lat' dir='ltr'><strong>nan</strong></span> <span class='ocrx_word' id='word_1_108' title='bbox 964 1869 1271 1940; x_wconf 82' lang='lat' dir='ltr'><strong>permittitis</strong></span> <span class='ocrx_word' id='word_1_109' title='bbox 1294 1885 1389 1925; x_wconf 87' lang='lat' dir='ltr'><strong>vos</strong></span> <span class='ocrx_word' id='word_1_110' title='bbox 1416 1890 1430 1926; x_wconf 90' lang='lat'><strong>:</strong></span> <span class='ocrx_word' id='word_1_111' title='bbox 1453 1880 1611 1942; x_wconf 88' lang='lat' dir='ltr'><strong>atque</strong></span> <span class='ocrx_word' id='word_1_112' title='bbox 1635 1872 1756 1926; x_wconf 88' lang='lat' dir='ltr'><strong>huic</strong></span> <span class='ocrx_word' id='word_1_113' title='bbox 1782 1874 2060 1927; x_wconf 85' lang='lat' dir='ltr'><strong>sententiae</strong></span> <span class='ocrx_word' id='word_1_114' title='bbox 2084 1881 2137 1927; x_wconf 91' lang='lat' dir='ltr'><strong>et</strong></span> <span class='ocrx_word' id='word_1_115' title='bbox 2156 1872 2335 1926; x_wconf 83' lang='lat' dir='ltr'><strong>verbis</strong></span> <span class='ocrx_word' id='word_1_116' title='bbox 2359 1882 2412 1928; x_wconf 89' lang='lat' dir='ltr'><strong>et</strong></span> 
     </span>
    </p>
   </div>
   <div class='ocr_carea' id='block_1_16' title="bbox 827 1962 2414 2032">
    <p class='ocr_par' dir='ltr' id='par_1_16' title="bbox 827 1962 2414 2032">
     <span class='ocr_line' id='line_1_16' title="bbox 827 1962 2414 2032; baseline 0.003 -17"><span class='ocrx_word' id='word_1_117' title='bbox 827 1962 993 2029; x_wconf 79' lang='lat' dir='ltr'><strong>gestis</strong></span> <span class='ocrx_word' id='word_1_118' title='bbox 1022 1963 1358 2031; x_wconf 87' lang='lat' dir='ltr'><strong>repngnatis,</strong></span> <span class='ocrx_word' id='word_1_119' title='bbox 1387 1971 1441 2017; x_wconf 89' lang='lat' dir='ltr'><strong>et</strong></span> <span class='ocrx_word' id='word_1_120' title='bbox 1467 1963 1729 2017; x_wconf 88' lang='lat' dir='ltr'><strong>contraria</strong></span> <span class='ocrx_word' id='word_1_121' title='bbox 1769 1962 1972 2017; x_wconf 91' lang='lat' dir='ltr'><strong>docetis</strong></span> <span class='ocrx_word' id='word_1_122' title='bbox 2002 1979 2015 2018; x_wconf 92' lang='lat'><strong>:</strong></span> <span class='ocrx_word' id='word_1_123' title='bbox 2060 1962 2319 2032; x_wconf 80' lang='lat' dir='ltr'><strong>siquidem</strong></span> <span class='ocrx_word' id='word_1_124' title='bbox 2351 1980 2414 2020; x_wconf 90' lang='lat' dir='ltr'><strong>ac</strong></span> 
     </span>
    </p>
   </div>
   <div class='ocr_carea' id='block_1_17' title="bbox 830 2051 2414 2124">
    <p class='ocr_par' dir='ltr' id='par_1_17' title="bbox 830 2051 2414 2124">
     <span class='ocr_line' id='line_1_17' title="bbox 830 2051 2414 2124; baseline 0.003 -19"><span class='ocrx_word' id='word_1_125' title='bbox 830 2052 871 2105; x_wconf 87' lang='lat' dir='ltr'><strong>si</strong></span> <span class='ocrx_word' id='word_1_126' title='bbox 903 2051 1077 2105; x_wconf 88' lang='lat' dir='ltr'><strong>dedita</strong></span> <span class='ocrx_word' id='word_1_127' title='bbox 1099 2067 1258 2121; x_wconf 85' lang='lat' dir='ltr'><strong>opera</strong></span> <span class='ocrx_word' id='word_1_128' title='bbox 1282 2052 1418 2107; x_wconf 83' lang='lat' dir='ltr'><strong>filios</strong></span> <span class='ocrx_word' id='word_1_129' title='bbox 1471 2053 1694 2124; x_wconf 87' lang='lat' dir='ltr'><strong>perdere</strong></span> <span class='ocrx_word' id='word_1_130' title='bbox 1715 2053 1992 2119; x_wconf 85' lang='lat' dir='ltr'><strong>studeatis,</strong></span> <span class='ocrx_word' id='word_1_131' title='bbox 2017 2054 2095 2108; x_wconf 91' lang='lat' dir='ltr'><strong>sic</strong></span> <span class='ocrx_word' id='word_1_132' title='bbox 2117 2054 2207 2107; x_wconf 87' lang='lat' dir='ltr'><strong>illa</strong></span> <span class='ocrx_word' id='word_1_133' title='bbox 2233 2056 2414 2109; x_wconf 82' lang='lat' dir='ltr'><strong>omnia</strong></span> 
     </span>
    </p>
   </div>
   <div class='ocr_carea' id='block_1_18' title="bbox 829 2142 2415 2215">
    <p class='ocr_par' dir='ltr' id='par_1_18' title="bbox 829 2142 2415 2215">
     <span class='ocr_line' id='line_1_18' title="bbox 829 2142 2415 2215; baseline 0.004 -19"><span class='ocrx_word' id='word_1_134' title='bbox 829 2142 1112 2212; x_wconf 64' lang='lat' dir='ltr'><strong>praecipitis</strong></span> <span class='ocrx_word' id='word_1_135' title='bbox 1140 2144 1217 2198; x_wconf 90' lang='lat' dir='ltr'><strong>eis</strong></span> <span class='ocrx_word' id='word_1_136' title='bbox 1237 2186 1251 2208; x_wconf 87' lang='lat'><strong>,</strong></span> <span class='ocrx_word' id='word_1_137' title='bbox 1278 2159 1398 2215; x_wconf 71' lang='lat' dir='ltr'><strong>qua:</strong></span> <span class='ocrx_word' id='word_1_138' title='bbox 1441 2146 1529 2214; x_wconf 87' lang='lat' dir='ltr'><strong>qui</strong></span> <span class='ocrx_word' id='word_1_139' title='bbox 1562 2157 1929 2215; x_wconf 79' lang='lat' dir='ltr'><strong>exsequuntur</strong></span> <span class='ocrx_word' id='word_1_140' title='bbox 1966 2148 2192 2202; x_wconf 85' lang='lat' dir='ltr'><strong>salutem</strong></span> <span class='ocrx_word' id='word_1_141' title='bbox 2224 2162 2415 2203; x_wconf 85' lang='lat' dir='ltr'><strong>conse-</strong></span> 
     </span>
    </p>
   </div>
   <div class='ocr_carea' id='block_1_19' title="bbox 830 2232 2412 2307">
    <p class='ocr_par' dir='ltr' id='par_1_19' title="bbox 830 2232 2412 2307">
     <span class='ocr_line' id='line_1_19' title="bbox 830 2232 2412 2307; baseline 0.004 -22"><span class='ocrx_word' id='word_1_142' title='bbox 830 2232 922 2301; x_wconf 91' lang='lat' dir='ltr'><strong>qui</strong></span> <span class='ocrx_word' id='word_1_143' title='bbox 951 2248 1054 2285; x_wconf 93' lang='lat' dir='ltr'><strong>non</strong></span> <span class='ocrx_word' id='word_1_144' title='bbox 1088 2242 1328 2303; x_wconf 85' lang='lat' dir='ltr'><strong>possunt.</strong></span> <span class='ocrx_word' id='word_1_145' title='bbox 1377 2234 1509 2289; x_wconf 82' lang='lat' dir='ltr'><strong>Rem</strong></span> <span class='ocrx_word' id='word_1_146' title='bbox 1541 2235 1700 2289; x_wconf 84' lang='lat' dir='ltr'><strong>altius</strong></span> <span class='ocrx_word' id='word_1_147' title='bbox 1740 2235 2039 2294; x_wconf 87' lang='lat' dir='ltr'><strong>considera.</strong></span> <span class='ocrx_word' id='word_1_148' title='bbox 2083 2235 2190 2303; x_wconf 66' lang='lat' dir='ltr'><strong>Vae,</strong></span> <span class='ocrx_word' id='word_1_149' title='bbox 2222 2237 2412 2307; x_wconf 86' lang='lat' dir='ltr'><strong>inquit,</strong></span> 
     </span>
    </p>
   </div>
   <div class='ocr_carea' id='block_1_20' title="bbox 830 2322 2416 2398">
    <p class='ocr_par' dir='ltr' id='par_1_20' title="bbox 830 2322 2416 2398">
     <span class='ocr_line' id='line_1_20' title="bbox 830 2322 2416 2398; baseline 0.005 -23"><span class='ocrx_word' id='word_1_150' title='bbox 830 2322 1109 2377; x_wconf 79' lang='lat' dir='ltr'><strong>ridentibus</strong></span> <span class='ocrx_word' id='word_1_151' title='bbox 1149 2322 1301 2393; x_wconf 84' lang='lat' dir='ltr'><strong>(Luc.</strong></span> <span class='ocrx_word' id='word_1_152' title='bbox 1355 2324 1406 2379; x_wconf 91' lang='lat'><strong>6.</strong></span> <span class='ocrx_word' id='word_1_153' title='bbox 1448 2325 1537 2379; x_wconf 72' lang='lat'><strong>24.</strong></span> <span class='ocrx_word' id='word_1_154' title='bbox 1582 2335 1629 2380; x_wconf 84' lang='lat' dir='ltr'><strong>et</strong></span> <span class='ocrx_word' id='word_1_155' title='bbox 1674 2326 1871 2397; x_wconf 87' lang='lat' dir='ltr'><strong>seqq.);</strong></span> <span class='ocrx_word' id='word_1_156' title='bbox 1920 2342 2015 2381; x_wconf 91' lang='lat' dir='ltr'><strong>vos</strong></span> <span class='ocrx_word' id='word_1_157' title='bbox 2056 2339 2234 2382; x_wconf 89' lang='lat' dir='ltr'><strong>autem</strong></span> <span class='ocrx_word' id='word_1_158' title='bbox 2288 2329 2416 2398; x_wconf 87' lang='lat' dir='ltr'><strong>ipsis</strong></span> 
     </span>
    </p>
   </div>
   <div class='ocr_carea' id='block_1_21' title="bbox 830 2415 2415 2485">
    <p class='ocr_par' dir='ltr' id='par_1_21' title="bbox 830 2415 2415 2485">
     <span class='ocr_line' id='line_1_21' title="bbox 830 2415 2415 2485; baseline 0.004 -18"><span class='ocrx_word' id='word_1_159' title='bbox 830 2415 1024 2469; x_wconf 87' lang='lat' dir='ltr'><strong>multas</strong></span> <span class='ocrx_word' id='word_1_160' title='bbox 1073 2416 1322 2485; x_wconf 68' lang='lat' dir='ltr'><strong>praebetis</strong></span> <span class='ocrx_word' id='word_1_161' title='bbox 1360 2416 1567 2473; x_wconf 88' lang='lat' dir='ltr'><strong>ridendi</strong></span> <span class='ocrx_word' id='word_1_162' title='bbox 1607 2420 1916 2473; x_wconf 90' lang='lat' dir='ltr'><strong>occasiones</strong></span> <span class='ocrx_word' id='word_1_163' title='bbox 1957 2437 1972 2471; x_wconf 91' lang='lat'><strong>:</strong></span> <span class='ocrx_word' id='word_1_164' title='bbox 2011 2418 2101 2473; x_wconf 78' lang='lat' dir='ltr'><strong>Va:</strong></span> <span class='ocrx_word' id='word_1_165' title='bbox 2143 2420 2415 2485; x_wconf 80' lang='lat' dir='ltr'><strong>divitibus;</strong></span> 
     </span>
    </p>
   </div>
   <div class='ocr_carea' id='block_1_22' title="bbox 830 2508 2415 2577">
    <p class='ocr_par' dir='ltr' id='par_1_22' title="bbox 830 2508 2415 2577">
     <span class='ocr_line' id='line_1_22' title="bbox 830 2508 2415 2577; baseline 0.003 -21"><span class='ocrx_word' id='word_1_166' title='bbox 830 2519 928 2558; x_wconf 84' lang='lat' dir='ltr'><strong>vos</strong></span> <span class='ocrx_word' id='word_1_167' title='bbox 956 2520 1085 2560; x_wconf 89' lang='lat' dir='ltr'><strong>vero</strong></span> <span class='ocrx_word' id='word_1_168' title='bbox 1115 2516 1171 2560; x_wconf 89' lang='lat' dir='ltr'><strong>ut</strong></span> <span class='ocrx_word' id='word_1_169' title='bbox 1198 2508 1472 2577; x_wconf 90' lang='lat' dir='ltr'><strong>pecuniosi</strong></span> <span class='ocrx_word' id='word_1_170' title='bbox 1505 2508 1610 2561; x_wconf 88' lang='lat' dir='ltr'><strong>sint</strong></span> <span class='ocrx_word' id='word_1_171' title='bbox 1636 2520 1824 2562; x_wconf 90' lang='lat' dir='ltr'><strong>cuncta</strong></span> <span class='ocrx_word' id='word_1_172' title='bbox 1856 2508 2115 2563; x_wconf 90' lang='lat' dir='ltr'><strong>molimini</strong></span> <span class='ocrx_word' id='word_1_173' title='bbox 2142 2528 2154 2563; x_wconf 92' lang='lat'><strong>:</strong></span> <span class='ocrx_word' id='word_1_174' title='bbox 2197 2508 2282 2563; x_wconf 67' lang='lat' dir='ltr'><strong>Vae</strong></span> <span class='ocrx_word' id='word_1_175' title='bbox 2305 2525 2415 2562; x_wconf 83' lang='lat' dir='ltr'><strong>cum</strong></span> 
     </span>
    </p>
   </div>
   <div class='ocr_carea' id='block_1_23' title="bbox 832 2594 2418 2668">
    <p class='ocr_par' dir='ltr' id='par_1_23' title="bbox 832 2594 2418 2668">
     <span class='ocr_line' id='line_1_23' title="bbox 832 2594 2418 2668; baseline 0.003 -21"><span class='ocrx_word' id='word_1_176' title='bbox 832 2594 1174 2649; x_wconf 71' lang='lat' dir='ltr'><strong>benedixerint</strong></span> <span class='ocrx_word' id='word_1_177' title='bbox 1203 2594 1340 2650; x_wconf 85' lang='lat' dir='ltr'><strong>vobis</strong></span> <span class='ocrx_word' id='word_1_178' title='bbox 1379 2613 1551 2650; x_wconf 85' lang='lat' dir='ltr'><strong>omnes</strong></span> <span class='ocrx_word' id='word_1_179' title='bbox 1578 2598 1837 2664; x_wconf 79' lang='lat' dir='ltr'><strong>homines;</strong></span> <span class='ocrx_word' id='word_1_180' title='bbox 1867 2613 1963 2653; x_wconf 90' lang='lat' dir='ltr'><strong>vos</strong></span> <span class='ocrx_word' id='word_1_181' title='bbox 1991 2609 2167 2653; x_wconf 89' lang='lat' dir='ltr'><strong>autem</strong></span> <span class='ocrx_word' id='word_1_182' title='bbox 2199 2614 2294 2668; x_wconf 92' lang='lat' dir='ltr'><strong>pro</strong></span> <span class='ocrx_word' id='word_1_183' title='bbox 2321 2613 2418 2667; x_wconf 85' lang='lat' dir='ltr'><strong>po-</strong></span> 
     </span>
    </p>
   </div>
   <div class='ocr_carea' id='block_1_24' title="bbox 833 2685 2415 2758">
    <p class='ocr_par' dir='ltr' id='par_1_24' title="bbox 833 2685 2415 2758">
     <span class='ocr_line' id='line_1_24' title="bbox 833 2685 2415 2758; baseline 0.005 -20"><span class='ocrx_word' id='word_1_184' title='bbox 833 2687 1003 2757; x_wconf 84' lang='lat' dir='ltr'><strong>putari</strong></span> <span class='ocrx_word' id='word_1_185' title='bbox 1029 2701 1155 2740; x_wconf 90' lang='lat' dir='ltr'><strong>aura</strong></span> <span class='ocrx_word' id='word_1_186' title='bbox 1184 2685 1460 2743; x_wconf 83' lang='lat' dir='ltr'><strong>facultates</strong></span> <span class='ocrx_word' id='word_1_187' title='bbox 1485 2703 1625 2758; x_wconf 74' lang='lat' dir='ltr'><strong>szepe</strong></span> <span class='ocrx_word' id='word_1_188' title='bbox 1651 2704 1841 2745; x_wconf 88' lang='lat' dir='ltr'><strong>omnes</strong></span> <span class='ocrx_word' id='word_1_189' title='bbox 1869 2690 2157 2746; x_wconf 77' lang='lat' dir='ltr'><strong>eti‘unditis.</strong></span> <span class='ocrx_word' id='word_1_190' title='bbox 2186 2692 2415 2746; x_wconf 81' lang='lat' dir='ltr'><strong>Rursum</strong></span> 
     </span>
    </p>
   </div>
   <div class='ocr_carea' id='block_1_25' title="bbox 834 2776 2415 2850">
    <p class='ocr_par' dir='ltr' id='par_1_25' title="bbox 834 2776 2415 2850">
     <span class='ocr_line' id='line_1_25' title="bbox 834 2776 2415 2850; baseline 0.003 -19"><span class='ocrx_word' id='word_1_191' title='bbox 834 2777 901 2842; x_wconf 85' lang='lat' dir='ltr'><strong>is,</strong></span> <span class='ocrx_word' id='word_1_192' title='bbox 929 2776 1196 2847; x_wconf 79' lang='lat' dir='ltr'><strong>qui‘fratri</strong></span> <span class='ocrx_word' id='word_1_193' title='bbox 1236 2779 1615 2834; x_wconf 87' lang='lat' dir='ltr'><strong>contumeliam</strong></span> <span class='ocrx_word' id='word_1_194' title='bbox 1646 2778 1806 2835; x_wconf 80' lang='lat' dir='ltr'><strong>infert</strong></span> <span class='ocrx_word' id='word_1_195' title='bbox 1826 2822 1839 2845; x_wconf 88' lang='lat'><strong>,</strong></span> <span class='ocrx_word' id='word_1_196' title='bbox 1877 2797 2000 2835; x_wconf 90' lang='lat' dir='ltr'><strong>rens</strong></span> <span class='ocrx_word' id='word_1_197' title='bbox 2028 2792 2107 2835; x_wconf 90' lang='lat' dir='ltr'><strong>est</strong></span> <span class='ocrx_word' id='word_1_198' title='bbox 2128 2782 2415 2850; x_wconf 68' lang='lat' dir='ltr'><strong>gehennae,</strong></span> 
     </span>
    </p>
   </div>
   <div class='ocr_carea' id='block_1_26' title="bbox 833 2870 2419 2941">
    <p class='ocr_par' dir='ltr' id='par_1_26' title="bbox 833 2870 2419 2941">
     <span class='ocr_line' id='line_1_26' title="bbox 833 2870 2419 2941; baseline 0.006 -24"><span class='ocrx_word' id='word_1_199' title='bbox 833 2882 1035 2937; x_wconf 85' lang='lat' dir='ltr'><strong>vosque</strong></span> <span class='ocrx_word' id='word_1_200' title='bbox 1078 2877 1253 2923; x_wconf 88' lang='lat' dir='ltr'><strong>tamen</strong></span> <span class='ocrx_word' id='word_1_201' title='bbox 1293 2878 1349 2923; x_wconf 88' lang='lat' dir='ltr'><strong>et</strong></span> <span class='ocrx_word' id='word_1_202' title='bbox 1376 2870 1673 2924; x_wconf 86' lang='lat' dir='ltr'><strong>imbecillos</strong></span> <span class='ocrx_word' id='word_1_203' title='bbox 1717 2881 1770 2925; x_wconf 88' lang='lat' dir='ltr'><strong>et</strong></span> <span class='ocrx_word' id='word_1_204' title='bbox 1813 2870 2027 2925; x_wconf 90' lang='lat' dir='ltr'><strong>timidos</strong></span> <span class='ocrx_word' id='word_1_205' title='bbox 2053 2886 2172 2927; x_wconf 85' lang='lat' dir='ltr'><strong>esse</strong></span> <span class='ocrx_word' id='word_1_206' title='bbox 2221 2874 2419 2941; x_wconf 87' lang='lat' dir='ltr'><strong>putatis</strong></span> 
     </span>
    </p>
   </div>
   <div class='ocr_carea' id='block_1_27' title="bbox 836 2957 2416 3026">
    <p class='ocr_par' dir='ltr' id='par_1_27' title="bbox 836 2957 2416 3026">
     <span class='ocr_line' id='line_1_27' title="bbox 836 2957 2416 3026; baseline 0.003 -15"><span class='ocrx_word' id='word_1_207' title='bbox 836 2970 951 3023; x_wconf 86' lang='lat' dir='ltr'><strong>eos,</strong></span> <span class='ocrx_word' id='word_1_208' title='bbox 980 2957 1067 3026; x_wconf 86' lang='lat' dir='ltr'><strong>qui</strong></span> <span class='ocrx_word' id='word_1_209' title='bbox 1099 2959 1255 3013; x_wconf 92' lang='lat' dir='ltr'><strong>tacite</strong></span> <span class='ocrx_word' id='word_1_210' title='bbox 1280 2959 1452 3013; x_wconf 87' lang='lat' dir='ltr'><strong>illatas</strong></span> <span class='ocrx_word' id='word_1_211' title='bbox 1478 2960 1576 3013; x_wconf 86' lang='lat' dir='ltr'><strong>sibi</strong></span> <span class='ocrx_word' id='word_1_212' title='bbox 1604 2961 1673 3014; x_wconf 89' lang='lat' dir='ltr'><strong>ab</strong></span> <span class='ocrx_word' id='word_1_213' title='bbox 1699 2961 1817 3014; x_wconf 91' lang='lat' dir='ltr'><strong>aliis</strong></span> <span class='ocrx_word' id='word_1_214' title='bbox 1841 2962 2193 3017; x_wconf 89' lang='lat' dir='ltr'><strong>contumelias</strong></span> <span class='ocrx_word' id='word_1_215' title='bbox 2222 2962 2416 3017; x_wconf 89' lang='lat' dir='ltr'><strong>ferunt.</strong></span> 
     </span>
    </p>
   </div>
   <div class='ocr_carea' id='block_1_28' title="bbox 834 3047 2418 3121">
    <p class='ocr_par' dir='ltr' id='par_1_28' title="bbox 834 3047 2418 3121">
     <span class='ocr_line' id='line_1_28' title="bbox 834 3047 2418 3121; baseline 0.003 -17"><span class='ocrx_word' id='word_1_216' title='bbox 834 3047 992 3104; x_wconf 82' lang='lat' dir='ltr'><strong>Jubet</strong></span> <span class='ocrx_word' id='word_1_217' title='bbox 1017 3048 1257 3105; x_wconf 88' lang='lat' dir='ltr'><strong>Christus</strong></span> <span class='ocrx_word' id='word_1_218' title='bbox 1282 3067 1483 3121; x_wconf 87' lang='lat' dir='ltr'><strong>pugnas</strong></span> <span class='ocrx_word' id='word_1_219' title='bbox 1511 3060 1566 3107; x_wconf 91' lang='lat' dir='ltr'><strong>et</strong></span> <span class='ocrx_word' id='word_1_220' title='bbox 1585 3052 1701 3106; x_wconf 91' lang='lat' dir='ltr'><strong>lites</strong></span> <span class='ocrx_word' id='word_1_221' title='bbox 1723 3061 2097 3118; x_wconf 89' lang='lat' dir='ltr'><strong>contemnere;</strong></span> <span class='ocrx_word' id='word_1_222' title='bbox 2118 3069 2213 3109; x_wconf 86' lang='lat' dir='ltr'><strong>vos</strong></span> <span class='ocrx_word' id='word_1_223' title='bbox 2242 3064 2418 3108; x_wconf 87' lang='lat' dir='ltr'><strong>autem</strong></span> 
     </span>
    </p>
   </div>
   <div class='ocr_carea' id='block_1_29' title="bbox 836 3139 2416 3211">
    <p class='ocr_par' dir='ltr' id='par_1_29' title="bbox 836 3139 2416 3211">
     <span class='ocr_line' id='line_1_29' title="bbox 836 3139 2416 3211; baseline 0.004 -18"><span class='ocrx_word' id='word_1_224' title='bbox 836 3139 956 3194; x_wconf 89' lang='lat' dir='ltr'><strong>illos</strong></span> <span class='ocrx_word' id='word_1_225' title='bbox 981 3140 1032 3194; x_wconf 91' lang='lat' dir='ltr'><strong>in</strong></span> <span class='ocrx_word' id='word_1_226' title='bbox 1062 3139 1145 3194; x_wconf 92' lang='lat' dir='ltr'><strong>his</strong></span> <span class='ocrx_word' id='word_1_227' title='bbox 1168 3155 1383 3211; x_wconf 90' lang='lat' dir='ltr'><strong>semper</strong></span> <span class='ocrx_word' id='word_1_228' title='bbox 1404 3142 1556 3196; x_wconf 82' lang='lat' dir='ltr'><strong>malis</strong></span> <span class='ocrx_word' id='word_1_229' title='bbox 1583 3144 1782 3197; x_wconf 86' lang='lat' dir='ltr'><strong>versari</strong></span> <span class='ocrx_word' id='word_1_230' title='bbox 1814 3144 2031 3197; x_wconf 88' lang='lat' dir='ltr'><strong>curatis.</strong></span> <span class='ocrx_word' id='word_1_231' title='bbox 2060 3143 2282 3198; x_wconf 88' lang='lat' dir='ltr'><strong>Oculum</strong></span> <span class='ocrx_word' id='word_1_232' title='bbox 2308 3145 2416 3210; x_wconf 88' lang='lat' dir='ltr'><strong>ille,</strong></span> 
     </span>
    </p>
   </div>
   <div class='ocr_carea' id='block_1_30' title="bbox 836 3230 2420 3302">
    <p class='ocr_par' dir='ltr' id='par_1_30' title="bbox 836 3230 2420 3302">
     <span class='ocr_line' id='line_1_30' title="bbox 836 3230 2420 3302; baseline 0.002 -18"><span class='ocrx_word' id='word_1_233' title='bbox 836 3230 884 3284; x_wconf 80' lang='lat' dir='ltr'><strong>si</strong></span> <span class='ocrx_word' id='word_1_234' title='bbox 927 3241 1138 3295; x_wconf 86' lang='lat' dir='ltr'><strong>noceat,</strong></span> <span class='ocrx_word' id='word_1_235' title='bbox 1188 3245 1380 3285; x_wconf 89' lang='lat' dir='ltr'><strong>eruere</strong></span> <span class='ocrx_word' id='word_1_236' title='bbox 1422 3246 1565 3302; x_wconf 70' lang='lat' dir='ltr'><strong>sazpe</strong></span> <span class='ocrx_word' id='word_1_237' title='bbox 1599 3231 1784 3301; x_wconf 84' lang='lat' dir='ltr'><strong>jubet;</strong></span> <span class='ocrx_word' id='word_1_238' title='bbox 1817 3242 1871 3285; x_wconf 91' lang='lat' dir='ltr'><strong>at</strong></span> <span class='ocrx_word' id='word_1_239' title='bbox 1915 3246 2010 3285; x_wconf 90' lang='lat' dir='ltr'><strong>vos</strong></span> <span class='ocrx_word' id='word_1_240' title='bbox 2054 3247 2147 3286; x_wconf 92' lang='lat' dir='ltr'><strong>eos</strong></span> <span class='ocrx_word' id='word_1_241' title='bbox 2190 3235 2420 3288; x_wconf 84' lang='lat' dir='ltr'><strong>maxime</strong></span> 
     </span>
    </p>
   </div>
   <div class='ocr_carea' id='block_1_31' title="bbox 835 3321 2416 3394">
    <p class='ocr_par' dir='ltr' id='par_1_31' title="bbox 835 3321 2416 3394">
     <span class='ocr_line' id='line_1_31' title="bbox 835 3321 2416 3394; baseline 0.003 -20"><span class='ocrx_word' id='word_1_242' title='bbox 835 3321 988 3376; x_wconf 85' lang='lat' dir='ltr'><strong>vobis</strong></span> <span class='ocrx_word' id='word_1_243' title='bbox 1012 3322 1310 3377; x_wconf 88' lang='lat' dir='ltr'><strong>conciliatis</strong></span> <span class='ocrx_word' id='word_1_244' title='bbox 1348 3324 1580 3388; x_wconf 90' lang='lat' dir='ltr'><strong>amicos,</strong></span> <span class='ocrx_word' id='word_1_245' title='bbox 1621 3323 1710 3394; x_wconf 88' lang='lat' dir='ltr'><strong>qui</strong></span> <span class='ocrx_word' id='word_1_246' title='bbox 1750 3325 1955 3393; x_wconf 87' lang='lat' dir='ltr'><strong>possint</strong></span> <span class='ocrx_word' id='word_1_247' title='bbox 2002 3325 2249 3393; x_wconf 86' lang='lat' dir='ltr'><strong>pecunias</strong></span> <span class='ocrx_word' id='word_1_248' title='bbox 2275 3340 2416 3392; x_wconf 69' lang='lat' dir='ltr'><strong>prae-</strong></span> 
     </span>
    </p>
   </div>
   <div class='ocr_carea' id='block_1_32' title="bbox 839 3410 2413 3483">
    <p class='ocr_par' dir='ltr' id='par_1_32' title="bbox 839 3410 2413 3483">
     <span class='ocr_line' id='line_1_32' title="bbox 839 3410 2413 3483; baseline 0.002 -18"><span class='ocrx_word' id='word_1_249' title='bbox 839 3410 999 3478; x_wconf 89' lang='lat' dir='ltr'><strong>bere,</strong></span> <span class='ocrx_word' id='word_1_250' title='bbox 1036 3411 1245 3467; x_wconf 89' lang='lat' dir='ltr'><strong>etiamsi</strong></span> <span class='ocrx_word' id='word_1_251' title='bbox 1274 3421 1568 3467; x_wconf 80' lang='lat' dir='ltr'><strong>extremam</strong></span> <span class='ocrx_word' id='word_1_252' title='bbox 1600 3413 1889 3483; x_wconf 83' lang='lat' dir='ltr'><strong>nequitiam</strong></span> <span class='ocrx_word' id='word_1_253' title='bbox 1912 3413 2157 3468; x_wconf 86' lang='lat' dir='ltr'><strong>doceant.</strong></span> <span class='ocrx_word' id='word_1_254' title='bbox 2182 3413 2413 3469; x_wconf 80' lang='lat' dir='ltr'><strong>Uxorem</strong></span> 
     </span>
    </p>
   </div>
   <div class='ocr_carea' id='block_1_33' title="bbox 839 3507 2416 3581">
    <p class='ocr_par' dir='ltr' id='par_1_33' title="bbox 839 3507 2416 3581">
     <span class='ocr_line' id='line_1_33' title="bbox 839 3507 2416 3581; baseline -0.002 -16"><span class='ocrx_word' id='word_1_255' title='bbox 839 3508 1120 3581; x_wconf 79' lang='lat' dir='ltr'><strong>repudiare</strong></span> <span class='ocrx_word' id='word_1_256' title='bbox 1142 3523 1245 3562; x_wconf 91' lang='lat' dir='ltr'><strong>non</strong></span> <span class='ocrx_word' id='word_1_257' title='bbox 1269 3507 1548 3576; x_wconf 85' lang='lat' dir='ltr'><strong>permittit,</strong></span> <span class='ocrx_word' id='word_1_258' title='bbox 1575 3519 1933 3579; x_wconf 70' lang='lat' dir='ltr'><strong>prreterqnam</strong></span> <span class='ocrx_word' id='word_1_259' title='bbox 1964 3507 2017 3562; x_wconf 91' lang='lat' dir='ltr'><strong>in</strong></span> <span class='ocrx_word' id='word_1_260' title='bbox 2040 3509 2149 3562; x_wconf 90' lang='lat' dir='ltr'><strong>sola</strong></span> <span class='ocrx_word' id='word_1_261' title='bbox 2170 3507 2416 3562; x_wconf 88' lang='lat' dir='ltr'><strong>adulterii</strong></span> 
     </span>
    </p>
   </div>
   <div class='ocr_carea' id='block_1_34' title="bbox 837 3598 2421 3668">
    <p class='ocr_par' dir='ltr' id='par_1_34' title="bbox 837 3598 2421 3668">
     <span class='ocr_line' id='line_1_34' title="bbox 837 3598 2421 3668; baseline 0 -14"><span class='ocrx_word' id='word_1_262' title='bbox 837 3614 1032 3664; x_wconf 85' lang='lat' dir='ltr'><strong>causa;</strong></span> <span class='ocrx_word' id='word_1_263' title='bbox 1060 3606 1116 3651; x_wconf 88' lang='lat' dir='ltr'><strong>at</strong></span> <span class='ocrx_word' id='word_1_264' title='bbox 1153 3613 1249 3653; x_wconf 89' lang='lat' dir='ltr'><strong>vos</strong></span> <span class='ocrx_word' id='word_1_265' title='bbox 1290 3598 1416 3653; x_wconf 91' lang='lat' dir='ltr'><strong>dum</strong></span> <span class='ocrx_word' id='word_1_266' title='bbox 1463 3599 1715 3668; x_wconf 87' lang='lat' dir='ltr'><strong>pecunias</strong></span> <span class='ocrx_word' id='word_1_267' title='bbox 1764 3600 2042 3668; x_wconf 82' lang='lat' dir='ltr'><strong>acquirere</strong></span> <span class='ocrx_word' id='word_1_268' title='bbox 2086 3599 2266 3663; x_wconf 88' lang='lat' dir='ltr'><strong>liceat,</strong></span> <span class='ocrx_word' id='word_1_269' title='bbox 2316 3599 2421 3655; x_wconf 88' lang='lat' dir='ltr'><strong>hoc</strong></span> 
     </span>
    </p>
   </div>
   <div class='ocr_carea' id='block_1_35' title="bbox 838 3688 2418 3760">
    <p class='ocr_par' dir='ltr' id='par_1_35' title="bbox 838 3688 2418 3760">
     <span class='ocr_line' id='line_1_35' title="bbox 838 3688 2418 3760; baseline -0.001 -15"><span class='ocrx_word' id='word_1_270' title='bbox 838 3700 1162 3760; x_wconf 77' lang='lat' dir='ltr'><strong>przeceptnm</strong></span> <span class='ocrx_word' id='word_1_271' title='bbox 1188 3688 1464 3759; x_wconf 89' lang='lat' dir='ltr'><strong>despicere</strong></span> <span class='ocrx_word' id='word_1_272' title='bbox 1485 3690 1709 3744; x_wconf 91' lang='lat' dir='ltr'><strong>docetis.</strong></span> <span class='ocrx_word' id='word_1_273' title='bbox 1735 3688 2111 3759; x_wconf 81' lang='lat' dir='ltr'><strong>Jusjurandum</strong></span> <span class='ocrx_word' id='word_1_274' title='bbox 2130 3700 2273 3743; x_wconf 83' lang='lat' dir='ltr'><strong>vetat</strong></span> <span class='ocrx_word' id='word_1_275' title='bbox 2300 3705 2418 3743; x_wconf 86' lang='lat' dir='ltr'><strong>om-</strong></span> 
     </span>
    </p>
   </div>
   <div class='ocr_carea' id='block_1_36' title="bbox 836 3781 2416 3851">
    <p class='ocr_par' dir='ltr' id='par_1_36' title="bbox 836 3781 2416 3851">
     <span class='ocr_line' id='line_1_36' title="bbox 836 3781 2416 3851; baseline 0.002 -14"><span class='ocrx_word' id='word_1_276' title='bbox 836 3797 940 3847; x_wconf 83' lang='lat' dir='ltr'><strong>ne;</strong></span> <span class='ocrx_word' id='word_1_277' title='bbox 972 3796 1069 3836; x_wconf 83' lang='lat' dir='ltr'><strong>vos</strong></span> <span class='ocrx_word' id='word_1_278' title='bbox 1106 3781 1151 3835; x_wconf 91' lang='lat' dir='ltr'><strong>si</strong></span> <span class='ocrx_word' id='word_1_279' title='bbox 1176 3796 1334 3851; x_wconf 90' lang='lat' dir='ltr'><strong>quem</strong></span> <span class='ocrx_word' id='word_1_280' title='bbox 1367 3781 1416 3835; x_wconf 93' lang='lat' dir='ltr'><strong>id</strong></span> <span class='ocrx_word' id='word_1_281' title='bbox 1444 3797 1661 3837; x_wconf 85' lang='lat' dir='ltr'><strong>servare</strong></span> <span class='ocrx_word' id='word_1_282' title='bbox 1702 3782 1944 3837; x_wconf 90' lang='lat' dir='ltr'><strong>videritis</strong></span> <span class='ocrx_word' id='word_1_283' title='bbox 1964 3824 1979 3845; x_wconf 89' lang='lat'><strong>,</strong></span> <span class='ocrx_word' id='word_1_284' title='bbox 2011 3784 2169 3837; x_wconf 92' lang='lat' dir='ltr'><strong>etiam</strong></span> <span class='ocrx_word' id='word_1_285' title='bbox 2211 3783 2416 3840; x_wconf 90' lang='lat' dir='ltr'><strong>ridetis.</strong></span> 
     </span>
    </p>
   </div>
   <div class='ocr_carea' id='block_1_37' title="bbox 841 3871 2417 3947">
    <p class='ocr_par' dir='ltr' id='par_1_37' title="bbox 841 3871 2417 3947">
     <span class='ocr_line' id='line_1_37' title="bbox 841 3871 2417 3947; baseline 0.002 -21"><span class='ocrx_word' id='word_1_286' title='bbox 841 3872 942 3939; x_wconf 84' lang='lat' dir='ltr'><strong>Qui</strong></span> <span class='ocrx_word' id='word_1_287' title='bbox 975 3882 1132 3935; x_wconf 86' lang='lat' dir='ltr'><strong>amat,</strong></span> <span class='ocrx_word' id='word_1_288' title='bbox 1172 3871 1364 3943; x_wconf 87' lang='lat' dir='ltr'><strong>inquit,</strong></span> <span class='ocrx_word' id='word_1_289' title='bbox 1406 3873 1627 3926; x_wconf 87' lang='lat' dir='ltr'><strong>animam</strong></span> <span class='ocrx_word' id='word_1_290' title='bbox 1662 3890 1827 3941; x_wconf 87' lang='lat' dir='ltr'><strong>suam,</strong></span> <span class='ocrx_word' id='word_1_291' title='bbox 1877 3875 2050 3944; x_wconf 86' lang='lat' dir='ltr'><strong>perdet</strong></span> <span class='ocrx_word' id='word_1_292' title='bbox 2088 3891 2198 3928; x_wconf 85' lang='lat' dir='ltr'><strong>eam</strong></span> <span class='ocrx_word' id='word_1_293' title='bbox 2240 3874 2417 3947; x_wconf 81' lang='lat' dir='ltr'><strong>(Joan.</strong></span> 
     </span>
    </p>
   </div>
   <div class='ocr_carea' id='block_1_38' title="bbox 841 3960 2416 4036">
    <p class='ocr_par' dir='ltr' id='par_1_38' title="bbox 841 3960 2416 4036">
     <span class='ocr_line' id='line_1_38' title="bbox 841 3960 2416 4036; baseline 0.002 -18"><span class='ocrx_word' id='word_1_294' title='bbox 841 3962 930 4018; x_wconf 74' lang='grc'><strong>12.</strong></span> <span class='ocrx_word' id='word_1_295' title='bbox 958 3960 1052 4033; x_wconf 75' lang='lat'><strong>25)</strong></span> <span class='ocrx_word' id='word_1_296' title='bbox 1077 3978 1091 4024; x_wconf 92' lang='lat'><strong>;</strong></span> <span class='ocrx_word' id='word_1_297' title='bbox 1124 3977 1217 4015; x_wconf 88' lang='lat' dir='ltr'><strong>vos</strong></span> <span class='ocrx_word' id='word_1_298' title='bbox 1237 3964 1301 4016; x_wconf 91' lang='lat' dir='ltr'><strong>ad</strong></span> <span class='ocrx_word' id='word_1_299' title='bbox 1337 3964 1475 4019; x_wconf 88' lang='lat' dir='ltr'><strong>hunc</strong></span> <span class='ocrx_word' id='word_1_300' title='bbox 1499 3980 1734 4020; x_wconf 90' lang='lat' dir='ltr'><strong>amorem</strong></span> <span class='ocrx_word' id='word_1_301' title='bbox 1766 3965 1883 4020; x_wconf 89' lang='lat' dir='ltr'><strong>illos</strong></span> <span class='ocrx_word' id='word_1_302' title='bbox 1912 3982 2122 4036; x_wconf 80' lang='lat' dir='ltr'><strong>semper</strong></span> <span class='ocrx_word' id='word_1_303' title='bbox 2146 3967 2416 4023; x_wconf 86' lang='lat' dir='ltr'><strong>inducitis.</strong></span> 
     </span>
    </p>
   </div>
   <div class='ocr_carea' id='block_1_39' title="bbox 840 4050 2424 4125">
    <p class='ocr_par' dir='ltr' id='par_1_39' title="bbox 840 4050 2424 4125">
     <span class='ocr_line' id='line_1_39' title="bbox 840 4050 2424 4125; baseline 0.004 -21"><span class='ocrx_word' id='word_1_304' title='bbox 840 4050 903 4105; x_wconf 84' lang='lat' dir='ltr'><strong>Si</strong></span> <span class='ocrx_word' id='word_1_305' title='bbox 932 4067 1032 4103; x_wconf 85' lang='lat' dir='ltr'><strong>non</strong></span> <span class='ocrx_word' id='word_1_306' title='bbox 1066 4052 1378 4117; x_wconf 84' lang='lat' dir='ltr'><strong>remiseritis,</strong></span> <span class='ocrx_word' id='word_1_307' title='bbox 1413 4054 1619 4122; x_wconf 83' lang='lat' dir='ltr'><strong>inquit,</strong></span> <span class='ocrx_word' id='word_1_308' title='bbox 1660 4055 1943 4109; x_wconf 85' lang='lat' dir='ltr'><strong>hominibus</strong></span> <span class='ocrx_word' id='word_1_309' title='bbox 1988 4066 2227 4125; x_wconf 83' lang='lat' dir='ltr'><strong>peccata,</strong></span> <span class='ocrx_word' id='word_1_310' title='bbox 2265 4074 2424 4119; x_wconf 81' lang='lat' dir='ltr'><strong>neque</strong></span> 
     </span>
    </p>
   </div>
   <div class='ocr_carea' id='block_1_40' title="bbox 833 4139 2421 4215">
    <p class='ocr_par' dir='ltr' id='par_1_40' title="bbox 833 4139 2421 4215">
     <span class='ocr_line' id='line_1_40' title="bbox 833 4139 2421 4215; baseline 0.006 -26"><span class='ocrx_word' id='word_1_311' title='bbox 833 4140 977 4192; x_wconf 79' lang='lat' dir='ltr'><strong>nobis</strong></span> <span class='ocrx_word' id='word_1_312' title='bbox 1002 4142 1217 4193; x_wconf 81' lang='lat' dir='ltr'><strong>remittet</strong></span> <span class='ocrx_word' id='word_1_313' title='bbox 1240 4139 1395 4195; x_wconf 71' lang='lat' dir='ltr'><strong>Pater</strong></span> <span class='ocrx_word' id='word_1_314' title='bbox 1422 4153 1580 4196; x_wconf 71' lang='lat' dir='ltr'><strong>vester</strong></span> <span class='ocrx_word' id='word_1_315' title='bbox 1606 4145 1818 4196; x_wconf 75' lang='lat' dir='ltr'><strong>cwlestis</strong></span> <span class='ocrx_word' id='word_1_316' title='bbox 1849 4143 2059 4213; x_wconf 82' lang='lat' dir='ltr'><strong>(Matth.</strong></span> <span class='ocrx_word' id='word_1_317' title='bbox 2089 4145 2141 4199; x_wconf 85' lang='lat'><strong>6.</strong></span> <span class='ocrx_word' id='word_1_318' title='bbox 2178 4146 2298 4215; x_wconf 67' lang='lat' dir='ltr'><strong>i4);</strong></span> <span class='ocrx_word' id='word_1_319' title='bbox 2327 4162 2421 4200; x_wconf 87' lang='lat' dir='ltr'><strong>vos</strong></span> 
     </span>
    </p>
   </div>
   <div class='ocr_carea' id='block_1_41' title="bbox 844 4230 2419 4304">
    <p class='ocr_par' dir='ltr' id='par_1_41' title="bbox 844 4230 2419 4304">
     <span class='ocr_line' id='line_1_41' title="bbox 844 4230 2419 4304; baseline 0.007 -22"><span class='ocrx_word' id='word_1_320' title='bbox 844 4230 950 4286; x_wconf 88' lang='lat' dir='ltr'><strong>illis</strong></span> <span class='ocrx_word' id='word_1_321' title='bbox 995 4233 1356 4301; x_wconf 83' lang='lat' dir='ltr'><strong>exprobratis,</strong></span> <span class='ocrx_word' id='word_1_322' title='bbox 1383 4248 1505 4287; x_wconf 91' lang='lat' dir='ltr'><strong>cum</strong></span> <span class='ocrx_word' id='word_1_323' title='bbox 1559 4249 1673 4299; x_wconf 88' lang='lat' dir='ltr'><strong>eos,</strong></span> <span class='ocrx_word' id='word_1_324' title='bbox 1703 4236 1881 4304; x_wconf 87' lang='lat' dir='ltr'><strong>quise</strong></span> <span class='ocrx_word' id='word_1_325' title='bbox 1926 4235 2181 4301; x_wconf 70' lang='lat' dir='ltr'><strong>lmserint,</strong></span> <span class='ocrx_word' id='word_1_326' title='bbox 2237 4238 2419 4293; x_wconf 88' lang='lat' dir='ltr'><strong>ulcisci</strong></span> 
     </span>
    </p>
   </div>
   <div class='ocr_carea' id='block_1_42' title="bbox 843 4322 2420 4397">
    <p class='ocr_par' dir='ltr' id='par_1_42' title="bbox 843 4322 2420 4397">
     <span class='ocr_line' id='line_1_42' title="bbox 843 4322 2420 4397; baseline 0.004 -19"><span class='ocrx_word' id='word_1_327' title='bbox 843 4322 1054 4389; x_wconf 82' lang='lat' dir='ltr'><strong>nolunt;</strong></span> <span class='ocrx_word' id='word_1_328' title='bbox 1087 4334 1248 4396; x_wconf 91' lang='lat' dir='ltr'><strong>ntqne</strong></span> <span class='ocrx_word' id='word_1_329' title='bbox 1272 4326 1321 4379; x_wconf 90' lang='lat' dir='ltr'><strong>id</strong></span> <span class='ocrx_word' id='word_1_330' title='bbox 1349 4336 1553 4381; x_wconf 90' lang='lat' dir='ltr'><strong>mature</strong></span> <span class='ocrx_word' id='word_1_331' title='bbox 1580 4336 1832 4396; x_wconf 72' lang='lat' dir='ltr'><strong>prrestarc</strong></span> <span class='ocrx_word' id='word_1_332' title='bbox 1873 4330 2074 4397; x_wconf 89' lang='lat' dir='ltr'><strong>possint</strong></span> <span class='ocrx_word' id='word_1_333' title='bbox 2119 4330 2236 4383; x_wconf 87' lang='lat' dir='ltr'><strong>illos</strong></span> <span class='ocrx_word' id='word_1_334' title='bbox 2265 4331 2420 4386; x_wconf 87' lang='lat' dir='ltr'><strong>insti-</strong></span> 
     </span>
    </p>
   </div>
   <div class='ocr_carea' id='block_1_43' title="bbox 841 4417 2423 4491">
    <p class='ocr_par' dir='ltr' id='par_1_43' title="bbox 841 4417 2423 4491">
     <span class='ocr_line' id='line_1_43' title="bbox 841 4417 2423 4491; baseline 0.003 -21"><span class='ocrx_word' id='word_1_335' title='bbox 841 4417 1007 4472; x_wconf 86' lang='lat' dir='ltr'><strong>tnitis.</strong></span> <span class='ocrx_word' id='word_1_336' title='bbox 1059 4417 1255 4473; x_wconf 74' lang='lat' dir='ltr'><strong>Gloria:</strong></span> <span class='ocrx_word' id='word_1_337' title='bbox 1300 4418 1520 4488; x_wconf 89' lang='lat' dir='ltr'><strong>cupidos</strong></span> <span class='ocrx_word' id='word_1_338' title='bbox 1564 4419 1741 4472; x_wconf 88' lang='lat' dir='ltr'><strong>omnia</strong></span> <span class='ocrx_word' id='word_1_339' title='bbox 1790 4418 1985 4473; x_wconf 88' lang='lat' dir='ltr'><strong>frustra</strong></span> <span class='ocrx_word' id='word_1_340' title='bbox 2030 4436 2187 4491; x_wconf 87' lang='lat' dir='ltr'><strong>agere</strong></span> <span class='ocrx_word' id='word_1_341' title='bbox 2241 4421 2423 4475; x_wconf 89' lang='lat' dir='ltr'><strong>docuit</strong></span> 
     </span>
    </p>
   </div>
   <div class='ocr_carea' id='block_1_44' title="bbox 837 4506 2421 4577">
    <p class='ocr_par' dir='ltr' id='par_1_44' title="bbox 837 4506 2421 4577">
     <span class='ocr_line' id='line_1_44' title="bbox 837 4506 2421 4577; baseline 0.003 -15"><span class='ocrx_word' id='word_1_342' title='bbox 837 4506 1104 4573; x_wconf 85' lang='lat' dir='ltr'><strong>Christus,</strong></span> <span class='ocrx_word' id='word_1_343' title='bbox 1134 4510 1248 4562; x_wconf 87' lang='lat' dir='ltr'><strong>sive</strong></span> <span class='ocrx_word' id='word_1_344' title='bbox 1279 4509 1351 4562; x_wconf 90' lang='lat' dir='ltr'><strong>illi</strong></span> <span class='ocrx_word' id='word_1_345' title='bbox 1393 4508 1777 4577; x_wconf 88' lang='lat' dir='ltr'><strong>jejunaverint,</strong></span> <span class='ocrx_word' id='word_1_346' title='bbox 1812 4512 1928 4565; x_wconf 83' lang='lat' dir='ltr'><strong>sive</strong></span> <span class='ocrx_word' id='word_1_347' title='bbox 1968 4512 2237 4566; x_wconf 86' lang='lat' dir='ltr'><strong>oraverint</strong></span> <span class='ocrx_word' id='word_1_348' title='bbox 2259 4552 2273 4576; x_wconf 92' lang='lat'><strong>,</strong></span> <span class='ocrx_word' id='word_1_349' title='bbox 2302 4512 2421 4567; x_wconf 85' lang='lat' dir='ltr'><strong>sive</strong></span> 
     </span>
    </p>
   </div>
   <div class='ocr_carea' id='block_1_45' title="bbox 843 4598 2420 4670">
    <p class='ocr_par' dir='ltr' id='par_1_45' title="bbox 843 4598 2420 4670">
     <span class='ocr_line' id='line_1_45' title="bbox 843 4598 2420 4670; baseline 0.004 -19"><span class='ocrx_word' id='word_1_350' title='bbox 843 4599 1045 4653; x_wconf 89' lang='lat' dir='ltr'><strong>miserti</strong></span> <span class='ocrx_word' id='word_1_351' title='bbox 1073 4598 1299 4661; x_wconf 83' lang='lat' dir='ltr'><strong>fuerint;</strong></span> <span class='ocrx_word' id='word_1_352' title='bbox 1323 4608 1377 4652; x_wconf 89' lang='lat' dir='ltr'><strong>at</strong></span> <span class='ocrx_word' id='word_1_353' title='bbox 1399 4614 1493 4652; x_wconf 89' lang='lat' dir='ltr'><strong>vos</strong></span> <span class='ocrx_word' id='word_1_354' title='bbox 1522 4611 1579 4653; x_wconf 87' lang='lat' dir='ltr'><strong>ut</strong></span> <span class='ocrx_word' id='word_1_355' title='bbox 1608 4602 1750 4654; x_wconf 89' lang='lat' dir='ltr'><strong>illam</strong></span> <span class='ocrx_word' id='word_1_356' title='bbox 1779 4612 2131 4670; x_wconf 89' lang='lat' dir='ltr'><strong>assequantur</strong></span> <span class='ocrx_word' id='word_1_357' title='bbox 2158 4603 2286 4656; x_wconf 70' lang='lat' dir='ltr'><strong>nihil</strong></span> <span class='ocrx_word' id='word_1_358' title='bbox 2315 4619 2420 4657; x_wconf 91' lang='lat' dir='ltr'><strong>non</strong></span> 
     </span>
    </p>
   </div>
   <div class='ocr_carea' id='block_1_46' title="bbox 842 4689 2417 4760">
    <p class='ocr_par' dir='ltr' id='par_1_46' title="bbox 842 4689 2417 4760">
     <span class='ocr_line' id='line_1_46' title="bbox 842 4689 2417 4760; baseline 0.003 -18"><span class='ocrx_word' id='word_1_359' title='bbox 842 4690 1014 4759; x_wconf 80' lang='lat' dir='ltr'><strong>agitis.</strong></span> <span class='ocrx_word' id='word_1_360' title='bbox 1050 4689 1249 4758; x_wconf 80' lang='lat' dir='ltr'><strong>Ecquid</strong></span> <span class='ocrx_word' id='word_1_361' title='bbox 1281 4703 1413 4756; x_wconf 90' lang='lat' dir='ltr'><strong>opus</strong></span> <span class='ocrx_word' id='word_1_362' title='bbox 1442 4690 1618 4743; x_wconf 90' lang='lat' dir='ltr'><strong>omnia</strong></span> <span class='ocrx_word' id='word_1_363' title='bbox 1659 4691 1924 4760; x_wconf 88' lang='lat' dir='ltr'><strong>persequi,</strong></span> <span class='ocrx_word' id='word_1_364' title='bbox 1954 4706 2074 4746; x_wconf 93' lang='lat' dir='ltr'><strong>cum</strong></span> <span class='ocrx_word' id='word_1_365' title='bbox 2113 4708 2271 4760; x_wconf 84' lang='lat' dir='ltr'><strong>supra</strong></span> <span class='ocrx_word' id='word_1_366' title='bbox 2305 4708 2417 4746; x_wconf 83' lang='lat' dir='ltr'><strong>me-</strong></span> 
     </span>
    </p>
   </div>
   <div class='ocr_carea' id='block_1_47' title="bbox 845 4780 2423 4850">
    <p class='ocr_par' dir='ltr' id='par_1_47' title="bbox 845 4780 2423 4850">
     <span class='ocr_line' id='line_1_47' title="bbox 845 4780 2423 4850; baseline 0.001 -13"><span class='ocrx_word' id='word_1_367' title='bbox 845 4791 1046 4837; x_wconf 89' lang='lat' dir='ltr'><strong>morata</strong></span> <span class='ocrx_word' id='word_1_368' title='bbox 1071 4783 1379 4835; x_wconf 90' lang='lat' dir='ltr'><strong>innumeras</strong></span> <span class='ocrx_word' id='word_1_369' title='bbox 1396 4781 1664 4850; x_wconf 89' lang='lat' dir='ltr'><strong>gehennas</strong></span> <span class='ocrx_word' id='word_1_370' title='bbox 1688 4780 1885 4836; x_wconf 87' lang='lat' dir='ltr'><strong>inferre</strong></span> <span class='ocrx_word' id='word_1_371' title='bbox 1906 4784 2126 4850; x_wconf 89' lang='lat' dir='ltr'><strong>possint;</strong></span> <span class='ocrx_word' id='word_1_372' title='bbox 2148 4799 2246 4838; x_wconf 94' lang='lat' dir='ltr'><strong>nec</strong></span> <span class='ocrx_word' id='word_1_373' title='bbox 2264 4783 2423 4838; x_wconf 88' lang='lat' dir='ltr'><strong>modo</strong></span> 
     </span>
    </p>
   </div>
   <div class='ocr_carea' id='block_1_48' title="bbox 844 4872 2419 4941">
    <p class='ocr_par' dir='ltr' id='par_1_48' title="bbox 844 4872 2419 4941">
     <span class='ocr_line' id='line_1_48' title="bbox 844 4872 2419 4941; baseline 0.001 -16"><span class='ocrx_word' id='word_1_374' title='bbox 844 4872 1021 4928; x_wconf 87' lang='lat' dir='ltr'><strong>omnia</strong></span> <span class='ocrx_word' id='word_1_375' title='bbox 1060 4872 1240 4937; x_wconf 88' lang='lat' dir='ltr'><strong>simul,</strong></span> <span class='ocrx_word' id='word_1_376' title='bbox 1285 4872 1377 4927; x_wconf 82' lang='lat' dir='ltr'><strong>sed</strong></span> <span class='ocrx_word' id='word_1_377' title='bbox 1418 4887 1660 4926; x_wconf 91' lang='lat' dir='ltr'><strong>seorsum</strong></span> <span class='ocrx_word' id='word_1_378' title='bbox 1701 4872 1946 4941; x_wconf 85' lang='lat' dir='ltr'><strong>singula?</strong></span> <span class='ocrx_word' id='word_1_379' title='bbox 1989 4874 2056 4926; x_wconf 80' lang='lat' dir='ltr'><strong>At</strong></span> <span class='ocrx_word' id='word_1_380' title='bbox 2101 4890 2197 4929; x_wconf 86' lang='lat' dir='ltr'><strong>vos</strong></span> <span class='ocrx_word' id='word_1_381' title='bbox 2244 4876 2419 4928; x_wconf 88' lang='lat' dir='ltr'><strong>omnia</strong></span> 
     </span>
    </p>
   </div>
   <div class='ocr_carea' id='block_1_49' title="bbox 846 4963 2418 5032">
    <p class='ocr_par' dir='ltr' id='par_1_49' title="bbox 846 4963 2418 5032">
     <span class='ocr_line' id='line_1_49' title="bbox 846 4963 2418 5032; baseline 0.001 -17"><span class='ocrx_word' id='word_1_382' title='bbox 846 4964 1000 5016; x_wconf 80' lang='lat' dir='ltr'><strong>simul</strong></span> <span class='ocrx_word' id='word_1_383' title='bbox 1027 4973 1298 5031; x_wconf 84' lang='lat' dir='ltr'><strong>congesta,</strong></span> <span class='ocrx_word' id='word_1_384' title='bbox 1331 4974 1384 5016; x_wconf 92' lang='lat' dir='ltr'><strong>et</strong></span> <span class='ocrx_word' id='word_1_385' title='bbox 1411 4963 1746 5018; x_wconf 87' lang='lat' dir='ltr'><strong>intolerabile</strong></span> <span class='ocrx_word' id='word_1_386' title='bbox 1778 4971 2120 5032; x_wconf 89' lang='lat' dir='ltr'><strong>peccatorum</strong></span> <span class='ocrx_word' id='word_1_387' title='bbox 2154 4980 2289 5017; x_wconf 91' lang='lat' dir='ltr'><strong>onus</strong></span> <span class='ocrx_word' id='word_1_388' title='bbox 2317 4965 2418 5017; x_wconf 91' lang='lat' dir='ltr'><strong>im-</strong></span> 
     </span>
    </p>
   </div>
   <div class='ocr_carea' id='block_1_50' title="bbox 848 5051 2422 5121">
    <p class='ocr_par' dir='ltr' id='par_1_50' title="bbox 848 5051 2422 5121">
     <span class='ocr_line' id='line_1_50' title="bbox 848 5051 2422 5121; baseline 0.003 -16"><span class='ocrx_word' id='word_1_389' title='bbox 848 5060 1139 5121; x_wconf 89' lang='lat' dir='ltr'><strong>ponentes,</strong></span> <span class='ocrx_word' id='word_1_390' title='bbox 1169 5051 1322 5105; x_wconf 87' lang='lat' dir='ltr'><strong>sicin</strong></span> <span class='ocrx_word' id='word_1_391' title='bbox 1354 5051 1569 5105; x_wconf 82' lang='lat' dir='ltr'><strong>ﬂuvium</strong></span> <span class='ocrx_word' id='word_1_392' title='bbox 1619 5052 1828 5119; x_wconf 84' lang='lat' dir='ltr'><strong>igneum</strong></span> <span class='ocrx_word' id='word_1_393' title='bbox 1862 5054 2168 5109; x_wconf 88' lang='lat' dir='ltr'><strong>immittitis.</strong></span> <span class='ocrx_word' id='word_1_394' title='bbox 2200 5053 2422 5121; x_wconf 86' lang='lat' dir='ltr'><strong>Quando</strong></span> 
     </span>
    </p>
   </div>
   <div class='ocr_carea' id='block_1_51' title="bbox 843 5142 2419 5215">
    <p class='ocr_par' dir='ltr' id='par_1_51' title="bbox 843 5142 2419 5215">
     <span class='ocr_line' id='line_1_51' title="bbox 843 5142 2419 5215; baseline 0.002 -19"><span class='ocrx_word' id='word_1_395' title='bbox 843 5142 1069 5197; x_wconf 65' lang='lat' dir='ltr'><strong>milutem</strong></span> <span class='ocrx_word' id='word_1_396' title='bbox 1102 5143 1332 5196; x_wconf 88' lang='lat' dir='ltr'><strong>nancisci</strong></span> <span class='ocrx_word' id='word_1_397' title='bbox 1374 5149 1619 5211; x_wconf 90' lang='lat' dir='ltr'><strong>poterunt</strong></span> <span class='ocrx_word' id='word_1_398' title='bbox 1660 5152 1855 5197; x_wconf 88' lang='lat' dir='ltr'><strong>tantam</strong></span> <span class='ocrx_word' id='word_1_399' title='bbox 1900 5146 2129 5199; x_wconf 87' lang='lat' dir='ltr'><strong>ferentes</strong></span> <span class='ocrx_word' id='word_1_400' title='bbox 2170 5145 2305 5215; x_wconf 89' lang='lat' dir='ltr'><strong>ignis</strong></span> <span class='ocrx_word' id='word_1_401' title='bbox 2329 5161 2419 5199; x_wconf 89' lang='lat' dir='ltr'><strong>es-</strong></span> 
     </span>
    </p>
   </div>
   <div class='ocr_carea' id='block_1_52' title="bbox 843 5233 2419 5304">
    <p class='ocr_par' dir='ltr' id='par_1_52' title="bbox 843 5233 2419 5304">
     <span class='ocr_line' id='line_1_52' title="bbox 843 5233 2419 5304; baseline 0.002 -16"><span class='ocrx_word' id='word_1_402' title='bbox 843 5234 1000 5289; x_wconf 82' lang='lat' dir='ltr'><strong>cam?</strong></span> <span class='ocrx_word' id='word_1_403' title='bbox 1024 5234 1207 5301; x_wconf 82' lang='lat' dir='ltr'><strong>Neque</strong></span> <span class='ocrx_word' id='word_1_404' title='bbox 1250 5234 1299 5289; x_wconf 88' lang='lat' dir='ltr'><strong>id</strong></span> <span class='ocrx_word' id='word_1_405' title='bbox 1327 5233 1660 5303; x_wconf 88' lang='lat' dir='ltr'><strong>solummodo</strong></span> <span class='ocrx_word' id='word_1_406' title='bbox 1702 5249 1861 5304; x_wconf 85' lang='lat' dir='ltr'><strong>grave</strong></span> <span class='ocrx_word' id='word_1_407' title='bbox 1892 5244 2006 5297; x_wconf 50' lang='lat' dir='ltr'><strong>est,</strong></span> <span class='ocrx_word' id='word_1_408' title='bbox 2037 5236 2177 5304; x_wconf 89' lang='lat' dir='ltr'><strong>quod</strong></span> <span class='ocrx_word' id='word_1_409' title='bbox 2224 5235 2419 5291; x_wconf 88' lang='lat' dir='ltr'><strong>Christi</strong></span> 
     </span>
    </p>
   </div>
   <div class='ocr_carea' id='block_1_53' title="bbox 845 5324 2422 5396">
    <p class='ocr_par' dir='ltr' id='par_1_53' title="bbox 845 5324 2422 5396">
     <span class='ocr_line' id='line_1_53' title="bbox 845 5324 2422 5396; baseline 0.003 -19"><span class='ocrx_word' id='word_1_410' title='bbox 845 5326 1123 5394; x_wconf 52' lang='lat' dir='ltr'><strong>praect&#39;ptis</strong></span> <span class='ocrx_word' id='word_1_411' title='bbox 1144 5326 1408 5380; x_wconf 89' lang='lat' dir='ltr'><strong>contraria</strong></span> <span class='ocrx_word' id='word_1_412' title='bbox 1438 5325 1673 5379; x_wconf 87' lang='lat' dir='ltr'><strong>doceatis</strong></span> <span class='ocrx_word' id='word_1_413' title='bbox 1693 5366 1706 5387; x_wconf 91' lang='lat'><strong>,</strong></span> <span class='ocrx_word' id='word_1_414' title='bbox 1736 5324 1827 5379; x_wconf 89' lang='lat' dir='ltr'><strong>sed</strong></span> <span class='ocrx_word' id='word_1_415' title='bbox 1859 5324 1998 5394; x_wconf 89' lang='lat' dir='ltr'><strong>quod</strong></span> <span class='ocrx_word' id='word_1_416' title='bbox 2034 5327 2302 5393; x_wconf 73' lang='lat' dir='ltr'><strong>prrcclaris</strong></span> <span class='ocrx_word' id='word_1_417' title='bbox 2330 5343 2422 5396; x_wconf 88' lang='lat' dir='ltr'><strong>ap-</strong></span> 
     </span>
    </p>
   </div>
   <div class='ocr_carea' id='block_1_54' title="bbox 846 5415 2421 5486">
    <p class='ocr_par' dir='ltr' id='par_1_54' title="bbox 846 5415 2421 5486">
     <span class='ocr_line' id='line_1_54' title="bbox 846 5415 2421 5486; baseline 0.003 -19"><span class='ocrx_word' id='word_1_418' title='bbox 846 5415 1223 5485; x_wconf 85' lang='lat' dir='ltr'><strong>pellationibus</strong></span> <span class='ocrx_word' id='word_1_419' title='bbox 1244 5416 1371 5470; x_wconf 91' lang='lat' dir='ltr'><strong>vitia</strong></span> <span class='ocrx_word' id='word_1_420' title='bbox 1402 5416 1684 5486; x_wconf 82' lang='lat' dir='ltr'><strong>ablegatis,</strong></span> <span class='ocrx_word' id='word_1_421' title='bbox 1718 5416 2083 5485; x_wconf 89' lang='lat' dir='ltr'><strong>hippodromis</strong></span> <span class='ocrx_word' id='word_1_422' title='bbox 2107 5430 2167 5469; x_wconf 90' lang='lat' dir='ltr'><strong>ac</strong></span> <span class='ocrx_word' id='word_1_423' title='bbox 2201 5418 2421 5471; x_wconf 82' lang='lat' dir='ltr'><strong>theatris</strong></span> 
     </span>
    </p>
   </div>
   <div class='ocr_carea' id='block_1_55' title="bbox 840 5506 2423 5577">
    <p class='ocr_par' dir='ltr' id='par_1_55' title="bbox 840 5506 2423 5577">
     <span class='ocr_line' id='line_1_55' title="bbox 840 5506 2423 5577; baseline 0.001 -19"><span class='ocrx_word' id='word_1_424' title='bbox 840 5506 1037 5577; x_wconf 85' lang='lat' dir='ltr'><strong>jngiter</strong></span> <span class='ocrx_word' id='word_1_425' title='bbox 1054 5506 1314 5561; x_wconf 89' lang='lat' dir='ltr'><strong>interesse</strong></span> <span class='ocrx_word' id='word_1_426' title='bbox 1327 5507 1677 5562; x_wconf 86' lang='lat' dir='ltr'><strong>urbanitatem</strong></span> <span class='ocrx_word' id='word_1_427' title='bbox 1691 5516 1964 5571; x_wconf 87' lang='lat' dir='ltr'><strong>vocantes,</strong></span> <span class='ocrx_word' id='word_1_428' title='bbox 1984 5506 2196 5560; x_wconf 87' lang='lat' dir='ltr'><strong>divitias</strong></span> <span class='ocrx_word' id='word_1_429' title='bbox 2210 5506 2423 5560; x_wconf 85' lang='lat' dir='ltr'><strong>liberta-</strong></span> 
     </span>
    </p>
   </div>
   <div class='ocr_carea' id='block_1_56' title="bbox 845 5598 2421 5670">
    <p class='ocr_par' dir='ltr' id='par_1_56' title="bbox 845 5598 2421 5670">
     <span class='ocr_line' id='line_1_56' title="bbox 845 5598 2421 5670; baseline -0.001 -19"><span class='ocrx_word' id='word_1_430' title='bbox 845 5609 974 5661; x_wconf 86' lang='lat' dir='ltr'><strong>tem.</strong></span> <span class='ocrx_word' id='word_1_431' title='bbox 993 5598 1175 5668; x_wconf 75' lang='lat' dir='ltr'><strong>gloria:</strong></span> <span class='ocrx_word' id='word_1_432' title='bbox 1190 5613 1427 5653; x_wconf 89' lang='lat' dir='ltr'><strong>amorem</strong></span> <span class='ocrx_word' id='word_1_433' title='bbox 1452 5602 1955 5667; x_wconf 83' lang='lat' dir='ltr'><strong>magnanimitatem,</strong></span> <span class='ocrx_word' id='word_1_434' title='bbox 1976 5599 2334 5670; x_wconf 84' lang='lat' dir='ltr'><strong>arrogantium</strong></span> <span class='ocrx_word' id='word_1_435' title='bbox 2358 5600 2421 5651; x_wconf 86' lang='lat' dir='ltr'><strong>li-</strong></span> 
     </span>
    </p>
   </div>
   <div class='ocr_carea' id='block_1_57' title="bbox 842 5690 2420 5762">
    <p class='ocr_par' dir='ltr' id='par_1_57' title="bbox 842 5690 2420 5762">
     <span class='ocr_line' id='line_1_57' title="bbox 842 5690 2420 5762; baseline -0.003 -14"><span class='ocrx_word' id='word_1_436' title='bbox 842 5692 1074 5754; x_wconf 86' lang='lat' dir='ltr'><strong>duciam,</strong></span> <span class='ocrx_word' id='word_1_437' title='bbox 1096 5690 1522 5762; x_wconf 87' lang='lat' dir='ltr'><strong>prodigalitatem</strong></span> <span class='ocrx_word' id='word_1_438' title='bbox 1554 5690 1956 5756; x_wconf 87' lang='lat' dir='ltr'><strong>humanitatem,</strong></span> <span class='ocrx_word' id='word_1_439' title='bbox 1977 5692 2287 5762; x_wconf 87' lang='lat' dir='ltr'><strong>injustitiam</strong></span> <span class='ocrx_word' id='word_1_440' title='bbox 2310 5690 2420 5744; x_wconf 77' lang='lat' dir='ltr'><strong>for-</strong></span> 
     </span>
    </p>
   </div>
   <div class='ocr_carea' id='block_1_58' title="bbox 842 5772 2419 5859">
    <p class='ocr_par' dir='ltr' id='par_1_58' title="bbox 842 5772 2419 5859">
     <span class='ocr_line' id='line_1_58' title="bbox 842 5772 2419 5859; baseline -0.004 -20"><span class='ocrx_word' id='word_1_441' title='bbox 842 5783 1143 5840; x_wconf 86' lang='lat' dir='ltr'><strong>titudinem.</strong></span> <span class='ocrx_word' id='word_1_442' title='bbox 1171 5783 1369 5840; x_wconf 85' lang='lat' dir='ltr'><strong>Deinde</strong></span> <span class='ocrx_word' id='word_1_443' title='bbox 1391 5826 1408 5849; x_wconf 94' lang='lat'><strong>,</strong></span> <span class='ocrx_word' id='word_1_444' title='bbox 1457 5772 1757 5859; x_wconf 70' lang='lat' dir='ltr'><strong>quasihmc</strong></span> <span class='ocrx_word' id='word_1_445' title='bbox 1774 5782 1987 5859; x_wconf 66' lang='lat' dir='ltr'><strong>fallacia</strong></span> <span class='ocrx_word' id='word_1_446' title='bbox 2018 5798 2123 5836; x_wconf 87' lang='lat' dir='ltr'><strong>non</strong></span> <span class='ocrx_word' id='word_1_447' title='bbox 2147 5780 2373 5836; x_wconf 83' lang='lat' dir='ltr'><strong>sufﬁciat</strong></span> <span class='ocrx_word' id='word_1_448' title='bbox 2404 5820 2419 5843; x_wconf 91' lang='lat'><strong>,</strong></span> 
     </span>
    </p>
   </div>
   <div class='ocr_carea' id='block_1_59' title="bbox 849 5858 2423 5948">
    <p class='ocr_par' dir='ltr' id='par_1_59' title="bbox 849 5858 2423 5948">
     <span class='ocr_line' id='line_1_59' title="bbox 849 5858 2423 5948; baseline -0.006 -15"><span class='ocrx_word' id='word_1_449' title='bbox 849 5878 1090 5934; x_wconf 67' lang='lat' dir='ltr'><strong>virtutem</strong></span> <span class='ocrx_word' id='word_1_450' title='bbox 1117 5891 1328 5948; x_wconf 86' lang='lat' dir='ltr'><strong>quoque</strong></span> <span class='ocrx_word' id='word_1_451' title='bbox 1356 5874 1642 5931; x_wconf 88' lang='lat' dir='ltr'><strong>contrariis</strong></span> <span class='ocrx_word' id='word_1_452' title='bbox 1666 5858 1968 5929; x_wconf 76' lang='lat' dir='ltr'><strong>nominibus</strong></span> <span class='ocrx_word' id='word_1_453' title='bbox 1996 5874 2199 5945; x_wconf 84' lang='lat' dir='ltr'><strong>vocatis</strong></span> <span class='ocrx_word' id='word_1_454' title='bbox 2228 5910 2244 5937; x_wconf 93' lang='lat'><strong>,</strong></span> <span class='ocrx_word' id='word_1_455' title='bbox 2263 5910 2267 5914; x_wconf 63' lang='grc' dir='ltr'><em>ι</em></span> <span class='ocrx_word' id='word_1_456' title='bbox 2287 5882 2423 5924; x_wconf 83' lang='lat' dir='ltr'><strong>tent-</strong></span> 
     </span>
    </p>
   </div>
   <div class='ocr_carea' id='block_1_60' title="bbox 846 5961 2421 6043">
    <p class='ocr_par' dir='ltr' id='par_1_60' title="bbox 846 5961 2421 6043">
     <span class='ocr_line' id='line_1_60' title="bbox 846 5961 2421 6043; baseline -0.005 -23"><span class='ocrx_word' id='word_1_457' title='bbox 846 5970 1137 6043; x_wconf 66' lang='lat' dir='ltr'><strong>pcrantiam</strong></span> <span class='ocrx_word' id='word_1_458' title='bbox 1162 5966 1490 6040; x_wconf 82' lang='lat' dir='ltr'><strong>appellantes</strong></span> <span class='ocrx_word' id='word_1_459' title='bbox 1519 5966 1867 6022; x_wconf 86' lang='lat' dir='ltr'><strong>rusticitatem</strong></span> <span class='ocrx_word' id='word_1_460' title='bbox 1888 6006 1903 6034; x_wconf 93' lang='lat'><strong>,</strong></span> <span class='ocrx_word' id='word_1_461' title='bbox 1932 5962 2248 6019; x_wconf 86' lang='lat' dir='ltr'><strong>modestiam</strong></span> <span class='ocrx_word' id='word_1_462' title='bbox 2282 5961 2421 6015; x_wconf 89' lang='lat' dir='ltr'><strong>timi-</strong></span> 
     </span>
    </p>
   </div>
   <div class='ocr_carea' id='block_1_61' title="bbox 1522 570 3337 638">
    <p class='ocr_par' dir='ltr' id='par_1_61' title="bbox 1522 570 3337 638">
     <span class='ocr_line' id='line_1_61' title="bbox 1522 570 3337 638; baseline 0.005 -11"><span class='ocrx_word' id='word_1_463' title='bbox 1522 570 1577 627; x_wconf 83' lang='lat' dir='ltr'><strong>S.</strong></span> <span class='ocrx_word' id='word_1_464' title='bbox 1618 570 1897 629; x_wconf 72' lang='lat' dir='ltr'><strong>JOANNIS</strong></span> <span class='ocrx_word' id='word_1_465' title='bbox 1933 573 2405 631; x_wconf 75' lang='lat' dir='ltr'><strong>CllRYSOSTOMl</strong></span> <span class='ocrx_word' id='word_1_466' title='bbox 2443 575 2754 633; x_wconf 77' lang='lat' dir='ltr'><strong>ARClllEP.</strong></span> <span class='ocrx_word' id='word_1_467' title='bbox 2799 577 3337 638; x_wconf 66' lang='lat' dir='ltr'><strong>CONSTANTINOP.</strong></span> 
     </span>
    </p>
   </div>
   <div class='ocr_carea' id='block_1_62' title="bbox 3976 591 4080 645">
    <p class='ocr_par' dir='ltr' id='par_1_62' title="bbox 3976 591 4080 645">
     <span class='ocr_line' id='line_1_62' title="bbox 3976 591 4080 645; baseline 0 -1"><span class='ocrx_word' id='word_1_468' title='bbox 3976 591 4080 645; x_wconf 61' lang='lat'><strong>359</strong></span> 
     </span>
    </p>
   </div>
   <div class='ocr_carea' id='block_1_63' title="bbox 2510 690 4080 770">
    <p class='ocr_par' dir='ltr' id='par_1_63' title="bbox 2510 690 4080 770">
     <span class='ocr_line' id='line_1_63' title="bbox 2510 690 4080 770; baseline 0.01 -26"><span class='ocrx_word' id='word_1_469' title='bbox 2510 692 2748 753; x_wconf 87' lang='lat' dir='ltr'><strong>ditatem,</strong></span> <span class='ocrx_word' id='word_1_470' title='bbox 2772 690 3036 760; x_wconf 84' lang='lat' dir='ltr'><strong>justitiam</strong></span> <span class='ocrx_word' id='word_1_471' title='bbox 3066 697 3505 761; x_wconf 87' lang='lat' dir='ltr'><strong>imbecillitatem,</strong></span> <span class='ocrx_word' id='word_1_472' title='bbox 3530 708 3891 770; x_wconf 88' lang='lat' dir='ltr'><strong>contemptum</strong></span> <span class='ocrx_word' id='word_1_473' title='bbox 3915 704 4080 761; x_wconf 88' lang='lat' dir='ltr'><strong>fastus</strong></span> 
     </span>
    </p>
   </div>
   <div class='ocr_carea' id='block_1_64' title="bbox 2508 783 4084 859">
    <p class='ocr_par' dir='ltr' id='par_1_64' title="bbox 2508 783 4084 859">
     <span class='ocr_line' id='line_1_64' title="bbox 2508 783 4084 859; baseline 0.012 -25"><span class='ocrx_word' id='word_1_474' title='bbox 2508 783 2754 837; x_wconf 86' lang='lat' dir='ltr'><strong>servilem</strong></span> <span class='ocrx_word' id='word_1_475' title='bbox 2805 783 3041 839; x_wconf 91' lang='lat' dir='ltr'><strong>animum</strong></span> <span class='ocrx_word' id='word_1_476' title='bbox 3068 827 3085 853; x_wconf 91' lang='lat'><strong>,</strong></span> <span class='ocrx_word' id='word_1_477' title='bbox 3138 789 3447 859; x_wconf 87' lang='lat' dir='ltr'><strong>injuriarum</strong></span> <span class='ocrx_word' id='word_1_478' title='bbox 3489 788 3822 846; x_wconf 86' lang='lat' dir='ltr'><strong>tolerantiam</strong></span> <span class='ocrx_word' id='word_1_479' title='bbox 3857 795 4084 852; x_wconf 81' lang='lat' dir='ltr'><strong>inﬁrmi-</strong></span> 
     </span>
    </p>
   </div>
   <div class='ocr_carea' id='block_1_65' title="bbox 2511 874 4085 947">
    <p class='ocr_par' dir='ltr' id='par_1_65' title="bbox 2511 874 4085 947">
     <span class='ocr_line' id='line_1_65' title="bbox 2511 874 4085 947; baseline 0.013 -22"><span class='ocrx_word' id='word_1_480' title='bbox 2511 881 2672 927; x_wconf 91' lang='lat' dir='ltr'><strong>tatem</strong></span> <span class='ocrx_word' id='word_1_481' title='bbox 2700 892 2712 925; x_wconf 91' lang='lat'><strong>:</strong></span> <span class='ocrx_word' id='word_1_482' title='bbox 2763 888 2826 928; x_wconf 88' lang='lat' dir='ltr'><strong>ac</strong></span> <span class='ocrx_word' id='word_1_483' title='bbox 2853 874 2896 928; x_wconf 91' lang='lat' dir='ltr'><strong>si</strong></span> <span class='ocrx_word' id='word_1_484' title='bbox 2927 880 3178 934; x_wconf 90' lang='lat' dir='ltr'><strong>metuatis</strong></span> <span class='ocrx_word' id='word_1_485' title='bbox 3225 896 3292 937; x_wconf 91' lang='lat' dir='ltr'><strong>ne</strong></span> <span class='ocrx_word' id='word_1_486' title='bbox 3323 923 3339 947; x_wconf 93' lang='lat'><strong>,</strong></span> <span class='ocrx_word' id='word_1_487' title='bbox 3371 882 3413 935; x_wconf 93' lang='lat' dir='ltr'><strong>si</strong></span> <span class='ocrx_word' id='word_1_488' title='bbox 3453 881 3522 937; x_wconf 88' lang='lat' dir='ltr'><strong>ab</strong></span> <span class='ocrx_word' id='word_1_489' title='bbox 3550 881 3666 935; x_wconf 91' lang='lat' dir='ltr'><strong>aliis</strong></span> <span class='ocrx_word' id='word_1_490' title='bbox 3686 898 3866 938; x_wconf 83' lang='lat' dir='ltr'><strong>veram</strong></span> <span class='ocrx_word' id='word_1_491' title='bbox 3896 887 4085 945; x_wconf 87' lang='lat' dir='ltr'><strong>borum</strong></span> 
     </span>
    </p>
   </div>
   <div class='ocr_carea' id='block_1_66' title="bbox 2510 965 4086 1045">
    <p class='ocr_par' dir='ltr' id='par_1_66' title="bbox 2510 965 4086 1045">
     <span class='ocr_line' id='line_1_66' title="bbox 2510 965 4086 1045; baseline 0.013 -33"><span class='ocrx_word' id='word_1_492' title='bbox 2510 965 2914 1033; x_wconf 87' lang='lat' dir='ltr'><strong>appe!lationcm</strong></span> <span class='ocrx_word' id='word_1_493' title='bbox 2942 966 3207 1024; x_wconf 89' lang='lat' dir='ltr'><strong>audierint</strong></span> <span class='ocrx_word' id='word_1_494' title='bbox 3235 972 3326 1025; x_wconf 87' lang='lat' dir='ltr'><strong>lilii</strong></span> <span class='ocrx_word' id='word_1_495' title='bbox 3357 973 3554 1041; x_wconf 90' lang='lat' dir='ltr'><strong>vestri,</strong></span> <span class='ocrx_word' id='word_1_496' title='bbox 3586 974 3870 1044; x_wconf 86' lang='lat' dir='ltr'><strong>perniciem</strong></span> <span class='ocrx_word' id='word_1_497' title='bbox 3897 974 4086 1045; x_wconf 80' lang='lat' dir='ltr'><strong>hujus-</strong></span> 
     </span>
    </p>
   </div>
   <div class='ocr_carea' id='block_1_67' title="bbox 2512 1054 4085 1131">
    <p class='ocr_par' dir='ltr' id='par_1_67' title="bbox 2512 1054 4085 1131">
     <span class='ocr_line' id='line_1_67' title="bbox 2512 1054 4085 1131; baseline 0.01 -26"><span class='ocrx_word' id='word_1_498' title='bbox 2512 1054 2655 1108; x_wconf 90' lang='lat' dir='ltr'><strong>modi</strong></span> <span class='ocrx_word' id='word_1_499' title='bbox 2687 1054 2905 1124; x_wconf 87' lang='lat' dir='ltr'><strong>fugiant.</strong></span> <span class='ocrx_word' id='word_1_500' title='bbox 2931 1054 3111 1125; x_wconf 88' lang='lat' dir='ltr'><strong>Neque</strong></span> <span class='ocrx_word' id='word_1_501' title='bbox 3132 1059 3273 1114; x_wconf 90' lang='lat' dir='ltr'><strong>enim</strong></span> <span class='ocrx_word' id='word_1_502' title='bbox 3296 1077 3483 1131; x_wconf 89' lang='lat' dir='ltr'><strong>parum</strong></span> <span class='ocrx_word' id='word_1_503' title='bbox 3511 1063 3719 1118; x_wconf 84' lang='lat' dir='ltr'><strong>confert</strong></span> <span class='ocrx_word' id='word_1_504' title='bbox 3748 1063 3812 1117; x_wconf 90' lang='lat' dir='ltr'><strong>ad</strong></span> <span class='ocrx_word' id='word_1_505' title='bbox 3836 1065 4085 1120; x_wconf 89' lang='lat' dir='ltr'><strong>vitiorum</strong></span> 
     </span>
    </p>
   </div>
   <div class='ocr_carea' id='block_1_68' title="bbox 2513 1148 4089 1226">
    <p class='ocr_par' dir='ltr' id='par_1_68' title="bbox 2513 1148 4089 1226">
     <span class='ocr_line' id='line_1_68' title="bbox 2513 1148 4089 1226; baseline 0.008 -26"><span class='ocrx_word' id='word_1_506' title='bbox 2513 1150 2841 1201; x_wconf 84' lang='lat' dir='ltr'><strong>aversioncm</strong></span> <span class='ocrx_word' id='word_1_507' title='bbox 2870 1188 2883 1209; x_wconf 83' lang='lat'><strong>,</strong></span> <span class='ocrx_word' id='word_1_508' title='bbox 2912 1148 2954 1200; x_wconf 91' lang='lat' dir='ltr'><strong>si</strong></span> <span class='ocrx_word' id='word_1_509' title='bbox 2984 1151 3139 1203; x_wconf 61' lang='lat' dir='ltr'><strong>nudae</strong></span> <span class='ocrx_word' id='word_1_510' title='bbox 3160 1162 3213 1205; x_wconf 90' lang='lat' dir='ltr'><strong>et</strong></span> <span class='ocrx_word' id='word_1_511' title='bbox 3231 1157 3458 1223; x_wconf 70' lang='lat' dir='ltr'><strong>propria:</strong></span> <span class='ocrx_word' id='word_1_512' title='bbox 3493 1173 3677 1212; x_wconf 89' lang='lat' dir='ltr'><strong>eorum</strong></span> <span class='ocrx_word' id='word_1_513' title='bbox 3707 1157 4089 1226; x_wconf 86' lang='lat' dir='ltr'><strong>appellationes</strong></span> 
     </span>
    </p>
   </div>
   <div class='ocr_carea' id='block_1_69' title="bbox 2516 1237 4091 1318">
    <p class='ocr_par' dir='ltr' id='par_1_69' title="bbox 2516 1237 4091 1318">
     <span class='ocr_line' id='line_1_69' title="bbox 2516 1237 4091 1318; baseline 0.009 -29"><span class='ocrx_word' id='word_1_514' title='bbox 2516 1237 2880 1303; x_wconf 83' lang='lat' dir='ltr'><strong>proferantur;</strong></span> <span class='ocrx_word' id='word_1_515' title='bbox 2923 1238 3015 1293; x_wconf 91' lang='lat' dir='ltr'><strong>sed</strong></span> <span class='ocrx_word' id='word_1_516' title='bbox 3046 1248 3248 1295; x_wconf 90' lang='lat' dir='ltr'><strong>tantum</strong></span> <span class='ocrx_word' id='word_1_517' title='bbox 3278 1245 3327 1299; x_wconf 92' lang='lat' dir='ltr'><strong>id</strong></span> <span class='ocrx_word' id='word_1_518' title='bbox 3352 1246 3510 1302; x_wconf 88' lang='lat' dir='ltr'><strong>habet</strong></span> <span class='ocrx_word' id='word_1_519' title='bbox 3540 1249 3747 1304; x_wconf 87' lang='lat' dir='ltr'><strong>roboris</strong></span> <span class='ocrx_word' id='word_1_520' title='bbox 3771 1249 3833 1303; x_wconf 91' lang='lat' dir='ltr'><strong>ad</strong></span> <span class='ocrx_word' id='word_1_521' title='bbox 3863 1264 4091 1318; x_wconf 85' lang='lat' dir='ltr'><strong>peccan-</strong></span> 
     </span>
    </p>
   </div>
   <div class='ocr_carea' id='block_1_70' title="bbox 2518 1328 4091 1411">
    <p class='ocr_par' dir='ltr' id='par_1_70' title="bbox 2518 1328 4091 1411">
     <span class='ocr_line' id='line_1_70' title="bbox 2518 1328 4091 1411; baseline 0.011 -32"><span class='ocrx_word' id='word_1_522' title='bbox 2518 1328 2644 1380; x_wconf 89' lang='lat' dir='ltr'><strong>tinm</strong></span> <span class='ocrx_word' id='word_1_523' title='bbox 2686 1330 2891 1383; x_wconf 90' lang='lat' dir='ltr'><strong>animos</strong></span> <span class='ocrx_word' id='word_1_524' title='bbox 2918 1329 3183 1386; x_wconf 88' lang='lat' dir='ltr'><strong>feriendos</strong></span> <span class='ocrx_word' id='word_1_525' title='bbox 3213 1374 3227 1398; x_wconf 93' lang='lat'><strong>,</strong></span> <span class='ocrx_word' id='word_1_526' title='bbox 3258 1344 3312 1389; x_wconf 93' lang='lat' dir='ltr'><strong>ut</strong></span> <span class='ocrx_word' id='word_1_527' title='bbox 3336 1338 3574 1409; x_wconf 90' lang='lat' dir='ltr'><strong>plerique</strong></span> <span class='ocrx_word' id='word_1_528' title='bbox 3603 1357 3744 1410; x_wconf 70' lang='lat' dir='ltr'><strong>saepe</strong></span> <span class='ocrx_word' id='word_1_529' title='bbox 3773 1342 4091 1411; x_wconf 73' lang='lat' dir='ltr'><strong>turpissimis</strong></span> 
     </span>
    </p>
   </div>
   <div class='ocr_carea' id='block_1_71' title="bbox 2518 1420 4091 1498">
    <p class='ocr_par' dir='ltr' id='par_1_71' title="bbox 2518 1420 4091 1498">
     <span class='ocr_line' id='line_1_71' title="bbox 2518 1420 4091 1498; baseline 0.012 -26"><span class='ocrx_word' id='word_1_530' title='bbox 2518 1420 2750 1490; x_wconf 85' lang='lat' dir='ltr'><strong>insignes</strong></span> <span class='ocrx_word' id='word_1_531' title='bbox 2776 1422 2911 1476; x_wconf 83' lang='lat' dir='ltr'><strong>vitiis</strong></span> <span class='ocrx_word' id='word_1_532' title='bbox 2941 1464 2957 1489; x_wconf 92' lang='lat'><strong>,</strong></span> <span class='ocrx_word' id='word_1_533' title='bbox 2988 1438 3044 1477; x_wconf 87' lang='lat' dir='ltr'><strong>se</strong></span> <span class='ocrx_word' id='word_1_534' title='bbox 3072 1424 3140 1477; x_wconf 92' lang='lat' dir='ltr'><strong>ita</strong></span> <span class='ocrx_word' id='word_1_535' title='bbox 3167 1429 3345 1481; x_wconf 90' lang='lat' dir='ltr'><strong>vocari</strong></span> <span class='ocrx_word' id='word_1_536' title='bbox 3376 1446 3481 1484; x_wconf 93' lang='lat' dir='ltr'><strong>non</strong></span> <span class='ocrx_word' id='word_1_537' title='bbox 3512 1434 3739 1488; x_wconf 88' lang='lat' dir='ltr'><strong>libenter</strong></span> <span class='ocrx_word' id='word_1_538' title='bbox 3763 1434 3963 1498; x_wconf 82' lang='lat' dir='ltr'><strong>ferant,</strong></span> <span class='ocrx_word' id='word_1_539' title='bbox 3997 1434 4091 1490; x_wconf 82' lang='lat' dir='ltr'><strong>sed</strong></span> 
     </span>
    </p>
   </div>
   <div class='ocr_carea' id='block_1_72' title="bbox 2517 1512 4092 1596">
    <p class='ocr_par' dir='ltr' id='par_1_72' title="bbox 2517 1512 4092 1596">
     <span class='ocr_line' id='line_1_72' title="bbox 2517 1512 4092 1596; baseline 0.011 -34"><span class='ocrx_word' id='word_1_540' title='bbox 2517 1512 2652 1566; x_wconf 82' lang='lat' dir='ltr'><strong>adeo</strong></span> <span class='ocrx_word' id='word_1_541' title='bbox 2682 1515 2899 1568; x_wconf 68' lang='lat' dir='ltr'><strong>saeviant</strong></span> <span class='ocrx_word' id='word_1_542' title='bbox 2924 1524 2977 1569; x_wconf 92' lang='lat' dir='ltr'><strong>et</strong></span> <span class='ocrx_word' id='word_1_543' title='bbox 3002 1514 3341 1586; x_wconf 88' lang='lat' dir='ltr'><strong>indignentur</strong></span> <span class='ocrx_word' id='word_1_544' title='bbox 3373 1560 3390 1586; x_wconf 95' lang='lat'><strong>,</strong></span> <span class='ocrx_word' id='word_1_545' title='bbox 3421 1536 3482 1574; x_wconf 90' lang='lat' dir='ltr'><strong>ac</strong></span> <span class='ocrx_word' id='word_1_546' title='bbox 3505 1524 3549 1576; x_wconf 90' lang='lat' dir='ltr'><strong>si</strong></span> <span class='ocrx_word' id='word_1_547' title='bbox 3573 1526 3913 1581; x_wconf 86' lang='lat' dir='ltr'><strong>acerbissima</strong></span> <span class='ocrx_word' id='word_1_548' title='bbox 3943 1537 4092 1596; x_wconf 87' lang='lat' dir='ltr'><strong>pate-</strong></span> 
     </span>
    </p>
   </div>
   <div class='ocr_carea' id='block_1_73' title="bbox 2517 1607 4092 1687">
    <p class='ocr_par' dir='ltr' id='par_1_73' title="bbox 2517 1607 4092 1687">
     <span class='ocr_line' id='line_1_73' title="bbox 2517 1607 4092 1687; baseline 0.01 -30"><span class='ocrx_word' id='word_1_549' title='bbox 2517 1615 2721 1661; x_wconf 88' lang='lat' dir='ltr'><strong>rentur.</strong></span> <span class='ocrx_word' id='word_1_550' title='bbox 2751 1607 2805 1662; x_wconf 87' lang='lat' dir='ltr'><strong>Si</strong></span> <span class='ocrx_word' id='word_1_551' title='bbox 2834 1610 2951 1677; x_wconf 87' lang='lat' dir='ltr'><strong>quis</strong></span> <span class='ocrx_word' id='word_1_552' title='bbox 2977 1608 3327 1665; x_wconf 88' lang='lat' dir='ltr'><strong>adulteratam</strong></span> <span class='ocrx_word' id='word_1_553' title='bbox 3360 1614 3634 1669; x_wconf 88' lang='lat' dir='ltr'><strong>mulierem</strong></span> <span class='ocrx_word' id='word_1_554' title='bbox 3658 1657 3671 1679; x_wconf 88' lang='lat'><em>.</em></span> <span class='ocrx_word' id='word_1_555' title='bbox 3715 1628 3769 1672; x_wconf 86' lang='lat' dir='ltr'><strong>et</strong></span> <span class='ocrx_word' id='word_1_556' title='bbox 3796 1628 4092 1687; x_wconf 87' lang='lat' dir='ltr'><strong>stupratum</strong></span> 
     </span>
    </p>
   </div>
   <div class='ocr_carea' id='block_1_74' title="bbox 2520 1700 4095 1774">
    <p class='ocr_par' dir='ltr' id='par_1_74' title="bbox 2520 1700 4095 1774">
     <span class='ocr_line' id='line_1_74' title="bbox 2520 1700 4095 1774; baseline 0.008 -23"><span class='ocrx_word' id='word_1_557' title='bbox 2520 1712 2739 1765; x_wconf 88' lang='lat' dir='ltr'><strong>puerum</strong></span> <span class='ocrx_word' id='word_1_558' title='bbox 2768 1715 2834 1754; x_wconf 82' lang='lat' dir='ltr'><strong>ex</strong></span> <span class='ocrx_word' id='word_1_559' title='bbox 2863 1700 3163 1769; x_wconf 90' lang='lat' dir='ltr'><strong>turpissimo</strong></span> <span class='ocrx_word' id='word_1_560' title='bbox 3184 1711 3304 1757; x_wconf 91' lang='lat' dir='ltr'><strong>actu</strong></span> <span class='ocrx_word' id='word_1_561' title='bbox 3332 1709 3621 1774; x_wconf 89' lang='lat' dir='ltr'><strong>vocaverit,</strong></span> <span class='ocrx_word' id='word_1_562' title='bbox 3643 1708 4095 1764; x_wconf 84' lang='lat' dir='ltr'><strong>irreconciliabilis</strong></span> 
     </span>
    </p>
   </div>
   <div class='ocr_carea' id='block_1_75' title="bbox 2520 1791 4091 1869">
    <p class='ocr_par' dir='ltr' id='par_1_75' title="bbox 2520 1791 4091 1869">
     <span class='ocr_line' id='line_1_75' title="bbox 2520 1791 4091 1869; baseline 0.003 -24"><span class='ocrx_word' id='word_1_563' title='bbox 2520 1791 2750 1847; x_wconf 74' lang='lat' dir='ltr'><strong>efﬁcitur</strong></span> <span class='ocrx_word' id='word_1_564' title='bbox 2778 1792 3020 1846; x_wconf 90' lang='lat' dir='ltr'><strong>inimicus</strong></span> <span class='ocrx_word' id='word_1_565' title='bbox 3049 1833 3062 1857; x_wconf 92' lang='lat'><strong>,</strong></span> <span class='ocrx_word' id='word_1_566' title='bbox 3094 1802 3275 1863; x_wconf 87' lang='lat' dir='ltr'><strong>utpote</strong></span> <span class='ocrx_word' id='word_1_567' title='bbox 3298 1797 3384 1867; x_wconf 89' lang='lat' dir='ltr'><strong>qui</strong></span> <span class='ocrx_word' id='word_1_568' title='bbox 3408 1813 3597 1869; x_wconf 87' lang='lat' dir='ltr'><strong>magna</strong></span> <span class='ocrx_word' id='word_1_569' title='bbox 3623 1800 3858 1856; x_wconf 79' lang='lat' dir='ltr'><strong>all‘ecerit</strong></span> <span class='ocrx_word' id='word_1_570' title='bbox 3881 1803 4091 1869; x_wconf 87' lang='lat' dir='ltr'><strong>injuria.</strong></span> 
     </span>
    </p>
   </div>
   <div class='ocr_carea' id='block_1_76' title="bbox 2522 1882 4093 1957">
    <p class='ocr_par' dir='ltr' id='par_1_76' title="bbox 2522 1882 4093 1957">
     <span class='ocr_line' id='line_1_76' title="bbox 2522 1882 4093 1957; baseline 0.007 -21"><span class='ocrx_word' id='word_1_571' title='bbox 2522 1882 2703 1953; x_wconf 88' lang='lat' dir='ltr'><strong>Neque</strong></span> <span class='ocrx_word' id='word_1_572' title='bbox 2738 1885 2833 1938; x_wconf 93' lang='lat' dir='ltr'><strong>hos</strong></span> <span class='ocrx_word' id='word_1_573' title='bbox 2872 1892 3076 1938; x_wconf 89' lang='lat' dir='ltr'><strong>tantum</strong></span> <span class='ocrx_word' id='word_1_574' title='bbox 3102 1925 3117 1950; x_wconf 91' lang='lat'><strong>,</strong></span> <span class='ocrx_word' id='word_1_575' title='bbox 3172 1887 3265 1941; x_wconf 89' lang='lat' dir='ltr'><strong>sed</strong></span> <span class='ocrx_word' id='word_1_576' title='bbox 3307 1892 3465 1943; x_wconf 89' lang='lat' dir='ltr'><strong>etiam</strong></span> <span class='ocrx_word' id='word_1_577' title='bbox 3497 1907 3711 1944; x_wconf 88' lang='lat' dir='ltr'><strong>avarum</strong></span> <span class='ocrx_word' id='word_1_578' title='bbox 3733 1934 3748 1957; x_wconf 92' lang='lat'><strong>,</strong></span> <span class='ocrx_word' id='word_1_579' title='bbox 3781 1893 4047 1947; x_wconf 79' lang='lat' dir='ltr'><strong>ebriosum</strong></span> <span class='ocrx_word' id='word_1_580' title='bbox 4074 1931 4093 1956; x_wconf 89' lang='lat'><strong>,</strong></span> 
     </span>
    </p>
   </div>
   <div class='ocr_carea' id='block_1_77' title="bbox 2521 1976 4097 2052">
    <p class='ocr_par' dir='ltr' id='par_1_77' title="bbox 2521 1976 4097 2052">
     <span class='ocr_line' id='line_1_77' title="bbox 2521 1976 4097 2052; baseline 0.006 -24"><span class='ocrx_word' id='word_1_581' title='bbox 2521 1986 2856 2047; x_wconf 81' lang='lat' dir='ltr'><strong>arrogantem</strong></span> <span class='ocrx_word' id='word_1_582' title='bbox 2887 2016 2901 2040; x_wconf 93' lang='lat'><strong>,</strong></span> <span class='ocrx_word' id='word_1_583' title='bbox 2953 1976 3274 2049; x_wconf 90' lang='lat' dir='ltr'><strong>demumque</strong></span> <span class='ocrx_word' id='word_1_584' title='bbox 3299 1996 3484 2036; x_wconf 90' lang='lat' dir='ltr'><strong>omnes</strong></span> <span class='ocrx_word' id='word_1_585' title='bbox 3504 1984 3821 2052; x_wconf 88' lang='lat' dir='ltr'><strong>gravissima</strong></span> <span class='ocrx_word' id='word_1_586' title='bbox 3845 1993 4097 2050; x_wconf 84' lang='lat' dir='ltr'><strong>Operatos</strong></span> 
     </span>
    </p>
   </div>
   <div class='ocr_carea' id='block_1_78' title="bbox 2522 2068 4086 2143">
    <p class='ocr_par' dir='ltr' id='par_1_78' title="bbox 2522 2068 4086 2143">
     <span class='ocr_line' id='line_1_78' title="bbox 2522 2068 4086 2143; baseline 0.004 -22"><span class='ocrx_word' id='word_1_587' title='bbox 2522 2068 2699 2123; x_wconf 85' lang='lat' dir='ltr'><strong>videas</strong></span> <span class='ocrx_word' id='word_1_588' title='bbox 2727 2109 2743 2132; x_wconf 86' lang='lat'><strong>,</strong></span> <span class='ocrx_word' id='word_1_589' title='bbox 2792 2082 2897 2121; x_wconf 91' lang='lat' dir='ltr'><strong>non</strong></span> <span class='ocrx_word' id='word_1_590' title='bbox 2929 2076 3034 2121; x_wconf 89' lang='lat' dir='ltr'><strong>tam</strong></span> <span class='ocrx_word' id='word_1_591' title='bbox 3057 2068 3124 2123; x_wconf 89' lang='lat' dir='ltr'><strong>de</strong></span> <span class='ocrx_word' id='word_1_592' title='bbox 3154 2071 3268 2139; x_wconf 85' lang='lat' dir='ltr'><strong>ipso</strong></span> <span class='ocrx_word' id='word_1_593' title='bbox 3297 2087 3460 2141; x_wconf 89' lang='lat' dir='ltr'><strong>opere</strong></span> <span class='ocrx_word' id='word_1_594' title='bbox 3486 2115 3500 2137; x_wconf 92' lang='lat'><strong>,</strong></span> <span class='ocrx_word' id='word_1_595' title='bbox 3547 2074 3789 2142; x_wconf 89' lang='lat' dir='ltr'><strong>vulgique</strong></span> <span class='ocrx_word' id='word_1_596' title='bbox 3837 2076 4086 2143; x_wconf 87' lang='lat' dir='ltr'><strong>epinione</strong></span> 
     </span>
    </p>
   </div>
   <div class='ocr_carea' id='block_1_79' title="bbox 2522 2157 4097 2229">
    <p class='ocr_par' dir='ltr' id='par_1_79' title="bbox 2522 2157 4097 2229">
     <span class='ocr_line' id='line_1_79' title="bbox 2522 2157 4097 2229; baseline 0.003 -16"><span class='ocrx_word' id='word_1_597' title='bbox 2522 2159 2638 2227; x_wconf 82' lang='lat' dir='ltr'><strong>angi</strong></span> <span class='ocrx_word' id='word_1_598' title='bbox 2665 2167 2712 2213; x_wconf 94' lang='lat' dir='ltr'><strong>et</strong></span> <span class='ocrx_word' id='word_1_599' title='bbox 2739 2157 2942 2224; x_wconf 87' lang='lat' dir='ltr'><strong>dolere,</strong></span> <span class='ocrx_word' id='word_1_600' title='bbox 2975 2175 3133 2229; x_wconf 87' lang='lat' dir='ltr'><strong>quam</strong></span> <span class='ocrx_word' id='word_1_601' title='bbox 3157 2161 3224 2215; x_wconf 90' lang='lat' dir='ltr'><strong>de</strong></span> <span class='ocrx_word' id='word_1_602' title='bbox 3247 2160 3537 2216; x_wconf 76' lang='lat' dir='ltr'><strong>facinorum</strong></span> <span class='ocrx_word' id='word_1_603' title='bbox 3567 2162 3884 2216; x_wconf 89' lang='lat' dir='ltr'><strong>nominibus.</strong></span> <span class='ocrx_word' id='word_1_604' title='bbox 3905 2161 4097 2217; x_wconf 78' lang='lat' dir='ltr'><strong>Multos</strong></span> 
     </span>
    </p>
   </div>
   <div class='ocr_carea' id='block_1_80' title="bbox 2523 2249 4097 2322">
    <p class='ocr_par' dir='ltr' id='par_1_80' title="bbox 2523 2249 4097 2322">
     <span class='ocr_line' id='line_1_80' title="bbox 2523 2249 4097 2322; baseline 0.004 -22"><span class='ocrx_word' id='word_1_605' title='bbox 2523 2263 2681 2318; x_wconf 85' lang='lat' dir='ltr'><strong>porro</strong></span> <span class='ocrx_word' id='word_1_606' title='bbox 2697 2249 2819 2304; x_wconf 89' lang='lat' dir='ltr'><strong>novi</strong></span> <span class='ocrx_word' id='word_1_607' title='bbox 2838 2250 2939 2307; x_wconf 89' lang='lat' dir='ltr'><strong>hoc</strong></span> <span class='ocrx_word' id='word_1_608' title='bbox 2958 2252 3268 2307; x_wconf 90' lang='lat' dir='ltr'><strong>emendatos</strong></span> <span class='ocrx_word' id='word_1_609' title='bbox 3284 2253 3458 2314; x_wconf 86' lang='lat' dir='ltr'><strong>modo,</strong></span> <span class='ocrx_word' id='word_1_610' title='bbox 3480 2253 3569 2322; x_wconf 91' lang='lat' dir='ltr'><strong>qui</strong></span> <span class='ocrx_word' id='word_1_611' title='bbox 3586 2252 3885 2320; x_wconf 89' lang='lat' dir='ltr'><strong>opprobriis</strong></span> <span class='ocrx_word' id='word_1_612' title='bbox 3910 2252 4097 2307; x_wconf 89' lang='lat' dir='ltr'><strong>mode-</strong></span> 
     </span>
    </p>
   </div>
   <div class='ocr_carea' id='block_1_81' title="bbox 2523 2341 4101 2413">
    <p class='ocr_par' dir='ltr' id='par_1_81' title="bbox 2523 2341 4101 2413">
     <span class='ocr_line' id='line_1_81' title="bbox 2523 2341 4101 2413; baseline 0.004 -21"><span class='ocrx_word' id='word_1_613' title='bbox 2523 2341 2744 2395; x_wconf 91' lang='lat' dir='ltr'><strong>ratiores</strong></span> <span class='ocrx_word' id='word_1_614' title='bbox 2773 2353 3079 2397; x_wconf 88' lang='lat' dir='ltr'><strong>evaserunt.</strong></span> <span class='ocrx_word' id='word_1_615' title='bbox 3106 2348 3172 2397; x_wconf 89' lang='lat' dir='ltr'><strong>At</strong></span> <span class='ocrx_word' id='word_1_616' title='bbox 3198 2358 3292 2397; x_wconf 89' lang='lat' dir='ltr'><strong>vos</strong></span> <span class='ocrx_word' id='word_1_617' title='bbox 3330 2346 3433 2397; x_wconf 89' lang='lat' dir='ltr'><strong>hoc</strong></span> <span class='ocrx_word' id='word_1_618' title='bbox 3460 2343 3707 2397; x_wconf 89' lang='lat' dir='ltr'><strong>solatium</strong></span> <span class='ocrx_word' id='word_1_619' title='bbox 3739 2351 3899 2413; x_wconf 90' lang='lat' dir='ltr'><strong>atque</strong></span> <span class='ocrx_word' id='word_1_620' title='bbox 3927 2358 4101 2398; x_wconf 80' lang='lat' dir='ltr'><strong>reme-</strong></span> 
     </span>
    </p>
   </div>
   <div class='ocr_carea' id='block_1_82' title="bbox 2522 2431 4098 2504">
    <p class='ocr_par' dir='ltr' id='par_1_82' title="bbox 2522 2431 4098 2504">
     <span class='ocr_line' id='line_1_82' title="bbox 2522 2431 4098 2504; baseline 0.003 -20"><span class='ocrx_word' id='word_1_621' title='bbox 2522 2431 2667 2484; x_wconf 89' lang='lat' dir='ltr'><strong>dium</strong></span> <span class='ocrx_word' id='word_1_622' title='bbox 2718 2432 3052 2489; x_wconf 88' lang='lat' dir='ltr'><strong>sustulistis:</strong></span> <span class='ocrx_word' id='word_1_623' title='bbox 3106 2434 3352 2504; x_wconf 88' lang='lat' dir='ltr'><strong>quodque</strong></span> <span class='ocrx_word' id='word_1_624' title='bbox 3389 2432 3603 2503; x_wconf 84' lang='lat' dir='ltr'><strong>gravius</strong></span> <span class='ocrx_word' id='word_1_625' title='bbox 3629 2442 3729 2498; x_wconf 91' lang='lat' dir='ltr'><strong>est,</strong></span> <span class='ocrx_word' id='word_1_626' title='bbox 3774 2450 3878 2486; x_wconf 90' lang='lat' dir='ltr'><strong>non</strong></span> <span class='ocrx_word' id='word_1_627' title='bbox 3922 2434 4098 2488; x_wconf 82' lang='lat' dir='ltr'><strong>verbis</strong></span> 
     </span>
    </p>
   </div>
   <div class='ocr_carea' id='block_1_83' title="bbox 2522 2524 4099 2596">
    <p class='ocr_par' dir='ltr' id='par_1_83' title="bbox 2522 2524 4099 2596">
     <span class='ocr_line' id='line_1_83' title="bbox 2522 2524 4099 2596; baseline -0.001 -18"><span class='ocrx_word' id='word_1_628' title='bbox 2522 2524 2718 2588; x_wconf 85' lang='lat' dir='ltr'><strong>solum.</strong></span> <span class='ocrx_word' id='word_1_629' title='bbox 2743 2527 2835 2580; x_wconf 90' lang='lat' dir='ltr'><strong>sed</strong></span> <span class='ocrx_word' id='word_1_630' title='bbox 2863 2526 3110 2596; x_wconf 83' lang='lat' dir='ltr'><strong>exemplo</strong></span> <span class='ocrx_word' id='word_1_631' title='bbox 3134 2541 3342 2596; x_wconf 88' lang='lat' dir='ltr'><strong>quoque</strong></span> <span class='ocrx_word' id='word_1_632' title='bbox 3363 2533 3415 2579; x_wconf 90' lang='lat' dir='ltr'><strong>et</strong></span> <span class='ocrx_word' id='word_1_633' title='bbox 3444 2540 3606 2594; x_wconf 90' lang='lat' dir='ltr'><strong>opere</strong></span> <span class='ocrx_word' id='word_1_634' title='bbox 3634 2524 3746 2580; x_wconf 73' lang='lat' dir='ltr'><strong>tunc</strong></span> <span class='ocrx_word' id='word_1_635' title='bbox 3770 2526 3872 2579; x_wconf 91' lang='lat' dir='ltr'><strong>illis</strong></span> <span class='ocrx_word' id='word_1_636' title='bbox 3899 2528 4099 2579; x_wconf 87' lang='lat' dir='ltr'><strong>monita</strong></span> 
     </span>
    </p>
   </div>
   <div class='ocr_carea' id='block_1_84' title="bbox 2521 2615 4101 2686">
    <p class='ocr_par' dir='ltr' id='par_1_84' title="bbox 2521 2615 4101 2686">
     <span class='ocr_line' id='line_1_84' title="bbox 2521 2615 4101 2686; baseline 0 -17"><span class='ocrx_word' id='word_1_637' title='bbox 2521 2615 2683 2682; x_wconf 90' lang='lat' dir='ltr'><strong>datis,</strong></span> <span class='ocrx_word' id='word_1_638' title='bbox 2710 2615 2837 2669; x_wconf 92' lang='lat' dir='ltr'><strong>dum</strong></span> <span class='ocrx_word' id='word_1_639' title='bbox 2867 2616 3010 2671; x_wconf 70' lang='lat' dir='ltr'><strong>ardes</strong></span> <span class='ocrx_word' id='word_1_640' title='bbox 3028 2616 3331 2686; x_wconf 89' lang='lat' dir='ltr'><strong>splendidas</strong></span> <span class='ocrx_word' id='word_1_641' title='bbox 3356 2617 3664 2670; x_wconf 91' lang='lat' dir='ltr'><strong>construitis</strong></span> <span class='ocrx_word' id='word_1_642' title='bbox 3691 2662 3707 2683; x_wconf 80' lang='lat'><strong>,</strong></span> <span class='ocrx_word' id='word_1_643' title='bbox 3731 2632 3887 2686; x_wconf 89' lang='lat' dir='ltr'><strong>agros</strong></span> <span class='ocrx_word' id='word_1_644' title='bbox 3923 2617 4101 2671; x_wconf 90' lang='lat' dir='ltr'><strong>emitis</strong></span> 
     </span>
    </p>
   </div>
   <div class='ocr_carea' id='block_1_85' title="bbox 2523 2707 4100 2778">
    <p class='ocr_par' dir='ltr' id='par_1_85' title="bbox 2523 2707 4100 2778">
     <span class='ocr_line' id='line_1_85' title="bbox 2523 2707 4100 2778; baseline 0 -18"><span class='ocrx_word' id='word_1_645' title='bbox 2523 2708 2921 2778; x_wconf 88' lang='lat' dir='ltr'><strong>pinguissimos,</strong></span> <span class='ocrx_word' id='word_1_646' title='bbox 2942 2708 3279 2777; x_wconf 84' lang='lat' dir='ltr'><strong>reliquosque</strong></span> <span class='ocrx_word' id='word_1_647' title='bbox 3310 2709 3617 2778; x_wconf 79' lang='lat' dir='ltr'><strong>magniﬁcos</strong></span> <span class='ocrx_word' id='word_1_648' title='bbox 3641 2717 3924 2777; x_wconf 89' lang='lat' dir='ltr'><strong>apparatus</strong></span> <span class='ocrx_word' id='word_1_649' title='bbox 3952 2707 4100 2761; x_wconf 82' lang='lat' dir='ltr'><strong>addi-</strong></span> 
     </span>
    </p>
   </div>
   <div class='ocr_carea' id='block_1_86' title="bbox 2527 2801 4101 2871">
    <p class='ocr_par' dir='ltr' id='par_1_86' title="bbox 2527 2801 4101 2871">
     <span class='ocr_line' id='line_1_86' title="bbox 2527 2801 4101 2871; baseline -0.002 -17"><span class='ocrx_word' id='word_1_650' title='bbox 2527 2802 2592 2855; x_wconf 92' lang='lat' dir='ltr'><strong>tis</strong></span> <span class='ocrx_word' id='word_1_651' title='bbox 2624 2842 2640 2865; x_wconf 92' lang='lat'><strong>,</strong></span> <span class='ocrx_word' id='word_1_652' title='bbox 2692 2816 3017 2871; x_wconf 87' lang='lat' dir='ltr'><strong>prorsnsque</strong></span> <span class='ocrx_word' id='word_1_653' title='bbox 3039 2802 3196 2855; x_wconf 87' lang='lat' dir='ltr'><strong>veluti</strong></span> <span class='ocrx_word' id='word_1_654' title='bbox 3219 2801 3443 2871; x_wconf 89' lang='lat' dir='ltr'><strong>quadam</strong></span> <span class='ocrx_word' id='word_1_655' title='bbox 3467 2801 3660 2855; x_wconf 91' lang='lat' dir='ltr'><strong>nebula</strong></span> <span class='ocrx_word' id='word_1_656' title='bbox 3682 2803 3889 2855; x_wconf 87' lang='lat' dir='ltr'><strong>animos</strong></span> <span class='ocrx_word' id='word_1_657' title='bbox 3915 2814 4101 2855; x_wconf 89' lang='lat' dir='ltr'><strong>eorum</strong></span> 
     </span>
    </p>
   </div>
   <div class='ocr_carea' id='block_1_87' title="bbox 2525 2892 4101 2961">
    <p class='ocr_par' dir='ltr' id='par_1_87' title="bbox 2525 2892 4101 2961">
     <span class='ocr_line' id='line_1_87' title="bbox 2525 2892 4101 2961; baseline -0.001 -16"><span class='ocrx_word' id='word_1_658' title='bbox 2525 2892 2909 2947; x_wconf 87' lang='lat' dir='ltr'><strong>obtenebratis.</strong></span> <span class='ocrx_word' id='word_1_659' title='bbox 2965 2892 3112 2947; x_wconf 83' lang='lat' dir='ltr'><strong>Unde</strong></span> <span class='ocrx_word' id='word_1_660' title='bbox 3160 2894 3317 2961; x_wconf 90' lang='lat' dir='ltr'><strong>igitur</strong></span> <span class='ocrx_word' id='word_1_661' title='bbox 3365 2893 3492 2945; x_wconf 90' lang='lat' dir='ltr'><strong>mihi</strong></span> <span class='ocrx_word' id='word_1_662' title='bbox 3549 2892 3855 2961; x_wconf 85' lang='lat' dir='ltr'><strong>persuaderi</strong></span> <span class='ocrx_word' id='word_1_663' title='bbox 3903 2892 4101 2961; x_wconf 82' lang='lat' dir='ltr'><strong>poterit</strong></span> 
     </span>
    </p>
   </div>
   <div class='ocr_carea' id='block_1_88' title="bbox 2527 2981 4096 3053">
    <p class='ocr_par' dir='ltr' id='par_1_88' title="bbox 2527 2981 4096 3053">
     <span class='ocr_line' id='line_1_88' title="bbox 2527 2981 4096 3053; baseline 0 -19"><span class='ocrx_word' id='word_1_664' title='bbox 2527 2998 2685 3053; x_wconf 89' lang='lat' dir='ltr'><strong>posse</strong></span> <span class='ocrx_word' id='word_1_665' title='bbox 2722 2984 2840 3038; x_wconf 91' lang='lat' dir='ltr'><strong>illos</strong></span> <span class='ocrx_word' id='word_1_666' title='bbox 2868 2982 3088 3036; x_wconf 89' lang='lat' dir='ltr'><strong>salutem</strong></span> <span class='ocrx_word' id='word_1_667' title='bbox 3120 2983 3371 3051; x_wconf 86' lang='lat' dir='ltr'><strong>consequi</strong></span> <span class='ocrx_word' id='word_1_668' title='bbox 3397 3025 3412 3049; x_wconf 95' lang='lat'><strong>,</strong></span> <span class='ocrx_word' id='word_1_669' title='bbox 3444 2999 3564 3036; x_wconf 91' lang='lat' dir='ltr'><strong>cum</strong></span> <span class='ocrx_word' id='word_1_670' title='bbox 3596 2982 3661 3037; x_wconf 91' lang='lat' dir='ltr'><strong>ad</strong></span> <span class='ocrx_word' id='word_1_671' title='bbox 3687 2998 3750 3037; x_wconf 90' lang='lat' dir='ltr'><strong>ea</strong></span> <span class='ocrx_word' id='word_1_672' title='bbox 3780 2982 3987 3037; x_wconf 88' lang='lat' dir='ltr'><strong>evocari</strong></span> <span class='ocrx_word' id='word_1_673' title='bbox 4014 2981 4096 3034; x_wconf 89' lang='lat' dir='ltr'><strong>vi-</strong></span> 
     </span>
    </p>
   </div>
   <div class='ocr_carea' id='block_1_89' title="bbox 2526 3073 4100 3144">
    <p class='ocr_par' dir='ltr' id='par_1_89' title="bbox 2526 3073 4100 3144">
     <span class='ocr_line' id='line_1_89' title="bbox 2526 3073 4100 3144; baseline -0.003 -15"><span class='ocrx_word' id='word_1_674' title='bbox 2526 3075 2678 3129; x_wconf 89' lang='lat' dir='ltr'><strong>deam</strong></span> <span class='ocrx_word' id='word_1_675' title='bbox 2703 3118 2717 3140; x_wconf 92' lang='lat'><strong>,</strong></span> <span class='ocrx_word' id='word_1_676' title='bbox 2747 3091 2864 3144; x_wconf 66' lang='lat' dir='ltr'><strong>qum</strong></span> <span class='ocrx_word' id='word_1_677' title='bbox 2889 3076 2974 3144; x_wconf 89' lang='lat' dir='ltr'><strong>qni</strong></span> <span class='ocrx_word' id='word_1_678' title='bbox 3024 3075 3223 3129; x_wconf 78' lang='lat' dir='ltr'><strong>faciunt</strong></span> <span class='ocrx_word' id='word_1_679' title='bbox 3261 3090 3476 3143; x_wconf 83' lang='lat' dir='ltr'><strong>prorsus</strong></span> <span class='ocrx_word' id='word_1_680' title='bbox 3507 3076 3772 3144; x_wconf 89' lang='lat' dir='ltr'><strong>perituros</strong></span> <span class='ocrx_word' id='word_1_681' title='bbox 3798 3089 3914 3128; x_wconf 88' lang='lat' dir='ltr'><strong>esse</strong></span> <span class='ocrx_word' id='word_1_682' title='bbox 3942 3073 4100 3128; x_wconf 89' lang='lat' dir='ltr'><strong>Chri-</strong></span> 
     </span>
    </p>
   </div>
   <div class='ocr_carea' id='block_1_90' title="bbox 2526 3163 4099 3226">
    <p class='ocr_par' dir='ltr' id='par_1_90' title="bbox 2526 3163 4099 3226">
     <span class='ocr_line' id='line_1_90' title="bbox 2526 3163 4099 3226; baseline -0.003 -7"><span class='ocrx_word' id='word_1_683' title='bbox 2526 3175 2639 3219; x_wconf 90' lang='lat' dir='ltr'><strong>stns</strong></span> <span class='ocrx_word' id='word_1_684' title='bbox 2683 3163 3009 3218; x_wconf 78' lang='lat' dir='ltr'><strong>declaravit?</strong></span> <span class='ocrx_word' id='word_1_685' title='bbox 3052 3179 3171 3218; x_wconf 91' lang='lat' dir='ltr'><strong>cum</strong></span> <span class='ocrx_word' id='word_1_686' title='bbox 3204 3165 3410 3218; x_wconf 90' lang='lat' dir='ltr'><strong>videam</strong></span> <span class='ocrx_word' id='word_1_687' title='bbox 3454 3179 3549 3217; x_wconf 86' lang='lat' dir='ltr'><strong>vos</strong></span> <span class='ocrx_word' id='word_1_688' title='bbox 3598 3164 3826 3217; x_wconf 81' lang='lat' dir='ltr'><strong>animant</strong></span> <span class='ocrx_word' id='word_1_689' title='bbox 3872 3177 4054 3216; x_wconf 89' lang='lat' dir='ltr'><strong>eorum</strong></span> <span class='ocrx_word' id='word_1_690' title='bbox 4082 3203 4099 3226; x_wconf 92' lang='lat'><strong>,</strong></span> 
     </span>
    </p>
   </div>
   <div class='ocr_carea' id='block_1_91' title="bbox 2524 3256 4101 3327">
    <p class='ocr_par' dir='ltr' id='par_1_91' title="bbox 2524 3256 4101 3327">
     <span class='ocr_line' id='line_1_91' title="bbox 2524 3256 4101 3327; baseline 0.001 -19"><span class='ocrx_word' id='word_1_691' title='bbox 2524 3259 2673 3327; x_wconf 91' lang='lat' dir='ltr'><strong>quasi</strong></span> <span class='ocrx_word' id='word_1_692' title='bbox 2707 3259 2928 3312; x_wconf 90' lang='lat' dir='ltr'><strong>minoris</strong></span> <span class='ocrx_word' id='word_1_693' title='bbox 2976 3257 3130 3326; x_wconf 90' lang='lat' dir='ltr'><strong>pretii</strong></span> <span class='ocrx_word' id='word_1_694' title='bbox 3178 3257 3382 3327; x_wconf 90' lang='lat' dir='ltr'><strong>aliquid</strong></span> <span class='ocrx_word' id='word_1_695' title='bbox 3430 3259 3695 3326; x_wconf 82' lang='lat' dir='ltr'><strong>negligere</strong></span> <span class='ocrx_word' id='word_1_696' title='bbox 3725 3299 3739 3321; x_wconf 92' lang='lat'><strong>,</strong></span> <span class='ocrx_word' id='word_1_697' title='bbox 3797 3256 3884 3310; x_wconf 92' lang='lat' dir='ltr'><strong>illa</strong></span> <span class='ocrx_word' id='word_1_698' title='bbox 3923 3265 4101 3309; x_wconf 85' lang='lat' dir='ltr'><strong>autem</strong></span> 
     </span>
    </p>
   </div>
   <div class='ocr_carea' id='block_1_92' title="bbox 2524 3344 4101 3419">
    <p class='ocr_par' dir='ltr' id='par_1_92' title="bbox 2524 3344 4101 3419">
     <span class='ocr_line' id='line_1_92' title="bbox 2524 3344 4101 3419; baseline -0.003 -19"><span class='ocrx_word' id='word_1_699' title='bbox 2524 3364 2641 3419; x_wconf 72' lang='lat' dir='ltr'><strong>qua:</strong></span> <span class='ocrx_word' id='word_1_700' title='bbox 2672 3364 2797 3402; x_wconf 89' lang='lat' dir='ltr'><strong>vere</strong></span> <span class='ocrx_word' id='word_1_701' title='bbox 2822 3348 3088 3417; x_wconf 77' lang='lat' dir='ltr'><strong>superﬂua</strong></span> <span class='ocrx_word' id='word_1_702' title='bbox 3114 3356 3236 3401; x_wconf 93' lang='lat' dir='ltr'><strong>sunt</strong></span> <span class='ocrx_word' id='word_1_703' title='bbox 3264 3388 3277 3410; x_wconf 95' lang='lat'><strong>,</strong></span> <span class='ocrx_word' id='word_1_704' title='bbox 3311 3349 3460 3416; x_wconf 92' lang='lat' dir='ltr'><strong>quasi</strong></span> <span class='ocrx_word' id='word_1_705' title='bbox 3494 3347 3791 3401; x_wconf 61' lang='lat' dir='ltr'><strong>necessaria</strong></span> <span class='ocrx_word' id='word_1_706' title='bbox 3822 3355 3876 3399; x_wconf 89' lang='lat' dir='ltr'><strong>et</strong></span> <span class='ocrx_word' id='word_1_707' title='bbox 3910 3344 4101 3413; x_wconf 68' lang='lat' dir='ltr'><strong>princi-</strong></span> 
     </span>
    </p>
   </div>
   <div class='ocr_carea' id='block_1_93' title="bbox 2525 3437 4100 3511">
    <p class='ocr_par' dir='ltr' id='par_1_93' title="bbox 2525 3437 4100 3511">
     <span class='ocr_line' id='line_1_93' title="bbox 2525 3437 4100 3511; baseline -0.003 -15"><span class='ocrx_word' id='word_1_708' title='bbox 2525 3457 2630 3511; x_wconf 88' lang='lat' dir='ltr'><strong>pna</strong></span> <span class='ocrx_word' id='word_1_709' title='bbox 2652 3442 2881 3496; x_wconf 89' lang='lat' dir='ltr'><strong>curare?</strong></span> <span class='ocrx_word' id='word_1_710' title='bbox 2908 3440 3146 3510; x_wconf 83' lang='lat' dir='ltr'><strong>Namque</strong></span> <span class='ocrx_word' id='word_1_711' title='bbox 3183 3448 3240 3493; x_wconf 93' lang='lat' dir='ltr'><strong>ut</strong></span> <span class='ocrx_word' id='word_1_712' title='bbox 3266 3454 3451 3493; x_wconf 89' lang='lat' dir='ltr'><strong>servus</strong></span> <span class='ocrx_word' id='word_1_713' title='bbox 3480 3479 3494 3505; x_wconf 89' lang='lat'><strong>,</strong></span> <span class='ocrx_word' id='word_1_714' title='bbox 3528 3448 3588 3492; x_wconf 92' lang='lat' dir='ltr'><strong>ut</strong></span> <span class='ocrx_word' id='word_1_715' title='bbox 3611 3454 3779 3506; x_wconf 86' lang='lat' dir='ltr'><strong>equus</strong></span> <span class='ocrx_word' id='word_1_716' title='bbox 3807 3479 3821 3500; x_wconf 87' lang='lat'><strong>,</strong></span> <span class='ocrx_word' id='word_1_717' title='bbox 3855 3448 3909 3490; x_wconf 91' lang='lat' dir='ltr'><strong>ut</strong></span> <span class='ocrx_word' id='word_1_718' title='bbox 3933 3437 4100 3491; x_wconf 82' lang='lat' dir='ltr'><strong>vesti-</strong></span> 
     </span>
    </p>
   </div>
   <div class='ocr_carea' id='block_1_94' title="bbox 2526 3528 4101 3602">
    <p class='ocr_par' dir='ltr' id='par_1_94' title="bbox 2526 3528 4101 3602">
     <span class='ocr_line' id='line_1_94' title="bbox 2526 3528 4101 3602; baseline -0.005 -13"><span class='ocrx_word' id='word_1_719' title='bbox 2526 3544 2765 3589; x_wconf 90' lang='lat' dir='ltr'><strong>mentum</strong></span> <span class='ocrx_word' id='word_1_720' title='bbox 2793 3532 3210 3602; x_wconf 87' lang='lat' dir='ltr'><strong>pulcherrimum</strong></span> <span class='ocrx_word' id='word_1_721' title='bbox 3242 3531 3352 3583; x_wconf 87' lang='lat' dir='ltr'><strong>tilio</strong></span> <span class='ocrx_word' id='word_1_722' title='bbox 3373 3531 3462 3594; x_wconf 88' lang='lat' dir='ltr'><strong>sit,</strong></span> <span class='ocrx_word' id='word_1_723' title='bbox 3495 3530 3674 3583; x_wconf 89' lang='lat' dir='ltr'><strong>omnia</strong></span> <span class='ocrx_word' id='word_1_724' title='bbox 3696 3528 3901 3593; x_wconf 90' lang='lat' dir='ltr'><strong>facitis;</strong></span> <span class='ocrx_word' id='word_1_725' title='bbox 3930 3538 3985 3582; x_wconf 93' lang='lat' dir='ltr'><strong>ut</strong></span> <span class='ocrx_word' id='word_1_726' title='bbox 4005 3543 4101 3581; x_wconf 86' lang='lat' dir='ltr'><strong>au-</strong></span> 
     </span>
    </p>
   </div>
   <div class='ocr_carea' id='block_1_95' title="bbox 2526 3621 4100 3694">
    <p class='ocr_par' dir='ltr' id='par_1_95' title="bbox 2526 3621 4100 3694">
     <span class='ocr_line' id='line_1_95' title="bbox 2526 3621 4100 3694; baseline -0.004 -14"><span class='ocrx_word' id='word_1_727' title='bbox 2526 3638 2631 3681; x_wconf 89' lang='lat' dir='ltr'><strong>tem</strong></span> <span class='ocrx_word' id='word_1_728' title='bbox 2655 3627 2766 3694; x_wconf 90' lang='lat' dir='ltr'><strong>ipse</strong></span> <span class='ocrx_word' id='word_1_729' title='bbox 2781 3625 2978 3693; x_wconf 88' lang='lat' dir='ltr'><strong>probus</strong></span> <span class='ocrx_word' id='word_1_730' title='bbox 2999 3625 3087 3687; x_wconf 90' lang='lat' dir='ltr'><strong>sit,</strong></span> <span class='ocrx_word' id='word_1_731' title='bbox 3111 3638 3179 3677; x_wconf 90' lang='lat' dir='ltr'><strong>ne</strong></span> <span class='ocrx_word' id='word_1_732' title='bbox 3195 3623 3427 3691; x_wconf 89' lang='lat' dir='ltr'><strong>cogitare</strong></span> <span class='ocrx_word' id='word_1_733' title='bbox 3449 3621 3658 3690; x_wconf 87' lang='lat' dir='ltr'><strong>quidem</strong></span> <span class='ocrx_word' id='word_1_734' title='bbox 3681 3621 3866 3675; x_wconf 86' lang='lat' dir='ltr'><strong>vultis:</strong></span> <span class='ocrx_word' id='word_1_735' title='bbox 3889 3636 3951 3674; x_wconf 92' lang='lat' dir='ltr'><strong>ac</strong></span> <span class='ocrx_word' id='word_1_736' title='bbox 3978 3636 4100 3675; x_wconf 87' lang='lat' dir='ltr'><strong>cum</strong></span> 
     </span>
    </p>
   </div>
   <div class='ocr_carea' id='block_1_96' title="bbox 2527 3713 4095 3788">
    <p class='ocr_par' dir='ltr' id='par_1_96' title="bbox 2527 3713 4095 3788">
     <span class='ocr_line' id='line_1_96' title="bbox 2527 3713 4095 3788; baseline -0.005 -15"><span class='ocrx_word' id='word_1_737' title='bbox 2527 3718 2592 3773; x_wconf 87' lang='lat' dir='ltr'><strong>ad</strong></span> <span class='ocrx_word' id='word_1_738' title='bbox 2620 3720 2857 3788; x_wconf 88' lang='lat' dir='ltr'><strong>lignum,</strong></span> <span class='ocrx_word' id='word_1_739' title='bbox 2886 3717 2952 3770; x_wconf 90' lang='lat' dir='ltr'><strong>ad</strong></span> <span class='ocrx_word' id='word_1_740' title='bbox 2997 3716 3223 3783; x_wconf 89' lang='lat' dir='ltr'><strong>lapidem</strong></span> <span class='ocrx_word' id='word_1_741' title='bbox 3270 3714 3372 3767; x_wconf 88' lang='lat' dir='ltr'><strong>hoc</strong></span> <span class='ocrx_word' id='word_1_742' title='bbox 3414 3713 3644 3767; x_wconf 90' lang='lat' dir='ltr'><strong>studium</strong></span> <span class='ocrx_word' id='word_1_743' title='bbox 3697 3714 3711 3743; x_wconf 80' lang='grc'>¹</span> <span class='ocrx_word' id='word_1_744' title='bbox 3747 3713 4047 3767; x_wconf 74' lang='lat' dir='ltr'><strong>extendatis</strong></span> <span class='ocrx_word' id='word_1_745' title='bbox 4080 3752 4095 3776; x_wconf 92' lang='lat'><strong>,</strong></span> 
     </span>
    </p>
   </div>
   <div class='ocr_carea' id='block_1_97' title="bbox 2526 3802 4097 3874">
    <p class='ocr_par' dir='ltr' id='par_1_97' title="bbox 2526 3802 4097 3874">
     <span class='ocr_line' id='line_1_97' title="bbox 2526 3802 4097 3874; baseline -0.003 -12"><span class='ocrx_word' id='word_1_746' title='bbox 2526 3811 2758 3862; x_wconf 87' lang='lat' dir='ltr'><strong>animam</strong></span> <span class='ocrx_word' id='word_1_747' title='bbox 2799 3823 2866 3861; x_wconf 93' lang='lat' dir='ltr'><strong>ne</strong></span> <span class='ocrx_word' id='word_1_748' title='bbox 2910 3807 3128 3860; x_wconf 89' lang='lat' dir='ltr'><strong>minima</strong></span> <span class='ocrx_word' id='word_1_749' title='bbox 3178 3804 3393 3874; x_wconf 90' lang='lat' dir='ltr'><strong>quidem</strong></span> <span class='ocrx_word' id='word_1_750' title='bbox 3434 3802 3806 3859; x_wconf 88' lang='lat' dir='ltr'><strong>sollicitudinis</strong></span> <span class='ocrx_word' id='word_1_751' title='bbox 3834 3814 3980 3872; x_wconf 87' lang='lat' dir='ltr'><strong>parte</strong></span> <span class='ocrx_word' id='word_1_752' title='bbox 4012 3803 4097 3858; x_wconf 85' lang='lat' dir='ltr'><strong>di-</strong></span> 
     </span>
    </p>
   </div>
   <div class='ocr_carea' id='block_1_98' title="bbox 2526 3895 4100 3973">
    <p class='ocr_par' dir='ltr' id='par_1_98' title="bbox 2526 3895 4100 3973">
     <span class='ocr_line' id='line_1_98' title="bbox 2526 3895 4100 3973; baseline -0.004 -17"><span class='ocrx_word' id='word_1_753' title='bbox 2526 3918 2686 3973; x_wconf 87' lang='lat' dir='ltr'><strong>gnam</strong></span> <span class='ocrx_word' id='word_1_754' title='bbox 2714 3899 2986 3969; x_wconf 90' lang='lat' dir='ltr'><strong>judicatis.</strong></span> <span class='ocrx_word' id='word_1_755' title='bbox 3015 3897 3121 3952; x_wconf 90' lang='lat' dir='ltr'><strong>Sed</strong></span> <span class='ocrx_word' id='word_1_756' title='bbox 3148 3906 3203 3950; x_wconf 92' lang='lat' dir='ltr'><strong>ut</strong></span> <span class='ocrx_word' id='word_1_757' title='bbox 3229 3906 3397 3951; x_wconf 87' lang='lat' dir='ltr'><strong>statua</strong></span> <span class='ocrx_word' id='word_1_758' title='bbox 3428 3895 3667 3966; x_wconf 72' lang='lat' dir='ltr'><strong>qumdam</strong></span> <span class='ocrx_word' id='word_1_759' title='bbox 3700 3896 3751 3951; x_wconf 91' lang='lat' dir='ltr'><strong>in</strong></span> <span class='ocrx_word' id='word_1_760' title='bbox 3783 3897 3985 3950; x_wconf 68' lang='lat' dir='ltr'><strong>(edibus</strong></span> <span class='ocrx_word' id='word_1_761' title='bbox 4003 3895 4100 3950; x_wconf 88' lang='lat' dir='ltr'><strong>ad-</strong></span> 
     </span>
    </p>
   </div>
   <div class='ocr_carea' id='block_1_99' title="bbox 2528 3988 4099 4058">
    <p class='ocr_par' dir='ltr' id='par_1_99' title="bbox 2528 3988 4099 4058">
     <span class='ocr_line' id='line_1_99' title="bbox 2528 3988 4099 4058; baseline -0.006 -11"><span class='ocrx_word' id='word_1_762' title='bbox 2528 3992 2771 4047; x_wconf 88' lang='lat' dir='ltr'><strong>miranda</strong></span> <span class='ocrx_word' id='word_1_763' title='bbox 2792 3990 3044 4058; x_wconf 78' lang='lat' dir='ltr'><strong>erigatur,</strong></span> <span class='ocrx_word' id='word_1_764' title='bbox 3062 3997 3253 4042; x_wconf 90' lang='lat' dir='ltr'><strong>tectum</strong></span> <span class='ocrx_word' id='word_1_765' title='bbox 3274 3989 3343 4042; x_wconf 92' lang='lat' dir='ltr'><strong>sit</strong></span> <span class='ocrx_word' id='word_1_766' title='bbox 3367 4003 3608 4055; x_wconf 89' lang='lat' dir='ltr'><strong>aureum,</strong></span> <span class='ocrx_word' id='word_1_767' title='bbox 3630 3988 3864 4043; x_wconf 88' lang='lat' dir='ltr'><strong>laborem</strong></span> <span class='ocrx_word' id='word_1_768' title='bbox 3886 4001 4099 4041; x_wconf 87' lang='lat' dir='ltr'><strong>omnem</strong></span> 
     </span>
    </p>
   </div>
   <div class='ocr_carea' id='block_1_100' title="bbox 2529 4079 4100 4151">
    <p class='ocr_par' dir='ltr' id='par_1_100' title="bbox 2529 4079 4100 4151">
     <span class='ocr_line' id='line_1_100' title="bbox 2529 4079 4100 4151; baseline -0.003 -17"><span class='ocrx_word' id='word_1_769' title='bbox 2529 4082 2831 4151; x_wconf 83' lang='lat' dir='ltr'><strong>suscipitis:</strong></span> <span class='ocrx_word' id='word_1_770' title='bbox 2863 4080 3096 4134; x_wconf 90' lang='lat' dir='ltr'><strong>omnium</strong></span> <span class='ocrx_word' id='word_1_771' title='bbox 3125 4088 3416 4134; x_wconf 87' lang='lat' dir='ltr'><strong>statuarum</strong></span> <span class='ocrx_word' id='word_1_772' title='bbox 3443 4079 3823 4148; x_wconf 86' lang='lat' dir='ltr'><strong>pretiosissima</strong></span> <span class='ocrx_word' id='word_1_773' title='bbox 3845 4080 4016 4130; x_wconf 88' lang='lat' dir='ltr'><strong>anima</strong></span> <span class='ocrx_word' id='word_1_774' title='bbox 4040 4084 4100 4130; x_wconf 88' lang='lat' dir='ltr'><strong>ut</strong></span> 
     </span>
    </p>
   </div>
   <div class='ocr_carea' id='block_1_101' title="bbox 2529 4168 3860 4239">
    <p class='ocr_par' dir='ltr' id='par_1_101' title="bbox 2529 4168 3860 4239">
     <span class='ocr_line' id='line_1_101' title="bbox 2529 4168 3860 4239; baseline -0.006 -12"><span class='ocrx_word' id='word_1_775' title='bbox 2529 4188 2688 4226; x_wconf 86' lang='lat' dir='ltr'><strong>aurea</strong></span> <span class='ocrx_word' id='word_1_776' title='bbox 2710 4170 3000 4233; x_wconf 78' lang='lat' dir='ltr'><strong>efﬁciatur,</strong></span> <span class='ocrx_word' id='word_1_777' title='bbox 3030 4170 3227 4224; x_wconf 90' lang='lat' dir='ltr'><strong>nullam</strong></span> <span class='ocrx_word' id='word_1_778' title='bbox 3258 4185 3436 4224; x_wconf 89' lang='lat' dir='ltr'><strong>curam</strong></span> <span class='ocrx_word' id='word_1_779' title='bbox 3460 4184 3651 4239; x_wconf 87' lang='lat' dir='ltr'><strong>gerere</strong></span> <span class='ocrx_word' id='word_1_780' title='bbox 3681 4168 3860 4222; x_wconf 91' lang='lat' dir='ltr'><strong>vultis.</strong></span> 
     </span>
    </p>
   </div>
   <div class='ocr_carea' id='block_1_102' title="bbox 2600 4259 4098 4333">
    <p class='ocr_par' dir='ltr' id='par_1_102' title="bbox 2600 4259 4098 4333">
     <span class='ocr_line' id='line_1_102' title="bbox 2600 4259 4098 4333; baseline -0.005 -14"><span class='ocrx_word' id='word_1_781' title='bbox 2600 4266 2654 4319; x_wconf 89' lang='lat'><strong>8.</strong></span> <span class='ocrx_word' id='word_1_782' title='bbox 2688 4264 2753 4318; x_wconf 84' lang='grc' dir='ltr'><strong>1η</strong></span> <span class='ocrx_word' id='word_1_783' title='bbox 2781 4264 3029 4333; x_wconf 77' lang='lat' dir='ltr'><strong>nefarium</strong></span> <span class='ocrx_word' id='word_1_784' title='bbox 3069 4262 3431 4317; x_wconf 84' lang='lat' dir='ltr'><strong>Sodomiticum</strong></span> <span class='ocrx_word' id='word_1_785' title='bbox 3454 4263 3617 4316; x_wconf 79' lang='lat' dir='ltr'><strong>scelus</strong></span> <span class='ocrx_word' id='word_1_786' title='bbox 3655 4261 3902 4313; x_wconf 77' lang='lat' dir='ltr'><strong>inve/titur</strong></span> <span class='ocrx_word' id='word_1_787' title='bbox 3923 4300 3938 4323; x_wconf 86' lang='lat'><strong>,</strong></span> <span class='ocrx_word' id='word_1_788' title='bbox 3966 4259 4098 4328; x_wconf 83' lang='lat' dir='ltr'><strong>quod</strong></span> 
     </span>
    </p>
   </div>
   <div class='ocr_carea' id='block_1_103' title="bbox 2529 4349 4095 4412">
    <p class='ocr_par' dir='ltr' id='par_1_103' title="bbox 2529 4349 4095 4412">
     <span class='ocr_line' id='line_1_103' title="bbox 2529 4349 4095 4412; baseline -0.006 -1"><span class='ocrx_word' id='word_1_789' title='bbox 2529 4369 2646 4412; x_wconf 82' lang='lat' dir='ltr'><strong>tunc</strong></span> <span class='ocrx_word' id='word_1_790' title='bbox 2666 4359 2883 4410; x_wconf 75' lang='lat' dir='ltr'><strong>maxime</strong></span> <span class='ocrx_word' id='word_1_791' title='bbox 2910 4354 3174 4409; x_wconf 81' lang='lat' dir='ltr'><strong>obtinebat.</strong></span> <span class='ocrx_word' id='word_1_792' title='bbox 3195 4353 3383 4407; x_wconf 86' lang='lat' dir='ltr'><strong>—Sed</strong></span> <span class='ocrx_word' id='word_1_793' title='bbox 3410 4352 3642 4406; x_wconf 90' lang='lat' dir='ltr'><strong>nondum</strong></span> <span class='ocrx_word' id='word_1_794' title='bbox 3669 4350 3928 4403; x_wconf 87' lang='lat' dir='ltr'><strong>malorum</strong></span> <span class='ocrx_word' id='word_1_795' title='bbox 3950 4349 4095 4404; x_wconf 83' lang='lat' dir='ltr'><strong>colo-</strong></span> 
     </span>
    </p>
   </div>
   <div class='ocr_carea' id='block_1_104' title="bbox 2530 4440 4098 4519">
    <p class='ocr_par' dir='ltr' id='par_1_104' title="bbox 2530 4440 4098 4519">
     <span class='ocr_line' id='line_1_104' title="bbox 2530 4440 4098 4519; baseline -0.006 -17"><span class='ocrx_word' id='word_1_796' title='bbox 2530 4450 2760 4519; x_wconf 92' lang='lat' dir='ltr'><strong>phonem</strong></span> <span class='ocrx_word' id='word_1_797' title='bbox 2782 4447 2907 4510; x_wconf 84' lang='lat' dir='ltr'><strong>dixi,</strong></span> <span class='ocrx_word' id='word_1_798' title='bbox 2929 4461 3025 4500; x_wconf 91' lang='lat' dir='ltr'><strong>nec</strong></span> <span class='ocrx_word' id='word_1_799' title='bbox 3044 4445 3362 4499; x_wconf 90' lang='lat' dir='ltr'><strong>calamitatis</strong></span> <span class='ocrx_word' id='word_1_800' title='bbox 3381 4452 3538 4510; x_wconf 75' lang='lat' dir='ltr'><strong>caput</strong></span> <span class='ocrx_word' id='word_1_801' title='bbox 3559 4440 3733 4494; x_wconf 84' lang='lat' dir='ltr'><strong>detexi</strong></span> <span class='ocrx_word' id='word_1_802' title='bbox 3753 4457 3768 4505; x_wconf 89' lang='lat'><strong>;</strong></span> <span class='ocrx_word' id='word_1_803' title='bbox 3793 4440 3929 4509; x_wconf 89' lang='lat' dir='ltr'><strong>quod</strong></span> <span class='ocrx_word' id='word_1_804' title='bbox 3958 4456 4098 4510; x_wconf 71' lang='lat' dir='ltr'><strong>smpe</strong></span> 
     </span>
    </p>
   </div>
   <div class='ocr_carea' id='block_1_105' title="bbox 2529 4532 4099 4608">
    <p class='ocr_par' dir='ltr' id='par_1_105' title="bbox 2529 4532 4099 4608">
     <span class='ocr_line' id='line_1_105' title="bbox 2529 4532 4099 4608; baseline -0.004 -14"><span class='ocrx_word' id='word_1_805' title='bbox 2529 4541 2706 4594; x_wconf 88' lang='lat' dir='ltr'><strong>dicere</strong></span> <span class='ocrx_word' id='word_1_806' title='bbox 2732 4553 3009 4608; x_wconf 88' lang='lat' dir='ltr'><strong>aggressus</strong></span> <span class='ocrx_word' id='word_1_807' title='bbox 3032 4537 3241 4598; x_wconf 89' lang='lat' dir='ltr'><strong>erubui,</strong></span> <span class='ocrx_word' id='word_1_808' title='bbox 3270 4550 3412 4604; x_wconf 67' lang='lat' dir='ltr'><strong>smpe</strong></span> <span class='ocrx_word' id='word_1_809' title='bbox 3433 4550 3541 4604; x_wconf 77' lang='lat' dir='ltr'><strong>pra:</strong></span> <span class='ocrx_word' id='word_1_810' title='bbox 3564 4532 3762 4602; x_wconf 88' lang='lat' dir='ltr'><strong>pudore</strong></span> <span class='ocrx_word' id='word_1_811' title='bbox 3778 4534 3975 4588; x_wconf 77' lang='lat' dir='ltr'><strong>desnti.</strong></span> <span class='ocrx_word' id='word_1_812' title='bbox 4005 4532 4099 4588; x_wconf 85' lang='lat' dir='ltr'><strong>Ee-</strong></span> 
     </span>
    </p>
   </div>
   <div class='ocr_carea' id='block_1_106' title="bbox 2529 4624 4093 4700">
    <p class='ocr_par' dir='ltr' id='par_1_106' title="bbox 2529 4624 4093 4700">
     <span class='ocr_line' id='line_1_106' title="bbox 2529 4624 4093 4700; baseline -0.004 -17"><span class='ocrx_word' id='word_1_813' title='bbox 2529 4630 2651 4700; x_wconf 89' lang='lat' dir='ltr'><strong>quid</strong></span> <span class='ocrx_word' id='word_1_814' title='bbox 2676 4630 2801 4684; x_wconf 92' lang='lat' dir='ltr'><strong>illud</strong></span> <span class='ocrx_word' id='word_1_815' title='bbox 2825 4631 2948 4685; x_wconf 88' lang='lat' dir='ltr'><strong>est?</strong></span> <span class='ocrx_word' id='word_1_816' title='bbox 2985 4628 3285 4682; x_wconf 89' lang='lat' dir='ltr'><strong>audendum</strong></span> <span class='ocrx_word' id='word_1_817' title='bbox 3307 4626 3447 4680; x_wconf 91' lang='lat' dir='ltr'><strong>enim</strong></span> <span class='ocrx_word' id='word_1_818' title='bbox 3472 4625 3578 4693; x_wconf 91' lang='lat' dir='ltr'><strong>jam</strong></span> <span class='ocrx_word' id='word_1_819' title='bbox 3607 4635 3661 4679; x_wconf 90' lang='lat' dir='ltr'><strong>et</strong></span> <span class='ocrx_word' id='word_1_820' title='bbox 3688 4624 3964 4680; x_wconf 89' lang='lat' dir='ltr'><strong>dicendum</strong></span> <span class='ocrx_word' id='word_1_821' title='bbox 3992 4637 4093 4680; x_wconf 60' lang='lat' dir='ltr'><strong>esu</strong></span> 
     </span>
    </p>
   </div>
   <div class='ocr_carea' id='block_1_107' title="bbox 2528 4718 4098 4794">
    <p class='ocr_par' dir='ltr' id='par_1_107' title="bbox 2528 4718 4098 4794">
     <span class='ocr_line' id='line_1_107' title="bbox 2528 4718 4098 4794; baseline -0.004 -16"><span class='ocrx_word' id='word_1_822' title='bbox 2528 4724 2727 4793; x_wconf 74' lang='lat' dir='ltr'><strong>Magna:</strong></span> <span class='ocrx_word' id='word_1_823' title='bbox 2753 4724 2946 4794; x_wconf 90' lang='lat' dir='ltr'><strong>quippe</strong></span> <span class='ocrx_word' id='word_1_824' title='bbox 2976 4722 3198 4791; x_wconf 72' lang='lat' dir='ltr'><strong>ignavia:</strong></span> <span class='ocrx_word' id='word_1_825' title='bbox 3229 4719 3278 4773; x_wconf 91' lang='lat' dir='ltr'><strong>id</strong></span> <span class='ocrx_word' id='word_1_826' title='bbox 3302 4728 3463 4784; x_wconf 90' lang='lat' dir='ltr'><strong>esset,</strong></span> <span class='ocrx_word' id='word_1_827' title='bbox 3483 4718 3526 4771; x_wconf 90' lang='lat' dir='ltr'><strong>si</strong></span> <span class='ocrx_word' id='word_1_828' title='bbox 3556 4718 3679 4787; x_wconf 90' lang='lat' dir='ltr'><strong>quid</strong></span> <span class='ocrx_word' id='word_1_829' title='bbox 3709 4719 3833 4773; x_wconf 89' lang='lat' dir='ltr'><strong>mali</strong></span> <span class='ocrx_word' id='word_1_830' title='bbox 3854 4732 4098 4773; x_wconf 83' lang='lat' dir='ltr'><strong>resecare</strong></span> 
     </span>
    </p>
   </div>
   <div class='ocr_carea' id='block_1_108' title="bbox 2528 4809 4094 4885">
    <p class='ocr_par' dir='ltr' id='par_1_108' title="bbox 2528 4809 4094 4885">
     <span class='ocr_line' id='line_1_108' title="bbox 2528 4809 4094 4885; baseline -0.005 -16"><span class='ocrx_word' id='word_1_831' title='bbox 2528 4818 2800 4885; x_wconf 88' lang='lat' dir='ltr'><strong>cupientes</strong></span> <span class='ocrx_word' id='word_1_832' title='bbox 2828 4856 2843 4880; x_wconf 92' lang='lat'><strong>,</strong></span> <span class='ocrx_word' id='word_1_833' title='bbox 2876 4829 2943 4868; x_wconf 91' lang='lat' dir='ltr'><strong>ne</strong></span> <span class='ocrx_word' id='word_1_834' title='bbox 2974 4813 3165 4865; x_wconf 91' lang='lat' dir='ltr'><strong>mntire</strong></span> <span class='ocrx_word' id='word_1_835' title='bbox 3200 4810 3413 4879; x_wconf 86' lang='lat' dir='ltr'><strong>quidem</strong></span> <span class='ocrx_word' id='word_1_836' title='bbox 3437 4824 3599 4876; x_wconf 88' lang='lat' dir='ltr'><strong>super</strong></span> <span class='ocrx_word' id='word_1_837' title='bbox 3624 4809 3711 4862; x_wconf 93' lang='lat' dir='ltr'><strong>illo</strong></span> <span class='ocrx_word' id='word_1_838' title='bbox 3737 4809 4055 4863; x_wconf 91' lang='lat' dir='ltr'><strong>auderemus</strong></span> <span class='ocrx_word' id='word_1_839' title='bbox 4078 4848 4094 4871; x_wconf 91' lang='lat'><strong>,</strong></span> 
     </span>
    </p>
   </div>
   <div class='ocr_carea' id='block_1_109' title="bbox 2527 4903 4095 4973">
    <p class='ocr_par' dir='ltr' id='par_1_109' title="bbox 2527 4903 4095 4973">
     <span class='ocr_line' id='line_1_109' title="bbox 2527 4903 4095 4973; baseline -0.008 -10"><span class='ocrx_word' id='word_1_840' title='bbox 2527 4925 2589 4965; x_wconf 90' lang='lat' dir='ltr'><strong>ac</strong></span> <span class='ocrx_word' id='word_1_841' title='bbox 2617 4912 2660 4964; x_wconf 89' lang='lat' dir='ltr'><strong>si</strong></span> <span class='ocrx_word' id='word_1_842' title='bbox 2706 4909 2973 4963; x_wconf 90' lang='lat' dir='ltr'><strong>silentium</strong></span> <span class='ocrx_word' id='word_1_843' title='bbox 3018 4903 3382 4973; x_wconf 80' lang='lat' dir='ltr'><strong>:egritndincm</strong></span> <span class='ocrx_word' id='word_1_844' title='bbox 3413 4903 3550 4954; x_wconf 90' lang='lat' dir='ltr'><strong>ultro</strong></span> <span class='ocrx_word' id='word_1_845' title='bbox 3587 4912 3892 4957; x_wconf 82' lang='lat' dir='ltr'><strong>Sunatttt&#39;ttnt</strong></span> <span class='ocrx_word' id='word_1_846' title='bbox 3935 4907 4095 4952; x_wconf 87' lang='lat' dir='ltr'><strong>esset.</strong></span> 
     </span>
    </p>
   </div>
   <div class='ocr_carea' id='block_1_110' title="bbox 2529 4988 4095 5065">
    <p class='ocr_par' dir='ltr' id='par_1_110' title="bbox 2529 4988 4095 5065">
     <span class='ocr_line' id='line_1_110' title="bbox 2529 4988 4095 5065; baseline -0.009 -10"><span class='ocrx_word' id='word_1_847' title='bbox 2529 5000 2603 5055; x_wconf 81' lang='lat' dir='ltr'><strong>Ne</strong></span> <span class='ocrx_word' id='word_1_848' title='bbox 2631 5011 2901 5054; x_wconf 88' lang='lat' dir='ltr'><strong>taceamus</strong></span> <span class='ocrx_word' id='word_1_849' title='bbox 2930 4995 3108 5065; x_wconf 84' lang='lat' dir='ltr'><strong>igitur,</strong></span> <span class='ocrx_word' id='word_1_850' title='bbox 3128 4992 3330 5045; x_wconf 88' lang='lat' dir='ltr'><strong>etiamsi</strong></span> <span class='ocrx_word' id='word_1_851' title='bbox 3354 4993 3546 5046; x_wconf 88' lang='lat' dir='ltr'><strong>millies</strong></span> <span class='ocrx_word' id='word_1_852' title='bbox 3571 4989 3985 5047; x_wconf 82' lang='lat' dir='ltr'><strong>erubescendum</strong></span> <span class='ocrx_word' id='word_1_853' title='bbox 4007 4988 4095 5041; x_wconf 90' lang='lat' dir='ltr'><strong>sit.</strong></span> 
     </span>
    </p>
   </div>
   <div class='ocr_carea' id='block_1_111' title="bbox 2528 5079 4094 5164">
    <p class='ocr_par' dir='ltr' id='par_1_111' title="bbox 2528 5079 4094 5164">
     <span class='ocr_line' id='line_1_111' title="bbox 2528 5079 4094 5164; baseline -0.01 -18"><span class='ocrx_word' id='word_1_854' title='bbox 2528 5094 2708 5164; x_wconf 88' lang='lat' dir='ltr'><strong>Neque</strong></span> <span class='ocrx_word' id='word_1_855' title='bbox 2735 5091 2876 5146; x_wconf 90' lang='lat' dir='ltr'><strong>enim</strong></span> <span class='ocrx_word' id='word_1_856' title='bbox 2907 5087 3142 5141; x_wconf 84' lang='lat' dir='ltr'><strong>medicus</strong></span> <span class='ocrx_word' id='word_1_857' title='bbox 3163 5102 3280 5139; x_wconf 88' lang='lat' dir='ltr'><strong>cum</strong></span> <span class='ocrx_word' id='word_1_858' title='bbox 3299 5086 3646 5155; x_wconf 83' lang='lat' dir='ltr'><strong>ahstergenda</strong></span> <span class='ocrx_word' id='word_1_859' title='bbox 3668 5082 3890 5152; x_wconf 88' lang='lat' dir='ltr'><strong>putredo</strong></span> <span class='ocrx_word' id='word_1_860' title='bbox 3916 5079 4094 5144; x_wconf 73' lang='lat' dir='ltr'><strong>fuerit,</strong></span> 
     </span>
    </p>
   </div>
   <div class='ocr_carea' id='block_1_112' title="bbox 2528 5170 4096 5245">
    <p class='ocr_par' dir='ltr' id='par_1_112' title="bbox 2528 5170 4096 5245">
     <span class='ocr_line' id='line_1_112' title="bbox 2528 5170 4096 5245; baseline -0.014 -2"><span class='ocrx_word' id='word_1_861' title='bbox 2528 5188 2728 5242; x_wconf 87' lang='lat' dir='ltr'><strong>ferrum</strong></span> <span class='ocrx_word' id='word_1_862' title='bbox 2759 5182 2997 5245; x_wconf 89' lang='lat' dir='ltr'><strong>arripere</strong></span> <span class='ocrx_word' id='word_1_863' title='bbox 3022 5178 3281 5233; x_wconf 85' lang='lat' dir='ltr'><strong>dubitabit</strong></span> <span class='ocrx_word' id='word_1_864' title='bbox 3308 5219 3323 5244; x_wconf 90' lang='lat'><strong>,</strong></span> <span class='ocrx_word' id='word_1_865' title='bbox 3352 5189 3404 5232; x_wconf 91' lang='lat' dir='ltr'><strong>et</strong></span> <span class='ocrx_word' id='word_1_866' title='bbox 3424 5177 3491 5232; x_wconf 87' lang='lat' dir='ltr'><strong>ad</strong></span> <span class='ocrx_word' id='word_1_867' title='bbox 3520 5179 3688 5244; x_wconf 83' lang='lat' dir='ltr'><strong>ipsum</strong></span> <span class='ocrx_word' id='word_1_868' title='bbox 3716 5171 3949 5224; x_wconf 86' lang='lat' dir='ltr'><strong>vulneris</strong></span> <span class='ocrx_word' id='word_1_869' title='bbox 3974 5170 4096 5222; x_wconf 88' lang='lat' dir='ltr'><strong>fun-</strong></span> 
     </span>
    </p>
   </div>
   <div class='ocr_carea' id='block_1_113' title="bbox 2528 5260 4093 5345">
    <p class='ocr_par' dir='ltr' id='par_1_113' title="bbox 2528 5260 4093 5345">
     <span class='ocr_line' id='line_1_113' title="bbox 2528 5260 4093 5345; baseline -0.012 -13"><span class='ocrx_word' id='word_1_870' title='bbox 2528 5275 2858 5345; x_wconf 83' lang='lat' dir='ltr'><strong>dumdigitos</strong></span> <span class='ocrx_word' id='word_1_871' title='bbox 2880 5270 3187 5324; x_wconf 88' lang='lat' dir='ltr'><strong>immittere.</strong></span> <span class='ocrx_word' id='word_1_872' title='bbox 3216 5270 3324 5324; x_wconf 90' lang='lat' dir='ltr'><strong>Nec</strong></span> <span class='ocrx_word' id='word_1_873' title='bbox 3354 5284 3450 5323; x_wconf 89' lang='lat' dir='ltr'><strong>nos</strong></span> <span class='ocrx_word' id='word_1_874' title='bbox 3476 5266 3634 5335; x_wconf 84' lang='lat' dir='ltr'><strong>igitur</strong></span> <span class='ocrx_word' id='word_1_875' title='bbox 3663 5262 3729 5315; x_wconf 90' lang='lat' dir='ltr'><strong>de</strong></span> <span class='ocrx_word' id='word_1_876' title='bbox 3759 5260 3905 5313; x_wconf 88' lang='lat' dir='ltr'><strong>hisee</strong></span> <span class='ocrx_word' id='word_1_877' title='bbox 3934 5260 4093 5315; x_wconf 82' lang='lat' dir='ltr'><strong>verba</strong></span> 
     </span>
    </p>
   </div>
   <div class='ocr_carea' id='block_1_114' title="bbox 2530 5352 4095 5429">
    <p class='ocr_par' dir='ltr' id='par_1_114' title="bbox 2530 5352 4095 5429">
     <span class='ocr_line' id='line_1_114' title="bbox 2530 5352 4095 5429; baseline -0.011 -6"><span class='ocrx_word' id='word_1_878' title='bbox 2530 5370 2704 5423; x_wconf 80' lang='lat' dir='ltr'><strong>facere</strong></span> <span class='ocrx_word' id='word_1_879' title='bbox 2745 5362 3106 5418; x_wconf 83' lang='lat' dir='ltr'><strong>recusabimus</strong></span> <span class='ocrx_word' id='word_1_880' title='bbox 3137 5402 3153 5425; x_wconf 93' lang='lat'><strong>,</strong></span> <span class='ocrx_word' id='word_1_881' title='bbox 3183 5368 3667 5429; x_wconf 79' lang='lat' dir='ltr'><strong>quantumcumque</strong></span> <span class='ocrx_word' id='word_1_882' title='bbox 3720 5352 3986 5405; x_wconf 88' lang='lat' dir='ltr'><strong>molestior</strong></span> <span class='ocrx_word' id='word_1_883' title='bbox 4025 5354 4095 5406; x_wconf 81' lang='lat' dir='ltr'><strong>sit</strong></span> 
     </span>
    </p>
   </div>
   <div class='ocr_carea' id='block_1_115' title="bbox 2530 5442 4095 5529">
    <p class='ocr_par' dir='ltr' id='par_1_115' title="bbox 2530 5442 4095 5529">
     <span class='ocr_line' id='line_1_115' title="bbox 2530 5442 4095 5529; baseline -0.008 -19"><span class='ocrx_word' id='word_1_884' title='bbox 2530 5458 2776 5529; x_wconf 86' lang='lat' dir='ltr'><strong>putredo.</strong></span> <span class='ocrx_word' id='word_1_885' title='bbox 2806 5455 2954 5524; x_wconf 82' lang='lat' dir='ltr'><strong>Quod</strong></span> <span class='ocrx_word' id='word_1_886' title='bbox 2984 5470 3112 5526; x_wconf 83' lang='lat' dir='ltr'><strong>ergo</strong></span> <span class='ocrx_word' id='word_1_887' title='bbox 3143 5454 3356 5509; x_wconf 89' lang='lat' dir='ltr'><strong>tandem</strong></span> <span class='ocrx_word' id='word_1_888' title='bbox 3385 5447 3522 5504; x_wconf 82' lang='lat' dir='ltr'><strong>istud</strong></span> <span class='ocrx_word' id='word_1_889' title='bbox 3558 5446 3750 5498; x_wconf 87' lang='lat' dir='ltr'><strong>malum</strong></span> <span class='ocrx_word' id='word_1_890' title='bbox 3795 5442 3910 5498; x_wconf 62' lang='lat' dir='ltr'><strong>csa?</strong></span> <span class='ocrx_word' id='word_1_891' title='bbox 3932 5446 4095 5497; x_wconf 81' lang='lat' dir='ltr'><strong>Amor</strong></span> 
     </span>
    </p>
   </div>
   <div class='ocr_carea' id='block_1_116' title="bbox 2529 5537 4094 5620">
    <p class='ocr_par' dir='ltr' id='par_1_116' title="bbox 2529 5537 4094 5620">
     <span class='ocr_line' id='line_1_116' title="bbox 2529 5537 4094 5620; baseline -0.008 -19"><span class='ocrx_word' id='word_1_892' title='bbox 2529 5549 2742 5620; x_wconf 89' lang='lat' dir='ltr'><strong>quidam</strong></span> <span class='ocrx_word' id='word_1_893' title='bbox 2774 5562 2940 5601; x_wconf 88' lang='lat' dir='ltr'><strong>novus</strong></span> <span class='ocrx_word' id='word_1_894' title='bbox 2968 5562 3031 5601; x_wconf 89' lang='lat' dir='ltr'><strong>ac</strong></span> <span class='ocrx_word' id='word_1_895' title='bbox 3061 5545 3419 5616; x_wconf 86' lang='lat' dir='ltr'><strong>nequissimus</strong></span> <span class='ocrx_word' id='word_1_896' title='bbox 3470 5539 3521 5591; x_wconf 94' lang='lat' dir='ltr'><strong>in</strong></span> <span class='ocrx_word' id='word_1_897' title='bbox 3564 5544 3800 5591; x_wconf 89' lang='lat' dir='ltr'><strong>nostrum</strong></span> <span class='ocrx_word' id='word_1_898' title='bbox 3842 5537 4094 5591; x_wconf 71' lang='lat' dir='ltr'><strong>smctilum</strong></span> 
     </span>
    </p>
   </div>
   <div class='ocr_carea' id='block_1_117' title="bbox 2530 5628 4093 5712">
    <p class='ocr_par' dir='ltr' id='par_1_117' title="bbox 2530 5628 4093 5712">
     <span class='ocr_line' id='line_1_117' title="bbox 2530 5628 4093 5712; baseline -0.01 -15"><span class='ocrx_word' id='word_1_899' title='bbox 2530 5643 2722 5712; x_wconf 89' lang='lat' dir='ltr'><strong>irrupit</strong></span> <span class='ocrx_word' id='word_1_900' title='bbox 2756 5659 2768 5695; x_wconf 93' lang='lat'><strong>:</strong></span> <span class='ocrx_word' id='word_1_901' title='bbox 2796 5642 3013 5697; x_wconf 90' lang='lat' dir='ltr'><strong>morbus</strong></span> <span class='ocrx_word' id='word_1_902' title='bbox 3040 5638 3193 5695; x_wconf 90' lang='lat' dir='ltr'><strong>irruit</strong></span> <span class='ocrx_word' id='word_1_903' title='bbox 3213 5630 3558 5704; x_wconf 85' lang='lat' dir='ltr'><strong>gravissimus</strong></span> <span class='ocrx_word' id='word_1_904' title='bbox 3577 5628 3967 5693; x_wconf 81' lang='lat' dir='ltr'><strong>ctincurabtlis,</strong></span> <span class='ocrx_word' id='word_1_905' title='bbox 4000 5643 4093 5695; x_wconf 87' lang='lat' dir='ltr'><strong>pe-</strong></span> 
     </span>
    </p>
   </div>
   <div class='ocr_carea' id='block_1_118' title="bbox 2528 5718 4095 5802">
    <p class='ocr_par' dir='ltr' id='par_1_118' title="bbox 2528 5718 4095 5802">
     <span class='ocr_line' id='line_1_118' title="bbox 2528 5718 4095 5802; baseline -0.014 -12"><span class='ocrx_word' id='word_1_906' title='bbox 2528 5736 2626 5790; x_wconf 91' lang='lat' dir='ltr'><strong>stis</strong></span> <span class='ocrx_word' id='word_1_907' title='bbox 2650 5734 2884 5789; x_wconf 90' lang='lat' dir='ltr'><strong>omnium</strong></span> <span class='ocrx_word' id='word_1_908' title='bbox 2917 5731 3143 5802; x_wconf 89' lang='lat' dir='ltr'><strong>pestium</strong></span> <span class='ocrx_word' id='word_1_909' title='bbox 3169 5724 3459 5781; x_wconf 88' lang='lat' dir='ltr'><strong>teterrima.</strong></span> <span class='ocrx_word' id='word_1_910' title='bbox 3487 5718 3688 5776; x_wconf 81' lang='lat' dir='ltr'><strong>Novum</strong></span> <span class='ocrx_word' id='word_1_911' title='bbox 3730 5730 3785 5776; x_wconf 89' lang='lat' dir='ltr'><strong>et</strong></span> <span class='ocrx_word' id='word_1_912' title='bbox 3810 5718 4095 5774; x_wconf 79' lang='lat' dir='ltr'><strong>intoleran-</strong></span> 
     </span>
    </p>
   </div>
   <div class='ocr_carea' id='block_1_119' title="bbox 2528 5806 4093 5894">
    <p class='ocr_par' dir='ltr' id='par_1_119' title="bbox 2528 5806 4093 5894">
     <span class='ocr_line' id='line_1_119' title="bbox 2528 5806 4093 5894; baseline -0.016 -9"><span class='ocrx_word' id='word_1_913' title='bbox 2528 5829 2654 5884; x_wconf 89' lang='lat' dir='ltr'><strong>dum</strong></span> <span class='ocrx_word' id='word_1_914' title='bbox 2683 5828 2857 5884; x_wconf 91' lang='lat' dir='ltr'><strong>scelus</strong></span> <span class='ocrx_word' id='word_1_915' title='bbox 2881 5825 3237 5894; x_wconf 81' lang='lat' dir='ltr'><strong>excogitatum</strong></span> <span class='ocrx_word' id='word_1_916' title='bbox 3257 5824 3358 5871; x_wconf 86' lang='lat' dir='ltr'><strong>est.</strong></span> <span class='ocrx_word' id='word_1_917' title='bbox 3373 5813 3486 5870; x_wconf 93' lang='lat' dir='ltr'><strong>Non</strong></span> <span class='ocrx_word' id='word_1_918' title='bbox 3516 5815 3653 5870; x_wconf 90' lang='lat' dir='ltr'><strong>enim</strong></span> <span class='ocrx_word' id='word_1_919' title='bbox 3682 5816 3893 5883; x_wconf 80' lang='lat' dir='ltr'><strong>scripta:</strong></span> <span class='ocrx_word' id='word_1_920' title='bbox 3913 5806 4093 5871; x_wconf 74' lang='lat' dir='ltr'><strong>modo,</strong></span> 
     </span>
    </p>
   </div>
   <div class='ocr_carea' id='block_1_120' title="bbox 2590 5944 3765 6023">
    <p class='ocr_par' dir='ltr' id='par_1_120' title="bbox 2590 5944 3765 6023">
     <span class='ocr_line' id='line_1_120' title="bbox 2590 5944 3765 6023; baseline -0.019 -6"><span class='ocrx_word' id='word_1_921' title='bbox 2590 5969 2606 5999; x_wconf 81' lang='grc'><strong><em>³</em></strong></span> <span class='ocrx_word' id='word_1_922' title='bbox 2646 5965 2816 6023; x_wconf 70' lang='lat' dir='ltr'><strong>Verba,</strong></span> <span class='ocrx_word' id='word_1_923' title='bbox 2843 5961 2931 6009; x_wconf 73' lang='lat' dir='ltr'><strong>hoc</strong></span> <span class='ocrx_word' id='word_1_924' title='bbox 2953 5953 3183 6013; x_wconf 73' lang='lat' dir='ltr'><strong>studium,</strong></span> <span class='ocrx_word' id='word_1_925' title='bbox 3204 5953 3252 6000; x_wconf 86' lang='lat' dir='ltr'><strong>in</strong></span> <span class='ocrx_word' id='word_1_926' title='bbox 3268 5946 3429 6001; x_wconf 74' lang='lat' dir='ltr'><strong>Morel.</strong></span> <span class='ocrx_word' id='word_1_927' title='bbox 3447 5944 3549 5998; x_wconf 84' lang='lat' dir='ltr'><strong>solo</strong></span> <span class='ocrx_word' id='word_1_928' title='bbox 3570 5948 3765 5999; x_wconf 82' lang='lat' dir='ltr'><strong>desunt.</strong></span> 
     </span>
    </p>
   </div>
  </div>
