4454 6700
243 568 354 624 359

236 682 656 757 παιδευομένην,
687 687 931 755 γενναῖόν
960 700 1011 736 τι
1035 681 1128 733 καὶ
1153 680 1294 750 μέγα
1322 680 1574 750 ὲννοῆσαί
1607 694 1762 738 ποτε,
1794 673 1914 726 ἀλλ’

235 768 455 840 ἀνάγκη
485 770 582 841 τὴν
607 770 859 839 τοιαύτην
913 764 1244 818 ἀσθενοῦσαν
1300 765 1392 817 καὶ
1452 760 1914 834 μαλακιζομένην,

236 850 497 924 καθάπερ
519 855 624 906 τινὶ
652 854 789 924 φθόῃ
819 853 887 919 τῇ
917 848 1086 918 κακίᾳ
1122 848 1481 920 συνεχομένην
1508 844 1793 917 διηνεκῶς,
1828 841 1919 895 οὖ-

238 952 351 1001 τως
392 937 617 1010 ὕστερον
673 939 753 997 είς
789 935 889 1004 τὴν
941 932 1166 1000 γέενναν
1220 932 1623 1003 καταστρέψαι,
1679 927 1775 980 καὶ
1822 925 1917 996 τὴν

241 1022 516 1076 ἀπώλειαν
560 1022 657 1090 τὴν
694 1020 827 1070 ἐκεῖ.

315 1106 382 1169 ζ’.
408 1108 470 1159 Εἰ
492 1106 547 1157 δὲ
575 1088 649 1173 μὴ
674 1101 778 1169 φῂς
806 1098 977 1152 ταῦτα
1009 1099 1180 1163 οὕτως
1198 1100 1362 1171 ἔχειν,
1378 1098 1511 1152 ἀλλὰ
1535 1094 1761 1147 δυνατὸν
1782 1088 1918 1146 εἶναι

245 1192 340 1243 καὶ
384 1193 441 1242 ἐν
500 1189 648 1257 μέσῳ
691 1183 1057 1254 στρεφόμενον
1108 1185 1285 1238 πάντα
1333 1178 1704 1250 κατορθοῦντα
1751 1189 1777 1216 ι
1818 1177 1918 1246 τῆς

246 1274 469 1344 ἀρετῆς,
504 1271 597 1322 καὶ
626 1267 700 1338 μὴ
724 1266 956 1331 παίζων,
993 1269 1130 1322 ἀλλὰ
1166 1264 1481 1326 σπουδάζων
1502 1259 1721 1331 ἀληθῶς
1744 1260 1917 1315 ταῦτα

245 1357 445 1424 λέγεις,
501 1352 574 1423 μὴ
620 1355 963 1426 κατοκνήσῃς
1003 1355 1150 1425 ἡμᾶς
1199 1349 1405 1412 διδάξαι
1442 1345 1504 1399 τὸ
1547 1345 1733 1399 καινὸν
1763 1346 1920 1399 τοῦτο

247 1442 343 1493 καὶ
374 1434 673 1507 παράδοξον
721 1435 967 1507 μάθημα·
1001 1437 1119 1489 οὑδὲ
1167 1433 1277 1501 γὰρ
1310 1428 1570 1499 βούλομαι
1619 1428 1921 1499 πράγματα

244 1522 368 1589 εἰκῆ
397 1517 635 1572 τοσαῦτα
661 1518 822 1589 ἔχειν,
851 1520 970 1573 οὑδέ
1013 1515 1288 1576 τοσούτοις
1306 1512 1333 1550 δ
1365 1510 1667 1581 ἀπέχεσθαι
1720 1511 1917 1579 μάτην.

258 1602 421 1655 Ἀλλά
446 1601 554 1672 γάρ
586 1602 645 1655 οὐ
680 1602 912 1673 δύναμαι
940 1600 1097 1651 τοῦτο
1126 1595 1336 1667 μαθεῖν·
1364 1596 1425 1647 οὐ
1453 1594 1561 1664 γὰρ
1591 1594 1714 1646 ἐᾶτε
1743 1595 1919 1661 ὑμεῖς,

244 1687 340 1739 καὶ
375 1685 442 1737 δι’
474 1679 549 1737 ὧν
601 1685 789 1754 λέγετε
831 1686 923 1738 καὶ
964 1682 1029 1733 δι’
1073 1674 1149 1732 ῶν
1184 1680 1385 1731 ποιεῖτε
1432 1675 1921 1744 ἀντιφθεγγόμενοι

244 1768 418 1841 ταύτῃ
442 1772 506 1839 τῇ
548 1769 731 1839 ψήφῳ,
767 1769 858 1820 καὶ
901 1762 1162 1816 τάναντία
1190 1761 1555 1824 παιδεύοντες·
1600 1758 1923 1841 ῶσπερᾉγάρ

246 1839 559 1921 ἐξεπίτηδες
606 1850 897 1904 ἀπολέσθαι
944 1844 1335 1907 σπουδάζοντες
1381 1844 1507 1906 τοὺς
1542 1844 1712 1903 υίούς,
1750 1839 1923 1904 οὕτως

248 1934 466 1988 ἅπαντα
497 1933 746 1986 κελεύετε
795 1930 991 1989 ποιεῖν,
1020 1925 1055 1979 ἃ
1082 1927 1209 1988 τοὺς
1239 1925 1525 1987 ποιοῦντας
1554 1923 1790 1993 σωθῆναι
1822 1924 1922 1976 οὐκ

247 2016 346 2069 ενι,
372 2018 514 2086 Ὅρα
538 2016 594 2068 δὲ
631 2012 857 2068 ἀνωθεν.
896 2010 1043 2063 Οὐαί
1064 2052 1078 2075 ,
1113 2011 1267 2079 φησὶ,
1301 2009 1424 2075 τοῖς
1450 2006 1729 2078 γελῶσιν·
1766 2008 1922 2077 ὑμεῖς

246 2100 307 2153 δέ
330 2100 529 2161 πολλὰς
562 2099 744 2158 αὐτοῖς
773 2092 1040 2162 παρέχετε
1070 2093 1304 2160 γέλωτος
1337 2090 1611 2161 ἀφορμάς·
1632 2088 1778 2143 Οὐαί
1799 2087 1923 2153 τοῖς

248 2182 642 2236 πλουτοῦσιν·
662 2179 820 2247 ὑμεῖς
839 2175 896 2228 δὲ
914 2177 1062 2238 ὅπως
1084 2194 1187 2246 χρη
1197 2176 1534 2246 ματίσαιντο,
1553 2174 1729 2226 πάντα
1750 2172 1924 2241 πράτ-

248 2281 391 2318 τετε·
416 2263 581 2325 Οὐαὶ,
624 2261 769 2314 ὅταν
790 2258 990 2324 καλῶς
1021 2260 1273 2313 εἴπωσιν
1299 2258 1456 2328 ὑμᾶς
1487 2258 1711 2322 πάντες
1740 2260 1794 2310 οί
1819 2256 1921 2309 ἄν·

249 2352 484 2417 θρωποι·
516 2347 673 2415 ὑμεῖς
706 2344 762 2397 δὲ
810 2346 903 2396 καὶ
928 2344 1114 2407 οὐσίας
1151 2342 1477 2412 ὁλοκλήρους
1508 2342 1649 2409 ὑπὲρ
1692 2340 1792 2408 τῆς
1814 2338 1923 2390 τῶν

247 2431 435 2501 δήμων
475 2426 751 2497 εὐφημίας
805 2426 1107 2480 ἐκενώσατε
1147 2424 1428 2487 πολλάκις.
1480 2424 1651 2476 Πάλιν
1680 2421 1801 2501 δέΑδ
1828 2419 1924 2501 ,τὸν

247 2498 476 2579 ἀδελφὺν
504 2506 739 2577 ὑϐρίζων
766 2504 1063 2567 ὑπεύθυνός
1088 2506 1203 2558 ἐστι
1223 2507 1290 2575 τῇ
1320 2503 1534 2573 γεέννῃ·
1560 2501 1717 2579 ὑμεῖς
1745 2498 1802 2550 δέ
1834 2498 1925 2579 καί

248 2575 497 2660 ἀδρανεῖς
528 2575 665 2638 εἶναι
698 2583 947 2653 νομίζετε
974 2584 1067 2636 καὶ
1095 2584 1302 2645 δειλοὺς
1334 2582 1460 2643 τούς
1496 2582 1621 2650 σιγῇ
1652 2578 1749 2641 τὰς
1776 2575 1927 2647 παρά

248 2672 357 2726 τῶν
390 2671 589 2741 ἐτέρων
623 2669 882 2739 φέροντας
908 2667 1115 2738 ῦὸρεις.
1158 2667 1355 2735 Μάχης
1392 2663 1602 2716 κελεύει
1640 2662 1734 2715 καὶ
1768 2661 1926 2731 δίκης

249 2758 607 2826 καταφρονεῖν
652 2755 681 2805 ό
736 2751 992 2825 Χριστός·
1043 2752 1202 2820 ὑμεῖς
1244 2748 1300 2800 δὲ
1353 2747 1551 2809 αὐτοὺς
1605 2748 1660 2798 ἐν
1718 2744 1926 2806 τούτοις

250 2839 513 2910 στρέφετε
577 2839 687 2897 τοῖς
742 2837 934 2898 κακοῖς
980 2832 1294 2893 διαπαντός.
1344 2830 1448 2882 Τὸν
1478 2828 1752 2898 ὀφθαλμὸν
1804 2827 1926 2880 πολ-

248 2920 406 2982 λάκις
437 2919 741 2989 ὲξορύττειν
770 2917 1078 2979 ἐκέλευσεν,
1112 2916 1240 2967 ὅταν
1273 2912 1505 2983 βλάπτῃ·
1540 2913 1695 2980 ὑμεῖς
1718 2912 1774 2964 δὲ
1810 2910 1927 2962 τού-

247 3019 377 3065 τους
419 3002 653 3071 μάλιστα
687 3003 891 3053 ποιεῖτε
955 2997 1164 3066 φίλους,
1217 2998 1441 3064 ὅσοιπερ
1494 2994 1560 3047 ἂν
1608 2993 1870 3045 δύνωνται
1898 3002 1922 3031 ο

248 3086 510 3157 χρήματα
540 3082 742 3145 δοῦναι,
773 3081 878 3134 κᾶν
904 3080 1003 3149 τὴν
1032 3079 1269 3149 ἐσχάτην
1316 3075 1645 3157 παιδεύσωσι
1681 3074 1927 3157 Δκακίαν.

262 3164 542 3217 Ἐκϐαλεῖν
580 3163 814 3228 γυναῖκα
861 3162 963 3214 οὐκ
1012 3159 1217 3229 ἀφῆκε,
1271 3158 1411 3228 πλὴν
1464 3156 1550 3208 ἐπ’
1580 3154 1731 3225 αίτίᾳ
1794 3154 1928 3224 μόνῃ

250 3243 528 3311 πορνείας·
586 3242 743 3310 ὑμεῖς
796 3239 875 3305 δὲ,
933 3240 1061 3292 ὅταν
1110 3238 1203 3309 ἐξῇ
1262 3239 1520 3309 χρήματα
1567 3234 1775 3296 λαϐεῖν,
1836 3234 1931 3285 καὶ

247 3324 455 3392 ταύτης
500 3324 859 3391 καταφρονεῖν
907 3320 1154 3375 κελεύετε
1200 3322 1301 3391 τῆς
1348 3319 1590 3389 ἐντολῆς.
1653 3318 1756 3371 Τὸν
1811 3315 1927 3390 [87]

250 3408 413 3477 ὅρκον
459 3402 683 3475 ἀπεῖρξε
720 3403 1021 3466 παντελῶς·
1063 3404 1221 3472 ὑμεῖς
1262 3404 1338 3468 δὲ,
1391 3402 1457 3455 ἂν
1488 3402 1635 3471 ἴδητε
1665 3400 1929 3469 φυλαττό⁸

254 3505 433 3559 μενον,
462 3487 557 3540 καὶ
594 3486 811 3553 γελᾶτε.
857 3487 920 3539 '0
947 3485 1142 3554 φιλῶν
1170 3486 1285 3552 τὴν·
1325 3486 1539 3554 ψυχὴν
1575 3484 1787 3546 αὑτοῦ,
1824 3501 1929 3553 φη-

253 3574 358 3635 σὶν,
412 3571 701 3625 ἀπολέσει
731 3570 945 3636 αὑτήν·
1001 3571 1160 3639 ὑμεῖς
1210 3569 1268 3623 δὲ
1306 3570 1503 3631 αὐτοὺς
1547 3567 1811 3621 πάντοθεν
1847 3568 1929 3628 εἰς

248 3654 456 3723 ταύτην
497 3653 795 3722 ἐμὸἀλλετε
828 3654 928 3722 τὴν
979 3652 1181 3719 φιλίαν.
1222 3651 1360 3705 Ἐὰν
1380 3651 1468 3721 μὴ
1523 3650 1737 3720 ἀφῆτε,
1771 3650 1927 3720 φησὶ,

249 3735 378 3801 τοῖς
419 3733 752 3802 ἀνθρώποις
788 3734 861 3787 τὰ
894 3734 1337 3803 παραπτώματα
1363 3732 1582 3797 αὐτῶν,
1610 3733 1752 3787 οὐδὲ
1787 3731 1933 3801 ὑμῖν

252 3819 289 3871 ὀ
327 3815 529 3883 Πατὴρ
564 3813 732 3882 ὑμῶν
788 3814 1013 3883 ἀφήσει
1064 3820 1097 3870 ὁ
1140 3815 1441 3883 οὐράνιος·
1509 3817 1666 3884 ὑμεῖς
1725 3814 1783 3868 δὲ
1838 3816 1933 3869 καὶ

252 3897 560 3962 ὀνειδίζετε,
606 3897 735 3949 ὅταν
786 3899 913 3961 τοὺς
969 3898 1301 3968 ἠδικηκότας
1348 3900 1422 3970 μὴ
1472 3898 1701 3951 θέλωσιν
1737 3897 1933 3967 ἀμύνε-

255 3980 381 4033 σθαι
411 3979 471 4041 ἀ,
514 3981 607 4033 καὶ
650 3982 730 4042 εἰς
779 3979 876 4051 τὴν
941 3980 1169 4052 δύναμιν
1225 3983 1423 4044 αὐτοὺς
1469 3981 1673 4051 ταύτην
1722 3980 1931 4050 ταχέως

252 4062 539 4130 ἐπείγεσθε
591 4064 842 4130 ἀγαγεῖν.
891 4064 1030 4128 Τοὺς
1077 4064 1233 4134 δόξης
1282 4064 1526 4135 ἐρῶντας
1577 4064 1753 4116 πάντα
1805 4060 1929 4131 είκῆ

254 4149 429 4198 ποιεῖν
456 4148 768 4216 ἀπεφήνατο
801 4148 829 4198 ό
860 4147 1116 4217 Χριστὸς,
1134 4148 1236 4201 κᾶν
1265 4148 1585 4217 νηστεύωσι,
1613 4146 1713 4200 κᾶν
1737 4143 1933 4213 εὐχων·

252 4242 366 4290 ται,
403 4229 507 4281 κᾶν
546 4228 787 4281 ἐλεῶσιν·
817 4230 975 4299 ὑμεῖς
1028 4231 1107 4294 δέ,
1157 4232 1305 4291 ὅπως
1343 4230 1546 4298 ταύτης
1599 4228 1927 4296 ἐπιτύχοιεν,

253 4306 469 4361 ἅπαντα
499 4309 973 4379 πραγματεύεσθε.
1008 4312 1117 4365 Καὶ
1143 4312 1194 4365 τί
1215 4313 1294 4365 δεῖ
1324 4314 1498 4365 πάντα
1523 4310 1731 4363 ἐπιέναι
1757 4326 1771 4373 ;
1804 4308 1929 4361 ὅταν

256 4391 365 4462 γὰρ
381 4393 473 4443 καὶ
491 4392 558 4444 τά
579 4393 845 4463 εἰρημένα
872 4411 941 4462 μυ
952 4381 1068 4463 ρίας
1090 4395 1247 4447 ἱκανά
1268 4393 1684 4465 παρασκευάσαι
1705 4391 1931 4460 γεέννας

254 4470 316 4543 ᾖ,
349 4475 469 4543 οὐχὶ
521 4475 700 4526 πάντα
738 4474 873 4543 ὁμοῦ
909 4475 1232 4529 συνελθόντα
1274 4478 1455 4547 μόνον,
1502 4476 1635 4529 ἀλλὰ
1667 4475 1759 4528 καὶ
1808 4472 1929 4525 καθ’

254 4558 418 4610 ἑαυτὸ
443 4556 688 4609 θτούτων
720 4557 973 4609 ἕκαστον·
1006 4559 1162 4627 ὑμεῖς
1192 4560 1248 4611 δὲ
1276 4560 1456 4613 πάντα
1482 4559 1617 4629 ὁμοῦ
1648 4558 1930 4628 συμφορή-

256 4656 470 4701 σαντες,
496 4641 589 4692 καὶ
635 4639 697 4690 τὸ
725 4640 997 4709 ἀφόρητον
1038 4641 1147 4692 τῶν
1194 4642 1609 4710 ἁμαρτημάτων
1653 4640 1931 4702 ἐπιθέντες

257 4722 497 4793 φορτίον,
536 4721 710 4784 οὕτως
759 4724 840 4784 είς
884 4723 976 4774 τὸν
1025 4722 1123 4775 τοῦ
1170 4724 1343 4794 πυρὸς
1377 4725 1625 4794 πέμπετε
1663 4723 1927 4792 ποταμόν.

257 4807 395 4859 Πότε
427 4805 665 4874 σωθῆναι
692 4806 1030 4876 δυνήσονται,
1054 4806 1322 4877 τοσαύτην
1344 4808 1661 4876 κομίζοντες
1692 4805 1769 4876 τῷ
1792 4807 1931 4877 πυρὶ

256 4889 355 4960 τὴν
388 4891 632 4960 τροφήνς
662 4890 771 4941 Καὶ
805 4890 865 4940 οὐ
902 4888 1059 4941 τοῦτο
1111 4891 1271 4959 μόνον
1307 4890 1422 4942 ἐστὶ
1481 4891 1542 4942 τὸ
1592 4890 1790 4954 δεινὸν,
1851 4892 1933 4944 ὅτι

256 4974 517 5024 τάναντία
549 4975 660 5034 τοῖς
708 4971 801 5025 τοῦ
842 4971 1079 5043 Χριστοῦ
1118 4976 1434 5042 παραινεῖτε
1478 4973 1931 5044 προστάγμασιν,

259 5055 372 5108 ἀλλ’
416 5055 498 5107 ὅτι
547 5056 641 5108 καὶ
700 5057 1091 5127 προσηγορίαις
1117 5057 1382 5127 εὐφήμοις
1410 5056 1786 5127 περιστέλλετε
1833 5057 1932 5129 τὴν

258 5138 479 5201 κακίαν,
502 5140 560 5192 τὸ
591 5142 685 5209 μὲν
718 5141 1071 5211 ἱπποδρόμοις
1097 5142 1190 5194 καὶ
1228 5140 1475 5211 θεάτροις
1513 5140 1866 5210 προσκεῖσθαι
1908 5142 1941 5205 ί,

258 5218 548 5280 διαπαντὸς
596 5222 919 5292 ἀστειότητα
964 5223 1284 5286 καλοῦντες,
1317 5222 1376 5275 τὸ
1399 5223 1455 5276 δὲ
1493 5223 1739 5275 πλουτεῖν
1783 5224 1935 5277 ἐλευ-

264 5302 470 5371 θερίαν,
503 5304 565 5355 τὸ
600 5304 655 5356 δὲ
707 5306 864 5377 δόξης
913 5307 1041 5375 ἐρᾷν
1090 5305 1514 5376 μεγαλοψυχίαν,
1564 5306 1661 5377 τὴν
1700 5306 1757 5360 δέ
1806 5308 1935 5362 ἀπόο

260 5402 408 5437 νοιαν
432 5386 760 5454 παρρησίαν,
780 5390 873 5443 καὶ
895 5389 991 5459 τὴν
1013 5388 1109 5458 μὲν
1126 5387 1361 5440 ἀσωτίαν
1380 5389 1570 5457 φιλανθ
1579 5407 1656 5461 ρω
1666 5392 1807 5451 πίαν,
1832 5392 1929 5463 τὴν

262 5468 319 5521 δὲ
353 5469 565 5521 ἀδικίαν
592 5468 863 5539 ἀνδρείαν.
894 5473 1046 5537 Εἶτα,
1074 5472 1261 5543 ὥσπερ
1292 5473 1390 5526 οὐκ
1422 5474 1702 5545 ἀρκούσης
1729 5477 1931 5549 ταύτης

329 5597 354 5665 ξι
380 5596 462 5665 §ic
479 5607 651 5665 οωορε
674 5601 853 5665 ρτιεῑει·
876 5600 1047 5651 Morel.
1074 5604 1156 5665 qui
1192 5600 1343 5665 habet
1365 5598 1515 5665 ταῦτα
1537 5607 1728 5665 κατορθ.

328 5656 356 5723 ί·
381 5659 549 5707 Morel.
574 5656 709 5723 soliis
729 5659 837 5723 οὐδὲ
860 5656 1119 5721 τοσούτων,
1162 5664 1309 5713 Savil.
1338 5669 1390 5710 el.
1418 5662 1500 5710 alii
1528 5664 1635 5711 οὐδὲ
1663 5656 1931 5723 ’τοσούτοια

267 5720 392 5771 lnl‘ra
414 5734 538 5769 unus
562 5720 719 5768 codex
744 5721 996 5779 ἀπολέσαι,
1021 5720 1113 5773 alii
1129 5727 1406 5773 ἀπολέσθαι.

328 5786 349 5813 ο
378 5784 482 5832 Duo
502 5796 615 5830 mss.
640 5782 871 5830 δύνανται.
901 5783 1049 5831 Savil.
1080 5795 1129 5833 et
1156 5787 1327 5833 Morel.
1354 5786 1598 5834 δύνωνται.
1631 5785 1753 5834 lnl‘ra
1774 5789 1926 5837 iidem

264 5858 379 5909 mss.
407 5846 478 5893 ἐπ’
501 5844 652 5899 αἰτίας
676 5844 831 5909 μόνης.
860 5844 1009 5909 Βδξῖι.
1034 5854 1081 5892 Pl
1106 5847 1274 5909 Morel.
1304 5848 1375 5893 ἐπ’
1398 5847 1524 5909 αἰτίᾳ
1549 5847 1681 5909 μόνς,.

329 5907 354 5945 τὶ
379 5909 481 5955 Duo
516 5897 828 5979 marlilérripli
851 5906 1130 5968 ἀμύνασθαι.
1156 5908 1279 5956 Infra
1311 5908 1480 5957 Morel.
1505 5897 1821 5968 νηστεῦσωσι,
1849 5912 1931 5961 alii

265 5982 437 6019 omnes
460 5985 740 6023 νηστευωσι.

332 6042 354 6069 θ
380 6032 484 6095 Ι)υο
512 6043 624 6095 mss.
653 6033 754 6078 καθ’
789 6030 947 6077 ἑαυτά.
1000 6029 1105 6077 Mox
1151 6043 1277 6079 unus
1317 6044 1405 6079 ms.
1444 6034 1834 6095 συμφορέσαντες,
1881 6041 1932 6085 et

267 6101 377 6147 mox
403 6091 533 6138 idem
562 6090 848 6147 ἐπιτιθέντες.

327 6141 355 6189 ς
388 6150 495 6201 Ι)υο
515 6164 625 6198 mss.
662 6141 867 6217 θεάτροις
893 6155 1140 6214 ἐγκεῖσθαι.

1069 563 1439 621 ADVERSUS
1476 557 2035 619 OPPUGNA'I'ORES
2075 558 2259 615 VITA'I
2305 559 2599 616 MONAST.
2643 558 2772 615 LlB.
2816 557 2904 610 Ill.
3585 563 3695 618 ζει)

2020 678 2117 748 τῆς
2149 678 2383 744 ἀπάτης,
2416 677 2509 730 καὶ
2533 676 2629 746 τὴν
2652 672 2851 744 ἀρετὴν
2875 672 3133 735 ἐναντίοις
3168 673 3381 727 καλεῖτε
3414 674 3692 745 ὀνόμασιν,

2020 760 2310 831 ἀγροικίαν
2358 758 2455 828 μὲν
2488 759 2585 828 τὴν
2632 756 3005 827 σωφροσύνην,
3046 755 3245 809 δειλίαν
3290 758 3345 810 δὲ
3386 758 3486 828 τὴν
3522 759 3693 811 ἐπιεί-

2022 860 2198 903 κειαν,
2248 840 2533 910 ἀνανδρίαν
2573 839 2626 892 δὲ
2661 840 2759 909 τὴν
2794 836 3138 908 δικαιοσύνην
3176 838 3555 908 ὀνομάζοντες,
3598 840 3697 894 καὶ

2019 926 2080 977 τὸ
2121 925 2220 995 μὲν
2260 924 2462 988 ἄτυφον
2493 922 2878 992 δουλοπρεπὲς,
2915 920 3013 991 τὴν
3045 919 3100 972 δέ
3143 920 3491 983 ἀνεξικακίαν
3531 924 3694 975 ἀσθέ-

2020 1027 2169 1064 νειαν
2190 1024 2206 1042 ·
2240 1007 2491 1077 καθάπερ
2524 1007 2821 1068 δεδοικότες
2870 1004 2944 1075 μὴ
2989 1004 3118 1075 παρ’
3146 1005 3351 1075 ἐτέρων
3381 1005 3478 1074 τὴν
3522 1006 3697 1076 ἀληθῆ

2019 1094 2225 1147 τούτων
2260 1090 2632 1162 προσηγορίαν
2671 1089 3002 1151 ἀκούσαντες
3046 1088 3260 1155 φύγωσι
3290 1087 3389 1160 τὴν
3431 1088 3608 1159 λύμην
3647 1090 3697 1141 οῖ

2024 1178 2229 1240 παῖδες.
2264 1175 2401 1229 Οὐδέ
2426 1174 2535 1244 γὰρ
2565 1173 2759 1243 μικρὸν
2784 1174 2862 1233 εἰς
2887 1171 2982 1241 τὴν
3016 1171 3123 1223 τῶν
3155 1171 3341 1224 κακῶν
3376 1172 3697 1243 ἀποτροπὴν

2022 1262 2083 1314 τὸ
2105 1278 2170 1329 γυ
2179 1259 2315 1331 μνὰς
2336 1258 2507 1320 αὐτὰς
2528 1256 2622 1310 καὶ
2644 1255 2841 1325 κυρίας
2863 1254 2970 1307 τῶν
2989 1253 3174 1306 κακῶν
3206 1255 3579 1323 προφέρεσθαι
3601 1256 3699 1318 τὰς

2023 1345 2317 1415 ὀνομασίας
2347 1345 2393 1383 ⁸·
2428 1341 2562 1395 ἀλλὰ
2585 1339 2852 1409 τοσαύτην
2883 1338 2995 1409 ἔχει
3015 1338 3113 1408 τὴν
3141 1337 3295 1407 ἰσχὺν
3318 1337 3454 1405 πρὸς
3482 1339 3541 1389 τὸ
3568 1337 3703 1407 πλῆο

2026 1428 2110 1493 ξαι
2150 1429 2275 1490 τοὺς
2314 1426 2745 1496 ἁμαρτάνοντας,
2780 1423 2855 1486 ὡς
2886 1422 3114 1485 πολλοὺς
3143 1422 3404 1485 πολλάκις
3448 1423 3541 1474 ἐπὶ
3587 1423 3699 1482 τοῖς

2026 1512 2323 1579 αἰσχίστοις
2352 1509 2511 1569 ὄντας
2544 1509 2859 1574 περιφανεῖς
2893 1506 2965 1575 μὴ
2998 1506 3183 1576 φέρειν
3217 1505 3409 1576 πράως
3432 1504 3699 1571 καλουμέ-

2026 1609 2150 1654 νους
2167 1591 2341 1650 τοῦτο,
2368 1591 2503 1659 ὅπερ
2523 1591 2681 1649 εἰσὶν,
2706 1588 2819 1640 ἀλλ’
2842 1588 3145 1656 ἀγριαίνειν
3168 1589 3260 1641 καὶ
3286 1587 3697 1659 ἐκθηριοῦσθαι,

2002 1706 2005 1707 ν
2027 1676 2101 1739 ὡς
2124 1674 2191 1727 τά
2212 1673 2488 1726 δεινότατα
2507 1672 2835 1740 πάσχοντας.
2855 1671 2964 1740 Τὴν
2982 1669 3110 1737 γοῦν
3130 1672 3493 1740 ὴταιρηκυῖαν
3515 1671 3703 1736 γυναῖ-

2028 1775 2120 1820 κα,
2144 1757 2237 1809 καὶ
2264 1757 2355 1808 τὸν
2376 1752 2816 1824 πεπορνευμένον
2851 1753 3014 1805 παῖδα
3046 1752 3111 1805 ἂν
3140 1752 3346 1824 καλέσῃ
3374 1768 3459 1813 τις
3479 1750 3589 1803 ἀπὸ
3606 1751 3704 1819 τῆς

2026 1839 2309 1911 αἰσχίστης
2387 1837 2638 1910 πράξεως
2701 1836 2936 1905 ταύτης,
3007 1836 3416 1899 ἀκατάλλακτος
3484 1834 3705 1901 γέγονεν

2026 1923 2237 1993 ἐχθρὸς,
2259 1923 2352 1975 ἆτε
2376 1922 2444 1973 τά
2481 1920 2712 1990 μέγιστα
2739 1918 3034 1987 ἠδικηκώς.
3057 1920 3166 1972 Καὶ
3188 1921 3246 1971 οὐ
3262 1918 3487 1980 τούτους
3520 1917 3702 1985 μόνον,

2025 2006 2160 2058 ἀλλά
2203 2005 2297 2057 καὶ
2349 2002 2440 2055 τὸν
2495 2000 2842 2068 πλεονέκτην,
2880 2001 2971 2052 καὶ
3016 2000 3106 2051 τὸν
3145 2000 3373 2069 μέθυσον
3395 2000 3446 2060 δ,
3481 2001 3576 2049 καὶ
3614 1998 3705 2049 τὸν

2026 2088 2284 2152 ἀλαζόνα,
2329 2087 2422 2141 καὶ
2458 2085 2663 2148 πάντας
2692 2083 2880 2146 ἁπλῶς
2908 2084 3034 2146 τοὺς
3065 2082 3135 2135 τά
3165 2082 3441 2153 δεινότερα
3471 2082 3709 2151 ἐργασα-

2031 2173 2223 2242 μένους
2269 2170 2365 2223 ἴδοι
2394 2186 2477 2232 τις
2506 2168 2572 2223 ἂν
2600 2170 2700 2237 οὐχ
2729 2168 2900 2230 οὑτως
2931 2166 3021 2218 ἐπὶ
3054 2165 3131 2236 τῷ
3162 2167 3421 2237 πράττειν
3443 2165 3584 2218 αὐτὰ
3611 2163 3709 2218 καὶ

2025 2257 2091 2323 τῇ
2112 2252 2261 2323 παρὰ
2284 2252 2392 2305 τῶν
2414 2250 2622 2303 πολλῶν
2649 2248 2774 2319 δόξῃ
2790 2248 3151 2318 δακνομένους
3172 2249 3266 2301 καὶ
3288 2247 3607 2315 ἀλγοῦντας,
3630 2246 3706 2310 ὡς

2028 2336 2122 2388 ἐπὶ⁵
2160 2338 2273 2397 τοῖς
2321 2332 2430 2385 τῶν
2470 2332 2687 2385 οίκείων
2726 2331 2904 2402 ἔργων
2949 2331 3196 2402 ὀνόμασι.
3240 2331 3476 2395 Πολλοὺς
3519 2332 3575 2384 δὲ
3614 2331 3710 2384 καὶ

2032 2416 2499 2487 σωφρονισθέντας
2539 2410 2658 2468 οἶδα
2690 2414 2863 2485 τούτῳ
2892 2414 2968 2486 τῷ
3007 2416 3214 2486 τρόπῳ,
3252 2414 3347 2467 καὶ
3381 2415 3708 2483 γενομένους

2028 2503 2143 2564 τοῖς
2179 2500 2437 2553 ὀνείδεσιν
2477 2500 2933 2570 ἐπιεικεστέρους.
2975 2499 3113 2552 Ἀλλ’
3150 2500 3307 2571 ὑμεῖς
3361 2500 3454 2552 καὶ
3496 2498 3701 2569 ταύτην

2030 2583 2344 2654 ἀνῃρήκατε
2373 2581 2471 2652 τὴν
2505 2581 2881 2652 παραμυθίαν·
2901 2582 2995 2635 καί⁸
3016 2582 3075 2634 τὸ
3105 2581 3167 2652 δὴ
3195 2580 3598 2651 χαλεπώτερον,
3624 2581 3705 2632 ὅτι

2027 2668 2086 2721 οὐ
2117 2666 2206 2721 διὰ
2237 2658 2345 2718 τῶν
2387 2664 2648 2735 ῥημάτων
2686 2665 2866 2733 μόνον,
2900 2663 3037 2719 ἀλλὰ
3068 2665 3162 2716 καὶ
3188 2665 3275 2717 διὰ
3311 2664 3418 2717 τῶν
3446 2663 3708 2735 πραγμά-

2028 2768 2139 2804 των
2181 2748 2385 2817 ταύτην
2439 2747 2626 2808 αὐτοῖς
2674 2745 2911 2799 ποιεῖσθε
2968 2747 3064 2816 τὴν
3119 2746 3478 2816 παραίνεσιν,
3531 2745 3710 2806 οἰκίας

2029 2834 2437 2906 οἰκοδομοῦντες
2469 2832 2729 2902 λαμπράς
2748 2870 2763 2893 ,
2805 2832 3010 2902 ἀγροὺς
3042 2831 3343 2903 ὠνούμενοι
3377 2831 3708 2896 πολυτελεῖς,

2029 2921 2128 2989 τὴν
2187 2918 2354 2987 ἀλλην
2396 2915 2814 2986 περιϐάλλοντες
2861 2914 3183 2983 φαντασίαν,
3233 2917 3328 2968 καὶ
3360 2915 3450 2968 διά
3492 2916 3712 2968 πάντων

2031 3000 2222 3070 πυκνῷ
2250 3016 2355 3053 τινι
2383 2998 2535 3067 νέφει
2567 2996 2952 3059 συσκιάζοντες
2977 2995 3157 3048 αὐτῶν
3180 2996 3279 3067 τὴν
3304 2996 3504 3066 ψυχήν.
3538 2994 3709 3050 Πόθεν

2031 3079 2124 3138 οὖν
2147 3083 2444 3153 δυνήσομαι
2470 3079 2586 3152 [88]
2621 3079 2934 3148 πεισθῆναι,
2959 3080 3041 3131 ὅτι
3074 3078 3315 3148 σωθῆναι
3347 3073 3460 3131 οἷόν
3487 3094 3546 3130 τε
3582 3078 3710 3132 τού-

2032 3182 2179 3229 τους,
2220 3165 2348 3218 δταν
2394 3163 2489 3216 ῐδω
2531 3163 2667 3233 πρὸς
2708 3160 2880 3216 ταῦτα
2914 3160 3454 3231 παρακαλουμένους,
3492 3160 3529 3215 ἃ.
3578 3160 3709 3227 τοὺς

2035 3248 2321 3311 ποιοῦντας
2342 3248 2371 3300 ό
2395 3245 2626 3317 Χριστὸς
2649 3245 2964 3314 ἀπεφήνατο
2987 3245 3201 3306 πάντως
3230 3243 3559 3310 ἁπολέσθαι;
3581 3243 3711 3296 ὅταν

2035 3329 2319 3401 θεάσωμαι
2346 3330 2446 3396 τῆς
2480 3331 2578 3400 μὲν
2601 3328 2780 3399 ψυχῆς
2802 3327 3003 3389 αὐτῶν,
3028 3326 3218 3397 ῶσπερ
3237 3327 3382 3391 τινὸς
3404 3327 3708 3397 παρέργου,

2032 3412 2507 3485 καταφρονοῦντας
2557 3412 2739 3482 ὑμᾶς,
2795 3409 2904 3462 τῶν
2955 3409 3012 3461 δέ
3058 3408 3229 3472 ὅντως
3287 3409 3575 3480 περιττῶν,
3634 3408 3711 3473 ὠς

2032 3496 2342 3565 ἀναγκαίων
2368 3495 2463 3547 καὶ
2490 3492 2921 3565 προηγουμένων
2951 3491 3366 3561 φροντίζοντας;
3398 3493 3586 3555 Ὅπως
3611 3493 3711 3563 μὲν

2033 3581 2143 3653 γάρ
2162 3578 2378 3648 οἰκέτης
2402 3577 2573 3640 ἔσται,
2601 3577 2692 3630 καὶ
2720 3576 2863 3638 ὅπως
2894 3575 3079 3637 ἵππος.
3114 3575 3208 3627 καὶ
3227 3574 3376 3637 ὅπως
3402 3574 3614 3644 ἱμάτιον
3636 3575 3711 3647 τῷ

2036 3664 2189 3717 παιδὶ
2216 3661 2520 3721 κάλλιστον,
2562 3658 2737 3711 πάντα
2768 3660 2973 3711 ποιεῖτε
2994 3674 3007 3689 ·
3045 3658 3195 3720 ὅπως
3226 3657 3283 3710 δὲ
3314 3658 3476 3721 αὐτὸς
3503 3658 3713 3726 γένοιτο

2036 3745 2219 3808 καλὸς,
2237 3744 2356 3796 οὐδέ
2379 3742 2625 3812 ἐννοῆσαί
2648 3757 2778 3793 ποτε
2799 3739 3057 3809 ἀνέχεσθε
3089 3740 3132 3803 ἱ,
3157 3739 3292 3794 ἀλλά
3314 3741 3408 3794 καὶ
3424 3740 3594 3805 ξύλων
3617 3741 3713 3794 καὶ

2035 3827 2197 3879 λίθων
2216 3824 2229 3874 i
2270 3825 2433 3895 μέχρι
2448 3824 2640 3876 τούτου
2661 3822 2995 3893 προάγοντες
3014 3823 3114 3893 τὴν
3138 3822 3396 3893 σπουδὴν,
3419 3823 3518 3894 τὴν
3533 3823 3711 3894 ψυχὴν

2034 3905 2263 3960 οὐδὲτοῦ
2280 3904 2574 3958 πολλοστοῦ
2590 3904 2692 3973 τῆς
2708 3903 3025 3975 ἐπιμελείας
3037 3904 3239 3975 ταύτης
3250 3903 3463 3970 ἀξιοῦτε
3490 3904 3708 3977 μέρους·

2033 3989 2146 4044 ἀλλ’
2175 3990 2264 4043 ἴνα
2299 3988 2398 4058 μὲν
2431 3987 2653 4058 ἄγαλμα
2680 3986 2773 4040 ἐπὶ
2804 3987 2901 4057 τῆς
2929 3988 3105 4050 οἰκίας
3135 3988 3342 4061 ἑστήκῃ
3372 3988 3707 4059 θαυμαστὸν,

2034 4073 2129 4125 καὶ
2159 4074 2193 4142 ἠ
2231 4072 2397 4142 στέγη
2436 4072 2660 4141 γένηται
2702 4070 2901 4141 χρυσῆ,
2957 4072 3135 4124 πάντα
3174 4070 3507 4141 ὑπομένετε·
3542 4073 3605 4125 τὸ
3655 4073 3712 4127 δέ

2034 4156 2252 4209 πάντων
2270 4153 2594 4225 τιμιώτερον
2616 4154 2838 4225 ἄγαλμα
2858 4156 2892 4224 ἡ
2920 4152 3067 4225 ψυχὴ
3088 4154 3234 4218 ὅπως
3256 4156 3482 4225 γένηται
3511 4156 3708 4227 χρυσῆ,

2034 4240 2156 4293 οὐδέ
2186 4236 2492 4309 φροντίζειν
2526 4236 2759 4290 ἐθέλετε.

2104 4327 2174 4390 η’.
2194 4320 2331 4373 Ἀλλ’
2362 4318 2513 4371 οὑπω
2533 4318 2621 4370 τὸν
2646 4317 2924 4386 κολοφῶνα
2954 4317 3063 4370 τῶν
3085 4318 3269 4371 κακῶν
3301 4312 3475 4381 είπον,
3510 4319 3631 4372 οὐδέ
3650 4320 3714 4373 τὸ

2036 4403 2327 4471 κεφάλαιον
2350 4400 2653 4469 ἐξεκάλυψα
2674 4399 2773 4469 τῆς
2803 4400 3107 4470 συμφορᾶς,
3140 4400 3399 4464 πολλάκις
3426 4402 3523 4471 μὲν
3541 4400 3713 4454 ἐλθὼν

2036 4489 2211 4538 εἰπεῖν
2248 4484 2341 4537 καὶ
2382 4483 2731 4554 ἐρυθριάσας,
2777 4481 3034 4545 πολλάκις
3062 4482 3117 4534 δὲ
3156 4484 3251 4535 καὶ
3280 4484 3607 4555 αἰσχυνθείς.
3644 4482 3713 4535 Τί

2037 4570 2155 4622 ποτ’
2188 4565 2280 4621 οὖν
2332 4568 2450 4619 ἐστι
2498 4565 2690 4631 τοῦτο;
2732 4565 3027 4635 τολμητέον
3071 4566 3180 4635 γάρ
3227 4566 3329 4636 ἤδη
3361 4571 3455 4619 καὶ
3492 4565 3712 4619 λεκτέον

2037 4650 2189 4702 αὑτό.
2222 4650 2330 4702 Καὶ
2372 4650 2482 4717 γὰρ
2532 4647 2824 4717 ἀνανδρίας
2857 4646 2921 4700 ἂν
2952 4647 3037 4717 είη
3071 4647 3292 4716 πολλῆς,
3332 4648 3622 4717 μέλλοντάς
3656 4663 3709 4700 τι

2038 4733 2203 4786 κακὸν
2230 4732 2465 4802 ἐξαιρεῖν
2498 4732 2546 4792 ll,
2588 4731 2723 4800 μηδὲ
2751 4730 2933 4798 φωνὴν
2964 4730 3182 4796 ἀφιέναι
3216 4730 3419 4801 τολμᾷν
3445 4731 3585 4801 ὑπὲρ
3614 4732 3712 4783 αὐ-

2038 4816 2152 4874 τοῦ,
2186 4816 2261 4879 ὡς
2293 4816 2390 4884 τῆς
2426 4814 2582 4882 σιγῆς
2610 4812 2930 4880 αὐτομάτως
2966 4811 3258 4881 ἰασομένης
3286 4812 3384 4882 τὴν
3411 4813 3584 4866 νόσον.
3634 4813 3708 4866 Οὐ

2036 4896 2213 4949 τοίνυν
2252 4896 2565 4962 σιγήσομεν,
2614 4892 2715 4945 κᾶν
2756 4892 3012 4963 μυριάκις
3043 4893 3392 4963 αἰσχύνεσθαι
3428 4895 3717 4964 μέλλωμεν.

2039 4979 2133 5031 καὶ
2157 4976 2429 5049 ἐρυθριᾷν.
2459 4974 2593 5027 Οὑδέ
2622 4973 2730 5045 γὰρ
2768 4974 2952 5044 ἰατρὸς
2986 4975 3193 5045 μέλλων
3222 4975 3487 5045 σηπεδόνα
3515 4976 3707 5028 καθαί-

2042 5079 2172 5131 ρειν,
2203 5060 2599 5129 παραιτήσεται
2628 5058 3107 5129 μεταχειρίσασθαι
3130 5060 3368 5129 σίδηρον,
3405 5062 3498 5112 καὶ
3530 5060 3711 5113 καθεῖ-

2039 5161 2124 5196 ναι
2157 5141 2447 5203 δακτύλους
2494 5144 2572 5203 είς
2616 5140 2779 5193 αὐτὸν
2809 5139 2901 5192 τοῦ
2936 5140 3247 5210 τραύματος
3288 5141 3380 5194 τὸν
3426 5142 3707 5210 πυθμένα·

2038 5224 2231 5277 οὐκοῦν
2247 5222 2363 5275 οὐδὲ
2381 5225 2539 5292 ἡμεῖς
2564 5222 2653 5275 τὸν
2671 5222 2811 5293 ὑπὲρ
2826 5221 3027 5273 τούτων
3054 5221 3209 5290 λόγον
3235 5223 3707 5294 παραιτησόμεθα,

2038 5305 2147 5375 ὅσῳ
2180 5304 2273 5357 καὶ
2295 5304 2704 5374 χαλεπωτέραή
2733 5303 2997 5375 σηπεδὼν.
3019 5304 3082 5355 Τί
3114 5306 3232 5359 ποτ’
3252 5302 3344 5360 οὖν
3375 5307 3491 5359 ἐστι
3525 5308 3585 5360 τὸ
3615 5326 3711 5361 κα·-

2040 5386 2166 5451 κόν;
2207 5385 2385 5457 Ἔρως
2418 5389 2601 5450 καινός
2628 5404 2711 5450 τις
2739 5388 2832 5440 καὶ
2866 5386 3181 5458 παράνομος
3212 5391 3290 5451 είς
3321 5389 3413 5441 τὸν
3442 5391 3708 5461 ἡμέτερον

2038 5467 2375 5537 είσεκώμασε
2408 5467 2548 5536 βίον·
2586 5469 2796 5539 νόσημα
2825 5469 3059 5521 ἐπέπεσε
3090 5469 3321 5539 χαλεπὸν
3345 5470 3438 5523 καὶ
3460 5470 3696 5523 ἀνίατον·

2040 5551 2227 5620 λοιμὸς
2265 5551 2578 5621 κατέσκηψε
2612 5552 2828 5604 πάντων
2872 5551 3074 5621 λοιμῶν
3119 5551 3512 5624 χαλεπώτερος·
3548 5556 3705 5625 καινή

2039 5648 2122 5692 τις
2152 5631 2461 5702 παρανομία
2490 5630 2756 5700 ἐπενοήθη
2790 5631 2883 5682 καὶ
2913 5631 3212 5700 ἀφόρητος·
3251 5634 3312 5685 οὑ
3347 5635 3454 5704 γὰρ
3485 5635 3533 5685 οί
3564 5631 3709 5687 θετοὶ

2107 5732 2130 5795 β
2156 5730 2324 5777 Morel.
2350 5736 2404 5777 et
2426 5728 2578 5795 Savil.
2601 5730 2873 5795 ὀνομασίας.
2899 5728 3011 5778 Mss.
3038 5732 3369 5795 προσηγορίας.

2102 5791 2127 5828 h
2161 5796 2264 5839 ωηο
2284 5805 2398 5838 ωας.
2424 5793 2504 5839 τὸν
2531 5792 2774 5853 μεθύοντα.
2808 5792 2959 5839 Iidem
2987 5791 3096 5840 mox
3134 5791 3394 5841 δεινότατα.

2106 5852 2119 5892 i
2151 5854 2298 5902 εἶδε-ῆι.
2325 5859 2376 5899 el
2416 5852 2587 5901 Morel.
2613 5854 2849 5915 ἀνέχεσθε.
2896 5854 3003 5903 Duo
3031 5868 3143 5901 mss.
3170 5856 3469 5915 ἀνάσχοισθε.
3504 5855 3613 5906 Mox
3660 5860 3712 5907 ίῚ

2106 5871 2119 5892 ι
2151 5871 2298 5902 LZJVII.
2325 5871 2376 5899 et
2417 5871 2587 5901 MOTCI.
2613 5871 2849 5915 ανεχεσυε.
2896 5871 3003 5903 UUO
3031 5871 3143 5901 mss.
3170 5872 3256 5902 ανα
3325 5871 3469 5905 οισυι.
3504 5871 3613 5906 ΜΟΧ
3660 5871 3711 5907 ῙῚ

2041 5915 2211 5963 Morel.
2240 5916 2345 5962 solo
2370 5915 2514 5964 deest
2558 5916 2642 5971 τὴν
2677 5916 2903 5972 σπουδήν.
2946 5915 3098 5964 Paulo
3140 5871 3457 5977 postcﬁorel.
3495 5921 3711 5977 ιστήκοι.

2041 5977 2189 6026 Savil.
2218 5978 2416 6038 ἑστήκῃ,
2437 5979 2534 6026 duo
2556 5991 2672 6026 mss.
2695 5980 2900 6034 ἑστήκει.

2108 6039 2123 6088 i
2157 6040 2236 6085 Sic
2261 6051 2288 6085 e
2316 6040 2496 6088 Savilio
2521 6044 2841 6089 correximus.
2866 6039 3141 6098 Scripserat
3168 6038 3336 6090 Monlf.
3365 6041 3498 6096 ξύλον
3518 6043 3599 6093 καὶ
3640 6043 3711 6092 λιι

2040 6104 2134 6149 θον.
2168 6100 2300 6148 Enn.

2104 6166 2127 6200 κ
2157 6161 2303 6209 Suvil.
2337 6167 2386 6209 el
2414 6162 2585 6212 Morel.
2609 6164 2799 6225 ἐξερεῖν,
2824 6160 2906 6210 alii
2938 6162 3145 6225 ἐξαιρεῖν.
