4532 6712
610 615 703 670 εει
1316 614 1674 671 ADV’EEtSL’S
1711 614 2257 672 OPPlICNATORES
2299 617 2479 675 vim:
2523 619 2802 676 izosasr.
2852 625 2974 678 Lm.
3023 626 3108 679 lit.
3753 639 3852 679 εςπε

609 730 702 782 sed
745 732 1015 787 naturales
1052 732 1179 800 ipse
1228 730 1368 796 leges
1399 736 1728 780 (:\‘('l'.tlnltll‘.
1758 728 1921 783 Parva
1961 744 2046 783 res
2074 729 2181 796 jam

610 832 689 873 est
722 822 787 874 ad
815 822 1159 891 impudicitia:
1187 820 1444 871 rationem
1474 815 1749 871 fornicatio
1783 836 1797 872 :
1838 834 1901 873 ac
1930 817 2184 887 quemad-

611 910 823 963 modum
850 912 900 964 in
928 909 1221 968 doloribus,
1246 904 1332 974 qui
1361 906 1639 960 violentior
1667 907 1974 977 supervenit
1992 906 2185 975 prioris

610 1017 823 1057 sensum
851 1002 1028 1057 obruit
1059 1040 1074 1063 ,
1107 999 1183 1051 sic
1226 1006 1279 1051 et
1310 996 1467 1065 hujus
1508 1002 1845 1055 contumeliae
1873 997 2207 1066 magnitudo-

613 1110 715 1146 non
755 1092 1031 1162 permittit,
1061 1097 1119 1141 ut
1159 1087 1299 1156 quod
1326 1104 1450 1143 vere
1471 1089 1803 1145 intolerabile
1846 1096 1949 1152 est,
1968 1087 2076 1155 jam
2104 1089 2184 1142 iu-

612 1182 889 1238 tolerabile
928 1178 1176 1231 videatur
1202 1218 1219 1244 ,
1259 1178 1508 1234 obsctpna
1560 1193 1753 1245 nempe
1793 1191 1915 1231 cum
1948 1178 2182 1233 mulieri-

612 1274 710 1325 bus
735 1273 749 1302 ⁸
771 1268 952 1323 libido.
980 1266 1276 1334 Optandum
1300 1271 1441 1323 enim
1471 1270 1678 1322 videtur
1699 1281 1855 1335 posse
1881 1266 2179 1334 bujusmodi

612 1362 741 1415 retia
768 1359 998 1427 effugere
1037 1377 1050 1411 :
1080 1361 1477 1431 periculumque
1516 1369 1598 1413 est
1632 1373 1698 1410 ne
1724 1370 1883 1410 sexus
1910 1360 2183 1413 muliebris

609 1453 714 1521 jam
762 1452 1060 1519 superﬂuus
1095 1451 1353 1507 efficiatur
1380 1495 1394 1518 ,
1424 1450 1851 1505 adolescentibus
1880 1452 2023 1506 vices
2066 1454 2183 1519 ejus

611 1557 796 1595 ()lllltCS
827 1542 1184 1611 implentibus.
1213 1545 1363 1611 Quod
1390 1540 1761 1611 gravissimum
1788 1557 1917 1596 sane
1943 1554 2019 1596 est
2051 1584 2065 1607 ,
2088 1542 2183 1597 sed

613 1633 768 1703 longe
791 1636 1025 1689 atrocius
1057 1635 1197 1705 quod
1226 1652 1311 1688 res
1341 1646 1444 1686 tam
1474 1630 1797 1685 exsecranda
1832 1634 2030 1701 ingenti
2057 1648 2180 1685 cum

611 1723 824 1777 audacia
856 1735 1186 1795 perpetretur
1215 1765 1229 1787 ,
1262 1724 1329 1775 ita
1367 1731 1421 1773 ut
1471 1720 1674 1774 facinus
1693 1721 1827 1777 adeo
1853 1722 2181 1791 illegitimmn

612 1814 663 1866 in
695 1815 861 1883 legem
890 1815 1178 1869 transierit.
1205 1812 1373 1866 Nemo
1392 1810 1501 1879 jam
1531 1813 1736 1875 metuit,
1767 1828 1924 1867 nemo
1952 1812 2186 1880 perhor—

613 1906 769 1961 rescit
794 1949 809 1972 ,
851 1923 1007 1961 nemo
1032 1914 1244 1958 veretur
1269 1911 1358 1955 aut
1384 1903 1650 1959 erubescit
1679 1946 1693 1969 ,
1739 1906 1833 1960 sed
1858 1904 2007 1972 quasi
2036 1905 2102 1957 de
2129 1918 2185 1959 re

615 1997 747 2050 bene
774 2006 921 2065 gesta
949 1996 1186 2056 ridetur;
1213 1994 1311 2062 ipsi
1353 2002 1708 2063 temperantes
1729 1996 1967 2049 insanire
1988 1994 2180 2048 viden-

614 2095 715 2147 tur,
740 2095 793 2138 et
817 2086 1108 2138 munitores
1136 2081 1346 2146 furere;
1378 2084 1465 2152 qui
1492 2084 1535 2137 si
1562 2084 1938 2139 imbecilliores
1966 2084 2180 2149 fuerint,

611 2176 921 2229 xei-boribus
949 2174 1283 2237 afficiuntur;
1333 2173 1413 2226 sin
1442 2174 1766 2243 potentiores
1791 2218 1805 2241 ,
1840 2175 2134 2229 irridentur
2165 2217 2180 2241 ,

612 2267 920 2327 illuduntur,
951 2279 1012 2315 ac
1041 2263 1251 2331 probris
1278 2276 1660 2333 resperguntur
1690 2266 2004 2319 innumeris.
2037 2265 2182 2320 Nibil

604 2356 715 2425 jam
743 2355 1044 2418 tribunalia,
1074 2352 1204 2408 nihil
1227 2354 1369 2424 leges
1394 2356 1605 2409 valent:
1630 2371 1736 2409 non
1758 2355 2055 2425 pardagogi,
2078 2371 2183 2407 non

612 2456 807 2515 patres,
837 2462 942 2499 non
972 2446 1211 2509 asseclm,
1237 2461 1339 2500 non
1368 2446 1633 2516 magistri:
1662 2446 1750 2499 alii
1778 2446 1921 2499 enim
1946 2446 2186 2514 pecuniis

611 2538 844 2607 corrupti
864 2537 1113 2603 suut,alii
1146 2537 1194 2589 id
1217 2538 1388 2591 solum
1409 2545 1666 2590 curantut
1689 2550 1897 2589 merces
1925 2534 2184 2590 solvatur:

610 2645 675 2682 ex
726 2628 788 2681 iis
824 2642 950 2681 vero
984 2628 1073 2697 qui
1124 2627 1257 2697 frugi
1306 2635 1473 2692 sunt,
1512 2634 1566 2678 et
1618 2625 1719 2678 sibi
1750 2624 2184 2679 concreditorum

610 2721 764 2773 saluti
842 2720 1233 2788 prospiciunt,
1306 2719 1399 2773 alii
1468 2717 1625 2772 facile
1699 2719 2188 2773 circumveniuntur

609 2824 671 2861 ac
716 2808 1047 2877 decipiuntur
1075 2850 1088 2871 ,
1131 2809 1221 2863 alii
1258 2807 1644 2877 impudicorum
1683 2808 1968 2877 potentiam
2012 2808 2188 2862 refor-

611 2896 830 2950 midant.
886 2897 1113 2952 Facilius
1173 2899 1314 2953 enim
1368 2898 1612 2953 elahatur
1657 2899 1747 2968 qui
1810 2901 1861 2953 in
1926 2898 2185 2953 affectata:

612 2988 901 3056 tyrannidis
974 2988 1328 3059 suspicionem
1391 2990 1649 3053 venerit,
1711 3004 1871 3057 quam
1949 2990 2183 3058 ipsorum

611 3092 800 3130 manus
850 3076 1065 3147 effugiat
1135 3079 1221 3147 qui
1290 3092 1484 3146 pueros
1545 3077 1613 3131 ab
1681 3079 2021 3133 exsecrandis
2078 3080 2187 3134 illis

612 3166 913 3219 hominibus
952 3167 1217 3221 abducere
1245 3168 1544 3220 tentavcrit.
1589 3167 1677 3221 Sic
1720 3168 1909 3222 mediis
1959 3169 2012 3222 in
2043 3169 2187 3223 urbi-

610 3257 730 3322 bus,
761 3260 911 3327 quasi
958 3259 1008 3312 in
1054 3268 1201 3311 vasta
1232 3258 1536 3324 solitudine,
1581 3260 1798 3313 masculi
1836 3260 1886 3313 in
1920 3261 2186 3316 masculos

612 3350 986 3418 turpitudinem
1014 3359 1282 3404 exercent.
1308 3349 1459 3418 Quod
1484 3351 1528 3404 si
1555 3351 1643 3419 qui
1672 3350 1769 3404 bos
1801 3351 2018 3421 laqueos
2047 3351 2183 3405 effu-

605 3450 802 3519 gerint,
837 3449 1033 3500 malam
1070 3458 1251 3501 tamen
1283 3448 1672 3501 sceleratorum
1711 3444 1910 3499 famam
1955 3444 2172 3499 difficile

604 3538 851 3592 vitabunt
878 3555 890 3589 :
927 3539 1099 3606 primo
1121 3537 1362 3607 quidem,
1391 3537 1517 3604 quia
1542 3535 1832 3588 admodum
1860 3536 2018 3603 pauci
2047 3551 2171 3589 cum

604 3628 733 3692 sint,
765 3628 1135 3696 improborum
1164 3624 1513 3678 multitudine
1536 3622 1695 3677 facile
1712 3624 2056 3678 obruuntur?
2086 3639 2171 3678 se-

602 3717 802 3780 cundo,
828 3718 956 3787 quia
981 3717 1285 3771 detestandi
1309 3717 1385 3770 illi
1409 3732 1471 3770 ac
1494 3717 1709 3772 scelesti
1727 3717 2024 3781 daemones,
2049 3731 2174 3769 cum

603 3814 1006 3875 contemptores
1041 3822 1171 3861 suos
1196 3807 1303 3861 alio
1331 3807 1494 3861 modo
1524 3808 1719 3861 ulcisci
1753 3816 2049 3877 nequeant,
2076 3808 2177 3860 hac

601 3897 686 3947 via
702 3895 892 3949 hedere
907 3905 1190 3948 conantur.
1211 3894 1347 3960 Quia
1365 3896 1507 3950 enim
1527 3897 1685 3951 letale
1702 3896 1813 3951 illis
1829 3896 2026 3950 vulnus
2044 3895 2179 3949 infli-

600 4001 726 4054 gere
739 4001 845 4040 non
863 3996 1111 4056 possunt,
1133 4003 1307 4057 neque
1321 4003 1493 4057 usque
1508 3988 1574 4042 ad
1593 3989 1828 4042 animam
1845 3987 2173 4058 pertingere,

607 4079 934 4133 exteriorem
972 4080 1162 4134 saltem
1212 4090 1464 4135 ornatum
1507 4082 1722 4144 laedere,
1756 4082 2063 4148 bonamque
2096 4080 2179 4133 fa-

601 4189 741 4227 mam
785 4188 996 4228 omnem
1043 4172 1251 4226 auferre
1298 4173 1560 4225 nituntur.
1602 4169 1957 4233 Quamobrem
1987 4171 2185 4226 multos

601 4265 795 4329 audivi,
839 4266 927 4335 qui
971 4279 1028 4319 se
1060 4265 1236 4317 mirari
1268 4263 1526 4326 dicerent,
1564 4258 1702 4327 quod
1728 4258 1961 4313 nondum
1992 4260 2182 4317 hodie-

601 4372 703 4425 que
745 4357 917 4411 imber
964 4356 1101 4409 alius
1145 4358 1328 4426 igneus
1357 4355 1605 4423 delapsus
1651 4352 1740 4416 sit,
1784 4352 2035 4422 quodque
2076 4369 2182 4409 non

601 4448 744 4515 paria
792 4462 912 4502 cum
958 4446 1205 4502 Sodomis
1246 4446 1371 4499 urbs
1421 4456 1599 4498 nostra
1630 4456 1784 4514 passa
1826 4440 1915 4507 sit,
1958 4458 2078 4512 qua:
2118 4460 2183 4500 co

602 4539 845 4604 graviore
890 4538 1151 4607 supplicio
1196 4537 1352 4605 digna
1395 4545 1499 4599 est,
1532 4550 1638 4604 quo
1681 4550 1751 4590 ne
1782 4532 1926 4587 illius
1969 4533 2181 4603 quidem

602 4631 768 4684 cladis
796 4633 1042 4701 exemplo
1071 4631 1406 4686 emendatur.
1452 4630 1647 4684 Verum
1678 4626 1888 4684 etiamsi
1920 4627 2002 4681 illa
2035 4627 2183 4695 regio

603 4726 671 4776 ab
696 4724 850 4777 annis
880 4725 960 4776 bis
1002 4723 1148 4777 mille
1188 4738 1319 4776 voce
1349 4722 1586 4791 qualibet
1628 4722 1914 4776 clariorem
1952 4734 2183 4787 conspe-

603 4826 745 4866 ctum
772 4812 1033 4882 praeferat,
1067 4827 1171 4882 quo
1194 4813 1308 4866 orbi
1342 4813 1588 4866 universo
1612 4812 1805 4866 clamat
1834 4826 1901 4864 ne
1924 4810 2049 4880 quid
2079 4809 2183 4864 bu-

598 4904 828 4975 jusmodi
854 4903 1066 4967 audeat,
1092 4918 1196 4956 non
1243 4904 1402 4958 modo
1431 4905 1706 4973 segniores
1735 4902 1800 4956 ad
1830 4901 1932 4956 hoc
1978 4903 2183 4959 facinus

604 4996 728 5050 facti
758 5011 863 5049 non
913 5002 1055 5057 sunt,
1086 4994 1178 5047 sed
1210 4995 1370 5047 etiam
1399 5006 1524 5049 sunt
1558 4993 2006 5063 impudentiores:
2039 5009 2101 5048 ac
2134 4995 2181 5051 si

604 5104 724 5141 cum
772 5088 881 5140 Deo
905 5083 1253 5148 contendant,
1296 5096 1456 5154 atque
1485 5086 1735 5154 operibus
1764 5084 2039 5139 declarare
2067 5094 2183 5140 stu-

605 5183 765 5238 deant
812 5193 929 5234 sese
980 5188 1125 5230 tanto
1170 5179 1338 5246 magis
1389 5178 1472 5231 his
1520 5178 1673 5232 malis
1716 5177 1995 5231 dedituros
2038 5193 2178 5241 esse,

604 5282 804 5343 quanto
834 5270 1063 5338 majores
1104 5268 1197 5322 ille
1243 5284 1426 5336 pmnas
1453 5272 1806 5323 comminatus
1854 5267 2029 5322 fuerit.
2077 5269 2183 5324 Cur

604 5379 731 5433 ergo
766 5361 895 5417 nihil
925 5360 1119 5413 factum
1146 5365 1229 5412 est
1274 5358 1608 5426 bujusmodi:
1640 5358 1736 5413 sed
1774 5374 1894 5413 cum
1922 5358 2182 5412 Sodomo-

602 5471 720 5509 tum
747 5455 952 5509 scelera
993 5451 1360 5513 admittantur,
1393 5450 1748 5505 Sodomorum
1790 5459 1968 5505 tamen
2001 5448 2181 5504 clades

608 5562 713 5598 non
738 5545 1085 5616 contingunt?
1115 5544 1245 5610 Quia
1278 5552 1457 5596 manet
1486 5558 1579 5597 eos
1608 5546 1742 5613 ignis
1769 5544 1924 5613 longe
1949 5542 2177 5611 gravior,

604 5646 659 5688 et
684 5638 1001 5704 supplicium
1036 5636 1194 5690 finem
1223 5647 1329 5687 non
1360 5632 1683 5687 habiturum.
1714 5633 1845 5687 Nam
1872 5648 1990 5686 cum
2014 5632 2183 5685 multo

606 5726 847 5793 graviora
878 5729 1101 5791 scelera,
1133 5740 1289 5796 quam
1322 5723 1354 5777 ii
1380 5721 1469 5792 qui
1496 5722 1649 5790 aquis
1673 5723 1858 5776 diluvii
1888 5724 2178 5791 perierunt,

606 5817 818 5887 plurimi
855 5827 1034 5884 postea
1060 5815 1394 5880 admiserint,
1425 5813 1594 5867 nullus
1625 5822 1802 5867 tamen
1845 5816 2019 5869 imLer
2043 5813 2183 5883 ejus-

670 5973 682 6001 ¹
721 5972 791 6019 sic
805 5967 943 6081 Silvii.
969 5970 1018 6019 in
1039 5976 1176 6020 textu
1202 5980 1253 6022 et
1277 5971 1372 6021 duo
1394 5977 1521 6031 uss;
1540 5967 1699 6018 Morel.
1715 5973 1766 6017 et
1779 5964 1919 6016 Saﬁl.
1944 5964 1993 6016 iu
2010 5980 2186 6031 marg,

670 6050 713 6081 ιη
740 6047 817 6081 Ilii!
840 6044 952 6081 tere.

608 6049 713 6085 ὒέἐάη
740 6044 952 6082 munere.

3753 670 3793 685 sb‘
3828 672 3853 687 φ

2289 734 2427 787 prodi
2477 741 2811 801 postmodum
2852 740 3065 793 accidit.
3096 740 3289 795 Eadem
3321 744 3403 797 hic
3445 762 3652 814 quoque
3699 766 3855 803 causa

2286 826 2554 880 afferenda
2576 838 2676 881 est.
2723 829 2829 884 Cur
2854 832 2997 886 enim
3025 833 3080 898 ii,
3110 835 3196 902 qui
3232 837 3389 904 paulo
3418 848 3538 906 post
3566 839 3745 893 mundi
3774 841 3855 893 in—

2288 916 2436 969 itium
2487 916 2720 980 fuerunt.
2749 936 2867 975 cum
2913 936 3086 991 neque
3116 923 3396 979 tribunalia
3440 936 3642 993 essent,
3688 942 3859 996 neque

2286 1009 2684 1078 magistratuum
2708 1022 2879 1067 metus
2915 1014 3234 1079 immineret,
3269 1029 3373 1069 non
3404 1016 3535 1085 legis
3562 1020 3857 1073 commina-

2287 1098 2379 1162 tio,
2402 1114 2509 1152 non
2544 1099 2918 1166 prophetarum
2967 1104 3181 1167 chorus,
3214 1107 3304 1175 qui
3337 1106 3723 1175 moderaretur,
3757 1124 3863 1163 non

2284 1191 2613 1257 exspectatio
2640 1191 2914 1259 gehennte,
2948 1211 3053 1249 non
3083 1198 3228 1266 regni
3259 1212 3406 1265 spes,
3442 1212 3547 1251 non
3588 1198 3689 1252 alia
3732 1200 3853 1269 phi-

2285 1280 2549 1348 losopbia,
2581 1295 2684 1335 non
2714 1284 2983 1347 miracula,
3016 1301 3133 1355 qua:
3163 1297 3381 1356 possent
3412 1289 3499 1343 vel
3528 1288 3731 1357 lapides
3759 1306 3857 1342 ex-

2284 1372 2483 1424 citare:
2513 1384 2629 1436 cur,
2657 1370 2888 1440 inquam,
2912 1374 2985 1426 illi
3010 1376 3097 1442 qui
3127 1377 3270 1429 nullo
3291 1376 3483 1431 borum
3509 1380 3655 1447 potiti
3673 1388 3848 1441 era..t,

2288 1476 2463 1521 tantas
2490 1467 2755 1522 scelerum
2795 1483 2981 1538 poenas
3008 1468 3305 1532 dederunt;
3347 1471 3435 1537 qui
3466 1479 3643 1525 autem
3672 1473 3860 1525 horum

2287 1558 2522 1610 omnium
2551 1558 2836 1627 participes
2867 1558 3097 1623 fuerunt,
3130 1569 3183 1613 et
3227 1559 3365 1613 inter
3392 1568 3567 1613 tantos
3592 1568 3700 1613 tum
3726 1560 3863 1614 divi-

2290 1663 2477 1702 norum
2509 1659 2616 1702 tum
2649 1650 3001 1704 humanorum
3034 1651 3377 1705 tribunalium
3427 1662 3601 1707 metus
3645 1667 3863 1706 versan-

2289 1745 2395 1801 tur,
2440 1736 2675 1790 nondum
2718 1738 2864 1805 paria
2892 1738 2997 1792 illis
3044 1741 3181 1807 passi
3223 1750 3364 1804 sunt,
3394 1756 3512 1795 cum
3558 1741 3666 1796 sint
3707 1741 3864 1811 longe

2287 1825 2513 1893 graviori
2544 1826 2802 1895 supplicio
2828 1827 3015 1896 digni?
3044 1827 3230 1883 Nonne
3258 1830 3339 1883 vel
3370 1846 3532 1898 puero
3561 1831 3723 1901 liquet
3744 1831 3862 1886 illos

2287 1916 2533 1970 atrociori
2574 1916 2761 1970 ultioni
2802 1917 3257 1973 reservari?Nam
3300 1921 3346 1973 si
3374 1935 3472 1974 nos
3499 1922 3766 1989 superbis
3792 1923 3862 1975 ita

2288 2007 2568 2061 irascimur
2597 2019 2651 2062 et
2681 2008 3035 2077 indignamur,
3069 2009 3213 2064 Deus
3253 2010 3343 2080 qui
3380 2026 3546 2080 genus
3576 2010 3862 2065 humanum

2285 2099 2405 2167 plus
2432 2114 2590 2167 quam
2631 2099 2735 2151 alia
2761 2100 2937 2152 omnia
2962 2110 3133 2165 curat,
3173 2111 3227 2156 et
3265 2101 3551 2170 nequitiam
3578 2102 3863 2156 admodum

2286 2197 2583 2252 aversatur,
2622 2188 2892 2257 quomodo
2918 2188 3034 2245 ba‘c
3063 2192 3277 2260 impune
3309 2193 3422 2246 fieri
3454 2195 3719 2262 patiatur?
3748 2193 3863 2248 Non

2288 2282 2361 2333 ita
2385 2288 2552 2345 certe,
2600 2295 2706 2334 non
2734 2282 2804 2334 ita
2842 2296 2901 2335 se
2940 2296 3026 2335 res
3057 2282 3237 2349 habet,
3267 2282 3362 2337 sed
3397 2283 3643 2337 immittet
3670 2284 3722 2336 in
3752 2283 3869 2337 illos

2290 2368 2447 2437 plane
2489 2383 2705 2423 manum
2746 2370 2890 2424 illam
2915 2371 3166 2436 validam,
3212 2372 3527 2442 plagamque
3571 2372 3861 2427 intoleran-

2289 2460 2433 2524 dam,
2464 2468 2621 2531 atque
2650 2462 2983 2515 cruciatuum
3010 2463 3222 2516 illorum
3250 2464 3491 2518 dolorem
3520 2465 3590 2518 ita
3626 2481 3863 2535 gravem,

2289 2560 2349 2605 ut
2391 2551 2745 2607 Sodomorum
2773 2551 2954 2606 clades
2997 2552 3073 2605 illi
3100 2562 3406 2622 comparata
3433 2554 3589 2609 ludus
3627 2556 3869 2610 videatur

2289 2656 2429 2696 esse.
2462 2640 2608 2709 Quos
2636 2642 2779 2697 enim
2810 2641 2885 2696 illi
2915 2642 3171 2698 barbaros
3209 2658 3313 2697 non
3343 2646 3696 2715 superarunt?
3724 2647 3867 2717 quod

2289 2733 2518 2788 ferarum
2562 2749 2732 2805 genus
2783 2750 2878 2804 per
2935 2734 3455 2804 impudentissimum
3514 2753 3859 2808 congressum

2289 2841 2393 2879 non
2417 2836 2561 2880 retro
2583 2825 2928 2895 relinquunt?
2952 2826 3047 2879 Est
3071 2827 3123 2879 in
3137 2825 3462 2895 quibusdam
3481 2827 3652 2882 brutis
3672 2828 3867 2885 ardens

2287 2916 2471 2983 libido,
2500 2915 2801 2985 cupidoque
2829 2916 3202 2981 intolerabilis,
3234 2916 3368 2971 nihil
3396 2918 3464 2971 ab
3491 2918 3695 2972 insania
3724 2919 3870 2974 dill'e-

2288 3023 2448 3062 rens:
2480 3023 2601 3076 qua:
2644 3015 2819 3062 tamen
2850 3007 2992 3062 hunc
3019 3022 3256 3061 amorem
3288 3022 3397 3062 non
3426 3018 3639 3074 norunt,
3671 3009 3763 3064 sed
3792 3011 3870 3063 in-

2290 3108 2371 3151 tra
2415 3106 2619 3151 natura:
2667 3098 2927 3151 terminos
2971 3108 3220 3163 manent;
3269 3099 3371 3153 etsi
3418 3099 3613 3155 millies
3652 3099 3870 3155 libidine

2288 3196 2533 3253 urantur,
2563 3200 2765 3242 naturai
2805 3205 3092 3259 numquam
3124 3190 3270 3259 leges
3294 3199 3560 3245 evertunt.
3604 3191 3673 3244 At
3702 3191 3867 3245 ratio-

2289 3279 2497 3336 nabiles
2541 3281 2639 3344 illi,
2686 3279 2865 3337 divina
2907 3282 3058 3353 potiti
3089 3282 3354 3348 doctrina,
3395 3284 3485 3353 qui
3510 3298 3628 3353 quae
3665 3283 3867 3353 agenda

2288 3372 2370 3427 vel
2416 3386 2522 3426 non
2554 3373 2757 3441 agenda
2786 3373 2895 3428 sint
2933 3374 3053 3428 aliis
3093 3374 3403 3445 prtedicant,
3457 3374 3868 3444 Scripturasque

2288 3478 2353 3517 ex
2385 3462 2515 3517 cmlo
2544 3463 2786 3534 delapsas
2814 3464 3115 3531 audierunt,
3141 3480 3243 3519 non
3271 3465 3342 3519 ita
3372 3465 3708 3535 impudenter
3736 3480 3857 3519 cum

2288 3554 2658 3608 meretricibus
2702 3564 2760 3609 ut
2804 3569 2924 3609 cum
2953 3556 3382 3611 adolescentibus
3421 3555 3860 3626 congrediuntur.

2286 3643 2417 3699 Nam
2442 3646 2593 3715 quasi
2618 3645 2862 3700 homines
2887 3660 2993 3699 non
3021 3646 3151 3712 sint,
3180 3660 3349 3715 neque
3375 3645 3701 3715 providentia
3729 3660 3866 3714 pra:-

2286 3734 2357 3790 sit
2394 3735 2556 3790 rebus
2582 3733 2830 3789 humanis
2856 3735 3027 3805 deque
3054 3736 3202 3791 factis
3224 3736 3447 3804 jndicet,
3474 3736 3568 3791 sed
3598 3737 3750 3805 quasi
3782 3745 3859 3791 te-

2286 3825 2468 3882 nebris
2513 3836 2702 3882 cuncta
2746 3826 3150 3895 occupantibus,
3192 3826 3447 3897 nulloque
3487 3826 3603 3882 haec
3647 3826 3864 3882 vidente

2284 3918 2369 3972 vel
2393 3917 2663 3982 audiente,
2696 3918 2776 3972 sic
2801 3920 2977 3972 omnia
2998 3926 3051 3972 et
3076 3932 3196 3972 eum
3234 3926 3378 3972 tanta
3408 3917 3612 3973 insania
3641 3918 3861 3974 audent.

2283 4007 2602 4062 Vitiatorum
2628 4018 2805 4063 autem
2829 4023 3113 4077 puerorum
3140 4016 3319 4078 patres
3343 4008 3456 4062 hazc
3476 4008 3635 4063 tacite
3663 4008 3863 4075 ferunt,

2286 4106 2389 4146 nec
2415 4110 2599 4150 secum
2623 4096 2764 4150 filios
2782 4105 2927 4151 terra
2950 4100 3213 4164 obruunt,
3235 4116 3334 4156 nec
3356 4102 3502 4171 quod
3524 4118 3687 4170 quam
3708 4111 3863 4161 tanto

2286 4183 2431 4238 malo
2457 4186 2753 4239 remedium
2780 4198 3050 4257 quaerunt.
3081 4191 3150 4243 At
3176 4191 3320 4245 enim
3344 4191 3389 4246 si
3413 4192 3469 4244 in
3489 4193 3745 4246 exsilium
3768 4193 3864 4248 ab-

2286 4273 2522 4329 ducendi
2544 4283 2729 4331 essent
2760 4278 2876 4343 fitii,
2902 4288 2960 4333 ut
2980 4280 3047 4332 ab
3069 4281 3172 4336 bac
3193 4289 3346 4350 peste
3382 4282 3774 4349 liberarentur,
3810 4286 3858 4340 si

2285 4368 2343 4422 in
2362 4380 2531 4430 mare,
2549 4367 2596 4421 si
2613 4367 2667 4421 in
2690 4368 2921 4433 insulas,
2938 4371 2985 4424 si
3003 4370 3583 4440 interramidesertam,
3604 4373 3650 4430 si
3670 4374 3724 4428 in
3739 4390 3858 4429 eam

2285 4472 2408 4529 qua:
2448 4458 2588 4512 ultra
2627 4474 2731 4514 nos
2768 4467 2853 4514 est
2895 4460 3046 4515 orbis
3078 4471 3318 4527 partem,
3353 4478 3534 4517 nonne
3578 4472 3859 4532 oporteret

2286 4552 2470 4605 omnia
2492 4550 2671 4605 facere
2689 4559 2742 4605 et
2759 4554 2987 4622 perpeti,
3009 4568 3077 4606 ne
3101 4552 3417 4622 huiusmodi
3434 4555 3635 4623 ﬂagitia
3659 4556 3859 4612 admit-

2286 4640 2567 4696 terentur?
2604 4640 2764 4695 Certe
2806 4642 2852 4696 si
2898 4642 3195 4697 insalubris
3243 4654 3391 4699 esset
3428 4646 3584 4702 locus
3617 4647 3816 4717 aliquis
3839 4687 3856 4713 ,

2288 4745 2469 4785 nonne
2488 4729 2613 4784 inde
2627 4728 2766 4785 tilios
2779 4739 3212 4800 asportaremus,
3228 4734 3443 4789 etiamsi
3456 4736 3605 4789 lucra
3618 4736 3859 4806 ingentia

2289 4824 2361 4878 ibi
2391 4824 2785 4893 consequuturi
2822 4833 3012 4879 essent
3033 4865 3047 4889 ,
3072 4825 3284 4880 etiamsi
3315 4828 3520 4898 Optima
3552 4829 3861 4884 valetudine

2290 4915 2631 4984 potirentur?
2651 4914 2806 4969 Nunc
2822 4924 3001 4969 autem
3026 4931 3151 4970 cum
3177 4925 3326 4971 tanta
3345 4920 3463 4973 lues
3489 4922 3671 4973 omnia
3696 4936 3861 4975 occu-

2292 5014 2382 5076 pet
2412 5021 2520 5060 non
2548 5007 2708 5061 modo
2734 5021 2829 5059 eos
2864 5006 2930 5059 ad
2960 5006 3218 5062 barathra
3257 5010 3547 5079 trahimus,
3575 5014 3672 5067 sed
3694 5014 3740 5068 si
3764 5015 3859 5082 qui

2293 5100 2413 5154 illos
2434 5100 2645 5168 eripere
2689 5099 2893 5164 velint,
2950 5117 3047 5156 eos
3084 5110 3145 5155 ut
3183 5112 3536 5174 corruptores
3582 5105 3859 5175 pellimus.

2293 5191 2504 5255 Quanta
2523 5191 2601 5242 ira
2620 5190 2829 5255 istbaac,
2844 5193 3065 5262 quantis
3083 5192 3401 5250 fulminibus
3414 5196 3576 5266 digna
3589 5212 3696 5250 non
3713 5198 3863 5251 sunt?

2290 5281 2729 5351 quandoquidem
2742 5284 2980 5354 linguam
2996 5287 3128 5356 ipsis
3146 5298 3525 5353 perexlernam
3539 5289 3862 5357 sapientiam

2290 5378 2555 5448 perpolire
2587 5376 2880 5439 studemus,
2922 5374 3151 5427 animam
3197 5384 3325 5424 vero
3370 5370 3423 5422 in
3456 5369 3569 5438 ipso
3594 5367 3866 5437 Spurcitize

2287 5485 2443 5524 emno
2468 5470 2757 5538 jacentem,
2782 5466 3104 5533 omninoque
3129 5470 3546 5532 putrescentem,
3577 5474 3682 5514 non
3705 5458 3865 5514 modo

2287 5561 2631 5629 deSpicimus,
2678 5558 2771 5613 sed
2799 5558 2961 5612 etiam
2997 5569 3288 5625 exsurgere
3315 5554 3581 5609 volentem
3608 5549 3863 5621 prohibe-

2290 5667 2429 5706 mus.
2478 5651 2615 5705 Num
2664 5650 2779 5718 quis
2830 5646 3005 5702 adhuc
3045 5646 3224 5702 dicere
3262 5647 3403 5701 ausit
3440 5658 3598 5713 posse
3637 5645 3862 5696 salutem

2290 5742 2544 5810 consequi
2598 5755 2710 5803 eos,
2740 5738 2828 5807 qui
2880 5737 2933 5792 in
2981 5738 3144 5792 tantis
3191 5737 3344 5791 malis
3387 5731 3703 5789 versantur’
3752 5733 3863 5797 Qua

2290 5832 2535 5889 ratione?
2563 5831 2800 5899 Namque
2830 5830 2889 5894 ii,
2921 5828 3012 5900 qui
3049 5828 3378 5885 exoletorum
3421 5828 3689 5881 vesaniam
3737 5822 3869 5877 etfu-

2291 5934 2501 5996 gerunt,
2549 5922 2640 5995 qui
2686 5922 2840 5992 pauci
2870 5937 3001 5977 sane
3039 5934 3261 5975 numero
3290 5927 3432 5983 sunt,
3486 5928 3697 5971 amores
3744 5911 3867 5965 illos

2296 6016 2578 6084 violentos,
2620 6014 2712 6085 qui
2757 6015 2938 6071 omnia
2984 6020 3352 6081 corrumpunt,
3382 6007 3618 6080 pecunia:
3661 6002 3870 6061 scilicet
