4532 6722
778 584 884 639 ε’ῐό

778 709 829 751 et
858 697 1065 767 gloriae,
1093 711 1199 749 non
1230 693 1483 762 effugiunt
1503 710 1516 745 :
1538 692 1716 760 plures
1744 700 1919 741 autem
1937 696 1992 741 et
2017 687 2101 740 his
2127 685 2274 754 ipsis,
2302 690 2357 734 et

779 801 881 839 una
899 784 1177 855 impudicis
1194 782 1464 838 amoribus
1484 781 1849 835 vehementius
1870 778 2108 847 oppressi
2123 775 2358 830 detinen-

785 888 891 930 tur.
911 877 1110 931 Deinde
1123 891 1239 930 cum
1255 874 1371 928 illos
1390 873 1659 927 literarum
1675 870 1860 925 studiis
1874 872 2084 924 tradere
2098 869 2357 927 volumus,

792 984 899 1021 non
928 978 1128 1022 tantum
1160 982 1221 1021 ea
1257 982 1374 1035 quae
1400 964 1525 1020 huic
1557 962 1873 1019 institutioni
1900 964 2115 1017 ofﬁcere
2142 967 2361 1031 possunt

784 1058 1098 1121 auferimus,
1126 1057 1216 1111 sed
1238 1073 1354 1125 qua:
1376 1058 1542 1126 ipsam
1558 1058 1743 1127 juvare
1760 1065 1984 1125 possunt
2004 1066 2319 1123 apparamus
2343 1065 2359 1113 ;

788 1149 1102 1218 ptedagogos
1141 1158 1194 1202 et
1226 1149 1507 1218 magistros
1551 1149 1677 1217 ipsis
1708 1162 2087 1215 procuramus,
2115 1144 2364 1213 pecunias

787 1241 1158 1309 expendimus,
1188 1250 1348 1310 atque
1378 1256 1406 1293 a
1433 1241 1639 1295 caeteris
1664 1240 1825 1292 rebus
1844 1241 2009 1292 otium
2028 1247 2361 1307 priestatnus.

790 1346 852 1384 ac
879 1332 1225 1400 frequentius,
1260 1349 1419 1400 quam
1458 1330 1762 1399 pacdotriba:
1797 1329 1848 1382 iu
1875 1326 2165 1399 Olympicis
2188 1331 2361 1379 Certa-

789 1422 1021 1475 minibus
1051 1422 1405 1476 vociferantes
1434 1463 1447 1482 .
1479 1427 1845 1489 panpertatem
1876 1434 2033 1489 quam
2076 1413 2363 1484 imperitia,

788 1512 1001 1567 divitias
1018 1529 1146 1582 quas
1161 1514 1389 1567 eruditio
1405 1513 1559 1566 affert
1574 1511 1910 1574 exhibemus,
1933 1508 2063 1563 nihil
2081 1522 2183 1559 non
2206 1520 2368 1575 agen-

790 1614 870 1659 tes
892 1621 950 1659 ac
968 1606 1223 1669 dicentes,
1262 1616 1316 1659 et
1352 1614 1536 1659 nostro
1564 1613 1618 1657 et
1639 1604 1863 1657 aliorum
1889 1613 2158 1664 sermone,
2188 1607 2245 1651 ut
2273 1612 2367 1651 eos

790 1696 856 1749 ad
894 1696 1053 1749 ﬁnem
1098 1705 1257 1750 tantic
1288 1696 1662 1750 Sollicitudiuis
1693 1696 2063 1765 perducamus,
2095 1707 2268 1759 neque
2293 1692 2371 1745 sic

790 1788 978 1841 crebro
997 1789 1102 1841 voti
1121 1797 1395 1857 compotes
1416 1788 1681 1842 efﬁcimur
1708 1804 1721 1839 :
1746 1800 1952 1840 morum
1978 1798 2105 1837 vero
2129 1782 2370 1851 probita-

793 1889 925 1944 tem,
958 1890 1013 1933 et
1039 1879 1278 1933 honesta:
1308 1880 1430 1933 vita:
1470 1894 1652 1933 curam
1694 1879 1831 1931 ultro
1862 1877 1990 1943 ipsis
2020 1875 2371 1928 obventuram

790 1970 1115 2038 putabimus,
1149 1984 1267 2022 cum
1310 1970 1540 2022 maxime
1589 1978 1664 2021 tot
1713 1976 1964 2035 tantaque
2004 1966 2129 2028 sint,
2159 1980 2278 2033 qua:
2307 1965 2372 2017 il-

793 2061 897 2115 lam
930 2061 1261 2129 impediant?
1289 2060 1493 2130 Ecquid
1516 2060 1614 2114 hac
1642 2058 1971 2113 absurditate
1998 2058 2237 2111 deterius
2259 2056 2374 2110 fue-

792 2154 880 2213 rit,
907 2151 956 2205 id
988 2152 1124 2221 quod
1154 2152 1361 2206 facilius
1381 2161 1464 2207 est
1490 2155 1542 2205 in
1570 2167 1760 2221 magno
1788 2151 1961 2219 pretio
1989 2149 2187 2204 habere
2213 2189 2227 2211 ,
2264 2157 2370 2202 tam

794 2244 1021 2301 sollicite
1057 2245 1321 2313 persequi,
1364 2244 1512 2312 quasi
1562 2259 1665 2297 non
1692 2243 1851 2295 liceat
1883 2240 2029 2295 aliud
2070 2239 2227 2293 aliter
2251 2238 2373 2292 adi-

797 2335 952 2403 pisci,
984 2335 1121 2402 quod
1150 2345 1325 2387 autem
1351 2334 1505 2403 longe
1527 2332 1800 2387 difﬁcilius
1828 2340 1931 2396 est,
1953 2332 2054 2385 hoc
2081 2331 2231 2385 nobis
2252 2328 2375 2382 dor-

797 2423 1090 2476 mientibus
1120 2424 1471 2477 obventurqu
1497 2438 1616 2478 esse
1656 2432 1862 2492 putare,
1895 2422 2043 2490 quasi
2069 2418 2263 2487 aliquid
2294 2418 2373 2470 vi-

796 2514 867 2569 lis
894 2516 1049 2585 pretii
1078 2525 1130 2569 ct
1157 2515 1304 2583 parvi
1332 2515 1586 2568 momenti
1609 2515 1632 2567 ?
1660 2511 1997 2579 l’hi1050phia
2025 2510 2219 2579 quippe
2254 2508 2374 2560 ani-

799 2620 900 2658 mm
923 2605 1191 2658 literarum
1219 2605 1546 2657 institutione
1568 2612 1713 2656 tanto
1740 2600 2006 2655 difﬁcilior
2025 2610 2079 2653 et
2098 2598 2378 2667 operosior

798 2705 901 2759 est,
950 2704 1146 2763 quanto
1189 2693 1457 2748 difficilius
1503 2703 1586 2748 est
1630 2692 1824 2756 facere,
1871 2706 2030 2760 quam
2071 2690 2270 2753 dicere,
2326 2695 2380 2741 et

799 2796 996 2855 quanto
1022 2800 1182 2853 opera
1209 2793 1332 2838 sunt
1356 2784 1694 2839 sermonibus
1723 2781 2095 2837 laboriosiora.

874 2881 928 2930 9.
968 2874 1306 2943 Philosophia
1328 2875 1429 2929 sive
1456 2888 1653 2927 morum
1671 2873 1919 2927 institutio
1938 2868 2379 2939 quamnecessaria

808 2966 1196 3033 situ—Ecquid,
1227 2967 1431 3035 inquies
1458 2965 1791 3035 philosophia
1809 2973 1863 3017 et
1890 2963 2203 3016 accuratiori
2222 2959 2378 3013 insti-

808 3058 1007 3112 tutione
1038 3058 1157 3111 ﬁliis
1179 3058 1375 3111 nostris
1402 3057 1579 3125 opus?
1604 3055 1736 3110 lllud
1779 3054 1919 3110 enim
1945 3094 1961 3119 ,
1990 3052 2120 3107 illud
2156 3052 2378 3105 omnino

805 3158 887 3202 est
912 3147 1050 3216 quod
1074 3149 1250 3200 omnia
1278 3147 1530 3215 perdidit,
1550 3146 1689 3215 quod
1714 3159 1801 3199 res
1822 3148 1893 3198 ita
1920 3144 2244 3207 necessaria,
2262 3157 2381 3211 quae

804 3239 965 3292 vitam
990 3238 1259 3291 contineat
1290 3245 1548 3301 nostram,
1579 3233 1849 3305 superflua
1874 3242 1928 3288 et
1952 3234 2124 3287 otiosa
2150 3247 2270 3287 esse
2294 3231 2377 3284 vi-

802 3328 1010 3382 deatur.
1042 3326 1199 3381 Certe
1227 3329 1270 3380 si
1297 3328 1416 3396 quis
1443 3326 1611 3380 ﬁlium
1639 3326 1777 3379 mala
1805 3324 2044 3393 corporis
2078 3322 2380 3377 valetudine

803 3418 1132 3472 laborantem
1181 3418 1391 3481 viderit,
1434 3432 1719 3486 numquam
1746 3416 1887 3470 dicet
1929 3433 1942 3469 :
1974 3413 2112 3480 Quid
2146 3414 2218 3467 illi
2247 3428 2381 3481 opus

808 3509 944 3561 bona
990 3517 1044 3562 et
1083 3507 1236 3561 ﬁrma
1283 3507 1627 3562 valetudine?
1664 3506 1757 3561 sed
1803 3507 1982 3561 omnia
2023 3505 2292 3570 molietur,
2325 3511 2382 3556 ut

805 3598 945 3652 bona
972 3598 1221 3653 valetudo
1258 3597 1329 3652 ita
1377 3598 1475 3667 ipsi
1505 3599 1838 3661 restituatur,
1871 3608 1927 3651 ut
1953 3595 2171 3650 morbus
2198 3603 2380 3664 postea

807 3709 911 3747 non
943 3693 1144 3748 redeat.
1174 3694 1366 3748 Anima
1390 3708 1517 3747 vero
1548 3701 1861 3762 :cgrotautc,
1892 3690 2024 3743 nihil
2047 3690 2195 3743 aiunt
2223 3702 2379 3742 cura-

807 3785 950 3838 tione
972 3800 1105 3853 opus
1133 3800 1273 3849 esse,
1308 3786 1496 3855 hisque
1524 3785 1748 3854 prolatis
1774 3784 1950 3837 verbis
1993 3792 2169 3852 patres
2195 3797 2254 3837 se
2280 3796 2377 3835 vo-

807 3890 931 3930 care
956 3875 1170 3931 audent.
1199 3876 1333 3941 Quid
1364 3877 1564 3945 igitur?
1596 3877 1743 3930 aiunt
1769 3894 1783 3939 ;
1814 3874 2379 3945 philosophabimurne

808 3979 1012 4030 onmes,
1043 3975 1096 4019 et
1139 3967 1316 4019 omnia
1346 3982 1465 4035 qua:
1500 3966 1564 4018 ad
1594 3967 1846 4020 szcculum
1889 3973 2133 4033 spectant
2168 3978 2382 4033 pessum

810 4056 997 4107 ibunt?
1023 4054 1139 4109 Non
1168 4058 1236 4108 ita
1268 4071 1513 4124 prorsus.
1540 4056 1772 4111 virorum
1805 4056 2005 4125 optime
2030 4097 2044 4119 ,
2076 4070 2182 4108 non
2212 4054 2384 4123 philo-

810 4144 1022 4212 sophia,
1048 4146 1141 4198 sed
1168 4145 1521 4213 philosophia:
1541 4146 1717 4213 inopia
1738 4145 1916 4199 omnia
1943 4144 2174 4212 perdidit
2200 4152 2255 4197 et
2273 4157 2386 4197 cor-

811 4235 974 4302 rupit.
1026 4235 1274 4302 Quinam,
1327 4250 1529 4305 quaeso,
1586 4245 1902 4304 praesentem
1958 4250 2131 4289 rerum
2185 4243 2383 4288 statum

811 4328 1201 4395 corrumpunt?
1229 4329 1373 4381 illine
1398 4329 1487 4397 qui
1518 4328 1791 4383 moderate
1821 4337 1876 4382 et
1899 4328 2062 4397 probe
2089 4328 2285 4390 vivunt,
2315 4341 2381 4380 an

809 4419 895 4485 qui
941 4434 1106 4472 novos
1148 4431 1201 4474 et
1244 4421 1456 4489 iniquos
1485 4422 1781 4490 excogitant
1813 4420 2122 4475 deliciarum
2148 4419 2379 4474 modos?

812 4510 901 4577 qui
932 4525 1017 4563 res
1045 4513 1280 4565 omnium
1309 4512 1408 4565 sibi
1436 4526 1710 4565 assumere
1738 4513 1980 4565 nituntur
2003 4552 2018 4573 ,
2060 4527 2126 4564 an
2153 4512 2240 4579 qui
2269 4511 2382 4565 suis

810 4600 1045 4652 contenti
1079 4602 1246 4654 sunt?
1273 4603 1362 4670 qui
1402 4602 1813 4655 domesticorum
1843 4602 2130 4670 phalangas
2162 4601 2379 4665 habent,

808 4697 862 4741 et
885 4699 1275 4743 assentatorum
1307 4693 1322 4721 ι
1351 4706 1553 4744 cuneos
1580 4690 1982 4744 circumducunt
2010 4732 2025 4755 ,
2055 4704 2121 4742 an
2148 4690 2237 4757 qui
2265 4704 2380 4741 scr-

808 4795 933 4833 vum
958 4797 1117 4834 unum
1146 4782 1245 4835 sibi
1276 4783 1405 4835 satis
1425 4796 1543 4835 esse
1569 4781 1933 4835 arbitrantur?
1958 4780 2217 4849 (nondum
2239 4779 2381 4833 enim

810 4870 877 4924 de
919 4887 1161 4939 suprema
1208 4872 1540 4941 pltiloSOphia
1588 4873 1794 4940 loquor,
1839 4872 1931 4926 sed
1970 4871 2036 4925 de
2081 4871 2189 4933 illa,
2224 4886 2383 4939 quam

810 4959 1021 5028 plurimi
1051 4961 1198 5014 adire
1228 4973 1478 5028 possimt:
1509 4960 1530 5033 )
1563 4962 1710 5017 illinc
1746 4962 1834 5030 qui
1880 4961 2094 5015 humani
2123 4976 2186 5015 ac
2228 4975 2381 5014 man-

810 5049 945 5101 sueti
977 5058 1120 5111 sunt,
1154 5051 1609 5119 multitudinisque
1640 5050 1895 5105 honorem
1928 5068 2032 5104 non
2059 5058 2282 5116 curant,
2315 5067 2381 5104 an

810 5141 868 5204 ii,
898 5140 988 5208 qui
1020 5139 1275 5193 honorem
1310 5142 1424 5209 plus
1465 5157 1622 5209 quam
1664 5157 1822 5195 omne
1860 5143 2096 5195 debitum
2139 5144 2377 5211 exigunt,

809 5231 1207 5298 innunterisque
1235 5231 1619 5284 calamitatibus
1644 5231 1879 5285 afficiunt
1898 5248 2019 5286 cum
2044 5233 2134 5301 qui
2164 5248 2266 5285 non
2294 5249 2378 5285 as-

810 5331 1008 5390 surgat,
1039 5338 1143 5375 non
1191 5323 1393 5391 primus
1418 5323 1635 5385 salutet,
1670 5338 1772 5377 non
1804 5339 1862 5378 se
1892 5325 2129 5388 inclinet,
2161 5334 2377 5379 cuncta-

811 5426 913 5477 que
942 5426 1214 5464 servorum
1246 5413 1499 5482 obsequia
1534 5429 1643 5482 prze
1670 5428 1728 5467 se
1774 5413 1941 5467 ferat?
1969 5414 2057 5483 qui
2083 5414 2255 5469 alieno
2282 5416 2381 5468 im-

808 5503 958 5570 perio
979 5516 1168 5569 parcre
1188 5514 1397 5565 curant,
1429 5521 1494 5558 an
1525 5506 1611 5576 qui
1639 5505 1977 5575 magistratus
2005 5505 2377 5574 prmfecturas-

809 5608 913 5662 que
955 5602 1156 5659 amant,
1199 5602 1254 5648 et
1284 5594 1384 5647 hac
1427 5595 1494 5650 de
1530 5612 1588 5650 rc
1624 5597 1801 5650 omnia
1834 5595 2062 5651 libenter
2091 5596 2288 5651 faciunt
2317 5611 2379 5651 ac

808 5683 1124 5751 patiuntur?
1149 5686 1236 5753 qui
1266 5699 1325 5741 se
1350 5686 1586 5740 omnium
1610 5688 1837 5755 optimos
1863 5702 1983 5741 esse
2008 5687 2211 5753 dicunt,
2242 5687 2380 5741 ideo-

784 5787 913 5841 .que
942 5774 1117 5827 omnia
1144 5774 1321 5830 dicere
1346 5777 1596 5832 etfacere
1621 5776 1720 5830 sibi
1751 5777 1914 5832 licere
1934 5777 2277 5843 arbitrantur,
2308 5792 2376 5831 an

872 5908 889 5937 ί
909 5913 1037 5976 t_Jn_us
1056 5906 1209 5956 codex
1231 5906 1396 5969 habet,
1420 5911 1765 5960 assentatorum
1800 5914 1845 5958 et
1870 5907 2208 5970 parasitorum,
2233 5914 2285 5959 et
2306 5907 2375 5957 sic

808 5968 950 6014 haut.
972 5969 1021 6016 in
1043 5980 1280 6031 margine.

1484 576 1539 629 ὃ.
1581 572 1854 628 ΙΟᾹΝΧΙΞ
1891 564 2361 625 Εξῖἱὶῖδυὸϊυλιι
2391 564 2703 617 ΛΚΕΗΙΕΡ.
2739 564 3265 621 (ᾁωΒΤΑΝΤΙΝΟΡ.

3933 564 4037 617 3ὸᾷ

2467 682 2555 751 qui
2602 697 2659 734 se
2706 680 2905 734 ultimis
2934 692 3318 747 aunumerant,
3351 691 3403 734 et
3445 680 3521 734 sic
3546 680 3760 735 brutam
3788 681 4035 736 vitiorum

2467 772 2752 840 potentiam
2775 771 3035 839 castigant
3054 774 3077 826 ?
3095 776 3183 841 qui
3208 771 3513 843 splendidas
3532 779 3849 825 construunt
3873 772 4029 837 mdes,

2467 870 2522 915 et
2545 862 2713 916 lautas
2756 869 3028 929 apponunt
3071 879 3300 923 mensas.
3334 880 3398 915 an
3426 862 3513 931 qui
3552 868 3605 913 et
3630 859 3749 912 cibo
3777 868 3829 912 et
3858 860 4032 912 domi-

2467 955 2590 1007 cilio
2630 952 2853 1022 simplici
2887 953 3124 1005 contenti
3153 954 3283 1006 nihil
3329 953 3558 1022 amplius
3587 948 3909 1019 requirunt?
3948 951 4035 1018 qui

2470 1043 2745 1097 innumera
2768 1050 2923 1094 terrae
2950 1041 3354 1111 sulcantjugera
3381 1084 3395 1107 ,
3424 1058 3488 1095 an
3515 1041 3603 1111 qui
3632 1055 3696 1093 ne
3722 1038 3887 1106 gleba:
3914 1040 4035 1104 qui-

2470 1132 2591 1185 dem
2629 1132 2782 1185 unius
2803 1129 3190 1199 possessionem
3217 1131 3314 1183 sibi
3334 1130 3689 1185 necessariam
3713 1124 4042 1182 exiSIitnant!

2470 1222 2559 1291 qui
2585 1220 2789 1276 foenera
2821 1219 3112 1274 faenoribus
3139 1221 3451 1287 adjicientcs
3486 1222 3720 1290 iniquam
3763 1217 4045 1287 cujuslibet

2472 1312 2780 1366 commercii
2811 1312 2948 1365 viam
2990 1310 3210 1370 adeunt,
3243 1325 3309 1361 an
3360 1312 3448 1379 qui
3490 1312 3696 1380 iniquas
3744 1305 4046 1377 huiusmodi

2473 1403 2808 1474 syngraphas
2846 1403 3169 1469 discerpunt,
3202 1415 3372 1469 exque
3407 1400 3747 1455 facultatibus
3783 1401 3891 1454 suis
3918 1414 4043 1467 cge-

2475 1508 2576 1548 nos
2605 1494 2828 1547 fovent?
2852 1494 2939 1562 qui
2970 1490 3206 1544 mortalis
3242 1500 3445 1542 naturte
3488 1491 3745 1543 vilitatem
3795 1489 4044 1543 conside-

2475 1597 2597 1641 rant
2620 1627 2633 1648 .
2664 1603 2732 1641 an
2762 1588 2850 1656 qui
2884 1587 2934 1640 id
2976 1601 3041 1640 ne
3084 1585 3219 1637 scire
3249 1581 3462 1652 quidem
3490 1582 3692 1645 volunt,
3724 1581 3816 1634 sed
3848 1579 4045 1650 ingenti

2475 1692 2568 1731 sua
2595 1677 2917 1746 arrogantia,
2945 1690 3003 1730 se
3031 1675 3272 1728 homines
3292 1673 3597 1727 existimare
3626 1671 3936 1724 desierunt?
3959 1670 4049 1739 qui

2477 1766 2785 1821 meretrices
2820 1768 2989 1832 alunt,
3018 1766 3323 1833 alienasque
3349 1762 3559 1831 nuptias
3587 1761 3850 1831 polluuut,
3876 1775 3942 1813 an
3959 1760 4049 1829 qui

2476 1872 2504 1910 a
2538 1857 2750 1925 propria
2796 1858 2957 1911 etiam
2989 1872 3151 1911 uxore
3182 1853 3492 1909 abstinent?
3520 1852 3707 1906 Nonne
3733 1851 3804 1905 illi
3835 1851 4048 1919 quidem

2479 1947 2637 2003 veluti
2671 1955 2907 2000 tumores
2936 1948 3146 2017 corpori
3173 1945 3417 2013 ventique
3447 1942 3682 1997 furentes
3705 1942 3835 1995 mari
3866 1941 4052 1993 adver-

2480 2055 2571 2094 sus
2626 2045 2826 2092 rectam
2878 2039 3025 2093 orbis
3072 2038 3455 2093 institutionem
3504 2036 3801 2103 insurgunt,
3852 2047 4052 2102 perque

2488 2145 2638 2187 suam
2669 2130 3131 2198 intemperantiam
3165 2144 3258 2184 eos
3288 2170 3303 2194 ,
3330 2128 3417 2197 qui
3447 2127 3669 2180 salutem
3700 2124 3930 2179 nancisci
3955 2138 4049 2193 po-

2481 2228 2670 2285 terant,
2699 2220 2749 2272 in
2781 2219 2974 2274 fluctus
3004 2220 3293 2287 conjiciunt
3318 2236 3332 2284 ;
3358 2219 3411 2272 hi
3443 2232 3570 2271 vero
3600 2226 3865 2285 tamquam
3896 2214 4054 2267 lumi-

2479 2312 2624 2366 naria
2674 2312 2725 2365 in
2759 2312 3031 2381 profundis
3078 2312 3309 2366 tenebris
3354 2310 3620 2374 micantia,
3654 2322 3768 2372 eos,
3798 2307 3885 2376 qui
3917 2320 4053 2358 nau-

2479 2403 2647 2474 fragio
2689 2404 2915 2473 proximi
2953 2403 3005 2456 in
3038 2403 3212 2457 medio
3238 2411 3555 2466 versantur,
3602 2398 3669 2453 ad
3716 2398 4054 2453 securitatem

2480 2505 2726 2561 evocant,
2758 2505 2812 2551 ct
2841 2494 3192 2564 philosophia:
3221 2493 3361 2547 faces
3402 2495 3452 2547 in
3483 2492 3701 2548 sublimi
3728 2491 3844 2545 loco
3872 2487 4053 2559 procul

2482 2600 2732 2641 accensas
2762 2594 3049 2655 ponentes,
3079 2587 3155 2639 sic
3180 2600 3273 2640 eos
3298 2584 3386 2654 qui
3415 2584 3679 2637 voluerint
3704 2584 3768 2638 ad
3798 2581 4055 2649 tranquil-

2483 2676 2589 2729 lum
2633 2686 2842 2744 portum
2872 2675 3185 2728 deducunt?
3229 2674 3417 2728 Nonne
3446 2683 3663 2741 propter
3687 2672 3808 2726 illos
3833 2670 4054 2724 seditio-

2482 2780 2598 2831 nes,
2631 2766 2786 2829 bella,
2825 2779 3031 2834 pugnze,
3064 2764 3274 2817 urbium
3313 2764 3539 2827 excidia,
3571 2761 3803 2825 vincula,
3832 2762 4058 2814 servitu-

2485 2864 2583 2919 tes,
2613 2854 2976 2922 (-aptivitates,
3006 2852 3179 2906 caades
3219 2864 3275 2905 et
3318 2852 3594 2905 innumera
3636 2851 3813 2904 smculi
3836 2848 3970 2903 mala
4004 2847 4060 2901 ’ἲ

2481 2961 2587 3001 nou
2611 2955 2811 2999 tantum
2838 2959 2921 3008 ea,
2954 2959 3070 3013 qua:
3101 2959 3195 3012 per
3225 2942 3466 2997 homines
3486 2942 3793 2996 hominibus
3822 2940 4058 2994 inferun-

2484 3049 2590 3103 tur,
2620 3038 2712 3093 sed
2738 3038 2896 3092 etiam
2934 3052 3017 3099 ea,
3048 3051 3165 3105 quzc
3190 3035 3257 3088 de
3281 3035 3411 3088 cmlo
3432 3036 3669 3097 veniunt,
3694 3042 3751 3085 ut
3773 3033 4059 3095 siccitates,

2485 3128 2731 3182 imbrium
2779 3125 3136 3186 exundantite,
3171 3134 3329 3177 terra!
3366 3133 3562 3188 motus,
3616 3122 3806 3186 ruinm,
3851 3121 4059 3175 urbium

2486 3218 2871 3282 demersinnes,
2895 3215 3083 3279 fames,
3105 3225 3280 3284 pestes
3306 3215 3515 3283 aliaque
3531 3213 3727 3276 omnia,
3755 3227 3873 3282 qua:
3902 3211 4054 3266 nobis

2484 3312 2687 3367 ccelitus
2713 3309 3102 3365 immittuntur?

2560 3406 2646 3459 10.
2688 3404 2845 3474 Leges
2889 3414 2935 3456 ct
2979 3401 3228 3471 supplicia
3252 3398 3541 3469 reipublicae
3567 3396 3866 3451 necessaria.
3894 3423 3964 3435 —
3990 3394 4053 3447 lli

2487 3496 2666 3566 itaque
2692 3502 2845 3561 sunt,
2871 3494 2957 3564 qui
2995 3490 3374 3560 rempublicam
3400 3497 3662 3552 evertunt,
3691 3487 3875 3556 reique
3918 3500 4063 3539 com-

2487 3588 2633 3642 muni
2681 3594 2881 3655 pestem
2914 3582 3147 3637 inferunt
3187 3600 3200 3634 :
3239 3580 3291 3634 hi
3312 3581 3427 3633 aliis
3470 3579 3866 3632 innumerarum
3919 3578 4062 3631 cala-

2486 3680 2730 3733 mitatum
2773 3690 2930 3731 causa
2978 3682 3135 3738 sunt,
3186 3672 3277 3742 qui
3332 3672 3451 3725 vitae
3502 3670 3743 3740 quictiori
3792 3668 4063 3723 studentes

2486 3770 2824 3841 perturbant,
2873 3767 3107 3835 undique
3150 3763 3479 3834 pertrahunt,
3526 3772 3579 3817 et
3620 3761 3876 3816 dilaniant
3914 3778 3926 3813 :
3970 3760 4065 3813 ho-

2488 3877 2604 3916 rum
2634 3876 2792 3914 causa
2839 3858 3114 3912 tribunalia
3144 3863 3304 3920 sunt,
3338 3855 3500 3925 leges,
3550 3853 3794 3916 mulctte,
3844 3862 3895 3906 et
3934 3852 4063 3907 varii

2488 3952 2865 4021 suppliciorum
2914 3948 3055 4001 tnodi
3114 3964 3127 4000 :
3177 3961 3239 4000 ac
3279 3944 3719 4015 quemadmodum
3768 3944 3819 3997 in
3864 3942 4061 4006 domo,

2490 4042 2578 4096 ubi
2640 4041 2787 4093 multi
2824 4039 3005 4108 jaccnt
3066 4035 3293 4101 inﬁrmi,
3352 4035 3645 4089 incolumes
3697 4047 3825 4087 vero
3872 4032 4061 4100 pauci,

2489 4141 2545 4186 et
2587 4130 2937 4185 medicamina
2982 4136 3037 4182 et
3096 4126 3327 4181 medicos
3369 4125 3670 4193 complures
3709 4122 3889 4175 videas
3922 4162 3936 4186 ,
3988 4135 4066 4174 me

2490 4231 2543 4277 et
2597 4223 2649 4275 in
2675 4219 2808 4275 orbe
2847 4229 2959 4273 toto
3002 4218 3141 4271 nulla
3180 4233 3309 4288 gens
3349 4225 3429 4270 cst
3466 4257 3479 4278 ,
3526 4214 3667 4268 nulla
3720 4212 3933 4275 civitas,
3976 4210 4064 4263 ubi

2490 4329 2594 4368 non
2635 4312 2814 4365 multa:
2867 4311 3010 4381 leges
3046 4309 3151 4364 sint
3183 4350 3197 4376 ,
3262 4308 3411 4362 multi
3462 4305 3797 4374 magistratus
3836 4343 3851 4368 ,
3902 4304 4065 4357 multa

2488 4405 2762 4475 supplicia.
2785 4403 2967 4473 Neque
2987 4401 3127 4456 enim
3152 4402 3265 4468 ipsa
3287 4415 3380 4468 per
3401 4412 3458 4450 se
3480 4394 3825 4449 medicamina
3848 4405 4066 4463 possunt

2488 4512 2686 4567 aegrum
2715 4497 2941 4565 erigere,
2967 4494 3065 4546 nisi
3092 4492 3266 4544 adsint
3286 4490 3373 4557 qui
3403 4490 3674 4555 imponant
3700 4487 3785 4540 illa
3811 4504 3825 4551 ;
3859 4486 3909 4539 hi
3937 4503 4064 4542 vero

2489 4597 2611 4643 sunt
2636 4587 2863 4654 iudices,
2887 4584 2976 4652 qui
3004 4596 3193 4651 mgros,
3225 4580 3390 4632 velint
3421 4578 3626 4642 nolint,
3650 4576 3713 4631 ad
3749 4577 4062 4635 medicinam

2489 4674 2850 4744 accipiendam
2876 4679 3088 4740 cogunt.
3114 4670 3361 4722 Attamen
3388 4669 3456 4721 ita
3484 4669 3699 4721 morbus
3725 4669 3968 4733 obtinuit,
4004 4678 4062 4721 ut

2490 4765 2657 4833 ipsam
2688 4762 3015 4816 medicorum
3040 4768 3207 4812 artem
3233 4766 3464 4827 superet,
3489 4758 3734 4827 ipsosque
3760 4758 3965 4826 juilices
3986 4757 4063 4810 in-

2490 4854 2719 4908 vaserit:
2744 4852 3075 4921 idipsumque
3096 4850 3372 4918 contingit,
3396 4864 3457 4903 ac
3483 4850 3526 4904 si
3549 4851 3666 4920 quis
3690 4851 3843 4915 febri,
3876 4848 4063 4903 morbo

2489 4945 2734 4999 intercuti
2763 4986 2778 5007 ,
2821 4942 3218 5009 innumerisque
3257 4941 3373 4994 aliis
3413 4940 3744 5011 gravioribus
3787 4947 4063 5004 correptus

2490 5036 2899 5094 inﬁrmitatibus,
2931 5034 3067 5088 mala
3098 5032 3308 5102 quidem
3351 5034 3563 5102 propria
3604 5048 3707 5085 non
3751 5036 4059 5096 superaret,

2488 5127 2581 5182 sed
2608 5126 2773 5189 alios,
2806 5124 2894 5192 qui
2927 5121 3114 5177 iisdem
3146 5121 3489 5176 incommodis
3530 5121 3871 5179 laborarent,
3903 5118 3969 5169 ab
3997 5117 4063 5171 iis

2488 5219 2696 5285 eripere
2723 5212 2980 5267 studeret.
3014 5211 3282 5280 Siquidem
3313 5211 3562 5280 nequitia:
3593 5210 3801 5270 ﬂuctus,
3830 5221 3924 5258 ceu
3952 5216 4063 5259 tor-

2489 5323 2614 5363 rens
2639 5350 2652 5370 ,
2681 5304 2922 5359 obicibus
2952 5303 3173 5357 sublatis
3201 5303 3446 5357 omnibus
3478 5303 3526 5354 in
3560 5301 3818 5353 humanos
3857 5297 4061 5353 animos

2488 5404 2835 5456 vehementer
2861 5396 3054 5452 effusus
3075 5407 3173 5452 est.
3209 5395 3407 5466 Ecquid
3427 5395 3613 5461 loquor
3637 5389 3702 5443 de
3724 5396 3882 5442 recta:
3911 5389 4061 5444 insti-

2489 5491 2706 5546 tutionis
2726 5488 3044 5543 eversione?
3068 5487 3365 5543 Periculum
3394 5484 3533 5539 enim
3563 5490 3663 5545 est,
3695 5495 3761 5534 ne
3785 5480 3866 5533 illa
3896 5484 4061 5551 pestis

2484 5582 2552 5636 ab
2575 5578 2827 5647 improbis
2853 5578 3153 5632 hominibus
3176 5578 3401 5638 invecta,
3425 5587 3486 5626 ea
3510 5571 3690 5634 etiam,
3715 5588 3829 5639 qua:
3850 5573 3917 5628 de
3938 5590 4061 5644 pro-

2485 5671 2716 5726 videntia
2748 5671 2839 5725 Dei
2866 5686 2895 5724 a
2925 5670 3163 5739 plurimis
3189 5668 3451 5734 disputata
3490 5667 3649 5726 sunt,
3695 5662 3902 5718 refellat
3928 5682 3942 5718 :
3969 5680 4046 5717 us.

2484 5779 2586 5832 quc
2605 5762 2737 5816 adeo
2770 5761 3122 5833 progreditur,
3152 5764 3392 5825 augetur,
3425 5754 3598 5807 omnia
3626 5756 3914 5824 pervadere
3944 5765 4058 5809 sat-

2485 5855 2625 5924 agit,
2668 5854 2843 5907 omnia
2874 5851 3141 5918 susdeque
3178 5844 3403 5908 evertit,
3429 5842 3748 5913 demumque
3777 5846 4038 5899 adversus

2552 5969 2564 5997 ³
2601 5968 2671 6015 sic
2703 5963 2841 6014 Savil.
2882 5971 2932 6011 et
2968 5967 3073 6009 Mss.
3101 5964 3151 6005 tn
3172 5956 3337 6005 Morel.
3362 5956 3581 6020 quaedam
3603 5960 3904 6007 omittuntur.
