4454 6698
242 567 346 626 5ίῖῗῖ

237 670 331 719 καὶ
361 654 484 723 τοῦς
525 651 622 730 τῆς
670 650 825 730 δόξης
858 652 917 712 οὸ
955 649 1357 727 δῖαφεῦγουσινο
1399 655 1447 706 οἱ
1476 653 1531 706 δὲ
1564 652 1780 715 πλείους
1816 652 1908 703 καὶ

235 751 448 814 τούτοις
468 750 667 813 αὑτοῖς,
689 750 909 812 καὶτοῖς
925 749 1024 817 τῆς
1037 742 1328 810 ἀσελγείας
1349 741 1488 812 μετά
1514 742 1756 801 πλείονος
1794 755 1914 790 κατ·

238 839 450 909 ἐχονται
481 840 576 910 τῆς
605 837 932 909 ὑπερϐολῆς.
964 829 1098 886 Εἶτα
1117 832 1309 899 λόγους
1347 831 1441 901 μὲν
1467 831 1648 892 αὑτοῖς
1684 826 1914 881 ἐνθεῖναι

241 929 572 1001 βουλόμενοι,
600 929 722 998 οὑχ).
747 927 814 979 τά
839 923 1198 977 διακόπτοντα
1227 920 1324 992 τὴν
1352 921 1631 974 παίδευσιν
1657 913 1913 985 ἀναιροῦ-

243 1035 344 1088 μεν
370 1019 550 1090 μόνον,
577 1017 711 1070 ἀλλά
737 1014 830 1067 καὶ
857 1011 926 1064 τά
948 1009 1276 1064 συνιστῶντα
1293 1007 1794 1075 κατασκευάζομεν,
1823 1006 1916 1058 καὶ

240 1107 621 1176 παιδαγωγοὺς
645 1103 740 1154 καὶ
769 1097 1119 1161 διδασκάλους
1153 1096 1500 1166 ἐφιστῶντες,
1536 1094 1630 1145 καὶ
1658 1093 1916 1163 χρήματα

238 1195 639 1253 ἀναλίσκοντες,
671 1189 764 1240 καὶ
787 1185 887 1256 τὴν
921 1185 1026 1238 ἀπὸ
1075 1185 1181 1238 τῶν
1207 1184 1380 1238 ἄλλων
1409 1181 1750 1253 πραγμάτων
1778 1196 1914 1248 παρα

239 1283 455 1352 έχοντες
485 1276 699 1348 σχολὴν,
722 1276 816 1327 καὶ
838 1273 945 1325 τῶν
978 1275 1034 1326 ἐν
1051 1277 1162 1336 τοῖς
1191 1271 1581 1340 Ὀλυμπιακοῖς
1604 1267 1776 1335 ἀγῶσι
1801 1285 1917 1320 παι-

237 1367 500 1440 δοτριϐῶν
537 1362 922 1432 συνεχέστερον
954 1359 1357 1430 ἐπιφωνοῦντες
1402 1356 1587 1418 αὐτοῖς
1628 1357 1724 1424 τήν
1751 1372 1808 1406 τε
1850 1358 1914 1408 ἐκ

238 1458 338 1527 τῆς
365 1451 720 1514 ἀπαιδευσίας
751 1451 962 1515 πενίαν,
991 1450 1084 1503 καὶ
1111 1450 1202 1501 τὸν
1264 1446 1373 1499 ἀπὸ
1430 1444 1529 1514 τῆς
1578 1443 1913 1507 παιδεύσεως

239 1542 492 1603 πλοῦτον,
517 1541 612 1591 καὶ
642 1538 818 1592 πάντα
851 1537 1130 1599 ποιοῦντες
1159 1535 1254 1588 καὶ
1279 1534 1549 1600 λέγοντες,
1577 1534 1669 1584 καὶ
1697 1532 1764 1584 δι’
1785 1533 1913 1584 ἐαυ-

239 1633 369 1695 τῶν,
406 1631 501 1682 καὶ
527 1627 594 1680 δι’
621 1627 816 1690 ἄλλων,
869 1627 1008 1680 ὥστε
1044 1624 1244 1685 αὐτοὺς
1296 1623 1376 1684 είς
1413 1619 1474 1672 τὸ
1502 1619 1655 1681 τέλος
1689 1620 1916 1685 ἀγαγεῖν

239 1720 342 1788 τῆς
362 1714 730 1785 προκειμένης
758 1713 1014 1782 σπουδῆς,
1034 1712 1128 1764 καὶ
1152 1708 1273 1762 ούδέ
1297 1706 1442 1760 οὕτω
1474 1705 1734 1766 πολλάκις
1765 1720 1920 1773 περι-

239 1786 506 1874 γινόμεθα
525 1816 540 1830 ·
575 1800 790 1871 τρόπων
820 1798 876 1850 δὲ
906 1797 1226 1858 ἐπιείκειαν,
1259 1792 1352 1846 καὶ
1381 1788 1657 1850 πολιτείας
1689 1786 1922 1857 ἀρίστης

239 1891 528 1963 ἀκρίϐειαν
589 1886 894 1954 αὐτόματον
962 1882 1260 1952 οἰησόμεθα
1325 1875 1758 1950 παραγενέσθαι,
1826 1874 1919 1925 καὶ

238 1980 416 2035 ταῦτα
463 1975 732 2030 τοσούτων
763 1972 931 2024 ὄντων
965 1970 1082 2041 [9|]
1113 1969 1222 2021 τῶν
1268 1964 1672 2021 διακοπτόντων
1715 1961 1916 2029 αὑτήν;

241 2072 357 2125 Καὶ
389 2069 440 2122 τί
473 2066 677 2135 ταύτης
723 2063 823 2132 τῆς
851 2059 1069 2128 ἀλογίας
1096 2061 1276 2128 χεῖρον
1317 2055 1517 2124 γένοιτ’
1572 2051 1660 2111 ἀν,
1723 2050 1784 2101 τὸ
1821 2047 1920 2118 μὲν

246 2162 447 2230 ῥᾷστον
493 2155 636 2210 οῦτω
686 2151 930 2224 μεγάλης
957 2147 1142 2214 ἀξιοῦν
1187 2147 1350 2216 τιμῆς
1399 2143 1494 2198 καὶ
1540 2140 1813 2210 σπουδῆς·
1845 2137 1922 2200 ὡς

241 2223 344 2298 οὑκ
375 2244 492 2297 ἐνὸν
539 2223 744 2310 ταύτης
795 2239 923 2292 ἄνευ
959 2234 1092 2288 αὐτὸ
1139 2229 1546 2302 κατορθωθῆναί
1589 2241 1754 2280 ποτε·
1795 2223 1824 2277 ὅ
1863 2223 1922 2276 δὲ

244 2330 426 2399 πολλῷ
464 2324 886 2396 δυσχερέστερόν
913 2326 1049 2386 ἐστι,
1079 2319 1237 2372 τοῦτο
1271 2315 1626 2370 καθεύδουσιν
1661 2313 1792 2383 ἡμῖν
1825 2311 1922 2378 ἐφ·-

246 2414 504 2468 ίστασθαι
531 2411 792 2481 νομίζειν,
816 2407 1069 2477 καθάπερ
1101 2422 1156 2458 τι
1191 2404 1298 2457 τῶν
1325 2401 1543 2472 φαύλων
1577 2401 1671 2452 καὶ
1694 2397 1921 2466 οὐδαμι-

241 2503 351 2555 νῶν
384 2514 445 2565 α;
479 2498 768 2567 Φιλοσοφία
806 2498 913 2567 γάρ
939 2494 1120 2566 ψυχῆς
1149 2493 1324 2561 λόγων
1371 2487 1709 2549 παιδεύσεως
1748 2483 1924 2553 τούτῳ

240 2585 646 2656 δυσκολώτερόν
666 2584 725 2636 τέ
760 2584 874 2636 ἐστι
903 2583 995 2635 καὶ
1027 2579 1448 2652 ἐργωδέστερον,
1483 2576 1592 2644 ὅσῳ
1617 2572 1712 2626 τοῦ
1744 2571 1924 2639 λέγειν

242 2679 308 2730 τὸ
338 2675 618 2746 πράττειν,
640 2672 734 2725 καὶ
760 2672 869 2740 ὅσῳ
893 2669 1153 2741 ῥημάτων
1185 2666 1321 2738 ἔργα
1353 2662 1500 2718 ἐστὶν
1524 2657 1920 2726 ἐπιπονώτερα.

322 2745 394 2818 θ’(
417 2764 530 2818 Καὶ
560 2762 612 2813 τί
637 2761 717 2812 δεῖ
732 2758 1069 2827 φιλοσοφίας,
1088 2774 1160 2826 φη
1170 2756 1240 2817 οἱ,
1265 2754 1357 2806 καὶ
1373 2749 1645 2812 πολιτείας
1663 2745 1923 2817 ἀκριϐοῦς

245 2855 361 2914 τοῖς
380 2848 671 2920 ἡμετέροις
698 2845 884 2910 παισί;
919 2844 1089 2896 Τοῦτο
1116 2843 1224 2912 γάρ
1251 2835 1565 2905 ἐστι,τοῦτο
1579 2837 1716 2906 ὅπερ
1745 2833 1923 2887 πάντα

246 2937 614 2999 ἀπολώλεκεν,
663 2935 744 2987 ὅτι
807 2934 1038 3002 πρᾶγμα
1084 2930 1257 2991 οὑτως
1303 2927 1622 2992 ἀναγκαῖον,
1671 2922 1766 2976 καὶ
1821 2921 1923 2993 τὴν

249 3025 527 3097 ἡμετέραν
581 3021 798 3091 συνέχον
837 3018 1001 3090 ζωὴν,
1056 3016 1306 3087 περιττὸν
1346 3010 1481 3066 εἶναι
1515 3011 1610 3064 καί¹
1645 3010 1926 3082 πάρεργον

247 3093 557 3166 δοκεῖίΚαὶ
588 3108 717 3179 περὶ
753 3105 912 3176 σῶμα
957 3104 1055 3176 μὲν
1089 3103 1366 3173 κάμνοντα
1397 3100 1487 3152 τὸν
1519 3097 1635 3150 υἰόν
1679 3114 1764 3160 τις
1801 3093 1926 3148 ἰδὼν

247 3201 350 3251 οὑκ
403 3198 467 3251 ἂν
505 3195 679 3248 εἴποιο
737 3193 802 3247 Τί
855 3192 911 3245 δέ
955 3189 1105 3260 αὑτῷ
1148 3187 1398 3258 καθαρᾶς
1445 3185 1658 3254 ὑγιείας
1707 3182 1788 3235 δεῖ
1831 3180 1927 3235 καὶ

251 3282 548 3354 ἀκριῦοῦς;
597 3279 734 3335 ἀλλά
777 3280 956 3333 πάντα
1006 3276 1071 3330 ἂν
1112 3271 1604 3346 πραγματεύσαιτο
1657 3269 1798 3339 ὑπὲρ
1828 3266 1923 3320 τοῦ

249 3371 516 3438 τοσαύτην
546 3365 863 3436 ἐγγενέσθαι
886 3365 985 3434 τὴν
1011 3361 1246 3427 εὐεξίαν,
1279 3361 1354 3422 ὼς
1399 3357 1596 3430 μηκέτι
1635 3357 1734 3427 τὴν
1768 3355 1925 3407 νόσον

253 3457 565 3511 ἐπανελθεῖν
582 3473 595 3486 ·
613 3454 713 3523 τῆς
732 3453 789 3506 δέ
812 3450 990 3521 ψυχῆς
1015 3446 1297 3520 ἀρῤωστού
1306 3463 1424 3518 σης,
1443 3444 1596 3498 οὑδὲν
1616 3443 1723 3496 δεῖν
1744 3442 1926 3504 αὑτοῖς

254 3545 550 3614 θεραπείας
580 3543 735 3612 φασὶ,
762 3540 856 3593 καὶ
876 3535 1114 3608 τολμῶσι
1140 3535 1278 3607 μετὰ
1297 3534 1363 3588 τὰ
1386 3533 1604 3605 ῥήματα
1627 3529 1803 3584 ταῦτα
1825 3545 1929 3581 πα-

252 3633 415 3704 τέρας
441 3630 624 3685 καλεῖν
650 3627 894 3691 ἐαυτούς.
937 3626 1004 3678 Τί
1034 3621 1159 3690 οῦν;
1213 3623 1651 3693 φιλοσοφήσομεν
1699 3617 1924 3704 πάντεῇ

256 3696 527 3791 φησὶ,καὶ
548 3718 615 3770 τά
635 3717 728 3770 τοῦ
768 3715 883 3785 βίου
913 3714 1234 3784 οἰχήσεται;
1278 3712 1354 3764 Ού
1398 3711 1459 3762 τὸ
1506 3708 1834 3777 φιλοσοφεῖν,
1881 3696 1928 3758 ὧ

259 3808 520 3879 βέλτιστε,
556 3803 692 3859 ἀλλά
733 3803 795 3856 τὸ
835 3801 911 3873 μὴ
945 3799 1106 3853 τοῦτο
1137 3799 1311 3851 ποιεῖν
1347 3795 1525 3849 πάντα
1551 3791 1800 3846 ἀπώλεσε
1833 3791 1926 3844 καὶ

256 3876 546 3962 διέφθειρε.
601 3890 759 3952 Τίνες
787 3887 918 3957 γάρ,
937 3883 1058 3938 εἰπέ
1091 3900 1202 3954 μοι.
1224 3885 1291 3953 τῇ
1319 3879 1568 3952 παρούσῃ
1596 3876 1926 3930 καταστάσει

257 3981 628 4052 λυμαίνονται,
675 3977 726 4030 οἱ
761 3973 995 4047 μετρίως
1050 3971 1252 4036 ζῶντες
1309 3969 1403 4023 καὶ
1463 3964 1742 4028 ἐπιεικῶς,
1800 3963 1834 4034 ἢ
1877 3964 1926 4017 οἰ

259 4051 480 4130 καινοὺς
533 4066 628 4119 καὶ
658 4061 1007 4135 παρανόμους
1054 4056 1394 4118 ἐπινοοῦντες
1420 4053 1627 4125 τροφῆς
1653 4051 1924 4124 τρόπους;

257 4159 306 4208 οἰ
334 4155 403 4208 τὰ
438 4154 655 4206 πάντων
685 4131 1074 4222 περιϐαλέσθαι
1104 4143 1516 4207 σπουδάζοντες,
1556 4139 1590 4211 ἢ
1626 4139 1675 4192 οἰ
1699 4140 1812 4201 τοῖς
1835 4131 1928 4190 οὗ·

262 4259 345 4294 σιν
369 4241 728 4312 ἀρκούμενοι;
755 4238 802 4291 οἰ
827 4234 1106 4305 φάλαγγας
1138 4231 1364 4286 οἰκετῶν
1387 4229 1618 4299 ἔχοντες,
1637 4228 1730 4280 καὶ
1749 4226 1925 4296 σμήνη

260 4329 505 4382 κολάκων
530 4328 558 4367 ι)
591 4325 967 4398 περιάγοντες,
993 4322 1026 4392 ἢ
1056 4322 1105 4373 οἰ
1141 4319 1298 4390 μόνον
1318 4317 1536 4385 οἰκέτην
1556 4315 1652 4368 ἕνα
1679 4314 1926 4382 ἀπχρῇν

260 4418 441 4479 αὑτοῖς
469 4415 782 4486 νομίζοντες
812 4412 983 4483 (οὔπω
1005 4411 1113 4482 γάρ
1135 4408 1234 4480 τὴν
1264 4408 1439 4477 ἄκραν
1488 4402 1677 4472 τίθημι
1711 4405 1926 4469 φιλοσο-

261 4506 410 4574 φίαν,
441 4504 575 4557 ἀλλά
610 4505 710 4574 τὴν
757 4503 970 4566 πολλοῖς
1003 4496 1288 4571 ἐφικτήν);
1319 4497 1367 4548 οἰ
1420 4491 1790 4562 φιλάνθρωποι
1831 4488 1926 4541 καὶ

259 4593 456 4664 ἥμεροι
491 4592 585 4644 καὶ
617 4591 692 4660 μὴ
731 4589 974 4658 δεόμενοι
1021 4587 1122 4657 τῆς
1174 4582 1327 4656 παρά
1361 4581 1471 4636 τῶν
1500 4577 1708 4632 πολλῶν
1736 4575 1920 4647 τιμῆς,

259 4682 293 4752 ἢ
318 4682 366 4733 οἰ
392 4677 591 4740 παντὸς
611 4676 922 4746 ὀφλήματος
953 4675 1152 4745 μᾶλλον
1179 4671 1385 4742 ταύτην
1412 4668 1562 4741 παρὰ
1594 4666 1700 4720 τῶν
1722 4664 1926 4736 ὁμοφύ-

261 4769 369 4822 λων
410 4763 784 4826 ἀπαιτοῦντες,
822 4763 918 4815 καὶ
962 4759 1161 4831 μυρίας
1204 4757 1560 4829 ἐργαζόμενοι
1617 4752 1925 4826 συμφοράς,

265 4853 447 4923 ἐπειδὴ
481 4851 553 4923 μὴ
583 4848 877 4917 ὑπανέστη,
930 4847 1063 4918 μηδέ
1091 4848 1382 4917 προσεῖπεν
1412 4855 1434 4883 ο
1469 4845 1498 4896 ό
1535 4843 1682 4896 δεῖνα
1735 4841 1927 4909 πρότε-

267 4958 378 5012 ρος,
399 4941 530 5012 μηδέ
545 4935 809 5006 ὑπέκυψε,
829 4935 964 5006 μηδέ
988 4933 1058 4986 τά
1077 4932 1183 4986 τῶν
1204 4931 1550 5002 ἀνδραπόδων
1575 4926 1888 4992 ἐπεδείξατο
1909 4941 1922 4990 ;

262 5031 312 5082 οἱ
350 5027 679 5096 μελετῶντες
712 5022 993 5096 ἄρχεσθαι,
1027 5020 1060 5091 ἢ
1093 5021 1142 5072 οἱ
1188 5017 1516 5070 δυναστειῶν
1558 5014 1792 5084 ἐρῶντες
1830 5013 1926 5066 καὶ

263 5117 466 5187 ἀρχῶν,
507 5115 602 5170 κα)⁸
636 5113 812 5168 πάντα
844 5109 984 5181 ὑπὲρ
1010 5105 1197 5160 τούτου
1223 5105 1316 5157 καὶ
1355 5103 1577 5173 ποιῆσαι
1607 5101 1703 5155 καὶ
1734 5098 1925 5152 παθεῖν

263 5184 607 5274 ἀνεχόμενοι;
637 5203 686 5254 οἰ
711 5200 924 5253 πάντων
964 5192 1201 5268 βελτίους
1229 5186 1369 5243 εἶναι
1400 5189 1672 5257 λέγοντες,
1701 5185 1794 5239 καὶ
1837 5184 1924 5238 διὰ

263 5272 439 5341 τοῦτον
475 5291 652 5344 πάντα
687 5289 780 5341 καὶ
825 5286 1003 5355 λέγειν
1035 5281 1130 5337 καὶ
1170 5277 1429 5351 πράττειν
1474 5277 1686 5338 ἑαυτοῖς
1727 5272 1924 5338 ἐξεῖναι

264 5374 596 5444 νομίζοντες,
640 5375 674 5447 ἢ
706 5375 756 5428 οἱ
794 5372 931 5444 μετά
957 5371 1064 5424 τῶν
1101 5369 1343 5439 ἐσχάτων
1395 5361 1752 5435 ἀριθμοῦντες
1785 5361 1928 5413 ἐαυ-

264 5463 411 5525 τοὺς,
438 5466 532 5517 καὶ
556 5463 726 5539 ταύτῃ
749 5461 776 5502 ά
802 5460 898 5532 τὴν
923 5460 1112 5526 ἄλογον
1136 5454 1380 5523 ἐξουσίαν
1410 5452 1516 5505 τῶν
1551 5448 1737 5504 παθῶν
1763 5448 1926 5502 κολά-

267 5546 480 5614 ζοντεςς
505 5555 555 5604 οἰ
593 5538 980 5623 τάςλαμπρὰς
1000 5543 1439 5614 οἰκοδομούμενοι
1477 5541 1673 5604 οἰκίας,
1710 5538 1928 5603 καὶτὰς

265 5635 576 5700 πολυτελεῖς
608 5639 1031 5710 παρατιθέμενοι
1058 5631 1333 5704 τραπέζας
1353 5669 1368 5695 ,
1423 5631 1458 5700 ἦ
1496 5631 1544 5682 οἰ
1577 5627 1742 5699 μηδὲν
1769 5626 1928 5680 πλέον

329 5811 354 5877 ξ’
383 5808 490 5877 ρυο
515 5824 629 5877 mss:
656 5815 962 5877 φαυλοτάτων
989 5813 1070 5877 καὶ
1093 5811 1262 5877 ούδαμ.

270 5937 278 5944 .
328 5870 354 5910 b
383 5871 516 5942 Umgs
543 5865 694 5920 code'x
733 5873 882 5922 habet
903 5876 1124 5924 κολάκων
1153 5865 1234 5921 καὶ
1260 5866 1554 5932 παρασίτων,
1599 5869 1653 5912 et
1677 5866 1748 5914 sic
1773 5865 1925 5914 Saxil.

267 5948 316 5983 In
336 5945 570 5994 margine.

331 5998 350 6023 °
377 5997 480 6044 [)un
505 6008 612 6042 ῐιιεις.
646 5995 768 6041 εἶπεν

331 6059 354 6094 ἀ
382 6057 530 6105 Ιιιίθηι
555 6073 721 6110 ταύτην

609 6073 721 6127 υττει
769 6063 818 6104 ιιι
844 6055 906 6105 sic
936 6059 1085 6107 Saul.
1129 6073 1180 6108 ιιι
1204 6071 1356 6120 marg.
1384 6055 1526 6107 Saxil.
1573 6063 1684 6100 uno
1712 6054 1762 6102 in
1789 6055 1927 6098 mm

269 6126 321 6168 ει
346 6121 510 6170 Morel.
542 6121 699 6177 ταύτῃ.

1011 553 1384 618 ΑΜἘΒΒυὸ
1421 556 1980 616 OPPUGNATORES
2015 556 2205 612 VITzE
2247 555 2548 611 MONAST.
2593 554 2722 609 LIB.
2759 553 2852 609 lll.

3581 549 3688 606 564

2020 652 2114 705 καὶ
2143 652 2350 723 τροφῆς
2379 651 2472 702 καὶ
2499 650 2763 719 οἰκήσεως
2806 647 2907 718 τῆς
2938 644 3243 714 ἀναγκαίας
3283 643 3604 716 ζητοῦντεςς
3638 646 3689 697 οἰ

2020 739 2189 809 μυρία
2225 737 2432 808 πλέθρα
2451 736 2877 806 ἀποτεμνόμενοι
2907 733 3032 803 γῆς,
3064 732 3098 804 ἢ
3124 735 3174 786 οἰ
3201 732 3334 803 μηδέ
3367 731 3532 802 βῶλον
3558 733 3688 802 μίαν

2016 826 2321 902 ἀναγκαίαν
2349 827 2529 888 αὐτοῖς
2573 823 2707 894 πρὸς
2758 822 2950 891 κτῆσιν
2973 817 3112 875 εἶναι
3135 821 3476 892 νομίζοντεςς
3518 821 3566 872 οἰ
3601 819 3690 872 τό-

2016 913 2146 978 κους
2175 915 2268 967 ἐπὶ
2307 913 2497 976 τόκους
2523 923 2546 951 θ
2569 910 2940 978 συλλέγοντες,
2973 910 3068 962 καὶ
3098 910 3280 977 πάσης
3305 907 3574 978 ἐμπορίας
3606 925 3692 960 κι-

2016 1001 2231 1064 νοῦντες
2259 999 2376 1052 ὁδον
2408 998 2609 1062 ἄδικον,
2643 997 2676 1068 ἢ
2716 998 2764 1050 οἰ
2791 996 2890 1059 τὰς
2923 995 3139 1059 ἀδίκους
3176 995 3380 1058 ταύτας
3419 993 3692 1046 διασπῶν-

2015 1106 2124 1164 τες,
2161 1085 2504 1156 συγγραφάς,
2553 1087 2645 1138 καὶ
2700 1087 2765 1137 ἐκ
2825 1083 2936 1136 τῶν
2984 1083 3209 1136 ἐνόντων
3258 1084 3373 1145 τοῖς
3421 1080 3694 1150 δεομένοις

2018 1160 2434 1252 ἐπικουροῦντες
2451 1196 2464 1244 ;
2484 1181 2533 1230 οἰ
2549 1179 2606 1231 τὸ
2625 1177 2840 1241 εὑτελές
2858 1175 2956 1247 τῆς
2973 1175 3317 1244 ἀνθρωπίνης
3346 1160 3546 1226 ἐπεσκε
3556 1170 3696 1242 μμέ-

2018 1291 2098 1328 νοι
2128 1274 2363 1344 φύσεως.
2397 1274 2429 1344 ἢ
2467 1275 2516 1326 οί
2548 1273 2685 1342 μηδέ
2713 1271 2869 1324 τοῦτο
2901 1267 3034 1323 αὑτὸ
3059 1267 3253 1320 εἰδέναι
3277 1267 3544 1328 θέλοντες,
3579 1263 3696 1318 ἀλλ’

2019 1368 2124 1421 ὑπὸ
2154 1368 2252 1438 τῆς
2283 1367 2424 1435 ἄγαν
2456 1364 2772 1430 ἀλαζονείας
2799 1362 2893 1416 καὶ
2920 1362 2980 1414 τὸ
3017 1359 3336 1431 ἀνθρώπους
3365 1357 3482 1431 [92]
3500 1359 3700 1419 αὑτοὺς

2018 1462 2257 1530 νομίζειν
2290 1458 2726 1524 ἀπολωλεκότες;
2766 1457 2813 1508 οἰ
2850 1455 3051 1522 πόρνας
3088 1455 3403 1524 τρέφοντες,
3448 1452 3542 1505 καὶ
3584 1451 3700 1512 τοῖς

2017 1553 2316 1624 ἀλλοτρίοις
2349 1551 2734 1623 λυμαινόμενοι
2774 1548 3000 1618 γάμοις,
3030 1547 3064 1617 ἢ
3104 1547 3154 1599 οἰ
3199 1548 3296 1600 καὶ
3341 1547 3443 1616 τῆς
3489 1543 3706 1598 ἑαυτῶν

2018 1645 2347 1714 ἀπεχόμενοι
2373 1644 2667 1710 γυναικός;
2693 1644 2806 1712 Οὐχ
2831 1643 2880 1693 οἰ
2913 1640 3036 1708 μὲν,
3068 1637 3258 1706 ῶσπερ
3291 1638 3563 1707 οἰδήματα
3600 1634 3703 1689 σώ-

2025 1753 2156 1806 ματι
2192 1737 2288 1788 καὶ
2333 1735 2619 1806 πνεύματα
2666 1737 2832 1806 ἄγρια
2878 1733 3141 1805 θαλάττῃ,
3192 1733 3259 1802 τῇ
3317 1730 3564 1799 πολιτείᾳ
3605 1729 3706 1799 τῆς

2020 1833 2349 1903 οἰκουμένης
2371 1830 2714 1900 ἐπιφύονται,
2741 1831 2834 1883 καὶ
2857 1831 2981 1892 τοὺς
3003 1830 3127 1882 καθ’
3157 1829 3386 1891 ἑαυτοὺς
3437 1824 3705 1892 σώζεσθαι

2018 1926 2348 1998 δυναμένους
2394 1924 2752 1996 χειμάζοντες
2797 1921 2884 1974 διά
2917 1921 3016 1991 τὴν
3054 1920 3324 1989 ἀκρασίαν
3355 1920 3458 1989 τὴν
3491 1918 3704 1971 αὑτῶν·

2019 2022 2068 2073 οί
2117 2019 2173 2073 δὲ
2203 2019 2393 2089 ῶσπερ
2443 2019 2500 2070 ἐν
2545 2017 2722 2087 σκότῳ
2766 2014 2922 2085 βαθεῖ
2966 2012 3293 2083 λαμπτῆρες
3329 2009 3547 2081 φαιδροὶ
3581 2009 3709 2074 τοὺς

2022 2099 2260 2182 ἐνμέσῳ
2292 2109 2667 2178 ναυαγοῦντας
2697 2107 2834 2177 πρὸς
2872 2107 2970 2176 τὴν
3010 2106 3218 2158 οἰκείαν
3247 2103 3509 2158 καλοῦσιν
3532 2101 3712 2170 ἀσφά-

2025 2201 2194 2264 λειαν,
2230 2201 2324 2254 καὶ
2373 2198 2476 2263 τάς
2526 2199 2626 2268 τῆς
2677 2195 2999 2266 φιλοσοφίας
3030 2193 3323 2262 λαμπάδας
3369 2193 3463 2260 ἀφ’
3503 2190 3711 2261 ὑψηλοῦ

2029 2295 2310 2366 πόρρωθεν
2337 2295 2594 2363 ἅψαντες,
2617 2289 2760 2344 οὓτω
2797 2290 2925 2351 τοὺς
2967 2284 3328 2356 βουλομένους
3353 2283 3448 2336 ἐπὶ
3476 2283 3567 2335 τὸν
3610 2283 3711 2352 τῆς

2028 2389 2461 2461 ἀπραγμοσύνης
2508 2384 2910 2458 χειραγωγοῦσι
2958 2381 3189 2452 λιμένα;
3237 2380 3310 2434 Οὐ
3345 2378 3415 2431 δι’
3469 2378 3712 2442 ἐκείνους

2031 2486 2252 2548 στάσεις
2289 2484 2385 2538 καὶ
2430 2483 2658 2552 πόλεμοι
2688 2481 2783 2534 καὶ
2825 2479 3017 2550 μάχαι,
3069 2477 3163 2530 καὶ
3197 2476 3401 2530 πόλεων
3432 2492 3715 2528 κατασκα-

2029 2579 2151 2648 φαὶ,
2200 2577 2295 2632 καὶ
2319 2575 2770 2648 ἀνδραποδισμοί,
2809 2573 2904 2626 καὶ
2941 2571 3201 2632 δουλεῖαι,
3241 2569 3260 2608 ί
3306 2570 3402 2624 καὶ
3429 2568 3714 2640 αἰχμαλω-

2029 2670 2162 2733 σίαι,
2209 2669 2302 2723 καί
2337 2669 2507 2738 φόνοι,
2537 2667 2632 2720 καὶ
2672 2667 2740 2719 τὰ
2775 2663 2943 2735 μυρία
2985 2665 3042 2716 ἐν
3070 2661 3149 2732 τῷ
3177 2661 3278 2733 βίῳ
3315 2662 3492 2724 κακάς
3538 2662 3598 2713 οὑ
3644 2660 3715 2714 τὰ

2026 2761 2178 2832 παρά
2206 2759 2510 2830 ἀνθρώπων
2543 2757 2854 2828 ἀνθρώποις
2883 2755 3199 2824 ἐπαγόμενα
3233 2753 3416 2823 μόνον,
3451 2752 3589 2805 ἀλλὰ
3616 2754 3714 2807 καὶ

2023 2852 2094 2910 τά
2117 2855 2182 2907 ἐκ
2213 2854 2308 2906 τοῦ
2342 2849 2576 2923 ούρανοῦ
2609 2849 2812 2912 πάντα,
2849 2844 2961 2900 οἷον
3003 2845 3226 2915 αὐχμοὶ,
3273 2845 3367 2897 καὶ
3390 2842 3712 2914 ἐπομϐρίαι,

2025 2948 2122 3002 καὶ
2163 2946 2398 3016 σεισμοὶ,
2435 2944 2532 2998 καὶ
2579 2939 2982 3002 καταπτώσεις,
3029 2938 3123 2991 καὶ
3175 2936 3384 2992 πόλεων
3437 2951 3716 2989 καταπον-

2027 3039 2238 3111 τισμοὶ.
2279 3039 2375 3091 καὶ
2411 3037 2580 3107 λιμοὶ,
2613 3037 2708 3088 καὶ
2736 3033 2936 3104 λοιμοὶ,
2966 3032 3062 3085 καὶ
3090 3029 3160 3084 τά
3194 3030 3330 3085 ἄλλα
3377 3039 3578 3094 πάντα,
3611 3030 3712 3086 ὅσα

2030 3135 2162 3204 ἡμῖν
2180 3131 2390 3186 ἐκεῖθεν
2420 3130 2688 3198 ἐπάγεται
2708 3145 2724 3194 ;

2100 3222 2367 3279 ι’.οὑκοῦν
2381 3213 2527 3274 οὗτοι
2555 3220 2606 3273 οῖ
2619 3219 2721 3290 τὴν
2742 3218 3016 3272 πολιτείαν
3043 3214 3462 3288 ἀνατρέποντες,
3491 3217 3717 3282 καὶτοῖς

2028 3319 2227 3380 κοινοῖς
2249 3311 2670 3383 λυμαινόμενοι·
2690 3302 2836 3363 οὗτοι
2857 3309 2907 3361 οἰ
2933 3310 3029 3362 καὶ
3053 3308 3264 3378 ἑτέροις
3304 3307 3516 3378 μυρίων
3549 3307 3716 3363 αἴτιοι

2031 3404 2330 3478 συμφορῶν
2350 3445 2365 3469 ,
2399 3405 2449 3456 οί
2480 3405 2592 3465 τοῖς
2621 3399 2968 3472 βουλομένοις
3005 3398 3304 3469 ἡσυχάζειν
3341 3399 3714 3469 ἐνοχλοῦντες,

2029 3500 2129 3555 καὶ
2161 3495 2496 3568 πανταχόθεν
2525 3494 2776 3556 ἕλκοντες
2817 3493 2916 3546 καὶ
2969 3491 3405 3563 σπαράττοντες·
3453 3491 3542 3546 διὰ
3591 3492 3717 3546 τού-

2027 3609 2156 3656 τους
2190 3590 2535 3661 δικαστήρια,
2567 3587 2662 3641 καὶ
2688 3586 2868 3656 νόμοι,
2899 3584 2994 3638 καὶ
3021 3583 3307 3654 τιμωρίαι,
3346 3583 3439 3636 καὶ
3469 3584 3715 3655 διάφοροι

2030 3690 2304 3745 κολάσεων
2360 3685 2574 3757 τρόποι.
2628 3681 2741 3736 Καὶ
2783 3681 3034 3751 καθάπερ
3061 3681 3120 3732 ἐν
3160 3679 3331 3751 οἰκίᾳ,
3362 3679 3490 3733 ἔνθα
3529 3681 3718 3736 πολλοὶ

2031 3787 2131 3859 μὲν
2161 3787 2210 3840 οἰ
2241 3784 2560 3856 κάμνοντες,
2605 3781 2654 3833 οἱ
2688 3779 2746 3833 δὲ
2793 3777 3134 3846 ὑγιαίνοντες
3178 3777 3371 3845 ὀλίγοι,
3425 3777 3522 3832 καὶ
3575 3779 3717 3852 φάρε-

2031 3898 2183 3953 μακα
2239 3881 2336 3934 καὶ
2381 3877 2601 3950 ἰατροὺς
2647 3874 2880 3938 πολλοὺς
2929 3872 3274 3937 εἰσελθόντας
3318 3871 3464 3926 ἐστιν
3496 3875 3712 3947 εὑρεῖν·

2026 3980 2168 4037 οὑτω
2196 3977 2290 4032 καί
2329 3977 2386 4031 ἐν
2415 3979 2483 4048 τῇ
2514 3971 2812 4044 οἰκουμένῃ
2838 3970 2939 4024 οὑκ
2969 3969 3116 4022 ἐστιν
3143 3968 3315 4035 ἔθνος,
3351 3970 3450 4023 οὑκ
3482 3970 3596 4025 ἐστι
3627 3973 3718 4025 πό-

2029 4079 2135 4141 λις,
2183 4075 2312 4129 ἔνθα
2340 4074 2414 4145 μὴ
2449 4071 2634 4126 πολλοὶ
2665 4069 2766 4140 μὲν
2811 4069 2860 4121 οἰ
2905 4067 3078 4138 νόμοι,
3137 4065 3321 4118 πολλοὶ
3353 4065 3408 4118 δὲ
3446 4069 3495 4119 οἰ
3524 4067 3715 4140 ἄρχον-

2031 4189 2146 4235 τες,
2175 4169 2367 4224 πολλαί
2408 4167 2465 4220 δὲ
2509 4167 2564 4220 αἰ
2589 4163 2867 4235 τιμωρίαι.
2907 4162 2980 4214 Οὑ
3016 4159 3125 4230 γάρ
3153 4160 3316 4231 ἀρκεῖ
3342 4163 3411 4214 τά
3441 4161 3712 4232 φάρμακα

2030 4267 2169 4322 αὑτά
2215 4266 2339 4320 καθ’
2370 4263 2538 4317 ἑαυτά
2561 4260 2865 4329 ἀναστῆσαι
2903 4258 2996 4311 τὸν
3016 4257 3318 4328 κάμνοντα,
3341 4259 3479 4314 ἀλλά
3506 4262 3588 4316 δεῖ
3615 4266 3711 4318 καὶ

2027 4363 2135 4415 τῶν
2160 4359 2508 4414 ἐπιτιθέντων
2553 4356 2715 4418 αὑτὰ,
2746 4355 2909 4425 οἷπερ
2955 4353 3095 4407 εἰσὶν
3147 4356 3196 4408 οἰ
3240 4355 3577 4423 δικάζοντες,
3616 4361 3712 4414 καὶ

2027 4458 2251 4520 ἑκόντας
2293 4455 2387 4508 καὶ
2436 4453 2667 4515 ἄκοντας
2719 4450 3125 4518 ἀναγκάζοντες
3177 4449 3428 4519 δέχεσθαι
3480 4452 3577 4522 τὴν
3631 4457 3712 4508 ἰα-

2027 4554 2215 4626 τρείαν
2245 4549 2463 4615 αὑτούς.
2510 4547 2652 4601 Ἀλλ’
2699 4547 2851 4618 ὅμως
2883 4545 3054 4604 οὕτως
3087 4544 3389 4615 ὑπερέσχεν
3445 4547 3478 4617 ἡ
3532 4547 3706 4612 νόσος,

2029 4653 2104 4717 ῶς
2138 4651 2232 4705 καὶ
2261 4648 2432 4718 αὑτῆς
2457 4646 2559 4716 τῆς
2587 4645 2694 4699 τῶν
2727 4642 2926 4715 ἰατρῶν
2953 4641 3223 4712 κρατῆσαι
3245 4641 3461 4712 τέχνης,
3493 4644 3588 4696 καὶ
3613 4645 3711 4697 αὑοι

2029 4751 2152 4812 τοὺς
2194 4745 2443 4799 ἐπελθεῖν
2482 4744 2605 4805 τοὺς
2645 4740 2998 4803 δικάζοντας·
3044 4738 3140 4791 καί
3185 4738 3471 4810 συμϐαίνει
3525 4740 3711 4805 ταὺτὸ,

2026 4839 2136 4896 οἷον
2172 4841 2236 4894 ἂν
2273 4838 2328 4891 εί
2355 4854 2439 4900 τις
2480 4833 2699 4906 πυρετῷ
2735 4834 2831 4888 καὶ
2863 4832 3039 4904 ὑδέρῳ
3067 4834 3444 4904 συνεχόμενος,
3483 4836 3578 4888 καὶ
3604 4853 3707 4907 μυ-

2029 4939 2164 5011 ρίοις
2197 4936 2404 5008 ἑτέροις
2432 4931 2629 4987 πάθεσι
2655 4929 3079 5003 χαλεπωτέροις,
3114 4931 3222 4984 τῶν
3255 4931 3354 5000 μὲν
3383 4932 3599 4984 οἰκείων
3629 4933 3707 5003 μὴ

2028 5032 2361 5106 περιγίνοιτο
2391 5026 2603 5092 κακῶν,
2641 5027 2862 5099 ἐτέρους
2887 5027 2945 5080 δὲ
2993 5028 3107 5091 τοῖς
3141 5026 3322 5089 αὑτοῖς
3351 5025 3710 5096 ἐνεχομένους

2024 5131 2220 5193 δεινοῖς
2273 5124 2642 5180 ἀπαλλάττειν
2692 5121 3045 5193 φιλονεικοίη.
3109 5122 3173 5174 Ἦ
3213 5121 3324 5190 γὰρ
3377 5123 3474 5193 τῆς
3507 5124 3707 5188 κακίας

2028 5223 2262 5297 ἐπιρροὴ
2283 5222 2538 5293 καθάπερ
2562 5237 2647 5284 τις
2669 5219 3026 5290 χειμάρρους,
3059 5217 3277 5271 ἅπαντα
3308 5218 3376 5272 τά
3404 5218 3709 5289 κωλύματα

2028 5321 2406 5396 ἀναῤῥήξασα,
2457 5317 2700 5390 σφοδρῶς
2734 5317 2826 5370 ἐπὶ
2859 5314 2961 5378 τὰς
3001 5313 3112 5368 τῶν
3142 5313 3447 5385 ἀνθρώπων
3472 5313 3701 5388 ἐξεχύθη

2028 5420 2227 5491 ψυχάς.
2253 5419 2366 5473 Καὶ
2403 5417 2456 5471 τί
2504 5415 2647 5484 λέγω
2702 5411 2980 5476 πολιτείας
3017 5410 3363 5482 ἀνατροπήν;
3404 5407 3707 5464 κινδυνεύει

2030 5518 2140 5589 γάρ
2185 5511 2337 5580 οὗτος
2383 5517 2412 5568 ό
2461 5512 2667 5584 λοιμὸς,
2696 5512 2725 5564 ό
2759 5510 2911 5582 παρά
2943 5509 3053 5564 τῶν
3089 5509 3338 5578 πονηρῶν
3366 5506 3574 5560 τούτων
3600 5507 3705 5577 ἀρ-

2030 5614 2164 5678 θεὶς,
2199 5611 2294 5666 καὶ
2321 5611 2446 5674 τοὺς
2479 5609 2610 5681 περὶ
2632 5608 2734 5680 τῆς
2760 5605 3013 5680 προνοίας
3046 5601 3138 5656 τοῦ
3170 5600 3306 5654 Θεοῦ
3339 5599 3446 5653 τῶν
3494 5598 3704 5652 πολλῶν

2031 5709 2302 5764 ἀπελάσαι
2336 5705 2559 5775 λόγους·
2601 5705 2744 5759 οὑτω
2777 5703 2989 5774 πρόεισι
3023 5699 3118 5754 καὶ
3149 5698 3375 5770 νέμεται
3407 5696 3499 5748 καὶ
3524 5693 3708 5747 πάντα

2031 5805 2309 5872 ἐπείγεται
2343 5803 2658 5872 κατασχεῖν,
2691 5799 2783 5852 καὶ
2815 5797 2884 5850 τὰ
2925 5797 3038 5851 ἀνω
3089 5794 3242 5849 κάτω
3283 5789 3572 5859 πεποίηκε,
3607 5787 3707 5842 καὶ

2033 5900 2181 5971 αύτῷ
2203 5901 2390 5954 λοιπὸν
2421 5895 2805 5968 ἐπιστρατεύει
2842 5893 2921 5966 τῷ
2949 5893 3184 5967 οὐρανῷ,
3217 5891 3314 5954 τὰς
3341 5887 3450 5941 τῶν
3490 5883 3704 5958 ἀνθρώ-

2101 6047 2116 6065 ⁶
2146 6046 2239 6092 Alii
2265 6046 2338 6092 ἐπὶ
2366 6049 2537 6092 tinam:

2108 6047 2116 6065 ’
2209 6047 2237 6092 Γ
2265 6046 2284 6092 ἐ
2325 6050 2338 6091 ὶ
2366 6049 2448 6090 τίτί
2487 6064 2537 6092 ιτ.

2108 6105 2124 6146 ῐ
2263 6062 2420 6157 sivit!
2442 6064 2495 6156 ξι
2517 6118 2628 6154 mss.
2659 6103 2714 6154 In
2741 6101 2913 6154 Morel.
2945 6099 3166 6160 quaedam
3187 6096 3484 6146 omittunwr
