4532 6706
514 610 620 666 ἔ¹›5

518 722 689 788 ipsmn
712 714 895 769 ezelum
918 705 1137 774 suscipit
1160 701 1358 754 bellum
1375 738 1389 762 ,
1412 695 1534 748 dum
1557 692 1828 747 hominum
1851 686 2077 751 linguas,

516 776 620 864 non
646 808 754 877 jam
784 813 969 857 contra
992 804 1301 853 e0nscr\‘os,
1326 786 1419 841 sed
1444 793 1626 841 contra
1651 778 1897 837 omnibus
1923 776 2086 841 impe-

516 866 717 955 rantem
749 894 1026 950 Dominum
1055 892 1244 937 armat.
1273 879 1545 935 Undenam
1573 918 1587 943 ,
1623 885 1805 944 quaso
1829 911 1842 932 ,
1885 875 1963 920 tot
2002 866 2087 919 illa

517 994 709 1060 ubique
736 987 803 1041 de
834 984 939 1037 fato
964 975 1262 1045 colloquia?
1286 972 1549 1027 undenam
1572 962 1918 1021 irrationabili
1943 959 2087 1013 side-

518 1050 641 1135 runi
664 1075 828 1131 motui
858 1069 1031 1123 omnia
1061 1080 1178 1135 qua:
1210 1063 1359 1127 fiunt,
1383 1059 1693 1115 adscribunt
1719 1050 1967 1121 plurimi?
1995 1064 2093 1103 cur

522 1172 808 1224 fortunam,
835 1175 929 1213 cur
957 1171 1135 1211 casum
1165 1153 1378 1224 quidam
1408 1143 1741 1220 prmdieant?
1771 1156 1865 1195 cur
1892 1150 2092 1192 temere

520 1268 575 1311 et
617 1256 732 1309 sine
770 1250 972 1304 ratione
1014 1245 1135 1300 ferri
1166 1243 1338 1297 omnia
1379 1234 1608 1309 putant?
1648 1240 1867 1301 propter
1892 1241 2089 1287 eosne,

522 1348 611 1417 qui
635 1342 797 1413 probe
811 1350 862 1394 et
878 1338 1145 1392 moderate
1158 1337 1357 1394 vivunt,-
1375 1347 1440 1383 au
1460 1333 1675 1396 propter
1694 1336 1787 1376 eos
1805 1334 1937 1389 quos
1955 1326 2006 1369 tu
2024 1316 2097 1369 di-

524 1442 684 1495 cebas
707 1432 1083 1503 rempublicam
1108 1427 1400 1485 continere,
1417 1434 1516 1488 ego
1528 1432 1654 1470 vero
1670 1425 2002 1468 communem
2017 1423 2097 1461 or-

528 1530 608 1583 bis
622 1500 956 1597 pestem'esse
968 1517 1253 1575 monstravi
1270 1515 1292 1566 ?
1306 1514 1528 1579 Propter
1548 1507 1645 1560 hos
1670 1520 1817 1565 sane,
1833 1510 1890 1554 ut
1915 1500 2097 1567 liquet.

528 1590 694 1672 Nemo
718 1616 858 1669 enim
887 1612 1217 1679 indignatur,
1242 1601 1382 1672 quod
1406 1600 1491 1652 hic
1512 1607 1655 1651 recte
1680 1590 2101 1664 philosophetur,

528 1718 619 1761 aut
640 1705 779 1775 quod
807 1704 895 1759 ille
918 1714 1100 1768 mquus
1129 1696 1284 1766 plane
1315 1690 1727 1754 moderatusque
1751 1684 1839 1747 sit,
1863 1688 1955 1734 aut
1981 1688 2107 1731 tem-

533 1767 745 1863 perans,
771 1767 1015 1861 quodque
1036 1802 1121 1843 res
1147 1786 1305 1853 hujus
1330 1778 1509 1834 smculi
1533 1773 1825 1843 despiciat;
1853 1770 1945 1863 sed
1966 1767 2106 1838 quod

533 1860 623 1939 ille
647 1885 716 1935 sit
737 1860 1016 1949 opulentus
1040 1894 1055 1941 ;
1082 1874 1222 1944 quod
1248 1873 1299 1926 in
1329 1869 1534 1924 deliciis
1559 1873 1681 1935 agat
1706 1905 1721 1928 ,
1754 1860 1893 1931 quod
1919 1871 2109 1912 avarus

536 1977 623 2038 sit,
654 1971 793 2042 quod
826 1968 1013 2037 rapiat,
1045 1965 1182 2034 quod
1212 1964 1278 2016 sit
1308 1960 1579 2029 improbus
1599 1999 1613 2022 ,
1646 1954 1893 2022 vitiisque
1927 1950 2110 2019 plenus

536 2039 847 2122 innumeris,
875 2055 1014 2126 quod
1045 2051 1351 2122 splendidus
1376 2049 1443 2102 sit
1470 2057 1523 2102 et
1550 2059 1801 2115 prospere
1823 2050 1962 2111 agat.
1991 2039 2113 2091 llaec

535 2163 817 2224 querentes
835 2160 889 2204 et
906 2150 1207 2201 incusantes
1222 2142 1481 2209 jactitant,
1504 2139 1590 2206 qui
1616 2138 1722 2189 Deo
1742 2149 1845 2187 non
1868 2131 2110 2185 credunt.

536 2220 629 2297 llis
648 2240 985 2295 oti’euduntur
1001 2232 1232 2304 plurimi,
1249 2232 1316 2283 ita
1336 2240 1392 2281 ut
1412 2228 1614 2280 illorum
1638 2226 1821 2294 gratia,
1840 2224 1926 2291 qui
1952 2220 2115 2290 probe

539 2308 698 2385 vitam
718 2338 897 2397 agunt,
918 2341 1020 2379 non
1048 2322 1206 2377 modo
1231 2316 1533 2387 hujusmodi
1556 2314 1683 2368 nihil
1704 2312 1964 2382 loquuturi
1986 2311 2112 2374 sint,

540 2423 633 2477 sed
655 2423 855 2488 seipSOs
875 2414 1192 2478 damnaturi,
1211 2413 1254 2465 si
1271 2410 1336 2464 ad
1358 2406 1737 2478 providentiam
1760 2404 1852 2457 Dei
1874 2404 2119 2455 incusan-

541 2514 661 2566 dam
685 2510 877 2565 inducti
898 2509 1105 2561 fuerint.
1124 2504 1274 2571 Quod
1290 2504 1332 2557 si
1352 2513 1540 2556 omnes
1554 2509 1643 2552 aut
1661 2506 1805 2552 certe
1828 2495 1995 2563 major
2018 2493 2115 2545 ho-

541 2604 743 2657 minum
763 2614 883 2669 pars
904 2600 971 2650 ita
992 2598 1171 2649 vivere
1188 2590 1585 2657 vellent,nullus
1598 2602 1846 2657 umquam
1862 2582 2121 2654 ejusmodi

544 2693 703 2748 verba
719 2692 1019 2761 cogitasset,
1035 2702 1202 2756 neque
1223 2687 1306 2739 ille
1324 2685 1581 2738 malorum
1598 2678 1859 2749 colophon
1877 2678 2124 2731 inductus

544 2786 727 2840 fuisset
754 2825 769 2846 ,
806 2790 865 2836 ut
902 2788 1228 2849 quaereretur
1263 2776 1402 2829 unde
1428 2775 1533 2828 sint
1559 2772 1715 2826 mala.
1746 2769 1879 2822 Nam
1909 2767 1951 2820 si
1984 2766 2123 2819 mala

546 2890 645 2931 nec
665 2883 863 2937 essent,
889 2887 987 2926 nec
1007 2876 1353 2938 apparerent,
1372 2866 1488 2933 quis
1512 2863 1765 2932 potuisset
1791 2870 2033 2928 quaenam
2054 2855 2124 2907 sit

547 2967 807 3019 malorum
834 2976 993 3016 causa
1025 2972 1282 3027 quaerere,
1314 2964 1366 3008 et
1393 2970 1485 3023 per
1511 2955 1644 3006 hanc
1669 2950 2011 3020 qumstionem
2045 2948 2125 2997 in-

547 3072 796 3111 numeras
823 3056 1054 3108 limreses
1074 3047 1373 3104 suscitare?
1400 3047 1603 3100 Etenim
1628 3042 1857 3098 Marcion
1880 3081 1894 3105 ,
1922 3039 2123 3102 Manes,

550 3147 882 3203 Valentinus,
898 3154 949 3197 et
969 3141 1178 3212 plurimi
1200 3139 1505 3194 Gmcorum
1528 3135 1651 3188 hinc
1672 3132 1877 3186 initium
1891 3142 2129 3196 sumpse-

550 3248 694 3292 runt.
725 3236 779 3290 Si
804 3244 981 3288 autem
1010 3246 1195 3287 omnes
1216 3227 1712 3299 philosopharentur
1735 3263 1751 3287 ,
1782 3222 1960 3275 nullus
1988 3226 2131 3272 esset

552 3329 673 3380 huic
688 3323 967 3395 quaestioni
991 3324 1156 3385 locus;
1182 3321 1275 3375 sed
1301 3319 1347 3374 si
1364 3333 1466 3372 non
1482 3314 1712 3377 aliunde,
1736 3313 1802 3366 ab
1829 3311 1926 3364 hac
1944 3309 2130 3362 saltem

553 3419 748 3487 optim-1
774 3412 978 3468 vivendi
1004 3416 1207 3465 ratione
1227 3408 1536 3463 didicissent
1564 3418 1769 3465 omnes,
1790 3414 1887 3455 nos
1910 3400 2009 3453 sub
2026 3398 2133 3450 Deo

553 3524 677 3577 rege
701 3508 898 3566 vivere,
915 3504 1164 3568 illumque
1184 3515 1268 3553 res
1285 3507 1492 3552 nostras
1512 3494 1803 3549 secundum
1820 3489 2131 3559 sapientiam

557 3597 993 3665 prudentiamque
1020 3605 1167 3645 suam
1196 3587 1565 3642 administrare
1588 3592 1643 3636 et
1668 3581 1952 3636 moderari.
1984 3574 2135 3644 Quod

558 3703 697 3740 nunc
716 3700 926 3755 quoque
942 3683 1018 3746 ﬁt,
1034 3682 1124 3734 sed
1148 3695 1250 3733 non
1278 3677 1427 3730 facile
1450 3674 1764 3744 perspicitur
1780 3670 1850 3724 ob
1869 3671 2134 3738 ingentem

560 3781 702 3834 illam
727 3778 995 3839 nebulam,
1025 3788 1179 3843 quam
1205 3785 1297 3838 per
1322 3778 1486 3822 totum
1512 3777 1766 3819 terrarum
1793 3761 1975 3816 orbem
2004 3758 2134 3813 ellu-

561 3868 774 3920 derunt.
807 3864 960 3931 Quod
990 3864 1033 3917 si
1062 3879 1147 3915 res
1173 3876 1276 3914 non
1305 3859 1374 3911 ita
1404 3871 1461 3910 se
1488 3855 1739 3917 haberet,
1764 3851 1914 3921 quasi
1944 3850 1996 3903 in
2024 3863 2137 3902 me-

564 3959 765 4012 ridiana
791 3957 908 4009 luce
939 3962 993 4007 et
1030 3968 1219 4006 sereno
1247 3965 1370 4003 aere
1402 3950 1489 4002 Dei
1525 3945 1851 4015 providentia
1886 3941 2137 3995 omnibus

567 4056 861 4118 appareret.
893 4046 1024 4099 Nam
1054 4045 1099 4097 si
1125 4058 1227 4095 non
1253 4040 1534 4095 tribunalia
1563 4046 1761 4102 essent,
1786 4051 1891 4089 non
1921 4047 2138 4089 accusa-

572 4150 713 4194 tores
732 4179 748 4202 ,
778 4152 881 4192 non
910 4134 1286 4205 sycophantze,
1317 4146 1420 4183 non
1451 4130 1739 4193 cruciatus,
1772 4142 1875 4181 nou
1905 4126 2137 4187 mulctte,

575 4246 680 4282 non
709 4240 951 4281 carceres
975 4264 990 4289 ,
1022 4239 1129 4276 non
1157 4221 1443 4290 supplicia,
1476 4234 1581 4273 non
1613 4219 1870 4272 honorum
1902 4216 2140 4285 publica-

578 4322 767 4383 tiones,
796 4334 900 4371 non
931 4317 1146 4376 damna,
1178 4328 1282 4366 non
1310 4312 1529 4364 timores
1555 4318 1609 4363 et
1634 4308 1885 4377 pericula,
1915 4320 2017 4357 nou
2046 4304 2144 4356 ini-

576 4413 809 4474 micitim,
832 4427 935 4463 non
955 4407 1178 4473 iusidim,
1203 4420 1305 4458 non
1327 4403 1563 4457 convicia
1584 4409 1637 4455 et
1662 4402 1805 4464 odia,
1829 4414 1932 4452 non
1954 4398 2140 4459 fames,

579 4520 682 4556 non
708 4513 883 4572 pestes
906 4543 921 4567 ,
954 4518 1060 4555 non
1086 4498 1225 4553 aliud
1256 4495 1521 4567 quidpiam
1550 4508 1753 4555 eorum,
1784 4506 1900 4561 qua:
1928 4490 1977 4542 in
2006 4503 2144 4541 teru-

581 4594 719 4648 mnis
755 4604 1127 4654 numer.:ntnr,
1168 4590 1261 4645 sed
1296 4603 1480 4643 omnes
1520 4593 1839 4654 congruente
1870 4598 1989 4636 cum
2026 4596 2147 4649 pro-

583 4683 742 4735 bitate
774 4682 1041 4742 viverent,
1073 4681 1190 4748 quis
1221 4694 1468 4747 umquam
1499 4676 1729 4728 vivorum
1761 4673 1825 4726 dc
1860 4670 2146 4743 providen-

584 4776 651 4828 tia
698 4774 869 4827 divina
908 4772 1221 4824 dubitaret?
1261 4770 1504 4824 Profecto
1543 4767 1735 4821 nullus.
1778 4764 1930 4818 Nunc
1974 4772 2150 4819 autem

586 4866 808 4934 idipsum
850 4862 1124 4929 contingit,
1151 4876 1213 4914 ac
1241 4862 1282 4913 si
1314 4862 1587 4929 ingruente
1613 4864 1940 4924 tempestate,
1962 4856 2154 4923 gni'er-

588 4970 739 5012 uator
764 4972 885 5009 suas
914 4953 1153 5021 impleret
1182 4961 1377 5021 partes,
1405 4962 1457 5007 et
1478 4950 1724 5020 scapham
1754 4956 2012 5011 servaret,
2036 4947 2151 5013 ejus

590 5062 765 5104 tamen
791 5048 973 5117 peritia
998 5044 1370 5113 diligentiaque
1396 5060 1425 5097 a
1456 5042 1753 5097 vectoribus
1778 5055 1880 5092 non
1910 5038 2154 5091 adverte-

590 5148 755 5202 retur,
784 5139 852 5191 ob
882 5133 1349 5205 perturbationem,
1383 5140 1603 5193 metum,
1638 5128 2155 5200 impendentiumque

590 5230 851 5283 malorum
880 5222 1310 5280 sollicitudinem.
1342 5222 1478 5275 Deus
1503 5222 1695 5289 quippe
1728 5222 1825 5274 hoe
1852 5219 2155 5273 universum

590 5321 749 5372 etiam
787 5333 925 5372 nunc
963 5315 1247 5386 gubernat,
1291 5313 1469 5365 multis
1504 5320 1679 5365 autem
1720 5312 1769 5363 id
1811 5326 1914 5363 non
1952 5310 2160 5364 videtur

592 5414 661 5464 ob
691 5428 865 5467 rerum
902 5407 1343 5481 perturbationem
1378 5420 1441 5458 ae
1470 5411 1853 5472 tempestatem,
1873 5418 2030 5472 quam
2062 5403 2077 5432 ¹
2106 5401 2159 5455 hi

594 5503 823 5557 maxime
847 5502 1081 5557 omnium
1109 5496 1358 5552 excitant.
1385 5495 1566 5563 itaque
1596 5512 1697 5548 non
1725 5504 1928 5547 tantum
1954 5494 2161 5547 institu-

595 5589 792 5643 tionem
823 5609 1029 5647 morum
1058 5598 1331 5653 evertunt,
1363 5586 1456 5641 sed
1491 5597 1545 5641 et
1581 5588 1716 5657 piam
1748 5588 2056 5656 religionem
2088 5587 2163 5639 la—

596 5677 863 5734 befactant
888 5700 900 5734 :
938 5700 1035 5738 nec
1060 5699 1187 5738 sane
1223 5680 1460 5752 peccabit
1488 5679 1575 5748 qui
1603 5693 1696 5732 eos
1716 5693 2027 5732 eunununes
2058 5676 2159 5729 ini-

660 5836 677 5866 ι
712 5840 811 5882 Duo
829 5842 950 5903 Mss.
978 5851 1082 5898 pro,
1117 5853 1279 5903 quam,
1320 5838 1515 5893 habent,
1542 5835 1942 5903 perturbationem
1978 5849 2087 5903 vero
2118 5840 2165 5903 et

594 5901 1050 5975 ytqtpcft‘qlcmxete.
1070 5897 1143 5951 sic
1160 5906 1304 5951 etiam
1327 5904 1441 5975 inn.
1468 5898 1771 5975 nestituimus
1789 5900 1922 5946 Sat-il.
1952 5906 1997 5946 et
2013 5897 2162 5945 .‘dorcl

600 5960 861 6019 Sex-tionem
893 5968 1059 6025 utpote
1083 5975 1190 6023 qum
1214 5964 1483 6025 expeditior
1508 5960 1712 6009 videtur.

1216 582 1574 645 ADVEBSCS
1610 573 2152 635 OPPUGNATORES
2190 568 2369 624 l'lT/E
2408 566 2695 621 MONKST.
2741 566 2873 621 [ΑΒ.
2900 565 2987 619 ιιι.

3659 559 3761 621 3‘36

2198 681 2368 735 micos
2397 681 2756 749 appellaverit,
2789 681 2876 748 qui
2908 680 3026 732 ideo
3053 679 3233 732 vivunt
3261 685 3317 731 ttt
3344 682 3655 733 caeterorum
3678 696 3761 734 sa.

2195 775 2287 827 luti
2319 773 2686 835 adversentur,
2716 769 3148 836 exsecrandaque
3175 783 3266 823 sua
3300 768 3538 823 doctrina
3564 808 3579 831 ,
3609 778 3766 836 atque

2197 861 2556 929 impurissimo
2575 860 2677 913 vita
2697 876 2811 920 eos,
2831 859 2922 929 qui
2942 874 3124 913 secum
3148 859 3411 925 navigant,
3431 858 3767 927 demergunt.

2270 954 2289 1006 l
2312 960 2357 1007 ι.
2386 950 2751 1003 Monac/torum
2770 952 2871 1003 rita
2892 950 3134 1020 angelicae
3161 957 3501 1016 comparatur.
3522 976 3595 988 ——
3619 948 3689 1000 At
3718 947 3770 999 in

2199 1042 2541 1097 monasteriis
2583 1040 2713 1094 nihil
2755 1040 3056 1109 hujusmodi
3094 1039 3275 1093 videre
3299 1047 3414 1100 est;
3442 1038 3535 1091 sed
3562 1037 3770 1091 etiamsi

2200 1143 2345 1187 tanta
2384 1141 2671 1201 tempestas
2710 1132 3059 1194 intumescat,
3091 1130 3190 1184 soli
3237 1131 3288 1183 in
3331 1136 3513 1197 portu,
3544 1129 3597 1181 in
3628 1138 3773 1180 tran-

2201 1226 2462 1294 quillitate
2490 1232 2544 1277 et
2582 1223 2862 1276 securitate
2903 1237 3089 1289 magna
3127 1221 3399 1285 resident,
3440 1234 3504 1273 ac
3528 1218 3681 1287 quasi
3710 1234 3777 1271 ex

2202 1316 2337 1369 c;elo
2376 1315 2492 1382 ipso
2520 1322 2834 1366 cat-tororum
2880 1310 3151 1378 naufragia
3185 1309 3493 1377 respiciunt.
3537 1308 3777 1377 Namque

2203 1410 2323 1461 vitae
2352 1422 2519 1476 genus
2542 1407 2675 1461 cmlo
2694 1406 2911 1475 dignum
2933 1405 3262 1474 delegerunt,
3289 1417 3385 1456 nec
3405 1404 3661 1456 minorem
3682 1417 3780 1455 an-

2206 1501 2375 1569 gelico
2419 1510 2615 1554 Statum
2658 1499 2919 1553 obtinent.
2960 1494 3419 1563 Quemadmodum
3456 1493 3596 1547 enim
3641 1492 3778 1559 apud

2208 1592 2423 1659 angelos
2448 1590 2588 1643 nulla
2616 1597 2700 1642 est
2719 1589 3068 1657 inrequalitas,
3086 1602 3260 1655 neque
3282 1585 3369 1639 alii
3397 1598 3667 1653 prospere,
3694 1582 3781 1635 alii

2213 1681 2265 1733 iu
2296 1680 2549 1734 extremis
2578 1678 2731 1731 malis
2757 1688 3055 1740 versantur,
3082 1676 3176 1730 sed
3201 1690 3387 1729 omnes
3416 1674 3468 1727 in
3500 1688 3600 1727 una
3629 1687 3785 1741 pace,

2213 1771 2391 1824 ltetitia
2423 1779 2479 1824 et
2505 1770 2670 1837 gloria
2691 1809 2706 1832 ,
2735 1769 2813 1821 sie
2842 1778 2897 1821 et
2925 1768 3007 1820 his
3036 1767 3086 1819 in
3117 1767 3284 1830 locis;
3318 1780 3475 1819 nemo
3501 1773 3783 1835 pauperta-

2216 1873 2320 1917 tem
2351 1862 2651 1931 exprobrat,
2682 1876 2837 1915 nemo
2865 1860 2933 1914 de
2962 1859 3159 1912 divitiis
3198 1858 3454 1927 gloriatur
3482 1872 3495 1908 :
3526 1871 3701 1909 meum
3732 1863 3789 1908 et

2215 1966 2359 2009 tuum
2389 1953 2511 2006 illud
2532 1994 2545 2016 ,
2580 1951 2716 2020 quod
2742 1952 2918 2005 omnia
2950 1951 3209 2005 subvertit
3232 1958 3286 2002 et
3310 1947 3612 2016 perturbat,
3638 1945 3790 2015 peni-

2217 2052 2300 2096 tus
2326 2044 2519 2096 exulat.
2553 2043 2738 2097 Omnia
2780 2042 2908 2109 ipsis
2938 2040 3238 2094 communia
3262 2046 3421 2099 sunt,
3450 2050 3631 2089 mensa
3650 2076 3666 2098 ,
3693 2034 3790 2087 do-

2218 2134 2470 2187 micilium
2498 2174 2513 2194 ,
2544 2133 2880 2186 vestimenta.
2921 2129 3123 2198 Ecquid
3156 2128 3347 2181 mirum
3368 2166 3383 2185 ,
3419 2124 3631 2195 quando
3678 2127 3792 2191 ipsa

2222 2224 2394 2277 anima
2441 2238 2540 2275 una
2586 2223 2877 2289 eademque
2916 2219 3163 2273 onmihus
3200 2216 3328 2271 est?
3368 2214 3564 2270 Omnes
3607 2213 3793 2268 eadem

2220 2328 2347 2371 sunt
2376 2314 2650 2368 nobilitate
2672 2314 2897 2377 nobiles,
2924 2312 3110 2366 eadem
3136 2310 3388 2364 servitute
3417 2308 3577 2372 servi,
3606 2305 3793 2360 eadem

2221 2407 2469 2461 libertate
2494 2404 2668 2459 liberi.
2696 2402 2824 2457 Una:
2855 2403 2961 2455 illic
2983 2401 3228 2454 omnibus
3260 2398 3457 2451 divitia:
3480 2438 3496 2462 ,
3525 2412 3643 2465 qua:
3673 2410 3800 2449 vere

2222 2496 2418 2549 divitia:
2442 2502 2603 2548 sunt:
2635 2508 2735 2547 una
2762 2492 2927 2561 gloria
2950 2532 2965 2558 ,
2993 2504 3112 2560 quae
3141 2503 3265 2543 vere
3287 2487 3451 2556 gloria
3477 2504 3490 2539 :
3522 2502 3627 2539 non
3654 2487 3795 2539 enim

2225 2587 2461 2649 nomine,
2488 2583 2583 2638 sed
2608 2599 2665 2637 re
2694 2583 2831 2637 bona
2860 2589 3078 2643 tenent;
3104 2593 3207 2631 una
3229 2578 3492 2645 voluptas.
3520 2590 3683 2628 unum
3707 2574 3801 2627 de-

2227 2675 2501 2738 siderium,
2526 2687 2630 2726 una
2655 2686 2777 2740 spes
2795 2670 3080 2724 omnibus:
3106 2683 3169 2721 ae
3187 2667 3336 2736 quasi
3362 2664 3590 2734 quadam
3617 2677 3801 2716 norma

2227 2774 2281 2819 et
2304 2764 2434 2817 libra
2461 2761 2634 2815 omnia
2657 2766 2903 2814 accurate
2926 2757 3256 2811 ordinantur.
3283 2754 3432 2807 Nulla
3457 2752 3803 2821 inaequalitas.

2228 2854 2322 2908 sed
2354 2853 2503 2917 ordo,
2531 2852 2882 2914 concinnitas,
2913 2849 3208 2911 harmonia,
3237 2854 3291 2900 et
3318 2845 3477 2899 multa
3504 2843 3805 2899 concordia:

2227 2945 2501 3000 servanda:
2545 2943 2856 3011 diligentia,
2907 2950 3265 3009 perpetuaque
3319 2936 3514 2989 laetitia:
3564 2936 3803 2988 materia.

2228 3037 2584 3104 Quamobrem
2633 3048 2819 3087 omnes
2860 3033 3038 3087 omnia
3082 3030 3281 3084 faciunt
3312 3039 3367 3083 et
3406 3028 3706 3095 patiuntur.
3750 3036 3808 3079 ut

2233 3130 2478 3183 l:etentur
2516 3137 2570 3181 et
2608 3125 2892 3196 gaudeant.
2942 3125 3054 3178 illic
3083 3124 3225 3178 enim
3268 3121 3442 3175 solum
3484 3121 3665 3174 videas
3692 3121 3807 3172 luec

2236 3221 2468 3290 perfecte
2494 3222 2832 3288 contingere,
2857 3231 3113 3285 nusquam
3143 3214 3266 3267 alibi
3291 3231 3305 3267 :
3336 3227 3441 3266 non
3472 3211 3628 3264 modo
3666 3210 3809 3280 quod

2238 3311 2517 3382 praesentia
2545 3310 2720 3364 omnia
2750 3313 3125 3369 contemnant,
3161 3313 3320 3372 atque
3348 3316 3563 3356 omnem
3594 3301 3720 3354 rixa:
3750 3315 3814 3355 ac

2237 3400 2514 3457 discordia:
2548 3401 2819 3453 materiam
2855 3397 3211 3461 absciderint,
3252 3391 3634 3462 splendidaque
3676 3394 3815 3444 futu-

2239 3508 2418 3548 rerum
2449 3507 2542 3560 spe
2572 3491 2684 3544 fulti
2713 3491 2839 3552 sint,
2868 3489 2963 3543 sed
2993 3489 3153 3541 etiam
3185 3485 3325 3555 quod
3365 3499 3426 3537 ea
3451 3498 3566 3552 qua:
3592 3481 3813 3551 singulis

2240 3582 2528 3645 accidunt,
2565 3596 2657 3634 seu
2704 3579 2875 3633 tristia
2917 3592 3009 3631 seu
3048 3576 3217 3637 bona,
3245 3574 3488 3627 omnibus
3513 3571 3815 3626 communia

2242 3688 2361 3727 esse
2400 3680 2670 3742 putentur.
2712 3670 2907 3723 Mmror
2945 3667 3139 3737 quippe
3180 3665 3385 3719 facilius
3418 3664 3648 3725 tollitur,
3691 3678 3815 3717 cum

2240 3764 2586 3832 proportione
2619 3760 2845 3830 quadam
2886 3772 3073 3812 omnes
3118 3757 3441 3825 singulorum
3485 3762 3819 3823 component

2239 3870 2403 3910 eucra
2428 3871 2442 3906 :
2469 3852 2667 3907 ltetitiae
2699 3867 2826 3906 vero
2862 3849 3055 3904 multas
3084 3846 3282 3903 habent
3319 3848 3628 3901 occasiones
3654 3887 3671 3911 ,
3713 3861 3817 3900 non

2240 3946 2306 4000 de
2328 3944 2437 3998 suis
2465 3942 2624 3996 modo
2650 3940 2970 4003 commodis,
2991 3939 3083 3993 sed
3110 3938 3177 3991 de
3203 3937 3427 3991 aliorum
3452 3953 3682 4005 quoque,
3714 3952 3819 3991 non

2244 4038 2437 4098 minus,
2470 4048 2626 4104 quam
2656 4031 2723 4085 de
2749 4030 2878 4093 suis,
2906 4029 3220 4099 gaudentes.
3244 4027 3411 4092 Quem
3442 4028 3601 4097 igitur
3619 4029 3820 4079 exitum

2248 4127 2517 4181 habebunt
2557 4138 2646 4177 res
2684 4131 2883 4175 nostra:
2904 4160 2918 4183 ,
2947 4120 2994 4173 si
3018 4131 3195 4174 cuncti
3219 4132 3317 4173 nos
3347 4118 3651 4173 imitemur?
3676 4116 3825 4171 Nunc

2248 4222 2387 4275 enim
2434 4225 2648 4287 propter
2687 4231 2779 4269 eos
2819 4214 3090 4284 perierunt
3125 4226 3188 4266 ae
3225 4219 3471 4279 corrupta
3519 4220 3684 4276 sunt,
3727 4211 3815 4278 qui

2249 4309 2407 4376 longe
2440 4310 2507 4361 ab
2547 4308 2648 4361 hoc
2679 4307 2805 4360 vita:
2839 4307 3079 4359 instituto
3104 4313 3399 4358 versantur.
3429 4302 3507 4356 Tu
3539 4318 3666 4356 vero
3695 4303 3820 4355 dum

2246 4397 2511 4451 contraria
2540 4397 2821 4461 decernis,
2853 4395 3081 4462 idipsum
3120 4394 3245 4446 facis
3266 4433 3280 4455 ,
3317 4407 3382 4445 ac
3416 4393 3460 4446 si
3494 4393 3613 4460 quis
3657 4394 3826 4463 lyram

2246 4489 2506 4543 concinne
2540 4496 2771 4556 aptatam
2800 4487 2950 4555 quasi
2990 4485 3227 4539 inutilem
3267 4483 3577 4553 reprobaret
3604 4524 3620 4549 ,
3670 4500 3826 4539 secus

2247 4579 2555 4647 diSpositam
2582 4618 2597 4643 ,
2629 4576 2712 4630 vel
2750 4577 3039 4630 intentione
3064 4616 3079 4640 ,
3104 4575 3187 4629 vel
3218 4575 3528 4627 remissione
3556 4573 3716 4627 nimia
3747 4574 3825 4627 la-

2251 4670 2564 4726 befactatam
2593 4708 2607 4733 ,
2644 4667 2885 4722 idoneam
2926 4668 3127 4720 diceret
3173 4665 3237 4718 ad
3282 4664 3634 4733 pulsationem
3671 4673 3723 4718 et
3761 4664 3827 4717 ad

2253 4771 2611 4833 spectatorum
2634 4760 2975 4828 voluptatem.
3004 4761 3070 4811 At
3092 4771 3262 4825 neque
3288 4756 3352 4809 ad
3382 4757 3593 4809 musica:
3617 4756 3830 4823 imperi-

2256 4856 2380 4908 tiam
2408 4853 2520 4905 hmc
2550 4850 2773 4904 dicentis
2797 4848 2937 4902 aliud
2969 4848 3138 4915 majus
3164 4856 3533 4915 argumentum
3562 4862 3830 4914 qum-rere-

2256 4961 2391 5009 mus,
2418 4957 2591 5011 neque
2613 4941 2677 4993 ad
2707 4940 2926 4992 livorem
2949 4948 3001 4993 et
3023 4939 3461 4991 inhumanitatem
3484 4938 3720 4997 illorum,
3738 4940 3828 5008 qui

2257 5036 2325 5089 ita
2353 5035 2663 5095 decernunt,
2687 5029 3208 5083 commonstrandam
3229 5029 3437 5097 signum
3464 5029 3604 5082 aliud
3636 5030 3833 5084 clarius

2258 5126 2638 5197 proferremus.
2657 5124 2849 5178 Verum
2872 5123 2998 5192 quid
3020 5123 3202 5177 dicunt
3228 5132 3407 5193 patres
3433 5124 3504 5177 illi
3534 5124 3621 5192 qui
3653 5123 3835 5177 mode-

2262 5218 2459 5272 ratiore
2487 5216 2665 5271 animo
2690 5215 2847 5268 sunt?
2879 5215 3125 5279 Discant,
3153 5216 3329 5277 aiunt,
3365 5215 3588 5282 primum
3622 5214 3833 5279 literas,

2262 5320 2420 5379 atque
2461 5324 2582 5364 cum
2620 5308 2723 5361 illis
2760 5307 2925 5377 probe
2961 5307 3145 5361 imbuti
3186 5305 3411 5371 fuerint,
3448 5315 3569 5358 tunc
3601 5305 3838 5374 philosu-

2265 5402 2442 5472 phiam
2486 5400 2621 5454 bauc
2660 5407 2940 5454 exerceant
2982 5416 2995 5451 :
3035 5406 3159 5452 tunc
3197 5412 3352 5451 nemo
3405 5397 3724 5466 prohibebit.
3773 5398 3839 5451 Et

2266 5492 2403 5547 unde
2429 5500 2635 5545 eertum
2665 5492 2767 5544 erit
2790 5491 2904 5543 illos
2927 5487 2994 5542 ad
3017 5488 3221 5543 virilem
3250 5497 3461 5543 mtatem
3490 5500 3837 5559 perventuros

2264 5588 2421 5642 esse?
2452 5587 2601 5639 multi
2623 5587 2763 5639 enim
2797 5594 3109 5655 prmmatura
3140 5595 3311 5639 morte
3338 5586 3530 5639 sublati
3559 5594 3700 5637 sunt.
3730 5582 3837 5637 Sed

2265 5678 2586 5735 concedatur
2615 5677 2666 5731 id
2694 5687 3069 5743 certumesse,
3103 5692 3461 5746 ponamusque
3491 5676 3604 5729 illos
3633 5674 3839 5728 Futurus

2267 5786 2385 5825 esse
2416 5771 2596 5835 viros;
2636 5770 2754 5839 quis
2791 5784 3018 5839 sponsor
3050 5770 3151 5823 erit
3185 5784 3280 5838 pro
3319 5769 3401 5823 illa
3441 5769 3600 5837 priori
3635 5777 3791 5821 artato
3817 5767 3842 5819 τ

2268 5862 2531 5920 Nihildum
2556 5864 2887 5916 eontentiose
2910 5863 3051 5926 dico,
3071 5878 3189 5915 nam
3218 5863 3259 5914 si
3283 5862 3399 5931 quis
3420 5860 3555 5913 hanc
3580 5858 3841 5928 pra-heret

2277 5958 2537 6021 ﬁduciam,
2556 5972 2620 6010 ne
2642 5963 2748 6009 tum
2773 5954 2983 6025 quidem
3014 5955 3295 6009 educerem
3315 5968 3436 6007 eum
3462 5952 3627 6009 literis
3656 5954 3839 6007 imbuti
