4532 6698
756 570 859 626 sm

754 689 960 741 essent,
990 676 1083 731 sed
1115 686 1239 730 tunc
1267 670 1537 745 prteipne
1566 667 1672 722 illic
1700 674 1915 719 manere
1939 659 2217 728 juberem;
2248 670 2349 709 nec

765 771 1038 827 laudarem
1069 778 1161 821 eos
1184 804 1200 829 ,
1240 763 1329 833 qui
1368 762 1435 816 ad
1476 760 1650 829 fngam
1694 754 2133 811 cohortarentur,
2165 747 2259 802 sed
2291 754 2351 799 ut

760 872 1070 920 communes
1112 857 1419 927 reipitblica:
1458 854 1638 908 hostes
1667 860 1946 901 aversarer
1974 861 1988 897 :
2021 844 2141 913 quia
2173 841 2348 893 lucer-

761 970 859 1008 nas
881 951 1230 1010 occultantes,
1256 958 1308 1001 et
1336 942 1614 999 luminaria
1635 954 1701 993 ex
1724 937 1857 990 urbe
1880 934 1932 988 in
1959 934 2226 987 desertum
2254 927 2352 980 dn-

761 1053 969 1105 ccntes,
986 1040 1257 1095 civitatem
1285 1033 1528 1089 maximis
1548 1032 1819 1099 privarent
1840 1024 2235 1080 emolumentis.
2258 1020 2351 1073 Sin

763 1143 944 1190 autem
971 1146 1128 1186 nemo
1157 1129 1333 1191 fuerit,
1364 1126 1451 1195 qui
1479 1126 1592 1178 ha:c
1613 1121 1852 1192 polliceri
1881 1119 2068 1189 possit,
2098 1132 2215 1185 qua:
2248 1114 2353 1166 uti-

768 1224 889 1280 litas
917 1225 961 1277 si
987 1222 1053 1276 ad
1085 1221 1365 1289 magistros
1390 1217 1689 1279 mittantur,
1716 1213 1804 1268 ubi
1837 1213 1982 1282 prius
2016 1210 2168 1271 vitia,
2195 1220 2353 1275 quam

766 1318 948 1371 literas
977 1314 1219 1368 cdiscent
1242 1354 1255 1375 ,
1284 1310 1521 1379 dumque
1552 1308 1604 1362 id
1629 1306 1771 1376 quod
1813 1306 1985 1357 mium
2022 1308 2104 1355 est
2144 1297 2355 1366 assequi

766 1405 1061 1461 studebunt
1082 1446 1096 1469 ,
1129 1402 1269 1473 quod
1305 1400 1474 1469 majus
1497 1406 1579 1453 est
1611 1396 1865 1465 perdent,
1891 1394 2031 1444 vires
2056 1389 2219 1443 animi
2249 1388 2357 1441 sci-

768 1497 915 1560 licet,
949 1508 1272 1561 omnemque
1301 1490 1577 1559 probitatis
1614 1483 1889 1539 indolem?
1916 1481 2051 1548 Quid
2078 1479 2248 1549 ergo?
2278 1478 2357 1532 lu-

769 1589 940 1643 dosne
966 1600 1153 1640 omnes
1183 1584 1447 1638 literarios
1474 1581 1773 1644 diruemus,
1804 1578 1990 1633 aiunt?
2022 1575 2235 1631 Minime
2257 1572 2361 1626 hoc

771 1678 893 1733 dico
923 1694 938 1729 :
971 1676 1066 1731 sed
1097 1684 1150 1730 ut
1180 1690 1251 1730 no
1280 1674 1494 1727 virtutis
1534 1672 1875 1727 destruamus
1916 1667 2229 1727 ardilieium,
2260 1679 2363 1718 neu

771 1770 947 1823 vivam
968 1767 1259 1821 obruamus
1289 1766 1545 1818 animam.
1574 1762 1704 1829 Qua:
1742 1765 1784 1816 si
1814 1770 2121 1829 temperans
2149 1756 2363 1827 quidem

772 1858 958 1924 fuerit,
987 1858 1189 1912 nullum
1220 1872 1285 1911 ex
1317 1856 1588 1908 literarum
1618 1851 1878 1919 imperitia
1910 1858 2168 1917 sequetur
2194 1846 2362 1899 detri-

775 1960 1044 2013 mentum;
1068 1952 1150 2002 sin
1173 1956 1421 2014 corrupta
1444 1944 1621 2002 fuerit.
1646 1942 1936 1995 maximum
1958 1938 2211 1991 damnum
2238 1935 2359 1999 erit,

773 2040 984 2097 etiarnsi
1026 2040 1206 2109 lingua
1236 2037 1582 2091 vehementer
1616 2043 1771 2087 acuta
1816 2031 1974 2085 fuerit
2002 2040 2055 2083 et
2094 2027 2323 2097 expolita
2344 2065 2360 2090 ,

776 2142 1035 2200 tantoque
1071 2130 1243 2200 majus
1268 2129 1520 2184 damnum
1544 2168 1557 2191 ,
1585 2134 1784 2195 quanto
1829 2122 2001 2192 major
2045 2119 2258 2175 dicendi
2284 2118 2367 2173 vis

776 2223 1082 2278 accesserit.

851 2312 1089 2382 Nequitia
1131 2326 1244 2363 cum
1285 2309 1570 2379 eloquentia
1598 2307 1872 2377 conjuncta
1899 2306 2035 2375 quod
2064 2304 2276 2357 malum.
2298 2330 2371 2341 â€”-

776 2406 1018 2475 Nequitia
1044 2404 1187 2458 enim
1214 2417 1336 2457 cum
1362 2401 1573 2455 dicendi
1602 2399 1853 2454 facultate
1882 2398 2166 2467 conjuncta
2201 2395 2370 2449 multo

776 2495 1063 2559 deteriora,
1090 2510 1250 2564 quam
1288 2493 1573 2561 imperitia,
1597 2491 1735 2544 mala
1763 2504 1949 2557 parere
1973 2488 2132 2541 solet.
2157 2486 2296 2552 Quid
2324 2485 2371 2539 si

777 2588 903 2642 illuc
939 2588 1218 2647 abeuntes,
1258 2585 1491 2653 inquiet,
1531 2592 1880 2651 prmterqnam
1910 2580 2052 2650 quod
2081 2580 2366 2632 tardiorem

778 2678 1009 2747 linguam
1034 2676 1281 2736 habeant,
1305 2674 1372 2726 ab
1397 2673 1484 2726 illa
1504 2673 1664 2726 etiam
1696 2673 1889 2725 virtute
1915 2669 2199 2723 excidant?
2228 2668 2367 2735 Quid

780 2784 911 2824 vero
939 2769 983 2823 si
1020 2776 1331 2831 manentes,
1367 2764 1456 2820 dic
1484 2766 1634 2828 mihi,
1678 2773 2028 2833 pra-terquam
2070 2760 2214 2831 quod
2254 2760 2365 2813 ani-

777 2879 919 2918 mam
954 2863 1213 2932 perdant,
1251 2860 1382 2914 nihil
1412 2859 1478 2913 ad
1514 2858 1869 2927 eloquentiam
1903 2859 1953 2911 in
1983 2857 2166 2911 schola
2200 2856 2367 2925 proli-

776 2953 954 3008 ciant?
995 2951 1119 3005 Mihi
1146 2951 1340 3019 quippe
1364 2949 1529 3018 magis
1555 2948 1671 3002 haec
1704 2948 1885 3001 dicere
1912 2947 2181 3011 convenit,
2208 2960 2368 3013 quam

777 3044 865 3098 illa
891 3043 1003 3097 tibi.
1032 3041 1243 3110 Quare?
1270 3040 1400 3108 Quia
1430 3040 1532 3094 etsi
1558 3041 1826 3108 utrimque
1848 3038 2084 3091 futurum
2106 3037 2370 3091 incertum

779 3146 881 3201 est,
905 3151 971 3189 ex
998 3144 1083 3189 tua
1126 3142 1272 3202 parte
1302 3132 1559 3185 incertius
1596 3140 1698 3185 est.
1742 3128 2025 3195 Quomodo
2064 3139 2119 3183 et
2158 3142 2263 3198 qua
2303 3126 2373 3183 de

778 3224 977 3279 causa?
1027 3224 1162 3291 Quia
1220 3223 1518 3276 litterarum
1566 3220 1800 3274 studium
1852 3234 2060 3273 morum
2108 3218 2372 3287 probitate

780 3328 916 3384 opus
945 3313 1138 3379 habet,
1174 3327 1382 3366 morum
1410 3320 1585 3365 autem
1623 3310 1859 3379 probitas
1888 3324 1992 3363 non
2022 3310 2149 3363 item
2180 3308 2367 3363 literis.

778 3404 1207 3474 Temperantiam
1253 3417 1447 3473 nempe
1481 3402 1596 3456 sine
1636 3400 1736 3455 hac
1776 3399 2083 3455 eruditione
2112 3413 2369 3454 exercere

778 3509 1083 3568 possumus,
1112 3493 1467 3549 eruditionem
1496 3506 1625 3546 vero
1650 3492 1850 3561 absque
1871 3505 2077 3545 morum
2102 3490 2369 3558 probitate

778 3603 940 3643 nemo
969 3596 1285 3656 assequatnr
1313 3599 1585 3652 umquam,
1614 3598 1735 3637 cum
1765 3598 1924 3636 omne
1955 3592 2165 3648 tempus
2192 3582 2244 3635 in
2271 3596 2369 3635 ne-

780 3678 945 3748 quitia
987 3687 1039 3729 et
1084 3675 1295 3731 lascivia
1341 3674 1672 3728 absumatur.
1718 3673 1899 3742 Itaque
1936 3671 2078 3741 quod
2118 3671 2224 3725 illic
2260 3686 2371 3726 nie-

780 3770 990 3831 tnebas,
1019 3767 1105 3821 hic
1137 3781 1348 3835 quoque
1389 3764 1679 3819 timendum
1711 3771 1821 3828 est;
1872 3763 1980 3817 imo
2016 3772 2163 3816 tanto
2202 3763 2370 3831 magis

778 3860 891 3925 hic,
913 3868 1112 3928 quanto
1138 3855 1465 3925 frequentius
1499 3870 1527 3906 a
1563 3868 1728 3923 scopo
1764 3854 2063 3915 aberratur,
2089 3862 2142 3907 et
2168 3862 2370 3922 quanto

780 3952 1071 4021 majoribus
1094 3950 1162 4004 de
1188 3949 1349 4003 rebus
1375 3948 1664 4018 periculum
1691 3955 1791 4001 est.
1822 3947 1994 4015 Atque
2024 3945 2130 3999 illic
2152 3944 2371 4013 quidem

779 4044 939 4099 unius
979 4051 1183 4096 tantum
1225 4040 1301 4095 rei
1341 4040 1651 4094 exercitatio
1680 4038 1981 4091 necessaria
2014 4046 2095 4090 est
2115 4078 2129 4101 ,
2161 4036 2247 4088 hic
2273 4050 2369 4087 au-

782 4146 891 4191 tem
924 4149 1012 4187 res
1033 4134 1151 4186 dna:
1181 4131 1519 4201 acquirendae
1544 4135 1938 4199 praponuntur,
1964 4127 2037 4180 ita
2067 4135 2123 4180 ut
2148 4128 2371 4179 alteram

782 4228 900 4282 sine
918 4226 1085 4280 altera
1108 4224 1341 4278 nancisci
1369 4236 1627 4292 nequeas,
1657 4220 1837 4274 literas
1874 4233 2066 4288 nempe
2095 4219 2211 4272 sine
2241 4227 2374 4271 tem-

784 4316 1043 4387 perantia.
1087 4315 1178 4370 Sin
1210 4323 1387 4368 autctn
1411 4317 1511 4375 vis,
1542 4311 1685 4382 quod
1713 4325 1837 4365 vere
1879 4326 1985 4363 non
2030 4317 2204 4378 potest
2231 4324 2368 4372 esse,

779 4408 1137 4463 concedamus
1168 4421 1287 4461 esse
1317 4420 1507 4475 posse;
1549 4403 1675 4474 quid
1713 4402 1925 4457 tandem
1962 4403 2085 4455 boni
2122 4395 2277 4455 nabis
2307 4402 2374 4455 ab

781 4500 881 4555 hac
922 4501 1105 4569 peritia
1126 4500 1415 4565 contingat,
1448 4498 1492 4551 si
1530 4498 1670 4551 letali
1711 4498 1933 4550 vulnere
1966 4494 2373 4549 confodiamur?

780 4591 905 4660 quid
934 4605 1061 4644 vero
1084 4590 1208 4643 mali
1239 4590 1305 4642 ab
1326 4588 1612 4657 imperitia,
1638 4588 1683 4641 si
1711 4603 1829 4655 qua:
1859 4587 2087 4640 maxima
2120 4594 2245 4639 sunt
2280 4601 2370 4641 as-

781 4683 1101 4753 sequamur?
1133 4682 1258 4735 Ha~c
1286 4696 1415 4733 vero
1442 4695 1545 4733 non
1570 4680 1739 4731 solum
1766 4678 1903 4747 apud
1929 4694 2049 4741 nos,
2080 4679 2168 4747 qui
2190 4688 2373 4732 exter-

782 4792 903 4831 nam
928 4776 1071 4829 illam
1102 4773 1415 4844 sapientiam
1438 4772 1695 4832 ridemus,
1717 4786 1942 4840 eamque
1962 4770 2237 4824 stultitiam
2255 4785 2376 4824 esse

782 4869 1124 4932 arbitramur,
1148 4866 1241 4920 sed
1267 4866 1427 4920 etiam
1448 4863 1586 4933 apud
1618 4864 1760 4933 ipsos
1785 4872 2000 4917 exteros
2029 4860 2375 4931 philosophos

784 4959 837 5011 in
874 4958 1119 5011 confesso
1147 4956 1427 5010 habentur.
1474 4955 1597 5009 Ideo
1628 4970 1692 5008 ex
1722 4954 1825 5007 illis
1854 4954 2065 5022 plurimi
2099 4968 2204 5007 non
2242 4952 2377 5006 mul-

785 5060 895 5103 tum
912 5048 1096 5101 literas
1109 5056 1394 5110 curarunt;
1422 5046 1512 5099 alii
1533 5061 1659 5098 vero
1679 5047 1889 5114 penitus
1911 5053 2373 5113 contempserunt,

783 5150 838 5195 et
872 5139 1103 5210 imperiti
1134 5148 1566 5207 permanserunt,
1592 5148 1861 5207 totamque
1884 5140 2047 5192 vitam
2075 5139 2128 5192 in
2158 5154 2220 5194 ea
2250 5138 2373 5208 phi-

783 5231 1041 5299 losophia:
1081 5240 1251 5298 parte,
1283 5244 1400 5298 qua:
1432 5244 1608 5283 mores
1639 5228 1872 5296 resixicit,
1910 5239 2146 5297 agentes,
2182 5230 2373 5284 claris-

784 5322 907 5375 simi
952 5331 1112 5389 atque
1144 5320 1475 5374 celeberrimi
1504 5328 1808 5373 evaserunt.
1856 5320 2060 5373 Etenim
2091 5323 2371 5376 Anachar-

784 5414 893 5477 sis,
924 5411 1109 5466 Crates
1136 5422 1189 5465 et
1212 5413 1473 5481 Diogenes
1498 5412 1611 5481 ejus
1641 5413 1840 5466 nullam
1880 5411 2111 5468 habuere
2151 5430 2369 5477 curam;

785 5506 893 5557 imo
924 5518 991 5555 ne
1020 5502 1267 5557 Socrates
1295 5502 1506 5571 quidem
1536 5544 1546 5563 ,
1587 5513 1643 5556 ut
1670 5503 1907 5556 nonnulli
1935 5503 2115 5557 dicunt
2140 5546 2153 5566 ,
2190 5504 2372 5573 hujus-

784 5611 889 5663 que
935 5595 1012 5649 rei
1056 5596 1204 5648 testis
1247 5596 1398 5649 nobis
1432 5611 1551 5650 esse
1589 5598 1753 5664 possit
1796 5600 1855 5661 is,
1894 5598 1983 5667 qui
2022 5598 2119 5652 bac
2161 5600 2210 5653 in
2258 5609 2373 5653 arte

786 5684 941 5753 longe
966 5695 1190 5740 caeteros
1219 5688 1520 5752 antevertit,
1559 5696 1614 5740 et
1651 5687 1737 5755 qui
1780 5704 1861 5753 ea,
1898 5705 2019 5758 qua:
2062 5690 2208 5743 illum
2251 5703 2373 5759 spc-

786 5778 1018 5840 ctabant,
1042 5779 1195 5849 longe
1222 5780 1521 5835 accuratius
1541 5797 1697 5849 quam
1720 5784 1919 5847 cmteri,
1951 5793 2185 5837 noverat.

870 5865 1026 5922 Verba
1068 5869 1295 5923 Socratis
1343 5870 1483 5939 apud
1525 5870 1790 5926 Platonem
1818 5874 1960 5927 initio
1990 5874 2269 5944 Apologite.
2300 5905 2369 5913 ~â€”

789 5956 919 6013 Cum
940 5960 1075 6012 enim
1104 5959 1249 6015 illum
1277 5962 1559 6033 aliquando
1584 5963 1650 6020 ad
1682 5966 1907 6021 tribunal
1947 5967 2364 6035 introduxisset,

1468 557 1527 613 S.
1564 552 1843 611 JOANNlS
1878 542 2353 607 CHRYSOSTOMI
2394 539 2714 598 ARClllEP.
2755 537 3291 597 CONSTANTINOP.

3936 546 4042 601 353

2461 668 2519 709 ut
2544 668 2758 711 causam
2793 667 2943 707 suam
2990 652 3322 720 defenderet,
3352 655 3404 709 in
3444 652 3685 724 apologia
3730 656 3795 709 ad
3835 658 4046 726 judiccs

2458 749 2527 802 ita
2560 751 2861 820 loquentem
2891 747 3095 803 inducit
3120 768 3131 802 :
3176 749 3275 804 Vos
3301 760 3469 804 autem
3498 765 3559 804 ex
3583 766 3662 803 me
3685 750 3909 805 audituri
3928 757 4048 810 estis

2456 855 2655 893 omnem
2677 840 2925 893 veritatem
2948 855 2966 902 ;
2996 855 3097 891 non
3118 849 3309 907 tanien,
3333 859 3409 896 me
3440 841 3638 904 Hercle,
3661 842 3755 894 viri
3775 842 4049 896 Athenien-

2456 948 2555 995 ses,
2588 934 2815 985 oratione
2840 931 3074 1001 eleganti,
3107 940 3160 983 ut
3186 933 3271 984 isti
3292 974 3307 997 ,
3334 936 3493 988 verbis
3521 952 3580 988 ac
3602 934 3883 989 nominibus
3895 951 4049 987 exor-

2457 1030 2579 1071 nata
2604 1037 2623 1073 :
2649 1022 2738 1074 sed
2774 1021 2999 1074 audituri
3023 1020 3139 1073 estis
3166 1022 3458 1090 vulgaribus
3485 1026 3736 1094 obviisque
3766 1024 4048 1079 nominibus

2460 1113 2764 1181 loquentem.
2810 1113 2971 1168 Credo
3008 1113 3141 1167 enim
3167 1113 3314 1181 justa
3340 1130 3447 1169 esse
3474 1134 3589 1187 qui:
3608 1118 3754 1182 dico,
3786 1118 4051 1187 nullusque

2464 1213 2680 1256 vestrum
2705 1205 2852 1257 aliud
2891 1214 3156 1274 exspectet.
3194 1202 3373 1271 Neque
3398 1208 3532 1260 cnim
3558 1215 3806 1279 profecto,
3829 1211 4048 1282 judices,

2462 1293 2576 1345 huic
2591 1294 2727 1346 artati
2739 1298 2985 1357 convenit,
3006 1297 3133 1349 velut
3145 1295 3536 1362 adolescentulo,
3554 1303 3866 1356 concinnatis
3886 1303 3953 1355 ad
3968 1318 4053 1355 vos

2461 1384 2655 1453 ingredi
2678 1384 2855 1438 verbis.
2890 1386 3001 1440 Hoc
3022 1397 3198 1441 autem
3218 1402 3335 1439 cum
3356 1385 3504 1451 dicit,
3522 1391 3756 1443 ostendit
3779 1408 3839 1447 se
3859 1409 3963 1447 non
3986 1408 4053 1447 es

2463 1476 2801 1545 negligentia,
2821 1477 2915 1530 sed
2942 1478 3082 1544 quod
3107 1494 3225 1533 eam
3252 1494 3361 1533 rem
3390 1493 3496 1531 non
3517 1480 3691 1547 magni
3714 1481 3928 1547 faceret,
3956 1499 4055 1539 nec

2466 1569 2736 1634 didicisse,
2764 1583 2861 1623 nec
2890 1569 2980 1623 illa
3004 1585 3157 1624 usum
3181 1570 3362 1626 fuisse.
3386 1570 3563 1640 Itaque
3585 1586 3688 1624 non
3714 1571 4057 1642 philosopho-

2468 1677 2585 1715 rum
2609 1670 2691 1715 est
2721 1661 3042 1730 eloquentia,
3065 1663 3175 1715 imo
3199 1678 3267 1717 ne
3289 1664 3525 1717 virorum
3545 1662 3778 1731 quidem,
3805 1665 3899 1717 sed
3930 1668 4060 1721 ado-

2470 1752 2881 1807 lescentulorum
2905 1762 3107 1807 tantum
3140 1753 3433 1810 ludentium
3456 1756 3738 1819 annulatio,
3766 1763 3823 1808 ut
3848 1765 3902 1809 et
3930 1758 4059 1825 ipsis

2468 1856 2679 1909 quoque
2715 1842 3053 1912 philosophis
3076 1843 3317 1910 videtur;
3362 1862 3460 1900 nec
3488 1846 3607 1900 aliis
3632 1846 3788 1900 modo
3813 1846 4057 1915 philoso-

2469 1930 2609 1998 phis,
2646 1930 2740 1983 sed
2779 1933 2940 1984 etiam
2978 1934 3049 1995 ei,
3079 1934 3169 2002 qui
3208 1950 3399 1989 omnes
3445 1936 3599 1991 facile
3644 1938 3949 2003 superavit:
3976 1946 4047 1990 et

2468 2019 2610 2073 enim
2633 2019 2942 2088 magistrum
2972 2037 3033 2074 ea
3064 2038 3121 2076 re
3142 2024 3325 2078 ornari
3355 2042 3463 2080 non
3494 2028 3768 2094 pcrtnittit,
3788 2042 3910 2080 curn
3933 2042 4057 2081 eum

2469 2120 2714 2164 ornatum
2757 2120 2962 2180 turpem
3002 2113 3428 2185 pliilosophoque
3468 2117 3737 2187 indignum
3770 2118 4056 2171 existimet.

2473 2203 2666 2257 Verum
2693 2204 2807 2258 lucc
2835 2204 2899 2257 ad
2923 2204 3190 2259 infidelem
3216 2208 3522 2277 quempiam
3551 2210 3742 2265 merito
3768 2211 3886 2280 quis
3904 2210 4058 2265 disea-

2474 2298 2575 2361 rit;
2620 2298 2728 2352 imo
2755 2313 2883 2352 vero
2908 2297 2975 2352 ad
3004 2298 3213 2353 ï¬delem
3244 2302 3433 2369 magis.
3477 2302 3757 2368 Quomodo
3782 2306 3922 2358 enim
3951 2319 4059 2359 non

2474 2392 2762 2445 absurdum
2790 2391 2983 2457 fuerit,
3023 2407 3145 2446 cum
3178 2392 3211 2445 ii
3239 2392 3435 2455 etiam,
3462 2395 3551 2463 qui
3585 2395 3936 2449 multitudinis
3967 2412 4061 2448 au-

2475 2502 2588 2539 ram
2612 2496 2964 2555 aucupantur,
2989 2502 3086 2541 nec
3113 2488 3218 2541 alio
3243 2487 3400 2542 modo
3429 2504 3588 2558 quam
3614 2501 3829 2545 externa
3852 2494 4061 2562 sapien-

2477 2578 2545 2630 tia
2580 2578 2710 2631 clari
2739 2592 2859 2631 esse
2891 2588 3147 2645 possunt,
3192 2593 3308 2633 eam
3362 2578 3493 2634 nihil
3543 2596 3666 2637 esse
3716 2584 4057 2649 arbitrentur,

2481 2680 2580 2720 nos
2605 2666 2749 2720 illam
2773 2681 2943 2736 usque
2963 2669 3099 2723 adeo
3121 2670 3300 2723 mirari
3320 2672 3554 2740 tantique
3572 2670 3767 2735 facere,
3788 2684 3923 2727 utea
3945 2690 4061 2744 qua:

2474 2760 2707 2813 maxime
2729 2762 3032 2815 necessaria
3068 2772 3193 2815 sunt
3216 2773 3429 2831 propter
3449 2764 3594 2818 illam
3626 2767 4061 2821 contemnamus?

2545 2850 2631 2903 l2.
2658 2848 2834 2903 Sancti
2858 2850 2951 2903 viri
2969 2862 3162 2920 quanta
3186 2854 3293 2905 sine
3318 2854 3601 2923 eloquentia
3626 2856 3969 2923 prastiterint.
3991 2885 4062 2897 â€”

2476 2940 2555 2995 Ad
2587 2940 2855 2996 infidelem
2885 2942 3103 3011 quidem
3132 2943 3246 2997 lucc
3272 2945 3402 2997 satis
3428 2953 3552 2999 sunt
3578 2964 3594 3000 :
3617 2946 3682 2999 ad
3704 2946 3915 3000 ï¬delem
3935 2962 4063 3001 vero

2475 3040 2529 3085 et
2559 3032 2671 3085 lucc
2708 3043 2762 3085 et
2788 3032 2890 3085 alia
2921 3047 2986 3086 ex
3016 3033 3219 3087 nostris
3244 3033 3564 3089 documenta
3608 3035 3873 3091 all'ercnda
3916 3047 4060 3092 sunt.

2476 3120 2732 3189 Quamam
2760 3121 2886 3174 illa?
2916 3121 3089 3191 Magni
3119 3122 3197 3175 illi
3218 3131 3273 3177 et
3292 3125 3463 3177 sancti
3493 3125 3592 3177 viri
3611 3167 3627 3190 ,
3659 3127 3746 3194 qui
3772 3128 3923 3194 primi
3947 3127 4064 3182 fue-

2479 3220 2622 3275 runt,
2650 3226 2772 3265 cum
2801 3213 2971 3266 litera:
3000 3213 3234 3267 nondum
3263 3222 3478 3278 essent;
3511 3225 3621 3269 tum
3650 3216 3684 3270 ii
3701 3218 3789 3285 qui
3808 3229 3927 3287 post
3947 3219 4065 3275 illos

2476 3300 2711 3368 fuerunt,
2738 3317 2858 3357 cum
2883 3303 3050 3358 litera:
3080 3304 3294 3373 quidem
3320 3314 3523 3371 essent,
3546 3308 3757 3362 dicendi
3775 3324 3906 3364 vero
3929 3312 4065 3380 peri-

2476 3395 2547 3448 tia
2576 3395 2845 3459 nondum;
2877 3405 2933 3451 et
2951 3397 3040 3466 qui
3064 3396 3163 3452 hos
3184 3399 3395 3468 sequuti
3418 3409 3561 3462 sunt,
3586 3415 3708 3455 cum
3738 3411 3792 3456 et
3821 3402 3990 3457 litera:
4014 3413 4066 3458 et

2473 3486 2687 3542 dicendi
2733 3488 2920 3555 peritia
2967 3496 3169 3542 essent.
3220 3489 3298 3543 llli
3329 3505 3458 3545 vero
3490 3491 3692 3562 (primi)
3723 3503 4067 3563 utrorumque

2474 3588 2724 3648 expertes
2767 3589 2951 3644 erant;
2994 3596 3101 3633 non
3134 3580 3295 3634 modo
3331 3582 3473 3635 enim
3508 3583 4066 3652 eloquentiaeinstitu-

2476 3672 2641 3733 tione,
2682 3670 2777 3725 sed
2822 3672 2983 3725 etiam
3025 3671 3302 3725 literarum
3344 3674 3532 3741 peritia
3566 3674 3717 3729 vacui
3749 3682 3903 3728 erant
3931 3691 3947 3728 :
3975 3675 4065 3744 qui

2476 3772 2655 3816 tamen
2687 3762 2771 3816 vel
2814 3761 2878 3815 iis
2907 3764 2959 3816 in
2997 3762 3181 3827 rebus,
3212 3763 3266 3816 in
3292 3764 3486 3832 quibus
3510 3764 3830 3834 eloquentia:
3857 3766 3937 3820 vis
3966 3781 4065 3821 ne-

2475 3853 2710 3907 cessaria
2739 3867 2859 3906 esse
2886 3853 3121 3919 videtur,
3148 3868 3316 3923 usque
3341 3854 3477 3909 adeo
3498 3855 3583 3922 iis,
3606 3856 3694 3925 qui
3718 3856 3801 3911 illa
3825 3858 4065 3913 instructi

2476 3954 2652 4011 crant,
2684 3945 3124 4009 antecelluerunt,
3158 3954 3214 4000 ut
3242 3946 3295 3999 hi
3322 3946 3694 4016 insipientibus
3718 3950 3895 4017 pueris
3918 3950 4068 4005 dete-

2477 4036 2648 4089 riores
2681 4050 2801 4090 esse
2830 4035 3157 4090 viderentur.
3208 4034 3340 4091 Cum
3368 4038 3510 4091 enim
3536 4040 3884 4107 persuadendi
3908 4043 3986 4095 vis
4014 4043 4065 4096 in

2478 4128 2775 4197 eloquentia
2804 4128 3034 4183 maxime
3075 4129 3177 4183 sita
3215 4130 3323 4193 sit,
3359 4137 3413 4184 et
3453 4139 3630 4185 tamen
3671 4130 3966 4200 philosophi
4000 4148 4067 4187 ne

2478 4236 2641 4273 unum
2671 4235 2917 4289 umquam
2952 4230 3238 4292 tyrannum
3274 4222 3674 4290 superaverint;
3710 4223 3780 4275 illi
3809 4238 3936 4275 vero
3964 4223 4067 4275 im-

2480 4312 2632 4381 periti
2675 4322 2728 4365 et
2767 4312 2944 4366 idiota:
2991 4321 3159 4367 totum
3204 4312 3391 4367 orbem
3434 4313 3819 4376 converterint,
3856 4313 4066 4382 planum

2478 4412 2560 4457 est
2585 4402 2723 4470 apud
2752 4417 2867 4466 eos,
2892 4403 3097 4457 scilicet
3135 4404 3406 4457 literarum
3452 4402 3727 4471 imperitos
3754 4413 3809 4457 et
3836 4403 4025 4457 idiotas
4045 4448 4061 4469 ,

2476 4496 2753 4565 sapientia:
2785 4495 3014 4563 palmam
3052 4509 3193 4557 esse,
3235 4509 3339 4546 non
3387 4502 3563 4547 autem
3613 4494 3750 4563 apud
3798 4495 3933 4561 illos,
3976 4498 4063 4566 qui

2478 4597 2702 4656 utraque
2736 4588 2985 4642 facultate
3024 4586 3315 4656 pollebant.
3361 4585 3511 4641 Adeo
3548 4594 3604 4640 ut
3633 4602 3758 4641 vera
3786 4590 4063 4657 sapientia,

2478 4696 2711 4749 veraque
2754 4680 2981 4734 eruditio
3020 4679 3153 4733 nihil
3180 4678 3319 4732 aliud
3347 4678 3447 4741 sit,
3481 4694 3639 4749 quam
3672 4681 3761 4735 Dei
3793 4683 3966 4735 timor.
3997 4683 4067 4736 At

2482 4789 2640 4827 nemo
2669 4781 2815 4842 putet
2844 4789 2931 4827 me
2956 4773 3096 4828 banc
3120 4772 3291 4841 legem
3319 4781 3571 4840 statuere,
3601 4774 3741 4843 quod
3770 4776 3921 4844 pueri
3948 4790 4067 4828 esse

2481 4864 2711 4920 debeant
2740 4865 2992 4935 imperiti.
3021 4863 3125 4917 Sed
3155 4864 3201 4918 si
3222 4866 3339 4935 quis
3360 4881 3446 4919 me
3474 4865 3540 4920 de
3568 4867 3882 4920 necessariis
3908 4880 4067 4919 secn-

2480 4973 2597 5011 rum
2628 4968 2923 5026 prmstaret,
2960 4956 3156 5010 nollem
3187 4957 3443 5026 impedire
3481 4958 3608 5027 quin
3651 4957 3751 5010 hoc
3790 4973 3855 5011 ex
3896 4956 4066 5010 abun-

2481 5048 2656 5101 dantia
2689 5049 2858 5103 fieret.
2895 5048 3351 5113 Quemadmodum
3371 5049 3511 5102 enim
3532 5048 3806 5100 concussis
3825 5060 3945 5099 cum
3971 5045 4070 5099 do-

2483 5156 2571 5194 tno
2602 5150 2705 5195 tota
2736 5140 3096 5195 fundamentis
3118 5183 3132 5206 ,
3179 5150 3391 5209 totaque
3432 5138 3629 5192 fabrica
3671 5138 3877 5191 ruinam
3906 5138 4065 5190 mini-

2482 5243 2646 5298 tante,
2682 5244 2938 5290 extrema:
2989 5235 3273 5295 dementia:
3324 5248 3387 5287 ac
3440 5233 3755 5302 insipientia:
3809 5242 3953 5287 esset
3999 5236 4064 5288 ad

2482 5325 2724 5389 illitores,
2759 5340 2866 5379 non
2896 5324 2962 5378 ad
2994 5332 3287 5377 structores
3312 5339 3530 5378 currere
3558 5342 3569 5375 :
3594 5324 3671 5377 sic
3703 5323 3827 5376 item
3866 5322 4066 5391 impar-

2482 5425 2621 5469 tuna:
2651 5415 3011 5469 contentionis
3037 5425 3197 5477 esset,
3220 5414 3512 5482 parietibus
3537 5413 3763 5467 ï¬rmiter
3783 5414 4059 5481 stantibus,

2480 5523 2591 5572 eos,
2626 5510 2711 5577 qui
2738 5510 2904 5577 ipsam
2929 5508 3131 5560 illinere
3153 5508 3366 5571 vellent,
3404 5507 3708 5575 prohibere.

2556 5599 2781 5653 Historia
2825 5598 3154 5651 adolescentis
3197 5617 3229 5651 a
3268 5599 3517 5651 monac/io
3561 5596 3884 5649 instituti.â€”
3910 5597 4060 5666 Quod

2479 5702 2657 5747 autem
2682 5692 2731 5745 id
2750 5705 2814 5745 ex
2837 5691 3013 5744 animo
3030 5691 3237 5761 loquar,
3256 5706 3374 5758 quae
3403 5689 3531 5756 ipsis
3557 5690 3805 5756 operibus
3831 5691 4057 5755 ostendi,

2480 5783 2594 5838 bmc
2617 5785 2725 5853 jam
2749 5784 2898 5838 vobis
2921 5785 3167 5839 narrabo.
3197 5782 3523 5836 Adolescens
3544 5782 3756 5852 quidam
3774 5784 4060 5839 admodum

2481 5875 2713 5942 locuples
2740 5874 3025 5943 aliquando
3056 5890 3107 5926 m
3135 5872 3267 5925 urbe
3299 5880 3477 5925 nostra
3504 5870 3807 5927 demoratus
3831 5883 3914 5927 est
3938 5889 4062 5927 cru-

2484 5965 2701 6021 ditionis
2730 5964 3069 6033 acquirendi:
3092 5963 3281 6033 gratia,
3316 5963 3517 6019 Latina:
3543 5964 3747 6020 scilicet
3768 5974 3821 6017 et
3839 5963 4058 6019 Graeca.
