4454 6690
217 546 322 601 567

209 664 340 726 τοὺς
359 660 761 732 φυγαδεύοντας
791 660 987 723 αὐτοὺς
1015 661 1115 712 οὐκ
1144 657 1211 710 ἂν
1234 656 1495 726 ἐπῄνεσα,
1523 651 1640 706 ἀλλ’
1673 651 1750 713 ὡς
1783 667 1895 704 κοι-

211 750 336 815 νοὺς
349 751 445 822 τῆς
475 751 746 814 πολιτείας
775 750 1002 822 ἐχθροὺς
1033 745 1394 816 ἀπεστράφην
1430 744 1517 810 ἂν,
1545 745 1627 797 ὅτι
1649 743 1776 805 τοὺς
1801 741 1895 794 λύ-

211 851 371 904 χνους
400 837 753 910 κρύπτοντες,
795 836 890 889 καὶ
925 835 1052 896 τοὺς
1093 831 1386 901 φωστῆρας
1424 831 1528 884 ἀπὸ
1559 828 1661 897 τῆς
1687 827 1893 891 πόλεως

211 926 305 979 ἐπὶ
333 926 429 998 τὴν
462 928 699 998 ἐρημίαν
721 928 969 994 ἄγοντες,
999 920 1067 974 τὰ
1105 921 1336 990 μέγιστα
1362 919 1488 983 τοὺς
1515 918 1663 972 ἔνδον
1683 915 1892 968 οἰκοῦν-

209 1035 310 1082 τας
328 1020 587 1090 ἐζημίουν
608 1017 808 1086 ἀγαθά.
836 1016 899 1068 Et
927 1014 984 1067 δέ
1009 1013 1220 1078 ούδεὶςό
1241 1013 1410 1067 ταῦτα
1424 1009 1889 1082 ύποσχησὸμενος,

209 1109 262 1159 τί
291 1108 354 1160 τὸ
385 1108 578 1178 ὄφελος
609 1107 850 1176 πέμπειν
876 1105 955 1166 εἰς
983 1103 1358 1166 διδασκάλους,
1390 1102 1518 1156 ἔνθα
1544 1099 1652 1171 πρὸ
1680 1098 1791 1150 τῶν
1807 1098 1894 1152 λό-

210 1211 324 1262 γων
359 1198 556 1248 κακίαν
573 1193 837 1253 εἴσονται,
869 1193 964 1245 καὶ
992 1192 1052 1245 τὸ
1081 1192 1302 1246 ἔλαττον
1335 1190 1651 1261 βουλόμενοι
1685 1187 1892 1250 λαϐεῖν,

209 1284 273 1336 τὸ
315 1285 501 1352 μεῖζον
524 1279 873 1343 ἀπολέσουσι,
904 1283 1002 1351 τῆς
1033 1281 1210 1354 ψυχῆς
1242 1282 1339 1352 τὴν
1365 1282 1518 1350 ἰσχὺν
1539 1278 1634 1332 καὶ
1663 1275 1762 1347 τὴν
1804 1276 1894 1329 εύ-

212 1371 363 1438 εξίαν
408 1371 668 1432 ἀπασανς
717 1369 782 1422 Τί
820 1366 940 1434 οῦν;
970 1371 1393 1440 κατασκάψομεν
1429 1367 1498 1421 τὰ
1521 1366 1887 1429 διδασκαλεῖα,

213 1461 414 1530 φησίνς
449 1458 524 1510 Ού
562 1456 721 1510 τοῦτο
761 1456 922 1526 λέγω,
961 1457 1074 1512 ἀλλ’
1108 1459 1255 1520 ὃπως
1298 1457 1372 1528 μὴ
1415 1455 1515 1526 τὴν
1549 1455 1650 1523 τῆς
1689 1452 1894 1524 ἀρετῆς

212 1549 534 1616 καθέλωμεν
569 1547 875 1618 οἰκοδομὴν,
912 1551 1006 1602 καὶ
1039 1548 1220 1611 ζῶσαν
1245 1545 1639 1617 κατορύξωμεν
1664 1545 1763 1614 τὴν
1788 1544 1892 1612 ψυ-

212 1640 318 1708 χήν
341 1655 354 1667 ·
395 1634 780 1706 σωφρονούσης
801 1637 900 1706 μὲν
918 1637 1027 1708 γὰρ
1051 1637 1255 1707 ταύτης
1275 1635 1500 1704 οὐδεμία
1531 1634 1640 1687 ἀπὸ
1660 1634 1759 1703 τῆς
1786 1633 1895 1685 τῶν

211 1724 389 1793 λόγων
415 1721 670 1793 ἀπειρίας
705 1722 855 1778 ἐσται
884 1722 1071 1795 ζημία,
1096 1723 1500 1794 διεφθαρμένης
1522 1719 1580 1774 δέ
1613 1722 1892 1793 μεγίστηὴ

217 1813 411 1883 βλάϐη,
444 1811 546 1864 κᾶν
577 1811 781 1882 σφόδρα
821 1814 853 1882 ἡ
891 1811 1106 1879 γλῶττα
1145 1811 1458 1882 ὴκονημένη
1495 1810 1764 1882 τυγχάνῃ,
1795 1812 1890 1864 καὶ

213 1901 454 1969 τοσούτῳ
512 1900 734 1968 μείζων,
760 1900 975 1971 ὅσῳπερ
1019 1901 1086 1954 ἂν
1115 1900 1300 1969 ἐκείνη
1331 1900 1508 1970 προσῇ
1543 1899 1577 1966 ἡ
1628 1898 1882 1968 δύναμις.

291 1987 534 2058 Πονηρία
589 1985 700 2056 γὰρ
745 1987 842 2056 τὴν
896 1985 991 2039 τοῦ
1053 1986 1232 2055 λέγειν
1281 1985 1664 2054 προσλαϐοῦσα
1704 1986 1899 2054 ἐμπει-

218 2079 363 2150 ρίαν,
409 2073 592 2148 πολλῷ
630 2073 891 2143 χείροναεΙι
935 2073 1036 2143 τῆς
1053 2074 1292 2144 ἀμαθίας
1321 2072 1614 2144 ἐργάζεται
1635 2074 1703 2127 τά
1725 2072 1894 2128 δεινά.

219 2169 386 2221 Ἃνδὲ
419 2164 748 2227 ἀπελθόντες
774 2165 908 2226 ἐκεῖ,
943 2167 1093 2234 φησὶ,
1125 2166 1261 2237 πρὸς
1283 2165 1361 2236 τῷ
1392 2166 1489 2237 τὴν
1521 2165 1775 2235 γλῶσσαν
1800 2167 1900 2233 ἀρ-

215 2263 454 2332 γοτέραν
503 2260 673 2329 ἐχειν.
703 2258 916 2329 καὶτῆς
950 2260 1148 2330 ἀρετῆς
1181 2259 1486 2313 ἐκπέσωσιν
1519 2259 1735 2329 ἐκείνης
1760 2277 1775 2318 ;
1799 2260 1898 2314 Ἂν

215 2356 275 2408 δέ
326 2355 603 2423 μένοντες,
639 2352 758 2405 είπέ
808 2369 919 2420 μοι,
965 2352 1100 2421 πρὸς
1128 2352 1207 2422 τῷ
1231 2353 1331 2423 τὴν
1358 2351 1535 2422 ψυχὴν
1562 2353 1894 2425 διαφθεῖραι,

220 2447 388 2518 μηδὲν
416 2448 496 2509 είς
517 2444 850 2513 εύγλωττίαν
879 2444 1186 2496 ἀπόνωνται
1211 2443 1238 2484 b
1257 2443 1357 2511 τῆς
1381 2444 1577 2513 σχολῆς
1600 2461 1615 2509 ;
1646 2446 1770 2514 ἐμοὶ
1787 2445 1897 2516 γὰρ

218 2538 452 2609 ἁρμόσει
480 2536 657 2591 ταῦτα.
703 2535 880 2605 λέγειν
913 2535 1188 2607 μᾶλλον,ῆ
1221 2537 1403 2590 ἐκεῖνα
1424 2536 1526 2589 σοί.
1553 2537 1619 2590 Τί
1665 2537 1895 2608 δήποτε;

217 2635 344 2690 Ὀτι
371 2637 417 2687 εἰ
437 2634 532 2688 καὶ
551 2633 718 2687 τὸτοῦ
745 2633 1032 2704 μέλλοντος
1057 2632 1251 2702 ἄδηλον
1269 2633 1552 2705 ἐκατέρου,
1583 2632 1644 2686 τὸ
1667 2633 1756 2686 σὺν
1775 2633 1902 2703 ἀδη-

216 2731 457 2800 λότερον.
489 2729 633 2794 Πῶς,
665 2731 758 2784 καὶ
786 2729 874 2782 διά
895 2729 948 2782 τί
972 2747 985 2794 ;
1020 2730 1140 2781 Ὅτι
1166 2731 1198 2799 ή
1225 2729 1323 2798 μὲν
1352 2728 1460 2782 τῶν
1491 2729 1666 2798 λόγων
1698 2731 1902 2802 σπουδὴ

215 2829 315 2897 τῆς
341 2827 448 2881 ἀπὸ
469 2827 576 2880 τῶν
609 2827 826 2894 τρόπων
847 2824 1148 2889 ἐπιεικείας
1183 2825 1376 2891 δεῖται,
1404 2828 1437 2896 ἡ
1477 2825 1533 2879 δὲ
1554 2827 1663 2880 τῶν
1683 2827 1904 2898 τρόπων

219 2923 491 2976 ἐπιείκεια
523 2921 823 2990 ούκέτιτῆς
845 2921 953 2974 ἀπὸ
971 2920 1080 2972 τῶν
1107 2920 1280 2988 λόγων
1310 2921 1646 2992 προσθήκης.
1681 2924 1902 2994 Σωφρο-

221 3019 388 3088 σύνην
416 3018 514 3088 μέν
541 3019 648 3088 γάρ
671 3019 764 3070 καὶ
786 3019 956 3086 χωρὶς
982 3017 1084 3085 τῆς
1109 3016 1445 3080 παιδεύσεως
1471 3017 1677 3087 ταύτης
1702 3035 1901 3091 κατορ-

221 3114 394 3167 θῶσαι
427 3113 526 3179 ἔνι,
558 3111 731 3180 λόγων
764 3113 820 3166 δέ
848 3112 1077 3182 δύναμιν
1105 3114 1273 3184 χωρίς
1297 3113 1512 3184 τρόπων
1538 3115 1790 3184 χρηστῶν
1820 3117 1904 3168 ούο

220 3209 334 3270 δεὶς
359 3208 424 3262 ἂν
456 3207 754 3278 προσλάϐοι
791 3209 943 3265 ποτὲ.
979 3209 1179 3270 παντὸς
1208 3208 1302 3260 τοῦ
1342 3209 1534 3279 χρόνου
1574 3212 1654 3272 είς
1704 3211 1903 3264 κακίαν

222 3304 320 3356 καὶ
353 3303 644 3370 ἀσέλγειαν
661 3301 1109 3372 ἀναλισκομένου.
1131 3303 1297 3355 Ὥστε
1335 3304 1472 3374 ὅπερ
1499 3305 1614 3356 ἐκεῖ
1639 3304 1902 3368 δέδοικας,

221 3393 383 3446 τοῦτο
410 3395 504 3446 καὶ
535 3393 770 3446 ἐνταῦθα
791 3392 1076 3460 φοϐεῖσθαι
1095 3393 1196 3462 χρή
1217 3409 1230 3423 ο
1269 3393 1364 3445 καὶ
1398 3393 1577 3462 πολλῷ
1598 3394 1796 3464 μᾶλλον
1822 3396 1906 3446 ἐν·

226 3487 424 3552 ταῦθα,
447 3489 558 3556 ὅσῳ
581 3488 676 3540 καὶ
710 3487 1038 3555 πυκνότεραι
1073 3487 1130 3539 αί
1170 3487 1492 3556 ἀποτυχίαι,
1524 3488 1616 3540 καὶ
1650 3487 1903 3558 περὶτῶν

227 3583 491 3654 μειζόνων
524 3583 552 3635 ό
607 3582 872 3646 κίνδυνος.
925 3582 1106 3634 Κάκεῖ
1152 3581 1249 3650 μὲν
1306 3581 1442 3652 πρὸς
1472 3580 1530 3633 ἒν
1571 3581 1904 3652 ἡσχολῆσθαι

228 3679 388 3748 μόνον
415 3679 652 3748 ἀνάγκη.
691 3677 924 3732 ἐνταῦθα
960 3676 1014 3730 δέ
1046 3676 1154 3730 τῶν
1183 3675 1276 3730 δύο
1297 3676 1569 3748 κρατῆσαι
1593 3679 1902 3748 πρόκειται,

225 3775 303 3838 ὼς
314 3775 414 3828 οὐκ
440 3772 559 3826 ἐνὸν
585 3773 813 3844 θάτερον
830 3774 1000 3844 χωρὶς
1023 3773 1253 3842 θατέρου
1279 3772 1485 3833 λαϐεῖν,
1517 3773 1636 3826 οὐδὲ
1695 3791 1908 3846 σωφρο-

229 3871 394 3942 σύνης
442 3869 610 3941 χωρὶς
641 3869 768 3932 τοὺς
801 3867 995 3937 λόγους
1038 3869 1260 3924 εἰδέναι.
1296 3871 1360 3922 El
1382 3869 1440 3922 δέ
1475 3869 1676 3939 βούλει,
1715 3872 1810 3925 καὶ
1845 3873 1908 3926 τὸ

228 3968 490 4023 ἀδύνατον
542 3963 701 4018 τοῦτο
733 3964 917 4035 θῶμεν
948 3963 1088 4020 εἶναι
1117 3968 1358 4027 δυνατὸν,
1391 3967 1444 4020 τί
1471 3969 1667 4037 γένοιτ’
1694 3970 1906 4040 ἂνήμῖν

229 4061 431 4130 ἀγαθὸν
447 4059 554 4113 ἀπὸ
573 4060 669 4130 τῆς
693 4058 900 4112 τούτων
930 4062 1244 4132 ἐμπειρίας,
1266 4063 1394 4133 περὶ
1414 4062 1481 4116 τὰ
1497 4065 1906 4134 καίριαλαμϐά-

227 4173 380 4213 νουσι
404 4158 501 4228 τὴν
529 4155 782 4226 πληγήνς
821 4155 954 4208 τίδέ
989 4157 1159 4209 κακὸν
1191 4157 1300 4210 ἀπὸ
1339 4159 1438 4228 τῆς
1485 4159 1760 4229 ἀπειρίας.
1797 4162 1904 4214 τῶν

235 4253 506 4325 μεγίστων
522 4253 654 4322 ἡμῖν
672 4249 1154 4320 κατορθουμένων;
1192 4251 1302 4303 Καὶ
1331 4251 1504 4305 ταῦτα
1529 4253 1590 4305 ού
1620 4254 1750 4323 παρ’
1773 4257 1904 4324 ἡμῖν

235 4347 394 4417 μόνον
429 4348 542 4408 τοῖς
572 4343 915 4412 καταγελῶσι
949 4345 1048 4415 τῆς
1084 4343 1283 4411 ἔξωθεν
1323 4346 1535 4414 σοφίας,
1574 4349 1669 4401 καὶ
1697 4348 1906 4418 μωρίαν

232 4441 399 4510 αὐτὴν
429 4439 568 4493 εἶναι
592 4440 925 4510 νομίζουσιν,
956 4439 1089 4492 ἀλλά
1116 4441 1212 4494 καὶ
1267 4443 1394 4512 παρ’
1421 4442 1604 4504 αὐτοῖς
1635 4445 1746 4505 τοῖς
1774 4443 1908 4509 ἕξω-

232 4535 324 4588 θεν
365 4534 677 4604 φιλοσόφοις
717 4535 862 4589 οὕτω
896 4537 1362 4608 συνωμολόγηται.
1405 4537 1516 4591 Καὶ
1558 4536 1646 4590 διὰ
1671 4538 1828 4592 τοῦτο
1859 4542 1909 4592 οί

234 4631 334 4701 μὲν
362 4630 547 4684 πολλοὶ
583 4631 643 4682 ού
685 4629 892 4700 σφόδρα
922 4631 1342 4703 ἐπεμελήθησαν
1363 4633 1456 4686 τοῦ
1479 4634 1801 4704 πράγματος
1825 4652 1839 4665 ⁸
1857 4636 1906 4688 οί

231 4728 286 4781 δὲ
305 4729 401 4782 καὶ
419 4727 601 4780 τέλεον
613 4727 923 4796 κατεφρόνη
932 4743 1048 4780 σαν.
1059 4729 1154 4780 καὶ
1169 4728 1474 4782 διετέλεσαν
1493 4729 1642 4792 ὄντες
1653 4730 1905 4799 ἀμαθεῖς,

233 4823 443 4876 καὶτὸν
486 4824 702 4878 ᾶπαντα
739 4820 852 4890 βίον
884 4823 943 4872 ἐν
992 4820 1071 4890 τῷ
1103 4823 1205 4891 τῆς
1236 4822 1556 4893 φιλοσοφίας
1584 4826 1907 4898 ἠθικωτέρῳ

233 4921 609 4992 διατρίψαντες
635 4917 808 4988 μέρει,
838 4917 1040 4986 σφόδρα
1058 4915 1327 4985 ἔλαμψαν,
1351 4919 1446 4970 καὶ
1474 4919 1729 4986 γεγόνασι
1750 4938 1909 4991 περι-

233 5019 438 5081 φανεῖς.
466 5015 576 5070 Καὶ
604 5013 712 5086 γὰρ
745 5012 1069 5083 Ἀνάχαρσις
1122 5013 1216 5065 καὶ
1254 5013 1478 5083 Κράτης
1510 5017 1603 5067 καὶ
1649 5017 1906 5088 Διογένης

231 5111 486 5180 οὐδεμίαν
528 5113 853 5183 ἐποιήσαντο
912 5109 1144 5179 σπουδὴν
1189 5109 1418 5162 τούτου’
1455 5111 1587 5178 φασὶ
1639 5113 1696 5166 δέ
1737 5132 1902 5180 τινες,

231 5206 351 5260 οὐδέ
398 5209 714 5280 Σωκράτης,
762 5211 858 5263 καὶ
904 5207 1302 5279 μαρτυρήσειεν
1346 5205 1412 5259 ἂν
1443 5208 1574 5277 ἡμῖν
1604 5211 1632 5261 ό
1669 5211 1904 5280 μάλιστα

231 5302 449 5358 πάντων
469 5307 527 5360 ἐν
547 5309 611 5378 τῇ
643 5308 809 5380 τέχνῃ
829 5302 1324 5378 ταύτῃδιενεγκὼν,
1342 5303 1434 5356 καὶ
1454 5302 1520 5356 τὰ
1552 5305 1762 5358 ἐκείνου
1787 5307 1900 5378 [96]

230 5393 338 5446 τῶν
366 5399 542 5454 ἄλλων
580 5403 736 5466 εἰδὼς
787 5402 1198 5474 ἀκριϐέστερον.
1233 5398 1556 5469 Εἱσαγαγὼν
1597 5400 1706 5471 γὰρ
1739 5404 1903 5457 αὐτόν

230 5505 362 5544 ποτε
385 5493 466 5556 είς
489 5495 841 5568 δικαστήριον
875 5497 1351 5569 ἀπολογησόμενον
1372 5510 1418 5562 ο,
1438 5501 1494 5553 ἐν
1523 5501 1590 5570 τῇ
1621 5499 1756 5570 πρὸς
1778 5499 1905 5563 τοὺς

227 5583 484 5648 δικαστὰς
519 5589 786 5664 ἀπολογίᾳ
832 5591 1085 5662 ἐποίησεν
1125 5591 1268 5646 οὕτω
1303 5593 1530 5663 λέγοντα
1553 5614 1566 5627 ·
1619 5595 1802 5665 Ὑμεῖς
1838 5595 1907 5651 δὲ

228 5675 377 5745 ἐμοῦ
401 5677 741 5737 ἀκούσεσθε
772 5684 979 5739 πᾶσαν
1011 5682 1125 5751 τὴν
1165 5684 1476 5749 ἀλήθειαν,
1506 5689 1578 5741 οὺ
1599 5688 1908 5760 μέντοιμὰ

289 5814 306 5837 ⁸
331 5815 413 5888 δίε
431 5817 875 5888 δυο-[η-οηιισσξτίριὶ
919 5831 973 5876 et
997 5825 1147 5876 Savil.
1173 5823 1346 5874 Morel.
1375 5830 1541 5874 autem
1579 5833 1633 5876 et
1675 5827 1826 5878 Savil.
1855 5831 1906 5879 in

227 5882 447 5943 ωσι-δίζω
468 5882 630 5943 πολλῷ
651 5882 862 5933 πλείονα.

279 5937 560 6012 'b'Siclms
602 5937 712 5992 bum
757 5943 909 5993 δίη-ῆι.
957 5955 1006 5997 et
1050 5949 1241 5998 duobus
1287 5961 1401 5997 mss.
1447 5947 1734 6011 [.egebalur
1801 5953 1894 5999 ὰπ-

229 5999 428 6053 6ναιντο.
454 6003 586 6053 Ευιτ.

291 6065 313 6093 ε
339 6063 488 6116 Savil.
515 6065 565 6116 in
589 6079 740 6124 marg.
767 6072 820 6116 el
839 6067 936 6116 duo
955 6083 1070 6120 mss.
1108 6075 1172 6128 ὡς
1205 6073 1466 6134 “anno.

1035 535 1406 595 ADVERSUS
1443 530 1997 590 OPPUGNATORES
2043 533 2227 588 ὶῚΤΛΞ
2269 535 2572 592 MONAST.
2617 536 2746 594 LIB.
2790 536 2880 593 111.

3577 543 3684 600 3θ8

2006 652 2110 717 Δι’,
2153 647 2201 706 ὦ
2241 650 2457 722 ἄνδρες
2499 653 2816 721 Ἀθηναῖοι,
2852 655 3442 724 κεκαλλιεπτυιένους
3486 675 3552 728 τε
3581 659 3688 713 λό-

1995 766 2163 817 γους,
2226 749 2430 821 ὥσπερ
2470 755 2525 806 οι
2585 751 2835 812 τούτων,
2873 750 3110 821 ῥήμασί
3136 767 3200 805 τε
3229 751 3329 804 καί
3367 753 3683 822 ὀνόμασιν,

1995 843 2140 899 οὐδὲ
2182 848 2694 917 κεκοσμημένους,
2752 847 2890 900 ἀλλ’
2940 847 3286 902 ἀκούσεσθε
3323 845 3532 913 ἁπλῶς
3585 850 3684 902 καί

1992 939 2129 1009 εἰκῆ
2161 942 2456 1010 λεγόμενα
2502 942 2623 1009 τοῖς
2657 942 3053 1010 ἐπιτυχοῦσιν
3089 944 3366 1011 ὀνόμασι.
3416 944 3687 998 Πιστεύω

1993 1036 2104 1106 γὰρ
2131 1036 2332 1091 δίκαια
2361 1035 2512 1093 εἶτ-αι
2542 1038 2580 1094 ἃ
2605 1038 2784 1107 λέγω,
2835 1039 2934 1092 καί
2962 1037 3178 1108 μηδεὶς
3226 1039 3396 1108 ὑμῶν
3435 1039 3688 1108 προσδο-

1994 1134 2244 1202 κησάτω
2281 1134 2502 1202 ἄλλως.
2547 1135 2701 1190 Οὐδὲ
2732 1136 2842 1206 γὰρ
2866 1135 2944 1190 ἂν
2963 1135 3164 1201 δήπου
3199 1134 3416 1203 πρέποι
3438 1134 3513 1203 τῇ
3547 1135 3686 1202 ἠλι-

1993 1231 2098 1297 κίᾳ
2149 1229 2313 1299 τῇδε,
2356 1228 2560 1297 ὥσπερ
2596 1232 2882 1300 μειρακίῳ
2928 1231 3256 1286 πλάττοντι
3313 1233 3560 1301 λόγους,
3599 1233 3689 1298 είς

1993 1327 2149 1397 ὑμᾶς
2197 1327 2470 1380 εἰσιέναι.
2509 1325 2695 1379 Ταῦτα
2712 1326 2767 1378 δέ
2790 1327 2942 1394 ἔλεγε
2964 1328 3198 1390 δεικνὺς,
3216 1329 3298 1380 ὃτι
3322 1327 3384 1379 ού
3415 1327 3503 1380 διά
3527 1325 3688 1398 ρᾳθυ-

1999 1425 2128 1494 μίαν
2140 1424 2281 1485 τινὰ,
2301 1422 2437 1476 ἀλλά
2464 1421 2553 1475 διὰ
2577 1422 2638 1474 τὺ
2658 1421 2732 1492 μὴ
2761 1421 2906 1492 μέγα
2925 1422 2983 1474 τὸ
3004 1424 3237 1492 πρᾶγμα
3263 1423 3536 1492 ἡγεῖσθαι,
3561 1421 3688 1476 οὔτε

1995 1520 2220 1590 ἔμαθεν,
2245 1518 2369 1572 οὔτε
2392 1519 2682 1588 ἐχρήσατο.
2705 1518 2819 1570 Οὐκ
2843 1512 2936 1570 οὖν
2949 1517 3254 1586 φιλοσόφων
3281 1517 3429 1587 μὲνὴ
3458 1516 3691 1584 εὐγλωτ-

1993 1616 2084 1668 τία
2106 1615 2158 1677 ἀ,
2193 1615 2287 1668 καὶ
2311 1615 2520 1681 ἀνδρῶν
2551 1614 2607 1666 δὲ
2647 1614 2855 1677 ἁπλῶς,
2891 1615 3192 1686 μειρακίων
3227 1614 3284 1668 δὲ
3315 1613 3623 1678 παιζόντων
3649 1614 3686 1683 ἠ

1999 1713 2300 1782 φιλοτιμία,
2331 1712 2406 1774 ὡς
2434 1710 2528 1762 καὶ
2563 1711 2748 1771 αὐτοῖς
2785 1713 2898 1772 τοῖς
2941 1712 3256 1780 φιλοσόφοις
3284 1711 3452 1776 δοκεῖ,
3483 1711 3542 1762 ού
3570 1711 3688 1772 τοῖς

1997 1805 2178 1869 ἄλλοις
2214 1804 2392 1874 μόνον,
2427 1802 2562 1856 ἀλλά
2581 1803 2676 1855 καὶ
2706 1801 2784 1871 τῷ
2806 1802 3024 1857 πάντων
3059 1805 3291 1875 μάλιστα
3321 1806 3377 1857 ἐν
3397 1804 3575 1874 τούτῳ
3597 1821 3690 1858 κε-

1997 1900 2297 1973 κρατηκότι
2311 1916 2324 1930 ο
2355 1899 2445 1952 τὸν
2461 1899 2571 1970 γὰρ
2590 1897 2910 1952 διδάσκαλον
2930 1899 3030 1952 οὑκ
3055 1899 3248 1969 ἀφίησι
3272 1900 3594 1971 κοσμεῖσθαι
3611 1899 3691 1970 τῷ

1996 1997 2306 2068 πράγματι,
2326 1995 2549 2065 αἰσχρὸν
2582 1993 2660 2065 τῷ
2687 1994 2964 2066 φιλοσόφῳ
2993 1995 3085 2048 τὸν
3115 1995 3323 2066 κόσμον
3355 1996 3550 2050 τοῦτον
3611 1990 3692 2049 εἶ·-

1999 2108 2085 2145 ναι
2120 2093 2376 2162 νομίζων.
2420 2091 2583 2145 Ἀλλά
2603 2091 2777 2145 ταῦτα
2803 2091 2902 2160 μὲν
2932 2092 3008 2154 ὼς
3041 2091 3180 2162 πρὸς
3209 2091 3442 2145 ἄπιστον
3462 2091 3692 2155 δικαίως

2000 2187 2064 2242 ἄν
2115 2205 2200 2250 τις
2246 2188 2410 2251 εἴποι,
2446 2187 2646 2258 μᾶλλον
2671 2187 2729 2240 δὲ
2764 2187 3018 2256 καὶπρὸς
3052 2188 3267 2242 πιστόν.
3297 2188 3424 2251 Πῶς
3451 2187 3564 2258 γὰρ
3589 2188 3692 2242 οὐκ

2000 2284 2224 2348 ἄτοπον,
2255 2286 2384 2340 ὅταν
2409 2287 2457 2338 οἱ
2490 2286 2588 2355 μὲν
2619 2286 2719 2355 τὴν
2745 2283 2895 2356 παρά
2925 2284 3035 2336 τῶν
3063 2283 3279 2337 πολλῶν
3312 2283 3473 2350 δόξαν
3515 2283 3693 2355 θηρώ-

2003 2398 2178 2452 μενοι,
2217 2382 2312 2434 καὶ
2341 2381 2462 2434 οὐδὲ
2505 2379 2729 2434 ἄλλοθεν
2760 2379 2997 2448 φανῆναι
3030 2378 3342 2449 δυνάμενοι,
3375 2377 3491 2432 ἀλλ’
3519 2378 3554 2449 ἢ
3583 2379 3695 2432 ἀπὸ

1999 2478 2101 2548 τῆς
2120 2475 2322 2544 ἔξωθεν
2356 2476 2569 2545 σοφίας,
2599 2475 2767 2546 μηδὲν
2801 2475 2971 2544 αὐτὴν
3007 2470 3145 2527 εἶναι
3188 2474 3504 2545 νομίζωσιν,
3531 2475 3694 2544 ἡμεῖς

1999 2573 2056 2626 δέ
2083 2571 2228 2626 οῦτω
2289 2571 2664 2642 θαυμάζωμεν
2695 2571 2790 2622 καὶ
2830 2569 3290 2639 ἐκπληττώμεθα,
3337 2568 3414 2632 ὡς
3461 2567 3696 2621 καὶτῶν

2002 2667 2445 2742 ἀναγκαιοτάτων
2475 2666 2562 2719 διὰ
2585 2665 2792 2735 ταύτην
2817 2667 3218 2736 καταφρονεῖν;

2076 2767 2164 2818 ιϐ’.
2197 2765 2342 2835 Πρὸς
2379 2763 2476 2834 μὲν
2499 2757 2592 2816 οῦν
2610 2763 2700 2816 τὸν
2731 2761 2959 2814 ἄπιστον
2978 2760 3149 2814 ταῦτα
3167 2763 3348 2830 ἀρκεῖ,
3384 2760 3586 2831 πρὸςδέ
3601 2760 3696 2815 τὸν

2006 2861 2194 2915 πιστὸν
2229 2861 2324 2914 καὶ
2367 2857 2540 2912 ταῦτα
2585 2858 2678 2910 καὶ
2709 2855 2777 2909 τὰ
2809 2857 2938 2927 παρ’
2962 2857 3092 2925 ἡμῖν
3121 2854 3492 2924 ὑποδείγματα
3525 2855 3695 2922 ἀναγ-

2003 2961 2156 3011 καῖον
2184 2956 2470 3026 παράγειν.
2510 2954 2645 3006 Ποῖα
2673 2951 2737 3022 δὴ
2764 2952 2968 3016 ταύτας
3007 2951 3146 3012 Τοὺς
3177 2948 3452 3019 μεγάλους
3495 2949 3694 3019 ἄνδρας

2003 3055 2096 3107 καὶ¹
2113 3055 2301 3122 ἁγίους
2325 3051 2590 3114 ἐκείνους,
2607 3051 2734 3111 τοὺς
2751 3045 3024 3118 πρώτους,
3049 3047 3136 3099 ὅτε
3155 3045 3461 3116 γράμματα
3482 3045 3584 3097 ούκ
3603 3040 3693 3116 ἦν,

2005 3151 2130 3214 τοὺς
2165 3151 2282 3221 μετ’
2314 3148 2576 3210 ἐκείνους,
2609 3147 2698 3199 ὅτε
2743 3145 3050 3215 γράμματα
3083 3142 3182 3212 μὲν
3202 3137 3292 3212 ἦν,
3345 3141 3610 3212 ἐμπειρία
3637 3141 3694 3193 δὲ

2005 3247 2180 3314 λόγων
2204 3246 2438 3299 οὐδέπω.
2460 3244 2586 3306 τοὺς
2622 3241 2760 3313 μετὰ
2781 3240 3028 3302 τούτους,
3058 3240 3146 3292 ὅτε
3173 3239 3268 3292 καὶ
3294 3239 3601 3309 γράμματα
3626 3234 3697 3308 ἦν

2007 3344 2102 3396 καὶ
2123 3341 2387 3413 ἐμπειρία
2408 3340 2600 3407 λόγων.
2654 3337 3005 3407 Ἀμφοτέρων
3037 3335 3095 3388 δὲ
3132 3330 3273 3404 ἦσαν
3305 3334 3425 3386 τότε
3471 3335 3696 3407 ἄπειροι

2006 3441 2234 3493 ἐκεῖνοι·
2270 3438 2331 3490 οὐ
2362 3437 2520 3506 μόνον
2549 3435 2658 3504 γάρ
2686 3437 2787 3503 τῆς
2827 3431 2938 3484 τῶν
2966 3430 3142 3499 λόγων
3180 3429 3538 3492 παιδεύσεως,
3557 3429 3697 3483 ἀλλά

2004 3535 2100 3588 καὶ
2119 3534 2289 3603 αὐτῆς
2317 3532 2415 3602 τῆς
2440 3530 2551 3584 τῶν
2573 3528 2920 3601 γραμμάτων
2978 3524 3272 3595 ἐμπειρίας
3325 3525 3485 3588 ἐκτὸς
3516 3521 3655 3596 ἦσαν
3677 3542 3692 3557 ο

2006 3629 2121 3683 ἀλλ’
2153 3629 2303 3698 ὅμως
2352 3628 2409 3678 ἐν
2441 3625 2624 3687 αὐτοῖς
2653 3621 2885 3686 τούτοις,
2913 3614 2994 3684 οἷς
3019 3619 3255 3691 μάλιστα
3291 3621 3323 3690 ή
3359 3620 3469 3672 τῶν
3519 3620 3696 3689 λόγων

2013 3725 2168 3796 ίσχὺς
2207 3716 2635 3791 ἀναγκαίαείναι
2668 3719 2835 3780 δοκεῖ,
2875 3715 3014 3786 μετὰ
3064 3715 3335 3789 τοσαύτης
3374 3719 3696 3790 περιουσίας

2006 3822 2135 3885 τοὺς
2155 3822 2212 3874 ἐν
2246 3820 2383 3890 αὐτῇ
2402 3815 2739 3890 κρατοῦντας
2760 3814 3104 3886 παρήλασαν,
3121 3815 3197 3878 ὡς
3217 3816 3423 3870 παίδων
3453 3818 3696 3888 ἀνοήτων

2007 3915 2204 3978 αὐτοὺς
2234 3915 2467 3983 φανῆναι
2486 3911 2911 3983 χείρους.⁶ὐταν
2926 3909 3036 3980 γὰρ
3055 3910 3117 3962 τὸ
3146 3910 3353 3964 πείθειν
3383 3912 3442 3964 ἐν
3472 3915 3584 3976 τοῖς
3604 3912 3696 3966 λό-

2007 4033 2124 4086 γοις
2151 4012 2208 4088 ᾗ.
2245 4015 2339 4067 καὶ
2354 4015 2402 4066 οί
2435 4012 2534 4083 μὲν
2565 4011 2844 4080 φιλόσοφοι
2886 4008 3022 4080 μηδὲ
3059 4008 3179 4072 ἐνὸς
3208 4011 3578 4078 περιγίνονται
3603 4028 3698 4064 τυ..

2011 4111 2226 4182 ράννου,
2255 4111 2300 4161 οί
2351 4107 2406 4160 δέ
2453 4106 2809 4177 ἀγράμματοι
2858 4105 2954 4157 καὶ
2983 4102 3190 4157 ἰδιῶται
3223 4104 3324 4175 τὴν
3366 4104 3694 4176 οἰκουμένην

2007 4204 2412 4276 ἐπιστρέφουσιν
2452 4201 2695 4264 ἃπασαν,
2728 4198 2952 4269 εὔδηλον
2981 4199 3064 4252 ὅτι
3094 4198 3248 4270 παρά
3280 4197 3494 4260 τούτοις
3521 4197 3588 4252 τὰ
3615 4216 3694 4250 νι-

2008 4301 2250 4371 κητήρια
2281 4298 2380 4362 τῆς
2407 4295 2748 4366 σοφίαςέστὶ,
2777 4296 2889 4358 τοῖς
2906 4294 3290 4365 ἀγραμμάτοις
3313 4294 3408 4347 καὶ
3432 4290 3691 4356 ίδιώταις,

2009 4399 2070 4451 ού
2094 4396 2225 4466 παρ’
2242 4393 2470 4454 ἐκείνοις
2484 4394 2598 4453 τοῖς
2616 4390 2684 4442 τὰ
2711 4390 2946 4459 ἑκάτερα
2968 4386 3412 4459 διηκριϐωκόσιν.
3446 4387 3633 4450 Οῦτως
3655 4387 3692 4455 ἡ

2009 4491 2177 4551 ὄντως
2216 4486 2374 4554 σοφία
2419 4485 2511 4537 καὶ
2536 4485 2567 4553 ἡ
2597 4483 2766 4544 ὅντως
2799 4483 3083 4545 παίδευσις
3107 4482 3261 4534 οὐδὲν
3297 4480 3486 4550 ’έτερόν
3516 4483 3689 4544 ἐστιν,

2009 4586 2124 4639 ἀλλ’
2154 4584 2184 4655 ἢ
2214 4586 2242 4637 ό
2270 4582 2364 4636 τοῦ
2391 4581 2525 4634 Θεοῦ
2559 4579 2738 4650 φόϐος.
2765 4580 2874 4632 Καὶ
2901 4581 2973 4650 μή
3010 4579 3076 4649 μέ
3093 4596 3180 4642 τις
3216 4578 3491 4649 νομιζέτω
3523 4595 3686 4647 νομο-

2010 4681 2181 4734 θετεῖν
2227 4675 2460 4748 ἀμαθεῖς
2492 4675 2620 4739 τοὺς
2661 4674 2856 4737 παῖδας
2895 4673 3139 4743 γίνεσθαι
3162 4690 3176 4704 ο
3211 4673 3326 4726 ἀλλ’
3361 4673 3512 4734 εἴτις
3548 4671 3690 4742 ὑπὲρ

2007 4776 2111 4830 τῶν
2125 4775 2438 4842 ἀναγκαίων
2471 4772 2699 4842 παρέχοι
2728 4771 2972 4841 θαρρεῖν,
2999 4769 3099 4821 οὑκ
3113 4769 3179 4821 ἂν
3201 4767 3425 4838 ἑλοίμην
3445 4766 3688 4821 κωλῦσαι

2009 4873 2100 4926 καὶ
2120 4870 2277 4923 τοῦτο
2297 4872 2360 4922 ἐκ
2373 4868 2689 4938 περιουσίας
2706 4865 2978 4933 γενέσθαι.
3002 4865 3215 4932 ’Ὥσπερ
3235 4861 3365 4933 γὰρ,
3394 4861 3502 4915 τῶν
3525 4862 3686 4932 θεμε-

2007 4969 2134 5020 λίων
2169 4965 2563 5034 σαλευομένων,
2599 4963 2693 5015 καὶ
2723 4961 2902 5028 πάσης
2918 4959 3018 5029 τῆς
3038 4958 3215 5021 οἰκίας
3243 4957 3340 5011 καὶ
3365 4958 3463 5028 τῆς
3481 4957 3684 5010 οἰκοδο-

2011 5065 2115 5134 μῆς
2149 5059 2562 5129 κινδυνευούσης
2626 5058 2992 5118 καταπεσεῖν,
3042 5055 3276 5124 ἐσχάτης
3342 5053 3526 5116 ἀνοίας
3587 5053 3682 5105 καὶ

2006 5157 2394 5227 παραπληξίας
2431 5155 2549 5209 ἐστὶ
2582 5153 2719 5226 πρὸς
2757 5153 2880 5216 τοὺς
2922 5151 3235 5214 κονιῶντας,
3267 5148 3400 5202 ἀλλά
3436 5149 3509 5218 μὴ
3544 5147 3682 5218 πρὸς

2004 5255 2130 5317 τοὺς
2151 5253 2566 5324 οἰκοδομοῦντας
2594 5250 2826 5321 τρέχεινο
2858 5247 3001 5300 οὕτω
3023 5247 3182 5300 πάλιν
3205 5244 3432 5314 ἀκαίρου
3456 5243 3682 5313 φιλονει-

2007 5342 2153 5404 κίας,
2172 5342 2280 5395 τῶν
2298 5342 2490 5411 τοίχων
2515 5337 2760 5392 ἑστώτων
2778 5334 3032 5403 ἀσφαλῶς
3060 5333 3150 5386 καὶ
3169 5331 3418 5402 βεϐαίως,
3443 5330 3680 5384 κωλύειν

2005 5427 2097 5481 τὸν
2130 5426 2448 5497 βουλόμενον
2479 5425 2682 5494 κονιᾷν.

2083 5513 2198 5586 [97]
2256 5513 2366 5566 Καὶ
2422 5513 2502 5564 ὅτι
2553 5509 2723 5562 ταῦτα
2785 5510 2894 5562 ἀπὸ
2930 5507 3107 5578 ψυχῆς
3151 5506 3320 5574 λέγω,
3383 5506 3527 5578 ὅπερ
3584 5505 3679 5559 ἐπὶ

2007 5602 2118 5655 τῶν
2160 5601 2335 5672 ἔργων
2376 5596 2756 5668 ἐπεδειξάμην,
2815 5597 2984 5651 ταῦτα
3028 5596 3152 5665 ὑμῖν
3193 5595 3523 5666 διηγήσομαι
3583 5595 3679 5647 καὶ

2010 5688 2125 5744 νῦν.
2165 5687 2303 5749 Νέος
2368 5703 2450 5748 τις
2492 5685 2688 5756 κομιδῇ
2733 5685 2980 5746 πλούσιος
3047 5682 3123 5735 ῶν
3182 5681 3494 5752 ἐπεδήμησέ
3547 5698 3680 5735 ποτε

2009 5780 2073 5847 τῇ
2133 5773 2282 5826 πόλει
2316 5776 2384 5844 τῇ
2416 5775 2664 5845 ἡμετέρᾳ
2717 5773 2856 5826 κατὰ
2918 5771 3093 5839 λόγων
3152 5772 3432 5824 παίδευσιν
3485 5770 3679 5824 ἐκατέ-

2012 5880 2132 5934 ραν,
2190 5863 2290 5930 τήν
2337 5877 2399 5913 τε
2467 5861 2682 5914 Ἰταλῶν
2728 5861 2823 5930 τήν
2875 5875 2932 5912 τε
2966 5859 3254 5929 Ἑλλήνων.
3287 5854 3454 5923 Οὗτος
3503 5861 3531 5911 ό
3561 5859 3680 5923 νέος

2011 5949 2152 6022 εἶχεν
2183 5950 2579 6004 ἀκολουθοῦντα
2619 5947 2985 6016 παιδαγωγὸν,
3018 5949 3074 6001 ἒν
3113 5948 3269 6016 ἔργον
3293 5947 3484 6019 ἔχοντα
3514 5947 3682 6020 μόνον

2073 6073 2100 6113 ά
2123 6072 2233 6125 Duo
2256 6087 2369 6123 mss.
2402 6076 2470 6138 φι)
2481 6075 2641 6137 οσὸφῳ
2667 6076 2750 6136 μὲν
2773 6075 2900 6129 ἀξιον
2920 6077 2950 6132 ἡ
2970 6073 3244 6136 εὖγ).ωττξα.
