4454 6738
774 551 882 610 569

774 667 1116 722 διίπλάττειν
1154 666 1319 721 αὑτοῦ
1375 666 1473 736 τὴν
1518 666 1718 740 ψυχήν.
1771 669 1958 738 Τούτῳ
1995 666 2308 738 προσελθὼν
2350 665 2460 733 ἐγὼ

777 750 858 822 τῷ
889 751 1225 822 παιδαγωγῷ
1261 750 1508 821 (καὶγὰρ
1531 751 1640 804 τῶν
1673 754 1730 804 ἐν
1767 752 1920 820 δρεσι
1953 749 2280 818 καθημένων
2305 746 2461 813 ἐτύγ-

783 853 948 904 χανεν
993 835 1113 900 ῶν),
1152 834 1250 905 τὴν
1301 834 1574 905 πρόφασιν
1620 836 1936 906 ἐπεχείρουν
1980 833 2272 903 μανθάνειν
2299 832 2363 885 δι’
2393 832 2461 901 ἣν

779 918 1038 988 τοιαύτης
1071 917 1475 990 ἐπειλημμένος
1515 918 1703 987 σοφίας
1737 919 1816 980 είς
1843 916 1932 970 τὸν
1966 915 2074 970 τῶν
2097 914 2461 984 παιδαγωγῶν

784 999 898 1070 βίον
922 1002 1161 1072 καθῆκεν
1182 1002 1392 1055 ἐαυτόν.
1435 1004 1495 1054 '0
1526 1001 1580 1053 δὲ
1615 998 1812 1070 μικρὸν
1847 998 2049 1067 ἔφησεν
2083 999 2261 1070 ἐαυτῷ
2281 997 2464 1050 λείπει

783 1084 912 1137 σθαι
957 1085 1147 1156 χρόνον
1183 1087 1240 1137 ἐν
1268 1084 1457 1150 τούτῳ,
1497 1083 1592 1136 καὶ
1624 1082 1686 1134 τὸ
1722 1083 1830 1134 πᾶν
1859 1083 1990 1152 ἡμῖν
2026 1082 2232 1136 ἄνωθεν
2272 1082 2462 1152 διηγή-

787 1185 937 1222 σατο.
962 1168 1054 1238 Τῷ
1081 1170 1190 1240 γάρ
1213 1168 1408 1237 παιδίῳ
1431 1167 1628 1236 τούτῳ,
1657 1167 1813 1234 φησὶ,
1839 1165 2023 1237 πατὴρ
2049 1167 2147 1236 μέν
2167 1168 2283 1218 ἐστι
2309 1165 2466 1235 σκλη-

788 1251 881 1322 ρὸς
923 1254 1019 1306 καὶ
1046 1253 1276 1322 τραχὺς,
1311 1251 1404 1304 καὶ
1427 1250 1562 1323 πρὸς
1589 1250 1658 1304 τά
1683 1250 1915 1318 βιωτικά
1942 1254 2247 1323 πράγματα
2269 1251 2465 1316 ἐπτοη-

789 1335 973 1405 μένος,
1025 1341 1208 1407 μήτηρ
1251 1336 1308 1388 δέ
1345 1335 1543 1406 μετρία
1571 1337 1667 1388 καὶ
1698 1335 1930 1408 σώφρων
1957 1338 2051 1388 καὶ
2080 1332 2347 1399 ἐπιεικὴς,
2369 1328 2464 1382 καὶ

781 1419 920 1490 πρδς
936 1420 1026 1473 τὸν
1051 1419 1279 1490 οὐρανὸν
1313 1419 1582 1490 βλέπουσα
1616 1419 1794 1488 μόνον.
1827 1419 2062 1479 Ἐκεῖνος
2085 1416 2186 1486 μὲν
2223 1410 2338 1475 οὖν,
2369 1413 2463 1465 ἅτε

781 1508 878 1563 καὶ
906 1507 964 1557 ἐν
993 1503 1252 1573 πολέμοις
1284 1502 1455 1556 πολλὰ
1485 1500 1888 1571 κατωρθωκὼς,
1921 1500 2170 1568 βούλεται
2218 1499 2310 1550 τὸν
2349 1497 2464 1549 υἱὸν

781 1593 875 1646 ἐπὶ
913 1590 1012 1660 τὴν
1043 1586 1304 1658 πατρῴαν
1327 1585 1481 1650 τάξιν
1511 1586 1761 1652 ἀγαγεῖν,
1786 1585 1820 1655 ἡ
1851 1585 1908 1637 δέ
1942 1585 2124 1655 μήτηρ
2156 1582 2328 1635 ταῦτα
2365 1581 2462 1652 μέν

775 1677 904 1730 οὔτε
921 1671 1190 1743 βούλεται,
1205 1669 1329 1721 οὒτε
1345 1667 1626 1738 ἐπιθυμεῖ,
1647 1667 1783 1720 ἀλλὰ
1797 1668 1892 1721 καὶ
1921 1667 2124 1737 σφόδρα
2140 1665 2460 1735 ἀπεύχεται·

779 1758 998 1828 εὔχεται
1023 1755 1080 1809 δέ
1113 1755 1208 1807 καὶ
1231 1752 1494 1823 ἐπιθυμεῖ
1524 1753 1780 1825 λαμπρὸν
1823 1753 1984 1806 αὑτὸν
2016 1753 2145 1805 ἰδεῖν
2166 1753 2222 1804 ἐν
2258 1754 2325 1822 τῇ
2357 1751 2465 1804 τῶν

782 1841 1034 1912 μοναχῶν
1062 1838 1330 1911 πολιτείᾳ.
1358 1838 1520 1891 Ἀλλά
1541 1837 1711 1892 ταῦτα
1732 1838 1832 1907 μὲν
1862 1837 2000 1906 πρὸς
2028 1837 2119 1888 τὸν
2152 1837 2363 1905 πατέρα
2389 1837 2467 1887 εί-

777 1929 901 1978 πεῖν
925 1927 1027 1980 οὐκ
1061 1925 1360 1994 ἐτόλμησεν
1381 1940 1392 1952 ·
1426 1922 1677 1974 ἐδεδοίκει
1709 1920 1817 1988 γὰρ
1858 1921 1931 1988 μή
1973 1936 2102 1971 ποτε
2143 1919 2277 1970 αὐτὸ
2305 1917 2464 1970 τοῦτο

777 2008 1130 2078 ὑφορώμενος
1150 2009 1376 2067 ἐκεῖνος,
1411 2003 1519 2073 πρὸ
1545 2003 1694 2072 ώρας
1719 2001 1879 2054 αὐτὸν
1907 2001 2005 2071 ἤδη
2037 2000 2318 2070 καταδήσῃ
2348 2003 2461 2062 τοῖς

776 2091 870 2144 τοῦ
922 2090 1038 2160 βίου
1094 2088 1369 2159 σχοινίοις,
1416 2087 1513 2141 καὶ
1560 2085 1764 2156 ταύτης
1811 2085 1973 2138 αὐτὸν
2010 2085 2328 2153 ἀποστήσας
2361 2084 2459 2154 τῆς

777 2175 1036 2244 σπουδῆς,
1071 2173 1165 2226 ἐπὶ
1197 2172 1297 2242 τὴν
1328 2170 1506 2241 ζώνην
1533 2170 1753 2238 ἀγάγοι,
1784 2169 1880 2222 καὶ
1913 2168 2011 2237 τὴν
2039 2167 2098 2233 ἐξ
2123 2167 2342 2237 ἐκείνης
2372 2170 2462 2239 ρας

777 2256 980 2326 θυμίαν
1008 2257 1250 2313 ἃπασαν,
1276 2256 1369 2307 καὶ
1397 2253 1654 2307 ἀδύνατον
1680 2249 1830 2320 αύτῷ
1855 2251 1954 2320 τὴν
1992 2251 2129 2320 μετά
2159 2249 2336 2304 ταῦτα
2359 2269 2460 2304 κα-

773 2337 1424 2408 τασκευάσῃοδιόρθωσιν.
1465 2335 1690 2405 Ἑτέραν
1719 2333 1778 2386 δέ
1806 2350 1929 2388 τινα
1961 2333 2245 2404 συντίθησι
2282 2351 2461 2404 μηχα-

774 2423 910 2492 νήν·
964 2420 1246 2473 καλέσασα
1301 2418 1410 2488 γάρ
1461 2435 1528 2487 με
1582 2417 1743 2481 οἴκοι,
1779 2417 1877 2469 καὶ
1916 2415 2088 2469 ταῦτα
2131 2417 2308 2469 πάντα
2343 2433 2461 2468 κοι-

774 2503 1092 2573 νωσαμένη,
1126 2502 1222 2555 καὶ
1264 2501 1360 2554 τοῦ
1404 2501 1620 2554 παιδίου
1672 2499 1916 2552 λαϐοῦσα
1954 2499 2052 2568 τὴν
2096 2497 2299 2564 δεξιὰν,
2341 2500 2462 2561 ταῖς

774 2588 936 2657 ἐμαῖς
965 2585 1208 2655 ἐντίθησι
1234 2583 1439 2654 χερσίν.
1484 2584 1572 2646 Ὠς
1597 2582 1653 2634 δὲ
1691 2581 1921 2652 ἠρώτων
1944 2581 2090 2643 τίνος
2119 2581 2306 2634 ἕνεκεν
2328 2580 2462 2634 ταῦ-

773 2688 842 2724 τα
881 2672 1042 2732 ποιεῖ,
1094 2669 1222 2738 μίαν
1269 2667 1472 2737 ταύτην
1526 2666 1713 2734 ἔλεγεν
1768 2663 2156 2718 ὑπολείπεσθαι
2209 2665 2459 2733 μηχανὴν

773 2755 906 2824 ⁴ἡμῖν
948 2754 1086 2822 πρὸς
1113 2752 1212 2822 τὴν
1245 2750 1337 2804 τοῦ
1367 2749 1558 2813 παιδδς
1588 2748 1887 2819 σωτηρίαν,
1938 2750 1986 2800 εἰ
2029 2745 2348 2817 βουληθείην
2398 2764 2456 2799 τε

773 2838 870 2891 καὶ
904 2836 1242 2906 ἀνασχοίμην
1264 2836 1320 2887 ἐν
1364 2831 1516 2897 τάξει
1550 2829 1901 2900 παιδαγωγοῦ
1930 2833 1992 2884 τὸ
2031 2831 2244 2885 παιδίον
2275 2830 2458 2884 λαϐὼν

775 2919 950 2972 ἐλθεῖν
978 2918 1192 2971 ἐνθάδε·
1224 2917 1432 2968 πείσειν
1463 2915 1572 2986 γὰρ
1615 2915 1784 2985 αὐτὴν
1825 2915 1918 2967 τὸν
1973 2915 2208 2985 πατέρα,
2254 2915 2330 2976 ὡς
2363 2915 2458 2967 καὶ

775 3003 866 3055 τὸν
918 2999 1304 3071 στρατιωτικὸν
1348 2997 1586 3068 ἑλομένῳ
1615 2997 1727 3066 βίον
1753 2997 2022 3068 χρήσιμος
2055 2996 2206 3065 αύτῷ
2235 2996 2342 3048 τῶν
2368 2996 2457 3048 λό-

775 3101 890 3152 γων
923 3084 957 3154 ἡ
993 3081 1297 3146 παίδευσις.
1332 3081 1430 3132 Ἂν
1463 3077 1556 3132 οὖν
1594 3078 1752 3133 τοῦτο
1785 3079 2000 3150 ἰσχῦσαι
2031 3078 2265 3148 δυνηθῶ,
2301 3078 2457 3148 φησὶ,

775 3165 1091 3236 καταμόνας
1130 3163 1292 3216 αὐτὸν
1328 3163 1466 3232 ἔχων
1496 3163 1684 3216 λοιπὸν
1729 3163 1821 3216 ἐπὶ
1853 3163 1956 3232 τῆς
1993 3161 2299 3233 ἀλλοτρίας,
2334 3161 2459 3214 οὒτε

776 3247 874 3300 τοῦ
906 3246 1113 3318 πατρὸς
1147 3244 1512 3316 ἐνοχλοῦντος,
1565 3244 1690 3298 οὔτε
1725 3244 1835 3298 τῶν
1877 3245 2094 3299 οἰκείων
2124 3247 2288 3310 τινὸς,
2322 3246 2462 3315 μετά

776 3330 980 3400 πολλῆς
1039 3329 1200 3382 αὑτὸν
1237 3331 1336 3399 τῆς
1397 3328 1645 3392 ἐξουσίας
1712 3329 2010 3383 διαπλάσαι
2067 3330 2310 3401 δυνήσῃ,
2366 3330 2461 3383 καὶ

778 3413 1035 3476 καθάπερ
1069 3415 1126 3464 ἐν
1171 3412 1522 3484 μοναστηρίῳ
1553 3411 1809 3480 διάγοντα
1830 3454 1844 3478 ,
1890 3412 2033 3465 οὕτω
2065 3415 2290 3482 ποιῆσαι
2337 3413 2456 3484 ζῇν.

789 3498 930 3551 Ἀλλ’
962 3497 1245 3550 ἐπίνευσον
1265 3497 1360 3549 καὶ
1387 3497 1624 3564 ὑπόσχου
1651 3496 1715 3548 τδ
1747 3497 2242 3568 συνυποκρίνασθαί
2272 3515 2362 3568 μοι
2397 3497 2459 3550 :6

776 3582 976 3650 δρᾶμα.
1006 3580 1122 3632 Οὐκ
1139 3578 1286 3630 ἐστιν
1315 3578 1455 3649 ὑπὲρ
1477 3577 1582 3630 τῶν
1608 3578 1877 3648 τυχόντων
1901 3581 1930 3631 6
1956 3578 2113 3647 λόγος
2137 3581 2286 3650 ἐμοί’
2317 3581 2459 3650 ὑπὲρ

777 3665 877 3735 τῆς
907 3662 1000 3716 τοῦ
1039 3662 1252 3714 παιδίου
1292 3679 1392 3731 μου
1425 3661 1604 3731 ψυχῆς
1633 3662 1662 3712 6
1689 3661 1840 3728 ἀγὼν
1875 3661 1971 3715 καὶ
2005 3663 2033 3714 6
2072 3663 2337 3726 κίνδυνος.
2368 3665 2459 3736 Μὴ

777 3749 842 3818 δὴ
888 3746 1135 3818 περιίδῃς
1187 3746 1278 3798 τὸν
1323 3745 1539 3797 πάντων
1587 3746 1712 3814 ἐμοὶ
1755 3744 2011 3813 φίλτατον
2058 3747 2457 3811 κινδυνεύοντα,

777 3832 892 3885 ἀλλ’
920 3830 1228 3902 ἐξάρπασον
1269 3828 1431 3882 αὐτὸν
1465 3827 1568 3898 ήδη
1598 3827 1707 3881 τῶν
1750 3828 2017 3881 πάντοθεν
2060 3832 2461 3900 περικειμένων

777 3914 929 3986 αύτῷ
955 3914 1170 3982 παγῶν,
1199 3913 1301 3982 τῆς
1339 3911 1528 3982 ζάλης,
1564 3910 1658 3964 τοῦ
1701 3911 2014 3966 κλυδωνίου.
2061 3913 2122 3965 El
2157 3913 2213 3965 δὲ
2255 3915 2317 3966 ού
2366 3913 2457 3967 θέ-

777 4001 891 4065 λεις
932 3999 1119 4053 δοῦναι
1141 3997 1242 4068 τὴν
1271 3996 1452 4067 χάριν,
1494 3995 1583 4047 τὸν
1617 3993 1748 4047 Θεὸν
1773 3995 1876 4064 ἢδη
1903 3994 2055 4048 καλῶ
2088 3997 2252 4065 μέσον
2276 3996 2455 4067 ημῶν,

779 4086 875 4140 καὶ
916 4081 1265 4154 μαρτύρομαι
1290 4080 1372 4132 ὅτι
1406 4075 1519 4146 ἐγὼ
1553 4076 1650 4146 μὲν
1679 4076 1830 4130 ούδέν
1853 4078 2097 4130 ἐνέλιπον
2115 4079 2222 4131 τῶν
2252 4081 2331 4143 εἰς
2359 4081 2457 4150 τὴν

783 4165 1057 4238 σωτηρίαν
1093 4163 1191 4234 τῆς
1222 4161 1412 4214 τούτου
1455 4159 1632 4231 ψυχῆς
1661 4159 1925 4230 ἡκόντων,
1955 4160 2068 4212 ἀλλ’
2100 4162 2214 4231 εἰμὶ
2241 4163 2458 4233 καθαρά

781 4250 891 4303 ἀπὺ
926 4248 1021 4301 τοῦ
1057 4247 1288 4315 αἵματος
1318 4243 1412 4296 τοῦ
1446 4242 1654 4296 παιδίου
1682 4241 1904 4294 τούτου·
1955 4244 2004 4294 εἰ
2043 4243 2100 4294 δέ
2130 4238 2367 4314 συμϐαίη
2406 4263 2457 4298 τι

782 4333 973 4386 παθεῖν
1000 4331 1180 4395 αὑτὸν,
1207 4324 1319 4382 οἷον
1347 4327 1494 4388 εἰκὸς
1513 4327 1629 4378 νέον
1649 4326 1778 4378 ὄντα
1806 4327 1898 4378 καὶ
1930 4327 1986 4378 ἐν
2011 4327 2250 4399 τοσαύτῃ
2282 4327 2459 4391 ζῶντα

779 4419 962 4488 τρυφῇ
987 4415 1080 4468 καὶ
1111 4413 1372 4484 ῥαθυμίᾳ,
1399 4410 1507 4463 ἀπὸ
1542 4407 1636 4462 σοῦ
1673 4409 1768 4462 καὶ
1801 4407 1910 4461 τῶν
1945 4407 2053 4462 σῶν
2084 4410 2283 4480 χειρῶν
2317 4413 2459 4466 κατὰ

781 4501 881 4571 τὴν
908 4499 1124 4569 ἡμέραν
1162 4495 1377 4564 ἐκείνην
1421 4491 1713 4563 ἐκζητήσει
1746 4492 1840 4545 τοῦ
1879 4492 2092 4546 παιδίου
2138 4494 2332 4548 τούτου
2360 4495 2460 4567 τὴν

780 4584 962 4654 ψυχὴν
987 4584 1018 4634 6
1051 4582 1203 4642 Θεός.
1237 4577 1424 4632 Ταῦτα
1455 4578 1550 4630 καὶ
1570 4575 1641 4628 τὰ
1669 4576 1872 4630 τούτων
1908 4577 2132 4632 πλείονα
2157 4578 2461 4650 προσθεῖσα

786 4672 1025 4742 ῥήματα.
1057 4664 1152 4716 καὶ
1175 4659 1491 4732 δακρύσασα
1533 4659 1775 4729 σφοδρῶς
1807 4659 1900 4712 καὶ
1933 4659 2202 4723 ἐλεεινῶς,
2243 4660 2459 4714 ἔπεισεν

780 4745 1141 4814 ἀναδέξασθαί
1205 4762 1271 4816 με
1330 4743 1534 4813 ταύτην
1580 4742 1677 4811 τὴν
1727 4743 2128 4814 πραγματείαν,
2173 4745 2267 4797 καὶ
2320 4745 2458 4815 μετὰ

781 4834 989 4888 τούτων
1039 4827 1313 4899 ἐξέπεμψε
1377 4825 1486 4879 τῶν
1541 4823 1786 4880 ἐντολῶν.
1821 4827 1931 4878 Καὶ
1971 4826 2031 4877 06
2065 4827 2290 4894 γέγονεν
2320 4829 2455 4900 αύτῇ

788 4918 1013 4989 μάταιος
1044 4916 1078 4984 ἡ
1115 4912 1358 4983 μηχανή·
1405 4908 1517 4961 ἀλλ’
1573 4907 1746 4972 οὕτως
1803 4911 1862 4962 ἐν
1917 4909 2113 4980 βραχεῖ
2158 4910 2335 4982 χρόνῳ
2364 4910 2458 4962 τδν

786 5001 904 5072 [98]
960 4997 1124 5051 παῖδα
1171 4994 1358 5048 τοῦτον
1405 4993 1432 5043 6
1490 4996 1736 5061 γενναῖος
1792 4994 2000 5057 ἐκεῖνος
2065 4996 2297 5066 ἤσκησε,
2365 4995 2460 5047 καὶ

783 5081 1036 5137 τοσοῦτον
1058 5077 1207 5147 αὐτῷ
1233 5077 1332 5144 τῆς
1361 5073 1652 5144 ἐπιθυμίας
1681 5075 1881 5143 ταύτης
1923 5077 2093 5146 ἀνῆψε
2122 5077 2183 5130 τὸ
2222 5077 2352 5149 πῦρ,
2383 5076 2460 5136 ώς

784 5167 979 5236 ἀθρόον
1001 5165 1218 5217 ἅπαντα
1241 5161 1414 5231 ῥῖψαι,
1442 5158 1532 5211 καὶ
1563 5158 1654 5210 ἐπὶ
1689 5157 1786 5228 τὴν
1822 5159 2024 5228 ἔρημον
2067 5160 2318 5230 δραμεῖν,
2361 5160 2457 5213 καὶ

785 5252 971 5322 ἐτέρου
1004 5245 1209 5300 δεῖσθαι
1233 5241 1448 5314 χαλινοῦ
1472 5242 1634 5295 πάλιν
1672 5241 1767 5294 τοῦ
1796 5242 2160 5312 δυνησομένου
2199 5245 2334 5314 πρὸς
2357 5245 2454 5316 τὴν

787 5334 1097 5402 σύμμετρον
1129 5327 1288 5380 αὐτὸν
1327 5327 1558 5394 ἄσκησιν
1602 5325 1710 5378 ἀπὸ
1738 5326 1838 5396 τῆς
1868 5328 2262 5397 ἐπιτεταμένης
2292 5346 2457 5397 μετα-

788 5416 1018 5486 στρέψαι
1051 5425 1076 5452 ιι
1118 5411 1353 5478 ἐκείνης.
1397 5410 1506 5462 Καὶ
1547 5409 1655 5478 γὰρ
1701 5406 1770 5480 ἦν
1825 5409 1963 5472 δέος,
2021 5410 2094 5479 μὴ
2145 5414 2210 5480 τῇ
2253 5411 2452 5482 σπουδῇ

782 5501 958 5571 ταύτῃ
992 5497 1096 5567 πρὸ
1124 5493 1316 5564 καιροῦ
1352 5494 1412 5544 :6
1442 5493 1623 5562 δρᾶμα
1657 5492 2034 5561 ἀποκαλύψας,
2063 5495 2156 5547 καὶ
2189 5497 2253 5564 τῇ
2287 5496 2456 5564 μητρὶ

785 5587 880 5642 καὶ
911 5581 991 5652 τῷ
1015 5576 1367 5646 παιδαγωγῷ,
1412 5577 1505 5629 καὶ
1539 5579 1648 5639 τοῖς
1686 5577 1961 5646 πανταχοῦ
2003 5581 2253 5647 μοναχοῖς
2301 5579 2472 5650 πόλεέ

790 5686 888 5741 μον
917 5663 1109 5735 ἐγείρῃ
1146 5660 1394 5731 χαλεπόν.
1437 5660 1499 5712 Εἰ
1533 5659 1640 5728 γὰρ
1677 5659 1871 5730 ᾔσθετο
1903 5658 2106 5728 ταύτης
2149 5661 2248 5729 τῆς
2278 5662 2454 5730 φυγῆς

784 5752 814 5802 6
851 5748 1055 5818 πατὴρ,
1098 5745 1198 5797 οὐκ
1237 5744 1302 5797 ἂν
1334 5742 1544 5812 ἀπέστη
1589 5741 1763 5795 πάντα
1798 5742 1986 5802 κινῶν,
2014 5741 2149 5796 ὥστε
2183 5744 2452 5798 ἀπελάσαι

782 5833 908 5894 τοὺς
947 5831 1139 5896 ἁγίους
1171 5826 1432 5890 ἐκείνους,
1474 5828 1595 5898 οὐχὶ
1626 5826 1751 5890 τοὺς
1792 5825 2226 5896 ὑποδεξαμένους
2262 5830 2450 5898 μόνον,

785 5913 919 5966 ἀλλά
949 5913 1040 5966 καὶ
1069 5913 1195 5973 τοὺς
1236 5909 1428 5971 ἄλλους
1456 5910 1722 5971 ἅπαντας.
1760 5908 1962 5961 Τοῦτον
1992 5909 2170 5961 τοίνυν
2211 5911 2320 5978 ἐγὼ
2362 5913 2452 5964 τὸν

782 5997 948 6051 παῖδα
992 5996 1192 6060 λαϐὼν,
1227 5993 1516 6049 καὶταῦτα
1552 5994 1644 6047 καὶ
1679 5994 1746 6047 τὰ
1770 5993 1976 6046 τούτων
2003 5993 2222 6047 πλείονα
2253 5995 2442 6057 εἰπὼν,

843 6121 870 6154 ⁸
892 6121 974 6172 Sic
993 6121 1089 6170 duo
1109 6135 1222 6169 mss.
1251 6121 1378 6172 Edili
1407 6132 1523 6169 vero
1557 6119 1870 6183 ἀποστρέψαι,
1896 6117 2055 6166 ῐηήυς
2077 6121 2347 6168 commode.

1556 549 1940 616 S..JOANNIS
1976 547 2476 606 CIIRYSOSTOMI
2515 549 2840 608 ARCIIIEP.
2875 553 3426 612 CONSTANTINOP.

2569 666 2672 738 τὴν
2705 667 2804 738 μὲν
2839 669 3137 739 ἐπιθυμίαν
3181 673 3280 743 τῆς
3307 672 3623 742 φιλοσοφίας
3659 673 3865 745 ταύτης
3900 677 3930 716 Β
3972 679 4133 733 εἴασα
4159 680 4254 751 μέ-

2571 754 2627 802 νε
2639 767 2706 813 ιν,
2743 751 2835 803 καὶ
2865 751 3114 804 ἐπέτεινα
3158 753 3214 805 δέ
3249 755 3429 822 πλέον,
3450 756 3548 826 τὴν
3575 755 3633 807 δὲ
3664 755 3818 808 πόλιν
3847 760 4020 812 οἰκεῖν
4047 763 4253 830 ἠξίουν,

2569 835 2667 887 καὶ
2696 834 2798 903 τῆς
2823 833 2929 887 τῶν
2957 831 3132 901 λόγων
3157 837 3377 906 ἔχεσθαι
3413 839 3646 910 σπουδῆς
3664 856 3676 869 ⁶
3709 838 3851 892 οὕτω
3879 841 3992 910 γὰρ
4015 845 4113 894 καὶ
4132 846 4255 907 :06;

2568 917 2866 988 ἡλικιώτας
2887 916 3187 987 ὠφελήσειν
3206 919 3276 971 τά
3299 923 3554 990 μέγιστα,
3579 925 3672 977 καὶ
3693 922 3781 976 τὸν
3806 922 4024 991 πατέρα
4045 924 4254 993 λήσειν.

2580 1001 2905 1069 Ἀναγκαῖον
2959 1001 3015 1054 δὲ
3059 999 3218 1053 τοῦτο
3269 999 3410 1057 εἶναι
3468 1006 3737 1077 ἐνόμιζον,
3801 1005 3864 1058 o6
3908 1005 4021 1057 τῶν
4084 1007 4255 1074 ἁγίων

2571 1085 2731 1153 μόνον
2778 1086 2964 1139 ἕνεκεν
2992 1084 3235 1147 ἐκείνων,
3261 1085 3382 1139 οὐδὲ
3410 1089 3508 1157 τῆς
3544 1092 3769 1162 μητρὸς,
3806 1089 3930 1143 οὐδὲ
3964 1087 4065 1142 τοῦ
4100 1091 4256 1143 παιδ-

2573 1167 2792 1235 ιγωγοῦ
2822 1211 2833 1231 ,
2891 1168 3026 1222 ἀλλά
3076 1168 3170 1221 καὶ
3222 1168 3386 1222 αὑτοῦ
3445 1172 3538 1224 τοῦ
3591 1175 3797 1237 παιδός.
3854 1174 3943 1226 Ἐν
3976 1174 4122 1242 ἀρχῇ
4162 1174 4256 1241 μὲν

2568 1249 2678 1320 γὰρ
2709 1249 3038 1322 ἐπιθέμενον
3087 1249 3235 1320 αύτῷ
3280 1261 3303 1289 ο
3344 1251 3437 1304 τὸν
3488 1256 3719 1326 πατέρα,
3776 1257 3871 1309 καὶ
3915 1255 4258 1309 διασαλεύειν

2569 1331 2716 1392 εἰκὸς
2744 1327 2813 1400 ἦν
2840 1332 2910 1385 τὰ
2939 1334 3038 1403 τῆς
3069 1333 3386 1402 φιλοσοφίας
3431 1335 3596 1402 φυτὰ,
3644 1339 3832 1393 ἁπαλά
3877 1358 3938 1392 τε
3986 1340 4118 1392 ὄντα
4167 1340 4257 1391 καὶ

2568 1414 2692 1484 ἄρτι
2726 1413 2952 1469 τεθέντα
2973 1434 2987 1447 ·
3018 1419 3066 1471 εἰ
3097 1417 3153 1471 δέ
3182 1417 3371 1488 χρόνος
3395 1418 3690 1487 ἐγγένηται
3731 1423 3919 1486 πολὺς,
3968 1424 4067 1476 καὶ
4099 1421 4258 1493 {5:50)-

2569 1497 2690 1570 θείη
2745 1501 2952 1564 καλῶς,
2996 1504 3206 1576 σφόδρα
3241 1502 3506 1573 ἐθάρρουν
3549 1502 3632 1554 δτι
3673 1504 3775 1556 οὐκ
3814 1506 3881 1558 ἂν
3926 1507 4036 1560 οὐδ’
4081 1505 4256 1559 ὁτιοῦν

2569 1581 2792 1653 γένηται
2828 1583 3120 1655 δυνήσεται
3164 1585 3517 1659 παραϐλάψαι
3569 1584 3662 1637 τὸν
3706 1587 3823 1637 υἱὸν
3859 1591 4106 1653 ἐκεῖνος·
4140 1590 4170 1641 ὅ
4197 1590 4256 1658 δὴ

2568 1668 2662 1720 καὶ
2687 1669 2901 1737 γέγονε,
2948 1670 3044 1723 καὶ
3075 1671 3137 1722 06
3179 1671 3479 1743 διήμαρτον
3525 1669 3628 1738 τῆς
3683 1667 3922 1731 ἐλπίδος.
3976 1673 4110 1725 Ὀτε
4151 1674 4258 1742 γάρ

2568 1752 2750 1822 πατὴρ
2797 1752 2962 1805 αὑτοῦ
2999 1754 3324 1823 προσϐαλὼν
3371 1755 3596 1826 ὕστερον
3644 1751 3839 1821 χρόνου
3892 1755 4259 1822 παρελθόντος

2567 1834 2786 1900 πολλοῦ,
2829 1838 2924 1890 καὶ
2951 1837 3092 1906 μετά
3131 1839 3369 1910 σφοδρᾶς
3407 1838 3654 1899 ἐνσείσας
3695 1837 3796 1904 τῆς
3826 1834 4032 1904 ῥύμης,
4066 1839 4129 1890 06
4165 1840 4260 1907 μό-

2564 1933 2652 1968 νον
2684 1918 2784 1970 06):
2809 1919 2987 1972 ἐκλινέ
3025 1937 3079 1972 τι
3111 1921 3211 1990 τῆς
3250 1921 3559 1991 οἰκοδομῆς,
3599 1919 3734 1973 ἀλλά
3765 1919 3859 1971 καὶ
3894 1919 4257 1990 ἰσχυροτέραν

2562 1998 2816 2068 ἀπέφηνε
2835 2018 2849 2031 ο
2888 2001 2996 2054 τῶν
3034 2020 3092 2056 τε
3119 2004 3544 2073 συμφοιτῶντων
3573 2003 3600 2042 ἀ
3628 2001 3778 2072 αύτῷ
3806 2001 3990 2054 πολλοὶ
4012 2003 4256 2057 τοσαῦτα

2559 2079 2659 2148 τῆς
2694 2081 2913 2150 ὁμιλίας
2941 2082 3229 2137 ἀπώναντο
3257 2086 3359 2154 τῆς
3398 2085 3632 2151 ἐκείνου,
3667 2084 3744 2147 ὡς
3781 2082 3920 2152 πρὸς
3950 2080 4044 2132 τὸν
4090 2084 4256 2137 αὐτὸν

2561 2158 2713 2229 αύτῷ
2780 2159 2940 2230 ζῆλον
2997 2161 3194 2215 ἐλθεῖν.
3247 2165 3428 2233 Ἐχων
3477 2165 3587 2234 γάρ
3625 2164 3764 2217 οῖκοι
3818 2160 4119 2223 διαπαντὸς
4163 2163 4255 2215 τὸν

2565 2239 2921 2309 ρυθμίζοντα,
2980 2240 3232 2313 καθάπερ
3276 2241 3499 2312 ἄγαλμα
3530 2241 3771 2312 συνεχῶς
3825 2240 4104 2294 ἀπολαῦον
4153 2241 4255 2308 τῆς

2559 2317 2653 2370 τοῦ
2725 2319 2970 2387 τεχνίτου
3031 2320 3243 2393 χειρὸς,
3287 2319 3432 2374 οὕτω
3477 2321 3798 2392 προσθήκην
3854 2320 3976 2372 καθ’
4008 2320 4256 2389 ἑκάστην

2561 2396 2774 2468 ἡμέραν
2818 2397 3090 2468 ἐλάμϐανε
3136 2398 3232 2452 τοῦ
3266 2399 3409 2454 κατά
3437 2399 3617 2470 ψυχὴν
3653 2399 3907 2464 κάλλους.
3953 2400 4067 2452 Καὶ
4094 2400 4158 2451 ’.ὃ
4193 2401 4254 2469 ἰὴ

2563 2475 2894 2546 θαυμαστὸν,
2929 2477 3036 2544 ἔξω
3076 2477 3175 2548 μέν
3204 2479 3549 2549 φαινόμενος,
3585 2479 3735 2532 οὐδὲν
3761 2479 4043 2550 διαφέρειν
4074 2479 4255 2532 ἐδόκει

2562 2555 2674 2608 τῶν
2701 2555 2912 2608 πολλῶν
2937 2573 2950 2586 ·
2989 2555 3113 2609 οὔτε
3142 2556 3252 2628 γάρ
3279 2554 3411 2628 ἦθος
3443 2552 3491 2610 εἰ
3497 2575 3588 2627 χεν
3623 2559 3968 2628 ἠγριωμένον
3995 2561 4093 2611 καὶ
4122 2575 4258 2610 κατ-

2558 2635 2824 2704 εσκληκὺς
2845 2675 2861 2698 ,
2913 2633 3037 2688 οὔτε
3079 2635 3486 2708 ἐξηλλαγμένην
3555 2637 3767 2707 στολὴν,
3809 2637 3925 2690 ἀλλ’
3968 2634 4038 2708 ἦν
4075 2639 4256 2700 κοινὸς

2558 2713 2655 2766 καὶ
2679 2713 2759 2782 τῷ
2784 2715 3025 2782 σχήματι
3061 2716 3154 2767 καὶ
3185 2714 3263 2784 τῷ
3300 2715 3573 2785 βλέμματι
3606 2717 3700 2769 καὶ
3729 2719 3795 2786 τῇ
3832 2719 3982 2786 φωνῇ
4019 2716 4118 2769 καὶ
4139 2720 4256 2778 τοῖς

2555 2791 2738 2852 ἄλλοις
2765 2791 2991 2844 ἅπασιν.
3029 2793 3191 2846 Ὅθεν
3229 2795 3326 2847 καὶ
3360 2793 3590 2857 πολλοὺς
3628 2795 3738 2847 τῶν
3777 2795 4115 2864 ὁμιλούντων
4155 2797 4255 2848 06-

2555 2871 2634 2941 τῷ
2664 2872 2798 2924 εἴσω
2843 2871 2957 2926 τῶν
3009 2871 3174 2925 αὑτοῦ
3219 2872 3454 2927 δικτύων
3501 2873 3742 2943 ἠδυνήθη
3788 2875 3995 2935 λαϐεῖν,
4045 2876 4254 2944 πολλὴν

2556 2949 2706 3003 ἔνδον
2743 2949 2882 3019 ἔχων
2921 2951 3380 3022 ἐγκεκρυμμένην
3406 2953 3505 3022 τὴν
3535 2952 3876 3020 φιλοσοφίαν.
3920 2954 4078 3008 Οἴκοι
4115 2953 4176 3006 δὲ
4205 2956 4260 3007 εἰ

2556 3046 2641 3092 τις
2664 3029 2830 3082 αὑτὸν
2862 3024 3025 3092 εἶδεν,
3058 3030 3310 3099 ἐνόμισεν
3338 3030 3403 3084 ἄν
3430 3047 3552 3083 τινα
3575 3028 3844 3084 εἶναιτῶν
3876 3034 3934 3084 ἐν
3959 3036 4074 3096 τοῖς
4097 3034 4254 3103 ὄρεσι

2558 3108 2919 3178 καθημένων’
2964 3110 3059 3162 καὶ
3101 3108 3211 3179 γάρ
3264 3111 3298 3180 ὴ
3345 3109 3492 3162 οἰκία
3549 3109 3700 3180 αύτῷ
3750 3110 3888 3181 1:96;
3952 3112 4254 3182 ἀκρίεειαν

2564 3188 2928 3256 μοναστηρίου
2968 3187 3170 3251 παντὸς
3212 3188 3476 3249 διέκειτο,
3521 3189 3671 3243 οὐδὲν
3703 3189 3899 3259 ἔχουσα
3928 3189 4039 3242 τῶν
4076 3191 4255 3258 ἀναγ-

2560 3267 2732 3321 καίων
2763 3266 2945 3322 πλέον.
2989 3269 3100 3320 Καὶ
3127 3270 3156 3321 6
3184 3268 3374 3338 καιρὸς
3399 3267 3456 3320 δέ
3484 3267 3634 3336 αύτῷ
3679 3270 3822 3332 ἄπας
3855 3271 3937 3332 εἰς
3968 3270 4072 3337 τὴν
4121 3272 4257 3323 ἀνά-

2557 3361 2761 3412 γνωσιν
2801 3345 2912 3399 τῶν
2952 3346 3123 3414 ἁγίων
3150 3346 3475 3416 ἀνηλίσκετο
3509 3345 3728 3412 βιϐλίων
3774 3359 3798 3386 ο
3821 3363 3837 3374 ·
3879 3348 3976 3400 καὶ
4018 3348 4133 3415 γὰρ
4175 3348 4254 3400 ὢν

2557 3423 2686 3489 ὀξὺς
2727 3425 3029 3495 μαθήματα
3071 3424 3423 3494 προσλαϐεῖν,
3474 3428 3540 3495 τῇ
3585 3426 3684 3495 μὲν
3721 3426 3920 3492 ἔξωθεν
3958 3427 4254 3481 παιδεύσει

2559 3502 2734 3574 βραχὺ
2767 3504 2868 3573 τῆς
2894 3503 3110 3573 ἡμέρας
3142 3503 3408 3573 ἀπένειμε
3453 3503 3650 3574 μέρος,
3683 3505 3741 3557 :6
3769 3505 3826 3557 δέ
3864 3505 4054 3558 λοιπὸν
4100 3507 4255 3560 ἇπαν

2555 3583 2742 3652 εύχαῖς
2762 3583 3007 3652 συνεχέσι
3034 3581 3129 3634 καὶ
3154 3581 3381 3651 βιϐλίοις
3420 3583 3668 3636 ἀνέκειτο
3704 3584 3888 3647 θείοις,
3924 3585 4016 3636 καὶ
4062 3587 4256 3649 ἄσιτος

2559 3661 2777 3715 ἃπασαν
2798 3661 3028 3713 διετέλει
3059 3660 3159 3730 τὴν
3190 3660 3426 3731 ἡμέραν,
3455 3663 3656 3731 μᾶλλον
3688 3663 3745 3715 δὲ
3779 3664 3900 3717 ούδέ
3931 3664 4084 3732 μίαν,
4122 3665 4252 3719 οὐδὲ

2557 3741 2649 3795 δύο
2697 3741 2876 3809 μόνον,
2917 3739 3053 3794 ἀλλά
3075 3741 3169 3792 καὶ
3196 3741 3435 3804 πλείους.
3465 3741 3567 3796 Καὶ
3599 3742 3792 3806 νύκτες
3811 3743 3869 3796 δὲ
3895 3744 4045 3813 αύτῷ
4069 3745 4254 3798 ταῦτα

2562 3819 2878 3889 συνῄδεσαν,
2909 3819 3141 3889 δάκρυα,
3169 3820 3262 3872 καὶ
3295 3819 3480 3890 εύχάς,
3519 3821 3614 3875 καὶ
3658 3823 3759 3893 τὴν
3797 3822 4064 3892 τοιαύτην
4113 3825 4254 3877 ἀνά-

2559 3913 2782 3964 γνωσιν.
2814 3898 2994 3968 Ἀπερ
3013 3901 3146 3966 ἡμῖν
3172 3898 3388 3952 ᾶπαντα
3419 3899 3437 3937 ί
3463 3902 3492 3953 6
3525 3899 3643 3972 [99]
3677 3901 4023 3969 παιδαγωγὸς
4066 3902 4253 3973 λάθρα

2558 3976 2861 4046 ἀπήγγειλε
2881 3994 2896 4008 ο
2923 3978 3018 4030 καὶ
3050 3977 3159 4046 γάρ
3191 3973 3258 4047 ἦν
3290 3978 3562 4048 ἀφόρητος
3601 3982 3630 4031 6
3657 3981 3808 4041 παῖς,
3851 3981 3904 4032 ετ
3937 3999 3989 4033 τι
4032 3981 4252 4034 τούτων

2557 4056 2754 4127 ᾔσθετό
2783 4072 2913 4108 ποτε
2938 4053 3237 4125 ἐξενεχθέν.
3267 4055 3460 4123 Ἔλεγε
3487 4057 3665 4109 τοίνυν
3687 4052 3860 4121 οὗτος,
3888 4060 3971 4112 δτι
3998 4062 4098 4113 καὶ
4125 4064 4252 4130 ἰμά-

2555 4151 2670 4188 τιον
2711 4133 2861 4203 αύτῷ
2899 4133 3006 4186 ἀπὸ
3052 4133 3256 4204 τριχῶν
3300 4134 3723 4197 κατεσκεύαστο,
3775 4137 3870 4189 καὶ
3925 4137 4103 4208 τούτῳ
4143 4142 4252 4202 τὰς

2555 4212 2758 4275 νύκτας
2787 4211 3129 4281 ἐγκαθεύδοι,
3151 4213 3321 4282 σοφήν
3343 4230 3463 4265 τινα
3491 4215 3740 4284 μηχανὴν
3762 4215 3858 4267 τοῦ
3899 4218 4113 4285 ταχέως
4166 4219 4253 4284 ἐξ·

2557 4292 2876 4346 ανίστασθαι
2902 4290 3108 4362 ταύτην
3133 4290 3330 4361 εὑρών.
3347 4291 3458 4344 Καὶ
3481 4292 3550 4345 τά
3572 4293 3705 4346 ἀλλα
3731 4293 3788 4346 δὲ
3804 4294 3955 4364 αὐτῷ
3980 4297 4120 4364 πρὸς
4141 4298 4250 4366 τὴν

2559 4369 2843 4440 ἀκρίϐειαν
2882 4370 2991 4423 τῶν
3027 4370 3279 4440 μοναχῶν
3319 4372 3649 4440 ἀπήρτιστο,
3686 4373 3783 4424 καὶ
3827 4372 3920 4425 τὸν
3960 4373 4095 4426 Θεὸν
4125 4377 4250 4430 €66-

2560 4447 2688 4510 ξαζε
2713 4449 2950 4518 συνεχῶς
2985 4450 3213 4512 ἐκεῖνος,
3249 4449 3342 4501 τὸν
3380 4448 3526 4502 οὕτω
3562 4450 3743 4520 κοῦφα
3779 4451 3882 4518 τῆς
3919 4452 4250 4523 φιλοσοφίας

2557 4525 2762 4596 ταύτης
2795 4527 3018 4580 ἐνθέντα
3054 4527 3204 4596 αύτῷ
3233 4529 3300 4580 τά
3333 4529 3530 4598 πτερά.
3563 4531 3725 4583 Ὥστε
3758 4529 3912 4592 είτίς
3940 4548 4029 4601 μοι
4055 4533 4249 4603 ψυχὴν

2559 4605 2654 4658 καὶ
2701 4605 2796 4658 νῦν
2842 4605 3051 4658 ἐδείκνυ
3089 4614 3114 4652 ε
3144 4607 3424 4676 τοιαύτην,
3463 4609 3558 4662 καὶ
3606 4609 3955 4678 παιδαγωγὸν
4000 4617 4244 4682 παρεῖχε

2557 4683 2818 4747 τοιοῦτον,
2870 4683 2964 4735 καὶ
3009 4683 3081 4737 τὰ
3128 4684 3260 4738 ἀλλα
3318 4673 3496 4740 πάντα
3548 4688 3750 4757 ὁμοίως
3786 4673 4243 4762 ⁷[ἐπιμελεῖσθαί]

2560 4763 2946 4833 ἐπηγγείλατο,
2972 4764 3230 4834 μυριάκις
3259 4765 3323 4818 ἂν
3345 4766 3600 4836 ηὐξάμην
3628 4768 3786 4820 τοῦτο
3809 4767 4067 4834 γενέσθαι
4097 4771 4244 4838 μᾶλ-

2559 4841 2649 4894 λον
2680 4843 2790 4895 τῶν
2833 4843 3249 4912 γεννησαμένων
3286 4845 3485 4899 αὐτῶν.
3512 4843 3588 4899 ἾΙ
3627 4847 3734 4915 γὰρ
3761 4847 3828 4900 ἂν
3865 4850 3998 4917 ἡμῖν
4031 4851 4065 4917 ἠ
4091 4849 4246 4918 θήρα

2558 4921 2758 4974 πλείων
2805 4921 3042 4987 ἐγένετο,
3077 4923 3170 4975 καὶ
3187 4922 3275 4976 διά
3305 4924 3398 4976 τὸν
3429 4924 3562 4994 βίον,
3589 4925 3683 4978 καὶ
3719 4925 3807 4978 διὰ
3855 4925 3953 4994 τὴν
3989 4926 4239 4993 ἡλικίαν,

2558 5001 2651 5052 καὶ
2680 5000 2767 5052 διὰ
2791 5000 2889 5070 τὴν
2924 5001 3120 5071 συνεχῆ
3144 5001 3446 5073 διατριϐὴν,
3481 5004 3589 5056 τῶν
3623 5003 3881 5057 τοιούτων
3918 5003 4243 5072 δυναμένων

2555 5080 2682 5140 τοὺς
2711 5077 3005 5148 ἡλικιώτας
3031 5079 3224 5151 θηρᾷν.
3268 5082 3428 5136 Ἀλλά
3453 5083 3561 5153 γάρ
3599 5083 3775 5143 οὐδείς
3813 5083 3962 5132 ἐστιν
3992 5083 4020 5132 6
4057 5085 4243 5138 ταῦτα

2557 5157 2997 5227 ὑποστησάμενος
3023 5155 3072 5223 ιι,
3102 5159 3224 5212 ούδέ
3270 5164 3540 5232 ποιήσων·
3575 5163 3676 5212 οὐκ
3715 5159 3866 5221 ὄντος
3904 5158 3982 5221 δέ,
4029 5162 4239 5231 μυρίας

2621 5260 2649 5334 ξ)
2675 5260 2784 5334 Quo
2812 5273 2926 5308 mss.
2962 5262 3237 5334 φιλοσοφίας
3258 5264 3604 5334 ταύτης.ΑΕόῇξὶ
3639 5263 3914 5334 φιλοσοφίας

2622 5325 2643 5351 ε
2675 5324 2783 5372 Duo
2804 5335 2940 5385 Am'ss.
2971 5324 3236 5384 ἐπιθέμενον
3259 5326 3420 5379 αὐτόν,
3448 5325 3599 5385 θωπί-ι.
3625 5324 3677 5372 el
3703 5324 3875 5372 Morel.
4108 5327 4237 5376 ίιιῖη

2555 5382 2709 5446 Savjl.
2738 5383 2991 5446 ἐθάρρουν,
3017 5382 3201 5432 ὅτιούκ
3224 5387 3280 5432 ἀν
3317 5387 3416 5434 066’
3441 5383 3598 5434 ὁτιοῦν
3629 5387 3835 5446 γένηται.
3871 5382 4040 5446 Μαι-οῖ’.
4063 5389 4165 5436 οὐδ’
4190 5392 4236 5438 εἰ

2553 5461 2598 5491 τι
2622 5445 2722 5501 οὖν,
2753 5445 2880 5490 unus
2903 5445 3059 5492 codex
3086 5446 3157 5492 ὅτι
3190 5447 3245 5492 ἀν
3266 5447 3311 5504 ὃ,
3329 5465 3374 5494 τι
3395 5448 3493 5500 οὖν,
3517 5445 3648 5496 alius'
3675 5448 3747 5494 ὅτι
3765 5446 3845 5493 ἐὰν
3868 5445 4039 5496 ὁτιοῦν.

2602 5505 2642 5579 ’d
2675 5508 2825 5554 Savil.
2851 5513 2904 5553 el
2927 5520 3054 5555 unus
3074 5508 3180 5555 cod.
3209 5511 3558 5571 συμφοιτητῶν.
3586 5508 3756 5556 Morel.
3787 5513 3839 5554 el
3860 5509 3984 5557 alius
4021 5528 4236 5575 συμφι-

2553 5585 2762 5614 τωντων.

2617 5630 2636 5650 ⁸
2656 5629 2770 5696 pur:
2794 5641 2908 5696 m_s_s.
2945 5629 3247 5696 ἀναλίσκεται
3277 5631 3469 5696 βίϐλων.
3504 5629 3611 5679 Mox
3647 5628 3794 5677 iidem
3815 5631 4056 5696 ἀπένειμε,
4084 5641 4137 5684 et
4156 5636 4238 5684 sic

2555 5689 2729 5752 εαξη..
2755 5692 2803 5738 in
2833 5690 3002 5738 Morel.
3029 5701 3194 5740 autem
3221 5689 3441 5752 ἀπένεμε.

2625 5750 2644 5788 ΐ
2677 5753 2780 5799 hum
2805 5766 2916 5799 mss.
2952 5753 3231 5814 ἀνάγνωσιν.
3275 5750 3417 5813 Ἡμῖν
3460 5751 3511 5799 δὲ
3550 5751 3752 5800 ἅπαντα.
3778 5752 3927 5804 Savil.
3963 5762 4014 5802 el.
4047 5755 4230 5806 Morel.

2553 5814 2670 5876 άπερ
2692 5815 2801 5874 ἡμῖν
2821 5815 3019 5862 ἅπαντα.

2618 5872 2658 5939 σφ’
2678 5872 2827 5923 deil.
2854 5890 2932 5936 μοι
2965 5877 3119 5936 ψυχὴν
3139 5874 3220 5921 καὶ
3239 5872 3320 5939 νῦν
3349 5872 3558 5939 ἐδείκνυ,
3584 5872 3754 5923 Morel.
3781 5893 3859 5937 μοι
3882 5880 4038 5939 ψυχήν
4060 5881 4237 5933 και-τῆν

2558 5936 2754 5992 ἐδείκνυ,
2780 5932 2905 5984 ιιηιις
2932 5932 3083 5984 ρύιιέῖτ
3113 5949 3192 5997 μοι
3219 5936 3298 5980 καὶ
3321 5932 3402 5981 νῦν
3417 5937 3584 5997 ψυχήν.

2621 5999 2644 6034 ιι
2676 5999 2781 6045 Duo
2805 6013 2922 6051 mss.
2943 5996 3352 6060 61:00:117065‘105
3383 5996 3508 6046 Favi]
3553 6006 3604 6047 el.
3626 5998 3796 6047 Morel.
3817 6000 4100 6060 6007:1106],-
4117 6019 4236 6054 "20:.

2561 6059 2686 6106 ΙΠῖὲῐἸι
2708 6060 2875 6106 Murri.
2909 6065 2960 6104 οἱ
2981 6058 3106 6105 alius
3131 6058 3212 6104 τὸν
3240 6058 3370 6106 οὐῧὲν
3404 6061 3572 6120 ἑαυτῷ.
3603 6062 3751 6109 Savil.
3779 6065 3827 6108 el
3853 6061 3979 6107 alius
3998 6058 4082 6107 τὸν
4121 6066 4240 6115 σεΞᾶ

2553 6123 2705 6168 ἑαυτῶ
2757 6121 2880 6170 Infra
2902 6120 3070 6169 Ἀρι-οὶ.
3099 6120 3317 6176 ἐκόλασε.
3340 6120 3420 6170 alii
3443 6123 3677 6170 κολάσεις.
