4532 6700
419 607 451 660 ἴ
462 608 529 662 τςξ)

422 722 572 777 Hunc
611 722 926 794 pmdagogus
963 716 1286 788 sequebatur
1324 727 1567 784 semper,
1609 709 1696 767 cui
1733 721 1838 763 una
1880 717 2005 758 cura

421 821 554 878 erat,
588 824 644 869 ut
669 814 786 884 ejus
813 813 1046 868 animam
1079 808 1409 861 informaret.
1442 803 1593 858 llunc
1630 815 1730 871 ego
1757 795 2009 868 pmdago-

417 919 540 976 gum
571 905 759 962 adiens
787 903 927 976 (erat
953 901 1096 955 enim
1117 915 1182 954 ex
1210 899 1273 953 iis
1298 899 1386 967 qui
1417 899 1468 951 in
1501 893 1772 950 montibus
1798 886 2008 944 reside-

420 1001 547 1055 bant
566 999 586 1073 )
605 1041 622 1068 ,
651 1012 870 1055 causam
902 995 1143 1049 ediscere
1171 993 1402 1046 conabar
1426 1006 1524 1046 cur
1549 1003 1670 1043 cum
1700 979 2007 1052 hujusmodi

417 1064 734 1163 sapientiam
782 1086 1057 1158 professus
1099 1093 1270 1149 esset,
1309 1084 1362 1138 in
1404 1081 1815 1153 predagogorum
1845 1064 2005 1127 vitam

418 1186 654 1253 seipsqu
697 1180 1024 1236 demisisset.
1066 1177 1159 1232 llle
1191 1191 1319 1231 vero
1360 1173 1634 1244 respondit
1671 1167 1774 1225 sibi
1820 1180 2005 1237 parum

418 1274 677 1342 temporis
705 1286 987 1341 superesse
1026 1269 1078 1324 in
1119 1267 1421 1338 hujusmodi
1458 1263 1636 1319 ofticio
1664 1256 1968 1330 praismndo
1990 1294 2010 1326 ,

419 1376 472 1420 et
494 1381 608 1420 rem
626 1365 786 1419 altius
805 1364 1086 1433 repetitam
1105 1362 1374 1418 enarravit
1397 1360 1569 1414 nobis.
1591 1359 1784 1418 Puero,
1814 1353 2003 1423 inquit,

420 1456 544 1510 huic
577 1464 726 1525 pater
752 1465 836 1511 est
857 1456 1042 1523 durus,
1072 1457 1243 1521 ferox,
1277 1462 1332 1509 et
1361 1451 1542 1506 mundi
1572 1449 1732 1503 rebus
1759 1444 2004 1507 inhians;

421 1555 594 1601 mater
613 1556 788 1602 autem
815 1547 1076 1614 modesta,
1097 1557 1424 1616 temperans,
1453 1541 1617 1610 proba
1639 1549 1693 1592 et
1714 1537 1782 1591 ad
1812 1536 2003 1590 ett-lum

419 1647 623 1693 tantum
654 1639 970 1708 respiciens.
999 1639 1161 1694 Pater
1194 1637 1373 1705 itaque
1393 1675 1408 1699 ,
1441 1641 1625 1700 utpote
1649 1631 1739 1701 qui
1771 1629 1822 1683 in
1851 1629 2008 1683 bellis

417 1729 582 1783 multa
614 1728 820 1784 fortiter
844 1729 1089 1800 gesserit,
1121 1726 1288 1780 filium
1319 1725 1431 1777 vult
1458 1723 1523 1776 ad
1556 1730 1835 1791 paternum
1863 1719 2007 1771 ordi-

417 1837 538 1876 nem
573 1820 869 1886 deducere;
902 1830 1072 1874 mater
1101 1832 1231 1872 vero
1259 1816 1308 1870 id
1336 1815 1556 1869 minime
1583 1820 1764 1882 optat,
1794 1810 1886 1863 sed
1913 1809 2007 1863 ad-

416 1913 633 1968 modum
665 1913 984 1982 deprecatur
1011 1929 1022 1964 :
1056 1926 1118 1965 ac
1139 1911 1192 1966 in
1214 1908 1350 1962 votis
1372 1907 1529 1960 habet
1553 1912 1608 1959 et
1633 1903 1836 1972 expetit
1859 1903 2004 1956 illum

414 2006 467 2060 in
499 2004 881 2059 monachorum
909 2011 1051 2058 Statu
1073 2000 1351 2055 florentem
1379 1997 1579 2051 videre.
1603 1993 1801 2050 Verum
1833 1993 1883 2047 id
1912 2007 2008 2062 pa-

415 2100 481 2154 tri
509 2099 688 2154 dicere
723 2113 829 2152 non
859 2112 986 2152 ausa
1027 2105 1107 2150 est
1128 2135 1144 2161 ,
1175 2093 1340 2148 verita
1373 2108 1470 2154 ne,
1500 2090 1544 2144 si
1576 2089 1626 2143 id
1655 2088 1742 2143 ille
1767 2086 2004 2141 subodo-

413 2205 640 2259 raretur,
670 2200 987 2264 prremature
1031 2189 1179 2244 illum
1221 2185 1403 2242 smculi
1436 2183 1663 2239 vinculis
1703 2181 2000 2251 obligaret,

411 2299 571 2357 atque
609 2287 677 2342 ab
719 2286 823 2340 hoc
851 2283 1026 2338 studio
1052 2281 1338 2336 abductum
1369 2277 1436 2331 ad
1475 2276 1708 2331 balteum
1748 2272 2004 2327 transfer-

411 2389 511 2440 ret,
541 2388 596 2433 et
619 2377 685 2431 ad
715 2391 927 2430 omnem
951 2390 1068 2444 qua:
1096 2371 1219 2425 inde
1245 2369 1396 2437 sequi
1421 2367 1562 2420 solet
1585 2366 1706 2418 vita:
1729 2363 2004 2432 negligen-

412 2470 564 2534 tiam,
591 2469 660 2522 ita
676 2477 730 2522 ut
752 2476 935 2536 postea
954 2461 1228 2517 emendari
1251 2470 1301 2514 et
1323 2457 1389 2512 ad
1410 2457 1684 2512 meliorem
1711 2469 1769 2510 se
1796 2453 2000 2524 frugem

410 2563 651 2630 recipere
697 2575 804 2614 non
845 2557 1034 2628 possit.
1076 2551 1394 2624 Hujusmodi
1435 2550 1592 2622 igitur
1634 2556 1749 2602 arte
1799 2548 1998 2600 utitur:

409 2662 598 2708 evocat
625 2667 710 2706 me
737 2651 978 2713 domum,
1013 2648 1222 2717 hocque
1245 2643 1505 2714 patefacto
1535 2640 1777 2704 consilio,
1803 2653 1999 2709 appre-

409 2745 630 2800 hensam
663 2743 810 2814 pueri
838 2742 1113 2797 dexteram
1144 2737 1388 2792 manibus
1419 2734 1580 2788 tradit
1607 2733 1760 2786 meis.
1788 2732 1870 2786 Me
1891 2732 1998 2785 sci-

407 2836 638 2890 scitante
657 2849 752 2888 cur
768 2834 870 2888 hoc
888 2832 1109 2896 faceret,
1136 2844 1315 2891 unam,
1339 2827 1531 2896 inquit,
1552 2824 1693 2879 hanc
1717 2836 2001 2894 Superesse

407 2929 668 2982 rationem
696 2923 1042 2994 procuranda:
1070 2921 1180 2975 ﬁlio
1205 2919 1412 2982 salutis,
1437 2917 1482 2971 si
1505 2916 1694 2971 vellem
1725 2913 1997 2985 pwdagogi

406 3031 604 3076 statum
625 3033 904 3074 assmnens
928 3017 1020 3070 lilii
1043 3030 1228 3070 curam
1248 3027 1484 3075 sumere,
1507 3021 1562 3066 et
1585 3013 1683 3064 huc
1704 3009 1958 3065 accedere
1979 3026 1994 3063 :

407 3128 466 3167 se
493 3113 628 3181 patri
660 3125 938 3166 suasuram
969 3122 1111 3168 esse,
1143 3106 1306 3160 etiam
1339 3103 1388 3158 ei
1416 3143 1430 3170 ,
1458 3103 1548 3173 qui
1577 3103 1820 3156 militiam
1849 3101 1998 3155 adire

407 3205 562 3267 Velit,
598 3205 780 3258 utilem
810 3218 932 3258 esse
972 3203 1244 3256 literarum
1276 3196 1685 3251 institutionem.
1711 3193 1838 3247 lltec
1863 3207 1996 3261 ego,

409 3297 612 3366 inquit,
656 3297 702 3350 si
747 3294 962 3349 efficere
1008 3299 1233 3362 potuero
1255 3331 1270 3352 ,
1298 3297 1353 3342 tu
1384 3301 1626 3343 seorsum
1654 3294 1708 3339 et
1743 3285 1794 3338 in
1825 3283 1996 3337 aliena

407 3389 590 3455 domo,
620 3387 706 3442 ubi
735 3401 835 3440 nec
863 3392 1014 3454 pater
1039 3397 1138 3436 nec
1168 3379 1504 3434 familiarium
1529 3375 1790 3446 quispiam
1816 3371 1998 3427 turbas

408 3494 628 3534 movere
655 3480 848 3548 possit,
877 3487 1086 3528 summa
1115 3472 1261 3526 illum
1296 3468 1547 3523 facultate
1584 3466 1814 3519 formare
1839 3475 1996 3533 pote-

408 3573 502 3634 ris,
529 3570 798 3637 vitamque
819 3566 935 3636 ejus
962 3567 1030 3620 ita
1059 3562 1330 3624 ordinare,
1347 3559 1465 3614 acsi
1489 3558 1541 3612 in
1565 3555 1889 3612 monasterio
1905 3555 1996 3610 de-

409 3669 576 3731 geret.
605 3659 870 3714 C:eterum
892 3670 1066 3709 annue
1088 3653 1240 3717 mihi,
1259 3666 1322 3705 ac
1343 3651 1396 3704 in
1420 3658 1623 3716 partem
1645 3645 2000 3700 simulationis

410 3767 619 3808 mecum
643 3750 826 3805 venire
852 3762 919 3802 ne
945 3745 1210 3816 graveris.
1233 3742 1351 3796 Non
1385 3754 1547 3808 parva
1584 3753 1672 3792 res
1709 3738 1899 3806 agitur,
1931 3735 1999 3789 de

412 3846 503 3900 filii
526 3844 700 3898 anima
721 3849 990 3895 certamen
1015 3843 1099 3891 est
1123 3850 1185 3888 ac
1213 3833 1509 3904 periculum
1535 3848 1548 3884 :
1576 3845 1643 3884 ne
1663 3844 1886 3898 spernas
1907 3843 1997 3880 ca-

411 3937 682 3994 rissimum
707 3933 838 3987 mihi
858 3929 1100 3986 omnium
1125 3927 1534 3996 periclitantem,
1562 3922 1655 3976 sed
1678 3922 1824 3989 eripe
1847 3919 1995 3973 illttm

413 4044 443 4082 a
473 4022 868 4094 circumpositis
894 4018 1126 4087 undique
1153 4016 1383 4086 laqueis,
1410 4029 1439 4066 a
1469 4019 1810 4081 tempestate,
1835 4027 1864 4063 a
1893 4008 1996 4063 llu-

413 4119 606 4174 ctibus.
632 4115 724 4172 Siu
754 4128 880 4168 vero
907 4121 960 4166 tu
985 4111 1210 4180 gratiam
1255 4117 1516 4174 przestare
1545 4102 1802 4163 nolueris,
1833 4101 1997 4154 Deum

413 4210 520 4278 jam
550 4209 602 4262 in
633 4206 866 4260 medium
893 4200 1122 4272 ajipello.
1152 4206 1448 4264 testemque
1475 4209 1609 4248 voco
1639 4207 1724 4246 me
1745 4191 1877 4246 niltil
1903 4206 2000 4244 co-

414 4317 533 4355 rum
561 4298 828 4360 omisisse,
855 4309 972 4364 qure
993 4290 1059 4344 ad
1087 4289 1245 4357 hujus
1273 4288 1464 4339 anima:
1493 4286 1716 4338 salutem
1745 4296 2000 4336 necessa-

415 4392 494 4446 ria
518 4398 696 4453 erant,
727 4385 1084 4454 mundamque
1127 4394 1246 4434 esse
1281 4394 1309 4431 a
1339 4376 1595 4445 sanguine
1635 4373 1783 4442 pueri
1818 4372 1994 4439 httjus.

416 4481 566 4547 Quod
590 4481 633 4535 si
659 4479 786 4548 quid
817 4474 1100 4544 centigerit
1123 4472 1272 4526 illum
1301 4468 1409 4540 pati
1440 4481 1626 4521 eorum
1646 4507 1661 4529 ,
1685 4478 1803 4534 qua:
1834 4475 1998 4531 puero

416 4575 468 4628 in
501 4571 660 4626 tantis
683 4569 892 4624 deliciis
919 4576 972 4622 et
1001 4567 1054 4619 in
1079 4572 1223 4617 tanta
1251 4557 1569 4629 negligentia
1599 4556 1807 4609 vivente
1827 4594 1842 4618 ,
1869 4568 1998 4606 con-

413 4668 621 4734 tingere
642 4666 884 4730 possunt,
910 4657 1007 4712 abs
1033 4665 1085 4711 te
1111 4655 1200 4709 illa
1228 4653 1316 4707 die
1338 4650 1484 4720 pueri
1512 4648 1743 4702 animam
1770 4643 2001 4714 requiret

419 4733 579 4809 Deus.
604 4751 698 4807 His
726 4758 779 4804 et
807 4749 1046 4818 pluribus
1071 4745 1233 4799 etiam
1255 4742 1434 4796 verbis
1462 4738 1810 4809 compellans,
1841 4733 2004 4789 vehe-

417 4851 631 4900 menter
669 4854 734 4897 ac
776 4836 1156 4892 miserabiliter
1200 4833 1579 4900 illacrymans,
1612 4827 1740 4882 mihi
1787 4824 1999 4879 tandem

421 4933 718 5007 persuasit,
747 4939 806 4984 ut
834 4929 935 4983 hoc
959 4925 1228 4995 negotium
1269 4921 1632 4988 susciperem,
1661 4933 1724 4972 ac
1758 4931 1879 4970 cum
1920 4914 2004 4969 his

419 5027 686 5084 mandatis
712 5040 798 5080 me
819 5023 886 5077 ab
908 5035 967 5076 se
986 5017 1207 5074 dimisit.
1235 5014 1342 5070 Nec
1369 5028 1498 5066 vana
1525 5011 1596 5066 illi
1625 5009 1720 5065 fuit
1751 5010 1866 5064 haec
1893 5024 2006 5063 ma-

421 5122 656 5178 chinatio
683 5137 695 5171 :
731 5118 800 5172 ita
833 5114 975 5170 enim
1003 5109 1152 5166 brevi
1178 5121 1398 5176 puerum
1427 5105 1673 5174 egregius
1706 5102 1795 5155 ille
1823 5100 2004 5170 pmda-

420 5226 587 5283 gogus
609 5207 866 5273 exercuit,
895 5213 1201 5271 tantumque
1225 5199 1276 5254 in
1298 5212 1364 5252 eo
1391 5197 1564 5266 ignem
1591 5193 1842 5249 desiderii
1865 5194 2006 5248 illius

423 5305 702 5366 accendit,
740 5311 790 5354 ut
819 5307 1008 5354 cuncta
1045 5294 1201 5350 simul
1229 5291 1497 5361 abjiceret,
1533 5296 1691 5357 atque
1731 5287 1787 5341 in
1821 5286 2004 5341 deser-

423 5408 534 5451 tum
560 5399 874 5467 aufugeret,
907 5391 1118 5460 alioque
1146 5400 1332 5442 rursus
1361 5382 1620 5453 indigeret
1655 5382 1834 5444 freno,
1866 5378 2006 5450 quod

424 5488 575 5542 illum
607 5503 638 5542 a
665 5482 1063 5542 vehementiore
1082 5479 1172 5533 illa
1196 5476 1577 5534 exercitatione
1599 5471 1665 5526 ad
1683 5470 2006 5525 moderatio-

426 5593 538 5634 rem
558 5579 878 5633 traduceret.
894 5573 1128 5640 Namque
1147 5567 1487 5623 mctuendum
1509 5573 1645 5629 erat,
1664 5578 1732 5617 ne
1750 5571 1896 5615 tanto
1917 5561 2010 5615 illo

427 5670 606 5726 studio
627 5682 751 5724 ante
776 5679 984 5737 tempus
1008 5665 1192 5718 drama
1224 5669 1389 5713 tottnn
1421 5659 1699 5718 revelaret,
1731 5664 1785 5709 et
1813 5655 1967 5709 utatri
1991 5693 2007 5720 ,

429 5760 717 5832 paedagogo
745 5769 906 5826 atque
928 5755 1175 5811 omnibus
1194 5751 1388 5819 ubique
1409 5749 1682 5802 monui-his
1701 5747 1892 5802 bellum
1916 5762 2008 5798 ex-

429 5853 617 5907 citaret
662 5848 1055 5917 gravissimum.
1100 5845 1229 5900 Nam
1271 5844 1315 5897 si
1362 5851 1512 5912 pater
1562 5840 1704 5894 illam
1757 5839 2014 5893 sensisset

430 5947 632 6014 fugam,
661 5955 949 6016 numquam
978 5939 1270 5994 destitisset
1311 5935 1488 5988 omnia
1520 5947 1764 5994 movere,
1801 5940 1859 5985 ut
1887 5946 2012 5984 san-

429 6045 544 6090 ctos
570 6034 686 6090 ilios
709 6030 1021 6100 expelleret,
1058 6045 1163 6084 non
1188 6043 1280 6085 eos
1309 6037 1511 6083 tantum
1531 6067 1546 6093 ,
1579 6023 1667 6096 qui
1693 6021 1857 6078 lilium
1887 6037 2010 6077 sus-

1174 596 1536 657 ADVERSUS
1572 585 2118 652 Ol’l’UGNATOBES
2159 587 2342 643 VlT/E
2381 588 2678 646 MONAST.
2721 591 2848 647 LIB.
2891 591 2978 650 lli.

3597 601 3704 660 $70

2117 710 2407 770 ceperant,
2455 703 2548 760 sed
2590 705 2726 760 alios
2765 707 2925 762 etiam
2963 722 3174 763 omnes.
3205 707 3356 766 nunc
3403 712 3562 784 igitur
3603 732 3702 784 ego

2116 809 2338 863 puerum
2354 809 2650 862 assumens,
2671 800 2786 854 haec
2809 807 2861 854 et
2887 799 3037 869 plura
3058 801 3328 872 loquutus,
3355 803 3703 876 philosOphim

2116 884 2272 955 hujus
2297 886 2618 943 desiderium
2662 891 2714 944 in
2754 904 2822 944 eo
2861 906 3076 947 manere
3114 894 3331 964 permisi
3354 936 3370 960 ,
3399 894 3508 950 imo
3536 901 3703 968 magis

2117 976 2309 1031 adanxi
2334 1019 2350 1044 ,
2385 977 2436 1031 in
2465 979 2596 1034 urbe
2629 993 2809 1035 autem
2839 981 3077 1038 habitare
3106 985 3358 1054 rogabant
3381 1027 3395 1051 ,
3423 1000 3485 1040 ac
3515 987 3703 1043 litera-

2113 1081 2232 1122 rum
2255 1067 2446 1121 studiis
2469 1069 2667 1126 hzerere
2691 1089 2705 1126 :
2735 1073 2805 1126 ita
2827 1073 2971 1128 enim
2993 1084 3048 1128 et
3071 1078 3364 1146 aequalibus
3388 1077 3504 1134 suis
3531 1081 3703 1135 maxi-

2115 1173 2201 1212 me
2229 1158 2585 1227 profuturum,
2627 1173 2679 1217 et
2719 1179 2833 1218 rem
2878 1165 3016 1234 patri
3061 1167 3292 1236 ignotam
3324 1167 3457 1223 fore.
3491 1167 3549 1224 Id
3576 1186 3705 1225 vero

2113 1251 2476 1307 necessarium
2507 1269 2624 1309 esse
2654 1257 2901 1325 putabam
2928 1299 2944 1324 ,
2977 1273 3082 1312 non
3113 1261 3272 1315 modo
3301 1271 3608 1318 sanctorum
3639 1265 3704 1319 il-

2113 1340 2286 1398 lorum
2313 1357 2498 1407 causa,
2533 1360 2637 1400 non
2662 1349 2867 1414 matris,
2895 1363 3003 1402 non
3035 1349 3306 1420 ptedagogi
3337 1362 3541 1407 tantum
3565 1395 3580 1421 ,
3605 1355 3701 1410 sed

2114 1433 2252 1488 illius
2275 1437 2438 1489 etiam
2463 1438 2630 1504 pueri.
2653 1438 2706 1493 Si
2734 1440 2876 1495 enim
2905 1440 3058 1495 initio
3087 1442 3368 1498 institisset
3405 1457 3576 1513 pater,
3603 1463 3700 1516 pe-

2114 1526 2335 1580 riculum
2377 1535 2498 1582 erat
2535 1542 2600 1581 ne
2632 1527 2985 1599 philosophiae
3011 1533 3224 1602 plantas
3252 1546 3594 1603 concuteret,
3626 1548 3704 1593 te-

2112 1630 2267 1670 neras
2311 1632 2524 1686 nempe,
2573 1633 2636 1672 ac
2682 1636 2851 1688 nuper
2898 1625 3120 1691 positas.
3166 1624 3259 1680 Sin
3300 1641 3429 1681 vero
3474 1629 3701 1684 multum

2115 1709 2367 1775 temporis
2399 1708 2732 1777 procederet,
2757 1722 2810 1766 et
2836 1715 3043 1769 radices
3077 1715 3240 1784 probe
3267 1717 3522 1782 mitteret,
3544 1723 3702 1777 valde

2111 1799 2464 1864 conlidebam,
2495 1800 2747 1869 quidquid
2777 1803 2989 1857 tandem
3017 1806 3372 1876 contingeret.
3404 1826 3696 1880 numquam

2113 1886 2342 1943 futurum
2387 1899 2444 1945 ut
2484 1899 2638 1961 pater
2678 1891 2842 1947 lilium
2885 1903 3064 1963 posset
3094 1896 3325 1952 lmdere:
3353 1898 3496 1967 quod
3539 1901 3701 1956 etiam

2111 1981 2326 2046 evenit,
2378 1997 2479 2036 nec
2521 1999 2608 2037 me
2653 1998 2778 2053 spes
2819 1999 2936 2040 mea
2968 1983 3174 2042 fefellit.
3206 1985 3342 2043 Cum
3379 1990 3522 2045 enim
3552 2001 3704 2061 pater

2111 2071 2224 2140 ejus
2256 2073 2598 2141 p05tmodum
2628 2075 2797 2129 multo
2823 2077 3008 2146 elapso
3035 2087 3275 2148 tempore
3301 2079 3446 2134 illum
3477 2084 3702 2138 adorsus

2109 2176 2302 2229 magno
2345 2179 2466 2217 cum
2515 2163 2718 2234 impetu
2765 2165 3026 2230 irrueret,
3075 2182 3179 2221 non
3217 2169 3378 2224 modo
3412 2172 3698 2226 editicium

2111 2255 2414 2310 nullatenus
2442 2267 2629 2312 nutare
2657 2257 2782 2312 fecit
2806 2301 2822 2324 ,
2864 2259 2958 2313 sed
2999 2259 3128 2315 illud
3163 2259 3372 2315 firmius
3400 2276 3523 2317 esse
3549 2279 3703 2317 mon-

2109 2346 2315 2402 stravit.
2345 2346 2845 2418 Condiscipulorttm
2872 2361 3052 2406 autem
3082 2353 3293 2420 plurimi
3313 2369 3378 2407 ex
3402 2353 3543 2408 illius
3567 2369 3700 2410 con-

2109 2437 2273 2490 sortio
2298 2447 2500 2492 tantum
2525 2438 2890 2508 profecerunt,
2914 2450 2972 2494 ut
2995 2440 3236 2509 ejusdem
3261 2443 3483 2496 instituti
3507 2443 3702 2501 ﬁerent

2108 2529 2306 2581 mmuli.
2355 2528 2488 2583 Cum
2538 2530 2679 2584 enim
2730 2530 2818 2585 ille
2859 2545 3077 2601 semper
3115 2531 3260 2586 domi
3306 2534 3700 2592 moderatorem

2107 2616 2348 2683 haberet,
2394 2634 2492 2673 ceu
2520 2629 2695 2674 statua
2722 2621 2924 2691 jugiter
2963 2637 3119 2675 tnantt
3164 2621 3386 2676 artificis
3430 2624 3701 2693 expolita,

2104 2728 2181 2769 Sic
2210 2715 2446 2786 quotidie
2473 2717 2666 2770 animm
2698 2716 3108 2784 pulchritudinis
3142 2717 3537 2772 incrementum
3564 2722 3704 2774 acci-

2106 2807 2301 2875 piebat.
2335 2806 2401 2859 Et
2428 2806 2569 2875 quod
2595 2806 2890 2860 mirabilius
2919 2814 3023 2871 est,
3050 2822 3172 2860 cum
3206 2808 3333 2861 foris
3359 2809 3699 2874 versabatur,

2107 2895 2239 2950 nihil
2260 2895 2476 2951 dill‘erre
2507 2896 2792 2951 videbatur
2817 2913 2847 2951 a
2869 2897 3081 2952 caeteris
3110 2915 3126 2953 :
3159 2913 3262 2952 non
3301 2899 3445 2954 enim
3485 2903 3700 2957 rusticis

2104 2997 2157 3042 et
2186 2987 2474 3054 incomptis
2503 2988 2744 3041 moribus
2764 3029 2779 3054 ,
2813 3002 2919 3042 non
2951 2997 3103 3043 veste
3133 2988 3388 3058 singulari
3417 2997 3569 3056 erat,
3602 2990 3698 3046 sed

2101 3078 2294 3132 similis
2322 3078 2442 3134 aliis
2467 3077 2654 3133 habitu
2676 3120 2691 3142 ,
2726 3087 2944 3148 aspectu
2965 3119 2981 3144 ,
3015 3094 3149 3133 voce
3173 3120 3188 3142 .
3216 3081 3532 3151 czeterisque
3560 3091 3698 3139 erat.

2104 3171 2463 3238 Quamobrem
2491 3184 2554 3223 ex
2583 3171 2686 3225 sibi
2719 3169 3071 3225 familiaribus
3104 3171 3362 3240 plurimos
3389 3172 3576 3228 iisdem
3608 3189 3698 3229 re-

2106 3262 2248 3318 tibus
2289 3265 2464 3335 cepit,
2498 3263 2718 3318 multam
2767 3265 3044 3319 occultans
3091 3264 3408 3319 intrinsecus
3457 3265 3698 3336 philoso-

2105 3354 2302 3424 phiam.
2332 3354 2480 3408 Domi
2511 3370 2634 3409 vero
2664 3355 2708 3408 si
2729 3355 2846 3423 quis
2874 3354 3021 3407 illum
3051 3354 3290 3416 vidisset,
3319 3363 3556 3424 putasset
3576 3371 3699 3412 esse

2101 3445 2384 3518 quemdam
2413 3460 2478 3500 ex
2511 3447 2594 3511 iis,
2617 3445 2705 3514 qui
2734 3444 2785 3499 in
2816 3445 3089 3498 montibus
3116 3445 3274 3499 sedes
3304 3445 3698 3502 haberent:si-

2102 3537 2316 3607 quidem
2345 3537 2537 3591 domus
2562 3539 2679 3606 ejus
2705 3535 2771 3590 ad
2803 3537 3113 3590 monasterii
3144 3552 3384 3590 normam
3413 3538 3700 3592 ordinaba-

2107 3637 2213 3691 tur,
2233 3626 2320 3680 ttbi
2341 3635 2535 3696 prmter
2548 3626 2853 3680 necessaria
2873 3625 3002 3679 nihil
3027 3624 3232 3679 aderat.
3259 3626 3492 3696 Tempus
3512 3623 3694 3681 autem

2104 3733 2265 3773 omne
2295 3718 2522 3774 lectione
2552 3725 2857 3771 sanctorum
2887 3716 3146 3771 librorum
3181 3717 3526 3786 transigebat.
3558 3716 3693 3772 Cum

2103 3809 2245 3865 enim
2270 3809 2380 3865 acri
2412 3808 2478 3863 ad
2503 3809 2813 3880 disciplinas
2840 3808 3057 3878 ingenio
3081 3815 3261 3875 esset,
3293 3817 3533 3864 externa:
3572 3826 3696 3865 eru-

2101 3901 2288 3956 ditioni
2340 3901 2605 3955 modicam
2650 3899 2754 3954 diei
2798 3910 3003 3968 partem
3051 3899 3385 3966 insumebat,
3431 3901 3695 3972 reliquum

2101 4008 2230 4047 vero
2258 3992 2513 4061 temporis
2535 3990 2788 4060 precibus
2819 3989 3187 4060 frequentibus
3216 3991 3474 4061 librisque
3498 3992 3696 4048 divinis

2103 4083 2426 4152 deputabat,
2465 4095 2529 4135 ac
2565 4081 2681 4134 sine
2716 4079 2839 4134 cibo
2877 4089 2986 4132 tota
3024 4081 3404 4148 perseverabat
3431 4080 3554 4145 die;
3588 4083 3696 4136 imo

2106 4189 2205 4228 nec
2245 4189 2347 4226 una
2396 4181 2598 4225 tantum
2643 4169 2762 4234 die,
2809 4184 2986 4236 neque
3023 4168 3264 4237 duabus,
3294 4169 3388 4224 sed
3435 4171 3692 4240 pluribus.

2103 4264 2300 4319 Noctes
2329 4277 2488 4332 porro
2519 4262 2592 4315 illi
2617 4261 2808 4315 horum
2834 4261 3065 4315 conscia:
3094 4269 3249 4316 erant
3267 4301 3281 4324 ,
3313 4260 3695 4334 lacrymarum,

2105 4369 2322 4424 precum
2369 4352 2784 4421 hujusmodique
2823 4351 3070 4405 lectionis
3111 4367 3125 4404 :
3159 4366 3279 4421 qua:
3317 4353 3496 4406 omnia
3542 4355 3697 4410 nobis

2104 4443 2421 4514 paztlagogus
2464 4443 2598 4495 clam
2663 4443 3052 4495 annuntiabat:
3087 4456 3220 4510 puer
3263 4442 3404 4495 enim
3454 4442 3698 4513 indigna-

2104 4536 2259 4590 batur
2285 4533 2650 4598 vehementer,
2680 4532 2726 4585 si
2755 4531 2880 4602 quid
2908 4532 3208 4601 hojusrnodi
3230 4532 3408 4587 ell'erri
3433 4547 3696 4606 cognoce-

2104 4639 2207 4683 ret.
2238 4627 2454 4681 Dicebat
2477 4640 2606 4694 ergo
2633 4626 2804 4694 ipsum
2832 4624 2932 4679 sibi
2960 4624 3190 4678 cilicium
3227 4625 3278 4678 in
3308 4636 3510 4680 vestem
3539 4643 3696 4697 para-

2106 4723 2282 4789 visse,
2325 4721 2519 4791 illaque
2562 4735 2655 4789 per
2696 4732 2905 4773 noctem
2950 4719 3075 4773 dum
3118 4719 3377 4773 dormiret
3422 4719 3599 4785 indui,
3631 4735 3698 4774 eo

2107 4814 2312 4870 scilicet
2351 4812 2574 4868 consilio
2597 4852 2611 4875 ,
2655 4821 2713 4866 ut
2741 4811 2895 4865 citius
2925 4826 3211 4880 exs-argere
3244 4819 3428 4882 posset
3456 4829 3470 4863 :
3499 4812 3550 4864 in
3578 4813 3699 4868 aliis

2109 4921 2323 4977 quoque
2370 4906 2541 4973 ipsum
2594 4900 2978 4956 monachorum
3029 4900 3364 4955 disc‘nlinant
3415 4900 3700 4972 diligenter

2109 5012 2344 5061 servare,
2373 4995 2570 5062 Deique
2597 4992 2905 5063 frequenter
2925 4991 3109 5046 lamles
3130 4992 3455 5062 persolvere,
3479 4995 3568 5064 qui
3596 4993 3699 5048 sibi

2111 5098 2216 5143 tam
2262 5088 2402 5141 leves
2443 5084 2796 5154 philosophitn
2841 5099 3042 5154 pennas
3090 5082 3389 5137 indidissm.
3433 5083 3614 5155 itaque
3653 5085 3698 5138 si

2110 5184 2230 5254 quis
2255 5181 2382 5236 mihi
2415 5196 2558 5235 nunc
2584 5181 2820 5234 animum
2860 5179 2928 5233 ita
2961 5190 3326 5248 comparatum
3357 5178 3697 5240 ostenderet,

2113 5277 2562 5350 pmd.igogtttuqtic
2587 5273 2814 5328 similem
2846 5272 3137 5342 praeberet,
3170 5271 3380 5340 aliaque
3419 5271 3596 5323 onmia
3622 5270 3700 5320 si-

2113 5375 2312 5428 militer
2337 5386 2397 5426 se
2428 5370 2768 5440 polliceretur
2792 5375 3117 5427 curaturum,
3142 5363 3337 5416 tnillies
3361 5372 3602 5432 optarent
3631 5361 3700 5416 ita

2117 5467 2254 5532 ficti,
2284 5466 2442 5535 idque
2471 5463 2659 5531 magis,
2690 5475 2848 5531 quam
2876 5458 2973 5527 ipsi
3004 5466 3271 5528 parentes.
3294 5455 3381 5510 Sic
3411 5455 3553 5508 enim
3581 5468 3704 5524 pro-

2119 5560 2254 5616 fecto
2298 5557 2466 5625 majus
2510 5555 2714 5608 lucrum
2759 5549 3074 5614 accederet,
3125 5564 3244 5604 cum
3292 5556 3511 5617 pos>ent
3555 5544 3703 5616 pucn'

2121 5648 2420 5720 hujusmodi
2443 5688 2457 5709 .
2510 5661 2602 5715 per
2646 5645 2768 5698 vita:
2816 5644 3110 5708 rationem,
3144 5655 3240 5710 per
3269 5648 3481 5694 nitatem
3518 5653 3579 5691 ae
3608 5651 3703 5706 per

2121 5743 2240 5812 iuge
2269 5742 2598 5794 consortium
2631 5737 2863 5808 aequales
2890 5750 3018 5789 suos
3043 5735 3306 5787 inescare.
3334 5733 3404 5786 At
3428 5729 3604 5783 nullus
3621 5742 3707 5784 est

2121 5836 2209 5905 qui
2232 5848 2291 5887 se
2318 5833 2386 5885 ita
2419 5830 2680 5886 facturum
2703 5828 3036 5900 polliceatur.
3063 5825 3196 5881 Cum
3234 5839 3362 5878 vero
3393 5821 3569 5875 nullus
3598 5820 3705 5885 sit,

2122 5915 2346 5979 Summae
2364 5921 2695 5976 crudelitatis
2719 5928 2862 5974 esset
2889 5933 3009 5973 eum
3033 5961 3047 5982 ,
3091 5919 3178 5990 qui
3222 5934 3285 5970 ne
3323 5912 3558 5982 seipsunt
3588 5913 3708 5983 qui-

2129 6017 2249 6072 dem
2277 6013 2566 6070 defettderc
2590 6013 2778 6084 possit,
2801 6010 2894 6068 sed
2916 6011 3090 6082 jaceat
3117 6007 3409 6065 innumeris
3431 6008 3710 6062 confossus
