4532 6720
832 553 929 607 371

833 663 1180 727 vulneribus,
1230 662 1467 731 aliosque
1519 659 1839 713 inﬁrmiores
1881 654 2102 717 reddat,
2151 654 2201 706 in
2237 650 2412 705 medio

832 753 1039 809 concidi
1072 751 1399 821 permittere,
1432 762 1553 803 cum
1575 755 1845 819 oporteret
1870 760 1994 797 eum
2019 760 2047 797 e
2072 756 2243 812 pugna
2265 755 2411 791 sum-

831 858 1069 898 movere.
1096 841 1337 911 Namque
1370 840 1614 894 similiter
1641 838 1750 892 dux
1791 834 2088 905 puniendus
2126 839 2294 895 esset,
2324 828 2414 897 qui

834 948 1067 1003 pugnare
1098 932 1336 986 valentes
1362 930 1559 984 miiites
1579 944 1644 982 ex
1672 926 1853 997 praslio
1878 925 2187 986 abduceret,
2207 922 2415 974 saucios

832 1036 1007 1078 autem
1034 1036 1086 1079 et
1118 1033 1432 1093 prostratos,
1463 1022 1552 1090 qni
1578 1020 1699 1074 aliis
1728 1017 2111 1087 impedimento
2136 1022 2335 1076 essent,
2361 1012 2413 1065 in

831 1115 1010 1168 medio
1035 1129 1245 1184 semper
1264 1112 1440 1181 jacere
1465 1110 1695 1180 juberet.

906 1208 992 1262 15.
1039 1206 1229 1257 Verum
1268 1203 1390 1273 qttia
1430 1212 1706 1272 parentum
1753 1197 1963 1268 plurimi
2012 1197 2247 1258 instant,
2282 1193 2415 1245 libe-

837 1312 1030 1366 rosque
1055 1310 1181 1349 suos
1212 1296 1264 1349 in
1292 1296 1462 1349 literis
1490 1296 1651 1347 vitam
1681 1308 1838 1358 agere
1866 1291 2085 1359 cupiunt
2111 1330 2125 1353 ,
2156 1302 2217 1339 ac
2246 1286 2288 1338 si
2320 1300 2415 1353 pro

839 1397 988 1441 certo
1015 1386 1248 1439 habeant
1274 1387 1417 1455 ipsos
1446 1383 1510 1437 ad
1543 1385 1751 1438 culmen
1783 1380 2097 1448 eloquentiae
2128 1384 2413 1445 perventu-

833 1494 925 1533 ros
961 1496 975 1533 :
1003 1477 1102 1530 hac
1133 1477 1347 1547 quidem
1377 1476 1444 1529 de
1481 1490 1541 1528 re
1582 1488 1648 1526 ne
1681 1470 2064 1524 contendamus
2086 1508 2101 1532 ,
2133 1482 2235 1520 neu
2263 1466 2412 1519 dica-

832 1585 951 1623 mus
980 1569 1151 1637 ipsnm
1182 1586 1210 1618 a
1253 1581 1415 1635 scopo
1455 1566 1864 1623 aberraturum;
1916 1561 2009 1615 sed
2055 1558 2415 1613 concedamus

831 1675 953 1713 eum
992 1657 1149 1711 studii
1196 1657 1275 1710 sui
1309 1656 1540 1712 fructum
1580 1652 1882 1724 lmjusmodi
1921 1661 2372 1719 conscqnuturum
2396 1690 2411 1712 ,

830 1758 887 1804 et
913 1747 980 1801 ad
1010 1748 1219 1801 culmen
1248 1757 1532 1801 venturum
1555 1761 1695 1801 esse.
1714 1745 1795 1799 Sit
1812 1754 1988 1797 autem
2014 1740 2167 1795 nobis
2193 1742 2415 1793 duarum

830 1854 1013 1895 rerum
1043 1838 1188 1908 optio
1215 1855 1231 1902 ;
1259 1838 1346 1892 vel
1375 1839 1440 1891 ad
1464 1836 1855 1905 ludimagistros
1880 1833 2220 1903 proﬁciscens
2240 1829 2419 1882 erudi-

829 1932 1029 1985 tionem
1081 1930 1289 1999 assequi
1338 1928 1660 1990 contendat,
1712 1925 1795 1978 vel
1840 1922 2182 1976 solitudinem
2230 1929 2417 1989 petens

829 2021 1022 2074 animm
1048 2020 1369 2089 prospiciat;
1398 2027 1519 2071 utro
1546 2017 1598 2069 in
1630 2015 1807 2069 studio
1849 2028 1962 2067 rem
2006 2012 2247 2065 obtinere
2276 2024 2415 2077 pra:-

828 2112 976 2164 stat?
1006 2110 1135 2163 Nam
1176 2110 1220 2163 si
1263 2112 1315 2163 in
1364 2119 1589 2177 utroque
1625 2108 1927 2175 contingat,
1977 2102 2028 2156 id
2067 2116 2167 2171 ego
2204 2116 2417 2171 quoque

830 2201 990 2265 volo;
1020 2200 1101 2253 sin
1130 2200 1443 2251 alterutrum
1472 2194 1869 2263 relinquendum
1891 2193 1999 2259 sit,
2027 2191 2170 2261 quod
2199 2201 2416 2259 prmsta-

829 2291 988 2347 bilius
1008 2291 1306 2359 eligendum
1329 2297 1429 2342 est.
1456 2289 1623 2341 Etiam
1651 2328 1666 2351 ,
1691 2286 1975 2355 inquiunt,
2004 2282 2100 2337 sed
2122 2285 2225 2337 hoc
2246 2283 2414 2351 ipsum

826 2380 968 2435 unde
994 2380 1146 2432 nobis
1179 2389 1428 2432 constare
1458 2376 1689 2445 poterit,
1723 2391 1845 2429 eum
1874 2382 2338 2443 perseveraturum
2364 2385 2418 2426 et

827 2487 1135 2526 mansurum
1161 2511 1176 2535 ,
1208 2484 1306 2523 nec
1335 2469 1605 2538 lapsurum
1633 2466 1796 2521 esse?
1825 2464 1977 2518 multi
2008 2478 2237 2533 namque
2269 2461 2417 2515 deci-

836 2565 1049 2619 derunt.
1076 2564 1143 2617 At
1163 2561 1303 2616 unde
1327 2571 1575 2614 constare
1604 2566 1779 2627 potest
1806 2557 1947 2625 ipsos
1974 2570 2077 2607 non
2111 2567 2419 2623 persevera-

837 2668 983 2711 turos
1011 2665 1065 2709 et
1094 2667 1375 2708 mansuros
1400 2650 1562 2706 esse?
1594 2649 1739 2705 Multi
1769 2662 1998 2717 namque
2028 2652 2373 2715 perseverant
2396 2683 2412 2708 ,

826 2757 881 2801 et
920 2745 1133 2814 quidem
1175 2744 1351 2812 plures
1396 2742 1461 2795 iis
1487 2782 1502 2806 ,
1536 2740 1627 2811 qui
1668 2738 1962 2794 decidunt:
2010 2738 2080 2789 ita
2126 2747 2181 2788 ut
2226 2734 2413 2787 horum

828 2849 989 2889 causa
1021 2832 1189 2901 magis
1218 2829 1591 2886 confidendum
1620 2831 1726 2893 sit,
1767 2842 1925 2896 quam
1971 2827 2182 2881 illorum
2228 2824 2419 2877 timcn-

824 2924 974 2978 dum.
1005 2922 1114 2977 Cur
1138 2929 1314 2974 autem
1344 2935 1446 2973 non
1476 2919 1703 2987 idipsum
1740 2917 1881 2971 circa
1925 2916 2197 2968 literarum
2242 2912 2414 2965 studia

829 3014 1063 3077 metuis,
1107 3012 1195 3065 ubi
1238 3010 1464 3065 maxime
1504 3007 1798 3062 timendum
1832 3005 1951 3060 est?
1993 3004 2231 3072 Namque
2276 3001 2416 3072 apud

834 3102 1127 3158 monachos
1166 3101 1381 3170 quidem
1435 3114 1500 3153 ex
1545 3097 1723 3151 multis
1771 3096 1924 3165 pauci
1969 3094 2099 3164 lapsi
2143 3103 2307 3157 sunt,
2363 3092 2417 3146 in

834 3197 1033 3250 scholis
1088 3202 1265 3247 autem
1315 3191 1609 3245 liberalium
1658 3190 2059 3256 disciplinarum
2116 3203 2180 3240 ex
2237 3185 2420 3239 multis

831 3286 982 3355 panei
1016 3284 1255 3354 peritiam
1279 3289 1656 3349 assequuntur.
1687 3278 1871 3347 Neque
1903 3278 2023 3331 inde
2052 3287 2252 3330 tantum
2282 3321 2298 3335 ,
2322 3275 2418 3330 sed

828 3378 987 3429 etiam
1017 3374 1199 3427 multis
1227 3372 1343 3425 aliis
1364 3371 1431 3425 de
1457 3371 1634 3426 causis
1658 3370 1712 3423 in
1740 3369 1839 3422 hac
1868 3378 2018 3437 parte
2040 3368 2204 3435 magis
2228 3368 2421 3420 timen-

829 3466 959 3521 dum
995 3473 1097 3519 est.
1135 3463 1405 3531 Siquidem
1450 3472 1505 3515 et
1542 3461 1689 3529 pueri
1734 3460 1985 3512 obtusum
2022 3458 2333 3525 ingenium,
2365 3464 2420 3510 et

833 3555 1208 3625 magistrorum
1231 3550 1491 3621 imperitia
1511 3592 1527 3615 ,
1567 3559 1620 3603 et
1654 3549 2057 3618 pardagogorum
2077 3545 2418 3614 negligentia,

829 3655 889 3702 et
918 3645 1082 3716 patris
1110 3645 1332 3709 incuria,
1356 3658 1419 3697 ac
1439 3654 1745 3711 sumptuum
1770 3639 2135 3709 mercedisque
2156 3638 2418 3700 defectus,

831 3748 889 3794 et
910 3752 1115 3791 morum
1138 3733 1514 3788 dissimilitudo
1532 3774 1546 3797 ,
1572 3742 1625 3787 et
1647 3730 2133 3797 condiscipulorum
2157 3730 2416 3798 nequitia,

830 3837 891 3884 et
927 3828 1063 3883 livor
1102 3826 1435 3892 invidiaque,
1474 3824 1683 3894 aliaque
1723 3823 1946 3892 plurima
1986 3822 2054 3875 ab
2090 3820 2421 3889 assequendo

835 3918 944 3973 ﬁne
970 3916 1270 3973 deturbant.
1303 3914 1485 3984 Neque
1517 3915 1630 3967 Ιιωιτ
1670 3922 1869 3967 tantum
1896 3954 1909 3975 ,
1953 3912 2046 3966 sed
2087 3920 2209 3982 post
2248 3911 2419 3980 ipsum

832 4012 996 4067 etiam
1023 4010 1312 4063 studiorum
1341 4007 1498 4062 linem
1542 4007 1643 4060 alia
1685 4017 1739 4059 et
1768 4006 1919 4076 plura
1953 4004 2167 4075 quidem
2198 4004 2423 4073 impedi-

836 4111 1014 4156 menta
1045 4110 1350 4153 occurrunt.
1396 4097 1681 4166 Postquam
1707 4097 1851 4151 enim
1881 4094 2144 4163 superatis
2174 4092 2423 4146 omnibus

836 4191 1160 4259 clapsusque
1187 4187 1425 4241 obicibus
1449 4186 1515 4239 ad
1540 4186 1713 4255 ipsum
1736 4184 2046 4238 eruditionis
2068 4184 2277 4236 culmen
2305 4196 2423 4249 per-

834 4283 1083 4347 venerit,
1125 4280 1243 4333 alia:
1281 4293 1492 4333 rursum
1532 4276 1735 4332 insidia:
1771 4288 1893 4329 sunt
1933 4275 2137 4344 posit:e.
2180 4274 2417 4343 Namque

838 4373 1091 4444 principis
1121 4371 1299 4425 odium
1326 4411 1340 4434 ,
1371 4368 1699 4423 consertinm
1731 4366 1928 4419 invidia
1954 4407 1969 4430 ,
1998 4375 2295 4433 temporum
2323 4364 2423 4418 dif-

838 4465 1048 4520 ﬁcultas
1069 4504 1084 4529 ,
1113 4462 1405 4515 amicorum
1434 4459 1609 4530 inopia
1634 4500 1649 4522 ,
1680 4468 1965 4529 paupertas
1989 4499 2004 4523 ,
2050 4460 2116 4509 ah
2164 4456 2278 4525 ipso
2318 4457 2423 4509 ﬁne

837 4568 1211 4625 smpcnutnero
1240 4551 1548 4606 excludunt.
1586 4549 1745 4617 Atqui
1784 4548 1921 4617 apud
1966 4547 2255 4601 monachos
2293 4546 2422 4599 nihil

838 4646 1017 4701 simile
1041 4662 1054 4706 ;
1082 4643 1175 4697 sed
1206 4657 1311 4696 una
1343 4649 1545 4694 tantum
1589 4654 1647 4692 re
1688 4652 1823 4706 opus
1858 4647 1939 4690 est
1964 4678 1978 4701 ,
2022 4638 2181 4691 nobili
2222 4638 2420 4691 scilicet

842 4746 1002 4805 atque
1028 4733 1221 4789 eximia
1251 4731 1525 4785 alacritate
1549 4745 1562 4793 ;
1595 4743 1713 4797 qua:
1740 4727 1784 4780 si
1810 4724 2075 4787 adfuerit,
2100 4726 2230 4779 nihil
2261 4728 2427 4795 impe-

852 4829 930 4882 dit
960 4826 1244 4896 quominus
1274 4822 1337 4876 ad
1372 4822 1528 4875 ﬁnem
1561 4818 1770 4872 virtutis
1799 4816 2153 4883 perveniatur.

920 4917 1083 4981 Quam
1118 4913 1449 4983 praestabilior
1486 4911 1583 4962 vita
1626 4908 1986 4961 monac/torum
2028 4910 2129 4959 vita
2168 4907 2422 4961 strettlart'.

844 5040 913 5051 -—
939 5004 1216 5074 Quomodo
1248 5005 1404 5071 igitur
1442 5018 1547 5053 non
1580 5001 1812 5069 iniquum
1852 4998 2012 5053 fuerit
2035 5042 2047 5061 ,
2092 4999 2179 5053 ubi
2226 5000 2423 5068 Optima

844 5116 969 5172 spcs
995 5107 1073 5152 t-st
1096 5095 1373 5150 manifesta
1398 5103 1451 5146 et
1470 5095 1705 5160 proxima
1731 5132 1746 5156 ,
1770 5092 2053 5161 desperare
2075 5108 2137 5144 ac
2164 5102 2421 5157 tremere;

846 5191 933 5245 ubi
970 5203 1096 5242 vero
1136 5186 1234 5239 alia
1283 5199 1408 5253 spes
1446 5182 1709 5236 contraria
1736 5223 1750 5245 ,
1795 5183 2147 5234 remotissima
2196 5192 2277 5235 est
2302 5222 2316 5245 ,
2364 5198 2426 5237 ac

844 5279 1025 5333 multis
1054 5275 1295 5330 obicibus
1324 5272 1656 5340 intercipitur
1678 5311 1693 5335 ,
1724 5286 1828 5323 non
1859 5270 2143 5339 desperare
2167 5312 2181 5335 ,
2210 5271 2318 5324 imo
2349 5274 2425 5326 rei

846 5370 999 5437 longe
1046 5366 1368 5419 difﬁcillima:
1414 5362 1697 5416 maximam
1743 5360 1845 5413 sihi
1892 5376 2037 5428 spem
2078 5376 2420 5431 preponere:

844 5470 1005 5529 atque
1041 5459 1091 5512 in
1132 5460 1400 5511 literarum
1422 5455 1627 5520 studiis,
1647 5469 1750 5509 nea
1775 5453 1939 5508 tristia
1962 5470 2078 5523 qua:
2097 5453 2425 5523 frequentius

844 5552 1093 5606 accidunt
1116 5592 1129 5612 ,
1163 5550 1252 5604 sed
1275 5550 1409 5603 bona
1433 5563 1551 5617 qua:
1571 5561 1691 5601 raro
1712 5548 2023 5615 contingunt
2047 5547 2421 5610 considerare;

846 5648 987 5696 circa
1017 5649 1210 5695 statum
1242 5654 1370 5693 vero
1410 5636 1791 5692 monachorum
1835 5636 2161 5690 contrarium
2206 5636 2381 5690 facere
2405 5678 2419 5702 ,

844 5740 897 5785 et
923 5732 1008 5785 tibi
1040 5744 1162 5799 spes
1190 5729 1446 5783 honorum
1476 5727 1656 5781 multze
1682 5734 1806 5779 sunt
1830 5766 1844 5789 ,
1873 5726 1937 5777 ad
1967 5725 2131 5779 tristia
2154 5727 2424 5795 respicere

844 5834 1046 5877 tantum
1073 5840 1086 5887 ;
1119 5822 1204 5877 ubi
1234 5836 1360 5876 vero
1384 5820 1448 5874 de
1476 5819 1741 5873 contraria
1765 5832 1859 5885 spe
1886 5817 2058 5885 agitur
2080 5858 2095 5882 ,
2144 5833 2261 5885 quae
2282 5817 2419 5871 bona

845 5925 965 5970 sunt
995 5925 1193 5971 tantum
1223 5912 1565 5970 considerare
1586 5910 1608 5963 ?
1628 5910 1957 5980 Quamquam
1982 5908 2087 5961 illic
2115 5907 2419 5979 frequenter

1242 6090 1269 6114 9

1176 6650 1733 6676 α--τυοιω-ιι-
1766 6653 1781 6659 -
1826 6656 1829 6657 ν
1871 6653 1887 6660 ·

1268 6665 1347 6675 ρ--
1736 6666 1869 6673 -,._

1268 6652 1343 6662 -ο
1766 6653 1829 6659 ,ν

1268 6650 1747 6675 .--αι’-Μ-
1794 6666 1869 6673 κα.

1438 6690 1577 6701 μ...
1686 6693 1771 6700 __f
2027 6678 2361 6696 __-.__———+

1562 546 1619 601 S.
1660 540 1935 601 JOANNIS
1972 536 2441 597 CilﬂYSOSTOlll
2484 538 2797 593 ABtLlllEP.
2840 538 3375 597 CONSTANTINOP.

4000 543 4108 597 ετξ

2523 652 2815 720 contingit,
2852 662 2909 706 ut
2936 668 3055 707 cum
3087 656 3263 707 omnia
3294 670 3410 723 quae
3435 667 3755 708 concurrere
3784 653 3981 711 debent
4008 675 4107 727 pro

2521 752 2647 795 voto
2672 742 3027 810 contigerint,
3062 754 3380 811 pra‘matura
3410 758 3551 796 mors
3575 741 3826 795 athletam
3871 756 3989 810 post
4033 750 4106 800 in-

2523 832 2698 887 ﬁnitos
2727 833 2949 886 sudores
2976 833 3211 886 nondum
3242 846 3551 888 coronatum
3578 833 3833 902 abripiat;
3870 834 3952 888 hic
3975 853 4110 891 vero

2520 925 2729 978 etiamsi
2769 924 2820 976 in
2868 923 3057 976 mcdiis
3101 926 3481 980 certaminibus
3522 927 3647 981 illud
3690 925 3930 989 accidat,
3978 937 4108 982 tunc

2520 1016 2755 1068 maxime
2783 1013 3093 1082 splendidus
3122 1024 3177 1067 et
3198 1026 3486 1069 coronatus
3508 1018 3887 1085 proficiscatur.
3920 1016 4111 1083 Itaque

2520 1107 2565 1159 si
2608 1106 2838 1159 futurum
2885 1106 3115 1169 metuis,
3158 1105 3298 1158 circa
3344 1106 3616 1161 literarum
3659 1109 3829 1162 studia
3872 1109 4105 1162 maxime

2520 1195 2811 1250 timendum
2841 1204 2922 1249 est
2950 1236 2964 1256 .
2994 1194 3080 1247 ubi
3112 1210 3181 1248 ne
3210 1194 3274 1248 ad
3303 1198 3586 1250 terminum
3614 1200 3945 1266 perveniatur
3974 1198 4101 1267 plu-

2524 1287 2657 1339 rima
2682 1296 2804 1339 sunt
2832 1286 3227 1354 impedimento.
3258 1284 3337 1339 Tu
3358 1300 3485 1339 vero
3517 1288 3621 1342 illic
3641 1290 3851 1358 quidem
3876 1290 4103 1355 resides,

2521 1378 2906 1448 diuturnasque
2936 1394 3112 1432 moras
3137 1378 3369 1433 sustines
3392 1420 3406 1443 ,
3437 1394 3541 1431 non
3569 1396 3632 1433 ea
3676 1399 3793 1449 qua:
3834 1384 3884 1437 in
3927 1382 4105 1438 medio

2522 1470 2691 1536 positi
2741 1481 2894 1535 sunt,
2940 1482 3181 1538 sumptus
3221 1484 3431 1538 nempe,
3486 1485 3789 1537 airumnas,
3844 1476 4102 1528 incertum

2519 1569 2769 1614 eventum
2796 1601 2811 1625 ,
2842 1561 2935 1615 sed
2984 1561 3140 1614 ﬁnem
3184 1569 3387 1614 tantum
3435 1560 3763 1629 reSpiciens:
3810 1562 3893 1616 hic
3927 1574 4103 1617 autem

2520 1667 2639 1705 cum
2672 1652 2904 1705 nondum
2928 1652 2991 1706 ad
3016 1654 3334 1707 vestibulum
3357 1668 3487 1723 puer
3506 1653 3775 1723 ingressus
3804 1655 3899 1714 sit,
3930 1671 4105 1725 neque

2522 1742 2659 1795 hanc
2702 1742 3108 1811 pulcherrimam
3178 1744 3562 1813 philosophiam
3604 1742 3867 1811 attigerit.
3922 1748 4103 1800 statim

2523 1833 2676 1887 times
2701 1842 2756 1887 et
2785 1834 3015 1903 trepidas
3039 1876 3054 1898 ,
3079 1834 3187 1901 jam
3213 1834 3522 1902 desperatas
3543 1835 3886 1902 cogitationes
3906 1836 4105 1889 admit-

2525 1924 2590 1977 tis
2609 1924 2631 1973 ν
2658 1926 2817 1993 Atqui
2851 1926 2964 1994 ipse
2988 1926 3142 1993 paulo
3164 1936 3289 1977 ante
3309 1926 3524 1979 dicebas
3551 1944 3563 1977 :
3586 1925 3720 1991 Quid
3741 1926 3879 1978 enim
3900 1926 3924 1978 ἵ
3946 1928 4058 1979 isne
4079 1967 4101 1994 ,

2520 2016 2609 2083 qni
2642 2016 2824 2069 urbem
2855 2016 3034 2069 incolit
3058 2027 3111 2069 et
3140 2016 3356 2069 domum
3383 2058 3399 2081 ,
3428 2016 3652 2071 salutem
3701 2018 3949 2086 consequi
3994 2034 4104 2073 non

2520 2104 2738 2174 potest?
2768 2105 2906 2173 Ergo
2940 2105 2984 2158 si
3021 2120 3141 2159 cum
3172 2104 3304 2159 urbe
3330 2147 3343 2168 ,
3392 2105 3556 2160 domo
3585 2116 3639 2161 ct
3676 2122 3841 2160 uxore
3877 2108 4104 2162 salutem

2520 2193 2777 2262 consequi
2805 2204 2957 2261 potes
2981 2235 2997 2257 ,
3028 2195 3195 2249 multo
3225 2195 3394 2264 magis
3420 2196 3536 2249 sine
3566 2212 3731 2250 uxore
3756 2206 3809 2251 et
3848 2198 3967 2250 aliis
4003 2198 4108 2251 hu-

2516 2286 2771 2357 jnsmodi.
2801 2286 2981 2357 Neque
3007 2288 3149 2341 enim
3177 2297 3261 2342 est
3284 2287 3522 2357 ejusdem
3552 2288 3785 2342 hominis
3814 2304 3954 2343 nunc
3979 2290 4107 2360 qui-

2522 2378 2643 2431 dem
2671 2376 2943 2431 conﬁdere
2967 2418 2980 2438 .
3014 2377 3222 2431 etiamsi
3249 2378 3595 2431 smenlarihus
3627 2380 3850 2448 negotiis
3876 2381 4109 2449 illigatus

2523 2470 2680 2525 fuerit
2704 2512 2718 2534 ,
2746 2485 2807 2524 ac
2829 2471 2873 2523 si
2907 2470 3007 2523 hoc
3032 2485 3242 2539 quoque
3286 2470 3445 2524 modo
3483 2471 3626 2526 salus
3654 2472 3850 2541 acquiri
3892 2472 4103 2542 possit:

2523 2579 2663 2617 nunc
2690 2578 2817 2616 vero
2845 2603 2860 2627 ,
2902 2562 3001 2615 etsi
3030 2562 3099 2615 ah
3121 2562 3369 2615 omnibus
3399 2564 3535 2617 liber
3560 2565 3789 2618 evaserit
3817 2606 3833 2629 ,
3876 2575 4108 2621 tremere

2518 2668 2582 2706 ac
2607 2662 2846 2706 metuere
2870 2691 2886 2717 ,
2916 2652 3065 2720 quasi
3093 2651 3210 2705 sine
3237 2652 3339 2705 illis
3368 2652 3533 2719 probe
3562 2654 3745 2707 vivere
3779 2670 3883 2707 non
3912 2656 4106 2723 possit.

2519 2744 2650 2798 Nam
2680 2744 2723 2797 si
2755 2744 2818 2805 is,
2846 2744 2935 2812 qui
2968 2743 3152 2796 urbem
3186 2743 3388 2807 incolit,
3423 2752 3603 2811 posset
3648 2745 3872 2798 salutem
3917 2746 4106 2799 nanci—

2522 2834 2596 2885 sci
2625 2876 2637 2897 ,
2668 2843 2722 2885 ut
2759 2833 2893 2886 dicis
2918 2872 2933 2897 ,
2979 2832 3145 2885 multo
3184 2831 3351 2899 magis
3379 2832 3470 2900 qui
3515 2832 3567 2885 in
3612 2831 3897 2886 solitudine
3936 2833 4102 2902 degit.

2520 2923 2654 2990 Quid
2680 2924 2836 2991 igitur
2859 2922 2945 2977 hic
2969 2938 3072 2976 non
3098 2938 3252 2990 posse
3276 2924 3431 2976 times
3453 2964 3467 2989 ,
3496 2937 3616 2976 cum
3636 2923 3745 2977 illic
3767 2938 3869 2976 non
3892 2926 4099 2986 timeas,

2523 3015 2610 3067 ubi
2645 3015 2821 3083 potius
2851 3014 3143 3066 timendum
3175 3013 3366 3067 esset?

2597 3108 2683 3160 Η.
2714 3104 2975 3169 Praecepta
2997 3106 3169 3157 eadem
3199 3105 3457 3157 monachis
3477 3113 3523 3157 et
3553 3105 3893 3158 mentm-ibus.
3923 3135 3992 3144 —
4016 3104 4109 3169 At,

2525 3196 2750 3265 inquies,
2782 3210 2886 3249 non
2916 3210 3011 3264 par
3055 3194 3259 3248 crimen
3306 3204 3388 3247 est
3439 3195 3748 3248 szecularem
3781 3209 4023 3262 peccare,
4052 3203 4111 3247 et

2523 3303 2643 3343 eum
2665 3286 2751 3355 qui
2784 3286 2946 3341 semel
2976 3300 3033 3339 se
3053 3286 3161 3338 Deo
3185 3285 3608 3338 consecraverit:
3631 3298 3801 3352 neque
3824 3285 3962 3337 enim
3989 3299 4112 3336 am-

2522 3378 2591 3432 bo
2616 3378 2683 3431 ab
2708 3376 2894 3431 eadem
2926 3375 3205 3429 altitudine
3230 3374 3427 3428 cadunt
3455 3390 3469 3438 ;
3497 3389 3660 3443 quare
3676 3389 3859 3428 eorum
3888 3375 4108 3427 vulnera

2524 3484 2629 3520 non
2656 3467 2877 3532 mqnalia
2908 3474 3052 3519 sunt.
3087 3465 3335 3533 Teipsum
3367 3479 3583 3531 prorsus
3611 3462 3769 3523 fallis,
3794 3464 3838 3516 si
3867 3464 3967 3515 alia
4000 3479 4103 3531 pu-

2527 3566 2606 3611 tas
2632 3572 2660 3610 a
2684 3555 2945 3618 sa'culari,
2979 3555 3077 3607 alia
3109 3569 3139 3607 a
3162 3552 3424 3608 monacho
3438 3554 3597 3622 exigi.
3634 3553 3923 3606 Discrimen
3951 3554 4106 3621 quip-

2526 3662 2592 3716 pe
2623 3647 2759 3699 inter
2781 3645 2900 3699 illos
2928 3645 3026 3696 hoc
3051 3653 3151 3706 cst,
3175 3643 3313 3713 quod
3344 3645 3477 3697 alius
3520 3644 3677 3698 ducat
3701 3659 3943 3705 uxorem,
3970 3643 4107 3698 alios

2526 3755 2631 3792 non
2661 3737 2839 3797 ducat,
2872 3752 2968 3805 pro
2997 3738 3112 3789 aliis
3142 3752 3271 3790 vero
3309 3737 3559 3789 omnibus
3585 3751 3920 3790 communem
3946 3738 4105 3789 ambo

2523 3830 2785 3883 rationem
2809 3826 3068 3882 reddituri
3092 3834 3232 3879 sunt.
3280 3825 3411 3879 Nam
3433 3826 3523 3895 qui
3570 3827 3812 3879 irascitur
3834 3824 3979 3879 fratri
4004 3840 4105 3879 suo

2524 3920 2640 3973 sine
2668 3933 2851 3981 causa,
2883 3918 2996 3971 sive
3048 3916 3318 3969 s-ecularis
3366 3915 3479 3969 sive
3508 3915 3799 3969 monachus
3818 3916 3906 3979 sit,
3935 3915 4103 3969 Deum

2526 4007 2771 4062 similiter
2814 4006 3033 4060 offendit
3063 4023 3075 4058 :
3106 4014 3161 4059 et
3188 4005 3274 4074 qui
3326 4005 3543 4073 respicit
3582 4005 3857 4059 mulierem
3884 4005 3948 4058 ad
3975 4020 4107 4058 con-

2526 4094 2907 4165 cupiscendum
2935 4109 3071 4160 eam,
3104 4092 3356 4148 utrolibet
3384 4094 3435 4146 in
3463 4102 3598 4146 statu
3620 4094 3709 4157 sit,
3739 4094 3923 4148 eadem
3953 4093 4108 4147 adul-

2529 4189 2642 4240 terii
2668 4188 2923 4256 plectctur
2950 4201 3133 4253 poma;
3177 4186 3431 4238 imoVero
3467 4184 3510 4238 si
3560 4185 3683 4253 quid
3734 4183 4104 4237 ratiocinanth

2526 4280 2721 4333 addere
2748 4280 2822 4333 fas
2852 4280 2941 4342 sit,
2971 4276 3242 4331 s:ecnlaris
3272 4277 3373 4329 hoc
3416 4290 3578 4344 agens
3605 4276 3782 4328 minus
3832 4276 3982 4327 venia
4021 4274 4106 4326 di-

2526 4387 2661 4440 gnus
2681 4379 2779 4423 est.
2805 4368 2917 4423 Non
2948 4368 3089 4423 enim
3122 4383 3215 4435 par
3236 4366 3438 4419 facinus
3470 4373 3551 4418 est
3579 4379 3725 4428 eum,
3755 4364 3843 4431 qui
3883 4379 4107 4417 uxorem

2528 4462 2705 4524 habet,
2735 4472 2787 4514 et
2832 4460 2931 4513 hac
2959 4458 3323 4511 consolatione
3373 4456 3585 4519 fruitur,
3616 4456 3848 4509 mulieris
3872 4454 4107 4522 pulchri-

2530 4551 2710 4605 tudine
2732 4548 2939 4611 abduci,
2963 4549 3043 4601 vel
3068 4563 3187 4603 enm
3215 4547 3305 4615 qui
3325 4546 3425 4599 hoc
3450 4562 3662 4614 prorsus
3684 4547 3984 4601 destituitur
4010 4562 4111 4599 an-

2530 4641 2675 4705 xilio,
2699 4639 2878 4692 abillo
2904 4638 3039 4691 vinci
3060 4638 3216 4691 malo.
3252 4637 3452 4691 Rursus
3478 4638 3565 4707 qui
3592 4639 3755 4705 jnrat,
3774 4640 3824 4691 in
3853 4652 4108 4707 quOCum-

2529 4748 2632 4801 que
2670 4740 2806 4785 statu
2829 4740 3088 4792 versetur,
3120 4730 3228 4798 pari
3253 4730 3409 4783 modo
3429 4730 3725 4783 damnatur.
3760 4730 3940 4799 Neque
3960 4730 4107 4783 enim

2529 4825 2771 4877 Christus
2802 4838 2921 4877 cum
2947 4823 3043 4875 hac
3081 4824 3147 4875 tle
3192 4836 3247 4876 re
3278 4829 3531 4876 statueret
3559 4823 3833 4891 legemque
3859 4831 4105 4891 poneret,

2530 4914 2665 4967 hanc
2686 4913 3081 4966 distinctionem
3113 4910 3257 4975 fecit,
3298 4926 3467 4980 neque
3497 4911 3649 4975 dixit,
3686 4912 3741 4965 Si
3773 4913 3816 4965 is
3842 4912 3927 4979 qui
3965 4911 4109 4979 jnrat

2530 5003 2820 5057 monachus
2841 5004 2927 5067 sit,
2952 5018 3014 5055 ex
3036 5002 3264 5071 maligno
3282 5003 3743 5071 estjusjnrandnm
3769 5018 3783 5065 ;
3816 5004 3857 5053 si
3880 5017 4109 5054 nonmo-

2532 5096 2752 5158 naclms,
2802 5110 2906 5146 non
2947 5095 3071 5147 item
3105 5111 3117 5145 :
3149 5092 3240 5147 sed
3271 5093 3587 5160 simpliciter
3632 5092 3905 5160 semelque
3930 5094 4105 5144 omni-

2533 5186 2628 5237 bus
2650 5182 2949 5253 dixitzEgo
2972 5193 3139 5233 autem
3185 5182 3297 5233 dico
3340 5180 3495 5242 vobis,
3552 5196 3649 5232 non
3680 5179 3859 5249 jurare
3902 5181 4107 5233 omnino

2531 5274 2548 5343 (
2580 5272 2763 5325 Matth.
2788 5273 2840 5325 5.
2873 5272 2942 5325 54
2970 5271 3011 5340 ).
3051 5271 3353 5336 lterumque
3398 5284 3517 5322 cum
3570 5271 3660 5334 ait,
3703 5268 3790 5323 Va:
3834 5270 4106 5322 ridentibus

2530 5364 2677 5435 (Luc.
2711 5364 2760 5417 6.
2787 5364 2858 5417 25
2889 5362 2932 5431 ).
2961 5377 3066 5414 non
3099 5360 3319 5423 addidit,
3354 5360 3646 5425 monachis,
3666 5361 3756 5413 sed
3799 5361 4104 5426 simpliciter

2530 5456 2606 5507 sic
2632 5453 2877 5505 omnilms
2904 5451 3073 5517 legem
3104 5448 3236 5501 tulit.
3265 5448 3456 5519 Sicque
3503 5450 3628 5502 fecit
3673 5450 3831 5502 etiam
3882 5449 3931 5500 in
3987 5451 4104 5503 aliis

2528 5545 2774 5599 omnibus
2790 5542 2993 5609 magnis
3016 5540 3447 5611 ntirahilibusqne
3472 5541 3771 5608 prmceptis.
3799 5538 3927 5593 Cum
3954 5543 4098 5595 enim

2529 5643 2600 5691 ait
2630 5639 2646 5704 (
2679 5635 2861 5688 Matth.
2891 5635 2943 5688 5.
2969 5634 3165 5703 5—12),
3213 5634 3357 5687 Beati
3392 5647 3650 5703 pauperes
3694 5634 3899 5700 spiritu.
3930 5636 4105 5699 lugcn-

2534 5740 2637 5793 tes,
2671 5727 2843 5783 mitcs.
2875 5726 3173 5779 esurientes
3198 5733 3251 5778 et
3302 5724 3539 5776 sitientes
3586 5722 3863 5790 justitiam,
3893 5726 4102 5777 miseri-

2530 5817 2736 5879 Cordcs,
2775 5815 2954 5869 mundi
2986 5814 3167 5875 corde,
3218 5814 3440 5879 paciﬁci,
3498 5814 3583 5880 qui
3641 5815 4100 5883 persequutionem

2530 5908 2802 5977 patiuntur
2832 5912 3048 5975 propter
3088 5901 3367 5970 justitiam,
3396 5903 3556 5972 ctqui
3607 5903 3762 5957 fanda
3790 5914 3846 5957 et
3891 5902 4100 5955 infanda

1892 6653 1964 6671 ’“ἶ’
1983 6652 2847 6674 --”ε-Ῡ⁴ΑΕ⁹⁴Ἂ⁹-“⁹ΞΜ-ί⁴
2876 6653 3157 6661 _—‘”‘-‘
3372 6666 3377 6667 γ
3400 6665 3495 6669 __
3918 6662 3947 6665 γ.
4056 6660 4093 6663 κ-
