4532 6696
260 544 365 599 371

247 656 539 725 ὠμότητος
563 654 627 711 ἀν
650 658 732 730 είη
755 658 847 713 10v
873 660 991 713 οὐδὲ
1012 658 1190 725 ἐαυτῷ
1210 654 1506 724 δυνάμενον
1530 654 1750 725 ἀμῦναι,
1786 655 1922 708 ἀλλά

249 742 528 810 κείμενον,
573 748 666 799 καὶ
715 747 885 818 μυρία
937 746 1225 815 δεχόμενον
1273 740 1585 811 τραύματα,
1641 746 1734 797 καὶ
1795 744 1920 806 τοὺς

246 828 447 892 ἄλλους
495 831 915 903 ἀσθενεστέρους
978 830 1253 892 ποιοῦντα,
1300 829 1487 882 τοῦτον
1541 833 1597 883 ἐν
1636 830 1715 901 τῷ
1768 830 1921 900 μέσῳ

245 919 693 975 κατακόπτεσθαι
733 924 849 992 ἐᾷν,
880 920 998 973 δέον
1028 918 1270 984 ἐξέλκειν
1302 919 1413 972 ἀπὸ
1438 920 1539 989 τῆς
1573 920 1774 990 μάχης.
1811 919 1921 971 Kal

245 1003 363 1074 γὰρ
391 1008 487 1061 καὶ
530 1006 836 1077 στρατηγὸν
883 1004 1083 1074 ὁμοίως
1123 1004 1189 1058 ἄν
1228 1022 1312 1069 τις
1352 1006 1623 1069 κολάσειε,
1660 1006 1752 1058 τὸν
1792 1004 1920 1068 τούς

242 1108 309 1145 τε
332 1093 663 1166 δυναμένους
693 1093 949 1161 πολεμεῖν
973 1091 1255 1160 ἀπάγοντα
1271 1094 1369 1165 τῆς
1392 1094 1765 1166 παρατάξεως,
1792 1092 1920 1157 τούς

239 1196 308 1233 τε
336 1183 645 1254 τρωθέντας
676 1181 771 1233 καὶ
808 1178 1113 1248 κειμένους.
1167 1182 1260 1236 καὶ
1306 1184 1437 1247 τοὺς
1483 1182 1675 1245 ἄλλους
1724 1198 1917 1235 συντα-

246 1269 553 1336 Γάσσοντας
592 1265 880 1319 κελεύοντα
935 1268 1147 1323 κεῖσθαι
1200 1270 1490 1334 διαπαντὸς
1538 1273 1595 1323 ἐν
1631 1269 1711 1340 τῷ
1746 1270 1915 1339 μέσῳ.

322 1363 390 1423 ιγ’
398 1395 413 1409 .
433 1355 584 1407 Ἐπεὶ
603 1353 661 1405 δέ
688 1352 872 1407 πολλοὶ
893 1354 1002 1408 τῶν
1020 1359 1292 1429 πατέρων,
1315 1359 1543 1421 ἕκαστος
1571 1358 1813 1426 ἔγκειται
1828 1356 1918 1409 10v

241 1444 362 1496 υίδν
392 1438 677 1508 ἐπιθυμῶν
708 1442 766 1494 ἐν
790 1440 969 1510 λόγοις
996 1442 1175 1507 ζῶντα
1196 1447 1350 1516 όρᾷν,
1385 1445 1461 1507 ὡς
1488 1444 1731 1515 ἀκριϐῶς
1763 1442 1919 1505 εἰδὼς

236 1531 328 1584 ὅτι
365 1525 503 1597 πρὸς
530 1526 591 1578 τὸ
622 1526 775 1591 τέλος
816 1530 1031 1595 πάντως
1072 1533 1191 1602 ἣξει
1220 1533 1328 1585 τῶν
1357 1532 1697 1601 λόγων,ύπέρ
1725 1531 1916 1582 τούτου

243 1614 348 1684 μὲν
374 1614 451 1683 μὴ
481 1614 892 1688 φιλονεικῶμεν,
930 1620 1064 1689 μηδὲ
1094 1622 1177 1673 ὅτι
1217 1621 1649 1689 διαμαρτήσεται
1685 1630 1710 1657 ⁸
1748 1617 1918 1685 λέΥω·

243 1716 371 1769 μεν,
398 1699 536 1754 ἀλλά
564 1701 743 1772 δῶμεν
770 1705 843 1776 τῷ
884 1706 1027 1775 λόγῳ
1066 1706 1160 1758 καὶ
1189 1706 1540 1776 περιέσεσθαι
1581 1704 1796 1767 πάντως
1820 1705 1917 1757 αύ-

248 1786 337 1839 εδν
366 1786 467 1857 τῆς
502 1792 757 1861 σπουδῆς,
792 1793 887 1846 καὶ
925 1794 1059 1863 πρὸς
1094 1793 1261 1861 ἄκρον
1295 1791 1605 1860 ἀφίξεσθαι.
1642 1792 1829 1845 ’Ἔστω
1856 1793 1916 1846 δὲ

239 1874 456 1945 αἵρεσις
481 1878 612 1947 ἡμῖν
636 1880 971 1949 προκειμένη
992 1879 1175 1948 διπλῆ,
1207 1879 1300 1931 καὶ
1330 1882 1409 1941 εἰς
1438 1878 1786 1933 διδασκαλεῖα
1817 1880 1915 1950 μὲν

238 1962 465 2029 φοιτῶν,
503 1965 643 2037 ὑπὲρ
693 1966 793 2036 τῆς
835 1967 1123 2036 μαθήσεως
1163 1968 1334 2037 ἐχέτω
1371 1967 1461 2019 τὸν
1503 1968 1710 2037 ἀγῶνα,
1742 1970 1822 2033 είς
1856 1969 1913 2023 δέ

236 2050 481 2120 ἐρημίας
526 2053 668 2125 ὑπὲρ
698 2053 798 2123 τῆς
828 2053 1041 2124 ψυχῆς*
1086 2053 1190 2107 ποῦ
1222 2054 1450 2124 βέλτιον,
1482 2057 1602 2109 εἰπέ
1635 2076 1743 2128 μοι,
1775 2075 1913 2129 κρα-

235 2140 392 2204 τεῖν;
428 2140 525 2191 "Av
558 2139 654 2210 μὲν
685 2141 795 2211 γάρ
833 2141 1173 2211 ἑκατέρωθεν
1214 2141 1508 2213 συμϐαίνῃ,
1540 2143 1695 2212 κάγὼ
1727 2144 1914 2215 βούλο-

239 2242 374 2295 par
406 2226 472 2279 ἂν
493 2226 550 2279 δὲ
577 2226 803 2301 θάτερον
832 2228 1111 2299 λείπηται,
1152 2227 1361 2299 βέλτιον
1402 2230 1615 2284 ἑλέσθαι
1644 2232 1702 2284 10
1730 2236 1912 2303 κρεῖτο

246 2328 354 2368 τον.
378 2313 508 2376 Nal,
537 2315 723 2383 φησὶν,
752 2315 884 2369 αὐτὸ
906 2316 964 2369 δὲ
992 2315 1152 2368 τοῦτο
1194 2316 1356 2369 πόθεν
1392 2319 1522 2388 ἡμῖν
1550 2318 1702 2372 ἔσται
1732 2321 1910 2390 δῆλον,

235 2397 324 2452 ὅτι
372 2400 629 2469 στήσεται
676 2403 771 2455 καὶ⁷
803 2406 972 2472 μενεῖ,
1016 2405 1110 2457 καὶ
1149 2404 1210 2457 ού
1259 2410 1679 2474 μεταπεσεῖται;
1728 2407 1914 2461 πολλοὶ

250 2487 353 2558 γὰρ
374 2489 424 2540 οι
456 2489 734 2553 πεσόντες.
768 2492 940 2545 Πόθεν
962 2493 1123 2563 δῆλον
1153 2495 1233 2546 ὅτι
1261 2495 1322 2547 ού
1352 2497 1631 2565 στήσεται,
1661 2495 1782 2549 οὐδὲ
1816 2515 1914 2567 με·

242 2576 358 2638 νεῖ;
416 2575 599 2629 πολλοὶ
658 2577 765 2649 γάρ
819 2580 869 2631 οί
929 2580 1171 2644 στάντες,
1228 2582 1323 2636 καὶ
1371 2582 1482 2635 τῶν
1547 2584 1915 2638 πεπτωκότων

239 2659 493 2726 πλείουςο
524 2664 664 2718 ὥστε
711 2667 801 2720 διά
834 2667 1058 2733 τούτους
1111 2670 1312 2739 μᾶλλον
1355 2671 1578 2743 θαρρεῖν
1625 2672 1751 2744 χρὴ,
1782 2673 1815 2742 ἢ
1844 2674 1911 2727 δι’

237 2750 485 2815 ἐκείνους
522 2752 825 2820 φοϐεῖσθαι.
868 2756 1025 2819 Τίνος
1055 2756 1112 2809 δὲ
1142 2757 1327 2812 ἐνεκεν
1355 2760 1449 2813 καὶ
1478 2759 1573 2812 ἐπὶ
1604 2761 1712 2814 τῶν
1738 2760 1912 2829 λόγων

237 2837 377 2889 αὐτὸ
398 2838 557 2893 τοῦτο
588 2840 649 2892 ού
674 2841 939 2907 δέδοικας,
974 2843 1102 2897 ἔνθα
1134 2845 1368 2915 μάλιστα
1396 2845 1689 2901 δεδοικέναι
1711 2848 1908 2920 ἐχρῆν;

238 2924 403 2996 Παρά
433 2926 533 2996 μὲν
564 2928 672 2999 γάρ
705 2932 818 2993 τοῖς
857 2934 1112 3001 μοναχοῖς
1138 2933 1204 2986 ἐκ
1234 2933 1443 2987 πολλῶν
1475 2935 1646 3003 ὀλίγοι
1676 2936 1911 3008 διήμαρ-

236 3029 365 3066 τον’
394 3014 451 3068 ἐν
481 3013 539 3068 δὲ
562 3020 681 3080 ταῖς
710 3018 820 3070 τῶν
849 3019 1024 3087 λόγων
1052 3020 1353 3092 διατριϐαῖς
1379 3023 1487 3076 ἀπὸ
1512 3023 1721 3078 πολλῶν
1738 3026 1908 3095 ὀλίγοι

237 3103 634 3173 κατώρθωσαν.
671 3109 783 3161 Kal
809 3110 910 3162 οὐκ
942 3110 1052 3164 ἀπὸ
1074 3110 1279 3165 τούτων
1315 3113 1496 3183 μόνον,
1524 3114 1661 3167 ἀλλά
1689 3118 1783 3169 καὶ
1816 3118 1908 3187 ἀφ’

240 3194 451 3265 ἐτέρων
484 3196 745 3253 πλειόνων
774 3202 998 3265 εἰκότως
1035 3203 1099 3256 ἄν
1132 3221 1216 3266 τις
1236 3206 1420 3260 ἐκεῖνα
1443 3208 1642 3277 μᾶλλον
1668 3210 1906 3279 φοϐοῖτο.

237 3287 355 3340 Kal
401 3289 510 3359 γὰρ
551 3289 739 3353 παιδὸς
790 3291 981 3360 ἀφυϊα,
1030 3294 1124 3347 καὶ
1169 3294 1504 3351 διδασκάλων
1544 3300 1770 3369 ἀμαθία,
1816 3306 1909 3357 καὶ

239 3378 612 3446 παιδαγωγῶν
644 3380 906 3451 ῥᾳθυμία,
950 3384 1046 3436 καὶ
1088 3386 1294 3457 πατρὸς
1328 3388 1571 3457 ἀσχολία,
1607 3392 1701 3445 καὶ
1730 3392 1909 3447 δαπα-

206 3468 348 3525 ’νῶν
399 3474 494 3526 καὶ
542 3474 751 3543 μισθῶν
806 3474 1076 3544 ἔλλειψις,
1125 3479 1219 3532 καὶ
1254 3481 1471 3550 τρόπων
1517 3483 1769 3557 διαφορὰ,
1814 3488 1907 3540 καὶ

239 3567 626 3637 συμφοιτητῶν
653 3568 818 3622 κακία
840 3571 936 3623 καὶ
964 3570 1157 3638 φθόνος
1190 3575 1284 3626 καὶ
1313 3574 1599 3643 βασκανία,
1625 3578 1777 3652 [100]
1812 3584 1907 3636 καὶ

237 3656 414 3711 πολλά
451 3658 613 3732 ἕτερα
636 3660 713 3730 τῷ
742 3660 885 3714 τέλει
913 3661 1253 3732 λυμαίνεται.
1286 3667 1397 3719 Kal
1432 3667 1491 3719 οὐ
1521 3667 1691 3721 ταῦτα
1726 3670 1902 3741 μόνον,

236 3750 377 3806 ἀλλά
404 3755 497 3807 καὶ
522 3755 660 3825 μετά
681 3756 912 3821 τὸτέλος
938 3758 1141 3812 τούτων
1162 3760 1323 3833 ἐτερα
1356 3764 1573 3818 πλείονα
1590 3781 1605 3794 ⁸
1639 3767 1766 3820 ὅταν
1796 3770 1905 3840 γάρ

236 3845 455 3902 ἅπαντα
485 3850 729 3920 ὑπερϐὰς
756 3850 893 3922 πρὸς
917 3854 1049 3906 αὐτὸ
1084 3855 1185 3923 τῆς
1208 3857 1453 3921 παιδείας
1507 3860 1568 3912 10
1598 3861 1765 3932 ἀκρον
1802 3865 1905 3934 ἀφ-

238 3943 447 4013 ίκηται,
467 3945 657 4013 μηδενὶ
669 3945 873 4000 τούτων
896 3949 1327 4016 ὕποσκελισθεὶς,
1356 3952 1518 4024 ἐτέρα
1539 3954 1701 4010 πάλιν
1727 3962 1902 4014 κεῖται

235 4037 430 4109 ἐνέδρα
464 4040 599 4093 ἐκεῖ.
628 4042 740 4094 Καὶ
769 4041 878 4114 γὰρ
921 4044 1183 4117 ἄρχοντος
1225 4049 1540 4121 δυσμένεια,
1580 4054 1678 4107 καὶ
1711 4055 1904 4125 φθόνος

232 4134 347 4188 τῶν
374 4136 700 4208 ὁμοτέχνων,
734 4139 830 4193 καὶ
864 4143 1072 4214 καιρῶν
1112 4144 1389 4213 δυσκολία,
1424 4149 1520 4203 καὶ
1562 4151 1731 4219 φίλων
1771 4153 1905 4223 ἐρη-

237 4232 361 4303 μία,
392 4234 485 4288 καὶ
513 4235 675 4289 πενία
714 4236 978 4303 πολλάκις
1016 4240 1111 4294 τοῦ
1151 4242 1340 4309 τέλους
1376 4244 1718 4318 ἐξέκρουσεν.
1762 4248 1903 4301 Ἀλλ’

235 4330 339 4382 οὐκ
365 4331 580 4385 ἐπὶτῶν
599 4334 851 4406 μοναχῶν
872 4336 1065 4403 οὕτως,
1096 4338 1211 4392 ἀλλ’
1236 4340 1354 4405 ἐνὸς
1380 4342 1462 4396 δεῖ
1489 4343 1672 4413 μόνου,
1705 4344 1906 4416 προθυ-

242 4427 374 4498 μίας
399 4430 654 4495 γενναίας
681 4433 776 4485 καὶ
802 4434 1017 4505 ἀγαθῆς
1036 4451 1051 4463 ·
1086 4437 1190 4490 κᾶν
1234 4437 1392 4492 τοῦτο
1428 4444 1628 4514 προσῇ,
1662 4442 1815 4497 ούδέν
1840 4444 1903 4496 10

237 4524 448 4578 κωλύον
474 4528 610 4596 πρὸς
636 4529 696 4581 1:0
724 4530 878 4594 τέλος
917 4532 1088 4587 ἐλθεῖν
1129 4536 1228 4606 τῆς
1262 4537 1482 4609 ἀρετῆς.

310 4639 437 4702 Πῶς
471 4636 573 4693 οὖν
585 4643 683 4694 ούκ
704 4622 909 4709 ἄδικον,
936 4646 1066 4700 ἐνθα
1105 4650 1205 4718 μὲν
1223 4651 1292 4704 τά
1321 4652 1432 4704 τῶν
1466 4653 1716 4724 χρηστῶν
1745 4654 1899 4707 ἐλπί-

234 4736 341 4789 δων
372 4736 509 4807 δῆλά
543 4738 602 4791 τέ
627 4740 744 4792 ἐστι
774 4741 866 4793 καὶ
896 4742 1168 4815 ἐγγύτερα
1213 4747 1610 4814 ἀπογινώσκειν
1658 4750 1751 4802 καὶ
1774 4752 1899 4821 τρέ-

238 4848 385 4901 μειν,
404 4832 535 4887 ἔνθα
546 4834 605 4887 δὲ
617 4834 687 4888 τά
705 4835 812 4889 τῶν
827 4838 1085 4891 ἐναντίων
1102 4841 1433 4912 μακρότερα,
1453 4845 1548 4897 καὶ
1564 4845 1668 4898 01:0
1684 4844 1896 4902 πολλῶν

234 4926 575 4998 κωυμάτων
607 4930 1038 5004 ἀνακοπτόμενα,
1076 4936 1150 5007 μὴ
1181 4938 1609 5007 ἀπογινώσκειν,
1638 4942 1720 5006 είς
1745 4943 1801 4997 δέ
1831 4944 1900 4999 τά

232 5022 345 5077 τῶν
358 5025 636 5096 δυσχερῶν
659 5030 968 5103 σαφέστερα
987 5032 1125 5086 1⁵καί
1163 5033 1359 5104 μᾶλλον
1390 5034 1609 5091 πλείονα
1648 5037 1895 5110 θαρσεῖν·

234 5121 333 5175 καὶ
352 5123 445 5175 ἐπὶ
462 5123 560 5192 μὲν
574 5124 683 5180 τῶν
702 5126 894 5197 λόγων,
916 5130 989 5201 μὴ
1019 5131 1153 5203 πρὸς
1169 5120 1238 5185 τά
1255 5132 1511 5197 πολλάκις
1533 5135 1899 5205 συμϐαίνοντα

232 5214 474 5288 λυπηρὰ,
500 5220 634 5275 άλλά
664 5225 799 5295 πρὸς
830 5226 897 5279 τά
921 5229 1162 5291 σπανίως
1189 5226 1504 5284 ἐκϐαίνοντα
1538 5231 1751 5301 χρηστὰ
1794 5236 1899 5302 ἀφ’

233 5313 402 5381 ορᾲν,
433 5315 525 5368 ἐπὶ
556 5317 614 5371 δέ
646 5319 755 5372 τῶν
790 5324 1036 5393 μοναχῶν
1071 5325 1379 5380 τούναντίον
1407 5328 1600 5389 ποιεῖν,
1638 5328 1731 5380 καὶ
1769 5326 1897 5382 ἔνθα

238 5400 337 5468 μὲν
365 5405 422 5456 αί
458 5407 564 5462 τῶν
604 5410 825 5480 ἀγαθῶν
871 5414 1082 5478 ἐλπίδες
1132 5417 1345 5482 πολλαὶ,
1385 5418 1522 5490 πρὸς
1561 5419 1631 5474 τά
1677 5420 1899 5496 λυπηρά

235 5494 546 5554 ἀποκλίνειν
572 5507 751 5573 μόνον,
788 5508 917 5564 ἔνθα
935 5509 991 5563 δὲ
1016 5512 1074 5563 αἱ
1100 5511 1208 5565 τῶν
1229 5515 1506 5583 ἐναντίων,
1535 5516 1633 5582 τάς
1657 5494 1899 5591 χρηστάς

298 5702 706 5786 :Al’lnus
727 5714 1114 5786 διῳαρτῇσεται.
1128 5718 1301 5786 Mprel.
1314 5725 1366 5786 ει
1384 5721 1509 5786 glius
1534 5725 1896 5786 διαμαρτήσετε.

233 5763 862 5852 εεοιεςςεεδιδμσιειλεῑα,
876 5763 1897 5852 alii1188001;jairaiinaazsgrgzg

230 5828 577 5912 τῆς
597 5832 749 5892 ψυχῆς
782 5828 931 5895 ἐχέτω
956 5843 1038 5889 τὸν
1077 5828 1254 5904 ἀγῶνα·
1796 5828 1898 5909 Υιέῆς

293 5905 593 6028 ῗῗόἵζς
620 5954 725 6023 ἔνθα
759 5956 811 6003 δὲ
830 5959 1177 6028 τὰ-μακρὸτερα
1196 5968 1289 6015 ὑπὸ
1321 5966 1563 6015 τοσούτων
1584 5970 1636 6017 δὲ
1665 5973 1762 6018 τῶν
1781 5972 1897 6020 δυσ-

230 6014 386 6074 χερῶν
424 6014 780 6063 ἀνακοπτὸαενα
818 6014 1130 6081 κωλυμᾶτων²
1170 6029 1231 6074 τὰ
1255 6014 1307 6076 δέ
1345 6014 1441 6076 τῶν
1475 6014 1731 6092 δυσχξοῶῖ

234 6090 380 6137 nepa

604 6165 874 6228 Ρηῐιοι..
924 6166 1037 6230 Gn.
1088 6172 1336 6231 XLVII.

1072 540 1434 598 ADV’ERSUS
1473 539 2024 599 OPPUCNATORES
2064 542 2247 599 ΥΙΤΑΕ
2287 543 2585 603 MONAST.
2626 549 2753 603 LIB.
2797 549 2883 604 Ill.

3586 566 3692 619 3ῖὶ

2030 657 2444 724 ἀναλογίζεσθαι
2491 664 2689 732 μόνας;
2726 666 2918 717 Καίτοι
2948 683 3009 733 γε
3044 667 3161 721 ἐκεῖ
3198 669 3298 743 μιν
3325 672 3450 725 ὅταν
3476 675 3693 732 ἅπαντα

2032 745 2261 818 συνέλθῃ
2290 747 2356 799 τὰ
2385 749 2665 818 ὀφείλοντα
2701 753 3046 824 συνδραμεῖν,
3092 760 3227 828 πρὸς
3259 759 3407 830 αύτῴ
3429 763 3507 833 τῷ
3544 766 3691 820 τέλει

2029 831 2290 895 πολλάκις
2311 833 2537 901 θάνατος
2557 840 2733 910 ἄωρος
2766 842 3087 911 προσπεσὼν
3112 844 3420 915 ἀπήνεγκεν
3452 831 3708 920 ἀπεφάς·

2028 939 2196 975 νωτον
2218 923 2310 975 τδν
2340 922 2576 997 ἀθλητὴν
2603 926 2741 997 μετά
2760 929 2888 991 τοὺς
2914 932 3139 1000 μυρίους
3172 933 3401 1004 ἱδρῶτας
3418 954 3431 966 ·
3461 938 3695 993 ἐνταῦθα

2028 1008 2085 1063 δὲ
2117 1007 2219 1095 κᾶν
2244 1010 2301 1061 ἐν
2338 1011 2519 1081 μέσοις
2544 1016 2659 1077 τοῖς
2685 1014 2859 1084 ἀγῶσι
2888 1016 3044 1069 τοῦτο
3073 1019 3320 1089 γένηται,
3352 1023 3472 1076 τότε
3492 1024 3557 1095 δὴ
3594 1028 3697 1094 μά-

2025 1098 2182 1148 λιστα
2201 1094 2449 1168 λαμπρὸς
2477 1101 2568 1152 καὶ
2602 1103 3041 1173 ἐστεφανωμένος
3067 1104 3284 1159 ἄπεισιν
3315 1103 3487 1172 οὗτος.
3528 1094 3692 1165 ’Ὥστε

2026 1182 2158 1234 εἰτὸ
2180 1182 2372 1252 μέλλον
2403 1184 2664 1251 δέδοικας,
2696 1191 2790 1243 ἐπὶ
2820 1189 2929 1243 τῶν
2958 1191 3130 1260 λόγων
3158 1192 3455 1247 δεδοικέναι
3490 1196 3693 1265 μᾶλλον

2024 1268 2149 1334 ἔδει,
2179 1268 2310 1323 ἔνθα
2335 1270 2503 1325 πολλά
2528 1272 2596 1325 τά
2631 1275 2924 1345 κωλύματα
2952 1280 3087 1348 1:90;
3105 1281 3166 1331 10
3195 1281 3367 1349 πέρας
3390 1282 3582 1340 ἐλθεῖν.
3620 1286 3693 1338 Σὺ

2023 1358 2077 1411 δὲ
2107 1361 2223 1412 ἐκεῖ
2263 1360 2362 1429 μὲν
2392 1360 2535 1433 κάθῃ
2572 1363 2760 1432 χρόνον
2808 1365 3092 1433 ἀναμένων
3144 1369 3369 1438 μακρὸν,
3410 1370 3506 1423 καὶ
3554 1372 3692 1443 πρὸς

2022 1445 2170 1499 οὐδὲν
2196 1447 2304 1500 τῶν
2326 1450 2384 1500 ἐν
2415 1449 2585 1521 μέσῳ,
2616 1449 2859 1521 δαπάνην
2899 1451 3041 1520 λέγω
3071 1454 3165 1505 καὶ
3190 1454 3562 1525 ταλαιπωρίαν
3598 1460 3692 1511 καὶ

2022 1531 2082 1583 10
2111 1533 2324 1603 ἄδηλον,
2358 1537 2493 1590 ἀλλά
2517 1538 2652 1609 1:90;
2681 1538 2743 1591 10
2782 1539 2935 1603 τέλος
2971 1540 3132 1610 μόνον
3162 1541 3336 1612 ὀρῶψ
3373 1542 3606 1596 ἐνταῦθα
3634 1544 3692 1597 δέ

2021 1616 2173 1671 οὔπω
2200 1622 2308 1673 τῶν
2333 1623 2621 1693 προθύρων
2666 1625 2760 1677 τοῦ
2822 1626 3009 1688 παιδὸς
3054 1627 3360 1691 ἐπιϐάντος,
3403 1629 3524 1681 οὐδὲ
3556 1630 3691 1699 ἀψα-

2027 1705 2189 1772 μένου
2232 1707 2332 1777 τῆς
2393 1710 2563 1779 καλῆς
2624 1712 2829 1781 ταύτης
2886 1712 3234 1783 φιλοσοφίας,
3297 1716 3545 1779 δέδοικας
3594 1720 3688 1770 καὶ
3755 1753 3764 1760 -

2022 1786 2245 1857 τρέμεις
2284 1788 2505 1854 εὐθέως,
2546 1793 2640 1845 καὶ
2666 1795 2747 1856 είς
2776 1795 3083 1862 ἀπόγνωσιν
3129 1797 3418 1867 ἐμϐάλλεις
3468 1800 3558 1852 10v
3596 1799 3687 1853 λο-

2022 1875 2253 1944 γισμόν;
2308 1878 2418 1930 Kal
2473 1878 2578 1951 μὴν
2638 1881 2801 1945 αὐτὸς
2847 1882 3153 1954 ἔμπροσθεν
3189 1884 3402 1953 ἔλεγες·
3437 1886 3502 1937 Τί
3548 1888 3685 1957 γάρ;

2021 1957 2176 2011 πόλιν
2222 1970 2245 1998 ο
2283 1960 2533 2015 οἰκοῦντα
2578 1964 2673 2016 καὶ
2703 1965 2878 2019 οἰκίαν
2911 1966 3101 2037 ἔχοντα
3149 1967 3387 2035 σωθῆναι
3432 1969 3532 2023 ούκ
3576 1970 3686 2037 Evn;

2020 2041 2229 2095 Οὐκοῦν
2252 2045 2300 2096 εί
2325 2045 2465 2115 μετά
2507 2046 2605 2117 τῆς
2654 2047 2880 2113 πόλεως,
2930 2051 3024 2103 καὶ
3064 2051 3163 2120 τῆς
3208 2052 3404 2115 οἰκίας,
3450 2052 3545 2105 καὶ
3588 2053 3689 2123 τῆς

2019 2131 2275 2197 γυναικὸς
2306 2132 2545 2203 σωθῆναι
2572 2134 2817 2200 δυνατὸν,
2862 2137 3042 2206 πολλῷ
3078 2138 3276 2206 μᾶλλον
3305 2142 3473 2211 χωρὶς
3498 2157 3688 2207 γυναι-

2018 2215 2113 2279 x0;
2150 2218 2245 2271 καὶ
2285 2218 2396 2272 τῶν
2438 2220 2612 2274 ἄλλων
2655 2222 2879 2277 τούτων.
2921 2225 2994 2277 υύ
3038 2225 3147 2296 γάρ
3204 2228 3320 2278 ἐστι
3379 2226 3473 2279 τοῦ
3522 2227 3685 2281 αὐτοῦ

2019 2301 2114 2356 νῦν
2144 2304 2243 2373 μὲν
2272 2305 2522 2377 θαρρεῖν,
2560 2310 2655 2361 καὶ
2692 2313 2740 2363 εί
2783 2310 2841 2366 ἐν
2885 2313 2995 2375 τοῖς
3035 2312 3307 2383 βιωτικοῖς
3425 2314 3686 2384 πράγμα-

2021 2405 2106 2441 σιν
2146 2390 2509 2462 ἐνδεδεμένος,
2549 2395 2626 2457 ὡς
2652 2396 2878 2467 δυνατῆς
2898 2397 2925 2437 ἀ
2952 2400 3046 2454 xal
3076 2400 3219 2453 οὕτω
3258 2400 3359 2469 τῆς
3412 2403 3687 2472 σωτηρίας

2020 2474 2215 2547 οϐσης·
2246 2477 2342 2531 νῦν
2382 2479 2460 2543 δὲ,
2501 2481 2605 2536 κάν
2646 2484 2864 2538 πάντων
2916 2482 3417 2560 ἀπηλλαγμένοςῇ,
3457 2489 3686 2559 τρέμειν

2021 2563 2115 2616 καὶ
2143 2563 2461 2633 δεδοικέναι,
2482 2568 2560 2631 ὡς
2584 2570 2704 2623 οὐδὲ
2730 2571 2936 2625 τούτων
2963 2574 3133 2644 χωρὶς
3153 2573 3509 2645 εὐδοκιμῆσαι
3542 2577 3684 2632 ἐνόν.

2020 2650 2083 2703 EE
2114 2650 2222 2721 γάρ
2250 2653 2405 2706 πόλιν
2436 2655 2598 2708 οἰκῶν
2622 2657 2852 2726 ὴδύνατο
2887 2659 3175 2725 σώζεσθαι,
3211 2661 3285 2724 ὡς
3316 2661 3472 2731 ἔφης,
3505 2662 3685 2735 πολλῷ

2022 2737 2222 2806 μᾶλλον
2261 2738 2361 2809 τὴν
2407 2742 2642 2812 ἐρημίαν
2688 2746 3031 2802 καταλαϐών.
3070 2748 3194 2812 Πῶς
3231 2744 3325 2803 οὖν
3366 2751 3430 2813 τὸ
3485 2750 3683 2804 ἀδύνα-

2017 2846 2109 2883 τον
2150 2829 2383 2885 ἐνταῦθα
2425 2832 2691 2897 δέδοικας,
2734 2836 2853 2888 ἐκεῖ
2900 2835 2976 2907 μὴ
3008 2836 3265 2907 φοϐηθεὶς
3314 2837 3444 2891 ἔνθα
3482 2839 3686 2909 μᾶλλον

2017 2919 2221 2988 ἐκρῆν;

2090 3042 2251 3095 ιε’.ού
2266 3041 2373 3109 γάρ
2387 3042 2600 3114 ἐστι,φη
2608 3045 2829 3099 σὶν.ίσον
2841 3045 3089 3115 βιωτικὸν
3103 3048 3233 3102 ὄντα
3246 3049 3685 3121 διαμαρτεῖν,καὶ

2016 3127 2271 3193 καθάπαξ
2296 3129 2562 3182 ἀναθέντα
2595 3132 2783 3185 ἐαυτὸν
2813 3134 2893 3202 τῷ
2918 3134 3039 3204 Θεῷ
3056 3152 3070 3164 ·
3100 3136 3162 3188 οὐ
3189 3136 3297 3208 γάρ
3325 3138 3432 3191 άπὸ
3467 3139 3561 3192 τοῦ
3588 3140 3687 3192 αύσι
3742 3140 3743 3143 “

2016 3215 2110 3267 τοῦ
2138 3215 2305 3284 ὕψους
2334 3216 2630 3289 ἀμφότεροι
2655 3222 3107 3288 καταπίπτουσιν,
3131 3224 3252 3277 ὅθεν
3277 3226 3397 3279 ούδέ
3426 3226 3496 3280 τά
3516 3226 3685 3297 τραύ-

2020 3319 2166 3373 ματα
2185 3302 2338 3376 [101]
2365 3304 2549 3367 αὐτοῖς
2570 3305 2678 3360 ἴσα.
2701 3308 2913 3379 Σφόδρα
2932 3310 3146 3381 άπατᾷς
3168 3312 3361 3366 σαυτὸν
3387 3316 3482 3367 καὶ
3513 3315 3685 3382 σφάλι

2014 3388 2146 3454 λεις,
2169 3393 2219 3444 εί
2243 3390 2377 3444 ἄλλα
2407 3393 2505 3461 μὲν
2522 3393 2623 3445 οῖει
2649 3393 2739 3447 τόν
2765 3393 3034 3464 βιωτικὸν,
3060 3398 3223 3469 ἐτερα
3247 3399 3304 3453 δέ
3329 3401 3680 3455 ἀπαιτεῖσθαι

2011 3477 2103 3530 τὸν
2146 3479 2377 3548 μοναχὸν
2398 3496 2413 3509 ·
2444 3480 2478 3550 ἡ
2504 3479 2612 3551 γάρ
2636 3480 2869 3550 διαφορά
2896 3482 3105 3546 τούτοις
3135 3487 3193 3538 ἐν
3218 3485 3298 3556 τῷ
3320 3488 3566 3558 γαμῆσαι
3586 3492 3681 3543 καὶ

2015 3564 2113 3635 μὴ,
2133 3564 2243 3617 τῶν
2270 3565 2327 3619 δὲ
2357 3565 2531 3620 ἄλλων
2564 3566 2750 3620 ἕνεκεν
2781 3568 3039 3623 ἀπάντων
3077 3572 3265 3636 κοινάς
3296 3574 3554 3645 ὑπέχουσι
3580 3577 3681 3641 τὰς

2010 3651 2259 3715 εὐθύνας.
2280 3654 2391 3706 Kal
2416 3654 2526 3724 γάρ
2549 3657 2579 3708 0
2599 3654 2948 3726 ὀργιζόμενος
2978 3656 3058 3727 τῷ
3088 3659 3300 3730 ἀδελφῷ
3337 3662 3502 3715 αὐτοῦ
3530 3665 3677 3737 εἰκῆ.

2011 3736 2112 3790 κάν
2138 3754 2197 3790 τε
2221 3738 2494 3807 βιωακός,
2522 3740 2624 3793 κάν
2656 3757 2715 3793 τε
2746 3742 2979 3811 μοναχὺς
3007 3739 3064 3816 ᾗ,
3094 3744 3172 3814 τῷ
3202 3745 3323 3817 Θεῷ
3348 3736 3682 3821 προσέκρου-

2012 3840 2103 3877 σεν
2122 3826 2349 3894 ὁμοίως·
2386 3827 2479 3878 καὶ
2504 3828 2533 3879 0
2559 3826 2771 3896 βλέπων
2804 3833 3039 3895 γυναῖκα
3072 3832 3209 3903 πρὸς
3244 3833 3307 3887 τό
3344 3834 3679 3907 ἐπιθυμῆσαι

2010 3910 2201 3981 αὐτῆς,
2230 3911 2296 3965 ἄν
2333 3928 2390 3964 τε
2428 3911 2586 3965 τοῦτο
2613 3912 2679 3967 ἀν
2705 3930 2766 3966 τε
2804 3916 2982 3969 ἐκεῖνο
3010 3918 3505 3992 τυγχάνῃέόμοίως
3539 3924 3681 3994 ὑπὲρ

2008 3996 2111 4065 τῆς
2142 3997 2384 4066 μοιχείας
2408 4000 2851 4071 τιμωρηθήσεται
2871 4001 3092 4074 ταύτης.
3120 4004 3186 4058 El
3220 4006 3277 4060 δὲ
3312 4008 3419 4079 χρὴ
3446 4010 3544 4063 καὶ
3567 4011 3681 4065 ἀπὶ

2010 4082 2269 4153 λογισμοῦ
2296 4084 2633 4155 προσθεῖναι,
2657 4088 2687 4139 0
2710 4086 2961 4157 βιωτικὺς
2981 4090 3491 4166 ἀσυγγνωστότερος
3517 4096 3678 4153 τοῦτο

2012 4169 2199 4224 παθών
2219 4187 2232 4200 ·
2274 4172 2336 4224 οὐ
2361 4172 2470 4243 γάρ
2500 4172 2648 4227 ἐστιν
2682 4173 2795 4227 ίσον
2820 4180 3055 4244 γυναῖκα
3090 4178 3303 4250 ἔχοντα,
3348 4184 3446 4236 καὶ
3484 4184 3673 4237 τοσαύ-

2009 4272 2109 4326 της
2150 4257 2493 4312 ἀπολαύοντα
2530 4261 2901 4331 παραμυθίας,
2934 4264 3120 4319 κάλλει
3169 4273 3537 4338 προσπταῖσαι
3573 4287 3673 4340 70-

2009 4343 2211 4406 ναικὸς,
2250 4345 2343 4396 καὶ
2364 4346 2582 4415 ἀπάσης
2598 4347 2802 4418 ταύτης
2823 4350 3267 4423 ἀπεστερημένον
3298 4355 3400 4423 τῆς
3426 4355 3676 4428 βοηθείας

2009 4428 2209 4481 ἁλῶναι
2230 4428 2308 4499 τῷ
2333 4429 2511 4499 δεινῷ.
2532 4432 2701 4486 Πάλιν
2719 4436 2748 4487 0
2767 4435 2958 4503 ὀμνὺς,
2980 4438 3045 4491 ἀν
3066 4455 3126 4490 τε
3150 4439 3308 4493 τοῦτο
3324 4440 3390 4494 ἀν
3411 4459 3472 4494 τε
3496 4446 3676 4497 ἐκεῖνο

2004 4510 2062 4587 ᾖ,
2087 4514 2287 4586 ὁμοίως
2314 4516 2749 4582 καταδικάζεται.
2779 4522 2913 4575 Ούδέ
2960 4523 3069 4595 γάρ
3089 4526 3118 4577 0
3136 4526 3390 4597 Χριστὸς,
3421 4528 3511 4582 ὅτε
3543 4533 3674 4600 περὶ

2004 4600 2207 4653 τούτων
2232 4602 2543 4657 διετάσσετο
2567 4606 2660 4659 καὶ
2688 4608 3012 4678 ἐνομοθέτει,
3029 4608 3220 4663 τοῦτον
3245 4614 3537 4685 ἐποιήσατο
3578 4617 3674 4670 10v

2004 4686 2301 4760 διορισμὸν,
2328 4691 2449 4745 οὐδὲ
2470 4687 2648 4748 εἶπεν⁸
2684 4694 2810 4749 Ἐἀν
2847 4697 2946 4765 μὲν
2977 4699 3209 4769 μωαχός
3227 4703 3256 4754 0
3284 4702 3499 4772 ὀμνύων
3520 4701 3578 4777 ᾖ,
3606 4707 3675 4760 ἐκ

2005 4776 2100 4831 τοῦ
2129 4778 2366 4850 πονηροῦ
2394 4782 2422 4832 ὀ
2455 4782 2647 4851 ὅρκος·
2695 4782 2789 4835 ἐάν
2831 4782 2887 4836 δὲ
2923 4785 2997 4855 μὴ
3031 4788 3282 4857 μοναχὺς,
3310 4776 3533 4845 οὐκέτι(
3554 4792 3670 4847 ἀλλ’

2007 4865 2195 4929 ἁπλῶς
2256 4868 2351 4920 καὶ
2388 4868 2641 4933 καθάπαξ
2684 4870 2886 4923 ἅπασιν
2935 4872 3151 4941 ἔλεγεν*
3218 4876 3358 4946 Ἐγὼ
3403 4878 3474 4932 δὲ
3510 4882 3671 4952 λέγω

2004 4953 2168 5022 ὑμῖν,
2196 4955 2283 5023 μὴ
2318 4957 2533 5024 ὀμόσαι
2583 4956 2756 5022 ὅλως.
2793 4959 2905 5012 Kal
2950 4960 3111 5015 πάλιν
3138 4962 3329 5026 εἰπὼν,
3357 4969 3502 5021 Οὐαὶ
3543 4970 3670 5039 τοῖς

2004 5040 2284 5111 τελῶσιν,
2314 5045 2376 5095 οὐ
2420 5043 2723 5113 προσέθηκε
2745 5046 2871 5110 τοὺς
2897 5052 3181 5120 μοναχοῦς,
3212 5052 3325 5106 ἀλλ’
3350 5055 3534 5121 ἁπλῶς
3555 5060 3670 5112 ἐνο-

2008 5128 2302 5199 μοθέτησεν
2343 5129 2546 5183 ἅπασιν
2584 5130 2728 5183 οὕτω
2748 5150 2762 5164 ο
2818 5136 2911 5188 καὶ
2937 5138 2995 5188 ἐν
3024 5141 3138 5203 τοῖς
3164 5138 3344 5204 ἄλλοις
3373 5141 3430 5195 δέ
3464 5144 3669 5198 ἀπασιν

2003 5214 2176 5278 οὕτως
2203 5217 2425 5283 ἐποίησε
2453 5221 2566 5283 τοῖς
2591 5220 2846 5289 μεγάλοις
2873 5224 2966 5275 καὶ
2989 5223 3320 5295 θαυμαστοῖς
3352 5230 3667 5301 παραγγέλο

2007 5318 2159 5371 μασι.
2182 5302 2293 5356 Kal
2323 5304 2434 5375 γάρ
2465 5305 2555 5358 ὅτε
2580 5305 2758 5375 λέγει·
2789 5309 3063 5381 Μακάριοι
3091 5315 3140 5366 οί
3171 5316 3375 5384 πτωχοὶ
3401 5316 3479 5387 τῷ
3506 5318 3670 5372 πνεύ-

2006 5412 2157 5465 ματι,
2186 5398 2236 5450 οί
2256 5398 2597 5463 πενθοῦντες,
2626 5403 2674 5454 οί
2702 5404 2911 5470 πραεῖς,
2940 5404 2991 5455 οί
3029 5406 3319 5469 πεινῶντες
3346 5410 3438 5461 καὶ
3468 5409 3665 5479 διψῶν-

2001 5501 2094 5548 τες
2120 5485 2217 5557 τὴν
2241 5487 2604 5560 δικαιοσύνην,
2626 5490 2676 5542 οί
2698 5490 3006 5562 ἐλεήμονες,
3030 5495 3079 5546 οί
3102 5494 3329 5566 καθαροὶ¹
3348 5500 3416 5569 τῇ
3444 5501 3663 5572 καρδία,

2002 5578 2053 5629 οἱ
2074 5580 2423 5650 εἰρηνοποιοί,
2444 5583 2493 5634 οί
2519 5581 2864 5653 δεδιωγμένοι
2892 5585 3074 5640 ἕνεκεν
3097 5586 3460 5661 δικαιοσύνης,
3485 5594 3535 5644 οί
3567 5596 3661 5646 καὶ

2005 5673 2145 5743 ρητά
2179 5675 2271 5727 καὶ
2296 5676 2510 5745 ἄρρητα
2546 5676 2787 5733 διἀύτὸν
2822 5681 2978 5753 παρά
3011 5682 3120 5736 τῶν
3155 5683 3356 5747 Ξξωθεν
3374 5686 3662 5750 ἀκούοντες

2066 5850 2263 5925 ’,ἰὶᾶεεη
2284 5850 2365 5925 τὸν
2391 5853 2481 5916 γὰρ
2502 5854 2655 5902 πόλιν.
2697 5855 2826 5908 Infra
2865 5861 3015 5910 iidem
3060 5864 3227 5922 πολλῷ
3272 5865 3449 5925 μᾶλλον
3478 5864 3662 5913 τούτων

2001 5928 2490 6045 ὐοᾳσ
2508 5979 2576 6033 ὡς
2597 5980 2813 6040 δυνατῆς,
2840 5982 3014 6045 Morel.
3042 5991 3097 6033 et
3116 5987 3244 6035 alius
3263 5988 3320 6037 οὐ
3339 5989 3555 6045 δυνατῆς.
3580 5985 3661 6033 Vn-

2002 6032 2073 6081 τη
2099 6036 2247 6106 ειπερ)
2273 6032 2599 6107 κάν-,πάντωὴ
2625 6050 2676 6089 el.
2709 6032 2925 6107 δίϊίεείι
2947 6032 3653 6107 ίοιθὶριῖὲὲῗςξινίῖεἶῶτὸι.

2005 6113 2091 6143 κείν
2129 6098 2326 6149 τούτων.
2359 6098 2512 6149 Paulo
2542 6110 2656 6163 post
2677 6118 2801 6154 unus
2822 6098 2974 6156 cﬁdex
3012 6098 3373 6172 εύδοκιμήσαιιν
3392 6112 3464 6158 ἀν’
3488 6112 3529 6159 εἰ
3550 6109 3655 6169 γάρ·

3111 6196 3187 6257 21
