4532 6704
455 585 562 640 δῖδ

458 717 553 768 pro
581 701 694 767 ipso
720 700 786 753 ab
813 698 895 758 iis,
925 695 1012 763 qui
1041 691 1169 743 foris
1197 690 1340 741 sunt,
1373 676 1619 730 audiunt:
1655 691 1825 742 neque
1844 687 2009 768 sire-u-

459 762 797 857 laris,-neque
827 762 1071 840 monachi
1092 787 1283 828 nomen
1306 767 1554 836 apponit;
1583 767 1675 820 sed
1703 768 1814 818 lucc
1829 762 2016 815 distiu-

456 880 559 934 ctio
585 879 652 933 ab
679 878 948 932 hominum
979 874 1154 921 mente
1183 859 1393 914 inducta
1423 865 1521 913 est.
1558 857 1842 924 Scriptura:
1889 864 2017 904 vero

459 969 588 1024 nihil
618 974 809 1022 norunt
839 954 1158 1028 hujusmodi,
1185 951 1276 1004 sed
1305 951 1484 1004 volunt
1502 962 1685 1002 omnes
1711 947 1868 998 vitam
1898 958 2016 996 mo-

461 1061 747 1112 nachorum
764 1064 939 1120 agere,
969 1046 1130 1099 etiam
1159 1043 1203 1095 si
1230 1057 1418 1095 uxores
1441 1040 1686 1093 habeant.
1713 1033 1848 1089 Audi
1876 1033 2015 1086 enim

459 1148 584 1216 quid
613 1146 753 1198 dicat
796 1137 1021 1196 Paulus;
1049 1148 1167 1186 cum
1226 1132 1442 1185 Paulum
1492 1127 1723 1197 profero,
1753 1123 2018 1216 Christum

462 1213 579 1291 dico
601 1247 801 1288 rursus.
833 1227 928 1280 Hic
946 1226 1099 1295 igitur
1116 1240 1234 1278 cum
1260 1222 1553 1292 conjugatis
1577 1217 1877 1272 hominibus
1899 1213 2023 1267 scri-

465 1333 632 1390 beret,
666 1323 903 1387 filiosque
951 1317 1317 1380 nutrientibus,
1360 1327 1572 1366 omnem
1615 1309 1682 1362 ab
1711 1307 1814 1360 illis
1841 1317 2023 1357 mona-

463 1424 646 1475 sticam
673 1411 994 1482 diligentiam
1017 1411 1210 1478 exigit;
1239 1423 1358 1461 nam
1379 1405 1593 1459 delicias
1612 1411 1796 1453 omnes
1818 1393 2021 1462 penitus

467 1520 729 1569 resecans,
764 1516 868 1557 tum
899 1519 987 1558 eas
1011 1518 1127 1572 quat
1151 1501 1216 1554 ad
1247 1507 1438 1560 vestes,
1469 1506 1576 1548 tum
1605 1505 1694 1544 eas
1719 1503 1834 1556 quze
1854 1484 1918 1537 ad
1948 1498 2024 1536 Ct-

468 1604 562 1654 bos
587 1597 870 1666 pertinent,
904 1595 1017 1648 hmc
1042 1595 1116 1646 ait
1143 1610 1155 1643 :
1188 1590 1423 1644 Mulieres
1444 1587 1496 1637 in
1518 1582 1691 1634 habitu
1719 1586 1893 1629 ornato
1914 1589 2027 1666 cum

468 1665 757 1742 verecundia
776 1697 821 1738 et
847 1685 1107 1739 sobrietate
1127 1689 1358 1735 amantes
1385 1693 1465 1740 se,
1491 1683 1654 1726 etnon
1682 1669 1733 1719 in
1763 1666 1900 1717 tortis
1925 1665 2027 1715 cri-

469 1778 632 1840 nibus,
650 1787 888 1839 autauro,
911 1783 994 1827 aut
1015 1768 1316 1840 margaritis,
1337 1765 1413 1816 vel
1434 1771 1561 1814 veste
1582 1758 1796 1827 pretiosa
1810 1753 1858 1825 (l
1872 1753 2024 1806 .Tim.

468 1871 521 1923 2.
557 1870 590 1923 9
616 1868 634 1937 )
666 1883 682 1932 ;
709 1882 770 1920 ac
791 1880 1020 1928 rursum,
1053 1863 1178 1927 Qua:
1228 1866 1394 1909 autem
1439 1854 1491 1904 in
1536 1849 1727 1901 deliciis
1749 1856 1840 1911 est,
1866 1846 2030 1897 vivens

471 1969 666 2012 mortua
685 1967 755 2010 est
778 1958 851 2026 (1.
876 1953 1008 2008 Tim.
1040 1953 1091 2006 5.
1115 1949 1167 2019 6)
1198 1966 1211 2012 ;
1242 1948 1557 2009 iterumque,
1591 1937 1839 1990 Habentes
1866 1945 2031 1986 autem

471 2053 724 2113 alimenta,
751 2059 793 2101 et
822 2045 998 2116 quibus
1019 2053 1258 2112 tegantur,
1285 2036 1362 2088 his
1392 2031 1606 2084 contenti
1624 2030 1778 2082 simus
1803 2028 1876 2096 (l.
1893 2026 2026 2078 Tim.

474 2144 525 2197 6.
546 2143 621 2212 8).
648 2140 781 2208 Quid
802 2137 1025 2204 amplius
1047 2138 1222 2202 posset
1238 2124 1425 2193 aliquis
1446 2138 1473 2173 a
1500 2120 1768 2212 monachis
1787 2117 2031 2212 esigere?

474 2207 603 2289 Cum
623 2207 797 2286 autem
815 2229 947 2282 alios
973 2223 1038 2276 ad
1061 2222 1286 2288 linguam
1313 2210 1685 2268 continendam
1714 2207 2032 2269 institueret,

473 2332 744 2379 accuratas
772 2331 980 2372 rursum
1012 2314 1154 2380 leges
1194 2305 1378 2361 statuit
1406 2320 1419 2366 ;
1453 2301 1708 2368 talesque,
1766 2296 1947 2365 quales
1971 2309 2039 2347 ne

473 2417 574 2485 ipsi
601 2412 813 2483 quidem
842 2403 1084 2461 monachi
1107 2400 1256 2453 facile
1279 2394 1550 2463 impleant.
1570 2390 1684 2485 l‘lon
1703 2388 1842 2442 enim
1867 2385 2039 2485 turpi-

477 2474 732 2560 tudinem,
755 2508 809 2551 et
835 2490 1217 2560 stultiloquium
1242 2495 1464 2545 tantum,
1494 2479 1585 2534 sed
1613 2478 1772 2533 etiam
1796 2474 2040 2529 scurrili-

478 2604 638 2648 tatem
663 2586 900 2643 eliminat
932 2600 945 2635 z
974 2595 1077 2634 non
1101 2578 1352 2637 furorem,
1394 2573 1526 2625 iram
1565 2579 1617 2622 et
1638 2563 2039 2619 amaritudinem

478 2682 667 2743 solum,
704 2676 799 2732 sed
849 2674 1006 2728 etiam
1036 2670 1320 2724 clamorem
1347 2662 1412 2716 ab
1437 2676 1529 2715 ore
1554 2657 1786 2712 ﬁdelium
1816 2662 2037 2709 resecat.

482 2745 681 2835 Omnis,
708 2766 895 2836 inquit,
926 2764 1002 2814 ira
1041 2770 1085 2813 et
1110 2755 1408 2825 indignatio,
1450 2760 1495 2804 et
1524 2749 1714 2802 clamor
1740 2755 1784 2798 et
1809 2744 2040 2836 blasphe-

483 2863 582 2914 mia
611 2833 818 2912 tollatur
844 2873 874 2906 a
899 2851 1048 2914 vobis,
1082 2863 1195 2900 cum
1215 2845 1351 2898 omni
1382 2841 1575 2893 malitia
1601 2836 1815 2909 (Ep/tes.
1847 2836 1898 2888 Δ.
1924 2833 2038 2902 51).

482 2951 616 3004 Num
638 2949 751 3001 haec
776 2945 868 2998 tibi
897 2956 1054 3011 parva
1077 2937 1321 2990 videntur
1337 2932 1360 2984 ?
1376 2933 1441 2984 At
1457 2938 1723 2996 exspecta,
1753 2935 1807 2980 et
1827 2925 1909 2977 his
1933 2925 2046 2976 lon-

483 3057 546 3112 ge
567 3040 763 3106 majora
784 3035 986 3096 audies,
1001 3045 1117 3100 quae
1137 3027 1205 3082 de
1231 3026 1487 3079 malorum
1512 3017 1785 3112 tolerantia
1803 3014 2049 3112 omnibus

485 3105 738 3199 praecipit.
771 3125 886 3188 Sol,
935 3121 1120 3189 inquit,
1172 3133 1268 3168 non
1318 3113 1511 3166 occidat
1552 3122 1705 3179 super
1738 3105 2051 3199 iracundiam

485 3195 694 3272 uestram
723 3216 741 3286 (
771 3211 1035 3282 EphesJ.
1082 3206 1208 3277 26).
1248 3203 1417 3257 Videte
1464 3218 1526 3255 ne
1567 3201 1676 3267 quis
1718 3195 1907 3251 malum
1961 3211 2051 3262 pro

485 3309 618 3362 malo
645 3307 875 3373 cuiquam
899 3299 1074 3353 reddat
1102 3313 1121 3360 ,'
1149 3296 1234 3349 sed
1255 3309 1447 3360 semper
1471 3291 1602 3359 quod
1628 3290 1810 3342 bonum
1855 3296 1926 3340 est
1968 3301 2052 3340 se-

485 3398 690 3450 ctamini
711 3397 760 3446 in
780 3394 1006 3456 invicem,
1031 3400 1078 3441 et
1099 3391 1149 3440 in
1169 3401 1336 3440 omnes
1361 3379 1780 3452 (l.Thess.5.15)
1806 3395 1819 3430 :
1845 3391 1907 3430 ac
1934 3391 2052 3429 rur-

487 3503 625 3551 sum,
649 3483 770 3537 Νυιὶ
790 3482 916 3534 vinci
943 3498 973 3532 a
994 3479 1146 3542 malo,
1171 3475 1257 3528 sed
1277 3475 1414 3526 vince
1432 3472 1483 3523 in
1509 3471 1634 3522 bono
1662 3466 1849 3520 malum
1875 3464 2047 3535 (Rom.

491 3581 576 3636 l2.
606 3579 670 3632 ‘21
697 3579 739 3648 ).
774 3574 1031 3628 Vidistine
1049 3566 1393 3639 philosophia:
1422 3576 1476 3617 et
1503 3559 1914 3629 longanimitatis
1942 3571 2054 3610 ma-

488 3670 810 3742 gnitudinem
829 3665 894 3719 ad
913 3675 1218 3730 supremum
1240 3658 1448 3710 culmen
1474 3651 1848 3707 ascendentem
1866 3649 1890 3742 ’ζ
1916 3648 2054 3742 Audi

489 3741 614 3831 quid
641 3759 708 3813 de
735 3757 973 3818 caritate,
993 3767 1109 3821 qum
1136 3759 1217 3803 est
1245 3755 1401 3814 caput
1427 3745 1707 3806 bonorum,
1736 3741 2007 3810 praecipiat
2037 3756 2051 3790 :

493 3859 764 3918 postquam
818 3844 959 3897 enim
1011 3856 1128 3895 eam
1179 3837 1480 3900 extulisset,
1534 3833 1753 3901 ejusque
1805 3831 2056 3899 praaclara

488 3949 635 4009 gesta
663 3941 947 3995 narrasset,
968 3930 1206 3984 eamdem
1234 3943 1290 3980 se
1311 3943 1339 3978 a
1361 3924 1700 3978 saecularibus
1717 3923 1929 3991 exigere
1955 3920 2054 3974 de-

492 4033 679 4095 clarat,
712 4042 870 4096 quam
907 4024 1150 4077 Christus
1175 4037 1205 4074 a
1261 4017 1556 4086 discipulis.
1602 4013 2057 4080 Quemadmodum

494 4127 632 4180 enim
653 4122 893 4177 Christus
914 4127 1205 4172 extremum
1226 4114 1458 4168 caritatis
1485 4110 1765 4163 terminum
1789 4123 1906 4161 esse
1929 4106 2061 4159 dixit

494 4215 722 4267 animam
753 4226 901 4265 suam
952 4223 1146 4277 ponere
1180 4221 1275 4276 pro
1304 4203 1486 4256 amicis
1514 4200 1642 4262 suis,
1689 4199 1764 4251 sic
1789 4205 1843 4250 et
1868 4195 2059 4248 Paulus

496 4304 720 4372 idipsum
747 4299 1041 4354 subiudicat
1061 4297 1143 4348 his
1173 4294 1349 4347 verbis
1373 4309 1386 4343 :
1410 4291 1605 4344 Caritas
1629 4303 1728 4339 non
1749 4286 1925 4354 quierit
1946 4298 2059 4352 qua:

496 4410 587 4446 sua
607 4403 720 4445 sunt
744 4391 762 4460 (
787 4391 836 4442 l.
864 4387 980 4442 Cor.
1003 4389 1088 4441 l3.
1117 4384 1204 4455 5),
1261 4394 1418 4452 atque
1461 4376 1760 4448 bujusmodi
1785 4375 2056 4429 caritatem

495 4481 686 4537 sectari
711 4482 726 4510 ⁸
754 4479 921 4547 jubet.
951 4478 1025 4529 ita
1055 4485 1111 4528 ut
1135 4477 1178 4528 si
1208 4475 1259 4527 id
1299 4474 1469 4527 solum
1509 4471 1706 4523 dictum
1743 4475 1912 4529 esset,
1943 4463 2058 4517 ido-

501 4587 655 4626 neum
687 4570 736 4623 id
763 4577 902 4621 esset
949 4576 1340 4635 argumentum,
1392 4565 1576 4618 eadem
1607 4563 1763 4631 ipsaa
1789 4557 2057 4615 saeculari-

500 4665 618 4728 bus,
647 4675 808 4730 quam
836 4657 1126 4721 monachis,
1157 4657 1350 4724 requiri
1383 4657 1528 4708 ιιιωο
1571 4655 1762 4724 quippe
1783 4661 1862 4706 est
1883 4651 2061 4704 vincu-

501 4755 607 4806 lum
637 4762 688 4805 et
719 4750 866 4803 radix
917 4749 1094 4801 multa:
1124 4747 1368 4808 virtutis;
1411 4760 1551 4799 nunc
1581 4755 1756 4800 autem
1788 4744 1928 4798 illam
1957 4741 2061 4794 itii-

502 4844 723 4897 nutatim
765 4850 818 4895 et
847 4855 940 4908 per
984 4848 1160 4906 partes
1191 4835 1374 4888 refert.
1407 4835 1542 4899 Quid
1575 4838 1731 4904 igitur
1757 4834 1854 4888 hac
1883 4831 2059 4902 philo-

499 4933 684 5002 sophia
711 4931 879 4998 majus
904 4927 1240 4996 requiratur?
1266 4925 1400 4979 Cum
1425 4926 1566 4979 enim
1593 4928 1690 4990 ira,
1722 4929 1919 4991 furore,
1951 4925 2062 4979 ela-

503 5040 668 5090 more,
699 5023 1040 5093 pecuniarum
1085 5018 1391 5088 cupiditate,
1423 5020 1625 5072 ventris
1673 5020 1925 5089 ingluvie,
1949 5032 2061 5071 ma-

501 5116 820 5185 gniﬁcentia,
843 5114 985 5166 inani
1020 5111 1206 5182 gloria,
1251 5119 1306 5164 et
1357 5109 1515 5162 rebus
1563 5109 1683 5162 aliis
1727 5110 2065 5164 saecularibus

503 5206 800 5274 superiores
831 5220 926 5258 nos
956 5219 1093 5268 esse,
1117 5210 1169 5255 et
1188 5200 1317 5255 nihil
1347 5214 1464 5253 cum
1495 5208 1635 5251 terra
1666 5215 1946 5253 commune
1968 5199 2064 5252 ha-

505 5299 627 5352 bere
655 5297 1084 5365 prtecipiat,cum
1130 5293 1363 5347 membra
1409 5298 1585 5343 nostra
1637 5292 1939 5358 morti/icore
1988 5291 2070 5360 ju-

507 5388 645 5450 beat,
672 5388 839 5454 palam
864 5397 944 5441 est
972 5403 1133 5440 euma
1155 5386 1307 5438 nobis
1335 5381 1570 5436 eamdem
1598 5381 1718 5434 vita:
1747 5383 2070 5451 diligentiam

507 5477 794 5545 requirere,
824 5493 979 5543 quam
1010 5478 1249 5531 Christus
1271 5490 1299 5528 a
1325 5472 1619 5540 discipulis;
1650 5479 1808 5539 atque
1825 5489 1921 5527 nos
1949 5489 2070 5541 pec-

505 5569 636 5622 catis
664 5577 898 5620 mortuos
925 5583 1043 5622 esse
1075 5569 1229 5633 velle,
1260 5581 1322 5620 ac
1347 5565 1390 5620 si
1411 5564 1519 5633 jam
1573 5563 1765 5614 mortui
1801 5573 1854 5614 et
1879 5563 2070 5630 sepulti

506 5673 762 5714 essemus.
819 5658 1147 5727 QuaprOpter
1197 5659 1322 5712 dicit
1361 5677 1373 5710 :
1408 5656 1542 5709 Nam
1591 5654 1676 5724 qui
1727 5665 1950 5705 mortuus
1977 5662 2067 5719 est,

506 5751 809 5820 justi/iectus
838 5759 908 5801 est
930 5766 958 5800 a
994 5759 1192 5811 peccato
1217 5751 1234 5807 l
1264 5750 1411 5804 Rom.
1440 5750 1492 5803 6.
1523 5750 1551 5801 7
1577 5748 1619 5817 ).
1667 5745 2068 5816 Nonnumquam

575 5931 590 5960 ⁸
626 5934 788 5989 Deest,
808 5926 995 5988 sectari,
1017 5927 1063 5974 in
1083 5925 1268 5975 duobus
1287 5932 1389 5974 uss.

1190 563 1548 628 ADVERSUS
1586 558 2116 615 Ol'PUCNATOllES
2157 554 2334 608 VlT/E
2361 552 2651 608 MUI'tAST.
2695 551 2817 605 Lm.
2859 550 2945 602 lli.

3574 549 3677 605 8Ίό

2125 671 2244 722 item
2275 668 2339 719 ad
2369 665 2584 727 Christi,
2621 680 2715 717 nec
2745 676 2944 717 tantum
2975 663 3039 715 ad
3084 663 3481 733 discipulorum,
3509 665 3681 717 imita-

2123 761 2317 810 tionem
2349 768 2446 806 nos
2468 754 2722 807 hortatur.
2751 753 2957 807 Etenim
2985 768 3104 806 cum
3127 769 3222 807 nos
3249 754 3487 808 hortatur
3501 754 3567 809 ad
3592 769 3684 808 ca-

2121 848 2351 905 ritatem,
2385 843 2506 896 inde
2560 846 2718 896 sumit
2759 843 3019 910 exempla,
3070 843 3413 910 similiterque
3467 860 3585 897 cum
3614 844 3681 896 ad

2123 934 2435 1001 injuriarum
2478 930 2814 999 oblivionem,
2874 942 3030 1001 atque
3080 933 3144 985 ad
3190 932 3523 988 modestiam.
3552 935 3682 989 Cum

2125 1024 2301 1089 itaque
2329 1036 2431 1074 non
2477 1023 2762 1075 monachos
2812 1034 3010 1076 tantum
3058 1039 3121 1077 ac
3170 1023 3481 1093 discipulos,
3511 1025 3605 1078 sed
3631 1033 3686 1078 et.

2126 1115 2296 1180 ipsum
2328 1114 2520 1165 imitari
2571 1113 2836 1166 Christum
2863 1115 3064 1181 jubeat,
3109 1123 3163 1170 et
3203 1131 3306 1169 non
3360 1117 3688 1170 imitantibus

2128 1205 2411 1257 maximum
2486 1212 2645 1271 ponat
2679 1204 3016 1272 supplicium,
3067 1221 3170 1272 qua
3223 1207 3435 1259 tandem
3480 1209 3688 1263 ratione

2127 1295 2258 1349 dicis
2284 1295 2426 1349 illam
2456 1310 2575 1349 esse
2620 1294 2788 1364 major
2823 1311 2873 1348 m
2917 1295 3290 1348 altitudinem?
3319 1297 3399 1350 Ad
3447 1300 3685 1352 eamdem

2129 1392 2266 1443 enim
2297 1392 2463 1459 ipsam
2495 1407 2682 1446 omnes
2730 1393 2970 1447 homines
3016 1394 3302 1448 ascendere
3360 1403 3603 1463 oportet:
3635 1403 3691 1447 et

2129 1480 2266 1546 quod
2295 1481 2595 1535 universum
2634 1484 2824 1538 evertit
2865 1485 3046 1538 orbem
3101 1484 3225 1537 illud
3271 1494 3372 1548 est,
3402 1483 3542 1553 quod
3560 1485 3690 1538 solis

2131 1569 2402 1623 monachis
2429 1571 2513 1622 illa
2540 1572 2809 1640 diligentia
2837 1588 2968 1640 opus
3009 1589 3128 1628 esse
3158 1584 3419 1642 putemus,
3451 1575 3687 1629 cmteris—

2131 1676 2234 1729 que
2263 1661 2587 1730 negligenter
2631 1664 2810 1716 vivere
2840 1665 3015 1717 licere.
3048 1665 3161 1717 Non
3193 1667 3260 1718 ita
3305 1681 3450 1730 sane,
3484 1683 3587 1722 non
3620 1668 3689 1720 ita

2132 1762 2232 1811 est,
2257 1751 2351 1805 sed
2396 1752 2579 1806 eadem
2607 1753 2673 1805 ab
2707 1753 2952 1806 omnibus
2991 1753 3321 1822 philosophia
3367 1758 3650 1824 requiritur
3680 1776 3692 1810 :

2133 1842 2292 1911 idque
2327 1842 2665 1897 vehementer
2693 1844 3069 1899 affirmaverim
3098 1863 3111 1908 ;
3137 1845 3242 1898 imo
3288 1861 3414 1900 vero
3441 1862 3544 1899 non
3573 1862 3690 1916 ego,

2134 1933 2294 1987 sedis
2317 1933 2404 2001 qui
2431 1949 2526 1986 nos
2547 1933 2873 2001 judicaturus
2906 1944 3004 1987 est.
3055 1935 3146 1988 Sin
3181 1935 3352 1989 adhuc
3390 1937 3596 1990 miraris
3645 1948 3700 1991 et

2136 2023 2326 2087 luet-es,
2368 2038 2463 2091 age
2498 2037 2704 2076 rursum
2752 2039 2819 2076 ex
2861 2022 3045 2076 iisdem
3089 2025 3491 2092 scaturiginibus
3540 2041 3694 2079 aures

2137 2119 2254 2164 tuas
2287 2112 2624 2176 inundemus,
2654 2121 2713 2166 ut
2738 2113 2910 2166 onmis
2939 2113 3317 2167 incredulitatis
3343 2125 3442 2168 tua:
3472 2117 3702 2184 nequitia

2138 2201 2400 2254 abluatur.
2426 2203 2748 2255 Documenta
2791 2218 2915 2256 vero
2944 2218 3146 2256 sumam
3177 2220 3242 2258 ex
3286 2205 3556 2272 suppliciis
3593 2205 3699 2260 diei

2141 2290 2299 2342 illius.
2333 2290 2487 2342 Dives
2522 2290 2640 2354 ille,
2672 2305 2776 2343 non
2803 2291 2942 2358 quod
2970 2293 3258 2345 monachus
3288 2293 3517 2347 crudelis
3540 2307 3701 2358 esset,

2143 2379 2262 2432 ideo
2279 2379 2643 2432 vehementius
2668 2380 3019 2446 cruciabatur,
3058 2382 3149 2434 sed
3175 2383 3217 2434 si
3246 2383 3370 2451 quid
3396 2400 3424 2436 a
3450 2383 3600 2438 nobis
3627 2385 3705 2437 in-

2142 2479 2354 2523 ventum
2372 2470 2511 2539 loqui
2537 2468 2614 2524 fas
2632 2470 2718 2534 sit,
2747 2470 2865 2538 quia
2904 2469 3168 2524 saecularis
3222 2486 3340 2524 cum
3364 2480 3527 2539 esset,
3551 2473 3603 2526 in
3631 2472 3709 2526 di-

2143 2560 2281 2613 vitiis
2311 2570 2362 2614 et
2384 2562 2434 2613 in
2463 2574 2690 2628 purpura
2713 2560 2930 2629 degens,
2958 2559 3214 2613 Lazarum
3241 2561 3291 2612 in
3313 2571 3548 2615 extrema
3576 2577 3706 2630 pau-

2145 2661 2348 2720 pertate
2374 2652 2635 2704 viventem
2663 2650 2924 2719 despexit.
2942 2650 3202 2704 Cazterum
3221 2666 3390 2719 neque
3417 2651 3516 2706 hoc
3536 2667 3707 2721 neque

2146 2744 2273 2796 illud
2303 2743 2494 2806 dicam,
2519 2742 2610 2795 sed
2628 2743 2797 2794 solum
2824 2742 2944 2810 quia
2967 2741 3200 2795 crudelis
3219 2753 3351 2806 erat,
3370 2743 3488 2796 ideo
3507 2744 3710 2812 majore

2149 2832 2282 2900 ignis
2325 2832 2580 2901 supplicio
2629 2832 2960 2901 puniebatur.
3014 2831 3257 2902 Virgines
3304 2849 3532 2903 quoque,
3589 2836 3714 2905 quia

2150 2921 2526 2974 humanitatem
2570 2921 3021 2988 posthabuerunt,
3056 2921 3173 2975 ideo
3201 2938 3229 2974 a
3274 2923 3506 2978 thalamo
3531 2928 3712 2994 sponsi

2151 3011 2376 3078 repulsa:
2399 3019 2522 3063 sunt
2543 3027 2556 3073 ;
2587 3025 2648 3063 ac
2674 3011 2718 3063 si
2745 3010 2869 3079 quid
2888 3026 2918 3063 a
2939 3013 3090 3064 nobis
3111 3013 3238 3080 ipsis
3257 3013 3434 3068 dicere
3459 3029 3591 3082 opus
3611 3017 3710 3080 sit,

2155 3113 2256 3152 non
2286 3099 2457 3152 solum
2485 3099 2585 3150 illis
2606 3099 2869 3154 cruciatus
2899 3114 3004 3155 non
3049 3101 3190 3154 aucti
3235 3111 3376 3164 sunt,
3401 3102 3540 3171 quod
3569 3104 3714 3172 virgi-

2156 3188 2371 3241 nitatem
2423 3188 2728 3252 coluissent,
2772 3188 2867 3244 sed
2912 3190 3150 3244 mitiores
3183 3190 3303 3244 ideo
3339 3190 3570 3246 fuerunt.
3600 3193 3716 3249 Non

2155 3280 2294 3334 enim
2308 3279 2584 3333 audierunt
2615 3279 2733 3334 :Ite
2772 3281 2825 3333 in
2861 3282 3025 3350 ignem
3081 3293 3312 3350 paratum
3337 3283 3536 3336 diabolo
3557 3295 3602 3337 et
3621 3301 3718 3338 an-

2153 3374 2274 3442 gelis
2324 3373 2432 3443 ejus
2463 3370 2689 3444 (Matth.
2735 3372 2823 3428 25.
2874 3373 2981 3444 41)
3009 3389 3024 3436 ;
3053 3374 3146 3427 sed
3189 3384 3415 3439 tantum,
3444 3375 3567 3430 Non
3609 3381 3722 3432 novi

2153 3479 2257 3517 vos.
2281 3462 2335 3517 Si
2353 3463 2471 3530 quis
2498 3479 2623 3517 vero
2643 3464 2783 3516 dicat
2815 3463 2916 3516 hoc
2937 3476 2990 3517 et
3019 3463 3144 3519 illud
3182 3464 3408 3534 idipsum
3429 3481 3568 3530 esse,
3591 3468 3719 3522 nihil

2155 3556 2477 3623 repugnabo.
2495 3554 2625 3608 Nam
2652 3555 2790 3624 quod
2819 3555 2944 3608 mihi
2967 3571 3104 3609 nunc
3137 3558 3417 3612 ostendere
3442 3559 3716 3626 incumbit,

2157 3645 2284 3697 illud
2311 3654 2411 3706 est,
2435 3645 2575 3713 quod
2605 3649 2984 3700 monachorum
3029 3648 3132 3700 vita
3160 3663 3262 3701 non
3287 3651 3528 3718 graviora
3555 3663 3721 3707 attra-

2159 3735 2248 3787 hat
2269 3735 2518 3802 supplieia
2545 3752 2558 3798 ;
2581 3735 2674 3788 sed
2696 3735 2834 3804 quod
2865 3737 3146 3790 szeculares
3163 3737 3348 3792 eadem
3392 3754 3603 3808 peccata
3626 3745 3724 3796 ad-

2159 3826 2426 3878 mittentes
2467 3825 2653 3878 iisdem
2702 3826 2810 3878 sint
2857 3826 3027 3894 pmnis
3081 3827 3316 3882 obnoxii.
3349 3829 3398 3884 ls
3441 3832 3583 3884 enim
3634 3835 3726 3903 qui

2159 3915 2387 3968 sordidis
2405 3915 2641 3968 vestibus
2665 3916 2888 3969 amictus
2903 3926 3035 3980 erat,
3054 3925 3108 3971 et
3134 3918 3176 3970 is
3203 3919 3289 3986 qui
3317 3931 3528 3974 centum
3558 3921 3726 3976 dena-

2161 4006 2270 4057 rios
2294 4004 2553 4073 exigebat,
2575 4021 2676 4058 non
2706 4005 2845 4074 quod
2874 4007 3116 4061 monachi
3132 4019 3311 4062 essent
3336 4026 3396 4064 ea
3419 4012 3558 4079 passi
3584 4023 3727 4078 sunt,

2162 4113 2277 4164 quae
2305 4097 2445 4164 passi
2492 4095 2824 4161 referuntur;
2871 4098 2964 4152 sed
3013 4100 3148 4153 alter
3197 4100 3267 4154 ob
3304 4101 3728 4168 fornicationem,

2162 4188 2300 4240 alter
2318 4186 2456 4254 quod
2485 4201 2589 4239 non
2617 4187 2985 4252 condonasset,
3016 4191 3305 4258 perierunt.
3349 4192 3416 4245 Et
3442 4193 3574 4245 alios
3592 4209 3728 4263 quo-

2162 4294 2263 4346 que
2289 4278 2552 4344 supplicio
2579 4287 2703 4332 tunc
2727 4280 2943 4334 affectos
2968 4282 3011 4334 si
3047 4282 3165 4349 quis
3207 4293 3504 4350 percurrat,
3533 4284 3725 4353 depre-

2165 4368 2361 4422 hendet
2389 4383 2481 4421 eos
2508 4378 2724 4437 propter
2754 4380 2967 4438 peccata
3021 4371 3191 4424 solum
3233 4387 3417 4441 ptenas
3453 4375 3633 4430 luisse.
3670 4377 3728 4431 ιιι

2164 4472 2290 4512 vero
2317 4457 2494 4510 nonin
2525 4459 2796 4528 suppliciis
2824 4468 3049 4524 tantum,
3082 4461 3175 4516 sed
3205 4463 3255 4515 in
3282 4463 3732 4520 admonitionibus

2163 4565 2373 4620 quoque
2402 4550 2809 4605 animadvertas.
2843 4551 2972 4605 Nam
3013 4568 3131 4606 cum
3161 4553 3322 4610 dicit:
3365 4555 3536 4610 Venite
3561 4558 3627 4610 ad
3656 4575 3734 4612 me

2165 4656 2333 4692 omnes
2357 4641 2441 4708 qui
2464 4640 2700 4694 laboratis
2729 4652 2774 4695 et
2799 4644 2988 4695 onerati
3013 4643 3148 4708 estis,
3177 4652 3222 4697 et
3269 4661 3358 4713 ego
3383 4646 3604 4712 reﬁciam
3625 4663 3728 4699 vos.

2170 4729 2352 4784 Tollite
2361 4733 2546 4800 jugum
2572 4748 2738 4784 meum
2763 4749 2910 4802 super
2928 4747 3031 4796 vos,
3065 4743 3109 4786 et
3133 4735 3305 4787 discite
3331 4752 3362 4786 α
3389 4752 3465 4787 me
3489 4737 3606 4803 quia
3630 4739 3729 4789 mi-

2167 4821 2230 4873 tis
2253 4838 2363 4873 sum
2392 4831 2439 4874 et
2456 4821 2659 4875 humilis
2678 4823 2844 4885 corde,
2871 4831 2914 4875 et
2943 4823 3201 4876 invenietis
3228 4825 3445 4893 requiem
3465 4825 3730 4882 animabus

2167 4913 2338 4965 vestris
2371 4911 2579 4980 (Matth.
2606 4914 2692 4968 ll.
2710 4913 2779 4968 28
2804 4914 2822 4984 )
2850 4929 2864 4977 ;
2894 4929 2998 4968 non
3025 4915 3298 4971 monachis
3324 4926 3526 4972 tantum
3555 4921 3729 4990 loqui-

2169 5013 2272 5065 tur,
2301 5003 2393 5056 sed
2419 5005 2511 5057 toti
2542 5003 2771 5057 humano
2811 5005 3013 5074 generi.
3059 5006 3298 5075 Cumque
3339 5008 3486 5076 jubet
3512 5025 3606 5078 per
3632 5027 3729 5064 an-

2171 5109 2372 5168 gustam
2397 5097 2642 5151 incedere
2666 5097 2825 5160 viam,
2855 5113 2959 5150 non
3017 5098 3135 5151 illos
3191 5099 3369 5161 modo,
3426 5099 3519 5153 sed
3547 5117 3733 5156 onmes

2173 5191 2414 5244 homines
2440 5189 2723 5256 alloquitur
2753 5206 2766 5240 :
2795 5198 2847 5241 et
2870 5188 3099 5240 animam
3148 5203 3294 5242 suam
3322 5190 3446 5244 odio
3471 5191 3662 5247 habere
3681 5195 3730 5249 in

2174 5285 2274 5339 hoc
2313 5283 2532 5347 mundo,
2560 5292 2611 5336 et
2640 5282 2830 5334 similia
2857 5281 3029 5334 omnia
3066 5282 3324 5334 universis
3371 5284 3567 5350 pariter
3593 5300 3730 5352 pra:-

2175 5377 2334 5444 cepit.
2361 5376 2492 5427 Cum
2537 5383 2712 5426 autem
2745 5387 2848 5425 non
2899 5370 3142 5425 omnibus
3177 5372 3405 5441 loquitur
3431 5376 3509 5428 vel
3564 5375 3734 5444 legem

2176 5465 2286 5530 dat,
2315 5466 2542 5532 idipsum
2570 5463 2719 5515 nobis
2744 5462 2914 5529 palam
2942 5460 3087 5516 facit.
3115 5461 3245 5517 Cum
3275 5465 3448 5532 itaque
3475 5465 3541 5520 de
3570 5467 3734 5536 virgi-

2177 5557 2340 5608 nitate
2382 5555 2701 5622 loqueretur,
2758 5551 2949 5614 intulit,
2978 5552 3078 5618 Qui
3124 5562 3280 5622 potest
3327 5571 3506 5622 capere
3545 5560 3710 5624 capiat

2182 5645 2200 5715 (
2233 5643 2416 5698 Matth.
2446 5642 2530 5694 i9.
2563 5639 2628 5693 l2
2656 5640 2696 5707 ),
2720 5656 2890 5709 neque
2935 5642 3083 5707 illud,
3116 5642 3295 5707 omnis,
3331 5644 3603 5712 adjiciens,
3635 5662 3731 5698 nc-

2178 5750 2280 5803 que
2307 5734 2357 5787 id
2388 5735 2438 5786 in
2464 5733 2708 5801 prrccepti
2734 5730 2902 5786 forma
2932 5743 3186 5787 statuens.
3209 5733 3297 5788 Sic
3321 5736 3475 5790 etiam
3499 5737 3688 5791 Paulus
3716 5754 3730 5789 :

2179 5840 2301 5880 nam
2330 5823 2629 5891 Magistrum
2659 5822 2853 5892 ubique
2898 5825 3087 5877 imitari
3129 5823 3557 5893 deprehenditur,
3581 5841 3732 5880 cum.

2178 5930 2281 5990 que
2308 5915 2359 5969 in
2388 5915 2522 5968 idem
2546 5924 2907 5986 argumentum
2932 5915 3218 5983 incidisset,
3246 5918 3414 5973 aiebat
3439 5936 3449 5970 :
3479 5916 3556 5973 De
3582 5921 3731 5989 virgi-
