4532 6708
801 606 906 661 375

804 724 954 777 nibus
978 728 1143 775 autem
1172 723 1477 787 pra'ceptum
1505 714 1709 769 Domini
1754 728 1854 765 non
1906 711 2153 781 Ιιιεὺεοῌ.
2179 709 2293 763 Cor.
2318 710 2371 773 7.

797 813 870 867 9.5
891 815 931 880 ).
962 808 1111 876 Quod
1135 810 1292 877 igitur
1318 806 1691 861 etsmcularem
1710 812 1763 856 et
1790 803 2107 855 monachum
2139 799 2202 850 ad
2226 797 2365 852 idem

798 914 1053 955 cacumen
1082 900 1380 968 pertingere
1404 904 1663 965 oporteat,
1690 903 1741 947 et
1766 892 1906 962 quod
1938 902 2159 959 uterque
2193 889 2375 959 lapsus

800 991 989 1046 eadem
1014 992 1232 1045 vulnera
1262 996 1575 1056 accepturus
1600 986 1689 1050 sit,
1742 997 1807 1037 ne
1850 982 2134 1037 admodum
2166 978 2379 1048 quidem

800 1086 1193 1138 contentiosum
1240 1089 1293 1134 et
1338 1077 1701 1147 impudentem
1761 1074 2017 1144 deinceps
2062 1082 2375 1141 negaturum

800 1184 945 1242 pum.

871 1266 955 1318 15.
988 1263 1099 1318 lloe
1117 1270 1293 1317 autem
1337 1269 1521 1329 aperte
1550 1260 1934 1321 demonstrato,
1963 1272 2061 1326 age
2091 1254 2217 1310 illud
2243 1270 2381 1325 quo-

798 1373 900 1428 quc
926 1356 1275 1425 inquiramus,
1306 1354 1424 1425 quis
1464 1353 1669 1407 facilius
1713 1353 1954 1419 lapsurus
1984 1350 2071 1401 sit.
2109 1348 2267 1402 Certe
2296 1348 2384 1402 hic

802 1464 905 1501 non
955 1446 1335 1515 perquisitionc
1370 1459 1502 1513 opus
1533 1452 1653 1504 est;
1700 1438 2079 1494 continentiam
2120 1440 2317 1507 quippe
2340 1440 2382 1493 is

798 1541 887 1610 qui
910 1556 1127 1594 uxorem
1158 1539 1337 1601 habet,
1364 1536 1565 1590 facilius
1589 1531 1842 1598 servabit,
1868 1540 2051 1601 utpote
2078 1536 2163 1601 qui
2192 1531 2382 1585 solatio

801 1631 965 1684 multo
980 1630 1181 1683 fruatur
1206 1646 1218 1680 :
1244 1628 1294 1681 in
1321 1626 1538 1695 reliquis
1560 1632 1735 1678 autem
1765 1637 1870 1678 non
1901 1623 1971 1675 ita
1990 1621 2132 1676 clara
2160 1637 2244 1675 res
2271 1630 2375 1675 est.

795 1717 993 1774 Verum
1026 1720 1076 1772 in
1120 1719 1209 1772 illa
1238 1732 1449 1787 quoque
1492 1731 1552 1769 re
1594 1716 1771 1783 plures
1802 1713 2040 1767 videmus
2061 1712 2377 1780 conjngato-

791 1829 912 1867 rum
943 1812 1155 1876 cadere,
1177 1827 1336 1881 quam
1376 1808 1779 1863 monachorum.
1817 1804 1998 1874 Neque
2042 1804 2182 1857 enim
2210 1810 2285 1855 tot
2314 1817 2377 1854 ex

797 1904 1136 1958 monasteriis
1165 1902 1231 1954 ad
1270 1900 1481 1967 nuptias
1533 1905 1828 1960 transeunt,
1853 1904 1979 1965 quot
2023 1909 2087 1947 ex
2113 1891 2375 1960 conjugali

796 2006 912 2048 toro
939 1994 1004 2047 ad
1030 2001 1225 2047 scorta.
1250 1990 1401 2058 Quod
1427 1990 1471 2043 si
1507 1990 1559 2042 in
1589 1987 1969 2043 certaminibus
1996 1984 2097 2037 illis
2116 1982 2213 2035 sibi
2252 1983 2378 2034 faci-

794 2085 934 2138 libus
952 2099 1119 2153 usque
1138 2080 1273 2136 adeo
1302 2080 1629 2149 frequentius
1657 2076 1867 2136 cadant,
1894 2072 2017 2142 quid
2041 2072 2094 2126 in
2122 2072 2236 2125 aliis
2260 2075 2377 2125 ani-

794 2176 865 2229 mi
913 2173 1189 2229 affet-tibus
1241 2172 1431 2225 facturi
1479 2178 1621 2233 sunt,
1672 2167 1756 2220 ubi
1815 2166 1983 2234 magis
2038 2168 2375 2233 exagitantur

790 2281 949 2336 quam
979 2262 1222 2317 monachi
1249 2262 1272 2315 ?
1304 2260 1436 2315 Nam
1467 2256 1897 2327 concupiscentia
1928 2254 2141 2323 quidem
2165 2252 2263 2306 hos
2282 2270 2376 2305 ve.-

791 2354 1092 2410 hemcntius
1112 2351 1373 2415 stimulat,
1406 2358 1592 2421 utp0te
1621 2348 1710 2418 qui
1740 2346 1941 2400 nullum
1975 2343 2209 2399 habeant
2255 2360 2374 2397 cum

790 2444 1104 2499 mulieribus
1130 2440 1479 2497 consortium.
1533 2438 1761 2507 Reliqua
1790 2451 1918 2489 vero
1950 2434 2016 2488 ad
2052 2434 2151 2487 bos
2216 2447 2378 2501 prope

790 2534 1049 2590 accedere
1070 2540 1371 2602 nequeunt;
1402 2530 1522 2583 illos
1547 2539 1725 2582 autem
1757 2527 2023 2580 violenter
2038 2525 2369 2585 adoriuntur,

789 2636 845 2680 et
880 2640 909 2679 a
949 2623 1124 2693 capite
1150 2621 1499 2691 prmeipitant.
1531 2617 1685 2684 Quod
1708 2618 1775 2681 si,
1807 2616 1893 2670 ubi
1917 2614 2219 2669 violentiori
2236 2615 2377 2668 bello

791 2730 1107 2789 premuntur
1137 2714 1408 2777 monachi,
1428 2711 1757 2779 frequentius
1782 2716 2054 2778 superant,
2088 2722 2247 2777 quam
2276 2706 2370 2767 illi.

790 2827 911 2865 cum
938 2809 1131 2879 quibus
1156 2807 1436 2862 remissius
1464 2806 1655 2874 agitur,
1698 2803 1869 2872 palam
1900 2810 1982 2855 est
2017 2815 2111 2855 eos
2136 2800 2189 2853 in
2210 2808 2374 2853 eane-

790 2903 885 2967 ris,
916 2901 1003 2955 ubi
1035 2914 1140 2954 non
1162 2898 1515 2967 exagitantur,
1539 2894 1760 2949 firmiter
1786 2893 2131 2948 constituros.
2164 2892 2371 2946 Etenim

793 2993 1031 3061 pecunia:
1050 3005 1223 3053 amor,
1271 2991 1504 3058 itemque
1562 2986 1992 3055 concupiscentia
2042 2984 2373 3049 deliciarum,

792 3086 1062 3154 potentiae,
1110 3083 1544 3151 reliquorumque
1580 3078 1817 3132 omnium
1844 3119 1858 3140 ,
1918 3075 2124 3129 facilius
2176 3073 2375 3139 abhis,

791 3193 949 3247 quam
977 3192 1006 3231 a
1031 3174 1395 3236 saecularibus,
1426 3171 1564 3225 vinci
1598 3171 1792 3224 sol-ent.
1837 3168 1997 3236 Quasi
2052 3168 2103 3221 in
2136 3167 2249 3221 acie
2276 3165 2378 3236 igi-

792 3282 880 3326 tur
903 3269 1140 3338 atquein
1175 3266 1359 3335 prmlio
1391 3266 1526 3319 hanc
1555 3263 1682 3317 belli
1726 3271 1930 3332 partem
1974 3260 2231 3315 leviorem
2259 3273 2379 3313 esse

791 3363 1051 3427 dicemus,
1078 3374 1184 3414 non
1215 3359 1268 3412 in
1293 3372 1395 3427 qua
1457 3370 1594 3409 unus
1621 3370 1782 3423 super
1806 3354 1968 3406 alium
1993 3361 2045 3407 et
2075 3351 2379 3419 frequentes

793 3452 1008 3516 cadunt,
1040 3449 1135 3505 sed
1184 3450 1240 3504 in
1286 3462 1389 3519 qua
1420 3446 1571 3516 pauci
1598 3453 1652 3498 et
1680 3444 1785 3498 rari
1815 3460 1829 3497 :
1860 3444 1938 3496 sie
1963 3452 2017 3497 et
2043 3440 2108 3496 de
2139 3441 2221 3496 his
2249 3455 2378 3496 sen-

794 3543 1012 3599 tentiam
1036 3541 1176 3596 ferre
1200 3554 1298 3610 par
1343 3546 1446 3593 est.
1488 3534 1761 3604 Siquidem
1794 3532 2071 3588 avaritiam
2112 3546 2219 3586 non
2264 3532 2377 3593 ille.

792 3637 881 3705 qui
909 3636 960 3688 in
989 3632 1165 3687 medio
1189 3645 1370 3686 rerum
1394 3636 1655 3683 versatur.
1699 3623 1795 3681 sed
1845 3624 1951 3689 hic,
1983 3623 2071 3692 qui
2100 3622 2151 3677 in
2179 3621 2381 3675 monti-

794 3727 895 3781 bus
921 3724 1141 3785 residet,
1175 3722 1379 3775 facilius
1432 3720 1725 3787 snperabzt.
1762 3714 1895 3771 Nam
1931 3714 2018 3770 ille
2044 3724 2191 3769 certe
2232 3713 2381 3767 nullo

796 3816 1013 3885 negotio
1036 3812 1316 3882 capietur:
1342 3811 1387 3865 is
1406 3824 1533 3864 vero
1559 3808 1649 3878 qui
1677 3806 1897 3860 avaritia
1927 3806 2234 3873 corripitur,
2261 3819 2381 3857 cum

794 3905 1089 3962 idololatris
1120 3900 1551 3957 annumerandus
1589 3908 1693 3953 est.
1725 3898 1803 3953 Ac
1832 3898 2129 3951 monachus
2166 3894 2382 3965 quidem

796 3999 1123 4070 propinquos
1142 4004 1197 4050 et
1218 3993 1506 4049 familiares
1556 4005 1661 4045 non
1700 3988 1981 4059 despiciet,
2033 3978 2099 4040 si
2133 3985 2385 4054 pecunias

796 4089 1015 4156 habeat,
1045 4087 1138 4143 sed
1182 4084 1401 4156 largiter
1428 4084 1493 4138 iis
1530 4082 1649 4137 illas
1693 4079 1964 4143 effundet;
1997 4078 2085 4132 ille
2132 4093 2258 4132 vero
2279 4092 2384 4132 non

802 4191 1011 4239 tantum
1040 4194 1135 4235 eos
1162 4178 1445 4248 despiciet,
1479 4190 1662 4230 verum
1693 4174 1851 4229 etiam
1884 4170 2038 4226 hedet
2057 4184 2162 4225 non
2184 4170 2380 4233 minus,

799 4292 959 4347 quam
986 4274 1208 4330 alienos.
1255 4268 1409 4338 Quod
1438 4268 1678 4339 profecto
1703 4264 1847 4319 aliud
1877 4262 2190 4318 idololatria:
2217 4277 2384 4332 genus

800 4378 884 4426 est
912 4367 1076 4439 priori
1105 4367 1258 4435 longe
1281 4362 1514 4433 gravius.
1547 4355 1749 4428 Ecquid
1778 4355 1882 4410 alia
1900 4354 2077 4409 omnia
2102 4366 2385 4407 recensere

800 4476 955 4531 opus,
986 4474 1105 4529 qua:
1124 4472 1242 4512 cum
1261 4471 1290 4508 a
1311 4450 1587 4508 monachis
1616 4448 1820 4503 facilius
1845 4453 2184 4515 superentur,
2211 4456 2383 4496 sarcu-

806 4554 950 4607 lares
966 4564 1087 4605 cum
1112 4544 1447 4602 vehementia
1474 4539 1775 4609 dejiciunt?
1800 4537 1907 4592 Cur
1925 4551 2053 4607 ergo
2075 4550 2180 4589 non
2207 4534 2384 4595 times,

803 4657 901 4699 cur
917 4657 1020 4696 non
1048 4637 1299 4707 trepidas,
1341 4634 1467 4688 dum
1502 4631 1640 4685 hanc
1662 4628 1823 4683 vitam
1866 4625 2000 4697 agis,
2032 4625 2168 4678 ubia
2196 4622 2386 4691 nequi-

806 4735 880 4789 tia
899 4732 1005 4789 cito
1024 4728 1293 4801 capieris?
1316 4725 1454 4781 Num
1502 4722 1593 4777 tibi
1623 4734 1842 4791 parvum
1879 4717 2006 4787 quid
2034 4715 2243 4769 videtur
2270 4728 2390 4768 esse

806 4824 1107 4880 idololatria
1132 4820 1323 4885 teneri,
1354 4826 1409 4873 et
1435 4814 1735 4871 infidelibus
1755 4810 2072 4866 deteriorem
2103 4821 2243 4873 esse,
2264 4806 2389 4860 Dei-

808 4931 914 4986 que
929 4912 1203 4970 scrvitium
1226 4909 1475 4980 operibus
1490 4907 1777 4975 abnegare,
1803 4915 1923 4972 quae
1947 4898 2125 4953 omnia
2162 4896 2388 4961 facilius,

807 5023 967 5081 quam
994 5001 1259 5064 monachi,
1286 4999 1552 5070 patientur
1572 4996 1607 5051 ii
1638 4995 1728 5066 qui
1774 4992 1971 5049 saeculo
1995 4988 2189 5045 addicti
2218 4995 2343 5042 sunt
2367 4985 2391 5037 ?

810 5099 1043 5155 Videsne
1062 5094 1202 5166 quod
1221 5106 1365 5146 mera
1413 5088 1557 5144 fictio
1584 5095 1758 5141 metus
1792 5085 1895 5140 iste
1915 5082 2024 5137 sit?
2045 5080 2175 5135 Nam
2204 5080 2249 5133 si
2274 5093 2389 5133 me-

808 5191 1067 5249 tuendum
1094 5194 1258 5251 esset,
1314 5197 1419 5237 non
1448 5181 1550 5235 illis
1575 5186 1719 5235 certe
1744 5175 2108 5232 metuendum.
2147 5173 2237 5243 qui
2266 5186 2392 5241 pro-

808 5284 975 5337 cellas
1012 5279 1236 5349 fugiunt,
1283 5288 1380 5329 nee
1427 5272 1529 5325 illis
1570 5269 1659 5338 qui
1702 5267 1767 5321 ad
1810 5276 2019 5336 portum
2070 5264 2321 5318 festinant
2351 5263 2390 5327 ',

815 5374 909 5429 sed
938 5374 1026 5437 iis,
1056 5371 1146 5441 qui
1192 5368 1422 5439 procella
1450 5375 1506 5418 et
1536 5370 1853 5431 tempestate
1894 5358 2181 5428 jactantur.
2230 5355 2395 5409 Citius

812 5466 959 5520 enim
981 5464 1106 5519 hinc
1120 5460 1391 5528 naufragia
1422 5455 1674 5520 timenda,
1701 5450 1843 5523 quod
1871 5450 2021 5521 plura
2042 5450 2151 5503 sint
2181 5456 2393 5517 pertur-

811 5554 1010 5617 bantia,
1036 5562 1089 5607 et
1111 5551 1385 5621 segniores
1412 5549 1469 5613 ii,
1494 5548 1582 5615 qui
1604 5544 1856 5599 resistere
1875 5541 2093 5597 debent.
2127 5538 2238 5599 llic,
2264 5550 2395 5591 vero

813 5656 1026 5705 non-tot
1067 5644 1261 5698 fluctus
1300 5640 1582 5701 habentur,
1642 5636 1737 5690 sed
1778 5648 1965 5704 magna
2021 5629 2392 5702 tranquillitas,

742 5744 747 5750 ’
814 5742 1091 5809 majorque
1116 5733 1386 5804 diligentia
1412 5744 1619 5792 eorum,
1640 5741 1773 5797 quos
1788 5725 2044 5779 adversus
2074 5724 2163 5777 illa
2191 5734 2396 5790 pugna-

796 5816 871 5885 re
888 5836 1113 5900 oportet.
1165 5821 1522 5891 Quamobrem
1571 5832 1670 5872 nos
1714 5817 1765 5871 in
1818 5815 2085 5871 desertum
2136 5810 2396 5866 trahimus

814 5938 929 5986 eos,
961 5936 1064 5974 non
1092 5928 1145 5973 ut
1172 5930 1327 5971 sacco
1350 5912 1653 5973 induantur,
1684 5923 1786 5963 non
1814 5915 1873 5961 ut
1896 5906 2133 5960 cinerem
2159 5900 2398 5955 subster-

878 6034 896 6067 ⁸
919 6033 1088 6094 Verba,
1106 6043 1190 6080 uer
1211 6026 1307 6080 illis
1321 6023 1403 6090 qri
1419 6022 1483 6073 ad
1496 6028 1685 6087 portum
1706 6017 1947 6083 festivum,
1964 6017 2013 6064 in
2023 6011 2186 6063 Morel.
2199 6010 2394 6061 όυδιιάι.

1508 598 1566 656 3.
1606 596 1883 654 JOANN‘iS
1911 594 2380 653 CllRYSOSTOlll
2423 592 2739 649 ARClllEP.
2780 591 3320 650 CONSTANTINOP.

3958 592 4067 646 aro

2493 720 2618 764 nant
2641 713 2655 740 ί
2687 717 2911 771 tantum,
2941 710 3034 763 sed
3065 711 3114 763 in
3145 707 3328 779 primis
3345 703 3536 761 uttitia
3578 702 3795 772 fugiant,
3833 704 4032 773 eligant

2486 817 2588 866 que
2615 810 2879 853 virtutem.
2908 799 3045 865 Quid
3096 800 3256 870 igitur
3282 800 3305 852 ?
3351 808 3610 853 omnesne
3641 792 3909 863 coniugati
3938 810 4034 864 per

2488 890 2642 944 ibunt
2667 893 2690 943 ‘!

2560 982 2841 1037 Saeculares
2871 980 3053 1048 majori
3079 995 3193 1032 cum
3220 982 3508 1051 difﬁcultate
3529 978 3652 1034 salvi
3685 978 3832 1046 ﬁunt.
3854 1007 3923 1015 —
3941 975 4054 1030 Non

2487 1074 2733 1141 equidem
2757 1072 2807 1127 id
2843 1072 2991 1137 dico,
3022 1070 3117 1125 sed
3157 1073 3447 1141 majoribus
3493 1088 3587 1128 eos
3612 1071 3879 1127 laboribus
3899 1070 4063 1123 oliuo.

2491 1164 2607 1216 xios
2632 1180 2774 1229 esse,
2818 1165 2861 1218 si
2886 1164 3110 1218 salutem
3151 1165 3405 1232 consequi
3450 1166 3635 1230 velint,
3686 1164 3841 1233 idque
3867 1162 3936 1215 ob
3964 1162 4065 1215 im-

2490 1256 2781 1311 minentem
2806 1257 3197 1312 necessitatem.
3222 1254 3352 1308 Nam
3383 1258 3425 1309 is
3453 1260 3541 1326 qui
3569 1259 3772 1313 solutus
3801 1266 3901 1321 est,
3934 1256 4065 1311 faci-

2490 1346 2592 1400 lius
2619 1358 2818 1415 curret,
2850 1364 3007 1418 quam
3032 1348 3075 1402 is
3101 1346 3189 1416 qui
3220 1355 3301 1399 est
3327 1346 3549 1399 vinculis
3578 1350 3883 1404 obstrictus.
3926 1350 4063 1417 Ergo

2488 1437 2781 1505 majoribus
2818 1440 2904 1493 ille
2948 1438 3179 1508 praemiis
3217 1436 3521 1500 donabitur,
3581 1437 4063 1510 illustrioribusque

2486 1528 2746 1582 coronis?
2775 1530 2989 1584 Minime
3019 1546 3142 1583 vero
3176 1546 3188 1581 :
3223 1542 3345 1581 nam
3390 1525 3525 1578 hanc
3568 1527 3657 1581 ille
3695 1530 3791 1581 sibi
3827 1530 4061 1584 necessi-

2488 1627 2651 1672 tatem
2692 1620 2937 1691 imponit,
2978 1636 3098 1674 cum
3144 1620 3325 1674 liceret
3380 1632 3482 1671 non
3538 1616 3829 1683 imponere.
3878 1619 4064 1689 itaque

2485 1710 2761 1777 quoniam,
2790 1719 2848 1764 ut
2877 1727 2905 1764 a
2938 1711 3090 1765 nobis
3108 1711 3251 1765 clare
3276 1710 3692 1763 demonstratum
3719 1717 3823 1770 est,
3873 1708 4061 1763 iisdem

2485 1813 2669 1854 sumus
2713 1800 2906 1855 ofliciis
2950 1800 3189 1865 obnoxii,
3241 1800 3432 1868 quibus
3465 1795 3730 1861 monachi,
3774 1795 4062 1853 faciliorem

2488 1906 2863 1958 percurramus
2897 1892 3058 1952 viam,
3087 1890 3152 1942 ad
3184 1903 3407 1957 eamque
3434 1888 3569 1941 filios
3594 1886 3957 1950 attrahamus;
3996 1904 4063 1943 ne

2487 1981 2606 2035 illos
2630 1982 3022 2049 demergamus,
3051 1994 3185 2032 neve
3213 1979 3330 2031 illos
3347 1978 3410 2032 ad
3459 1978 3728 2039 barathra,
3784 1985 3841 2029 ut
3883 1976 4065 2031 hostes

2484 2081 2539 2126 ct
2564 2072 2780 2136 inimici,
2799 2070 3205 2139 prmcipitemus.
3230 2068 3357 2123 Hmc
3372 2069 3512 2123 enim
3531 2069 3572 2120 si
3593 2069 3678 2136 qui
3702 2068 3787 2119 alii
3809 2068 4060 2131 facerent,

2487 2181 2589 2217 non
2620 2163 2752 2217 adeo
2777 2177 2937 2231 grave
2964 2170 3125 2215 esset.
3148 2162 3281 2215 Cum
3314 2170 3489 2215 autem
3531 2161 3626 2228 ipsi
3654 2171 3922 2229 parentes,
3971 2162 4061 2229 qui

2483 2255 2813 2311 s-.rcnlarium
2828 2270 3007 2307 rerum
3021 2253 3256 2307 omnium
3272 2251 3698 2321 experimentum
3723 2260 4058 2320 acceperunt,

2484 2347 2570 2417 qui
2597 2345 2998 2415 operibusipsis
3028 2344 3329 2398 didicerunt
3356 2342 3599 2413 frigidam
3631 2341 3912 2395 admodum
3942 2357 4063 2395 esse

2485 2436 2825 2506 pl‘J‘ESCllllllm
2874 2450 3053 2490 rerum
3093 2435 3440 2503 voluptatem,
3492 2432 3626 2486 adeo
3663 2433 3948 2493 insaniant,
4006 2441 4062 2483 nt

2482 2527 2616 2581 alios
2646 2526 2710 2579 ad
2735 2525 2921 2579 eadem
2951 2526 3062 2594 ipsa
3091 2524 3421 2594 pertrahant,
3453 2523 3701 2592 quoniam
3726 2522 3822 2590 ipsi
3842 2522 3948 2589 jam
3979 2520 4062 2572 his

2482 2616 2583 2670 frui
2609 2630 2703 2685 per
2732 2623 2943 2669 tetatem
2974 2615 3337 2684 prohibentur;
3366 2629 3486 2668 cum
3515 2622 3689 2666 tamen
3739 2612 3943 2679 seipsos
3989 2626 4058 2664 ex

2483 2709 2547 2763 iis
2571 2724 2689 2778 qua:
2722 2717 3130 2777 prmcesserunt,
3167 2706 3407 2760 infelices
3452 2704 3741 2773 prmdicare
3767 2703 4058 2767 deberent;

2490 2799 2565 2854 illi
2590 2809 2796 2863 contra,
2825 2799 2982 2852 morti
3000 2798 3111 2867 jam
3140 2797 3362 2867 proximi
3389 2805 3440 2849 et
3471 2795 3714 2848 tribunali
3733 2840 3747 2862 ,
3789 2795 4061 2863 poenisque

2485 2889 2585 2942 sibi
2616 2888 2908 2959 deputatis,
2928 2889 3058 2943 alios
3080 2898 3251 2941 tamen
3267 2886 3597 2956 prrecipitent
3615 2899 3628 2948 ;
3649 2899 3763 2953 quae
3781 2884 3885 2939 illis
3904 2901 4063 2937 excu-

2483 2980 2619 3035 satio
2646 2980 2998 3050 relinquetur,
3031 2994 3149 3048 quae
3172 2977 3344 3040 venia,
3373 2990 3489 3044 quae
3520 2973 3918 3027 misericordia?
3945 2972 4059 3026 Non

2486 3079 2688 3124 tantum
2718 3070 2860 3123 enim
2889 3078 3222 3139 peccatorum
3248 3080 3460 3119 suorum
3484 3078 3669 3134 poenas
3692 3062 3912 3125 dabunt,
3965 3062 4059 3116 sed

2483 3163 2642 3216 etiam
2678 3174 2884 3224 eorum,
2915 3174 3034 3228 qua:
3050 3157 3190 3212 circa
3207 3156 3343 3210 filios
3364 3155 3475 3208 ausi
3494 3162 3639 3217 sunt,
3661 3154 3770 3207 sive
3795 3152 3913 3206 illos
3937 3168 4065 3222 sup-

2486 3254 2737 3325 plantare
2762 3251 3049 3319 potuerint,
3076 3249 3193 3302 sive
3214 3261 3322 3300 non
3354 3245 3642 3315 potuerint.

2557 3344 2647 3398 16.
2694 3341 2818 3397 Vere
2833 3353 2974 3413 pater
2990 3353 3063 3394 est
3077 3340 3161 3410 qui
3176 3339 3271 3408 ﬁlii
3290 3337 3502 3391 salutem
3519 3334 3825 3387 curat—At
3843 3332 4063 3387 fortasse

2488 3436 2624 3491 ﬁlios
2644 3435 2873 3489 filiorum
2903 3433 3084 3487 videre
3125 3430 3339 3501 cupitis.
3370 3429 3435 3483 Et
3458 3425 3723 3497 quomodo
3745 3425 3893 3490 illud,
3937 3441 4056 3479 cum

2486 3543 2583 3582 vos
2606 3528 2840 3581 nondum
2877 3534 3056 3596 patres
3094 3524 3248 3578 sitis?
3301 3521 3483 3590 Neque
3515 3519 3653 3571 enim
3681 3526 3888 3586 patrem
3938 3516 4061 3571 facit

2486 3618 2759 3688 generatio
2787 3634 2801 3671 :
2846 3615 2987 3686 quod
3017 3615 3114 3684 ipsi
3154 3628 3364 3683 quoque
3394 3616 3640 3679 parentes
3690 3608 3933 3672 fatentur,
3966 3608 4052 3675 qui

2488 3723 2607 3762 cum
2648 3707 2785 3761 filios
2818 3706 3003 3761 vident
3035 3706 3086 3759 in
3130 3713 3426 3758 extremum
3470 3698 3716 3767 nequitia:
3760 3696 4057 3761 devenisse,

2488 3801 2638 3870 quasi
2665 3815 2768 3854 non
2805 3813 2933 3853 suos
2961 3797 3217 3867 abjiciunt
3240 3803 3294 3848 et
3320 3792 3566 3846 abdicant
3597 3807 3609 3841 :
3644 3804 3814 3858 neque
3850 3798 4057 3848 natura,

2490 3908 2661 3964 neque
2693 3891 2989 3963 generatio,
3021 3903 3195 3958 neque
3232 3885 3405 3940 simile
3440 3881 3707 3952 quidpiam
3746 3881 3888 3950 ipsos
3915 3878 4062 3933 cohi-

2492 3989 2617 4043 bere
2665 3994 2858 4057 potest.
2908 3982 2986 4038 Ne
3012 3981 3171 4051 igitur
3217 3986 3395 4047 patres
3441 3974 3721 4043 dignentur
3770 3969 4059 4026 existimari

2489 4094 2694 4141 eorum,
2718 4076 2909 4146 quibus
2926 4070 3217 4130 secundum
3249 4065 3594 4136 philosophice
3619 4064 3880 4117 rationem
3906 4062 4060 4128 longe

2490 4168 2767 4223 inferiores
2782 4174 2937 4220 sunt:
2960 4161 3053 4216 sed
3070 4174 3189 4213 cum
3210 4158 3330 4211 illos
3352 4156 3451 4209 hoc
3465 4168 3675 4224 quoque
3693 4152 3851 4205 modo
3866 4163 4059 4221 genue-

2494 4262 2624 4325 rint,
2650 4268 2777 4313 tunc
2796 4263 3018 4325 nepotes
3041 4250 3198 4307 etiam
3229 4256 3499 4318 qua-rant:
3534 4257 3656 4299 tunc
3684 4245 3825 4300 enim
3858 4252 4056 4296 tantum

2490 4353 2635 4421 ipsos
2654 4349 2837 4403 videre
2863 4353 3130 4416 poterunt.
3149 4340 3282 4396 Sunt
3300 4339 3440 4393 enim
3464 4339 3566 4392 illis
3579 4337 3692 4403 filii,
3712 4344 3835 4390 sunt
3863 4334 4059 4401 utique,

2493 4440 2613 4495 Non
2646 4456 2709 4493 ea:
2728 4435 3079 4506 sanguinibus,
3120 4447 3278 4500 neque
3313 4446 3375 4483 ea:
3395 4429 3647 4483 voluntate
3673 4427 3858 4490 carnis,
3910 4438 4063 4491 neque

2492 4547 2557 4585 ea:
2575 4505 2835 4581 voluntate
2851 4526 2964 4588 viri,
2987 4523 3075 4576 sed
3095 4538 3157 4575 ea:
3178 4521 3283 4574 Deo
3303 4522 3415 4589 ipso
3430 4505 3662 4589 generati
3683 4518 3858 4587 (Joan.
3877 4516 3897 4568 l
3913 4554 3927 4567 .
3953 4514 4061 4583 l5).

2496 4620 2561 4674 lli
2587 4633 2745 4687 porro
2777 4616 2869 4669 filii
2896 4629 2999 4669 non
3049 4613 3386 4682 pecuniarum
3429 4627 3589 4667 causa
3630 4612 3827 4664 luctum
3872 4620 4063 4675 paren-

2496 4711 2639 4766 tibus
2661 4708 2936 4775 afferrcnt,
2990 4721 3097 4760 non
3126 4706 3447 4775 nuptiarum,
3488 4720 3592 4759 non
3637 4701 3853 4756 alterius
3894 4697 4068 4765 cujus-

2495 4818 2724 4873 cumque
2772 4800 2847 4855 rei
2887 4798 3077 4869 gratia,
3109 4797 3200 4851 sed
3245 4797 3362 4851 illos
3391 4796 3534 4851 omni
3576 4808 3699 4847 cura
3755 4789 3947 4842 liberos
3990 4786 4069 4839 di-

2497 4894 2712 4959 missos,
2735 4891 2922 4960 majori
2952 4888 3222 4957 voluptate
3251 4887 3508 4952 afliciunt,
3540 4898 3696 4954 quam
3725 4880 3767 4932 si
3795 4879 3891 4947 ipsi
3920 4887 4067 4931 natu-

2499 4988 2639 5043 rales
2663 4998 2850 5038 eorum
2878 4989 3054 5050 patres
3072 4988 3272 5035 essent.
3300 4977 3415 5034 Non
3449 4975 3591 5029 enim
3634 4969 3819 5024 eadem
3866 4967 4067 5020 ratione

2496 5080 2784 5150 gignuntur
2815 5088 2879 5127 ac
2905 5074 3225 5139 nutriuntur,
3272 5087 3374 5140 qua
3415 5069 3528 5129 illi;
3560 5062 3652 5117 sed
3686 5062 3849 5114 multo
3898 5061 4069 5114 excel-

2499 5168 2698 5225 lentius
2725 5180 2789 5221 ac
2815 5163 3176 5233 Splendidius;
3209 5158 3556 5231 quamobrem
3588 5150 3788 5219 majore
3826 5162 4068 5221 parentes

2507 5259 2771 5329 voluptate
2809 5254 3062 5311 afficiunt.
3115 5254 3246 5310 illud
3277 5256 3534 5320 praeterea
3561 5244 3823 5313 adjiciam,
3877 5246 4067 5299 mirum

2502 5368 2607 5407 non
2638 5364 2758 5407 esse
2776 5363 2890 5416 eos,
2918 5350 3006 5421 qui
3035 5332 3415 5403 resurrectioni
3445 5354 3549 5392 non
3594 5337 3836 5402 credunt,
3880 5339 3947 5393 de
3990 5340 4073 5391 his

2504 5448 2705 5515 lugere,
2727 5442 2920 5513 quippe
2937 5440 3130 5513 quibus
3145 5438 3260 5491 haec
3280 5433 3390 5487 sola
3407 5430 3737 5497 relinquatur
3760 5430 4072 5484 consolatio.

2502 5539 2571 5592 At
2611 5549 2710 5591 nos
2732 5534 2823 5605 qui
2839 5542 3064 5590 mortem
3092 5540 3339 5583 somnum
3382 5536 3502 5577 esse
3526 5530 3789 5589 putamus,
3814 5521 3903 5591 qni
3935 5535 4071 5587 pue-

2504 5626 2670 5680 sentia
2699 5625 2877 5679 omnia
2903 5622 3179 5691 despicere
3206 5613 3348 5671 docti
3372 5626 3578 5678 sumus,
3606 5628 3706 5682 qua
3738 5612 3951 5665 tandem
3973 5622 4070 5666 ve-

2507 5716 2590 5771 nia
2616 5716 2762 5788 digni
2784 5715 3006 5776 erimus,
3036 5708 3082 5763 si
3110 5707 3177 5761 de
3203 5705 3287 5759 his
3309 5703 3597 5773 lugeamus,
3634 5704 3874 5770 filiosque
3894 5698 4077 5753 videre

2506 5810 2801 5881 cupiamus,
2826 5815 2985 5873 atque
3010 5801 3097 5854 hic
3115 5796 3438 5865 relinquere,
3468 5796 3606 5851 unde
3632 5795 3731 5864 ipsi
3751 5804 4077 5847 transmeare

2565 5946 2581 5979 ⁸
2618 5952 2741 6003 luce,
2768 5953 2862 5991 non
2885 5943 2935 5987 ut
2953 5934 3163 5986 cinerem
3185 5932 3499 5994 substernunt,
3525 5933 3573 5982 ia
3600 5927 3765 5980 Morel.
3787 5932 3971 5976 tantum
3993 5922 4063 5972 de

2502 6017 2635 6061 sunt.
