4454 6706
172 566 284 619 575

166 696 274 749 την
303 677 559 749 ἐμπεσὼν
588 680 687 752 τήν
718 680 993 744 ὑπόθεσιν,
1024 679 1174 744 ἔλεγε
1193 694 1205 705 ’
1236 671 1375 740 Περὶ
1402 671 1468 724 δέ
1494 671 1612 724 τῶν
1634 672 1849 740 πίιρθέ-
1884 716 1904 756 ,ι

166 783 298 819 νων
324 766 613 837 ἐπιταγὴν
651 770 870 838 Kvplov
892 770 1001 820 οὐκ
1031 761 1297 832 ἔχω.“οτι
1331 760 1427 829 μὲν
1469 758 1561 814 οὖν
1591 761 1724 833 πρὸς
1750 760 1849 830 τὴν

171 852 300 926 ἴσην
344 856 544 925 φθάσαι
586 859 827 931 κορυφὴν
872 856 966 908 καὶ
994 853 1084 903 τὸν
1113 847 1363 919 βιωτικὸν
1401 849 1613 919 ἀνάγκη
1642 848 1849 901 καὶτὸν

173 944 432 1015 μοναχὸν,
461 949 553 1001 καὶ
597 948 678 1000 6::
706 946 775 998 :6
816 942 954 995 αὐτά
991 937 1253 1008 λήψονται
1280 936 1567 1009 τραύματα
1591 937 1850 999 πεσόντες

170 1031 495 1105 ἀμφότεροι,
532 1034 652 1088 οὐδέ
678 1033 770 1084 τὸν
812 1027 1014 1098 σφόδρα
1042 1024 1342 1095 φιλόνεικον
1375 1028 1467 1080 καὶ
1495 1024 1850 1105 ἀναίσχυντογ

171 1115 329 1191 οἶμαι
355 1122 539 1175 λοιπὸν
573 1119 841 1188 ἀντερεῖν.
900 1148 903 1149 ν
1607 1102 1615 1110 ’

253 1215 334 1261 ιε’.
388 1209 591 1263 Τούτου
619 1206 677 1258 δὲ
710 1201 1119 1273 ἀποδειχθέντος
1148 1202 1355 1273 σαφῶς,
1380 1201 1512 1273 φέρε
1535 1199 1600 1271 δὴ
1631 1199 1852 1253 κάκεῖνο

176 1295 548 1365 ἐξετάσωμεν,
590 1291 673 1354 τίς
712 1289 1077 1363 εὐκολώτερον
1098 1293 1193 1345 καὶ
1237 1293 1364 1363 ῥᾷον
1390 1291 1667 1342 πεσεῖται·
1694 1287 1728 1357 ἢ
1760 1288 1851 1339 ἐν·

172 1383 353 1437 ταῦθα
376 1382 495 1434 οὐδὲ
535 1379 834 1444 ἐξετάσεως
877 1382 1007 1452 ήμῖν
1044 1380 1143 1435 δεῖ.
1174 1376 1536 1450 Σωφροσύνην
1564 1375 1662 1445 μὲν
1687 1373 1798 1443 γὰρ
1824 1374 1854 1425 6

172 1474 412 1538 γυναῖκα
436 1469 573 1537 ἔχων
599 1468 933 1541 κατορθώσει
962 1468 1181 1541 ῥᾳδίως,
1214 1470 1310 1523 ἅτε
1338 1468 1538 1536 πολλῆς
1565 1459 1853 1517 ἀπολαύων

170 1557 276 1625 τῆς
302 1553 651 1625 παραμυθίας
669 1572 681 1585 ·
711 1558 768 1609 ἐν
793 1556 850 1610 δὲ
878 1560 991 1622 τοῖς
1022 1557 1202 1620 ἀλλοις
1238 1556 1299 1608 οὐ
1337 1554 1543 1624 σφόδρα
1580 1549 1852 1619 φαίνεται,

173 1644 318 1713 πλὴν
358 1640 493 1695 ἀλλά
525 1643 803 1697 κάνταῦθα
838 1644 1056 1707 πλείους
1092 1643 1157 1697 ἂν
1207 1642 1410 1710 ἴδοιμεν
1446 1639 1556 1693 τῶν
1601 1625 1852 1705 γεγαμη-

170 1732 372 1792 κότων,
405 1730 440 1803 ἢ
484 1731 593 1785 τῶν
633 1735 881 1804 μοναχῶν
925 1734 1245 1796 πίπτοντας.
1273 1729 1411 1784 Οὔτε
1453 1725 1563 1796 γὰρ
1610 1721 1855 1778 τοσοῦτοι

169 1818 313 1889 πρὸς
336 1819 426 1871 τὸν
450 1820 626 1891 γάμον
648 1822 754 1875 ἀπὸ
776 1821 885 1875 τῶν
915 1820 1292 1892 μοναστηρίων
1343 1813 1706 1873 ἐκϐαίνουσιν,
1742 1812 1856 1864 ὅσοι

173 1907 313 1977 πρὸς
345 1908 548 1978 πόρνας
583 1910 691 1964 ἀπὸ
731 1910 830 1981 τῆς
857 1910 1024 1979 ἐὐνῆς
1064 1908 1381 1962 ἀνίστανται
1423 1901 1533 1955 τῶν
1557 1900 1852 1970 γυναικῶν.

169 1994 237 2046 Ei
277 1993 334 2046 66
377 1995 511 2048 ὅπου
545 1995 743 2051 εὐκολα
787 1996 857 2050 τά
906 1996 1015 2048 τῶν
1048 1991 1439 2061 παλαισμάτων
1481 1990 1686 2056 αὐτοῖς,
1718 1987 1855 2059 μετά

169 2082 447 2154 τοσαύτης
484 2084 776 2138 πίπτουσιν
814 2080 1144 2155 ὑπερϐολῆς,
1177 2078 1231 2132 τί
1283 2079 1596 2148 ποιήσουσιν
1642 2078 1700 2129 ἐν
1742 2078 1856 2139 τοῖς

168 2169 356 2235 ἄλλοις
394 2172 645 2237 πάθεσιν,
686 2172 746 2223 ἐν
795 2166 879 2233 οἷς
924 2169 1125 2240 μᾶλλον
1161 2166 1503 2237 ἐνοχλοῦνται
1542 2164 1650 2218 τῶν
1691 2181 1856 2235 μονα-

170 2258 324 2327 χῶν;
371 2260 437 2312 Ἠ
470 2260 568 2329 μὲν
590 2259 700 2332 γὰρ
741 2257 1009 2327 ἐπιθυμία
1053 2252 1267 2317 τούτοις
1318 2253 1675 2325 σφοδρότερον
1706 2251 1857 2303 ἐπει-

173 2363 284 2410 σιν,
311 2346 407 2400 ἆτε
436 2348 534 2416 τήν
568 2348 706 2418 πρὸς
738 2348 1004 2415 γυναῖκας
1036 2344 1137 2396 οὐκ
1176 2342 1389 2412 ἔχουσιν
1415 2341 1628 2412 ὁμιλίαν
1647 2357 1662 2372 ·
1701 2340 1772 2392 :6
1800 2339 1857 2391 δέ

171 2434 312 2488 ἄλλα
350 2435 556 2488 τούτων
592 2435 691 2505 μὲν
718 2435 841 2488 οὐδὲ
893 2434 1062 2503 ἐγγὺς
1089 2430 1347 2501 γενέσθαι
1372 2430 1574 2485 δύναιτ’
1600 2429 1691 2493 ἂν,
1716 2428 1859 2481 ἐκεί·

170 2540 301 2585 νους
326 2523 383 2575 66
419 2522 559 2576 κατά
592 2522 792 2593 κράτος
823 2521 1038 2573 ἐλαύνει
1067 2520 1161 2573 καὶ
1205 2520 1298 2571 61:1
1344 2518 1584 2588 κεφαλὴν
1612 2515 1764 2570 ὠθεῖ.
1796 2515 1859 2568 Εί

172 2608 232 2660 δὲ
262 2609 319 2661 ἐν
352 2602 432 2671 οἷς
469 2608 869 2679 σιροδρότερονι³
901 2609 930 2661 6
958 2608 1194 2678 πόλεμος
1224 2609 1367 2673 πνεῖ,
1405 2605 1606 2677 μᾶλλον
1648 2603 1755 2659 τῶν
1772 2596 1857 2677 ’μὴ

171 2693 334 2748 τοῦτο
380 2696 697 2766 πασχόντων
746 2687 1057 2769 κρατοῦσιν,
1115 2696 1339 2768 εὐδηλον
1380 2697 1463 2750 ὅτι
1505 2694 1685 2766 πολλῷ
1728 2696 1858 2765 ῥᾷον

172 2783 382 2839 τούτων
405 2786 463 2837 ἐν
491 2787 604 2847 τοῖς
635 2786 835 2852 ἄλλοις,
866 2788 924 2840 ἐν
965 2783 1049 2850 οἷς
1081 2786 1182 2840 οὐκ
1225 2784 1585 2856 ἐνοχλοῦνται,
1634 2786 1859 2856 στήσον-

172 2888 292 2925 ται.
322 2872 432 2925 Ka1
464 2871 572 2944 γάρ
599 2870 748 2945 [HM]
773 2875 1071 2945 χρημάτων
1102 2872 1264 2945 ἔρως,
1300 2870 1640 2944 καὶτρυφῆς
1667 2870 1853 2925 ἐπιθυ-

178 2958 284 3028 μία
311 2958 405 3011 καλ⁵
441 2959 759 3022 δυναστείας
788 2960 880 3012 καὶ
911 2959 1020 3014 τῶν
1049 2958 1223 3014 ἀλλων
1254 2958 1530 3023 ἀπάντων,
1560 2954 1858 3009 εὐκολώτε-

181 3063 279 3115 ρον
328 3046 431 3099 ὐπὸ
477 3046 680 3100 τούτων
727 3048 761 3119 ἢ
811 3046 920 3100 τῶν
968 3046 1236 3117 βιωτικῶν
1284 3044 1545 3101 ἀνύεσθαι
1590 3044 1855 3111 πέφυκεν.

178 3134 398 3205 Ὥσπερ
429 3130 522 3188 οὖν
569 3136 627 3187 ἐν
662 3135 967 3206 παρατάξει
1004 3135 1099 3187 καὶ
1133 3134 1283 3207 μάχῃ
1313 3132 1473 3186 τοῦτο
1498 3130 1594 3186 τοῦ
1622 3128 1859 3199 πολέμου

176 3219 244 3272 :6
283 3221 447 3291 μέρος
482 3222 806 3291 κουφότερον
830 3218 970 3276 εἶναι
999 3223 1267 3293 φήσομεν,
1288 3221 1388 3290 οὐχ
1411 3220 1531 3274 ὅθεν
1570 3215 1861 3288 ἐπάλληλοι

179 3308 281 3358 καὶ
323 3310 565 3378 συνεχεῖς
602 3307 890 3362 πίπτουσιν
926 3311 974 3362 οἱ
1014 3310 1220 3379 νεκροὶ,
1264 3308 1379 3361 ἀλλ’
1407 3304 1529 3362 ὅθεν
1557 3306 1727 3374 ὀλίγοι
1768 3303 1864 3358 καὶ

176 3394 426 3457 σπάνιοι,
453 3394 595 3449 οὕτω
623 3397 716 3450 καὶ
735 3397 865 3468 περὶ
892 3397 1097 3450 τούτων
1116 3396 1448 3467 ψηφίζεσθαι
1471 3397 1598 3467 χρή.
1620 3395 1731 3447 K61
1753 3392 1863 3464 γάρ

182 3481 501 3547 πλεονεξίας
527 3487 626 3554 οὐχ
655 3485 685 3536 6
714 3485 1084 3556 στρεφόμενος
1113 3486 1171 3537 ἐν
1198 3483 1277 3555 τῷ
1318 3484 1492 3554 μέσῳ,
1532 3481 1647 3536 ἀλλ’
1673 3483 1701 3534 6
1729 3479 1863 3534 καθ-

181 3570 388 3639 ήμενος
408 3571 465 3622 ἐν
492 3574 604 3634 τοῖς
632 3571 814 3642 ὄρεσιν
842 3572 1205 3643 εὐκολώτερον
1236 3571 1519 3642 περιέσται
1539 3586 1553 3601 ο
1583 3569 1704 3622 ἐπεὶ
1727 3570 1864 3622 ἐκεῖ-

183 3657 279 3719 νός
310 3675 373 3725 γε
422 3658 516 3710 καὶ
548 3658 818 3712 ἁλώσεται
858 3661 1076 3731 ῥᾳδίως,
1112 3660 1308 3713 ἁλόντα
1333 3661 1391 3713 δὲ
1412 3658 1693 3730 πλεονεξίᾳ
1726 3659 1865 3729 μετὰ

181 3745 299 3797 τῶν
326 3746 726 3816 είδωλολατρῶν
748 3748 1097 3819 ἀριθμεῖσθαι
1119 3750 1353 3819 ἀνάγκη.
1371 3749 1482 3802 Καὶ
1507 3747 1617 3801 τῶν
1648 3747 1866 3801 οἰκείων

183 3823 347 3897 οὗτος
392 3834 489 3903 μὲν
536 3835 634 3904 οὐχ
670 3836 955 3909 αἱρήσεται
1001 3836 1295 3907 ὑπεριδεῖν,
1326 3835 1394 3891 ἂν
1437 3835 1536 3910 ἔχῃ
1582 3837 1865 3909 χρήματα,

186 3920 307 3973 ἀλλ’
338 3921 573 3993 εὐκόλως
600 3923 784 3986 αὐτοῖς
812 3923 991 3976 πάντα
1013 3925 1337 3995 προήσεται,
1361 3925 1569 3988 ἐκεῖνος
1600 3924 1659 3978 δὲ
1695 3923 1757 3977 οὐ
1780 3940 1870 3977 πε-

191 4008 444 4079 ριόψεται
475 4010 633 4080 μόνον
655 4011 872 4075 αὐτοὺς,
895 4012 1031 4066 ἀλλὰ
1059 4014 1153 4067 καὶ
1171 4013 1418 4085 ἀδικήσει
1442 4014 1551 4067 τῶν
1573 4013 1870 4084 ἀλλοτρίων

190 4097 293 4166 οὐχ
321 4091 482 4168 ἦττον
500 4114 515 4128 ι
547 4097 703 4152 τοῦτο
723 4099 780 4152 δὲ
799 4099 961 4153 πάλιν
983 4100 1171 4172 ἕτερος
1205 4101 1650 4173 είδωλολατρείας
1669 4100 1870 4172 τρόπος

190 4183 289 4237 τοῦ
313 4185 576 4256 προτέρου
608 4186 1006 4259 χαλεπώτερος.
1034 4190 1146 4242 Καὶ
1172 4190 1226 4243 τί
1249 4190 1332 4243 δεῖ
1350 4189 1419 4243 :6
1440 4189 1576 4244 ἄλλα
1596 4189 1770 4244 πάντα
1791 4188 1873 4240 λέ-

192 4288 336 4339 γειν,
380 4273 448 4327 :6
479 4276 592 4336 τοῖς
623 4275 913 4345 μονάζουσι
950 4277 1048 4348 μὲν
1081 4277 1211 4331 ὄντα
1248 4277 1713 4345 εὐκαταγώνιστα,
1743 4278 1871 4341 τούς

192 4358 256 4412 δὲ
291 4360 577 4431 βιωτικοῖκ
613 4365 752 4434 μετά
780 4365 980 4438 πολλῆς
1013 4364 1423 4419 καταϐάλλοντα
1446 4366 1548 4435 τῆς
1577 4365 1872 4437 σφοδρότη-

193 4466 321 4515 τος;
354 4452 479 4515 Πῶς
512 4448 604 4506 οὖν
625 4454 684 4506 οὐ
706 4453 971 4518 δέδοικας,
996 4454 1115 4508 οὐδὲ
1142 4454 1363 4525 τρέμεις
1390 4454 1483 4507 61:1
1509 4453 1697 4507 τοῦτον
1724 4454 1874 4523 ἄγων

195 4537 292 4591 τὸν
322 4538 513 4608 βίονδ,
543 4540 664 4592 ὅθεν
714 4540 989 4612 ἁλώσιμος
1024 4542 1177 4595 ἔσται
1212 4545 1278 4613 τῇ
1313 4540 1479 4613 κακίᾳ
1530 4542 1772 4611 ταχέως;
1801 4542 1875 4597 Ἦ

203 4626 401 4697 μικρὸν
442 4622 580 4679 εἷναί
619 4644 700 4680 σοι
734 4628 884 4681 δοκεῖ
914 4629 1345 4702 είδωλολατρεία,
1376 4633 1470 4684 καὶ
1498 4629 1558 4683 :6
1598 4629 1708 4683 τῶν
1745 4631 1877 4684 ἀπί-

204 4730 346 4766 στων
392 4710 529 4767 εἶναι
559 4714 743 4786 χείρω,
770 4717 864 4768 καὶ
891 4716 951 4769 τὸ
973 4716 1066 4769 τοῦ
1088 4717 1222 4771 Θεοῦ
1247 4719 1345 4789 τὴν
1365 4718 1605 4772 δουλείαν
1646 4717 1734 4772 διὰ
1765 4719 1877 4774 τῶν

201 4800 381 4871 εργων
424 4801 770 4873 ἐξόμνυσθαι,
806 4804 947 4875 άπερ
970 4803 1186 4858 ἅπαντα
1211 4806 1488 4860 πείσονται
1512 4805 1878 4880 εὐκολώτερον

201 4888 315 4942 τῶν
339 4888 584 4960 μοναχῶν
613 4892 661 4944 οί
690 4889 768 4962 τῷ
801 4890 899 4962 βίῳ
933 4892 1375 4964 προσδεδεμένοι;
1425 4894 1587 4967 Ὁρᾷς
1625 4894 1708 4949 6::
1745 4897 1879 4969 σκῆο

203 4976 299 5047 ψις
330 4978 360 5031 6
392 4978 557 5049 φόϐος
592 4980 773 5049 ἐστίν;
807 4980 871 5033 Εἰ
901 4979 1009 5052 γὰρ
1036 4980 1331 5035 δεδοικέναι
1375 4984 1564 5054 ἐχρῆν,
1595 4983 1693 5054 οὐχ
1735 4984 1879 5057 ὑπὲρ

204 5065 315 5119 τῶν
353 5067 421 5121 :6
459 5067 725 5143 κλυδώνια
763 5069 1089 5140 φευγόντων,
1119 5069 1239 5123 οὐδέ
1263 5069 1404 5142 ὑπὲρ
1426 5069 1532 5125 τῶν
1551 5071 1647 5125 61:1
1674 5070 1767 5126 :6v
1795 5072 1878 5125 1:-

209 5155 348 5223 μένα
392 5156 729 5212 σπευδόντων
746 5169 794 5223 ο,
840 5158 955 5212 ἀλλ’
980 5159 1116 5232 ὑπὲρ
1157 5158 1266 5213 τῶν
1309 5159 1367 5211 ἐν
1412 5158 1643 5228 χειμῶνι
1674 5160 1770 5213 καὶ
1811 5162 1879 5232 τῇ

212 5242 350 5316 ζάλῃ
380 5246 877 5319 κλυδωνιζομένων.
909 5248 1217 5320 Ταχύτερον
1254 5246 1363 5319 γὰρ
1406 5246 1615 5300 ἐκεῖθεν
1648 5246 1718 5300 :6
1749 5264 1881 5301 vau-

208 5332 367 5401 ﬁrm,
397 5335 475 5406 τῷ
507 5337 601 5390 καὶ
630 5338 849 5390 πλείονα
874 5334 1013 5391 εἶναι
1044 5337 1114 5391 τά
1139 5335 1480 5409 ἐνοχλοῦντα,
1515 5337 1610 5389 καὶ
1641 5334 1883 5408 ῥᾳθυμο-

210 5422 402 5494 τέρους
443 5426 568 5492 τοὺς
615 5426 751 5499 πρὸς
774 5426 947 5479 ταῦτα
972 5426 1261 5497 στήσεσθαι
1291 5425 1601 5497 μέλλοντας.
1619 5424 1884 5479 Ἐνταῦθα

210 5508 269 5561 66
318 5509 443 5562 οὐτε
474 5514 712 5567 τοσαῦτα
744 5514 813 5568 τά
838 5511 1077 5583 κύματα,
1122 5514 1217 5565 καὶ
1254 5512 1424 5583 πολλὴ
1458 5513 1491 5583 ή
1524 5510 1761 5584 γαλήνη,
1790 5512 1884 5567 καὶ

209 5598 246 5668 ή
287 5598 491 5670 σπουδὴ
539 5602 735 5670 μείζων
764 5602 873 5655 τῶν
919 5600 1055 5672 πρὸς
1100 5599 1273 5652 ταῦτα
1325 5599 1743 5672 μαχησομένων.
1786 5599 1885 5655 Διά

208 5685 369 5741 τοῦτο
404 5688 498 5741 καὶ
533 5690 691 5758 ἡμεῖς
725 5691 817 5745 61:1
842 5690 942 5763 τὴν
970 5689 1174 5762 ἔρημον
1199 5687 1449 5759 ἕλκομεν,
1479 5689 1578 5760 οὐχ
1619 5689 1707 5743 ῖνα
1750 5690 1886 5744 σάκ-

212 5791 309 5829 κον
338 5774 525 5839 ἁπλῶς
572 5777 991 5848 περιϐάλωνται,
1037 5776 1159 5831 οὐδέ
1207 5774 1295 5828 ἵνα
1334 5774 1492 5829 κλοιά
1526 5775 1876 5845 περιθῶνται,

253 5918 303 6030 εξ
330 5918 439 6030 ,ξιιίὲ
457 5919 783 6030 ἷῖνοξὲιὲτερος,
807 5922 965 5971 minus
985 5920 1256 5972 commode.
1284 5917 1409 5970 Infra
1428 5915 1512 5968 alii
1532 5922 1707 5981 τροφῆς
1730 5918 1886 5967 ἐπιθυμ

217 5998 319 6044 μια,
353 5998 439 6030 am
458 5998 650 6045 τρυφης.

274 6044 305 6085 b
328 6044 614 6094 Ambrosius
633 6045 843 6095 Camald.
869 6045 994 6107 legi:
1014 6046 1131 6095 υίόν.

282 6112 303 6138 θ
334 6107 465 6167 Haac,
489 6108 599 6157 οὐδὲ
642 6109 757 6171 ὑπὲρ
780 6110 875 6158 τῶν
902 6102 975 6156 ἐπὶ
999 6108 1080 6157 τὸν
1102 6109 1268 6171 λιμένα
1294 6105 1609 6161 σπευδόντων,
1632 6102 1811 6155 desunt
1837 6106 1889 6161 if;

220 6169 394 6221 Morel.
416 6178 619 6223 tantum.

972 559 1342 617 ADVERSUS
1383 553 1938 612 OPPCGNATORES
1977 554 2165 611 νιτΑς
2204 552 2505 611 MONAST.
2544 551 2673 609 LIB.
2715 551 2802 606 Ill.

3530 549 3630 603 ινα-θ

3530 583 3560 603 σ
3574 580 3587 602 Ι

1957 671 2063 724 οὐδ’
2088 672 2173 723 ἵνα
2198 669 2389 723 σποδὸν
2421 665 2957 740 ὑποστορέσωνταιά,
2984 664 3098 720 ἀλλ’
3135 664 3223 719 ἵνα
3262 662 3369 737 1:96
3405 682 3511 717 των
3538 665 3630 717 ἄλο

1958 758 2063 813 λων
2103 758 2360 813 ἁπάντων
2392 757 2603 827 φύγωσι
2645 755 2743 827 μὲν
2777 755 2996 819 κακίαν,
3032 754 3259 807 ἕλωνται
3308 752 3365 804 δέ
3405 753 3629 823 ἀρετήν.

1958 846 2023 899 Τί
2068 842 2195 911 οὗνς
2243 847 2290 898 οί
2344 844 2741 916 γεγαμηκότες,
2792 843 2977 913 φησὶν,
3022 838 3351 895 ἀπολοῦνται
3394 840 3627 901 πάντες;

1957 935 2030 989 Οὐ
2080 935 2239 988 τοῦτο
2276 932 2440 1001 λέγω,
2470 933 2584 987 ἀλλ’
2614 934 2698 986 6::
2741 929 3003 1002 μειζόνων
3025 929 3310 999 δεήσονται
3333 925 3535 991 πόνων,
3583 927 3634 979 εί

1961 1021 2203 1092 μέλλοιεν
2251 1018 2537 1084 σώζεσθαι,
2572 1020 2662 1073 διὰ
2707 1017 2807 1089 τὴν
2851 1017 3155 1071 ἐνεστῶσαν
3207 1016 3485 1086 ἀνάγκην
3538 1013 3631 1066 τοῦ

1958 1109 2067 1178 γὰρ
2116 1106 2399 1177 δεδεμένου
2449 1109 2648 1178 μᾶλλον
2679 1109 2707 1161 6
2748 1103 3040 1175 λελυμένος
3085 1104 3391 1174 δραμεῖται.
3423 1100 3634 1155 οὐκοῦν

1960 1197 2055 1247 καὶ
2077 1194 2297 1249 πλείονα
2324 1195 2434 1262 ’ἑξει
2457 1197 2549 1249 τὸν
2575 1195 2785 1266 μισθὸν,
2807 1195 2905 1247 καὶ
2924 1191 3339 1263 λαμπροτέρους
3358 1192 3483 1254 :06;
3514 1206 3629 1242 στεο

1960 1283 2196 1352 φάνους;
2240 1283 2538 1354 Οὐδαμῶς·
2582 1284 2760 1353 ἐαυτῷ
2796 1284 2907 1353 γὰρ
2950 1281 3158 1351 ταύτην
3196 1279 3509 1350 περιτίθησι
3536 1278 3635 1346 τὴν

1961 1371 2227 1442 ἀνάγκην,
2263 1371 2381 1439 ἐξὸν
2414 1372 2489 1443 μὴ
2517 1369 3033 1442 περιθεῖναι.”Ωστε,
3068 1368 3257 1439 ἐπειδὴ
3288 1365 3476 1434 σαφῶς
3501 1366 3637 1434 ἡμῖν

1961 1458 2333 1513 ἀποδέδεικται
2356 1459 2439 1512 6::
2466 1456 2578 1511 τῶν
2608 1455 2790 1510 αὐτῶν
2821 1458 2989 1526 ἐσμεν
3013 1455 3302 1509 ὑπεύθυνοι
3329 1455 3442 1516 τοῖς
3467 1468 3637 1523 μονα-

1961 1547 2097 1615 χοῖς,
2143 1547 2237 1599 61:1
2281 1546 2381 1616 τὴν
2418 1543 2793 1613 εὐκολωτέραν
2836 1541 3121 1614 τρέχωμεν
3167 1540 3305 1604 όδδν,
3361 1539 3455 1592 καὶ
3510 1538 3637 1600 τοὺς

1963 1633 2112 1695 υίούς
2146 1633 2240 1686 61:1
2274 1632 2479 1702 ταύτην
2517 1631 2789 1702 ἕλκωμεν,
2827 1628 2965 1686 ἀλλά
3011 1627 3087 1700 μή
3132 1627 3637 1695 καταποντίζωμεν,

1967 1724 2104 1795 μηδέ
2151 1725 2230 1786 είς
2272 1724 2341 1776 :6
2381 1724 2482 1792 τῆς
2511 1722 2710 1786 κακίας
2768 1722 3017 1790 ἐλκωμεν
3064 1717 3335 1791 βάραθρα,
3386 1716 3637 1784 καθάπερ

1963 1809 2151 1881 ἐχθροὶ
2202 1810 2298 1865 καὶ
2349 1809 2616 1880 πολέμιοι.
2651 1807 2836 1861 Ταῦτα
2893 1808 3001 1878 γὰρ
3044 1810 3092 1860 εἰ
3146 1807 3244 1876 μὲν
3294 1804 3446 1859 6110:
3495 1803 3641 1866 ::v6;

1964 1897 2200 1961 ἐποίουν,
2234 1897 2335 1950 οὐκ
2363 1891 2433 1968 ἦν
2464 1894 2607 1949 οὕτω
2640 1894 2839 1947 δεινόν’
2872 1894 3000 1947 ὅταν
3046 1893 3105 1945 δέ
3146 1895 3195 1944 οἱ
3227 1889 3638 1959 γεγεννηκότες,

1963 1988 2013 2040 οί
2034 1986 2144 2040 τῶν
2168 1983 2439 2057 βιωτικῶν
2459 1985 2654 2053 πεῖραν
2668 1981 2953 2052 εἰληφότες
2976 1980 3215 2043 πάντων,
3236 1980 3287 2031 οἱ
3308 1977 3396 2030 6:6
3420 1976 3527 2029 τῶν
3552 1973 3642 2040 ἐρ-

1963 2092 2076 2144 γων
2104 2073 2370 2145 μαθόντες
2404 2070 2583 2124 αὐτῶν
2605 2070 2686 2123 6::
2713 2067 2899 2140 ψυχρά
2917 2066 3025 2120 τῶν
3049 2064 3334 2137 παρόντων
3377 2059 3642 2133 πραγμά-

1961 2179 2071 2215 των
2102 2163 2136 2233 ή
2169 2158 2349 2232 ἡδονὴ,
2370 2157 2512 2211 οὕτω
2545 2156 2862 2227 μαίνωνται,
2889 2154 2965 2214 ώς
2996 2153 3218 2223 ἐτέρους
3243 2151 3336 2204 61:1
3361 2148 3537 2203 ταῦτα
3563 2147 3645 2200 ἐλ-

1964 2266 2103 2311 κειν,
2133 2245 2326 2317 ἐπειδὴ
2350 2244 2535 2298 λοιπὸν
2556 2243 2662 2296 61:6
2693 2242 2792 2312 τῆς
2812 2241 3028 2313 ήλικίας
3070 2240 3224 2294 αὐτοὶ
3270 2236 3606 2291 κεκώλυνται
3626 2250 3641 2265 ⁸

1966 2333 2121 2405 [105]
2164 2332 2260 2386 καὶ
2286 2332 2402 2384 δέον
2429 2331 2657 2393 ἐαυτούς
2690 2329 2939 2390 ἐπὶ,τοῖς
2981 2323 3268 2398 προτέροις
3311 2322 3645 2388 ταλανίζειν,

1966 2423 2015 2475 οἱ
2051 2420 2109 2474 δέ
2139 2421 2237 2474 καὶ
2265 2419 2485 2488 ἐτέρους
2517 2416 2865 2486 ἐμϐάλλουσι,
2893 2415 2989 2468 καὶ
3017 2412 3192 2467 ταῦτα
3223 2411 3390 2480 ἐγγὺς
3411 2408 3648 2473 ἑστῶτες

1967 2507 2151 2561 λοιπὸν
2182 2506 2282 2577 τῆς
2302 2504 2579 2574 τελευτῆς,
2597 2500 2805 2557 καὶτοῦ
2830 2498 3205 2571 δικαστηρίου,
3234 2498 3329 2551 καὶ
3351 2496 3459 2550 τῶν
3489 2494 3651 2548 εὐθυο

1967 2596 2075 2650 νῶν
2109 2594 2355 2657 ἐκείνων,
2391 2592 2520 2645 ποία.
2561 2591 2746 2654 αὐτοῖς
2787 2587 3055 2658 ἀπολογία
3101 2585 3471 2656 λελείψεταιθ,
3521 2583 3652 2636 ποία

1970 2681 2292 2755 συγγνώμη,
2329 2683 2483 2744 ποῖος
2509 2679 2686 2745 ἐλεος;
2720 2679 2795 2733 Οὐ
2838 2677 2948 2750 γὰρ
2994 2677 3055 2747 δὴ
3101 2675 3262 2748 μόνον
3291 2673 3403 2727 τῶν
3433 2670 3649 2726 οίκείων

1966 2770 2382 2843 ἁμαρτημάτων
2421 2766 2650 2821 δώσουσι
2682 2765 2859 2836 δίκην,
2882 2765 3018 2819 ἀλλά
3050 2762 3147 2818 καὶ
3185 2761 3296 2814 τῶν
3336 2763 3450 2823 τοῖς
3492 2757 3650 2811 παισὶ

1967 2857 2405 2930 τετολμημένων,
2428 2855 2494 2909 ἀν
2514 2872 2573 2908 τε
2599 2851 2868 2925 δυνηθῶσι
2890 2852 3017 2915 τούς
3033 2852 3182 2914 υίοῦς
3221 2849 3239 2887 ί
3268 2845 3648 2910 ὐποσκελίσαι,

1968 2946 2032 2998 ἄν
2055 2962 2115 2998 τε
2144 2946 2243 3015 μή.

2042 3031 2322 3100 ιφέΑλλά
2335 3031 2529 3092 παῖδας
2541 3030 2669 3093 ῐσως
2683 3026 2839 3081 ἐπιθυ
2848 3028 2998 3097 μεῖτε
3012 3022 3217 3078 παίδων
3231 3019 3496 3076 ίδεῖν.Καὶ
3508 3017 3651 3080 πῶς,

1969 3120 2121 3174 οὔπω
2157 3120 2438 3191 γενόμενοι
2462 3117 2695 3188 πατέρες
2720 3113 2912 3179 αὐτοί;
2944 3111 3020 3165 Οὐ
3064 3110 3174 3181 γὰρ
3197 3109 3263 3180 δὴ
3299 3108 3362 3162 :6
3390 3106 3652 3176 γεννῆσαι

1970 3208 2186 3278 πατέρα
2219 3208 2389 3259 ποιεῖ’
2422 3205 2516 3259 καὶ
2546 3203 2705 3257 τοῦτο
2742 3199 2897 3256 αὐτοὶ
2919 3200 2969 3253 οί
3000 3195 3388 3266 γεγεννηκότες
3423 3208 3653 3263 συνομο-

1944 3298 2261 3369 ,λογήσαιεν
2290 3295 2379 3359 ὢν,
2415 3293 2465 3345 οἳ
2498 3292 2627 3354 τοὺς
2658 3290 2792 3351 υἱεῖς
2814 3289 2943 3342 ὅταν
2972 3285 3154 3339 ἴδωσιν
3184 3284 3264 3345 είς
3291 3281 3520 3351 ἔσχατον
3556 3294 3654 3334 καρ

1970 3387 2096 3449 κίας
2145 3383 2486 3446 ἐλαύνοντας,
2517 3380 2594 3443 ὡς
2622 3380 2721 3432 οὐκ
2754 3379 2913 3439 ὂντας
2965 3375 3145 3429 αὐτῶν
3185 3372 3507 3427 ἐκϐάλλουσι
3553 3370 3651 3425 καὶ

1970 3471 2416 3543 ἀπαλλοτριοῦσι,
2466 3468 2562 3522 καὶ
2606 3466 2730 3520 οὐτε
2776 3461 2974 3534 φύσις,
3025 3460 3151 3517 οὐτε
3196 3459 3481 3543 γέννησις,
3523 3455 3651 3511 οὐτε

1971 3561 2099 3617 ἄλλο
2134 3559 2244 3613 τῶν
2279 3556 2537 3612 τοιούτων
2576 3554 2729 3608 οὐδὲν
2768 3552 3067 3622 κατασχεῖν
3098 3549 3298 3611 αὐτοὺς
3336 3536 3537 3600 δύναιτ’
3562 3545 3650 3599 ἄν.

1971 3649 2063 3721 Μὴ
2095 3646 2278 3701 τοίνυν
2310 3644 2450 3717 μηδέ
2478 3643 2714 3713 πατέρες
2743 3638 3115 3705 ἀξιούσθωσαν
3146 3632 3285 3691 εῖναι
3317 3635 3368 3687 οί
3398 3632 3649 3695 τοιοῦτοι,

1974 3730 2050 3790 ὧν
2086 3735 2221 3789 πολύ
2255 3734 2397 3789 κατά
2421 3733 2509 3787 τὸν
2534 3732 2638 3802 τῆς
2663 3728 2981 3800 φιλοσοφίας
3002 3725 3277 3779 λείπονται
3310 3722 3469 3791 λόγον
3489 3737 3503 3751 °
3536 3721 3651 3775 ἀλλ’

1976 3824 2196 3879 ἐπειδὰν
2232 3822 2433 3885 αὐτοὺς
2460 3818 2650 3874 τοῦτον
2676 3817 2770 3872 τὸν
2810 3815 3013 3889 τρόπον
3041 3814 3367 3884 γεννήσωσι,
3406 3810 3531 3864 τότε
3560 3810 3657 3864 καὶ

1976 3912 2103 3976 τούς
2139 3910 2396 3979 ἐκγόνους
2424 3905 2791 3978 ζητείτωσαψ
2827 3903 2951 3957 τότε
2997 3900 3108 3973 γὰρ
3154 3900 3353 3963 αὐτοὺς
3380 3899 3477 3952 καὶ
3526 3896 3657 3950 ίδεῖν

1975 3999 2289 4070 δυνήσονται
2339 3994 2519 4067 μόνον.
2548 3993 2671 4047 Είσὶ
2711 3992 2821 4064 γὰρ
2861 3990 3045 4054 αὐτοῖς
3087 3987 3298 4052 παῖδες,
3346 3986 3506 4048 εἰσιν,
3541 3985 3657 4038 οὐκ

1976 4086 2045 4149 ἐξ
2074 4083 2357 4155 αἱμάτων,
2384 4081 2528 4137 οὐδὲ
2558 4081 2629 4136 ἐκ
2653 4078 2988 4149 θελήματος
3024 4076 3272 4145 σαρκός,
3296 4071 3443 4127 οὐδὲ
3465 4072 3540 4126 ἐκ
3564 4074 3658 4125 θε-

1977 4172 2247 4242 λήματος
2300 4170 2521 4240 ἀνδρὸς
2540 4210 2556 4237 ,
2596 4167 2736 4224 ἀλλ’
2779 4166 2850 4232 ἐξ
2907 4162 3073 4220 αὐτοῦ
3129 4161 3484 4233 γεννηθέντες
3546 4155 3655 4213 τοῦ

1980 4259 2153 4316 Θεοῦ.
2184 4250 2347 4313 Οὗτοι
2396 4259 2448 4312 οἱ
2491 4255 2681 4320 παῖδες
2729 4254 2828 4324 οὐχ
2876 4251 3018 4324 ὑπὲρ
3066 4248 3365 4322 χρημάτων
3416 4244 3658 4313 ἀναγκά-

1980 4347 2132 4412 ζουσι
2187 4346 2485 4402 κόπτεσθαι
2538 4345 2665 4409 τοὺς
2721 4342 2985 4414 πατέρας,
3011 4340 3112 4411 οὐχ
3140 4338 3281 4410 ὑπὲρ
3328 4335 3531 4407 γάμου,
3556 4333 3657 4402 οὐχ

1982 4435 2123 4506 ὑπὲρ
2174 4434 2335 4490 ἄλλου
2399 4433 2545 4497 τινος
2603 4432 2869 4492 τοιούτου,
2904 4427 3040 4483 ἀλλὰ
3080 4425 3261 4496 πάσης
3317 4423 3514 4485 αὐτοὺς
3556 4418 3657 4487 τῆς

1969 4517 2261 4597 ’φροντίδος
2301 4521 2510 4585 ἀτελεῖς
2541 4521 2795 4591 ἀφέντες,
2828 4518 2935 4571 τῶν
2965 4514 3211 4585 φυσικῶν
3247 4512 3499 4583 πατέρων
3538 4509 3660 4579 μεί-

1985 4614 2099 4680 ζονι
2136 4611 2466 4684 παρέχουσιν
2503 4609 2776 4681 ἐντρυφᾷν
2814 4606 2997 4678 ἡδονῇ.
3021 4604 3097 4658 Οὐ
3139 4602 3248 4674 γὰρ
3293 4600 3386 4656 61:1
3419 4601 3531 4662 τοῖς
3559 4597 3659 4651 αὐ-

1984 4705 2097 4765 τοῖς
2147 4698 2424 4754 τίκτονταί
2477 4714 2539 4751 τε
2595 4696 2690 4750 καὶ
2742 4695 3034 4765 τρέφονται
3059 4734 3074 4757 ,
3123 4687 3318 4761 οἷσπερ
3374 4687 3615 4742 κάκεῖνοι
3640 4724 3658 4749 ,

1985 4788 2100 4845 ἀλλ’
2131 4788 2228 4843 61:1
2259 4785 2441 4857 πολλῷ
2466 4783 2678 4856 μείζοσι
2708 4783 2802 4837 καὶ
2828 4779 3230 4853 λαμπροτέροις
3249 4796 3264 4809 ο
3288 4776 3370 4831 διὸ
3402 4774 3499 4829 καὶ
3521 4772 3661 4844 μᾶλ-

1985 4880 2077 4935 λον
2098 4879 2224 4942 τοὺς
2246 4874 2646 4947 γεγεννηκότας
2688 4871 3056 4943 εὐφραίνουσι.
3116 4869 3302 4938 Χωρὶς
3345 4864 3404 4918 δὲ
3448 4863 3657 4917 τούτων

1988 4971 2208 5025 κάκεῖνο
2221 4968 2431 5038 εἴποιμι
2451 4964 2537 5027 ἂν,
2553 4965 2635 5017 6::
2649 4962 2777 5023 τοὺς
2799 4960 2897 5030 μὲν
2912 4954 3329 5017 διαπιστοῦντας
3345 4956 3412 5024 τῇ
3428 4950 3663 5006 ἀναστάι-

1991 5075 2073 5111 σει
2103 5056 2255 5111 οὐδὲν
2280 5052 2506 5115 ἀπεικὸς
2538 5048 2681 5122 ὑπὲρ
2710 5047 2915 5102 τούτων
2954 5046 3195 5117 θρηνεῖν,
3228 5042 3324 5097 ἅτε
3358 5040 3424 5111 δὴ
3454 5038 3665 5108 ταύτης

1992 5149 2161 5219 μόνης
2202 5139 2674 5211 καταλειπομένης
2720 5140 2820 5209 τῆς
2871 5133 3227 5205 παραμυθίας
3273 5130 3485 5191 αὐτοῖς’
3526 5125 3659 5181 οίδὲ

1987 5215 2077 5290 τὸν
2104 5215 2333 5289 θάνατον
2363 5230 2529 5284 ὐπνον
2557 5227 2691 5299 ήγού
2700 5243 2871 5298 μενοι,
2914 5225 3008 5277 καὶ
3035 5218 3416 5288 παιδευόμενοι
3439 5215 3549 5269 τῶν
3571 5216 3659 5268 ἐν·

1987 5322 2163 5378 ταῦθα
2193 5321 2410 5376 πάντων
2440 5316 2820 5386 καταφρονεῖν,
2844 5311 2989 5373 τίνος
3016 5310 3082 5364 ἂν
3107 5308 3301 5379 εἴημεν
3331 5302 3660 5373 συγγνώμης

1990 5412 2130 5478 ἄξιοι
2151 5408 2474 5482 θρηνοῦντες
2495 5404 2635 5475 ὑπὲρ
2661 5400 2889 5462 τούτων,
2912 5398 3009 5451 καὶ
3038 5395 3233 5458 παῖδας
3278 5390 3660 5482 ἐπιζητοῦντες

1995 5476 2122 5553 ίδεῖν
2163 5476 2259 5552 καί.
2282 5494 2598 5551 καταλιπεῖν
2618 5488 2828 5553 ἐνθάδε,
2853 5486 2975 5541 ὅθεν
2997 5482 3281 5553 ἀποπηδᾷν
3306 5476 3661 5549 ἐπειγόμεθα,

1992 5590 2087 5643 καὶ
2119 5586 2355 5643 ἐνταῦθα
2398 5584 2548 5647 ὄντες
2589 5579 2949 5651 στενάζομεν;
3001 5574 3113 5628 Καὶ
3153 5570 3328 5625 ταῦτα
3375 5570 3474 5640 μὲν
3532 5570 3663 5639 ήμῖν

1994 5678 2132 5750 πρὸς
2155 5677 2281 5740 τοὺς
2317 5669 2876 5743 πνευματικωτέρους
2905 5668 3137 5736 εἴρηται.
3163 5663 3228 5715 Εἰ
3278 5660 3337 5715 δέ
3381 5675 3525 5724 τινες
3548 5654 3665 5750 εἷεν

1996 5744 2382 5837 φίλοσώματοι,
2408 5761 2501 5813 καὶ
2525 5757 2729 5830 σφόδρα
2748 5757 2826 5827 τῷ
2852 5754 3076 5825 παρόντι
3105 5748 3518 5822 προσηλωμένοι
3544 5744 3663 5817 βίῳ,

2061 5983 2087 6023 (1
2113 5982 2242 6041 Haec.
2264 5981 2364 6029 οὐδ’
2395 5980 2473 6027 ἵνα
2516 5978 2694 6026 σποδὸν
2732 5970 3166 6041 ὐποστορέσωνται,
3212 5968 3392 6017 desunt
3415 5965 3464 6012 in
3490 5960 3665 6012 Morel.

1999 6051 2205 6096 tantum.
2231 6039 2339 6093 Duo
2359 6054 2475 6091 mss.
2501 6039 2948 6101 περιστορέσωνται.

2062 6088 2342 6155 δ’ἐίοὶῆδῖιὲ
2362 6088 2506 6151 ἓᾶίιὶ.
2533 6088 2712 6150 ﬂanti:
2728 6106 2780 6147 et
2802 6098 2898 6145 duo
2925 6108 3039 6143 msc.
3061 6088 3449 6155 λείψεταοδῖοιτ,

2061 6170 2078 6208 f
2105 6150 2237 6227 Τοῦξ
2252 6150 2519 6223 ἶᾷίούξίέἰς
2562 6164 2710 6215 διινὶι.
2739 6166 2785 6209 et
2809 6160 2903 6209 duo
2932 6172 3067 6219 mss»
3094 6150 3260 6210 εθῗτοίξ
3282 6150 3456 6201 λίθῐεηο
