4532 6714
492 607 595 662 37'!

492 717 827 789 festinamus,
858 722 949 781 uli
973 737 1094 779 eum
1122 722 1310 783 simus,
1362 717 1792 787 ingemiscimus?
1848 717 1914 771 Et
1955 718 2067 772 bzce

490 808 705 879 quidem
732 812 799 867 ad
824 828 939 878 eos,
972 813 1060 883 qui
1083 808 1473 879 spiritualiores
1500 816 1644 869 sunt,
1675 807 1813 861 dicta
1839 809 1962 861 sint.
2009 807 2063 862 Si

490 904 577 971 qui
610 920 739 960 vero
762 907 869 959 sint
901 903 1143 972 corporis
1201 908 1463 963 amantes,
1510 908 1668 968 atque
1708 899 1830 953 huic
1870 902 2065 955 smculo

488 996 701 1063 penitus
729 996 945 1058 addicti,
1006 993 1073 1044 iis
1103 989 1231 1043 illud
1273 988 1525 1053 dixerim,
1577 991 1747 1059 primo
1794 992 2060 1045 incertum

489 1100 609 1139 esse
633 1102 699 1140 an
727 1102 793 1140 ex
822 1080 1164 1138 matrimonio
1196 1079 1289 1133 filii
1315 1080 1421 1134 sint
1439 1082 1747 1152 sequuturi;
1803 1081 2060 1143 secundo,

483 1176 529 1231 si
556 1184 859 1238 nascantur,
890 1171 1144 1239 majorem
1190 1184 1310 1225 esse
1347 1174 1591 1227 mmroris
1640 1187 1897 1227 causam:
1955 1186 2061 1222 non

482 1270 625 1322 enim
656 1276 857 1321 tantum
884 1262 1107 1327 lgetitize,
1132 1272 1385 1333 quantum
1409 1265 1653 1320 maeroris
1680 1264 1989 1330 accipimus,
2032 1273 2061 1310 a

461 1353 789 1428 quotidiana
806 1355 947 1408 circa
972 1369 1068 1409 eos
1090 1355 1466 1423 sollicitudine,
1493 1356 1763 1410 anxietate
1774 1364 1827 1408 et
1849 1354 2061 1406 timore.

483 1451 549 1504 Et
574 1449 680 1510 cui,
713 1446 883 1512 dices,
916 1446 1280 1517 relinquemus
1304 1463 1480 1517 agros,
1537 1446 1744 1507 domos,
1796 1456 1981 1496 servos
2010 1452 2064 1496 et

482 1536 707 1594 aurum?
733 1553 853 1590 nam
878 1546 932 1592 et
959 1538 1074 1593 hate
1101 1554 1311 1609 quoque
1336 1540 1456 1592 illos
1481 1542 1869 1604 conquerentes
1882 1531 2058 1587 audio.

482 1631 542 1685 lii
573 1628 832 1698 profecto,
861 1630 948 1699 qui
977 1628 1090 1685 hate
1116 1640 1269 1684 antea
1301 1627 1621 1683 hereditario
1645 1626 1765 1693 jure
1788 1637 2064 1692 possessu-

479 1734 570 1774 rus
595 1728 729 1784 erat,
755 1735 998 1791 nuncque
1027 1730 1172 1774 tanto
1192 1719 1381 1788 magis,
1430 1730 1589 1785 quam
1645 1714 1811 1782 prius,
1859 1725 2060 1783 quanto

480 1816 671 1866 borum
691 1813 851 1867 tutior
869 1823 1047 1868 custos
1072 1822 1126 1867 et
1153 1812 1401 1865 dominus
1424 1807 1630 1861 futurus
1652 1815 1752 1860 est.
1770 1805 1896 1859 Haec
1918 1806 2058 1860 enim

476 1912 632 1957 antea
651 1904 809 1958 tnnlta
838 1903 1267 1974 pessumdahant,
1304 1899 1476 1959 tineae,
1502 1896 1807 1951 diuturnum
1846 1906 2059 1963 tempus

483 1994 641 2061 edax,
673 1994 840 2061 fures,
870 1995 1233 2068 sycophantae,
1291 1990 1473 2054 invidi,
1526 1988 1686 2043 futuri
1716 1988 2054 2053 incertitudo,

481 2084 831 2141 humanarum
879 2102 1059 2142 rerum
1085 2081 1425 2146 instabilitas,
1479 2096 1623 2135 mors
1676 2080 1887 2135 tandem
1937 2082 2049 2151 ipsa

474 2186 528 2231 et
553 2178 792 2247 pecuniis
813 2188 867 2232 et
891 2174 1320 2247 possessiunmus
1341 2172 1456 2226 istis
1482 2171 1647 2225 filium
1676 2180 1821 2226 tuum
1850 2172 2056 2241 privas—

474 2280 597 2323 set:
656 2284 797 2324 riuuc
851 2282 978 2321 vero
1027 2265 1277 2317 omnibus
1330 2262 1447 2316 istis
1498 2263 1803 2331 superiores
1844 2261 2056 2316 divitias

474 2363 734 2430 reposuit,
764 2362 883 2415 loco
910 2356 1198 2413 iuviolabili
1215 2364 1450 2424 reperto,
1479 2355 1545 2408 ad
1570 2370 1729 2424 quem
1751 2353 1882 2408 nulli
1909 2368 2050 2422 pra:-

472 2455 732 2507 dictarnm
754 2450 982 2519 pestium
1002 2447 1179 2501 aditus
1229 2460 1349 2500 esse
1390 2452 1583 2514 potest.
1632 2444 1682 2499 Is
1729 2457 1859 2497 vero
1906 2442 2057 2497 locus

470 2542 658 2596 caelum
686 2549 789 2602 est,
819 2539 980 2593 nullis
1006 2537 1213 2593 insidiis
1260 2536 1521 2605 pervium,
1561 2534 1708 2589 omni
1740 2544 1895 2588 terrui
1939 2534 2056 2588 solo

471 2635 720 2697 feracius,
743 2641 903 2702 atque
926 2631 1125 2700 ingenti
1164 2645 1286 2685 cum
1331 2628 1535 2684 fenore
1559 2626 1921 2698 depositurum
1954 2641 2052 2695 pe-

468 2725 742 2778 cuniarum
769 2723 973 2778 fructus
997 2721 1275 2777 metendos
1299 2720 1542 2790 praabens
1571 2718 1637 2773 iis
1656 2717 1745 2787 qui
1775 2717 1917 2787 ipsas
1953 2717 2049 2772 de-

468 2816 764 2885 posuerint.
796 2814 911 2868 Non
941 2813 1101 2883 igitur
1128 2827 1190 2868 ea
1220 2811 1380 2866 verba
1403 2808 1627 2865 dicenda
1656 2816 1834 2875 erant,
1864 2806 1961 2863 sed
2004 2808 2051 2862 si

468 2906 611 2962 filius
638 2907 912 2962 saecularis
950 2921 1070 2961 esse
1096 2904 1388 2968 maluisset,
1446 2910 1570 2956 tunc
1623 2899 1859 2955 ﬂendum
1912 2908 2047 2964 erat,

467 3007 592 3053 tunc
616 2998 896 3053 dicendum
927 3015 943 3053 :
972 2996 1070 3051 Cui
1097 3009 1254 3064 agros
1280 2994 1664 3062 relinquemus,
1695 2991 1782 3045 cui
1830 3005 2045 3057 aurum,

465 3090 550 3144 cui
570 3090 821 3157 pecunias
852 3087 1119 3157 reliquas?

538 3183 640 3249 Qui
665 3197 901 3251 pecuum
928 3180 1142 3250 largitur
1160 3217 1176 3242 ,
1208 3176 1372 3230 verius
1398 3188 1650 3245 possessor
1666 3181 1760 3237 est,
1782 3188 1935 3243 quam
1961 3171 2054 3241 qui

464 3276 707 3329 recondit.
729 3303 797 3315 -
828 3273 980 3328 Nune
1002 3281 1179 3326 autem
1211 3277 1355 3324 tanta
1381 3266 1735 3339 possessionis
1753 3275 1809 3321 et
1830 3265 2048 3320 dominii

464 3367 619 3434 copia
646 3375 750 3431 est,
777 3373 837 3419 ut
861 3380 928 3419 ne
954 3372 1075 3433 post
1109 3361 1313 3417 obitum
1340 3358 1552 3429 quidem
1574 3357 1663 3412 illa
1687 3356 1925 3420 excidat;
1956 3355 2049 3410 sed

465 3467 591 3511 tunc
619 3456 847 3510 maxime
875 3469 1059 3510 eorum
1088 3452 1237 3507 lucro
1275 3450 1477 3505 fruatur
1507 3463 1626 3503 cum
1654 3447 1777 3501 binc
1801 3460 2047 3501 excesse—

465 3554 651 3604 rimus.
682 3548 835 3615 Quod
873 3549 917 3600 si
963 3546 1048 3601 hic
1091 3558 1300 3613 quoque
1339 3556 1524 3597 eorum
1549 3539 1821 3593 dominum
1846 3547 1899 3593 et
1927 3552 2050 3606 pos-

465 3656 730 3695 sessorem
758 3639 937 3693 vidch
979 3636 1181 3704 cupias,
1226 3634 1277 3688 id
1308 3646 1517 3702 quoque
1560 3629 1821 3684 monacho
1861 3630 2046 3699 magis.

464 3751 623 3804 quam
647 3730 887 3787 smculari
923 3727 1210 3795 continget.
1239 3724 1369 3791 Quis
1393 3723 1556 3786 enim,
1589 3720 1676 3774 dic
1698 3720 1848 3782 mihi,
1872 3721 2050 3788 potius

465 3826 712 3881 dominus
739 3830 841 3886 est,
873 3820 987 3873 isne
1014 3818 1104 3887 qui
1140 3830 1326 3883 magna
1353 3827 1473 3868 cum
1513 3811 1760 3865 libertate
1790 3806 2054 3879 impendit

465 3927 521 3972 et
548 3915 786 3986 largitur,
822 3926 889 3965 an
917 3910 963 3963 is
983 3907 1071 3976 qui
1099 3920 1209 3975 prae
1237 3902 1455 3957 avaritia
1493 3914 1562 3955 ne
1587 3898 1896 3967 contingere
1934 3897 2053 3967 qui-

464 4013 587 4067 dem
616 4007 793 4071 audet,
825 4001 920 4059 sed
945 3998 1160 4054 suffodit
1202 4009 1286 4059 ea,
1324 3992 1393 4046 ab
1438 3990 1609 4060 iisque
1653 3987 1885 4043 abstinet
1922 3996 2053 4041 tam-

464 4114 626 4173 quam
650 4096 750 4152 sibi
776 4091 1000 4149 alienis?
1020 4088 1108 4160 qui
1122 4087 1211 4142 illa
1228 4083 1455 4139 inaniter
1471 4096 1533 4135 ac
1548 4090 1748 4135 temere
1769 4076 2046 4147 impendit,

465 4214 533 4251 an
564 4193 655 4265 qui
684 4190 737 4245 id
771 4184 1149 4243 convenienter
1176 4177 1316 4250 agit?
1341 4176 1428 4247 qui
1456 4173 1682 4229 seminat
1708 4173 1764 4265 in
1794 4178 1958 4232 terra,
1980 4183 2048 4221 an

465 4289 558 4358 qui
584 4262 636 4340 in
660 4280 835 4338 carie?
868 4276 955 4333 cui
981 4290 1076 4329 sua
1117 4270 1293 4328 omnia
1332 4267 1525 4338 quibus
1566 4262 1791 4318 voluerit
1826 4272 2050 4359 erogare

467 4349 575 4434 non
617 4372 959 4447 permittitur,
1002 4382 1068 4421 an
1106 4363 1193 4434 qui
1222 4362 1290 4416 ab
1330 4357 1575 4447 omnibus
1602 4349 1861 4447 ejusmodi
1888 4349 2052 4403 vecti-

466 4443 978 4541 galia'exigentibus
1022 4458 1157 4510 liber
1184 4450 1382 4509 evasit?
1434 4443 1694 4541 Agricolae
1730 4454 1961 4541 namque
1996 4447 2053 4496 et

467 4530 781 4629 negotiatori
811 4551 961 4607 multi
992 4546 1223 4612 undique
1250 4546 1373 4594 sunt
1400 4536 1595 4591 tributa
1624 4530 1934 4634 persolvere
1956 4544 2052 4585 co-

467 4660 671 4721 gentes.
707 4657 762 4702 et
797 4657 946 4697 suam
976 4639 1171 4709 quique
1213 4640 1417 4703 partem
1455 4633 1757 4723 repetentes
1790 4640 1806 4675 :
1847 4633 1898 4723 et
1923 4636 2053 4723 vero

467 4716 556 4813 qui
581 4738 762 4810 egenis
790 4749 884 4789 sua
913 4743 1133 4799 erogare
1156 4723 1326 4793 cupit,
1350 4734 1508 4775 nemo
1532 4716 2051 4813 talia‘eomminatur,

467 4809 541 4893 ita
565 4809 631 4890 ut
649 4833 736 4888 hic
763 4828 945 4900 potius
974 4834 1191 4879 suorum
1218 4814 1463 4871 dominus
1504 4809 1595 4866 sit.
1642 4811 1723 4861 An
1752 4820 1880 4900 vero
1905 4820 2048 4900 eum,

468 4930 560 5000 qui
598 4898 989 4984 meretricibus,
1014 4911 1211 4974 ventri,
1240 4904 1509 5000 parasitis,
1536 4898 1903 5000 adulatoribus
1941 4898 2055 4952 haec

469 4987 714 5083 effundit,
738 5012 961 5084 gloriam
994 5020 1147 5062 suam
1176 5003 1230 5057 in
1259 4994 1600 5070 ignominiam
1614 4990 1801 5084 vertit,
1826 4987 2055 5084 salutem

470 5111 667 5168 amittit
700 5079 873 5177 seque
908 5095 1255 5158 deridendum
1303 5082 1878 5181 propinat,-dominum.
1907 5079 2056 5181 dicas

470 5218 657 5258 eorum
682 5171 807 5270 qua;
828 5195 907 5250 sic
931 5188 1221 5261 impendit;
1253 5184 1297 5238 si
1325 5190 1500 5235 autem
1530 5175 1596 5230 ad
1623 5188 1804 5228 veram
1830 5171 2053 5270 gloriam

474 5260 878 5359 utilitatemque,
923 5260 1212 5337 secundum
1262 5275 1354 5331 Dei
1397 5270 1670 5362 placitum,
1706 5279 1836 5362 cum
1889 5260 2054 5362 multa

475 5384 751 5454 prudentia
772 5350 871 5435 illa
887 5371 1167 5444 expendat,
1199 5382 1304 5421 non
1334 5366 1459 5419 item
1484 5357 1669 5416 dicas?
1694 5357 1883 5454 Annon
1899 5350 2054 5454 idem

476 5446 626 5537 facis,
656 5489 720 5525 ac
765 5473 811 5526 si
850 5463 1150 5539 quempiam
1193 5456 1517 5528 perspiciens
1546 5453 1597 5505 in
1638 5446 1976 5539 aqumduetns
2003 5448 2058 5496 et

475 5536 692 5620 canales
716 5577 809 5615 sua
857 5536 1149 5619 effundere,
1190 5562 1374 5604 eorum
1413 5544 1685 5597 dominum
1724 5553 1844 5594 esse
1879 5536 2055 5637 dicas;

476 5659 557 5711 sin
600 5666 729 5708 vero
770 5648 1084 5704 necessariis
1124 5642 1307 5698 usibus
1348 5633 1674 5704 impendere,
1728 5645 1851 5684 eum
1908 5633 2059 5697 quasi

476 5757 830 5818 expensarum
873 5738 1167 5793 dominium
1210 5747 1316 5787 non
1361 5726 1644 5782 habentem
1681 5718 1901 5818 lugeas?
1946 5716 2059 5818 imo

478 5809 605 5896 vero
644 5850 748 5889 non
800 5831 867 5885 iis
897 5827 986 5897 qui
1016 5838 1215 5881 temere
1263 5821 1567 5880 absumunt,
1605 5809 1701 5867 sed
1740 5810 1826 5873 iis,
1872 5809 1962 5875 qui
2003 5809 2056 5859 in

478 5931 666 6001 capitis
685 5926 763 5983 sui
784 5920 1069 5996 perniciem
1096 5917 1147 5971 id
1168 5916 1381 5976 faciunt,
1400 5911 1486 5966 isti
1510 5910 1526 5941 ι
1552 5900 1892 5974 comparandi
1908 5907 2054 5953 sunt.

545 6046 560 6075 '
598 6051 697 6093 Duo
715 6048 819 6090 Mss.
856 6048 958 6100 pro,
992 6021 1435 6091 isfi,babeut,ﬁiit'.

1233 605 1593 665 ADVERSUS
1618 604 2163 663 OPPUGNATQRES'
2206 609 2389 664 ViT.=E
2420 609 2710 665 BIONAST.
2744 612 2872 666 ΗΒ.
2917 613 3001 665 Ill.

3646 623 3745 675 στηὸ

3645 658 3703 675 \.D

2174 721 2281 775 illa:
2326 736 2552 789 itumque
2598 739 2842 792 expensm
2888 724 3188 792 clariorem,
3245 728 3653 794 epuletttiort-tu,
3688 746 3738 785 et

2174 810 2421 861 tutiorem
2476 809 2672 863 faciant
2726 813 3025 877 huttlittcm;
3077 814 3159 868 lue
3204 833 3329 871 vero
3379 836 3484 874 non
3540 832 3742 892 turpem

2172 899 2351 962 modo,
2385 907 2439 951 et
2468 902 2750 965 opprobrio
2794 902 3032 971 dignum,
3067 904 3160 959 sed
3185 905 3502 962 damnationi
3528 925 3745 981 prorsus

2174 989 2485 1041 obnoxium.
3300 1056 3306 1061 ‘

2247 1079 2332 1130 17.
2361 1078 2496 1144 Quid
2536 1097 2680 1149 ergo,
2722 1084 2948 1153 inquies,
2994 1099 3168 1140 annon
3209 1095 3327 1156 post
3354 1090 3743 1147 matrimonium

2171 1180 2233 1218 ac
2256 1178 2530 1236 susceptos
2559 1169 2751 1227 liberos
2778 1174 2958 1227 licebit
2986 1174 3124 1228 hanc
3152 1176 3540 1247 philosophiam
3576 1180 3629 1234 in
3664 1197 3743 1234 se-

2173 1265 2383 1311 nectute
2410 1259 2690 1326 amplecti?
2733 1264 2804 1315 At
2849 1264 2966 1331 quis
3009 1265 3160 1318 nobis
3203 1267 3530 1333 polliceatur,
3574 1272 3745 1339 primo

2170 1346 2381 1415 quidem
2426 1364 2524 1403 nos
2572 1350 2637 1403 ad
2676 1361 2966 1406 extremam
3006 1364 3330 1410 senectutem
3362 1373 3739 1426 perventuros;

2168 1438 2421 1505 secundo,
2450 1440 2493 1493 si
2536 1440 2604 1495 ad
2640 1456 2758 1496 eam
2799 1443 3189 1512 perveniamus,
3241 1446 3482 1502 eamdem
3530 1465 3743 1517 prorsus

2167 1540 2396 1585 mentem
2442 1542 2749 1588 servaturos
2784 1550 2905 1591 esse
2926 1536 2949 1591 ?
2974 1535 3155 1607 Neque
3202 1538 3343 1593 enim
3386 1542 3662 1609 praestituti
3691 1544 3742 1598 in

2166 1622 2271 1672 vita
2317 1626 2569 1690 temporis
2606 1624 2805 1678 domini
2843 1640 3028 1681 sumus
3051 1645 3064 1680 :
3090 1628 3246 1699 idque
3269 1630 3448 1684 docuit
3482 1646 3579 1686 nos
3603 1632 3740 1686 l’au-

2166 1709 2247 1764 lus
2271 1712 2284 1740 ¹
2304 1726 2423 1765 cum
2441 1712 2573 1766 dixit
2604 1733 2617 1767 :
2641 1714 2761 1767 Dies
2782 1715 3005 1784 Domini,
3033 1718 3159 1771 sicut
3186 1722 3271 1789 fur
3294 1720 3345 1774 in
3374 1731 3533 1789 nocte,
3554 1724 3625 1776 ita
3656 1740 3737 1778 ve-

2165 1800 2266 1853 niet
2293 1801 2370 1866 (1.
2397 1799 2575 1855 Thess.
2611 1804 2661 1857 5.
2688 1803 2747 1874 2)
2775 1822 2787 1854 :
2812 1820 2983 1875 neque
3024 1822 3209 1862 rursus
3238 1809 3289 1863 in
3319 1812 3501 1865 eadem
3530 1829 3738 1884 semper

2163 1893 2436 1948 alacritate
2476 1896 2728 1965 propositi
2757 1899 3106 1967 cogitationes
3144 1910 3342 1955 nostra:
3380 1917 3735 1971 perseverant.

2162 1985 2494 2056 Quapropter
2529 1989 2738 2057 sapiens
2764 1990 2976 2058 quidam
3013 1991 3262 2047 admonet
3299 1992 3380 2045 bis
3408 1994 3583 2049 verbis
3611 2013 3623 2047 :
3659 1994 3739 2049 Ne

2160 2078 2326 2132 tardes
2370 2080 2587 2132 converti
2644 2081 2712 2132 ad
2741 2080 3034 2147 Dominum,
3080 2094 3125 2136 et
3168 2100 3229 2137 ne
3256 2084 3463 2151 (ii/feras
3499 2087 3563 2139 de
3588 2088 3669 2139 die
3688 2087 3738 2139 in

2158 2167 2288 2219 diem
2310 2167 2493 2236 (Ereti.
2522 2169 2575 2223 5.
2607 2170 2677 2223 8⁸
2707 2174 2748 2238 ),
2780 2187 2846 2225 ne
2874 2169 3032 2235 forte,
3072 2172 3196 2226 dum
3226 2184 3282 2226 tu
3324 2190 3526 2229 moram
3574 2176 3737 2228 trabis

2158 2257 2470 2321 conterat-is,
2518 2267 2573 2311 et
2620 2259 2671 2311 in
2715 2269 2954 2328 tempore
3000 2261 3214 2315 ultionis
3260 2277 3471 2332 pereas.
3517 2265 3737 2322 Etiamsi

2160 2361 2288 2400 vero
2312 2362 2497 2400 eorum
2528 2348 2661 2401 nihil
2706 2360 2848 2403 esset
2883 2349 3166 2416 incertum,
3207 2367 3274 2405 ne
3319 2352 3398 2407 sic
3433 2353 3647 2421 quidem
3672 2354 3737 2409 li-

2158 2436 2318 2491 beros
2345 2448 2554 2492 nostros
2596 2440 2791 2494 morari
2833 2440 3170 2508 deberemus,
3210 2457 3383 2512 neque
3414 2453 3613 2498 tantum
3647 2444 3737 2499 de-

2161 2527 2468 2582 trimentum
2503 2530 2785 2599 negligere.
2813 2530 2946 2585 Nam
2971 2543 3223 2588 extrema:
3260 2533 3543 2589 dementia:
3569 2545 3729 2600 esset,

2152 2613 2402 2685 juvenem
2431 2618 2669 2674 'auxilio
2715 2630 2981 2690 egentem,
3036 2622 3343 2678 adversario
3390 2626 3735 2681 vehementer

2156 2710 2405 2777 instante,
2427 2711 2618 2779 jubere
2647 2712 2959 2767 satularibus
2998 2714 3239 2784 immergi
3260 2717 3438 2782 rebus,
3465 2716 3535 2770 ita
3562 2728 3617 2770 ut
3641 2732 3733 2771 su—

2155 2812 2343 2873 peratu
2388 2804 2558 2859 facilis
2604 2805 2888 2869 evaderet;
2938 2815 3215 2876 postquam
3260 2817 3438 2863 autem
3472 2810 3736 2863 sexcentis

2155 2895 2463 2949 vulneribus
2500 2895 2782 2950 confossus
2815 2897 2959 2951 nulla
2996 2912 3061 2951 ex
3100 2904 3254 2966 parte
3291 2913 3454 2953 sanus
3478 2907 3581 2965 est,
3611 2908 3736 2954 tunc

2153 2998 2362 3040 armare
2391 2986 2536 3038 illum
2564 2995 2619 3040 et
2659 2986 2892 3041 excitare
2927 2986 3193 3055 jaceutem
3233 2988 3626 3059 infirmumque.
3655 2990 3732 3044 ita

2155 3089 2306 3141 sane,
2336 3076 2577 3145 inquies;
2610 3087 2733 3132 tunc
2773 3080 2915 3132 enim
2956 3080 3089 3134 levis
3116 3096 3289 3150 pugna
3326 3083 3450 3148 erit,
3480 3083 3738 3154 facileque

2155 3178 2445 3232 certamen,
2469 3167 2578 3237 jam
2608 3169 2866 3224 exstincta
2897 3171 3346 3241 concupiscentia.
3376 3172 3504 3241 Quae
3542 3190 3729 3244 pugna,

2154 3274 2273 3313 cum
2302 3259 2475 3315 nullus
2499 3259 2638 3316 adsit
2661 3270 2848 3316 contra
2892 3276 2990 3317 nos
3020 3263 3197 3332 pugil?
3237 3263 3362 3318 Ideo
3390 3279 3489 3320 nec
3520 3280 3734 3321 coronae

2159 3361 2285 3406 tunc
2328 3351 2560 3407 illustres
2585 3361 2746 3407 erunt
2776 3370 2789 3405 :
2821 3351 3006 3406 Beatus
3042 3353 3185 3407 enim
3228 3354 3316 3423 qui
3350 3357 3618 3422 portaverit
3643 3357 3735 3426 ju-

2151 3458 2271 3511 gum
2300 3440 2324 3473 δ
2351 3443 2414 3495 ab
2452 3442 2789 3497 adolescentia
2827 3458 2962 3508 sua;
2998 3443 3183 3497 sedebit
3210 3444 3484 3510 solitarius,
3527 3456 3573 3499 et
3598 3456 3732 3500 tace-

2151 3533 2223 3585 bit
2250 3531 2465 3600 (Tltren.
2498 3534 2551 3588 5.
2579 3533 2694 3603 27).
2728 3533 2823 3589 llic
2864 3534 3131 3589 sexcentis
3160 3534 3398 3589 laudibus
3438 3536 3649 3607 dignus,
3677 3549 3734 3592 et

2155 3622 2567 3678 beatitudinibus
2607 3634 2661 3679 et
2702 3626 3003 3694 praeconiis,
3051 3626 3141 3695 qui
3186 3624 3447 3681 furentem
3485 3639 3730 3685 naturam

2154 3714 2361 3779 frzenat,
2398 3724 2452 3770 et
2478 3716 2529 3769 in
2558 3716 2665 3785 ipsa
2698 3716 3026 3783 tempestatis
3056 3716 3105 3770 vi
3131 3716 3380 3787 scapham
3410 3719 3591 3790 eripit.
3622 3720 3731 3777 Ve-

2146 3811 2266 3851 rum
2316 3814 2384 3851 ne
2422 3813 2587 3868 super
2616 3799 2700 3856 bis
2740 3801 2904 3858 rebus
2960 3805 3391 3870 contendamus,
3440 3808 3713 3864 conceda—

2147 3900 2394 3956 nmsque-
2423 3890 2469 3942 si
2516 3888 2598 3945 vis
2646 3897 2780 3948 tunc
2825 3891 2991 3946 etiam
3040 3894 3240 3949 bellum
3288 3912 3409 3952 esse
3439 3897 3707 3967 futurum.

2147 3976 2289 4032 Sane
2328 3979 2373 4032 si
2419 3995 2589 4048 penes
2634 3997 2738 4037 nos
2791 3994 2937 4038 esset
2981 3993 3195 4054 tempus
3237 3989 3551 4045 certaminis
3601 4001 3713 4045 sta.

2144 4073 2296 4122 tuere
2320 4108 2336 4133 ,
2377 4069 2504 4139 jure
2545 4081 2759 4142 tempus
2800 4074 2932 4129 illud
2972 4084 3291 4145 exspectare
3338 4079 3571 4135 liceret:
3627 4082 3714 4136 sin

2142 4176 2275 4214 vero
2304 4177 2400 4231 per
2431 4170 2601 4217 totam
2624 4166 2788 4220 vitam
2811 4168 2970 4222 nobis
2997 4169 3369 4225 dimicandum
3391 4180 3499 4237 est,
3520 4188 3718 4243 nempe

2144 4251 2215 4305 ab
2262 4253 2481 4310 ineunte
2516 4266 2707 4321 aetate,
2757 4258 2873 4313 sive
2902 4277 2933 4312 λι
2978 4258 3242 4316 decennio
3283 4265 3379 4332 (ex
3413 4279 3476 4318 ea
3513 4265 3721 4335 quip.c

2145 4349 2306 4397 tetate
2347 4350 2699 4414 peccatorum
2748 4349 3013 4401 rationem
3064 4349 3331 4404 reddituri
3386 4367 3609 4416 sumus,
3657 4365 3717 4408 ω

2147 4432 2325 4501 palam
2358 4432 2565 4488 faciunt
2588 4439 2743 4505 pueri
2767 4436 2875 4501 illi,
2907 4439 3002 4507 qui
3031 4440 3177 4508 quod
3206 4439 3444 4496 Eliseum
3486 4445 3718 4502 irridere

2149 4526 2271 4580 ausi
2307 4534 2523 4591 essent,
2553 4528 2622 4581 ab
2650 4528 2798 4582 ursis
2826 4530 3068 4586 devorati
3112 4532 3310 4603 sunt),
3361 4544 3419 4589 et
3460 4552 3607 4592 nunc
3651 4554 3719 4593 ex

2150 4616 2243 4670 illa
2281 4625 2441 4671 atate
2482 4618 2842 4687 praeliandum
2872 4631 2991 4687 est,
3024 4638 3135 4692 qua
3187 4624 3390 4680 bellum
3429 4627 3717 4683 adversum

2152 4721 2254 4764 nos
2296 4708 2683 4779 gravissimqu
2736 4711 3028 4767 imminet:
3068 4729 3176 4783 qua
3230 4717 3442 4772 ratione
3487 4726 3545 4772 tu
3585 4726 3722 4773 tem-

2152 4814 2256 4868 pus
2320 4802 2719 4856 certaminibus
2766 4804 3105 4858 constituis?
3157 4804 3368 4861 Etenim
3423 4808 3471 4861 si
3527 4809 3581 4862 in
3628 4817 3723 4863 tua

2152 4900 2420 4961 potestate
2465 4904 2611 4948 esset
2664 4893 2878 4947 diabolo
2928 4894 3222 4965 praecipere
3268 4905 3327 4951 ut
3374 4913 3483 4953 non
3524 4899 3726 4953 irrum-

2157 5001 2323 5063 peret,
2357 4989 2437 5043 vel
2461 5000 2686 5058 pugnam
2727 4984 3103 5043 committeret,
3146 4978 3262 5033 haec
3307 4987 3396 5033 tua
3438 4977 3728 5034 admonitio

2158 5080 2347 5137 rationi
2368 5092 2474 5133 non
2511 5076 2711 5133 absona
2743 5088 2863 5128 esse
2886 5071 3185 5135 videretur;
3216 5069 3298 5123 sin
3323 5076 3500 5123 autem
3529 5082 3593 5121 ex
3621 5080 3723 5119 una

2160 5181 2309 5242 parte
2345 5170 2514 5240 ipsum
2544 5180 2779 5236 pugnare
2823 5164 3004 5217 sinens
3054 5169 3110 5215 et
3154 5159 3274 5214 telis
3317 5159 3592 5226 impetere,
3643 5170 3729 5207 me

2155 5263 2341 5333 jubeas
2363 5259 2636 5329 quiescere
2656 5299 2670 5322 ,
2703 5256 2810 5309 imo
2848 5262 3036 5321 sponte
3064 5250 3407 5303 succumbere
3425 5286 3440 5313 ,
3469 5244 3594 5315 quid
3630 5243 3727 5298 hoc

2159 5356 2355 5412 damno
2370 5351 2599 5408 deterius
2624 5348 2802 5411 fuerit,
2834 5346 3039 5399 furente
3063 5343 3312 5397 nimirum
3342 5338 3578 5403 inimico,
3604 5352 3723 5391 eum

2159 5448 2249 5518 qui
2273 5444 2539 5514 impetitur
2561 5441 2723 5495 armis
2750 5451 2944 5493 exuere
2962 5476 2977 5500 ,
3002 5443 3056 5489 et
3082 5433 3160 5488 sic
3195 5434 3249 5486 in
3278 5431 3390 5500 ejus
3411 5441 3597 5483 manus
3626 5436 3722 5480 tra-

2160 5537 2322 5594 dere?
2345 5532 2562 5590 Juvenis
2577 5542 2658 5587 est
2672 5539 2726 5585 et
2750 5526 3026 5582 inﬁrmus?
3048 5524 3270 5593 ideoque
3290 5519 3473 5589 majori
3490 5518 3716 5573 cautiont

2224 5760 2242 5784 ι
2278 5761 2379 5802 mo
2399 5755 2503 5798 uss.
2532 5753 2585 5809 et
2604 5742 2959 5809 Savil._h-'l_1_>8m2
2981 5737 3279 5809 σητίὲιίιέιμ.

2226 5820 2247 5849 ι
2278 5799 2427 5862 ἰδέας
2447 5807 2761 5857 scelestasuci
2782 5803 2922 5853 aliter
2940 5802 3069 5864 jacet
3093 5800 3143 5848 iu
3166 5799 3309 5850 Editis
3344 5804 3454 5846 Lxx
3492 5801 3733 5856 interpre-

2163 5886 2264 5929 tum
2289 5875 2405 5924 etin
2427 5870 2641 5936 Vulg?“-
2801 5933 2828 5936 _
2966 5919 3031 5936 ρ..

2226 5919 2262 5971 ἴ
2281 5919 2777 5991 summm.
2800 5925 2934 5985 sine,
2957 5919 3130 5985 litim.

2232 6005 2253 6033 ι
2287 6006 2431 6055 tinus,
2444 5995 2617 6055 jugum
2638 6002 2800 6053 graec.
