4532 6712
817 603 921 661 379

817 724 899 770 cst
922 726 1057 783 opus
1075 754 1091 780 ,
1118 710 1393 781 majorque
1422 706 1686 775 diligentia
1708 701 2003 757 adhibenda
2050 711 2151 755 est.
2187 698 2384 767 Hujus-

820 805 966 861 tnodi
1008 815 1184 859 autem
1215 802 1383 854 virum
1414 800 1465 853 in
1497 797 1873 867 tranquillitate
1906 803 1959 845 et
1985 794 2164 864 quiete
2196 792 2389 858 degere

822 904 1053 968 Oportet,
1082 909 1187 948 non
1211 894 1261 945 in
1280 889 1484 959 negotia
1506 904 1564 943 se
1591 888 1852 954 conjicere
1873 892 1926 936 et
1948 884 1998 935 in
2017 882 2190 936 medio
2208 894 2393 933 versa-

826 989 893 1054 ri,
923 986 1012 1041 ubi
1039 984 1304 1045 tumultus
1342 981 1528 1050 ingens
1580 993 1659 1032 ac.
1692 974 2037 1046 perturbatio.
2087 974 2165 1027 Tu
2211 978 2393 1024 contra

824 1096 941 1147 eos,
968 1079 1153 1150 quibus
1199 1075 1392 1129 bellum
1419 1073 1593 1127 acrius
1619 1069 1857 1123 imminet
1877 1108 1891 1129 ,
1921 1076 1975 1121 et
2002 1081 2097 1135 per
2137 1072 2342 1117 mtatem
2375 1062 2392 1092 ⁸

826 1182 881 1227 et
922 1186 1016 1241 per
1042 1168 1402 1223 inﬁrmitatem
1449 1173 1505 1220 et
1553 1176 1647 1231 per
1689 1159 2037 1226 imperitiam,
2066 1166 2120 1210 et
2164 1152 2303 1224 quod
2344 1151 2394 1204 in

827 1278 1004 1317 rerum
1027 1259 1201 1315 medio
1226 1266 1537 1318 versantur;
1568 1252 1685 1313 hos,
1707 1249 1856 1319 quasi
1878 1264 1935 1303 re
1956 1249 2062 1317 jam
2095 1247 2227 1299 bene
2252 1252 2397 1312 gesta

829 1363 885 1410 et
908 1351 1161 1422 acquisita
1192 1346 1497 1403 fortitudine
1516 1385 1530 1410 ,
1563 1344 1619 1396 in
1648 1340 1879 1395 medium
1908 1339 2073 1393 trahis
2093 1377 2108 1403 ,
2140 1349 2236 1389 nec
2269 1332 2400 1385 sinis

831 1445 885 1499 in
916 1443 1181 1497 desertum
1217 1435 1475 1507 proﬁcisci
1519 1442 1575 1486 ut
1613 1438 1967 1486 exerceantur
1992 1437 2043 1481 ct
2072 1426 2135 1480 ad
2172 1436 2400 1492 pugnam

826 1546 887 1588 se
906 1536 1213 1598 comparent
1241 1543 1253 1578 :
1283 1521 1721 1594 quemadmodum
1750 1521 1793 1573 si
1824 1521 1942 1587 quis
1969 1532 2109 1580 eum,
2131 1515 2218 1583 qui
2237 1512 2401 1567 millia

830 1630 1010 1692 posset
1033 1619 1234 1688 erigere
1262 1624 1493 1685 tropaea,
1532 1613 1745 1683 juberet
1779 1626 1891 1665 rem
1935 1610 2173 1664 bellicam
2225 1605 2403 1674 quiete

831 1710 1074 1767 meditari
1112 1718 1165 1764 et
1190 1706 1496 1769 addiscere;
1542 1702 1842 1771 imperitum
1872 1716 2002 1755 vero
2038 1699 2125 1768 qui
2176 1710 2402 1766 pugnam

828 1817 899 1857 ne
920 1800 1183 1869 respicere
1207 1796 1423 1867 quidem
1450 1803 1647 1865 posset,
1681 1792 1799 1847 ideo
1829 1805 2054 1860 pugnam
2074 1791 2406 1842 committere

822 1892 1121 1963 juberet,ac
1137 1889 1335 1958 majora
1358 1886 1476 1940 ideo
1500 1884 1872 1953 impedimenta
1897 1877 2289 1948 poneret,quod
2317 1891 2406 1931 res

826 1981 1057 2037 difﬁcilis
1086 1988 1245 2033 esset.
1280 1977 1543 2031 Prteterea
1574 1986 1703 2027 vero
1728 1971 1779 2025 id
1817 1968 2261 2025 considerandum
2290 1976 2403 2033 est,

828 2088 934 2126 non
965 2072 1124 2125 licere
1153 2066 1495 2138 postnuptias
1518 2061 1767 2132 cuiquam
1795 2074 1949 2115 suum
1968 2074 2088 2114 esse
2109 2058 2403 2122 dominum,

804 2160 922 2215 sed
949 2160 1256 2213 alterutrum
1287 2153 1645 2210 necessarium
1672 2166 1809 2213 esse,
1833 2156 2056 2202 autcum
2074 2161 2241 2201 uxore
2265 2161 2409 2200 sem-

829 2266 926 2321 per
953 2247 1175 2309 versari,
1206 2246 1249 2299 si
1286 2245 1399 2314 ipsa
1430 2242 1595 2303 velit;
1624 2240 1709 2294 vel
1754 2238 1799 2292 si
1831 2238 1919 2292 illa
1946 2238 2283 2292 continenter
2325 2236 2409 2289 vi-

829 2355 959 2394 vere
984 2335 1227 2399 voluerit,
1250 2348 1313 2389 ea
1340 2332 1558 2387 dimissa
1589 2330 1643 2385 in
1673 2329 1987 2383 adulterium
2006 2327 2410 2393 incidere.Quid

829 2428 916 2487 me
945 2430 1123 2485 dicere
1152 2440 1287 2496 opus
1319 2433 1403 2479 est
1427 2424 1527 2493 alia
1551 2422 1881 2477 necessitatis
1904 2420 2112 2474 vincula
2134 2460 2149 2485 ,
2179 2419 2406 2485 liberos,

825 2524 905 2577 rei
927 2519 1201 2576 familiaris
1220 2532 1396 2582 curas,
1422 2530 1541 2586 qua!
1566 2529 1777 2569 omnem
1808 2513 2063 2583 propositi
2083 2512 2407 2567 alacritatem

827 2590 1121 2668 obtundere
1167 2609 1399 2680 possint,
1427 2605 1756 2674 multumque
1799 2604 1989 2657 anima:
2034 2612 2299 2671 torporem
2329 2601 2411 2655 in-

829 2704 1053 2760 fundere
1065 2703 1090 2755 ?

897 2792 987 2849 i8.
1025 2791 1070 2845 Α
1102 2792 1267 2861 prima
1301 2797 1447 2843 atate
1481 2785 1650 2840 uirtuti
1688 2781 2088 2837 incumbentium.
2109 2810 2183 2821 —
2207 2780 2407 2846 Quam-

826 2885 1013 2940 Obrem
1040 2883 1197 2953 longe
1241 2881 1434 2935 melius
1469 2886 1570 2941 est,
1599 2875 1870 2931 dominum
1899 2873 1983 2927 sui
2024 2888 2087 2926 ac
2120 2874 2349 2926 solutum
2376 2888 2407 2927 a

831 2975 1083 3045 primaeva
1104 2981 1261 3027 :etate
1286 2970 1451 3024 armis
1471 2968 1736 3023 instruere
1754 3005 1770 3031 ,
1794 2978 1899 3017 non
1928 2962 1999 3015 ob
2027 2977 2087 3016 ea
2118 2978 2235 3031 quae
2270 2962 2407 3018 dicta

829 3072 957 3119 sunt
981 3071 1219 3125 tantum,
1252 3058 1349 3114 sed
1388 3073 1497 3113 non
1536 3056 1710 3110 minus
1734 3054 1893 3108 etiam
1933 3052 2050 3120 ejus
2102 3052 2177 3107 rei
2220 3052 2407 3121 gratia,

826 3169 949 3224 qua:
972 3168 1096 3207 mox
1121 3151 1352 3205 dicetur.
1388 3148 1519 3203 Nam
1546 3147 1636 3217 qui
1670 3159 1858 3200 versus
1901 3143 2060 3197 ﬁnem
2110 3143 2229 3197 vita:
2276 3143 2412 3197 hanc

826 3243 1216 3316 philos0phiam
1256 3238 1595 3310 aggreditur,
1617 3249 1779 3289 omne
1816 3243 2028 3302 tempus
2056 3233 2324 3298 conterit,
2355 3243 2412 3288 ut

825 3344 1042 3407 peccata
1080 3334 1249 3404 possit
1298 3334 1351 3386 in
1378 3330 1645 3399 prmterita
1675 3334 1832 3381 aetate
1873 3324 2105 3379 admissa
2154 3324 2406 3390 abluere;

824 3426 1045 3495 ejusque
1078 3432 1246 3478 totum
1272 3423 1503 3477 studium
1534 3418 1713 3473 hacin
1744 3432 1803 3471 re
1830 3418 2198 3483 consumitur;
2240 3433 2408 3487 smpe.

824 3530 931 3585 que
956 3515 1212 3584 contingit
1243 3520 1299 3566 ut
1329 3526 1433 3565 non
1462 3519 1547 3564 sat
1572 3506 1831 3577 temporis
1860 3506 2053 3562 habeat
2072 3547 2088 3572 ,
2123 3520 2178 3563 et
2218 3526 2283 3565 ex
2310 3510 2410 3563 hac

822 3605 930 3660 vita
967 3603 1209 3659 discedat
1253 3601 1535 3656 vulnerum
1563 3596 1818 3665 reliquias
1864 3612 2045 3655 secum
2085 3602 2285 3657 ferens.
2340 3601 2411 3654 At

823 3712 956 3752 vero
979 3696 1120 3766 quia
1138 3695 1305 3765 prima
1330 3699 1489 3747 tetate
1514 3705 1574 3747 se
1598 3688 1768 3753 exuit,
1785 3703 1890 3743 non
1914 3692 2013 3749 hac
2039 3695 2092 3748 in
2113 3709 2174 3748 re
2200 3701 2409 3761 tempus

824 3788 1073 3851 absumit,
1102 3800 1200 3839 nec
1224 3784 1374 3840 sedet
1407 3797 1605 3838 curans
1643 3784 1893 3849 vulnera,
1936 3783 2032 3839 sed
2070 3785 2139 3840 ab
2186 3782 2407 3838 exordio

828 3878 1043 3950 praemia
1062 3877 1358 3946 accipit.Ac
1384 3876 1458 3930 illi
1484 3875 1700 3946 quidem
1726 3877 1856 3931 satis
1878 3885 1961 3932 est
1984 3876 2274 3931 sarciendis
2294 3875 2407 3930 cla-

826 3970 983 4027 dibus
1001 3969 1249 4023 omnibus
1278 3982 1505 4037 pugnam
1535 3968 1703 4029 inire;
1735 3967 1821 4021 hic
1844 3977 2020 4021 autem
2051 3966 2120 4019 ab
2143 3968 2258 4036 ipso
2283 3980 2407 4019 cur-

830 4078 924 4118 sus
951 4064 1192 4131 ingressu
1221 4070 1419 4128 tropma
1449 4059 1639 4129 erigit,
1671 4067 1727 4114 et
1753 4057 2006 4114 victorias
2035 4058 2279 4112 victoriis
2314 4056 2410 4109 ad-

832 4154 1080 4220 dit,velut
1095 4151 1351 4222 Olympici
1368 4151 1673 4205 certaminis
1687 4151 1877 4215 victor,
1896 4151 1984 4221 qui
2011 4165 2041 4204 a
2064 4150 2228 4219 prima
2256 4159 2411 4203 aetate

833 4259 929 4314 per
954 4243 1187 4298 victoria:
1216 4240 1659 4311 proclamationes
1688 4241 1755 4296 ad
1782 4251 2050 4297 senectam
2072 4256 2239 4311 usque
2281 4256 2407 4310 pro-

830 4348 1064 4406 gressus,
1090 4333 1167 4388 sic
1192 4332 1406 4387 demum
1433 4330 1641 4386 decedit
1666 4332 1958 4387 innumeris
1986 4332 2197 4387 coronis
2236 4331 2409 4400 capite

830 4420 1127 4481 redimitus.
1151 4423 1230 4477 Ex
1255 4437 1480 4492 quorum
1504 4422 1680 4491 itaque
1698 4436 1919 4476 numero
1944 4422 2022 4476 vis
2055 4422 2223 4476 ﬁlium
2260 4431 2408 4474 tuum

830 4513 991 4571 esse?
1019 4526 1274 4568 eorumne
1295 4511 1384 4581 qui
1419 4526 1605 4581 magna
1629 4526 1752 4567 cum
1779 4511 1967 4566 ﬁducia
1993 4512 2140 4581 ipsos
2181 4511 2408 4565 archan-

837 4603 982 4675 gelos
1011 4601 1200 4656 intueri
1224 4608 1465 4670 possunt,
1491 4615 1559 4655 an
1581 4615 1766 4655 eorum
1796 4602 1885 4670 qui
1913 4610 2055 4655 stant
2073 4602 2125 4655 in
2157 4600 2330 4662 turba,
2357 4610 2423 4655 et.

843 4695 1085 4749 ultimum
1108 4701 1324 4747 servant
1364 4690 1648 4746 ordinem?
1673 4691 1980 4745 Extremum
2024 4706 2247 4761 namque
2292 4707 2410 4747 sor-

838 4786 1034 4839 tientur
1059 4784 1277 4838 omnino
1298 4824 1313 4845 ,
1346 4782 1390 4836 si
1417 4790 1592 4836 tamen
1622 4781 1829 4851 possint
1867 4795 1929 4835 ea
1960 4782 2138 4834 omnia
2192 4780 2415 4849 impedi-

841 4884 1019 4929 menta
1064 4883 1442 4935 transcurrere,
1490 4888 1608 4941 qua:
1660 4871 1819 4925 modo
1872 4872 2266 4925 numeravimus
2307 4886 2322 4925 :
2366 4871 2412 4925 si

839 4980 1031 5035 nempe
1059 4976 1229 5032 neque
1256 4976 1399 5017 mors
1420 4970 1731 5029 prtematum
1754 4964 1895 5032 ipsos
1908 4962 2219 5032 abripuerit,
2238 4976 2411 5031 neque

840 5056 908 5112 ab
930 5068 1094 5109 uxore
1115 5061 1294 5122 postea
1347 5050 1583 5121 impediti
1616 5050 1837 5116 fuerint,
1870 5068 2038 5123 neque
2077 5061 2155 5108 tot
2191 5054 2410 5108 vulnera

838 5145 1160 5216 acceperint,
1191 5151 1249 5199 ut
1272 5157 1371 5198 nec
1396 5151 1562 5197 totum
1584 5144 1868 5197 senectutis
1888 5154 2093 5213 tempus
2112 5144 2177 5199 ad
2204 5144 2290 5199 illa
2315 5161 2409 5199 cu-

838 5236 999 5290 randa
1027 5233 1285 5299 sufficiat,
1324 5242 1379 5287 et
1417 5232 1460 5287 si
1496 5232 1811 5288 sententiam
1863 5233 2063 5286 ﬁrmam
2119 5249 2330 5303 semper
2358 5244 2411 5288 et

839 5325 1111 5379 immotam
1132 5333 1364 5378 servent.
1380 5323 1511 5378 Cum
1529 5324 1669 5379 enim
1692 5324 1807 5379 hare
1826 5324 2002 5377 omnia
2021 5326 2406 5389 concurrerint,

840 5425 965 5471 tunc
988 5417 1071 5471 vix
1101 5425 1336 5471 extrema
1364 5418 1695 5487 occupabunt
1718 5417 1853 5472 loca.
1884 5416 2155 5472 Horumne
2172 5418 2329 5487 igitur
2343 5434 2409 5473 ex

840 5522 1061 5563 numero
1086 5509 1165 5562 vis
1191 5522 1309 5563 esse
1331 5507 1495 5561 ﬁlium
1520 5517 1689 5574 tuum,
1708 5524 1775 5563 an
1798 5525 1983 5564 eorum
2012 5509 2101 5578 qui
2124 5508 2174 5562 in
2200 5507 2409 5577 phalan-

838 5601 918 5670 gis
944 5598 1115 5654 fronte
1136 5600 1448 5670 fulgebunt?
1475 5600 1667 5670 Ecquis
1691 5642 1704 5663 ,
1742 5602 1967 5670 inquies,
2008 5603 2077 5657 ita
2113 5602 2308 5666 miser,
2352 5613 2410 5657 ut

836 5696 921 5749 illa
949 5696 1145 5766 potius,
1172 5709 1327 5764 quam
1358 5695 1491 5757 lucc.
1514 5702 1663 5763 optet
1708 5694 1826 5747 ﬁliis
1870 5695 2017 5748 suis?
2042 5696 2239 5750 Verum
2282 5708 2412 5749 con-

837 5784 1169 5840 suetudinem
1197 5794 1479 5854 sectamur,
1509 5795 1565 5841 et
1584 5786 1701 5841 illos
1718 5784 1988 5840 nobiscum
2006 5801 2123 5841 esse
2138 5787 2402 5843 volumus.

886 5982 907 6019 ⁸
937 5983 1080 6035 evil.
1105 5989 1156 6035 et
1173 5981 1357 6045 ttat-eL,
1382 5990 1505 6047 post,
1525 5991 1728 6047 actafem,
1752 5982 1947 6045 addunt,
1968 5988 2014 6035 et
2030 5996 2115 6046 per
2132 5982 2403 6035 (multum.

1519 595 1577 648 S.
1616 589 1890 647 JOANNIS
1924 583 2394 644 CIIRYSOSTOMI
2435 582 2753 640 ARCHIEP.
2791 580 3327 640 CONSTANTINOP.

3957 587 4068 642 330

2499 696 2612 754 Hoc
2640 698 2811 769 ipsum
2841 706 2895 751 et
2921 712 3020 767 ego
3044 699 3201 767 cupio
3224 738 3239 762 ,
3270 709 3368 751 nec
3394 696 3572 750 minus
3612 704 3739 765 opto
3775 713 3929 766 quam
3972 717 4069 755 vos

2500 799 2766 858 parentes,
2786 797 2842 840 ut
2868 788 2918 840 in
2933 797 3204 856 paternam
3228 786 3446 843 redeant
3469 786 3683 840 domum
3707 793 3762 839 et
3784 787 4066 844 alimento-

2501 892 2618 931 rum
2649 879 2790 931 vices
2811 877 3117 944 parenttbus
3147 878 3398 944 referant,
3428 877 3618 946 quibus
3634 874 3918 930 reddendis
3935 879 4070 930 vici-

2503 967 2601 1021 bus
2628 968 2709 1021 his
2736 966 2935 1021 similes
2960 982 3243 1036 numquam
3268 969 3533 1036 reperiant
3558 984 3573 1020 :
3601 981 3783 1019 verum
3806 966 3907 1020 hoc
3930 982 4075 1022 nunc

2502 1058 2571 1111 ab
2598 1058 2702 1113 illis
2726 1072 2828 1112 non
2857 1056 3150 1126 exigamus.
3178 1060 3455 1126 Quomodo
3481 1063 3623 1115 enim
3648 1058 3931 1113 absurdum
3964 1073 4071 1111 non

2506 1147 2679 1213 fuerit,
2714 1150 2757 1203 si
2782 1162 2903 1203 cum
2928 1147 2993 1200 ad
3014 1148 3287 1201 literarum
3317 1164 3412 1203 eos
3440 1151 3611 1204 studia
3638 1149 3914 1213 mittimus,
3946 1148 4069 1201 lon-

2504 1254 2572 1307 go
2601 1254 2695 1294 eos
2724 1247 2960 1307 tempore
2982 1238 3148 1305 patria
3177 1252 3445 1300 arcemus.
3471 1250 3525 1294 et
3549 1242 3592 1295 si
3623 1251 3680 1293 ut
3703 1250 3869 1294 artem
3889 1252 4081 1309 quam-

2505 1330 2627 1382 dam
2656 1330 3037 1387 mechanicam.
3056 1338 3146 1381 aut
3174 1328 3331 1383 aliam
3358 1330 3594 1385 viliorem
3618 1334 3872 1397 ediscant,
3885 1331 4079 1385 domus

2510 1424 2735 1491 propria:
2756 1422 2897 1474 aditu
2931 1418 3311 1486 interdicimus,
3341 1430 3395 1475 et
3422 1424 3471 1477 in
3492 1425 3725 1493 magistri
3746 1424 4079 1492 domopran-

2508 1513 2637 1566 dere
2663 1522 2717 1565 et
2742 1512 2974 1565 dormire
2994 1510 3272 1579 jubemus;
3303 1527 3423 1566 cum
3454 1522 3628 1566 autem
3657 1529 3762 1565 non
3789 1513 4074 1567 humanam

2509 1603 2791 1671 quamdam
2842 1600 3195 1669 disciplinam,
3243 1603 3337 1657 sed
3373 1602 3640 1656 caelestem
3695 1601 4080 1671 philosophiam

2510 1694 2700 1748 adituri
2730 1700 2868 1756 sunt,
2890 1692 3065 1745 statim
3081 1692 3713 1762 retrahimus,antequam
3741 1692 3791 1745 id
3823 1692 3912 1745 ﬁat
3933 1692 4077 1761 quod

2510 1786 2792 1855 optamus?
2816 1788 2985 1853 Atque
3006 1784 3051 1837 is
3075 1785 3321 1854 quidem,
3347 1787 3435 1857 qui
3461 1802 3556 1856 per
3591 1796 3866 1840 extensum
3902 1783 4083 1837 funem

2512 1894 2727 1933 currere
2751 1878 2969 1933 docetur
2990 1918 3005 1943 ,
3031 1876 3121 1930 diu
3150 1878 3321 1932 aberit
3344 1879 3535 1942 domo;
3562 1892 3656 1933 eos
3681 1886 3877 1943 autem,
3905 1876 3993 1945 qui
4014 1889 4082 1929 ex

2515 1979 2652 2024 terra
2702 1969 2756 2023 in
2799 1967 2989 2023 coelum
3040 1967 3255 2024 avolare
3299 1969 3544 2033 discunt,
3601 1984 3723 2023 cum
3772 1968 4083 2037 parentibus

2512 2058 2850 2114 claudemus?
2877 2056 3011 2122 Quid
3042 2058 3141 2113 hac
3160 2061 3488 2115 absurditate
3501 2061 3794 2129 possitesse
3814 2058 4044 2112 deterius
4060 2058 4089 2110 ἲ

2512 2150 2696 2205 Nonne
2715 2147 2971 2219 agricolas
2996 2147 3205 2215 videtis,
3233 2150 3437 2204 etiamsi
3465 2149 3705 2203 laborum
3725 2148 3945 2202 fructum
3966 2164 4087 2215 prr-

2513 2244 2688 2311 cipere
2710 2240 2933 2310 gestiant
2958 2279 2973 2305 ,
3002 2240 3311 2296 immaturos
3338 2253 3509 2295 tamen
3534 2240 3653 2293 illos
3677 2255 3960 2309 numquam
3987 2240 4087 2293 de-

2513 2331 2751 2386 metere?

2586 2422 2697 2476 Mos
2726 2429 2830 2474 erat
2851 2420 3186 2473 adolescentes
3206 2422 3274 2473 ad
3301 2429 3495 2489 tempus
3520 2427 3716 2471 tantum
3742 2420 3796 2472 in
3823 2428 4079 2473 monaste-

2514 2515 2591 2566 rio
2618 2514 2812 2582 degere.
2839 2539 2912 2550 —
2936 2510 3077 2580 Ergo
3112 2526 3211 2564 nec
3242 2511 3377 2563 ﬁlios
3406 2517 3618 2563 nostros
3645 2523 3676 2562 a
3704 2508 3901 2564 deserti
3927 2524 4084 2567 com-

2514 2606 2807 2659 moratione
2854 2610 2980 2656 ante
3030 2612 3238 2671 tempus
3285 2601 3655 2665 abducamus;
3706 2600 3801 2655 scd
3850 2601 4095 2655 sinamus

2511 2695 2819 2764 disciplinas
2838 2694 2997 2747 altius
3016 2692 3247 2762 imprimi
3273 2704 3326 2747 et
3354 2692 3561 2761 plantas
3582 2690 3846 2745 radicibus
3866 2691 4085 2745 ﬁrmari.

2512 2786 2732 2841 Etiamsi
2762 2787 2971 2854 decem,
3002 2787 3211 2841 etiamsi
3248 2785 3429 2856 viginti
3466 2798 3635 2839 annos
3683 2784 3736 2837 in
3766 2784 4091 2838 monasterio

2511 2878 2580 2931 ali
2606 2886 2872 2947 oporteat,
2900 2894 2968 2932 ne
3010 2878 3309 2943 turbemur,
3346 2889 3445 2930 nec
3481 2890 3715 2929 maerore
3756 2874 4089 2939 afﬁciantur;

2511 2977 2709 3037 quanto
2734 2970 2876 3023 enim
2906 2968 3107 3025 diutius
3130 2970 3182 3023 in
3211 2968 3488 3039 gymnasio
3514 2966 3911 3031 exercitabitur,
3938 2976 4091 3021 tanto

2514 3062 2743 3129 majores
2770 3062 3094 3131 adipiscetur
3124 3062 3282 3115 vires.
3314 3061 3425 3115 [mo
3453 3060 3497 3113 si
3524 3060 3749 3128 placeat,
3779 3074 3846 3114 ne
3877 3068 4089 3127 tempus

2513 3155 2849 3220 deﬁniamus,
2886 3155 2979 3209 sed
3008 3155 3266 3209 terminus
3290 3153 3361 3208 sit
3398 3153 3487 3208 ille
3511 3161 3739 3214 tantum,
3778 3152 3868 3221 qui
3899 3152 4088 3204 insitos

2515 3246 2715 3300 fructus
2760 3247 2929 3315 possit
2969 3245 3034 3299 ad
3083 3244 3439 3299 maturitatem
3484 3243 3807 3312 perducere;
3859 3251 4091 3309 tuncque

2514 3336 2699 3391 redeat
2738 3352 2802 3392 ex
2846 3336 3155 3402 solitudine,
3202 3350 3306 3390 non
3346 3344 3525 3389 autem
3569 3343 3746 3388 antea.
3777 3333 3912 3387 Nihil
3941 3334 4087 3387 enim

2512 3428 2666 3481 nobis
2698 3428 2932 3497 proderit
2963 3428 3051 3481 illa
3088 3427 3353 3491 celeritas,
3387 3426 3489 3480 nisi
3528 3434 3588 3479 ut
3622 3424 3689 3478 ad
3730 3426 4085 3478 maturitatem

2513 3534 2798 3589 numquam
2844 3520 3140 3588 perveniat.
3168 3518 3267 3586 Qui
3307 3519 3449 3573 enim
3493 3526 3615 3570 ante
3660 3524 3866 3585 tempus
3894 3516 4087 3570 radicis

2511 3610 2762 3663 alimento
2780 3609 3106 3675 destituitur,
3129 3608 3174 3662 is
3192 3608 3429 3679 profecto
3449 3622 3516 3660 ne
3537 3604 3853 3660 adveniente
3871 3604 4085 3674 quidem

2511 3708 2749 3770 tempore
2775 3700 2917 3754 utilis
2945 3700 3066 3754 erit.
3093 3698 3245 3765 Quod
3273 3705 3331 3752 ut
3350 3712 3418 3751 ne
3446 3694 3671 3759 accidat,
3698 3695 4085 3763 separationem

2510 3792 2653 3846 illam
2682 3793 2946 3861 patienter
2982 3790 3250 3854 feramus;
3278 3802 3378 3843 nec
3408 3787 3580 3841 solum
3622 3801 3727 3840 non
3762 3801 4083 3857 urgeamus,

2510 3879 2605 3934 sed
2637 3881 2682 3935 si
2710 3888 3029 3950 pramature
3058 3879 3234 3934 redire
3271 3877 3469 3942 velint,
3513 3876 3885 3945 prohibeamus
3916 3894 3930 3929 :
3958 3892 4086 3947 per-

2512 3969 2707 4026 fectum
2733 3972 2873 4025 enim
2903 3980 3027 4025 tunc
3050 3971 3255 4025 lucrum
3286 3965 3503 4022 accedet
3528 3976 3582 4021 et
3606 3967 3741 4037 patri
3766 3976 3820 4021 et
3846 3968 3998 4022 matri
4029 3978 4086 4024 et

2512 4062 2691 4117 domui
2728 4073 2782 4117 et
2806 4063 3005 4118 civitati
3033 4071 3089 4117 et
3118 4061 3282 4132 genti.
3315 4059 3409 4115 Sin
3436 4073 3561 4114 vero
3594 4059 3933 4129 imperfectus
3958 4061 4083 4115 red-

2513 4162 2618 4219 eat,
2650 4153 2903 4208 ridiculus
2923 4154 3045 4218 erit,
3069 4152 3281 4222 probris
3307 4150 3597 4219 expositus,
3618 4150 3842 4219 aliisque
3870 4150 4083 4204 noxius.

2513 4245 2589 4300 Ne
2618 4247 2775 4316 igitur
2803 4244 3113 4299 detrimenti
3141 4241 3441 4311 hujusmodi
3469 4250 3712 4297 auctores
3738 4242 3921 4296 simus.
3951 4240 4084 4294 Nam

2513 4352 2631 4390 cum
2667 4349 2888 4404 peregre
2912 4334 3049 4387 ﬁlios
3072 4333 3350 4397 mittimus,
3378 4339 3501 4386 tunc
3521 4331 3731 4386 demum
3760 4332 3880 4386 illos
3902 4330 4084 4385 videre

2514 4424 2781 4487 volumus,
2826 4437 2945 4476 cum
2992 4421 3043 4475 id
3089 4420 3434 4491 perfecerint,
3477 4421 3626 4491 cujus
3664 4436 3820 4475 causa
3865 4418 4082 4490 profecti

2516 4522 2673 4577 sunt;
2703 4514 2746 4567 si
2767 4521 2889 4568 ante
2910 4512 3152 4577 redeant,
3175 4527 3279 4565 non
3303 4520 3501 4567 tantum
3524 4528 3590 4567 ex
3609 4511 3781 4567 reditu
3803 4509 4086 4577 voluptatis

2515 4605 2772 4674 capimus,
2802 4616 3053 4674 quantum
3081 4619 3144 4658 ex
3171 4619 3235 4659 eo
3264 4606 3530 4670 mteroris,
3556 4600 4085 4675 quodfrustraredie-

2516 4695 2643 4750 rint.
2667 4694 2767 4760 Qui
2796 4695 2953 4764 igitur
2983 4710 3086 4748 non
3114 4708 3331 4750 Summa:
3356 4695 3662 4751 stoliditatis
3682 4693 3858 4756 fuerit,
3884 4700 4083 4744 tantam

2518 4786 2569 4838 in
2596 4784 2956 4854 spiritualibus
2984 4801 3088 4840 non
3117 4786 3370 4841 adhibere
3395 4800 3601 4848 curam,
3632 4790 3882 4853 quantam
3911 4780 3964 4833 in
3986 4794 4087 4834 sa:-

2517 4875 2820 4941 cularibus;
2859 4884 3017 4944 atque
3058 4875 3130 4931 ibi
3166 4876 3381 4948 quidem
3430 4876 3657 4930 filiorum
3698 4869 4081 4939 separationetn

2518 4977 2624 5021 tam
2666 4967 3032 5039 philosophice
3073 4967 3242 5036 ferre,
3286 4980 3341 5023 ut
3383 4982 3501 5022 eam
3545 4962 3927 5019 diuturniorem
3966 4975 4086 5016 esse

2517 5067 2779 5131 optemus,
2822 5061 2868 5115 si
2907 5060 2974 5116 de
3016 5062 3129 5116 utili
3169 5062 3418 5131 quopiam
3460 5065 3681 5124 agatur;
3729 5052 3814 5105 hic
3837 5067 3965 5106 vero
4008 5053 4080 5108 ita

2516 5153 2701 5208 molles
2731 5162 2784 5208 et
2808 5154 2986 5208 animo
3015 5152 3210 5207 fractos
3236 5164 3376 5213 esse,
3405 5161 3524 5201 cum
3556 5146 3627 5199 illi
3656 5142 4078 5213 proﬁciscuntur,

2516 5254 2573 5298 ut
2618 5244 2719 5301 hac
2765 5255 2946 5300 nostra
2998 5242 3432 5313 pusillanimitate
3481 5237 3643 5292 multa
3685 5252 4084 5307 corrumpamus

2514 5338 2652 5394 bona
2686 5356 2700 5393 :
2729 5348 2783 5394 et
2808 5340 2921 5393 haec
2947 5351 3067 5390 cum
3098 5334 3249 5403 plura
3274 5332 3460 5387 solatia
3492 5330 3799 5394 habeamus,
3831 5346 3934 5385 non
3967 5341 4080 5388 tan-

2516 5439 2645 5493 tum,
2678 5428 2818 5497 quod
2858 5427 2934 5480 illi
2974 5424 3039 5478 ad
3072 5423 3271 5493 majora
3300 5440 3361 5480 se
3386 5422 3681 5486 conferant,
3712 5431 3765 5475 et
3796 5422 3951 5479 ﬁucm
3977 5428 4083 5481 sint

2516 5532 2737 5586 prorsus
2765 5513 3121 5583 assequuturi,
3154 5514 3436 5583 nullusque
3465 5511 3578 5580 spei
3606 5511 3810 5567 futurus
3837 5514 4105 5587 sitobex,i

2514 5608 2607 5662 sed
2635 5608 2794 5661 etiam
2817 5606 2957 5675 quod
2978 5606 3043 5661 ad
3070 5608 3237 5677 ipsam
3261 5604 3647 5674 separationem
3674 5608 3930 5674 pertinet?
3952 5608 4105 5685 Nam,

2514 5700 2559 5753 si
2601 5697 3078 5767 peregrinationem
3111 5698 3186 5752 illi
3215 5695 3556 5765 longinquam
3584 5699 3946 5767 susceperint,
3976 5711 4078 5750 non

2516 5790 2668 5847 facile
2708 5801 2787 5846 est
2817 5791 2937 5846 illos
2971 5789 3281 5854 convenire,
3325 5802 3444 5842 cum
3476 5789 3702 5846 maxime
3740 5800 3986 5861 parentes
4013 5790 4078 5844 ad

2516 5892 2839 5939 senectutem
2871 5880 3244 5951 pervenerint;
3290 5878 3375 5933 hic
3411 5889 3589 5938 autem
3628 5884 3749 5938 illos
3780 5882 4079 5950 frequenter

2513 5974 2657 6029 adire
2688 5975 2828 6029 licet.
2856 5972 2909 6027 Id
2940 5984 3066 6040 ergo
3094 5968 3368 6040 faciamus,
3398 5988 3515 6029 eum
3544 5974 3616 6029 illi
3642 5972 3870 6028 nomium
3897 5970 3960 6025 ad
3984 5985 4078 6025 nos
