4454 6692
225 578 335 637 579

226 696 321 746 καὶ
337 691 423 745 διὰ
450 692 547 764 τὴν
571 694 626 747 ἐν
653 695 805 767 μέσῳ
818 695 1165 766 διαστροφὴν,
1195 694 1414 761 τούτους
1443 700 1519 763 ὠς
1546 700 1645 770 ήδη
1671 714 1883 768 κατωρ-

226 787 468 854 θωκότας
493 792 585 844 καὶ
612 791 934 862 γενομένους
961 792 1209 860 ίσχυροῦς
1246 794 1325 856 είς
1361 794 1527 863 μέσον
1566 794 1762 859 ἕλκεις,
1792 793 1885 845 καὶ

994 579 1362 637 ADVERSUS
1396 580 1950 640 OPPUGNATORES
1994 584 2174 640 Vl'l‘zE
2216 582 2523 640 MONAST.
2565 583 2694 639 LIB.
2738 581 2829 640 111.

3542 582 3657 639 580

1986 700 2180 762 αὐτοὺς
2203 737 2218 761 ,
2254 699 2347 752 καὶ
2376 697 2570 769 τέχνην
2601 696 2868 769 βάναυσόν
2891 712 3010 749 τινα
3034 695 3067 768 ἢ
3104 696 3197 750 καὶ
3230 695 3424 768 ἑτέραν
3453 699 3653 767 φαυλο-

1984 787 2149 856 τέραν
2188 784 2479 855 μανθάνειν
2512 786 2795 855 μέλλουσιν
2848 782 3044 836 ἄϐατον
3076 783 3397 837 καθιστάναι
3432 783 3528 855 τὴν
3574 788 3654 838 ol-

224 885 325 937 οὺκ
343 888 436 956 ἐᾷς
463 888 791 951 ἀπελθόντας
827 886 1199 956 γυμνάζεσθαι
1225 889 1317 942 ἐπὶ
1348 891 1446 960 τῆς
1468 892 1703 961 ἐρημίας
1725 929 1740 953 ν
1777 890 1884 943 ὥσ,
1902 914 1954 949 τε
1983 874 2141 961 κίαν,
2172 874 2230 925 ἐν
2268 871 2586 961 διδασκάλου
2640 871 2787 961 οἰκία
2817 872 2912 961 καὶ
2942 871 3185 961 ’ἀριστᾷν
3231 871 3324 924 καὶ
3372 870 3655 961 καθεύδειν

223 995 331 1051 περ
362 982 426 1035 ἀν
454 986 609 1048 εἴτις
631 986 719 1037 τὸν
752 984 850 1052 μὲν
879 982 1049 1051 μυρία
1086 983 1382 1055 δυνάμενον
1418 988 1614 1055 στῆσαι
1645 987 1883 1057 τρόπαια

224 1077 421 1153 κελεύῃ
442 1081 509 1133 τὰ
549 1077 818 1148 πολεμικά
850 1078 1079 1148 μελετᾷν
1112 1080 1197 1149 ἐφ’
1226 1080 1485 1150 ἡσυχίας,
1519 1082 1608 1136 τὸν
1644 1082 1699 1135 δὲ
1723 1082 1881 1135 ἄπει-

225 1192 317 1246 ρον
345 1179 436 1229 καὶ
463 1175 582 1228 ούδέ
611 1177 688 1235 είς
708 1174 888 1243 μάχην
918 1175 1231 1246 παρακύψαι
1259 1176 1575 1245 δυνάμενον,
1604 1178 1791 1231 τοῦτον
1812 1178 1879 1230 δι’

223 1275 352 1327 αὐτὸ
381 1273 537 1326 τοῦτο
564 1273 620 1323 ἐν
648 1273 714 1341 τῇ
743 1272 891 1343 μάχῃ
917 1272 1240 1343 στρέφεσθαι
1260 1272 1543 1344 νομοθετῇ,
1561 1275 1634 1338 ώς
1652 1276 1882 1328 δυσκατο

221 1370 457 1439 όρθωτον
486 1368 546 1420 τὸ
569 1368 800 1438 πρᾶγμα
816 1370 987 1434 τοῦτο,
1007 1370 1225 1440 μείζονα
1242 1368 1309 1420 τά
1329 1370 1624 1441 κωλύματα
1641 1385 1668 1413 ει
1686 1373 1875 1435 τιθείς.

221 1466 364 1534 Πρὸς
388 1465 444 1516 δὲ
472 1462 679 1527 τούτοις
712 1465 929 1518 κάκεῖνο
975 1465 1170 1517 εἰδέναι
1209 1464 1349 1534 χρὴ,
1380 1466 1458 1518 ὅτι
1491 1468 1591 1519 οὐκ
1618 1468 1697 1519 ἐνι
1744 1469 1883 1537 μετά

220 1561 400 1630 γάμον
432 1559 616 1631 κύριον
644 1562 837 1616 ἐαυτοῦ
866 1557 1024 1622 εἶναι,
1054 1560 1171 1612 ἀλλ’
1206 1562 1416 1633 ἀνάγκη
1448 1564 1593 1616 δυοῖν
1628 1563 1879 1633 θάτερον,

220 1659 256 1728 ἢ
284 1658 568 1720 διαπαντὸς
586 1657 795 1728 ὁμιλεῖν
822 1660 889 1727 τῇ
919 1655 1167 1724 γυναικὶ,
1193 1656 1259 1709 ἂν
1287 1659 1469 1728 ἐκείνη
1495 1660 1653 1712 τοῦτο
1684 1660 1881 1730 βούλη-

219 1773 330 1818 ται,
346 1755 490 1827 [108]
508 1757 540 1827 ἦ
558 1756 885 1827 βουλομένης
901 1753 1321 1823 ἐγκρατεύεσθαι
1336 1757 1646 1811 ἀποστάντα
1665 1758 1881 1828 μοιχείᾳ

219 1852 555 1906 ἁλίσκεσθαι.
582 1854 647 1905 Τί
662 1853 741 1905 δεῖ
757 1851 937 1918 λέγειν
950 1850 1051 1913 τὰς
1080 1850 1242 1915 ἄλλας
1258 1853 1500 1921 ἀνάγκας
1525 1853 1633 1905 τῶν
1651 1853 1879 1918 παίδων,

218 1950 317 2020 τῆς
347 1950 521 2013 οἰκίας
546 1949 645 2011 τὰς
682 1948 983 2018 φροντίδας,
1033 1948 1089 2001 αἲ
1123 1950 1302 2002 πᾶσαν
1349 1949 1659 2021 προθυμίαν
1696 1951 1880 2003 ἱκαναὶ

216 2044 618 2115 ἀμϐλῦναι,καῖ
650 2043 847 2113 πολλὴν
868 2044 966 2114 τῆς
999 2042 1175 2114 ψυχῆς
1196 2046 1595 2099 κατασκεδάσαι
1628 2046 1875 2117 νάρκην;

298 2146 367 2209 ιη’
426 2140 515 2191 Διὸ
539 2139 762 2209 βέλτιον,
789 2138 977 2209 κύριον
1004 2139 1131 2191 ὅντα
1154 2141 1246 2193 καὶ
1260 2139 1547 2209 λελυμένον
1575 2142 1639 2193 ἐκ
1654 2139 1877 2210 πρώτης

224 2235 459 2300 ὁπλίζειν
497 2235 595 2305 τῆς
639 2235 877 2306 ἡλικίας,
916 2236 977 2288 ού
1007 2235 1116 2288 τῶν
1142 2236 1445 2306 εἰρημένων
1474 2236 1660 2289 ἐνεκεν
1695 2237 1874 2307 μόνον,

215 2329 356 2382 ἀλλά
376 2331 469 2383 καὶ
498 2330 589 2382 τοῦ
621 2331 952 2401 ῥηθήσεσθαι
985 2329 1267 2400 μέλλοντος
1282 2332 1378 2401 ούχ
1398 2328 1558 2403 ἦττον
1587 2333 1620 2403 ἢ
1648 2332 1874 2386 τούτων.

229 2423 289 2475 ’0
315 2425 412 2493 μὲν
438 2424 546 2493 γὰρ
584 2426 718 2494 πρὸς
740 2424 817 2494 τῷ
841 2424 986 2478 τέλει
1006 2425 1102 2479 τοῦ
1133 2424 1250 2495 βίου
1275 2428 1372 2496 τῆς
1396 2426 1710 2497 φιλοσοφίας
1738 2426 1879 2495 ἀψά-

219 2535 381 2589 μενος
404 2518 608 2589 ταύτης
627 2560 642 2583 ,
686 2521 861 2572 πάντα
890 2522 1168 2575 ἀναλίσκει
1192 2522 1284 2575 τὸν
1324 2522 1535 2593 χρόνον,
1560 2524 1647 2576 ἵνα
1679 2523 1880 2595 δυνηθῇ

214 2616 287 2667 τὰ
314 2614 581 2684 γενόμενα
606 2615 747 2667 κατά
784 2615 880 2686 τὴν
910 2616 1220 2687 ἔμπροσθεν
1254 2617 1471 2687 ⁴ἠλικίαν
1504 2618 1883 2689 ἁμαρτήματα

214 2710 617 2781 ἀπονίψασθαι,
640 2714 735 2765 καὶ
761 2716 907 2766 πᾶσα
926 2715 1003 2777 είς
1040 2713 1199 2767 τοῦτο
1236 2717 1269 2784 ή
1306 2714 1508 2785 σπουδὴ
1539 2716 1843 2770 δαπανᾶται
1863 2733 1877 2747 ’

215 2811 313 2863 καὶ
342 2811 463 2864 ούδέ
494 2810 636 2864 οὕτω
679 2809 933 2875 πολλάκις
967 2812 1147 2882 ἀρκεῖ,
1174 2812 1289 2865 ἀλλ’
1319 2813 1619 2883 ἀπέρχεται
1649 2814 1881 2883 λείψανα

212 2906 326 2962 τῶν
358 2908 583 2979 πληγῶν
605 2907 746 2977 ἔχων
765 2925 777 2937 ·
802 2910 829 2961 ὁ
861 2908 917 2961 δὲ
951 2909 1015 2961 ἐκ
1047 2908 1267 2979 πρώτης
1292 2909 1507 2979 ἡλικίας
1532 2910 1879 2981 ἀποδυσάμε-

216 3004 437 3068 νος,οὑκ
462 3006 541 3066 εἰς
565 3004 720 3057 τοῦτο
744 3002 955 3073 δαπανᾷ
972 3005 1059 3056 τὸν
1073 3006 1283 3073 χρόνον,
1307 3005 1427 3057 οὐδὲ
1456 3004 1690 3075 κάθηται
1714 3006 1879 3076 τραύ-

218 3116 365 3168 ματα
404 3099 740 3169 θεραπεύων,
766 3100 878 3152 ἀλλ’
919 3103 984 3153 ἐκ
1014 3100 1310 3172 προοιμίων
1339 3100 1604 3170 λαμϐάνει
1638 3100 1709 3153 τὰ
1742 3101 1878 3171 βρα-

214 3194 365 3246 ϐεῖα*
407 3196 642 3265 κάκείνῳ
676 3196 774 3265 μὲν
798 3196 1082 3266 ἀγαπητὸν
1106 3196 1204 3260 τάς
1239 3197 1406 3267 ἥττας
1429 3196 1880 3266 ἀναμαχέσασθαι

214 3292 419 3357 πάσας,
439 3287 593 3353 οὗτος
622 3290 677 3342 δὲ
705 3292 769 3343 ἐκ
798 3292 1044 3359 βαλϐῖδος
1075 3293 1249 3362 αὐτῆς
1276 3292 1514 3365 τρόπαια
1546 3293 1746 3362 ἵστησι,
1787 3292 1881 3344 καὶ

212 3387 370 3449 νίκας
420 3388 679 3440 συνάπτει
705 3387 881 3449 νίκαις
899 3404 912 3417 ·
966 3387 1218 3457 καθάπερ
1264 3405 1349 3452 τις
1368 3387 1791 3458 Ὀλυμπιονίκης
1815 3388 1881 3441 ἐκ

215 3483 438 3553 πρώτης
456 3482 671 3554 ἡλικίας
691 3481 757 3535 δι’
779 3484 1129 3552 ἀναῤῥήσεων
1142 3483 1236 3535 ἐπὶ
1258 3484 1321 3536 τὸ
1341 3486 1519 3554 γῆρας
1538 3484 1757 3548 ὁδεύων,
1784 3483 1878 3537 οὖ-

213 3598 324 3644 τως
355 3582 571 3634 ἄπεισιν
604 3582 752 3645 ἐκεῖ,
807 3579 1019 3649 μυρίοις
1055 3580 1153 3649 τὴν
1194 3580 1438 3650 κεφαλὴν
1472 3581 1881 3650 ἀναδησάμενος

215 3676 519 3743 στεφάνοις.
546 3676 720 3729 Τίνων
740 3672 834 3729 οὖν
858 3675 1035 3745 βούλει
1067 3672 1203 3728 εἶναι
1227 3675 1318 3728 τὸν
1350 3676 1464 3727 υίόν
1487 3693 1502 3742 ;
1534 3675 1642 3728 τῶν
1662 3677 1751 3728 διά
1779 3677 1878 3747 τὴν

215 3771 417 3841 πολλὴν
448 3772 760 3843 παρρησίαν
799 3772 894 3823 καὶ
932 3770 1069 3841 πρὸς
1102 3770 1299 3831 αὐτοὺς
1338 3770 1465 3832 τοὺς
1504 3768 1877 3841 ἀρχαγγέλους

212 3867 528 3935 ἀντιϐλέψαι
543 3866 876 3937 δυναμένων,
892 3866 925 3937 ἢ
944 3866 1167 3919 ἐκείνων
1181 3864 1290 3919 τῶν
1316 3865 1453 3936 μετὰ
1476 3865 1690 3917 πάντων
1710 3863 1877 3917 ἐστώ-

214 3979 345 4026 των,
365 3962 460 4016 καὶ
478 3961 575 4033 τὴν
595 3961 828 4031 ἐσχάτην
847 3960 1156 4031 τηρούντων
1170 3960 1323 4025 τάξιν
1344 3977 1357 4024 ;
1377 3961 1487 4031 Τὴν
1514 3960 1747 4030 ἐσχάτην
1769 3960 1877 4031 γάρ

214 4060 473 4130 λήψονται
504 4060 738 4122 πάντως,
762 4058 857 4109 καὶ
884 4057 1107 4128 ταύτην,
1130 4058 1258 4111 ὅταν
1289 4056 1561 4127 δυνηθῶσι
1606 4055 1784 4109 πάντα
1811 4056 1881 4109 τά

215 4157 513 4227 κωλύματα
537 4155 851 4225 διαδραμεῖν
869 4194 883 4219 ,
909 4152 1053 4222 άπερ
1085 4153 1112 4192 δ
1142 4152 1618 4223 ἀπηριθμησάμην
1641 4152 1755 4217 νῦν,
1786 4151 1881 4204 καὶ

220 4256 358 4326 μήτε
388 4254 562 4324 άωρος
589 4251 984 4323 προαναρπάσῃ
1004 4250 1232 4311 θάνατος
1256 4287 1272 4312 ,
1309 4251 1447 4318 μήτε
1489 4249 1594 4301 ύπὸ
1622 4248 1878 4316 γυναικὸς

215 4353 532 4407 κωλυθῶσιν
564 4352 806 4421 ὓστερον,
839 4350 974 4419 μήτε
1014 4345 1249 4400 τοσαῦτα
1282 4344 1573 4416 τραύματα
1617 4345 1872 4410 λάϐωσιν,

215 4448 295 4510 ὡς
321 4450 392 4518 μὴ
430 4447 721 4518 δυνηθῆναι
751 4447 933 4508 αὐτοῖς
965 4445 1054 4498 τὸν
1090 4442 1184 4497 τοῦ
1212 4444 1398 4513 γήρως
1426 4442 1655 4512 ἀρκέσαι
1683 4441 1873 4511 χρόνον

216 4546 353 4614 πρὸς
374 4545 473 4614 τὴν
494 4543 789 4614 θεραπείαν
819 4543 1059 4606 ἐκείνων,
1075 4542 1173 4611 τήν
1200 4556 1257 4592 τε
1280 4538 1505 4610 γνώμην
1540 4538 1739 4609 μένωσι
1762 4538 1875 4590 δια-

215 4640 417 4703 παντὸς
442 4639 734 4709 τηροῦντες
753 4639 973 4708 βεϐαίαν
990 4640 1083 4692 καὶ
1100 4638 1375 4706 ἀκίνητον.
1394 4636 1561 4689 Ὅταν
1576 4636 1684 4706 γάρ
1704 4634 1874 4689 ταῦτα

217 4737 397 4791 πάντα
431 4733 678 4803 συνέλθῃ,
708 4734 827 4784 τότε
861 4732 1013 4801 μόλις
1048 4735 1105 4785 ἐν
1133 4737 1245 4797 τοῖς
1274 4732 1521 4803 ἐσχάτοις
1542 4731 1873 4797 τετάξονται.

216 4833 438 4887 Τούτων
466 4828 558 4884 οὖν
582 4828 759 4900 βούλει
794 4824 932 4881 εἶναι
966 4830 1056 4881 τὸν
1088 4830 1202 4881 υίὸν
1223 4870 1237 4891 ,
1266 4830 1299 4900 ἦ
1326 4829 1433 4883 τῶν
1457 4832 1514 4883 ἐν
1534 4828 1611 4899 τῷ
1643 4827 1878 4900 μετώπῳ

218 4931 318 5001 τῆς
345 4931 620 5001 φάλαγγος
646 4926 970 4997 λαμπόντων
990 4941 1005 4990 ;
1029 4927 1136 4979 Καὶ
1159 4926 1242 4987 τίς
1267 4926 1430 4990 οὕτω,
1462 4927 1643 4997 φησὶν,
1675 4926 1875 4993 ἄθλιος,

221 5027 295 5092 ὡς
310 5031 490 5082 ἐκεῖνα
507 5024 723 5098 μᾶλλον,
743 5022 777 5093 ἢ
792 5020 965 5075 ταῦτα
984 5019 1340 5085 συνεύξασθαι
1353 5024 1466 5084 τοῖς
1482 5023 1669 5076 παισίν
1688 5021 1877 5088 mm

222 5126 509 5197 συνήθειαν
534 5121 918 5194 ἐπιζητοῦμεν,
937 5119 1031 5173 καὶ
1050 5120 1146 5173 σὺν
1175 5119 1306 5190 ἡμῖν
1321 5118 1516 5182 αὐτοὺς
1532 5114 1670 5173 εἶναι
1690 5120 1874 5191 βουλό-

223 5221 383 5291 μεθα.
399 5222 568 5276 Τοῦτο
583 5221 677 5275 καὶ
691 5219 849 5280 αὐτὸς
868 5216 1148 5287 βούλομαι,
1162 5217 1256 5270 καὶ
1272 5216 1301 5267 ύ
1309 5215 1424 5286 μῶν
1438 5215 1536 5285 οὐχ
1548 5211 1709 5288 ἦττον
1722 5214 1874 5284 εὔχο-

224 5334 322 5387 μαι
349 5320 457 5373 τῶν
476 5318 911 5393 γεννησαμὲνων,
936 5317 1015 5379 είς
1036 5316 1135 5387 τὴν
1160 5314 1418 5386 πατρῴαν
1446 5314 1642 5379 αὐτοὺς
1657 5316 1874 5369 ἐπανελ-

226 5413 333 5464 ὶεῖν
349 5415 545 5481 οἰκίαν,
574 5419 669 5471 καὶ
688 5416 794 5469 τῶν
810 5411 1070 5487 τροφείων
1099 5412 1390 5467 ἀποδοῦναι
1406 5412 1503 5475 τὰς
1530 5412 1783 5484 ἀμοιϐάς,
1800 5408 1874 5467 ὧν

227 5508 341 5570 .’σας
363 5508 461 5559 οὐκ
488 5510 553 5562 ἂν
580 5514 787 5585 εὖροιεν
816 5512 1035 5583 ἐτέρας·
1066 5508 1202 5562 ἀλλά
1226 5508 1300 5580 μὴ
1331 5510 1423 5562 νῦν
1450 5520 1472 5548 ε
1506 5510 1699 5575 αὐτοὺς
1720 5512 1877 5567 τοῦτο

228 5602 553 5672 ἱπαιτῶμεν.
604 5610 725 5673 Πῶς
777 5612 883 5681 γὰρ
920 5609 1018 5662 ούκ
1070 5607 1266 5662 ἄτοπον
1320 5607 1413 5658 ἐπὶ
1470 5607 1648 5677 λόγοις
1702 5609 1730 5649 ά
1782 5611 1877 5680 μὲν

230 5703 536 5775 πέμποντας
560 5741 576 5768 ,
614 5708 779 5763 πολὺν
831 5710 1021 5783 χρόνον
1068 5708 1160 5763 καὶ
1190 5706 1287 5779 τῆς
1326 5708 1579 5777 πατρίδος
1617 5708 1879 5779 ἐξορίζειν

279 5842 307 5905 f‘
328 5842 436 5891 Duo
456 5856 570 5893 mss.
592 5843 651 5890 τὰ
673 5844 877 5905 κύματα,
902 5851 1064 5898 minus
1083 5851 1238 5898 recte.

278 5902 309 5970 ξ
331 5904 484 5970 Savil.
528 5902 766 5970 διαδράναι
790 5902 925 5970 ἅπερ.

282 5967 303 5996 ε
327 5967 408 6017 διο
427 5973 566 6016 recte
587 5968 755 6025 δεινὴ,
779 5967 917 6033 cuju's
936 5973 1226 6033 scripturam
1248 5970 1539 6033 recepimus:
1568 5967 1767 6033 κονίει,
1792 5975 1877 6021 mi-

235 6041 311 6096 m_s
334 6039 492 6096 recte,
508 6029 922 6096 qualnnseqdem
946 6029 1096 6096 sen'gu
1114 6072 1125 6092 ,
1148 6036 1271 6084 ἀλλὰ
1295 6029 1386 6096 μὴν
1407 6034 1461 6082 οὐ
1487 6030 1587 6096 va.
1615 6030 1750 6096 Εοιτ.

278 6090 306 6129 ἀ
333 6090 550 6159 nativum
592 6092 929 6159 rescripsimqs
967 6104 995 6136 ρ
1038 6090 1237 6146 Ξανίιὶο.
1271 6090 1543 6159 ι’ρερῠοιυτ
1573 6095 1643 6141 ἐπὶ
1686 6094 1852 6157 λόγους

235 6154 327 6201 “nx
353 6155 447 6203 dum
475 6170 571 6206 mgs
612 6158 844 6217 359101-27
892 6152 1022 6201 IDEM.

1985 958 2337 1021 κελεύοντας·
2374 958 2597 1022 τούτους
2634 958 2691 1012 δέ
2732 958 2831 1011 οὐκ
2867 957 2954 1009 ἐπρ
2999 956 3333 1028 ἀνθρώπειον
3365 958 3654 1025 μέλλοντας

1982 1044 2237 1115 ἔρχεσθαι
2293 1044 2520 1115 μάθημα
2547 1085 2562 1107 ,
2611 1046 2725 1099 ἀλλ’
2759 1048 2853 1099 ἐπὶ
2888 1045 2987 1116 τὴν
3018 1045 3268 1115 οὐράνιον
3311 1045 3650 1114 φιλοσοφίαν,

1982 1130 2183 1193 εύθέως
2223 1131 2483 1197 ἀφέλκειν
2507 1168 2522 1192 ,
2548 1131 2731 1203 πρὶνῆ
2760 1132 3011 1199 γενέσθαι
3045 1132 3181 1201 ὅπερ
3210 1130 3506 1200 εὐχόμεθα;
3541 1133 3659 1186 Καὶ

1984 1218 2189 1283 σχοῖνον
2230 1216 2327 1285 μέν
2354 1232 2437 1278 τις
2468 1218 2766 1285 τεταμένην
2794 1218 3091 1287 διατρέχειν
3118 1216 3496 1285 διδασκόμενος
3514 1255 3527 1276 ,
3556 1231 3653 1266 πο-

1982 1301 2076 1354 λὺν
2108 1304 2297 1373 χρόνον
2326 1304 2692 1374 ἀποστήσεται
2718 1304 2824 1355 τῶν
2852 1303 3037 1363 αὑτοῦ,
3056 1306 3179 1367 τοὺς
3200 1304 3256 1356 δέ
3284 1302 3654 1373 μανθάνοντας

1984 1388 2091 1440 ἀπὸ
2126 1390 2223 1459 τῆς
2248 1389 2349 1459 γῆς
2376 1390 2635 1442 πέτεσθαι
2674 1401 2698 1428 ο
2731 1392 2809 1452 είς
2839 1389 2930 1440 τὸν
2966 1389 3191 1458 οὐρανὸν
3216 1428 3230 1451 ,
3262 1386 3655 1456 συγκατακλεί-

1984 1490 2148 1544 σομεν
2179 1479 2291 1539 τοῖς
2334 1476 2584 1543 γονεῦσις
2618 1477 2726 1529 Καὶ
2772 1476 2823 1528 τί
2858 1475 3060 1544 ταύτης
3092 1476 3189 1544 τῆς
3224 1474 3443 1541 ἀλογίας
3470 1476 3653 1543 χεῖρον

1982 1561 2177 1629 γένοιτ’
2222 1564 2319 1627 ἄν;
2355 1566 2465 1634 Ούχ
2490 1567 2649 1636 ὁρᾶτε
2675 1566 2799 1626 τοῦς
2832 1564 3112 1635 γεωργοὺς
3136 1602 3150 1627 ,
3183 1563 3287 1627 ὅτι,
3313 1561 3415 1614 κᾶν
3450 1560 3656 1630 σφόδρα

1982 1649 2305 1717 ἐπείγωνται
2353 1651 2459 1703 τῶν
2520 1652 2695 1703 πόνων
2754 1650 2938 1702 λαϐεῖν
2989 1647 3139 1721 [109]
3187 1651 3313 1712 τοὺς
3370 1648 3651 1719 καρποὺς,

1982 1736 2196 1808 ἀώρους
2222 1740 2419 1802 αὐτοὺς
2462 1741 2562 1792 ούκ
2605 1738 2671 1791 ἂν
2704 1740 3020 1808 ἀνάσχοιντο
3059 1739 3329 1811 τρυγῆσαί
3364 1755 3534 1803 ποτε;

2064 1825 2156 1896 Μὴ
2183 1826 2361 1879 τοίνυν
2386 1827 2517 1897 μηδὲ
2547 1828 2707 1897 ἡμεῖς
2742 1826 2848 1895 πρὸ
2878 1826 3026 1897 ῶρας
3068 1828 3368 1896 ἀπάγωμεν
3392 1828 3489 1896 τῆς
3510 1826 3655 1879 κατά

1982 1911 2080 1982 τὴν
2110 1911 2346 1982 ἐρημίαν
2373 1913 2652 1985 διατριϐῆς
2681 1915 2806 1976 τοὺς
2843 1912 3146 1977 υίοὺς,ἀλλ“
3186 1916 3435 1983 ἐάσωμεν
3472 1913 3657 1977 αὐτοῖς

1984 2000 2297 2070 ἐμπαγῆναι
2323 2000 2390 2052 τὰ
2418 2000 2709 2071 μαθήματα
2733 2040 2751 2067 ,
2780 2001 2873 2055 καὶ
2914 2000 3205 2071 ριζωθῆναι
3236 2000 3303 2053 τά
3340 1999 3515 2069 φυτά’
3552 2001 3660 2052 κᾶν

1980 2089 2113 2142 δέκα
2136 2130 2150 2155 ,
2178 2090 2281 2143 κᾶν
2310 2090 2513 2143 εἴκοσιν
2540 2091 2632 2161 ἐτη
2662 2090 2956 2161 τρέφεσθαι
3001 2091 3196 2153 αὐτοὺς
3222 2092 3278 2142 ἐν
3308 2089 3656 2161 μοναστηρίῳ

1981 2176 2096 2249 δέῃ,
2131 2176 2205 2247 μὴ
2235 2175 2611 2248 θορυϐώμεθα,
2644 2177 2779 2248 μηδέ
2800 2176 3082 2246 ἀλύωμενο
3110 2178 3220 2246 ὅσῳ
3243 2175 3352 2247 γάρ
3381 2175 3445 2229 ἂν
3482 2176 3647 2231 ἐνδια-

1980 2264 2144 2336 τρίϐῃ
2190 2264 2268 2333 τῷ
2305 2264 2590 2334 γυμνασίῳ
2629 2263 2824 2327 πλέον,
2864 2262 3105 2332 τοσούτῳ
3138 2261 3359 2314 πλείονα
3398 2263 3660 2332 κτήσεται

1981 2352 2081 2421 τὴν
2115 2352 2285 2421 ἰσχύν.
2325 2351 2539 2404 Μᾶλλον
2565 2352 2643 2415 δέ,
2680 2354 2728 2404 εί
2756 2352 2935 2415 δοκεῖ,
2972 2351 3109 2421 μηδέ
3143 2350 3334 2421 χρόνον
3360 2350 3655 2423 όρίζωμεν,

1983 2437 2098 2490 ἀλλ’
2134 2438 2258 2507 ὅρος
2303 2439 2507 2499 ἐκεῖνος
2546 2435 2686 2489 ἐστω
2735 2436 2893 2507 μόνος
2931 2439 2958 2489 ὁ
2987 2437 3124 2505 πρὸς
3168 2436 3266 2506 τὴν
3295 2437 3479 2507 ἀκμὴν
3507 2436 3663 2505 άγων

1982 2528 2109 2588 τοὺς
2167 2528 2224 2577 ἐν
2277 2524 2424 2595 αὐτῷ
2475 2524 2840 2594 φυτευθέντας
2889 2524 3173 2595 καρποὺς,
3201 2524 3295 2576 καὶ
3325 2524 3445 2575 τότε
3496 2527 3658 2577 ἐπανο

1985 2612 2226 2683 ερχέσθω
2257 2612 2365 2664 ἀπὸ
2392 2611 2487 2681 τῆς
2524 2612 2730 2683 ἐρήμου
2751 2650 2771 2677 ,
2799 2609 3059 2680 πρότερον
3109 2608 3168 2661 δέ
3224 2608 3321 2678 μή.
3380 2609 3512 2661 Οὐδὲ
3545 2608 3653 2679 γὰρ

1985 2700 2134 2752 ἔσται
2162 2716 2213 2751 τι
2248 2698 2408 2751 πλέον
2435 2698 2543 2751 ἀπὸ
2578 2698 2678 2767 τῆς
2709 2696 3009 2766 ταχύτητος
3037 2698 3168 2765 ἡμῖν
3192 2694 3431 2764 ταύτης,
3474 2694 3589 2748 ἀλλ’
3619 2694 3654 2764 ἢ

1984 2787 2046 2839 τὸ
2077 2787 2345 2857 μηδέποτε
2375 2786 2536 2838 αὑτὸν
2569 2784 2819 2852 γενέσθαι
2855 2783 3085 2854 ῶριμον.
3135 2784 3195 2837 '0
3224 2782 3333 2854 γάρ
3372 2783 3479 2853 πρὸ
3505 2782 3655 2854 ῶρας

1982 2873 2083 2941 τῆς
2112 2874 2171 2924 ἐν
2216 2876 2283 2943 τῇ
2337 2872 2462 2945 ῥίζῃ
2490 2873 2694 2944 τροφῆς
2723 2872 3149 2940 ἀποστερηθεὶς,
3188 2870 3310 2923 οὐδὲ
3334 2868 3428 2922 τοῦ
3460 2869 3657 2940 καιροῦ

1985 2961 2428 3030 παραγενομένου
2474 2962 2743 3029 χρήσιμος
2792 2958 2942 3011 ἔσται
2991 2957 3178 3011 λοιπόν
3204 2974 3219 2988 υ
3250 2958 3388 3027 ὅπερ
3442 2957 3530 3010 ῖνα
3580 2957 3657 3028 μὴ

1980 3046 2204 3116 γένηται
2225 3086 2239 3107 ,
2289 3046 2641 3118 καρτερῶμεν
2666 3045 2757 3097 τὸν
2786 3044 3093 3114 χωρισμόν·
3131 3043 3226 3097 καὶ
3257 3043 3334 3114 μὴ
3366 3042 3525 3112 μόνον
3576 3044 3654 3113 μὴ

1982 3133 2416 3203 κατεπείγωμεν,
2449 3132 2583 3184 ἀλλὰ
2608 3133 2701 3185 καλ⁵
2733 3128 3125 3202 βουλομένουςι
3162 3130 3335 3182 ἐλθεῖν
3369 3130 3475 3201 πρὸ
3505 3130 3654 3200 ῶρας

1982 3217 2297 3288 κωλύωμεν.
2345 3217 2723 3287 Ἀπαρτισθεὶς
2770 3217 2869 3286 μὲν
2905 3217 3015 3287 γὰρ
3053 3216 3230 3269 κοινὸν
3278 3215 3430 3269 ἔσται
3466 3214 3654 3285 κέρδος

1982 3306 2077 3358 καὶ
2124 3305 2292 3373 πατρὶ
2339 3305 2435 3357 καὶ
2491 3303 2658 3373 μητρὶ
2691 3304 2783 3355 καὶ
2821 3303 2967 3374 οίκίᾳ
3006 3303 3100 3356 καὶ
3142 3303 3294 3356 πόλει
3322 3302 3415 3355 καὶ
3464 3301 3609 3355 ἔθνει
3635 3318 3649 3331 ⁸

1983 3392 2231 3446 ἀτελέστε
2241 3408 2331 3462 ρος
2360 3391 2417 3443 δὲ
2449 3390 2909 3460 παραγενόμενος,
2945 3389 3348 3457 καταγέλαστος
3378 3388 3528 3441 ἔσται
3559 3388 3655 3441 καὶ

1984 3480 2375 3543 ἐπονείδιστος,
2407 3480 2501 3530 καὶ
2531 3476 2709 3546 ἐαυτῷ
2733 3476 2830 3529 καλ⁸
2859 3479 2973 3539 τοῖς
2997 3475 3177 3538 ἄλλοις
3204 3475 3523 3545 ἐπιϐλαϐής.
3559 3475 3652 3545 Μὴ

1982 3566 2047 3635 δὴ
2071 3566 2338 3635 τοσαύτην
2360 3562 2719 3635 ἐργαζώμεθα
2738 3563 2959 3633 ζημίαν.
2984 3562 3091 3616 Καὶ
3110 3562 3220 3634 γάρ
3239 3564 3318 3624 είς
3342 3561 3653 3631 ἀποδημίαν

1981 3654 2295 3722 πέμποντες
2322 3689 2339 3715 ,
2394 3651 2515 3703 τότε
2572 3648 2867 3719 βουλόμεθα
2909 3650 3034 3712 τοὺς
3088 3650 3238 3711 υἱοὺς
3296 3648 3425 3701 ίδεῖν
3456 3687 3472 3711 ,
3524 3648 3653 3701 ὅταν

1982 3739 2121 3807 ὑπὲρ
2152 3732 2228 3791 ὧν
2265 3737 2364 3806 τὴν
2396 3736 2703 3805 ἀποδημίαν
2744 3736 3068 3805 πεποίηνται
3102 3733 3528 3806 κατωρθωκότες
3554 3733 3653 3786 τύ-

1980 3843 2148 3897 χωσιν
2168 3842 2181 3857 '
2212 3825 2278 3879 ἄν
2326 3841 2387 3876 τε
2432 3823 2539 3893 πρὸ
2569 3824 2755 3876 τούτου
2804 3823 3221 3894 παραγένωνται
3246 3861 3262 3886 ,
3292 3822 3354 3873 ού
3385 3820 3653 3892 τοσαύτην

1979 3915 2088 3968 ἀπὸ
2130 3914 2231 3983 τῆς
2267 3912 2560 3981 ἐπιδημίας
2586 3912 2939 3982 λαμϐάνομεν
2978 3911 3077 3981 τὴν
3106 3910 3296 3980 ἡδονὴν
3320 3948 3335 3973 ,
3383 3910 3515 3979 ὅσην
3544 3910 3653 3962 ἀπὸ

1979 4002 2074 4056 τοῦ
2127 4002 2301 4071 μάτην
2351 3999 2666 4053 ἐπανελθεῖν
2712 3999 2813 4071 τὴν
2858 3998 3091 4067 ἀθυμίαν
3138 4002 3184 4053 ⁸.
3233 3998 3359 4061 Πῶς
3406 3994 3500 4051 οὗν
3550 3998 3651 4050 ούκ

1981 4088 2214 4159 ἐσχάτης
2252 4085 2507 4155 βλακείας
2523 4084 2790 4155 τοσαύτην
2824 4086 2936 4148 τοῖς
2974 4086 3361 4154 πνευματικοῖς
3403 4084 3477 4153 μὴ
3507 4100 3651 4152 παρ-

1982 4176 2126 4246 έχειν
2176 4175 2446 4245 σπουδὴν,
2491 4175 2623 4243 ὅσην
2666 4172 3085 4241 ἐπιδεικνύμεθα
3124 4172 3251 4239 περὶ
3286 4172 3353 4223 τὰ
3399 4170 3645 4240 βιωτικά,

1983 4264 2100 4317 ἀλλ’
2128 4263 2244 4315 ἐκεῖ
2279 4262 2376 4331 μὲν
2416 4260 2559 4314 οὔτω
2593 4258 2893 4328 φιλοσόφως
2937 4259 3122 4329 φέρειν
3165 4259 3275 4312 τῶν
3320 4258 3527 4311 παίδων
3558 4257 3650 4309 τὸν

1983 4346 2259 4416 χωρισμὸν
2284 4382 2299 4406 ,
2333 4344 2409 4407 ὼς
2454 4344 2546 4397 καὶ
2583 4341 2833 4412 εὔχεσθαι
2886 4341 3206 4410 ἐπιταθῆναι
3239 4340 3429 4394 τοῦτον
3450 4382 3464 4406 ,
3518 4340 3649 4393 ὅταν

1983 4433 2122 4501 ύπέρ
2152 4448 2295 4493 τινος
2321 4431 2545 4499 γένηται
2575 4429 2843 4501 χρησίμου
2864 4467 2879 4490 ,
2914 4427 3144 4481 ἐνταῦθα
3187 4428 3244 4480 δὲ
3282 4427 3425 4481 οὕτω
3470 4427 3651 4497 μαλα-

1977 4516 2221 4582 κίζεσθαι
2256 4517 2350 4569 καὶ
2377 4514 2751 4569 κατακλᾶσθαι
2782 4514 2918 4584 πρὸς
2946 4514 3045 4585 τὴν
3067 4513 3400 4584 ἀποδημίαν,
3433 4513 3509 4576 ὡς
3536 4514 3652 4577 τοῖς

1982 4603 2255 4675 μεγίστοις
2300 4602 2653 4671 λυμαίνεσθαι
2681 4599 2711 4639 ιι
2756 4601 2842 4654 διὰ
2877 4601 2975 4672 τὴν
3020 4600 3383 4672 μικροψυχίαν
3444 4599 3649 4669 ταύτην

1980 4692 2206 4763 ἀγαθοῖς
2229 4732 2244 4754 ,
2275 4693 2370 4746 καὶ
2420 4691 2593 4745 ταῦτα
2628 4691 2877 4754 πλείονας
2918 4690 3270 4761 παραμυθίας
3299 4689 3522 4759 ἔχοντας
3541 4728 3556 4751 ,
3585 4688 3646 4739 ού

1985 4783 2145 4851 μόνον
2187 4780 2249 4832 τὸ
2296 4779 2433 4850 πρὸς
2476 4778 2696 4849 μείζονα
2728 4778 2923 4839 αὐτοὺς
2954 4775 3321 4829 ἀποδύσασθαι
3343 4813 3360 4839 ,
3390 4774 3485 4827 καὶ
3512 4773 3647 4826 πάν-

1979 4887 2087 4933 τως
2117 4866 2490 4931 ἐπιτεύξεσθαι
2521 4865 2614 4917 τοῦ
2654 4864 2872 4927 τέλους,
2916 4863 3011 4915 καὶ
3057 4857 3392 4933 μηδέννεῐναι
3437 4860 3499 4915 τὸ
3531 4860 3647 4915 δια-

1980 4958 2179 5011 κόπτον
2202 4954 2299 5017 τὰς
2324 4953 2559 5015 ἐλπίδας,
2583 4951 2717 5005 ἀλλά
2745 4952 2840 5004 καὶ
2869 4950 3004 5021 πρὸς
3032 4950 3196 5003 αὑτὸν
3220 4949 3311 5002 τὸν
3330 4947 3644 5021 χωρισμόν;

1992 5044 2077 5097 Ἐν
2109 5040 2385 5112 ἀποδημία
2422 5040 2518 5111 μὲν
2568 5040 2677 5110 γὰρ
2713 5034 2832 5092 οὖσι
2889 5039 3075 5109 μακρᾷ
3124 5038 3224 5092 οὐκ
3270 5036 3486 5091 εὔκολον
3516 5052 3644 5105 συγο

1977 5132 2253 5203 γίνεσθαι,
2286 5133 2378 5185 καὶ
2419 5130 2631 5201 μάλισθ’
2661 5131 2789 5186 ὅταν
2813 5129 3183 5202 γεγηρακότες
3206 5127 3437 5199 τύχωσιν
3467 5128 3639 5195 06-70-

1977 5223 2117 5285 νεῖς’
2152 5218 2386 5274 ἐνταῦθα
2411 5218 2467 5273 δὲ
2494 5218 2572 5273 ἐνι
2595 5219 2829 5290 συνεχῶς
2856 5218 2992 5289 πρὸς
3018 5217 3212 5278 αὐτοὺς
3232 5213 3642 5268 ἀνιέναι.Τοῦτο

1977 5310 2041 5381 δὴ
2083 5310 2179 5363 καὶ
2218 5309 2462 5381 ποιῶμεν
2486 5348 2501 5373 ,
2549 5309 2676 5363 ὅταν
2709 5309 2889 5371 αὐτοῖς
2929 5306 3152 5377 μηδέπω
3180 5299 3462 5374 δυνατὸνῇ
3506 5303 3644 5375 πρὸς

1979 5400 2126 5470 ἡμᾶς
2171 5397 2381 5451 ἐλθεῖν-
2449 5398 2602 5450 αὐτοὶ⁵
2654 5396 2955 5466 βαδίζωμεν
3018 5393 3154 5464 πρὸς
3205 5393 3445 5455 ἐκείνους
3472 5433 3486 5456 ,
3548 5392 3645 5445 καὶ

1982 5486 2364 5557 συγγινώμεθα
2401 5488 2496 5539 καὶ
2525 5483 2916 5553 διαλεγώμεθα.
2974 5482 3133 5550 Μέγα
3164 5483 3296 5553 ἡμῖν
3341 5483 3407 5535 ἐκ
3455 5480 3647 5534 τούτου

1982 5577 2076 5629 καὶ
2100 5576 2285 5648 κέρδος
2316 5574 2466 5627 ἔσται
2490 5573 2583 5625 καὶ
2614 5572 2796 5643 ἡδονή.
2822 5572 2897 5625 Ού
2922 5570 3031 5643 γὰρ
3058 5570 3167 5624 ἀπὸ
3200 5571 3299 5642 τῆς
3329 5570 3503 5641 ὅψεως
3535 5568 3643 5622 τῶν

2041 5730 2061 5752 ·
2087 5730 2221 5778 Unus
2241 5728 2348 5777 cod.
2374 5728 2621 5776 πέτασθαι.
2644 5727 2756 5777 Mox
2788 5692 2884 5778 du0
2906 5728 3044 5777 codd.
3072 5728 3425 5789 σνγκλεὶσομεν.
3453 5723 3561 5772 Mox
3588 5723 3639 5771 in

1892 5841 1899 5849 ,
1980 5792 2152 5853 ‘isdem
2172 5791 2328 5853 χεῖρον
2353 5790 2515 5839 deest.

2047 5852 2067 5891 ί
2092 5847 2347 5901 δὶοἯέιὶι.
2386 5858 2440 5900 et.
2476 5865 2591 5901 mss.
2625 5851 2797 5903 More).
2832 5853 3209 5915 βουλευομένους.
3235 5847 3361 5898 Infra
3400 5858 3499 5896 ouo
3521 5858 3640 5897 mox.

1983 5916 2060 5963 καὶ
2080 5916 2213 5962 πόλει
2235 5916 2316 5961 καὶ
2339 5914 2504 5962 ἔθνεσι.

2046 5979 2071 6018 ε
2092 5978 2173 6024 Sic
2190 5989 2304 6024 mss.
2330 5982 2379 6023 et
2408 5976 2559 6024 Savil.
2585 5976 2635 6024 in
2668 5979 2827 6033 textu,
2852 5979 2999 6036 atque
3020 5975 3088 6023 ita
3108 5973 3233 6035 legit
3259 5973 3525 6033 imezpaes.
3552 5970 3647 6020 Sa-

1986 6037 2067 6087 vil.
2094 6040 2143 6086 in
2162 6050 2313 6098 marg.
2341 6042 2395 6085 et
2411 6037 2584 6085 Morel.
2609 6038 2694 6093 τήν
2725 6038 2907 6097 ζημίαν.
3020 6096 3031 6098 _
3130 6095 3140 6098 _
3307 6093 3329 6098 _
3437 6095 3444 6098 _
3519 6091 3550 6098 __
3576 6090 3584 6097 _

2046 6098 2075 6137 δ
2096 6098 2193 6147 Alii
2215 6091 2520 6158 λυμήνασθαι.
2550 6091 2671 6145 Infra
2711 6091 2806 6147 dub
2849 6111 2955 6148 mss.
2986 6096 3039 6148 οὗ
3082 6095 3221 6158 μᾶνον
3250 6093 3336 6142 τηῦ
3358 6095 3483 6153 πρὸς
3517 6091 3639 6141 Ibid.

1987 6161 2130 6222 aliqui
2172 6162 2335 6215 παντὸς
2360 6160 2691 6213 ἐπιτεύξντσθθνι.
