4454 6738
735 561 849 621 ’581

723 675 1111 749 ἀγαταυμένων
1140 677 1298 750 μόνον
1325 679 1553 733 παιδίων
1584 678 2075 751 εὐφρανθησόμεθα
2096 722 2110 743 ,
2155 682 2289 734 ἀλλά
2317 683 2411 734 καὶ

727 765 882 816 αὐτοὶ
902 764 972 818 τά
1003 765 1234 837 μέγιστα
1280 768 1706 837 καρπωσάμενοι
1736 766 1871 836 πρὸς
1910 766 2010 835 τὴν
2037 766 2218 819 οἰκίαν
2249 771 2412 821 ἐπαν-

729 852 956 924 ήξομεν,
1016 854 1273 918 πολλάκις
1308 855 1365 907 δέ
1394 857 1577 920 αὐτοῖς
1605 869 1627 897 ε
1664 857 1758 909 καὶ
1804 858 2233 928 παραμενοῦμεν
2272 859 2416 911 (Ξιλόν⁴

730 954 826 1004 τες
857 940 933 1011 τῷ
958 941 1058 1011 τῆς
1082 942 1399 1011 φιλοσοφίας
1425 942 1606 1014 ἔρωτι.
1627 943 1758 995 Τότε
1791 938 1883 995 οῦν
1914 944 2112 1008 αὐτοὺς
2141 945 2411 1015 καλῶμεν,

733 1026 866 1080 ὅταν
893 1029 1105 1101 ἰσχυροὶ⁵
1122 1028 1406 1098 γένωνται,
1436 1030 1530 1083 καὶ
1559 1030 1775 1099 ἐτέρους
1797 1024 1899 1082 οἷοί
1922 1048 1982 1083 τε
2006 1026 2138 1085 ὦσιν
2164 1032 2413 1100 ὠφελεῖν·

734 1114 859 1166 τότε
907 1115 1106 1179 αὐτοὺς
1137 1117 1384 1186 ἐλκωμεν
1431 1115 1589 1184 μόνον
1616 1156 1631 1179 ,
1668 1115 1808 1168 ὥστε
1855 1118 2035 1170 κοινὸν
2078 1116 2332 1186 γενέσθαι
2360 1119 2420 1171 τὸ

735 1200 855 1271 φῶς
877 1242 892 1265 ,
926 1200 1066 1255 ὥστε
1092 1205 1184 1256 ἐπὶ
1220 1204 1321 1272 τῆς
1347 1202 1569 1272 λυχνίας
1592 1201 1818 1273 τεθῆναι
1854 1203 1944 1256 τὸν
1981 1205 2169 1274 λύχνον
2193 1206 2238 1257 δ.
2284 1206 2419 1258 Τότε

734 1288 937 1359 ϐψεσθε
983 1290 1142 1343 τίνων
1193 1290 1294 1360 μὲν
1344 1291 1549 1345 παίδων
1588 1293 1826 1364 πατέρες
1870 1294 2060 1364 ὑμεῖς,
2097 1294 2256 1345 τίνων
2282 1292 2339 1344 δὲ
2371 1294 2421 1345 οί

736 1376 1168 1447 μακαριζόμενα.
1214 1380 1347 1450 παρ’
1385 1378 1540 1449 ὑμῶν
1566 1393 1580 1407 °
1613 1380 1734 1432 τότε
1768 1380 1981 1433 εἴσεσθε
2016 1378 2167 1451 [ΗΟ]
2208 1379 2307 1449 τῆς
2333 1396 2422 1447 φι-

741 1463 996 1532 λοσοφίας
1018 1464 1091 1519 τὰ
1118 1464 1309 1537 κέρδη,
1326 1468 1455 1520 ὅταν
1486 1467 1859 1537 θεραπεύωσιν
1888 1465 2209 1537 ἀνθρώπους
2228 1467 2423 1520 ἀνίατα

741 1552 1035 1617 νοσοῦντας
1084 1556 1404 1625 νοσήματα,
1453 1555 1580 1607 ὅταν
1640 1554 1716 1617 ὠς
1766 1553 2053 1625 εὐεργέται
2108 1554 2278 1607 κοινοὶ
2328 1556 2425 1608 καὶ

742 1642 1048 1712 προστάται
1083 1643 1175 1695 καὶ
1209 1641 1453 1712 σωτῆρες
1490 1640 2008 1712 ἀνακηρύττωνται,
2053 1643 2182 1695 ὅταν
2214 1642 2290 1706 ὡς
2320 1643 2423 1712 ἄγ-

741 1728 890 1796 γελοι
919 1732 1031 1791 τοῖς
1080 1730 1170 1781 ἐπὶ
1216 1731 1319 1799 γῆς
1372 1727 1682 1800 ἀνθρώποις
1738 1730 2257 1801 συμπεριπολῶσιν,
2298 1730 2427 1783 ὅταν

742 1814 894 1884 παρά
925 1814 1141 1869 πάντων
1174 1814 1593 1869 ἀποϐλέπωνται
1614 1831 1627 1843 ·
1667 1816 1868 1886 μᾶλλον
1895 1817 1951 1870 δὲ
1979 1818 2116 1888 ὅπερ
2155 1816 2221 1870 ἂν
2263 1818 2429 1869 είπω-

737 1917 877 1970 μεν,
908 1900 1058 1954 οὐδὲν
1090 1902 1333 1955 τοιοῦτον
1354 1944 1371 1967 ,
1414 1897 1526 1957 οἷον
1561 1914 1583 1942 ο
1627 1903 1720 1955 ἐπὶ
1768 1904 1867 1973 τῆς
1906 1905 2102 1974 πείρας
2138 1903 2311 1971 αὐτῆς
2336 1903 2430 1955 καὶ

741 1986 851 2040 τῶν
906 1988 1250 2058 πραγμάτων
1307 1988 1456 2041 ἐστιν
1488 1989 1634 2041 ίδεῖν.
1671 1988 1858 2041 Ταῦτα
1897 1989 1992 2041 καὶ
2030 1989 2158 2050 τοὺς
2207 1987 2430 2056 νομοθέ-

742 2090 842 2137 τας
872 2073 977 2128 εδει
1011 2079 1217 2141 ποιεῖν,
1249 2076 1303 2128 εῖ
1320 2092 1371 2127 τι
1402 2075 1509 2128 τῶν
1540 2074 1767 2127 δεόντων
1796 2075 2035 2142 ἐγίνετο,
2067 2076 2168 2126 οὐκ
2201 2074 2426 2144 ἀνδράσι

744 2161 1057 2231 γενομένοις
1083 2165 1191 2224 τοῖς
1218 2162 1356 2224 νέοις
1380 2160 1837 2214 ἐπανατείνασθαι
1862 2161 2060 2231 φόϐους
2085 2202 2099 2226 ,
2137 2159 2276 2213 ἀλλά
2301 2164 2429 2213 παῖ-

742 2248 841 2311 δας
871 2248 1028 2311 ὄντας
1057 2247 1342 2318 ῥυθμίζειν
1381 2250 1475 2301 καὶ
1512 2247 1894 2301 διαπλάττεινσ
1931 2250 2026 2301 καὶ
2064 2248 2165 2301 οὐκ
2206 2247 2272 2301 ἂν
2318 2248 2428 2300 τῶν

748 2334 889 2404 μετά
914 2334 1085 2388 ταῦτα
1123 2336 1342 2406 ἐδέησεν
1385 2335 1647 2389 ἀπειλῶν.
1696 2336 1835 2388 Νυνὶ
1877 2336 1935 2389 δὲ
1983 2336 2151 2389 ταυτδ
2198 2336 2429 2404 γίνεται,

744 2418 933 2492 ὥσπερ
958 2421 1024 2476 ἂν
1058 2422 1113 2475 εἴ
1140 2440 1225 2487 τις
1259 2425 1443 2494 ἰατρὸς
1482 2422 1797 2476 ἀσθενοῦντι
1830 2423 1927 2493 μὲν
1948 2423 2027 2493 τῷ
2056 2423 2319 2492 κάμνοντι
2356 2425 2433 2495 μὴ

745 2509 881 2582 λέγῃ
919 2509 1124 2580 μηδὲν,
1165 2513 1303 2581 μήτε
1355 2511 1611 2585 δεικνύῃ,
1659 2510 1727 2565 δι’
1782 2505 1859 2565 ὧν
1914 2511 2212 2575 ἀπαλλάξοι
2255 2509 2282 2549 ά
2334 2512 2434 2581 τῆς

746 2596 941 2660 νόσου,
971 2597 1324 2671 διαφθαρέντι
1354 2599 1411 2651 δὲ
1444 2601 1539 2653 καὶ
1568 2599 1801 2661 ἀνιάτως
1843 2599 2018 2668 ἔχοντι
2056 2600 2282 2670 μυρίους
2310 2600 2433 2669 τιθῇ

748 2683 950 2755 νόμους
990 2686 1193 2738 λοιπόν.
1234 2687 1345 2740 Kal
1395 2687 1503 2757 γάρ
1550 2688 1598 2738 οί
1652 2685 1944 2756 νομοθέται
1988 2686 2107 2737 τότε
2155 2686 2433 2753 παιδαγωο

746 2771 937 2840 γοῦσιν
988 2773 1166 2843 ἡμᾶς,
1202 2773 1332 2825 ὅταν
1364 2772 1789 2843 διαστραφέντες
1820 2770 2094 2841 τύχωμεν.
2149 2770 2289 2823 Ἀλλ’
2334 2769 2433 2841 οὐχ

747 2858 779 2911 ὀ
821 2857 1030 2922 Παῦλος
1058 2857 1263 2924 οὕτως,
1292 2858 1407 2912 ἀλλ’
1458 2857 1519 2923 ἐξ
1568 2858 1746 2930 ἀρχῆς
1796 2859 1892 2911 καὶ
1930 2860 1989 2910 ἐν
2022 2856 2211 2929 ἡλικίᾳ
2239 2857 2433 2931 πρώτῃ

748 2948 876 3011 τοὺς
901 2948 1250 3013 διδασκάλους
1285 2950 1466 3012 αὐτοῖς
1494 2950 1748 3021 ἐφίστησι
1791 2950 1888 3019 τῆς
1936 2949 2171 3019 ἀρετῆς,
2207 2951 2434 3004 κωλύων

750 3032 1129 3088 ἐπεισελθεῖνο
1154 3036 1253 3106 τὴν
1282 3036 1500 3090 κακίαν.
1535 3035 1684 3107 Αὕτη
1714 3036 1824 3106 γὰρ
1858 3035 2058 3105 ἀρίστη
2093 3034 2435 3101 διδασκαλία,

751 3120 817 3175 οὐ
844 3159 860 3186 ,
908 3121 1369 3192 συγχωρήσαντας
1434 3124 1695 3195 πρότερον
1747 3122 2131 3191 περιγενέσθαι
2185 3122 2283 3193 τὴν
2338 3141 2437 3177 πο-

754 3206 953 3280 νηρίαν
978 3247 995 3272 ,
1037 3207 1262 3279 ὕστερον
1314 3207 1502 3280 ζητεῖν
1532 3212 1679 3273 ὅπως
1711 3210 1883 3281 αὐτὴν
1917 3209 2294 3281 ἐξελάσωμεν,
2325 3210 2439 3264 ἀλλ’

755 3293 971 3349 ἅπαντα
1003 3299 1176 3349 ποιεῖν
1204 3297 1299 3349 καὶ
1346 3294 1838 3367 πραγματεύεσθαι
1861 3336 1876 3362 ,
1901 3294 2041 3348 ὥστε
2073 3294 2273 3350 άϐατον
2300 3296 2441 3367 αὐτῇ

756 3383 1010 3450 γενέσθαι
1058 3385 1157 3455 τὴν
1197 3382 1357 3453 φύσιν
1398 3382 1498 3454 τὴν
1548 3383 1849 3454 ἡμετέραν.
1898 3383 1991 3435 Διὸ
2034 3382 2323 3452 παραινῶ,
2365 3382 2441 3453 μὴ

762 3470 925 3542 μόνον
954 3470 1175 3542 ἐτέρους
1219 3470 1577 3540 βουλομένους
1613 3468 1771 3523 τοῦτο
1798 3473 1971 3523 ποιεῖν
2004 3470 2271 3533 κωλύειν,
2305 3470 2443 3524 ἀλλά

758 3557 858 3611 καὶ
881 3558 1079 3620 αὐτοὺς
1109 3557 1702 3627 συναντιλαμϐάνεσθαι
1726 3598 1743 3623 ,
1767 3558 1863 3610 καὶ
1892 3556 2084 3621 σώζειν
2108 3558 2171 3610 τὸ
2204 3558 2439 3627 σκάφος,

760 3646 857 3699 καὶ
884 3646 1324 3716 παρασκευάζειν
1355 3645 1413 3712 ἐξ
1456 3645 1645 3716 ούρίας
1678 3646 1852 3700 πλεῖν.
1886 3647 1995 3699 Kal
2026 3645 2136 3717 γάρ
2165 3648 2214 3699 εί
2241 3646 2444 3716 ταύτην

759 3727 904 3804 ἦμεν
932 3734 1133 3797 πάντες
1164 3732 1551 3803 ἀναδεξάμενοι
1594 3732 1695 3804 τὴν
1736 3732 2000 3803 γνώμην,
2050 3734 2146 3786 καὶ
2186 3732 2293 3804 πρὸ
2338 3733 2446 3786 τῶν

760 3821 940 3878 ἄλλων
971 3823 1228 3876 ἁπάντων
1274 3823 1354 3886 εἰς
1399 3823 1599 3894 ἀρετὴν
1628 3823 1827 3885 αὐτοὺς
1874 3823 2110 3893 ήγομεν,
2155 3822 2314 3876 τοῦτο
2346 3823 2445 3893 μὲν

763 3907 960 3980 ἔργον,
998 3908 1068 3963 τά
1115 3908 1175 3963 δέ
1205 3908 1341 3962 ἄλλα
1382 3908 1696 3978 νομίζοντες
1725 3910 1976 3982 πάρεργα
2003 3905 2177 3974 εἶναι,
2207 3910 2446 3963 τοσαῦτα

764 3995 991 4066 ἔμελλεν
1034 3991 1171 4049 εἶναι
1207 3997 1278 4050 τά
1305 3994 1489 4063 ἀγαθά
1508 4035 1524 4058 ,
1553 3996 1656 4049 ὅσα
1687 3995 1782 4049 νῦν
1837 3998 1937 4066 μὲν
1973 3996 2147 4067 λέγων
2190 3999 2283 4054 καὶ
2312 3999 2446 4051 ἀλα-

766 4081 1082 4147 ζονεύεσθαι
1105 4083 1263 4149 δόξω.
1301 4085 1366 4138 Εἰ
1385 4085 1442 4137 δὲ
1473 4085 1618 4138 θέλοι
1640 4102 1726 4149 τις
1755 4085 1967 4155 μαθεῖν,
2003 4087 2096 4139 ἐπὶ
2122 4085 2232 4139 τῶν
2273 4086 2447 4156 ἔργων

768 4168 977 4224 εἴσεται
1015 4170 1195 4235 καλῶς
1213 4210 1230 4235 ,
1253 4173 1349 4225 καὶ
1370 4171 1570 4243 πολλὴν
1620 4172 1719 4242 μὲν
1750 4174 1883 4243 ἡμῖν
1914 4173 2236 4244 ὁμολογήσει
2264 4176 2445 4245 χάριν,

771 4258 974 4331 πολλὴν
1011 4259 1069 4312 δέ
1102 4258 1209 4329 πρὸ
1236 4259 1394 4331 ήμῶν
1427 4258 1506 4330 τῷ
1548 4260 1697 4330 Θεῷ,
1746 4260 2150 4329 βλαστάνουσαν
2182 4262 2325 4332 ὀρῶν
2357 4262 2450 4315 ἐπὶ

769 4348 872 4418 τῆς
902 4347 1009 4418 γῆς
1043 4347 1141 4419 τὴν
1172 4348 1232 4401 ἐν
1266 4347 1516 4417 οὐρανοῖς
1550 4348 1825 4402 πολιτείαν
1844 4388 1860 4414 ,
1900 4351 1997 4402 καὶ
2022 4350 2149 4414 τοὺς
2182 4350 2290 4403 τῶν
2322 4351 2451 4420 μελ-

769 4432 969 4491 λόντων
1014 4434 1237 4504 ἀγαθῶν
1255 4475 1271 4499 ,
1322 4437 1415 4492 καὶ
1446 4436 1575 4499 τοὺς
1608 4436 1708 4508 τῆς
1741 4437 2091 4500 ἀναστάσεως
2127 4436 2320 4506 λόγους
2364 4440 2454 4490 ἐν·

769 4521 964 4577 τεῦθεν
988 4523 1089 4595 ήδη
1110 4522 1505 4593 πιστουμένους
1520 4563 1537 4588 ,
1556 4524 1652 4578 καὶ
1680 4527 1810 4595 παρ’
1826 4526 2009 4589 αὐτοῖς
2040 4528 2154 4589 τοῖς
2180 4525 2451 4590 ἀπίστοις.

846 4610 935 4666 ιθ’.
974 4610 1083 4664 Kal
1112 4612 1195 4665 ὅτι
1223 4611 1284 4664 ού
1310 4611 1518 4681 κόμπος
1553 4611 1726 4666 ταῦτα
1748 4613 1908 4682 δῆλον
1935 4614 2165 4667 ἐκεῖθεν·
2193 4615 2321 4667 ὅταν
2344 4614 2455 4686 γὰρ

776 4698 963 4762 αὐτοῖς
1016 4698 1115 4768 τὴν
1161 4697 1436 4752 πολιτείαν
1494 4698 1744 4770 λέγωμεν
1795 4699 1905 4753 τῶν
1952 4702 2009 4753 ἐν
2063 4704 2183 4765 ταῖς
2228 4703 2456 4772 ἐρήμοις

776 4785 967 4849 ὀντων,
996 4785 1134 4858 πρὸς
1159 4785 1260 4856 μὲν
1283 4786 1490 4856 ταύτην
1512 4785 1664 4840 οὐδὲν
1689 4786 1901 4857 ἔχουσιν
1926 4787 2223 4853 ἀντειπεῖν,
2241 4788 2456 4843 δοκοῦσι

775 4874 835 4929 δὲ
874 4875 1245 4947 ἰσχυρίζεσθαι
1290 4878 1386 4931 καὶ
1434 4878 1759 4949 φιλονεικεῖν
1802 4881 1867 4951 τῇ
1902 4878 2011 4933 τῶν
2040 4880 2458 4952 κατορθούντων

778 4962 1071 5036 ὀλιγότητι.
1103 4966 1166 5017 Εἰ
1186 4965 1243 5018 δέ
1268 4966 1326 5019 ἐν
1361 4970 1484 5030 ταῖς
1507 4967 1693 5021 πόλεσι
1726 4968 1816 5021 τὸν
1843 4966 2056 5040 καρπὸν
2080 4968 2461 5040 ἐφυτεύσαμεν

777 5051 972 5107 τοῦτον
997 5090 1014 5116 ,
1067 5053 1164 5107 καὶ
1212 5052 1377 5124 νόμον
1426 5054 1549 5107 τινὰ
1586 5056 1679 5107 καὶ
1729 5056 1903 5127 ἀρχὴν
1953 5057 2023 5111 τά
2063 5058 2165 5128 τῆς
2209 5058 2458 5124 εὐταξίας

779 5137 941 5194 ἔλαϐε
959 5182 975 5208 ,
1004 5142 1100 5196 καὶ
1146 5142 1274 5206 τοὺς
1300 5142 1500 5206 παῖδας
1529 5143 1636 5216 πρὸ
1662 5143 1771 5196 τῶν
1800 5144 1972 5198 ἄλλων
2010 5146 2265 5200 ἁπάντων
2297 5148 2457 5201 ἐπαι-

779 5228 1006 5301 δεύομεν
1043 5230 1230 5300 φίλους
1266 5225 1407 5284 εἶναι
1436 5230 1514 5302 τῷ
1540 5231 1692 5302 Θεῷ,
1733 5232 1827 5284 καὶ
1864 5232 1933 5285 τά
1980 5232 2325 5305 πνευματικά
2355 5234 2460 5288 ἐδι-

780 5318 1054 5390 δάσκομεν
1092 5319 1395 5390 μαθήματα
1426 5321 1548 5375 ἀντὶ
1567 5321 1676 5374 τῶν
1695 5320 1873 5375 ἀλλων
1899 5322 1997 5375 καὶ
2018 5321 2126 5394 πρὸ
2152 5323 2261 5375 τῶν
2287 5323 2460 5379 ἄλλων

782 5406 1037 5462 ἁπάντων
1059 5448 1075 5470 ,
1116 5408 1297 5462 πάντα
1324 5407 1391 5462 ἂν
1416 5408 1735 5481 ἀπεπήδησε
1776 5410 1849 5463 τά
1885 5411 2105 5482 λυπηρά
2140 5410 2188 5473 ί.
2220 5411 2317 5465 καὶ
2362 5431 2465 5483 μυ-

783 5494 917 5566 ρίων
945 5494 1235 5566 ἀπηλλάγη
1263 5494 1452 5549 κακῶν
1488 5498 1517 5549 ὀ
1550 5496 1661 5566 βίος
1692 5501 1721 5552 ὀ
1750 5498 1942 5571 παρὼν
1962 5540 1976 5563 ,
2010 5500 2106 5553 καὶ
2137 5499 2166 5552 ὃ
2196 5501 2321 5570 περὶ
2364 5503 2459 5571 τῆς

784 5582 1086 5654 μελλούσης
1106 5583 1321 5653 λέγεται
1348 5585 1525 5658 ζωῆς,
1546 5586 1628 5640 ὅτι
1650 5588 1858 5660 ἀπέδρα
1882 5588 2042 5662 ὀδύνη
2074 5589 2169 5643 καὶ
2193 5589 2338 5659 λύπη
2367 5590 2461 5643 καὶ

843 5724 870 5753 ⁸
889 5724 999 5776 Duo
1017 5740 1138 5777 mss.
1159 5726 1348 5784 αὐτούς.

840 5784 1007 5856 δρσο
1032 5802 1150 5838 mss.
1185 5794 1239 5838 et
1260 5788 1409 5856 Savil.
1438 5790 1488 5856 in
1522 5795 1666 5841 textu
1685 5792 1873 5850 τεθῆναι
1896 5791 1976 5840 τὸν
1999 5791 2181 5856 λύχνον.
2213 5792 2381 5842 Morel.
2409 5798 2461 5841 et

782 5846 931 5916 Sayil.
960 5852 1012 5901 in
1034 5864 1188 5914 marg.
1214 5854 1624 5916 τεθῆναιίτὸῌφῶς.

845 5912 869 5978 (ξ
894 5913 1002 5978 Quo
1024 5912 1387 5962 ωδε-τοιοῦτον
1411 5912 1607 5978 ἐροῦμεν
1631 5917 1746 5965 οἷον.

843 5970 871 6010 ἀ
896 5973 1014 6043 Quo
1044 5989 1159 6024 mss.
1184 5984 1237 6025 et
1256 5978 1369 6026 Sav.
1396 5970 1453 6043 ip:
1473 5970 1609 6043 marg
1628 5979 1959 6043 ἀπαλλάξεται.

847 6044 872 6102 ε
894 6035 978 6102 ξῇε
1008 6049 1181 6086 omnes
1203 6044 1386 6099 praeter
1410 6035 1602 6102 Μοτειῗ
1609 6042 1693 6102 qui
1719 6040 1868 6090 habet
1891 6040 2112 6089 ἐπελθεῖν.

846 6096 869 6139 ε
895 6096 977 6161 Sit;
999 6111 1171 6148 omnes
1192 6096 1377 6161 ρηοῑειι
1410 6101 1582 6151 Morel.
1624 6096 1709 6161 Elui
1752 6103 1823 6151 sic
1848 6102 2015 6161 habet,
2049 6103 2268 6151 ἁπάντων
2306 6119 2453 6151 ταντα

786 6159 1105 6221 ἐπαιδεύομεν.
1126 6159 1278 6211 πάντα
1298 6164 1353 6209 ἂν
1380 6159 1653 6219 ἀπεπήδησέ
1678 6165 1731 6211 τὰ
1758 6166 1957 6220 λυπηραὶ.

2040 6684 2329 6694 ..α-μάψ

1517 562 1578 621 S.
1619 560 1907 622 JOANNIS
1945 563 2442 623 CHRYSOSTOMI
2496 562 2819 621 ARCHIEP.
2863 559 3413 622 CONSTANTINOP.

2520 683 2824 753 στεναγμὸς
2844 723 2858 747 ,
2890 681 3141 735 ἐντεῦθεν
3170 681 3234 735 ἂν
3274 676 3717 750 ἐκαρπωσάμεθα
3747 682 3963 749 πάντες.
3998 686 4063 739 Εἰ
4098 684 4212 755 γάρ

2522 772 2660 840 μήτε
2682 771 3011 841 χρημάτων,
3061 772 3199 840 μήτε
3227 768 3383 839 δόξης
3432 768 3571 839 ἔρως
3619 768 3766 836 ἡμᾶς
3793 770 3964 838 εἰσῄει
4007 773 4208 841 κενῆς.

2521 859 2659 926 μήτε
2685 859 2915 913 θάνατον
2945 858 3260 929 ἐδεδίειμεν,
3296 859 3372 928 μὴ
3407 856 3595 910 πενίαν
3617 894 3632 916 ,
3682 854 3757 926 μὴ
3784 855 3845 908 τὸ
3878 859 4064 923 κακῶς
4096 878 4213 915 πει,⁶

2519 943 2632 996 θεῖν
2663 946 2869 1015 βλάϐην
2897 946 3179 1016 ἡγούμεθα
3201 988 3217 1011 ,
3273 946 3411 1000 ἀλλά
3442 947 3537 1000 καὶ
3576 943 3763 1012 κέρδος
3796 942 4051 1012 μέγιστον
4078 988 4095 1010 ,
4129 949 4214 1018 μὴ

2519 1031 2955 1101 ἀπεχθάνεσθαι,
2989 1032 3063 1102 μὴ
3095 1034 3275 1101 μισεῖν
3298 1030 3667 1103 ᾔδειμεν,οῦτ’
3694 1030 3757 1085 ἂν
3786 1030 3890 1083 ύπό
3911 1031 4020 1083 τῶν
4053 1032 4217 1087 ἰδίων

2521 1115 2741 1179 παθῶν,
2766 1114 2878 1168 οὔτ’
2906 1116 2974 1168 ἂν
3006 1117 3111 1168 ὑπὸ
3133 1116 3242 1171 τῶν
3270 1118 3567 1190 ἀλλοτρίων
3597 1114 4013 1187 ἐπολεμήθημέν
4045 1134 4213 1179 παῖε,

2523 1203 2636 1257 ἀλλ’
2666 1203 2845 1256 αὐτῶν
2887 1202 2998 1255 τῶν
3038 1202 3289 1270 ἀγγέλων
3329 1205 3497 1271 ἐγγὺς
3531 1206 3597 1258 ἂν
3652 1206 3716 1258 τὸ
3752 1203 3860 1258 τῶν
3901 1201 4218 1273 ἀνθρώπων

2524 1290 2739 1359 ἐγένετο
2757 1290 2934 1358 γένος.
2972 1288 3122 1361 [Ml]
3158 1289 3269 1341 Kal
3315 1288 3399 1351 τίς
3436 1290 3743 1361 ἀνθρώπων
3777 1291 3948 1345 ταῦτα
3991 1288 4219 1358 κατώρα

2527 1379 2690 1442 θωσε,
2725 1378 2917 1449 φησίν;
2946 1377 3185 1440 Εἰκότως
3215 1377 3467 1439 ἀπιστεῖς
3495 1417 3508 1436 ,
3544 1379 3639 1430 ἆτε
3678 1381 3738 1432 ἐν
3773 1380 3991 1433 πόλεσιν
4016 1376 4215 1441 οἰκῶν,

2529 1466 2625 1519 καὶ
2652 1468 2775 1530 ταῖς
2815 1465 2988 1528 θείαις
3032 1463 3235 1535 βίϐλοις
3282 1462 3381 1533 οὐχ
3421 1461 3750 1533 ὡμιληκώς·
3782 1469 3831 1519 εί
3873 1467 3930 1520 δὲ
3963 1464 4220 1526 καὶτοὺς

2527 1554 2586 1605 ἐν
2609 1556 2733 1616 ταῖς
2783 1554 3008 1623 ἐρήμοις
3048 1552 3237 1616 ὄντας,
3268 1551 3361 1604 καὶ
3400 1550 3526 1612 τοὺς
3555 1551 3612 1602 ἐν
3642 1552 3764 1613 ταῖς
3812 1553 4220 1623 πνευματικαῖς

2529 1639 2734 1709 βίϐλοις
2775 1642 3099 1712 γενομένους
3142 1639 3309 1693 πάλαι
3337 1637 3595 1706 ἐγνώκεις
3619 1675 3635 1698 ,
3667 1636 3870 1706 ἔμαθες
3904 1640 3971 1693 ἂν
4000 1642 4087 1693 ὅτι
4116 1640 4223 1691 καὶ

2526 1728 2577 1779 οἱ
2609 1729 2837 1799 μοναχοὶ
2860 1768 2875 1790 ,
2916 1728 3013 1782 καὶ
3043 1728 3093 1780 οἱ
3130 1728 3236 1799 πρὸ
3275 1726 3480 1780 τούτων
3523 1724 3848 1786 ἀπόστολοι,
3878 1728 3973 1780 καὶ
4004 1730 4055 1781 οἱ
4106 1724 4224 1797 πρὸ

2530 1815 2757 1870 ἐκείνων
2794 1818 2993 1870 δίκαιοι
3037 1816 3177 1885 μετά
3212 1814 3496 1888 ἀκριϐείας
3524 1814 3741 1883 ἀπάσης
3764 1813 3863 1883 τὴν
3892 1813 4224 1883 φιλοσοφίαν

2531 1902 2874 1968 ἐπεδείξαντο
2905 1904 3127 1973 ταύτην.
3150 1905 3271 1957 Ἵνα
3296 1904 3353 1957 δέ
3382 1921 3463 1956 σοι
3488 1902 3563 1973 μὴ
3590 1900 4001 1971 φιλονεικῶμεν,
4028 1902 4223 1973 δῶμεν

2528 1992 2639 2045 τῶν
2674 1992 2942 2062 δευτέρων
2978 1992 3009 2062 ῆ
3059 1992 3261 2064 τρίτων
3288 1994 3383 2045 ἀπ’
3425 1993 3647 2047 ἐκείνων
3674 1989 3928 2059 γενέσθαι
3973 1990 4067 2043 τὸν
4100 1992 4227 2043 υἱὸν

2527 2073 2620 2125 τὸν
2652 2074 2742 2126 σόν
2763 2090 2778 2103 ·
2818 2074 2939 2126 ούδέ
2985 2074 3094 2145 γὰρ
3141 2073 3287 2128 οὕτω
3328 2075 3541 2146 μικρῶν
3573 2072 3937 2128 ἀπολαύσεται
3969 2072 4221 2138 ἀγαθῶν.

2529 2159 2604 2211 Οὐ
2630 2159 2821 2228 φθάνει
2855 2161 2991 2230 πρὸς
3014 2161 3222 2231 Πέτρον
3249 2161 3426 2215 ἐλθεῖν
3451 2203 3466 2223 ,
3495 2162 3617 2215 οὐδὲ
3667 2159 3875 2214 Παῦλον
3897 2198 3912 2222 ,
3946 2158 4061 2212 ἀλλ’
4095 2157 4227 2210 οὐδὲ

2528 2247 2785 2315 γενέσθαι
2812 2249 2994 2304 αὐτῶν
3023 2247 3191 2317 ἐγγύς
3211 2266 3225 2279 ·
3249 2249 3339 2303 διά
3362 2250 3521 2303 τοῦτο
3544 2246 3637 2303 οῦν
3666 2249 3829 2303 αὑτὸν
3849 2249 3945 2301 καὶ
3963 2246 4067 2315 τῆς
4097 2247 4231 2315 μετ’

2531 2334 2773 2399 ἐκείνους
2797 2337 3243 2407 ἀποστερήσομεν
3264 2354 3317 2388 τι
3325 2337 3465 2406 μῆς;
3490 2338 3699 2390 Ταυτδν
3722 2336 3829 2408 γὰρ
3851 2336 4023 2397 ποιεῖς
4042 2332 4227 2385 ταῦτα

2534 2421 2707 2492 λέγων
2728 2464 2742 2489 ,
2784 2424 2861 2486 ὡς
2900 2425 2966 2477 ἂν
3007 2426 3057 2477 εἰ
3084 2424 3269 2492 ἔλεγες
3287 2440 3301 2453 ⁸
3326 2424 3548 2493 Ἐπειδὴ
3581 2424 3726 2477 λίθον
3753 2423 3934 2493 τίμιον
3960 2420 4229 2489 γενέσθαι

2534 2511 2635 2563 οὐκ
2659 2510 2759 2573 ἔνι,
2790 2510 3001 2581 μενέτω
3034 2511 3250 2583 σίδηρος
3272 2510 3372 2572 ῶν,
3403 2511 3503 2564 καὶ
3530 2512 3667 2582 μήτε
3693 2511 3932 2581 ἄργυρος
3950 2506 4226 2577 γενέσθω,

2539 2601 2676 2669 μήτε
2730 2599 2951 2669 χρυσός.

2614 2687 2715 2737 Διὰ
2771 2686 2826 2737 τί
2893 2688 3002 2758 γάρ
3060 2688 3143 2757 μὴ,
3207 2689 3299 2743 καὶ
3357 2690 3413 2741 ἐν
3481 2690 3596 2751 τοῖς
3659 2687 3857 2752 ἔξωθεν
3927 2687 4244 2758 πράγμασι-

2533 2772 2723 2825 τοῦτον
2766 2771 2913 2843 ἔχεις
2947 2774 3039 2826 τὸν
3090 2773 3373 2845 λογισμὸν,
3405 2775 3542 2828 ἀλλά
3589 2774 3681 2827 τὸν
3716 2775 3957 2827 ἐναντίον
4005 2776 4226 2844 τούτῳ;

2534 2858 2644 2912 Kal
2710 2858 2819 2930 γὰρ
2884 2859 2977 2912 ἐπὶ
3029 2859 3203 2928 λόγων
3274 2860 3515 2931 μάθησιν
3574 2862 3806 2929 πέμπων
3860 2863 3922 2925 Β,
3967 2862 4029 2913 ού
4085 2861 4230 2913 πάν-

2533 2961 2640 3008 τως
2681 2946 2843 2999 αὺτὺν
2895 2946 2987 2997 ἐπὶ
3036 2949 3148 3009 τοῖς
3200 2945 3391 3018 ἄκροις
3439 2945 3666 3015 ὀψεσθαι
3718 2946 4054 3017 προσδοκᾷς,
4104 2946 4230 2999 ἀλλ’

2536 3032 2689 3103 ὅμως
2736 3032 2797 3085 οὐ
2841 3032 2930 3087 διὰ
2964 3032 3137 3087 ταῦτα
3186 3034 3423 3101 ἀπάγεις
3454 3033 3553 3103 τῆς
3600 3033 3730 3103 περὶ
3758 3032 3929 3085 ταῦτα
3960 3033 4231 3103 ano-453.3

2539 3117 2677 3171 ἀλλά
2718 3118 2897 3172 πάντα
2928 3118 3160 3190 πληροῖς
3203 3120 3272 3174 τὰ
3304 3120 3455 3191 παρὰ
3498 3119 3730 3181 σαυτοῦ,
3772 3120 4053 3188 ἀγαπητὸν
4084 3115 4233 3171 εἶναι

2541 3206 2798 3276 νομίζων,
2823 3204 2890 3260 ἃν
2914 3207 3165 3277 πέμπτον
3198 3208 3232 3277 ἢ
3259 3207 3484 3260 δέκατον
3511 3206 3621 3260 ἀπὺ
3641 3205 3751 3259 τῶν
3776 3205 4007 3276 πρώτων
4038 3223 4103 3258 συ
4112 3206 4229 3276 μϐῇ

2541 3295 2794 3363 γενέσθαι
2820 3294 2913 3348 τὸν
2939 3295 3056 3347 υίδν
3092 3297 3150 3348 ἐν
3185 3298 3253 3366 τῇ
3289 3294 3399 3348 τῶν
3436 3294 3610 3363 λόγων
3641 3294 3893 3364 δυνάμει.
3926 3294 4038 3347 Kal
4066 3294 4232 3364 βασι⁹

2540 3382 2625 3435 λεῖ
2649 3383 2708 3435 δέ
2741 3382 3129 3453 στρατεύοντες
3153 3383 3181 3422 h
3216 3382 3343 3446 τοὺς
3375 3384 3513 3445 υἱεῖς
3537 3382 3597 3435 οὑ
3628 3381 3848 3444 πάντως
3876 3381 3969 3433 ἐπὶ
4003 3381 4096 3433 τὸν
4118 3380 4234 3432 τῶν

2543 3471 2806 3541 ὑπάρχων
2844 3471 3045 3535 αὐτοὺς
3083 3469 3453 3541 ἀναϐήσεσθαι
3484 3470 3823 3540 προσδοκᾶτε
3857 3468 4078 3539 θρόνον

2541 3558 2690 3628 ὅμως
2744 3557 2805 3611 ού
2845 3556 3227 3611 διακελεύεσθε
3277 3556 3437 3610 λῦσαι
3476 3558 3575 3627 τὴν
3627 3556 3836 3626 ζώνην,
3885 3555 3918 3626 ἢ
3957 3555 4095 3627 μηδὲ
4131 3554 4238 3625 τὴν

2543 3646 2715 3715 ἀρχὴν
2760 3645 3019 3715 ἐπιϐῆναι
3050 3644 3160 3699 τῶν
3214 3644 3501 3714 βασιλείων
3530 3684 3545 3707 ,
3585 3644 3722 3698 ἀλλά
3752 3644 3929 3697 πάντα
3965 3661 4237 3715 πραγμα-

2543 3731 2803 3797 τεύεσθε,
2856 3732 2934 3794 ὡς
2978 3730 3249 3802 μηδέποτε
3299 3730 3498 3794 αὐτοὺς
3541 3734 3639 3802 τῆς
3687 3730 3897 3783 ἐκεῖθεν
3945 3730 4237 3801 διατριϐῆς

2546 3820 2797 3872 ἐκπεσεῖν
2824 3858 2839 3881 ,
2895 3820 3085 3890 ἀρκεῖν
3139 3816 3435 3890 ἡγούμενοι
3491 3817 3551 3870 τὸ
3611 3818 3703 3871 καὶ
3758 3819 3816 3870 ἐν
3870 3820 3982 3880 τοῖς
4040 3818 4236 3888 μέσοις

2545 3905 2981 3976 ἀριθμουμένους
3014 3906 3164 3976 ὀρᾷν.
3212 3906 3372 3968 Τίνος
3420 3901 3514 3959 οῦν
3562 3905 3750 3957 ἕνεκεν
3791 3905 3909 3957 ἐκεῖ
3955 3904 4093 3981 μὲν..
4129 3903 4235 3957 κάν

2552 3992 2627 4065 μὴ
2657 3992 2767 4045 τῶν
2803 3992 3063 4063 μειζόνων
3095 3993 3188 4063 ἐξῇ
3214 3992 3477 4045 λαϐέσθαι
3497 3993 3699 4068 ,ϐμως
3743 3992 3886 4063 ὑπὲρ
3930 3991 4038 4043 τῶν
4072 3990 4235 4043 ἐλατο

2547 4079 2718 4133 τόνων
2744 4078 3010 4132 κόπτεσθε
3040 4079 3136 4132 καὶ
3164 4078 3599 4150 ταλαιπωρεῖσθε
3629 4119 3643 4141 ,
3680 4080 3783 4132 κάν
3816 4077 4027 4141 τούτοις
4067 4077 4235 4130 πάλιν

2548 4168 2650 4238 τῆς
2678 4166 2891 4229 ἐλπίδος
2920 4164 3088 4236 οῦσης
3120 4166 3345 4237 ἀδήλου,
3383 4166 3613 4219 ἐνταῦθα
3645 4166 3703 4219 δὲ
3734 4166 3944 4219 ὀκνεῖτε
3974 4166 4068 4218 καὶ
4101 4166 4237 4217 ἀναι-

2548 4253 2771 4319 δύεσθε;
2817 4255 2940 4308 Ὅτι
2977 4253 3204 4307 ἐκείνων
3240 4254 3339 4324 μὲν
3372 4252 3574 4323 πολλὴν
3603 4252 3757 4322 ἔχετε
3784 4251 3885 4321 τὴν
3912 4251 4232 4320 ἐπιθυμίαν,

2550 4342 2755 4397 τούτων
2782 4343 2838 4397 δὲ
2865 4342 2989 4396 οὐδὲ
3022 4341 3282 4414 βραχεῖαν
3310 4357 3326 4372 ·
3359 4340 3483 4395 εἶτα
3507 4341 3887 4411 αἰσχυνόμενοι
3915 4339 4071 4393 τοῦτο
4098 4342 4237 4409 ὀμο-

2552 4430 2781 4499 λογῆσαι
2832 4428 3062 4500 σκήψεις
3098 4429 3431 4498 ἐπενθήσατε
3466 4428 3561 4482 καὶ
3596 4427 3930 4499 προφάσεις’
3959 4426 4037 4490 ὠς
4087 4428 4143 4480 εῖ
4172 4445 4235 4494 γε

2555 4517 2770 4589 ἀληθῶς
2796 4517 3104 4582 ἐϐούλεσθε,
3129 4517 3282 4571 οὐδὲν
3308 4517 3374 4571 ἂν
3410 4517 3555 4588 ὑμᾶς
3587 4516 3793 4570 τούτων
3825 4515 4088 4571 ἐκώλυσε.
4124 4518 4236 4571 Καὶ

2555 4606 2663 4678 γὰρ
2692 4605 2863 4669 οὕτως
2890 4605 3041 4676 ἔχει’
3068 4606 3190 4659 ὅτου
3228 4624 3313 4669 τις
3340 4606 3407 4660 ἂν
3452 4606 3596 4678 ἐρῶν
3643 4606 3781 4677 τύχη
3820 4606 4089 4677 γνησίως,
4131 4606 4236 4659 κᾶν

2559 4696 2636 4768 μὴ
2679 4693 2775 4747 τοῦ
2806 4694 3007 4757 παντὸς
3032 4733 3046 4753 ,
3081 4693 3215 4764 μηδὲ
3255 4694 3351 4746 τοῦ
3402 4695 3663 4749 ἀνωτάτω
3714 4696 4104 4767 περιγένηται,
4139 4695 4233 4748 τοῦ

2557 4784 2688 4853 γοῦν
2717 4784 2883 4855 μέσου
2904 4824 2919 4849 ,
2962 4782 3163 4853 μᾶλλον
3184 4782 3242 4834 δέ
3266 4783 3359 4835 καί⁵
3385 4782 3479 4836 τοῦ
3508 4786 3625 4853 μετ’
3647 4786 3852 4838 ἐκεῖνον
3883 4785 4144 4855 μυριάκις
4170 4783 4237 4837 ἄν

2559 4874 2733 4928 ἐλοιτο
2779 4875 3081 4943 ἐπιτυχεῖν.
3115 4873 3225 4926 Καὶ
3252 4873 3362 4944 γάρ
3408 4873 3438 4924 ὀ
3489 4874 3725 4944 φίλοινος
3778 4876 3871 4928 καὶ
3919 4873 4235 4944 φιλοπάτης,

2560 4961 2663 5016 κᾶν
2722 4960 2800 5032 μὴ
2824 4959 2917 5013 τὸν
2950 4960 3081 5030 ήδὺν
3114 4960 3208 5015 καὶ
3244 4959 3543 5030 ἀνθοσμίαν
3573 4961 3667 5031 ἐξῇ
3696 4960 3881 5013 λαϐεῖν
3909 4955 4051 5012 οἶνον
4070 5000 4085 5024 ,
4114 4961 4236 5013 οὐδὲ

2560 5048 2654 5101 τοῦ
2681 5047 3013 5116 φαυλοτάτου
3043 5048 3447 5119 καταφρονήσει
3495 5048 3625 5101 ποτέ
3654 5064 3667 5078 °
3698 5046 3795 5099 καὶ
3832 5048 3859 5097 ὀ
3894 5045 4235 5117 φιλοχρήμαο

2560 5154 2652 5200 τος
2677 5136 2838 5190 πάλιν
2863 5174 2876 5198 ,
2905 5134 3006 5189 κᾶν
3040 5135 3115 5206 μὴ
3150 5135 3334 5199 λίθους
3362 5135 3575 5206 τιμίους
3594 5174 3610 5197 ,
3654 5133 3790 5205 μηδέ
3827 5134 4049 5205 χρυσίον
4075 5174 4089 5195 ,
4121 5135 4233 5187 ἀλλ’

2560 5224 2823 5297 ἀργύριον
2846 5224 2994 5296 αὐτῷ
3015 5241 3101 5287 τις
3127 5224 3365 5295 παρέχῃ,
3398 5222 3601 5293 πολλὴν
3627 5222 3829 5275 εἴσεται
3859 5223 4038 5295 χάριν.
4058 5222 4239 5277 T0205-

2561 5331 2651 5369 τον
2678 5312 2785 5386 γάρ
2817 5315 2851 5385 ή
2881 5312 3147 5381 ἐπιθυμία
3172 5304 3197 5376 ,“
3236 5311 3559 5381 τυραννικόν
3589 5328 3642 5364 τι
3678 5313 3910 5383 πρᾶγμα
3937 5311 4032 5364 καὶ
4054 5312 4239 5367 ίκανόν

2564 5406 2747 5456 πεῖσαι
2792 5402 2971 5455 πάντα
3025 5401 3116 5453 τὸν
3165 5399 3395 5464 ἁλόντα,
3431 5399 3587 5472 ὑπὲρ⁴
3634 5399 3854 5453 ὁτουοῦν
3892 5398 3987 5451 καὶ
4042 5400 4232 5455 παθεῖν

2562 5494 2657 5547 καὶ
2688 5493 3008 5562 ὑπομεῖναν
3063 5487 3204 5542 ὥστε
3246 5489 3295 5542 εί
3329 5491 3404 5561 μὴ
3450 5490 3651 5561 σκῆψις
3680 5487 3852 5541 ταῦτα
3894 5488 3963 5542 τά
4014 5490 4232 5561 ῥήματα

2560 5579 2651 5655 ἦν,
2682 5579 3053 5651 συμπράττειν
3086 5578 3254 5650 ἐχρῆν
3280 5580 3374 5633 καὶ
3412 5580 3728 5650 συμπονεῖν.
3767 5575 3874 5630 Τοῦ
3911 5578 4017 5649 γὰρ
4047 5580 4229 5632 ἐπιθυο

2566 5670 2793 5743 μοῦντός
2813 5687 2865 5722 τι
2887 5666 3141 5737 γενέσθαι
3174 5668 3235 5721 ού
3261 5667 3321 5720 τὸ
3352 5666 3605 5736 γενέσθαι
3642 5664 3871 5719 κωλύειν
3898 5669 4070 5731 ἐστὶν,
4099 5667 4233 5721 ἀλλά

2561 5761 2621 5815 τὸ
2654 5758 2834 5813 πάντα
2881 5760 3057 5811 ποιεῖν
3102 5758 3249 5819 ὅπως
3285 5756 3352 5810 ἀν
3383 5754 3611 5823 γένοιτο.
3646 5755 3756 5809 Kal
3787 5755 3894 5830 γάρ
3933 5757 3987 5809 οί
4021 5755 4233 5808 καθιέν-

2562 5867 2653 5912 τες
2713 5849 2793 5912 είς
2839 5848 2965 5911 τοὺς
3031 5845 3434 5917 Ὀλυμπιακοὺς
3474 5842 3693 5912 ἀγῶνας
3718 5886 3731 5910 ,
3787 5845 3991 5907 εἰδότες
4040 5846 4124 5897 ὅτι
4177 5847 4233 5898 ἐν

2625 5974 2650 6011 Β
2674 5971 2783 6023 Duo
2806 5985 2918 6020 mss.
2945 5972 3189 6033 μαθήμασι
3208 5984 3357 6029 πεμπ.
3384 5965 3493 6015 Mox
3530 5981 3654 6033 [lpus
3668 5966 4091 6033 axpmcﬁ‘yaq‘lac:
4116 5964 4237 6017 Iura

2563 6048 2736 6084 nmnes
2755 6028 2968 6095 πέμπτον
2990 6036 3020 6090 ἢ
3066 6028 3281 6090 δέκατον,
3311 6034 3491 6092 praeter
3529 6030 3702 6080 Morel.
3744 6028 3829 6090 ἱιιιι
3850 6028 4002 6076 habet
4019 6028 4231 6087 πέμπτον

2566 6102 2619 6145 ἀν
2643 6099 2857 6146 δέκατον.

2633 6159 2660 6198 ιι
2684 6157 3018 6223 ιτς,ατει;οςιε,ετ
3065 6155 3348 6218 [.Pgondum
3384 6156 3577 6206 ndelur
3600 6151 3949 6216 στρασιῦοντας-
3978 6148 4113 6201 Elm-
