4532 6728
470 593 573 648 381

468 701 733 773 proﬁcisci
756 710 1006 775 poterunt
1035 720 1053 759 :
1076 705 1220 774 ipsos
1238 703 1512 766 adeamus,
1538 702 1746 758 illorum
1769 702 2043 760 consortio

469 802 523 847 et
547 792 813 865 colloquio
834 795 1094 849 fruamur.
1126 794 1260 847 Hinc
1280 793 1435 848 nobis
1462 793 1647 864 ingens
1670 794 1898 859 lucrum,
1928 807 2045 846 ma-

469 898 677 952 gnaque
704 885 950 955 voluptas
988 883 1178 938 aderit.
1208 883 1324 939 Non
1354 885 1497 940 enim
1526 897 1810 955 conspectu
1840 894 2048 940 tantum

470 976 864 1031 carissimorum
893 976 1120 1030 ﬁliorum
1146 976 1472 1041 lmtabimur;
1504 978 1598 1032 sed
1628 979 1727 1048 ipsi
1754 980 2047 1034 maximum

471 1070 645 1138 adepti
692 1070 945 1133 fructum,
992 1068 1210 1123 domum
1251 1071 1543 1125 redibimus
1575 1088 1590 1123 :
1623 1086 1859 1140 persaepe
1888 1070 2048 1124 etiam

472 1174 591 1213 cum
622 1161 727 1214 illis
752 1159 1106 1219 manebimus,
1133 1161 1482 1231 philosophire
1508 1176 1688 1218 amore
1711 1163 1875 1232 capti.
1904 1162 2053 1215 Tunc

474 1250 633 1319 igitur
658 1250 777 1304 illos
798 1263 1130 1313 revocemus,
1155 1266 1274 1305 cum
1299 1252 1439 1305 vires
1469 1252 1605 1303 nacti
1627 1262 1801 1315 erunt,
1829 1252 2055 1319 aliisque

475 1338 731 1409 prodesse
779 1346 1025 1406 poterunt
1074 1358 1087 1394 :
1138 1349 1263 1394 tunc
1312 1341 1430 1394 illos
1477 1341 1830 1407 retrahamus,
1882 1344 1952 1394 ita
1997 1349 2056 1392 ut

477 1428 775 1484 communis
797 1428 885 1481 lux
912 1427 1019 1493 fiat,
1048 1441 1099 1485 et
1126 1431 1340 1485 lucerna
1367 1440 1594 1499 ponatur
1614 1446 1770 1500 supra
1798 1430 2055 1484 candela-

479 1518 653 1570 brum.
701 1517 848 1573 Tunc
895 1520 1141 1575 videbitis
1184 1535 1537 1591 quarumnam
1591 1522 1823 1577 filiorum
1879 1529 2057 1589 patres

480 1609 617 1673 sitis,
649 1623 944 1678 quorumve
988 1612 1046 1676 ii,
1088 1626 1223 1680 quos
1271 1625 1414 1665 nunc
1452 1610 1638 1667 beatos
1678 1612 1855 1667 dicitis
1894 1618 2061 1665 :tuuc

481 1700 829 1771 philosophiae
856 1703 1004 1758 lucra
1033 1702 1315 1767 videbitis,
1350 1717 1472 1756 cum
1519 1704 1843 1758 insanabiles
1884 1702 2060 1756 homi-

484 1809 607 1847 num
637 1796 849 1850 morbos
875 1795 1203 1861 curaverint,
1232 1809 1354 1849 cum
1382 1804 1439 1849 ut
1467 1795 1694 1851 benelici
1725 1810 2058 1859 communes,

484 1886 689 1955 patroni
719 1892 775 1940 et
803 1895 1107 1940 servatores
1148 1884 1597 1953 prmdicabuntur,
1628 1901 1749 1940 cum
1796 1894 1852 1939 ut
1888 1884 2062 1954 angeli

485 1990 603 2028 cum
632 1974 935 2029 hominibus
961 1974 1013 2029 in
1046 1975 1200 2029 terris
1226 1976 1525 2030 conversati
1556 1976 1773 2042 fuerint,
1805 1991 1924 2030 cum
1950 1990 2066 2028 om-

486 2064 630 2118 nium
655 2066 898 2120 obtutum
928 2065 981 2119 in
1021 2079 1080 2119 se
1108 2066 1472 2120 converterint
1503 2085 1515 2119 :
1548 2068 1655 2121 imo
1680 2066 1877 2136 potius,
1916 2081 2063 2135 qna:-

486 2174 715 2229 cumque
744 2158 1054 2225 dixerimus,
1084 2156 1217 2212 nihil
1265 2159 1369 2212 tale
1398 2158 1651 2214 exhibere
1686 2169 1879 2229 potest,
1908 2159 2067 2228 quale

489 2250 602 2318 ipsa
631 2251 960 2319 experientia
991 2258 1046 2304 et
1074 2250 1329 2319 operibus
1361 2250 1542 2305 videre
1566 2260 1667 2305 est.
1696 2252 1821 2305 Haec
1852 2251 2065 2319 legisla-

490 2340 694 2394 toribus
715 2341 955 2395 facienda
976 2350 1149 2403 erant,
1174 2342 1218 2395 si
1240 2341 1311 2394 uti
1335 2343 1682 2397 conveniebat
1706 2353 1879 2396 actum
1904 2350 2068 2407 esset,

491 2446 684 2500 nempe
711 2442 771 2485 ut
798 2448 901 2486 non
928 2432 1211 2499 juvenibus
1237 2432 1471 2486 virorum
1502 2442 1711 2486 :rtatem
1748 2432 1954 2502 adeptis
1999 2432 2067 2483 ti-

493 2534 671 2574 mores
687 2523 1010 2587 incuterent;
1031 2522 1125 2577 sed
1146 2537 1261 2587 eos,
1284 2522 1410 2576 dum
1434 2524 1583 2592 pueri
1604 2532 1775 2587 erant,
1796 2523 2075 2576 instituere

494 2619 549 2663 et
578 2610 865 2666 informare
888 2627 1021 2681 Opus
1048 2622 1161 2667 erat
1180 2655 1194 2678 ,
1227 2630 1328 2671 nec
1357 2624 1538 2684 postca
1567 2616 1727 2669 minre
1752 2614 2075 2669 adhibenda:

497 2700 740 2755 fuissent.
768 2702 918 2758 Nunc
943 2714 1117 2759 autem
1144 2706 1245 2761 hoc
1267 2708 1439 2776 ipsum
1462 2706 1654 2776 agitur,
1677 2720 1741 2759 ac
1756 2702 1802 2757 si
1827 2706 1946 2775 quis
1966 2720 2078 2757 me-

496 2790 648 2846 dicus
685 2796 961 2862 (egrotanti
1010 2796 1140 2850 nihil
1183 2797 1343 2864 dicat,
1371 2813 1473 2853 nec
1499 2797 1748 2854 ostendat
1766 2815 1874 2867 quo
1920 2805 2076 2865 pacto

497 2882 764 2937 curandus
792 2884 863 2938 sit
884 2885 1123 2950 morbus,
1144 2886 1413 2955 deplorata
1435 2896 1614 2943 autem
1637 2886 1963 2951 valetudine,
1991 2886 2075 2938 in-

497 2987 745 3027 numeras
773 2974 1134 3029 remediorum
1166 2977 1308 3045 leges
1334 2986 1550 3031 statuat.
1581 2977 1712 3031 Nam
1743 2976 2078 3046 legislatores

499 3072 623 3117 tunc.
664 3079 761 3117 nos
803 3067 1081 3121 instituere
1111 3068 1510 3136 aggrediuntur,
1549 3083 1669 3122 cum
1704 3069 1810 3136 jam
1843 3066 2079 3136 perversi

498 3166 702 3207 sumus.
727 3154 830 3209 Sed
853 3170 959 3209 non
987 3157 1057 3209 ita
1079 3157 1295 3223 Paulus,
1320 3174 1502 3212 verum
1522 3159 1589 3211 ab
1614 3159 1764 3212 initio
1783 3166 1840 3212 et
1858 3172 1887 3209 a
1910 3157 2081 3226 prima

500 3250 655 3297 aetate
702 3244 982 3313 magistros
1018 3245 1120 3300 illis
1149 3248 1360 3301 virtutis
1400 3248 1641 3316 praeficit.
1685 3248 1825 3300 vitiis
1866 3261 2081 3299 onmem

500 3332 701 3385 aditum
744 3334 1123 3388 intercludens.
1167 3336 1293 3389 H4cc
1330 3337 1529 3405 quippe
1566 3337 1766 3406 optima
1805 3346 1888 3390 est
1924 3335 2085 3388 disci-

504 3424 670 3492 plina,
698 3440 804 3478 non
833 3425 973 3493 prius
1005 3426 1128 3479 vitia
1157 3427 1421 3480 dominari
1451 3428 1628 3481 sinere
1656 3435 1710 3481 et
1735 3434 1916 3496 postea
1941 3440 2084 3494 qnte-

501 3529 646 3581 rere,
673 3530 779 3585 quo
799 3526 958 3586 pacto
986 3517 1075 3571 illa
1100 3518 1362 3573 eliminari
1402 3520 1635 3587 possint,
1666 3519 1761 3573 sed
1791 3519 1971 3572 omnia
2004 3517 2084 3569 fa-

503 3619 629 3659 cere
653 3615 815 3675 atque
839 3607 1037 3673 moliri,
1058 3615 1115 3660 ut
1143 3616 1327 3662 natura
1356 3618 1535 3661 nostra
1568 3609 1820 3678 nequitia:
1851 3609 1920 3661 sit
1946 3610 2089 3661 inac-

506 3710 676 3750 cessa.
710 3698 1067 3765 Quamobrem
1113 3700 1319 3766 hortor,
1364 3716 1467 3754 non
1514 3700 1673 3753 modo
1715 3701 1854 3764 illos,
1897 3700 1985 3769 qui
2034 3698 2083 3751 id

507 3786 681 3842 facere
724 3789 936 3855 vellent,
968 3791 1241 3857 cohibere,
1284 3791 1377 3846 sed
1415 3793 1572 3847 etiam
1609 3792 1754 3861 ipsos
1792 3792 2083 3859 suscipere.

510 3878 759 3948 scapham
792 3881 1023 3949 eripere,
1051 3892 1105 3935 et
1133 3897 1420 3950 procurare
1460 3892 1515 3935 ut
1540 3881 1774 3935 secundo
1799 3889 1958 3935 vento
1987 3895 2085 3934 na-

510 3970 737 4040 vigetur.
771 3969 980 4023 Etenim
1003 3971 1046 4024 si
1079 3971 1219 4025 hanc
1245 3988 1435 4028 omnes
1461 3973 1779 4027 sententiam
1804 3971 2091 4039 amplecte-

514 4075 710 4123 remur,
736 4067 789 4112 et
813 4060 932 4113 aliis
962 4062 1279 4128 posthabitis
1309 4063 1375 4116 ad
1404 4064 1651 4117 virtutem
1683 4078 1777 4117 eos
1805 4062 2095 4117 deducere-

516 4164 651 4209 mus.
684 4148 784 4204 hoc
820 4151 992 4204 solum
1020 4166 1197 4218 opera:
1235 4154 1486 4220 pretium,
1527 4163 1719 4208 cmtera
1751 4169 1877 4209 vero
1917 4155 2092 4207 omnia

516 4239 777 4295 adscititia
823 4256 943 4296 esse
983 4242 1321 4307 arbitrantes,
1371 4252 1513 4296 tanta
1559 4244 1682 4297 hinc
1725 4245 2098 4313 contingerent

520 4335 680 4398 bona,
704 4345 897 4403 quanta
924 4336 967 4390 si
998 4352 1138 4391 nunc
1163 4336 1367 4399 dicam,
1391 4337 1645 4405 jactantis
1672 4352 1818 4391 more
1841 4338 1982 4406 loqui
2012 4338 2095 4389 vi-

520 4426 669 4482 dear.
694 4427 749 4482 Si
775 4430 892 4498 quis
917 4439 1092 4483 autem
1121 4431 1257 4483 scire
1281 4430 1479 4497 cupiat,
1504 4445 1568 4484 ex
1593 4430 1748 4483 rebus
1776 4430 1903 4498 ipsis
1933 4430 2095 4498 probe

521 4528 829 4587 cognoscet,
876 4520 1225 4589 ingentesque
1271 4521 1425 4575 nobis
1461 4520 1657 4589 gratias
1698 4520 1933 4584 habebit,
1982 4520 2098 4572 lon-

522 4625 691 4679 geque
715 4611 947 4678 majores
976 4613 1103 4678 Deo,
1128 4628 1247 4667 cum
1275 4614 1462 4668 viderit
1483 4613 1643 4667 vitam
1667 4613 1809 4667 illam
1831 4613 2098 4667 caelestem

525 4703 579 4755 in
611 4711 751 4756 terra
778 4705 1187 4772 germinantem,
1211 4706 1615 4775 doctrinamque
1644 4706 1710 4761 de
1732 4706 1919 4759 futuris
1948 4705 2102 4759 bonis

526 4807 590 4847 ac
633 4792 701 4847 de
742 4793 1133 4848 resurrectione
1174 4795 1258 4848 vel
1295 4796 1437 4864 apud
1481 4797 1627 4865 ipsos
1672 4796 1913 4850 infideles
1960 4794 2106 4851 obti-

529 4901 631 4942 nen
637 4894 741 4940 tem
751 4925 764 4939 .

602 4980 691 5035 l9.
723 4978 872 5048 Quod
896 4986 1069 5033 autem
1093 4978 1205 5033 hrec
1233 4978 1621 5047 nonjaetantite
1644 4981 1802 5035 verba
1824 4980 1949 5044 sint,
1977 4979 2106 5034 inde

532 5069 789 5140 liquidum
834 5081 949 5135 est,
991 5069 1131 5140 quod
1171 5085 1291 5123 Clllll
1324 5070 1450 5139 ipsis
1479 5070 1637 5124 vitam
1679 5086 1864 5124 eorum
1884 5113 1900 5135 ,
1930 5071 2020 5141 qui
2050 5071 2104 5125 in

533 5160 763 5217 desertis
790 5172 1091 5230 versantur,
1133 5177 1474 5229 enarramus,
1524 5164 1590 5217 ad
1634 5163 1750 5219 haec
1794 5162 1924 5217 nihil
1967 5162 2106 5233 quod

536 5255 788 5323 objiciunt
808 5255 1021 5319 habent,
1052 5254 1142 5310 sed
1166 5256 1367 5311 fortiter
1393 5264 1688 5324 repugnant
1714 5263 1767 5309 et
1786 5254 2113 5309 contendunt

538 5347 676 5401 circa
704 5348 1021 5416 paucitatem
1046 5364 1250 5414 eorum,
1273 5347 1359 5418 qui
1388 5348 1457 5401 ita
1481 5346 1713 5416 perfecte
1734 5362 1792 5401 se
1815 5359 2024 5417 gerunt.
2054 5349 2110 5407 Si

544 5451 667 5489 vero
710 5439 762 5491 in
803 5439 1022 5494 urbibus
1066 5440 1205 5494 hunc
1234 5440 1463 5494 fructum
1502 5454 1835 5509 sereremus,
1870 5441 2117 5512 bonaque

539 5526 818 5597 δῖεείριῖιη
850 5543 905 5596 et
922 5534 1089 5610 legem
1112 5548 1165 5594 et
1192 5540 1397 5592 initium
1420 5540 1703 5609 acciperet,
1730 5537 1969 5607 ﬁliosque
1992 5548 2117 5592 ante

543 5626 719 5679 omnia
746 5644 1086 5687 moneremus
1112 5641 1168 5686 ut
1195 5630 1307 5685 Deo
1346 5631 1502 5684 amici
1536 5630 1755 5696 tierent,
1789 5630 2118 5700 spirituales-

545 5733 647 5785 qne
666 5717 976 5788 disciplinas
1006 5725 1119 5779 vice
1141 5721 1376 5778 omnium
1401 5729 1455 5775 et
1473 5730 1597 5774 ante
1616 5735 1803 5777 omnes
1823 5722 1954 5775 alias
1979 5721 2121 5791 ipsos

547 5812 893 5877 doceremus,
939 5816 1110 5870 tristia
1156 5824 1343 5872 cuneta
1386 5812 1767 5880 abscederent,
1803 5815 2125 5870 innumeris-

551 5920 654 5977 que
676 5905 831 5960 malis
854 5905 961 5959 vita
989 5922 1227 5977 praesens
1251 5907 1565 5979 eriperetur,
1592 5921 1653 5962 ac
1673 5908 1814 5977 quod
1848 5908 1916 5963 de
1954 5908 2126 5963 futura

559 6001 766 6067 licitur,
795 6014 987 6071 nempe
1014 6000 1283 6070 aufugisse
1306 6004 1563 6069 dolorem,
1596 6002 1862 6057 tristitiam
1883 6010 1939 6056 et
1960 6004 2128 6072 gemi-

1211 589 1570 649 ADVERSUS
1603 589 2150 649 OPPUGNATORES
2187 593 2371 651 ΠΤᾸΞ
2409 592 2701 651 MONAST.
2741 592 2871 650 LIB.
2912 593 3002 650 Ill.

3623 601 3731 656 3δῖ

2150 713 2259 760 tum
2280 750 2295 772 ,
2324 705 2450 762 hinc
2478 706 2657 776 utique
2692 721 3144 777 consequeremur
3165 724 3370 765 omnes.
3397 709 3528 765 Nam
3553 714 3597 767 si
3623 730 3722 770 nec

2150 799 2528 866 pecuniarum,
2572 813 2671 854 nec
2709 800 2882 854 inanis
2909 798 3090 867 gloria:
3113 798 3305 869 cupido
3345 817 3445 855 nos
3486 811 3724 869 teneret,

2149 905 2322 959 neque
2352 898 2575 943 mortem
2617 890 2923 945 timeremus
2943 930 2959 953 ,
3002 904 3176 958 neque
3201 900 3561 961 paupertatem
3583 930 3598 956 ,
3632 905 3731 945 nec

2150 995 2416 1034 a‘rumnas
2449 979 2698 1034 damnum
2738 980 3145 1044 arbitraremur,
3186 979 3278 1033 sed
3310 982 3515 1035 lucrum
3559 978 3732 1033 maxi-

2151 1086 2317 1134 mum,
2350 1084 2459 1123 non
2487 1069 2779 1132 inimicitia,
2812 1084 2918 1124 non
2948 1068 3072 1123 odio
3100 1069 3342 1137 persequi
3372 1068 3711 1123 novissemus

2154 1177 2257 1215 non
2279 1161 2507 1230 propriis
2525 1176 2794 1228 umquam,
2813 1177 2916 1215 non
2943 1162 3131 1216 alienis
3151 1162 3310 1215 animi
3332 1160 3735 1230 mgritudinibus

2155 1267 2598 1323 expugnaremur,
2631 1252 2726 1308 sed
2771 1252 3055 1309 humanum
3098 1270 3266 1324 genus
3303 1255 3507 1324 angelis
3549 1253 3734 1323 proxi-

2157 1360 2299 1398 mum
2325 1352 2490 1399 esset.
2522 1342 2713 1413 Ecquis
2740 1343 3032 1407 hominum,
3066 1345 3291 1414 inquies,
3320 1346 3457 1398 hanc
3482 1358 3595 1397 rem
3627 1352 3736 1396 tam

2158 1436 2410 1503 praeclare
2436 1434 2640 1504 gessit?
2666 1433 2795 1489 Jure
2825 1449 2929 1487 non
2960 1434 3157 1500 credis,
3189 1442 3373 1502 utpote
3397 1435 3485 1502 qui
3512 1432 3564 1485 in
3589 1431 3741 1485 urbi-

2160 1524 2256 1579 bus
2284 1525 2509 1591 habites,
2536 1535 2592 1580 et
2610 1526 2819 1580 divinos
2846 1526 3012 1581 libros
3034 1540 3143 1579 non
3171 1524 3379 1595 legeris.
3402 1522 3554 1589 Quod
3580 1522 3624 1576 si
3645 1536 3743 1577 eos

2161 1615 2252 1683 qui
2281 1617 2331 1669 in
2358 1616 2584 1671 desertis
2612 1626 2911 1680 versantur,
2944 1625 3000 1672 et
3031 1630 3124 1670 eos
3152 1616 3241 1686 qui
3288 1616 3338 1668 in
3378 1613 3743 1683 spiritualibus

2165 1705 2312 1758 libris
2341 1714 2704 1759 memorantur
2728 1720 2935 1770 nosses,
2966 1706 3241 1778 didicisses
3266 1704 3446 1773 utique
3469 1711 3524 1758 et
3552 1716 3742 1757 mona-

2165 1795 2296 1848 chos
2318 1803 2372 1849 et
2396 1796 2563 1863 prius,
2591 1810 2748 1865 quam
2780 1795 2889 1857 illi,
2918 1796 3206 1865 apostolos,
3237 1804 3346 1849 tum
3374 1795 3531 1849 etiam
3546 1794 3742 1863 justos,

2166 1887 2254 1955 qui
2294 1888 2565 1956 apostolos
2604 1893 3025 1956 praecesserunt,
3070 1900 3275 1939 summa
3319 1899 3440 1939 cum
3476 1882 3744 1952 diligentia

2168 1979 2304 2031 hanc
2347 1977 2512 2044 ipsam
2558 1976 2944 2046 phil050phiam
2985 1975 3311 2031 exhibuisse.
3357 1973 3597 2029 Vitandaa
3621 1987 3749 2042 ergo

2168 2068 2275 2121 litis
2301 2082 2458 2121 causa
2479 2109 2495 2133 ,
2540 2067 2730 2121 demus
2772 2066 2936 2119 lilium
2977 2075 3125 2120 tuum
3152 2064 3387 2120 secundo
3426 2064 3654 2118 tertiove
3682 2062 3754 2114 ab

2169 2158 2273 2212 illis
2297 2157 2464 2228 gradu
2491 2156 2722 2211 futurum
2750 2174 2765 2212 :
2793 2172 2900 2211 non
2919 2156 3124 2225 exiguis
3144 2166 3319 2209 tamen
3346 2153 3551 2208 fruetur
3573 2153 3749 2207 bonis.

2168 2249 2283 2304 Non
2314 2250 2380 2304 ad
2411 2250 2657 2316 Petrum,
2703 2264 2810 2303 non
2855 2249 2921 2302 ad
2952 2248 3174 2302 Paulum
3204 2247 3459 2315 attinget,
3502 2246 3610 2299 imo
3651 2259 3751 2299 nec

2170 2343 2414 2413 proxime
2438 2343 2502 2396 ad
2524 2358 2619 2397 eos
2640 2342 2889 2407 accedet;
2919 2357 3043 2395 num
3072 2341 3194 2395 ideo
3215 2340 3362 2393 illum
3387 2355 3418 2394 a
3438 2336 3753 2407 posterioris

2173 2434 2368 2505 gradus
2392 2433 2595 2487 honore
2621 2432 2979 2499 privabimus?
3010 2432 3241 2499 ldipsum
3271 2430 3401 2484 facis
3422 2427 3542 2483 haec
3575 2426 3757 2498 profe-

2178 2539 2330 2591 rens,
2358 2538 2423 2578 ac
2452 2525 2496 2576 si
2528 2524 2597 2576 ita
2628 2522 2959 2591 loquereris:
2988 2520 3121 2589 Quia
3147 2536 3251 2575 non
3284 2528 3456 2590 potest
3481 2519 3592 2574 fieri
3620 2518 3759 2587 lapis

2178 2617 2443 2686 pretiosus
2461 2655 2478 2680 ,
2509 2622 2722 2668 maneat
2745 2613 2941 2669 ferrum
2961 2654 2978 2680 ,
3008 2627 3107 2668 nec
3141 2621 3414 2682 argentum
3444 2624 3543 2665 nec
3567 2623 3757 2663 aurum

2178 2706 2457 2760 efficiatur.

2250 2794 2372 2849 Non
2416 2812 2585 2849 omnes
2622 2810 2911 2865 supremum
2949 2793 3145 2847 virtutis
3188 2792 3446 2863 fastigium
3482 2807 3763 2861 assequun-

2179 2895 2282 2939 tur.
2312 2913 2385 2925 —
2410 2884 2521 2939 Cur
2545 2885 2599 2939 in
2642 2885 2880 2939 externis
2917 2883 3078 2938 rebus
3107 2898 3212 2937 non
3252 2882 3443 2937 eodem
3473 2882 3634 2937 uteris
3677 2897 3766 2937 ra-

2181 2977 2421 3042 tiocinio,
2457 2975 2553 3031 sed
2580 2990 2799 3044 prorsus
2836 2975 3141 3030 contrario?
3166 2973 3297 3028 Nam
3331 2988 3452 3027 cum
3490 2972 3558 3027 ad
3585 2972 3766 3027 litera-

2181 3085 2300 3124 rum
2323 3069 2655 3138 disciplinam
2682 3068 2864 3131 mittis,
2889 3082 2997 3122 non
3022 3067 3170 3121 illum
3194 3065 3261 3119 ad
3283 3079 3592 3134 supremum
3616 3062 3769 3117 fasti.

2184 3161 2326 3229 gium
2358 3174 2475 3215 esse
2499 3173 2841 3213 ascensurnm
2867 3166 3149 3226 exspectas
3168 3198 3185 3222 ,
3220 3170 3320 3210 nec
3345 3165 3521 3211 tamen
3549 3154 3671 3209 ideo
3698 3153 3770 3207 ab

2187 3249 2288 3303 hoc
2325 3249 2500 3303 studio
2546 3248 2810 3313 retrahis,
2856 3246 2954 3301 sed
2983 3247 3161 3301 omnia
3206 3260 3325 3315 qua:
3352 3259 3521 3315 penes
3566 3252 3617 3298 te
3642 3250 3771 3297 sunt

2186 3350 2438 3412 praestas,
2472 3339 2711 3409 satisque
2735 3353 2856 3392 esse
2885 3346 3037 3407 putas
3064 3338 3107 3390 si
3148 3337 3211 3390 ad
3244 3336 3485 3405 quintum
3513 3334 3598 3389 vel
3617 3334 3769 3388 deci-

2191 3450 2333 3487 mqu
2361 3449 2393 3487 a
2422 3433 2593 3501 primo
2618 3432 2935 3501 eloquentia:
2972 3428 3194 3499 gradum
3240 3429 3376 3481 filius
3400 3436 3523 3481 tuus
3559 3426 3766 3494 pertin-

2190 3539 2318 3593 gere
2357 3523 2543 3591 possit.
2584 3520 2822 3590 Cumque
2845 3519 2935 3572 filii
2964 3519 3125 3574 vestri
3157 3516 3469 3587 Imperatori
3500 3516 3771 3580 militant,

2193 3632 2299 3670 non
2326 3629 2539 3681 semper
2557 3612 2622 3667 ad
2650 3610 3018 3682 praefectorum
3040 3608 3262 3677 gradum
3287 3607 3432 3675 ipsos
3454 3618 3776 3660 ascensurus

2191 3721 2313 3761 esse
2350 3705 2579 3774 putatis,
2620 3717 2719 3756 nec
2758 3711 2933 3755 tamen
2968 3698 3167 3768 jnbetis
3192 3697 3461 3767 deponere
3505 3693 3773 3753 balteum,

2192 3812 2363 3865 neque
2392 3796 2457 3847 ad
2489 3794 2648 3862 regiae
2675 3792 2857 3845 limina
2882 3789 3138 3845 accedere
3162 3787 3457 3857 prohibetis
3475 3828 3492 3853 ,
3517 3785 3612 3840 sed
3640 3784 3773 3839 nihil

2194 3906 2299 3942 non
2323 3888 2498 3957 agitis,
2527 3898 2582 3939 ut
2610 3900 2676 3938 ne
2706 3884 2814 3938 illic
2840 3883 3044 3938 versari
3070 3896 3316 3951 umquam
3347 3880 3613 3943 desinant,
3644 3878 3776 3934 satis

2196 3996 2316 4035 esse
2345 3988 2612 4048 putantes,
2643 3977 2686 4029 si
2716 3991 2809 4029 eos
2838 3975 3014 4029 medio
3039 3974 3091 4028 in
3119 3974 3237 4027 loco
3264 3971 3452 4042 positis
3477 3984 3775 4025 connumeo

2200 4069 2306 4124 rari
2345 4069 2587 4123 videatis.
2633 4066 2769 4133 Quid
2796 4080 2971 4120 causa:
3000 4074 3083 4118 est
3118 4064 3295 4133 igitur,
3323 4061 3463 4132 quod
3505 4060 3614 4115 illic
3653 4060 3778 4130 qui-

2200 4162 2345 4219 dem.
2376 4160 2583 4213 etiamsi
2610 4159 2812 4226 majora
2842 4154 3099 4225 consequi
3129 4169 3236 4209 non
3270 4154 3446 4216 liceat,
3474 4166 3573 4222 pro
3599 4152 3777 4205 mino-

2202 4254 2350 4305 rihns
2379 4260 2553 4303 tamen
2582 4247 2929 4318 assequendis
2954 4246 3239 4309 laboratis,
3272 4245 3371 4299 etsi
3406 4258 3501 4313 pro
3524 4242 3607 4298 his
3643 4257 3781 4312 quo-

2200 4357 2304 4410 que
2328 4356 2452 4410 spes
2480 4341 2548 4393 sit
2572 4339 2729 4394 dubia
2749 4380 2764 4403 ,
2798 4338 2883 4392 hic
2912 4352 3038 4391 vero
3066 4350 3255 4404 segnes
3284 4335 3412 4389 estis
3430 4348 3495 4387 ac
3519 4332 3786 4387 delieitis?

2201 4435 2331 4501 Quia
2360 4448 2553 4500 nempe
2594 4432 2806 4485 illorum
2837 4444 3027 4498 magno
3053 4427 3317 4482 desiderio
3356 4424 3611 4481 tenemini
3634 4465 3649 4487 ,
3682 4425 3784 4477 ho-

2202 4540 2318 4576 rum
2345 4536 2472 4576 vero
2502 4536 2568 4575 ne
2596 4534 2848 4591 perquam
2874 4517 3093 4572 minimo
3119 4535 3133 4570 :
3160 4515 3355 4572 deinde
3381 4515 3505 4583 quia
3533 4514 3585 4567 id
3613 4514 3790 4569 conli-

2206 4615 2303 4669 teri
2332 4613 2680 4678 erubescitis,
2721 4610 3034 4666 occasiones
3058 4616 3115 4664 et
3151 4607 3403 4662 obtentus
3431 4606 3746 4675 excogitatis
3772 4622 3787 4658 :

2210 4707 2386 4775 itaque
2413 4706 2459 4759 si
2485 4703 2614 4758 illud
2632 4705 2788 4774 plane
2816 4702 3045 4765 velletis,
3074 4700 3205 4754 nihil
3226 4713 3412 4755 eorum
3444 4698 3595 4752 vobis
3621 4698 3794 4765 impc—

2210 4797 2445 4851 dimento
2474 4804 2637 4851 esset.
2665 4794 2742 4849 lta
2768 4794 2909 4849 enim
2937 4807 3021 4846 res
3047 4806 3106 4846 se
3144 4790 3303 4843 habet
3327 4806 3341 4839 :
3371 4788 3418 4843 si
3442 4788 3561 4856 quis
3588 4786 3788 4856 aliquid

2210 4904 2338 4943 vere
2374 4896 2547 4949 amet,
2593 4887 2716 4940 licet
2754 4900 2858 4939 non
2888 4892 3081 4945 totum,
3115 4893 3214 4935 nec
3238 4892 3502 4933 summum
3530 4877 3791 4947 consequi

2214 4982 2399 5051 possit,
2428 4980 2507 5033 vel
2536 4979 2764 5032 medium
2784 5018 2799 5043 ,
2828 4973 2909 5030 vel
2934 4972 3156 5044 gradum
3180 4972 3344 5028 etiam
3373 4971 3530 5040 longe
3558 4968 3788 5025 inferio-

2213 5088 2323 5125 rem
2356 5068 2593 5125 nancisci
2624 5074 2884 5138 peroptat.
2912 5064 3045 5119 Nam
3070 5065 3161 5137 qui
3188 5064 3313 5119 vino
3334 5072 3391 5119 et
3416 5062 3623 5133 poculis
3643 5060 3797 5116 dedi-

2215 5174 2299 5221 tus
2329 5174 2410 5220 est
2428 5206 2443 5230 ,
2472 5162 2682 5218 etiamsi
2710 5161 2967 5230 optimum
2996 5170 3050 5216 et
3078 5158 3453 5215 suavissimum
3479 5156 3658 5210 vinum
3701 5153 3799 5207 ha-

2218 5259 2344 5314 bere
2364 5274 2468 5312 non
2496 5256 2693 5322 valeat,
2711 5270 2779 5310 ne
2802 5252 2853 5309 id
2872 5252 3086 5324 quidem
3108 5250 3247 5322 quod
3270 5250 3424 5304 vilius
3441 5257 3526 5303 est
3546 5260 3796 5314 umquam

2220 5362 2548 5409 contemnet.
2581 5351 2811 5406 Rursum
2836 5362 3058 5410 avarus,
3093 5344 3297 5399 etiamsi
3326 5356 3423 5397 nec
3448 5340 3650 5407 lapides
3679 5355 3803 5407 pre-

2224 5449 2429 5514 tiosos,
2471 5459 2573 5499 nec
2614 5458 2834 5504 aurum,
2862 5439 2955 5495 sed
2998 5444 3274 5507 argentum
3320 5432 3657 5488 solunnuodo
3685 5432 3805 5501 quis

2225 5540 2491 5609 pr:ebeat,
2533 5550 2769 5592 summas
2811 5534 2883 5587 illi
2910 5532 3107 5601 gratias
3150 5528 3386 5584 habebit.
3416 5526 3566 5583 Talis
3609 5541 3697 5583 res
3724 5534 3808 5579 est

2225 5629 2685 5700 concupiscentia,
2714 5625 2847 5679 adeo
2885 5622 3189 5688 tyrannica,
3236 5629 3296 5674 ut
3321 5619 3407 5682 ei,
3440 5634 3599 5690 quem
3639 5615 3805 5672 semel

2227 5725 2458 5794 ceperit,
2487 5720 2663 5775 omnia
2699 5718 2805 5789 pati
2834 5725 2889 5773 et
2924 5715 3193 5772 sustinere
3217 5713 3476 5769 suadeat:
3511 5712 3581 5765 ita
3612 5718 3667 5763 ut
3695 5708 3807 5760 hmc

2228 5816 2421 5881 verba,
2452 5814 2497 5868 si
2525 5828 2631 5867 non
2666 5810 2915 5867 simulate
2939 5816 3145 5863 tantum
3176 5804 3592 5879 prmtendantur,
3629 5810 3811 5869 postu-

2232 5908 2341 5963 lent
2367 5914 2427 5961 ut
2449 5905 2568 5974 quis
2592 5912 2912 5973 cooperetur
2948 5910 3003 5958 et
3030 5901 3267 5955 laborem
3312 5896 3483 5951 adeat.
3516 5893 3646 5962 Ejus
3668 5890 3813 5945 enim

2238 6008 2338 6065 est,
2376 5997 2466 6070 qui
2491 5997 2689 6067 aliquid
2714 5996 3059 6067 concupiscit,
3088 6008 3192 6049 non
3236 5988 3496 6062 impedire
3528 5983 3818 6055 quominus
