4532 6796
733 570 841 626 333

733 689 857 752 ﬁat,
887 684 982 742 sed
1011 696 1067 742 ut
1106 687 1196 742 ﬁat
1222 688 1402 742 omnia
1431 688 1629 743 moliri.
1658 686 1869 740 Etenim
1910 688 2000 754 qui
2040 686 2107 740 ad
2130 683 2286 753 Olym

732 778 851 847 pica
878 780 1172 833 certamina
1202 777 1556 844 descendunt,
1585 776 1685 832 etsi
1704 778 1876 831 sciant
1902 792 2061 831 unum
2083 792 2146 829 ex
2172 782 2314 827 tanta

732 868 1073 922 multitudine
1100 871 1361 924 victorem
1392 870 1527 936 fore,
1560 869 1802 923 laborant
1838 876 2017 925 tamen
2046 876 2205 936 atque
2231 864 2313 918 fa-

733 959 964 1025 ligantur
988 974 1001 1010 :
1029 961 1239 1013 tametsi
1269 960 1354 1014 hic
1372 970 1530 1030 atque
1554 961 1660 1013 illic
1678 974 1783 1013 non
1805 975 1904 1029 par
1925 962 2060 1015 ratio
2082 967 2183 1023 est,
2207 971 2313 1010 non

730 1066 751 1087 ς
782 1050 906 1102 lum
939 1050 1008 1103 oh
1034 1055 1384 1105 ct-rlatttittttm
1410 1053 1589 1113 ﬁnem,
1614 1051 1707 1105 sed
1730 1052 1893 1106 etiam
1920 1053 2060 1122 quod
2090 1051 2197 1106 illic
2222 1063 2316 1103 ne-

729 1168 735 1174 -
764 1158 882 1190 -.-.~:-a-
915 1142 971 1188 εἰ·
1010 1161 1019 1185 ι
1065 1160 1169 1192 ιιιιη
1198 1144 1465 1197 dumtaxat
1510 1153 1827 1198 coronatum
1865 1145 2047 1211 abire,
2078 1143 2164 1197 hic
2189 1154 2315 1195 vero

736 1245 829 1295 trra
849 1256 890 1277 εκ
936 1262 941 1275 ι
985 1233 1087 1282 miro
1120 1244 1173 1283 et
1200 1231 1420 1285 inl‘crior
1445 1234 1684 1289 conditio
1713 1250 1818 1289 non
1860 1235 1912 1289 in
1937 1250 2003 1289 eo
2031 1233 2146 1287 sita:
2171 1232 2311 1296 sint,

734 1323 871 1388 quod
902 1323 1037 1374 ςιέιυι·
1062 1340 1166 1375 ηειιι
1209 1340 1520 1393 coronatos,
1549 1328 1685 1381 alter
1712 1337 1998 1382 coronatus
2024 1321 2311 1386 abscedat,

732 1411 827 1465 sed
867 1412 1005 1480 quod
1032 1415 1169 1468 alius
1196 1418 1611 1482 splendidiorem
1631 1458 1646 1483 ,
1686 1419 1822 1472 alius
1860 1418 2116 1470 minorem
2143 1413 2317 1468 accla-

735 1503 1022 1557 mationem
1046 1506 1301 1567 obtineat,
1336 1508 1430 1561 sed
1463 1518 1638 1561 tamen
1665 1522 1852 1561 omnes
1877 1507 2186 1560 sortiantur.
2214 1504 2312 1558 De-

735 1597 898 1664 nique
926 1596 970 1648 si
998 1596 1255 1650 vellemus
1278 1612 1307 1649 a
1338 1598 1596 1668 principio
1620 1598 1907 1652 informare
1934 1598 2092 1659 lilios,
2114 1606 2170 1653 et
2193 1597 2320 1651 edu-

733 1699 860 1740 care
882 1686 1216 1755 cupientibus
1238 1688 1468 1751 tradere,
1494 1690 1608 1744 ﬁeri
1634 1703 1764 1745 sane
1784 1700 1966 1761 posset
1988 1690 2119 1745 utin
2146 1688 2319 1759 primo

731 1784 1030 1830 castrorum
1061 1787 1266 1832 starent
1302 1780 1526 1845 ordine;
1569 1797 1742 1852 neque
1770 1784 1913 1837 enim
1958 1783 2097 1837 Deus
2120 1791 2320 1837 tantam

730 1870 894 1923 animi
932 1870 1298 1939 alacritatem,
1347 1882 1550 1928 tantum
1590 1874 1826 1929 studium
1870 1884 2182 1944 sperneret,
2227 1874 2320 1928 sed

732 1975 950 2015 manum
973 1962 1289 2031 porrigeret,
1323 1964 1642 2032 imaginiqne
1666 1963 1956 2016 formandzn
1978 1978 2196 2031 operam
2221 1962 2320 2016 da-

733 2059 858 2105 ret:
887 2051 977 2104 illa
1003 2068 1130 2106 vero
1159 2062 1414 2120 operante
1456 2068 1650 2114 manu,
1698 2052 1812 2107 ﬁeri
1856 2054 2044 2123 nequit
2088 2060 2147 2106 ut
2188 2052 2317 2121 quid

733 2150 1002 2207 gestorum
1018 2142 1258 2206 excidat;
1287 2144 1394 2196 imo
1413 2142 1527 2197 ﬁeri
1546 2144 1727 2212 nequit
1743 2152 1800 2197 ut
1816 2144 1884 2198 ad
1904 2144 2114 2198 culmen
2138 2145 2319 2213 splen-

732 2232 878 2286 doris
903 2243 957 2286 et
983 2234 1165 2301 gloria:
1188 2250 1293 2288 non
1324 2235 1681 2303 perveniatur,
1712 2236 1755 2289 si
1786 2235 1945 2289 modo
1965 2250 2049 2300 ea,
2080 2251 2199 2305 qum
2221 2250 2319 2304 pe-

733 2336 829 2376 nes
850 2337 947 2376 nos
972 2332 1115 2389 sunt,
1142 2334 1514 2394 sequerentur.
1539 2325 1671 2380 Nam
1688 2327 1731 2379 si
1759 2327 2011 2381 mulieres
2030 2342 2059 2379 a
2085 2328 2194 2381 Deo
2221 2328 2323 2380 im-

732 2421 944 2480 petrare
985 2424 1305 2483 potuerunt,
1351 2425 1408 2469 ut
1434 2418 1534 2470 sibi
1561 2417 1629 2471 ad
1666 2417 1953 2472 liberorum
1996 2433 2179 2471 curam
2208 2420 2328 2489 opi-

733 2502 1012 2569 tularetur,
1046 2507 1215 2560 multo
1251 2508 1419 2577 magis
1460 2522 1560 2561 nos
1579 2546 1595 2573 ,
1624 2507 1667 2561 si
1696 2508 1957 2574 velimus,
1988 2507 2039 2562 id
2069 2509 2325 2577 consequi

735 2595 1052 2662 poterimus.
1084 2597 1230 2650 Alias
1252 2599 1496 2667 quidem,
1529 2614 1597 2653 ne
1624 2599 1833 2668 longius
1859 2609 2107 2653 excurrat
2130 2601 2322 2663 oratio,

735 2686 1135 2752 prtetermittam
1155 2727 1172 2752 ,
1214 2702 1276 2741 ac
1306 2688 1430 2743 licet
1456 2690 1653 2742 multas
1680 2689 2025 2758 proferendus
2059 2689 2283 2743 habeam
2303 2731 2318 2756 ,

734 2791 893 2831 unam
920 2785 1125 2831 tantum
1147 2781 1605 2834 commemorabo.

801 2865 892 2920 20.
946 2869 1106 2920 Anna:
1133 2878 1180 2921 et
1211 2868 1465 2923 Samuelis
1504 2871 1737 2924 historia.
1771 2900 1843 2911 —
1870 2872 2023 2925 Anna
2072 2869 2318 2941 quaedam

732 2963 870 3021 erat,
898 2956 1082 3011 Judzea
1125 2960 1349 3024 mulier;
1381 2963 1495 3015 hazc
1525 2961 1690 3016 ﬁlium
1721 2963 1925 3031 peperit
1949 2977 2137 3029 unum,
2166 2977 2323 3016 eum-
2354 3000 2355 3003 η

736 3063 840 3117 que
865 3064 974 3102 non
1018 3058 1264 3118 speraret
1301 3067 1361 3107 se
1397 3053 1559 3107 alium
1603 3055 1895 3123 parituram
1942 3070 2100 3121 esse;
2127 3056 2326 3126 quippe

736 3152 857 3205 qua:
875 3136 1017 3192 hunc
1036 3138 1124 3193 vix
1140 3150 1363 3209 postque
1377 3140 1568 3197 multas
1585 3143 1849 3215 lacrymas
1867 3144 2187 3213 peperisset,
2206 3161 2327 3198 nam

736 3228 935 3282 sterilis
978 3238 1095 3284 erat
1126 3247 1140 3280 :
1172 3230 1360 3286 videns
1402 3234 1651 3287 :emulam
1698 3250 1850 3290 suam
1911 3237 2012 3291 sibi
2061 3237 2185 3293 ideo
2224 3238 2333 3292 fre-

736 3326 962 3386 quenter
990 3320 1356 3389 insultantem,
1397 3338 1730 3394 nequaquam
1771 3326 1825 3379 id
1871 3326 2019 3394 fecit,
2048 3328 2191 3397 quod
2234 3344 2331 3383 vos

735 3408 913 3477 agitis,
958 3409 1055 3464 sed
1098 3422 1404 3481 susceptum
1442 3413 1643 3479 ﬁlium,
1692 3416 1785 3470 illo
1833 3426 2038 3473 tantum
2088 3428 2328 3490 tempore

738 3500 878 3570 apud
923 3516 982 3556 se
1010 3503 1250 3570 retinuit,
1294 3519 1403 3574 quo
1449 3511 1672 3563 necesse
1715 3517 1833 3564 erat
1862 3520 1918 3564 ut
1946 3510 2325 3567 ablactaretur.

739 3590 873 3645 Cum
903 3601 1078 3647 autem
1115 3594 1253 3650 lacte
1282 3597 1511 3665 amplius
1538 3614 1647 3654 non
1685 3609 1888 3669 egeret,
1918 3613 2187 3672 sumptum
2214 3612 2330 3658 sta-

743 3680 838 3735 tim
866 3681 1056 3738 obtulit
1094 3684 1228 3752 Deo,
1261 3702 1361 3741 nec
1406 3697 1461 3742 ut
1487 3688 1540 3742 in
1571 3698 1847 3759 paternam
1882 3694 2089 3747 veniret
2112 3693 2331 3748 domum

742 3774 948 3841 rogavit
973 3790 1244 3846 umquam,
1272 3777 1369 3833 sed
1391 3794 1607 3849 semper
1628 3782 1681 3835 in
1702 3784 1901 3851 templo
1927 3784 2017 3838 Dei
2038 3784 2125 3839 ille
2150 3799 2333 3839 mora-

742 3862 917 3919 batur.
950 3867 1005 3921 Si
1032 3869 1246 3936 quando
1274 3870 1419 3923 illum
1449 3872 1628 3927 videre
1655 3884 1894 3942 cuperet,
1926 3883 2110 3943 utpote
2138 3884 2328 3940 mater,

742 3971 852 4011 non
878 3958 1134 4013 evocabat
1160 3960 1226 4014 ad
1252 3976 1311 4015 se
1343 3977 1585 4031 puerum,
1616 3965 1711 4019 sed
1739 3965 1803 4018 ad
1835 3966 1984 4019 illum
2011 3982 2133 4021 cum
2178 3976 2333 4035 patre

744 4047 1087 4114 ascendebat,
1116 4052 1184 4105 ab
1216 4052 1305 4106 illo
1346 4053 1640 4117 abstinens,
1672 4055 1793 4125 quia
1825 4056 1877 4109 in
1906 4056 2107 4110 donum
2135 4071 2333 4111 conse-

747 4148 927 4195 cratus
953 4150 1089 4195 erat.
1132 4142 1386 4213 Adeoque
1411 4156 1659 4201 strenuus
1687 4156 1743 4201 et
1777 4163 1999 4218 magnus
2023 4148 2334 4203 adolescens

748 4232 938 4297 evasit,
966 4243 1025 4285 ut
1070 4232 1235 4288 Deum
1274 4236 1343 4289 ab
1388 4235 1731 4292 Hebraeorum
1760 4248 1919 4306 gente
1964 4238 2034 4292 ob
2071 4238 2176 4293 late
2204 4239 2338 4293 eﬁ'u-

749 4336 865 4377 sam
910 4323 1143 4392 ipsorum
1190 4326 1479 4394 nequitiam
1520 4342 1791 4394 aversum,
1824 4345 1929 4383 non
1960 4330 2171 4383 oracula
2217 4329 2338 4385 fun-

749 4413 984 4479 dentem,
1010 4432 1110 4471 nec
1127 4417 1389 4472 visionem
1417 4418 1576 4472 ullam
1602 4421 1950 4489 praebentem,
1968 4437 2061 4490 per
2083 4421 2336 4475 virtutem

751 4522 901 4564 suam
929 4510 1242 4575 attraheret,
1271 4519 1327 4565 et
1354 4510 1665 4579 impetraret
1694 4512 1761 4567 ab
1801 4528 1867 4567 eo
1897 4522 1953 4567 ut
1985 4513 2172 4568 eadem
2220 4513 2337 4581 ipsa

752 4600 1015 4669 pratberet
1042 4615 1159 4668 quae
1201 4610 1379 4665 antea,
1408 4611 1464 4656 et
1507 4602 1838 4671 prophetiam
1878 4620 1997 4673 qua:
2032 4604 2339 4659 avolaverat

754 4691 1081 4747 restitueret.
1103 4691 1230 4747 Haec
1251 4704 1426 4747 autem
1446 4694 1640 4763 potuit,
1671 4710 1774 4748 non
1798 4706 2000 4749 matura
2022 4696 2130 4765 jam
2155 4706 2332 4763 aetate,

755 4782 849 4838 sed
890 4798 1012 4840 cum
1048 4784 1224 4840 adhuc
1272 4785 1523 4855 puerulus
1550 4796 1734 4841 esset:
1768 4784 1890 4839 Non
1918 4788 2050 4839 enim
2089 4797 2224 4851 erat,
2257 4789 2339 4841 iu-

757 4878 888 4946 quit,
914 4878 1037 4931 visio
1057 4878 1389 4949 distinguens,
1416 4888 1463 4932 et
1484 4880 1686 4932 verbum
1702 4879 1971 4949 pretiosum
1997 4888 2104 4931 erat
2124 4880 2191 4949 (1.
2207 4878 2335 4949 Reg.

759 4969 813 5023 3.
845 4969 919 5042 l).
956 4971 1198 5025 Attamen
1226 4973 1327 5024 hoc
1356 4971 1407 5025 in
1426 4986 1605 5026 rerum
1628 4970 1953 5037 statu,Deus
1978 4971 2052 5025 illi
2084 4970 2339 5042 frequen-

759 5072 843 5117 ter
882 5064 1095 5118 oracula
1138 5063 1416 5118 reddebat.
1446 5064 1676 5121 Tantum
1704 5067 1910 5123 confert
1935 5066 2285 5121 emolumenti
2320 5106 2335 5133 ,

758 5155 867 5211 Deo
895 5170 1109 5225 semper
1133 5171 1252 5226 qua:
1289 5156 1624 5228 possidemus
1648 5160 1963 5227 concedere,
1992 5171 2047 5216 et
2072 5176 2100 5215 a
2131 5160 2338 5216 cunctis

757 5249 1066 5315 abscedere,
1112 5265 1217 5305 non
1242 5265 1272 5305 a
1301 5252 1542 5322 pecuniis
1585 5259 1788 5307 tantum
1828 5262 1883 5309 et
1916 5269 1944 5307 a
1991 5252 2341 5324 possessioni-

760 5340 881 5407 bus,
905 5340 1001 5396 sed
1037 5343 1105 5396 ab
1147 5343 1274 5412 ipsis
1314 5343 1455 5397 ﬁliis.
1487 5342 1618 5398 Nam
1646 5344 1691 5398 si
1735 5344 1912 5399 hocin
1939 5346 2113 5398 anima
2158 5354 2337 5398 nostra

762 5429 935 5486 facere
955 5431 1223 5500 jubemur,
1256 5434 1421 5488 multo
1461 5436 1627 5505 magis
1658 5435 1711 5489 in
1739 5436 1946 5490 caeteris
1988 5435 2254 5490 omnibus.
2284 5435 2339 5490 ld

760 5522 958 5592 quippe
982 5524 1249 5579 Abraham
1270 5526 1566 5595 patriarcha
1588 5526 1729 5593 fecit,
1760 5529 1866 5582 imo
1887 5526 2157 5597 quidpiam
2176 5528 2339 5582 multo

760 5614 933 5684 majus
966 5632 980 5669 :
1011 5616 1129 5671 ideo
1157 5633 1275 5672 cum
1304 5619 1463 5689 longe
1491 5619 1677 5690 majori
1720 5619 1887 5691 gloria
1919 5619 2083 5673 lilium
2114 5619 2334 5687 recepit.

760 5707 908 5763 Tunc
935 5707 1078 5762 enim
1109 5710 1338 5765 maxime
1366 5709 1503 5764 ﬁlios
1534 5709 1787 5765 habemus
1810 5720 2041 5778 nostros,
2070 5726 2190 5767 cum
2219 5710 2337 5766 illos

758 5798 987 5854 Domino
1047 5799 1322 5856 tradimus.
1376 5801 1559 5873 Longe
1607 5802 1802 5872 quippe
1856 5804 2047 5860 melius
2100 5803 2166 5858 iis
2213 5803 2333 5871 ille,

758 5907 914 5962 quant
962 5908 1079 5957 nos,
1133 5894 1365 5962 prazen't,
1409 5896 1531 5966 quia
1584 5896 1843 5965 majorem
1891 5897 2101 5953 illorum
2151 5911 2335 5952 curam

756 5984 909 6054 gerit.
954 5984 1140 6043 Nonne
1182 5984 1235 6041 id
1274 5984 1462 6043 videtis
1498 5988 1555 6045 ia
1581 5986 1805 6045 divitum
1843 6004 2053 6060 quoque
2090 5988 2335 6045 domibus

1476 570 1536 626 S.
1574 568 1851 625 JOANNIS
1889 564 2362 626 CllRYSOSTOHl
2401 561 2718 622 ADClllEP.
2758 565 3298 625 CONSTANTINOP.

3902 570 4007 628 τῖ’τό

2424 680 2539 735 ﬁeri
2559 682 2584 733 ’ρ
2613 679 2824 736 Etenim
2866 683 2937 739 ibi
2979 698 3093 749 eos,
3122 683 3211 755 qui
3258 679 3437 736 inﬁmo
3471 681 3589 735 loco
3617 696 3738 737 cum
3767 685 4009 753 patribus

2420 782 2711 835 morantur,
2760 788 2865 828 non
2910 791 3079 847 usque
3124 776 3259 832 adeo
3302 775 3539 830 illustres
3580 774 3781 839 videas,
3831 793 4007 843 neque

2419 871 2562 917 tanta
2606 871 2868 933 potestate
2900 868 3152 934 praeditos
3180 883 3196 923 :
3229 870 3262 922 ii
3292 875 3491 933 autem,
3531 880 3666 936 quos
3690 866 3890 920 domini
3917 870 4004 922 sui

2416 969 2449 1010 δ
2478 957 2781 1026 parentibus
2808 957 3165 1024 abduxerunt,
3209 975 3412 1029 suoque
3442 956 3733 1013 ministerio
3772 957 4003 1025 deputa-

2418 1056 2543 1101 runt
2584 1046 2998 1116 facultatumque
3040 1049 3297 1104 custodes
3336 1051 3759 1112 constituerunt,
3811 1048 4003 1116 majori

2416 1135 2753 1195 dominorum
2796 1137 3163 1193 benevolentia
3210 1141 3521 1207 potiuntur,
3566 1141 3656 1196 ﬁdi
3700 1139 4002 1205 habentur,

2418 1236 2670 1299 tantoque
2724 1231 2996 1287 conservis
3045 1230 3300 1285 clariores
3346 1242 3507 1299 sunt,
3555 1244 3753 1304 quanto
3800 1232 4003 1286 domini

2417 1319 2745 1375 domesticis.
2793 1323 2945 1391 Quod
2985 1322 3031 1378 si
3078 1322 3323 1376 homines
3370 1324 3646 1381 ministros
3688 1340 3813 1379 suos
3859 1335 4003 1377 tanta

2421 1410 2744 1479 benignitate
2773 1423 2824 1466 et
2853 1413 3218 1467 benevolentia
3245 1423 3661 1481 prosequuntur,
3696 1416 3861 1470 multo
3892 1430 4006 1468 ma-

2418 1504 2499 1572 gis
2543 1504 2747 1558 inﬁnita
2797 1505 2887 1559 illa
2936 1506 3173 1571 bonitas,
3206 1504 3365 1558 Deus.
3410 1504 3661 1558 Sinamus
3690 1506 3847 1575 igitur
3889 1507 4010 1561 illos

2422 1593 2755 1659 ministrare,
2802 1611 2907 1649 non
2938 1596 2990 1649 in
3040 1594 3296 1665 templum
3341 1592 3668 1647 adducentes
3698 1605 3754 1647 ut
3780 1596 4009 1650 Samue-

2424 1684 2548 1751 lem,
2576 1686 2670 1739 sed
2699 1686 2751 1739 in
2778 1688 2945 1757 ipsum
2974 1687 3169 1741 cadum
3192 1701 3312 1741 cum
3338 1684 3540 1755 angelis
3558 1692 3754 1737 etcum
3781 1688 4011 1740 archan-

2422 1776 2577 1845 gelis.
2606 1777 2759 1845 Quod
2787 1778 2929 1831 enim
2979 1793 3101 1831 cum
3132 1778 3237 1832 illis
3279 1775 3628 1831 ministraturi
3658 1774 3764 1828 sint
3789 1785 3843 1830 et
3887 1793 4007 1831 scr-

2425 1872 2581 1925 vituri
2611 1872 2669 1935 ii,
2699 1872 2787 1941 qui
2814 1871 2953 1925 hanc
2993 1872 3386 1942 philosophiam
3416 1877 3785 1937 susceperunt;
3816 1869 4013 1939 euique

2427 1962 2596 2029 palam
2641 1968 2724 2015 est
2752 1978 2767 2016 :
2797 1962 2886 2015 ubi
2932 1976 3038 2015 non
3086 1962 3186 2016 sibi
3235 1970 3470 2025 tantum,
3516 1959 3627 2037 sed
3657 1958 3807 2012 vobis
3848 1960 4012 2014 etiam

2424 2051 2610 2120 majori
2640 2067 2758 2105 cum
2790 2052 2981 2106 ﬁducia
3018 2043 3365 2121 prospicient.
3398 2052 3530 2107 Nam
3575 2055 3618 2105 si
3649 2049 3865 2120 quidam
3913 2066 4013 2119 pa-

2423 2151 2631 2196 rentum
2683 2144 2850 2211 gratia
2904 2145 3161 2198 nonnulla
3212 2145 3582 2200 consolatione
3639 2143 3787 2214 potiti
3848 2150 4011 2210 sunt,

2424 2234 2592 2287 multo
2622 2234 2672 2287 id
2703 2236 2871 2305 magis
2894 2234 3117 2289 ﬁliorum
3141 2250 3300 2289 causa
3327 2245 3575 2304 parentes
3599 2241 4009 2303 consequentur.

2424 2324 2535 2379 lllic
2559 2326 2701 2380 enim
2734 2335 2941 2380 natura:
2984 2335 3187 2379 tantam
3213 2325 3302 2394 jus
3329 2326 3537 2390 aderat,
3566 2325 3653 2379 hic
3678 2325 3835 2379 etiam
3878 2323 4016 2377 edn-

2426 2418 2671 2482 cationis,
2703 2418 2845 2489 quod
2891 2418 3058 2471 multo
3105 2416 3278 2486 majus
3302 2419 3423 2485 jure
3468 2427 3671 2470 natura;
3700 2425 3801 2470 est.
3842 2416 4017 2484 Atque

2430 2512 2531 2565 hoc
2558 2492 2708 2566 vobis
2730 2521 3014 2581 utrumque
3036 2527 3105 2564 ex
3128 2511 3321 2564 divinis
3346 2508 3635 2578 Scripturis
3662 2508 4011 2562 conlirmabo.

2430 2601 2714 2656 Ezechiam
2742 2603 2884 2656 enim
2915 2604 3113 2655 virtute
3143 2603 3446 2669 pietateque
3491 2600 3769 2668 praeditum
3800 2599 3969 2651 virum
3996 2639 4017 2665 ,

2428 2707 2548 2745 cum
2578 2701 2782 2745 tantam
2810 2709 2872 2747 ex
2902 2692 3063 2746 rebus
3086 2692 3252 2761 gestis
3281 2692 3525 2744 liduciam
3555 2706 3659 2743 non
3690 2689 3931 2755 haberet,
3960 2698 4023 2744 ut

2428 2791 2607 2849 posset
2646 2789 2829 2836 contra
2860 2791 2965 2835 tam
3011 2782 3201 2850 ingens
3246 2781 3537 2849 periculum
3583 2779 3899 2844 consistere,
3946 2779 4022 2832 ob

2430 2876 2595 2942 patris
2622 2874 2868 2928 virtutem
2897 2883 3232 2928 servaturum
3264 2885 3322 2926 se
3353 2871 3481 2925 dicit
3508 2871 3643 2925 Deus
3674 2888 3690 2924 :
3723 2868 4018 2940 Protegam,

2428 2964 2632 3034 inquit,
2663 2964 2910 3017 civitatem
2952 2963 3105 3027 hanc,
3142 2972 3199 3015 ut
3238 2976 3427 3015 servem
3452 2977 3565 3013 eam
3608 2970 3814 3030 prapter
3846 2976 3941 3024 me,
3968 2968 4023 3012 et

2430 3066 2635 3127 propter
2660 3055 2825 3109 Dauid
2864 3071 3079 3123 puerum
3104 3070 3270 3108 meum
3297 3055 3376 3122 (4.
3404 3051 3532 3124 Reg.
3565 3052 3653 3108 19.
3680 3053 3789 3123 54).
3823 3051 4024 3107 Paulus

2431 3158 2609 3202 autem
2658 3148 2726 3202 de
2781 3148 3090 3218 parentibus
3139 3146 3422 3200 Timotheo
3472 3144 3710 3199 scribens
3766 3144 4021 3200 dicebat:

2434 3239 2778 3295 Salvabuntur
2816 3249 2981 3293 autem
3026 3254 3116 3304 per
3144 3239 3366 3306 ﬁliorum
3404 3237 3792 3307 generationem,
3830 3238 3873 3289 si
3902 3255 4023 3306 pcr-

2432 3333 2709 3386 manserint
2752 3333 2806 3385 in
2835 3330 2956 3398 ﬁde,
2998 3340 3044 3385 et
3082 3330 3372 3395 dilectione,
3410 3338 3457 3383 et
3486 3329 3883 3396 sanctiﬁcatione
3907 3345 4024 3381 cum

2430 3422 2695 3479 sobrietate
2721 3421 2800 3491 (1.
2834 3421 2964 3475 Tim.
2995 3421 3052 3475 2.
3085 3421 3197 3491 15).
3222 3419 3325 3475 Joh
3350 3434 3582 3490 quoque,
3606 3428 3661 3472 ut
3682 3434 3745 3472 ex
3777 3418 3892 3471 aliis
3912 3417 4028 3471 lau-

2430 3514 2573 3569 davit
2599 3514 2895 3581 Scriptura,
2928 3527 3125 3581 nempe
3149 3511 3289 3580 quod
3315 3510 3512 3578 justus,
3545 3524 3703 3564 verax
3733 3517 3787 3563 et
3812 3508 4025 3577 religio-

2431 3622 2523 3661 sus
2562 3621 2685 3675 erga
2717 3606 2885 3660 Deum
2929 3590 3097 3671 esset,
3146 3604 3226 3658 sic
3269 3603 3429 3656 etiam
3472 3617 3537 3656 ex
3574 3599 3802 3654 ﬁliorum
3846 3614 3971 3653 cura
4005 3617 4021 3653 :

2433 3714 2550 3768 qua:
2578 3698 2630 3751 in
2660 3698 2759 3752 hoc
2783 3697 2885 3751 sita
2913 3705 3051 3761 erat,
3082 3710 3187 3749 non
3214 3693 3355 3763 quod
3382 3707 3569 3746 aurum
3593 3691 3721 3759 ipsis
3741 3706 4026 3745 coacerva-

2434 3797 2537 3849 ret,
2566 3804 2669 3841 non
2697 3787 2836 3857 quod
2864 3786 3126 3855 gloriosos
3154 3792 3209 3839 et
3252 3784 3487 3836 illustres
3516 3780 3746 3841 faceret;
3798 3779 3890 3833 sed
3919 3794 4022 3849 qua

2437 3880 2491 3935 in
2527 3882 2628 3934 re?
2656 3879 2791 3932 Audi
2836 3878 3164 3943 Scripturam
3202 3875 3466 3930 dicentem
3496 3892 3509 3927 :
3540 3872 3667 3927 Cum
3694 3870 4028 3926 consummati

2436 3986 2599 4024 essent
2618 3969 2722 4021 dies
2748 3968 2955 4022 convivii
2980 3967 3203 4025 illorum,
3237 3966 3459 4018 mittebat
3489 3963 3609 4029 Job,
3639 3972 3686 4017 et
3724 3962 4026 4034 puriﬁcabat

2435 4075 2541 4121 eos,
2571 4073 2877 4129 surgensque
2918 4072 3066 4108 mane
3091 4054 3328 4121 o/ferebat
3358 4070 3448 4121 pro
3471 4054 3574 4107 illis
3615 4053 3920 4121 sacriﬁcium
3940 4069 4025 4106 seb

2434 4148 2656 4203 cundum
2686 4164 2949 4202 numerum
2972 4163 3165 4211 eorum,
3194 4154 3240 4198 et
3266 4144 3477 4198 vitulum
3498 4160 3653 4197 unum
3684 4160 3773 4212 pro
3799 4154 4023 4213 peccato,

2439 4258 2529 4310 pro
2558 4242 2822 4293 animabus
2868 4255 3061 4293 eorum.
3103 4236 3315 4291 Dicebat
3340 4236 3472 4289 enim
3499 4234 3600 4288 Job
3644 4235 3696 4287 in
3723 4235 3873 4287 corde
3908 4250 4027 4316 suo,
4097 4292 4105 4298 ρ

2438 4330 2522 4386 Ne
2542 4335 2671 4403 forte
2699 4332 2795 4400 ﬁlii
2819 4332 2914 4384 mei
2940 4332 2993 4384 in
3020 4339 3184 4384 mente
3210 4346 3306 4383 sua
3344 4327 3476 4381 male
3501 4327 3825 4397 cogitaverint
3850 4327 4029 4379 adver-

2438 4441 2525 4478 sus
2549 4424 2708 4477 Deum
2736 4423 2856 4494 (Job
2884 4425 2936 4479 1.
2967 4422 3047 4492 5).
3096 4420 3231 4476 Num
3256 4435 3361 4489 qua
3386 4418 3539 4473 vobis
3561 4417 3665 4472 erit
3690 4417 3898 4471 demum
3935 4432 4033 4472 ex-

2439 4514 2663 4580 cusatio,
2696 4513 2818 4567 talia
2856 4510 3218 4567 audentibus?
3241 4509 3375 4564 Nam
3414 4509 3459 4563 si
3493 4508 3602 4574 ille,
3632 4510 3719 4577 qui
3760 4516 3883 4562 ante
3908 4522 4031 4577 gra-

2441 4608 2589 4672 tiam,
2620 4615 2743 4660 ante
2767 4605 2961 4675 legem,
2993 4605 3081 4674 qui
3110 4603 3252 4658 nulla
3274 4602 3506 4656 imbutus
3532 4600 3705 4655 fuerat
3724 4600 4025 4670 disciplina,

2441 4707 2639 4752 tantam
2669 4696 2894 4750 ﬁliorum
2923 4709 3103 4748 curam
3143 4692 3388 4761 gesserit,
3419 4700 3475 4746 ut
3502 4705 3598 4761 pro
3622 4690 3843 4746 occultis
3867 4690 4027 4745 etiam

2439 4787 2673 4859 peccatis
2702 4793 2958 4839 tremeret
2988 4802 3002 4839 :
3034 4785 3154 4855 quis
3184 4800 3281 4839 nos
3322 4793 3674 4838 excusaturus
3718 4792 3821 4846 est,
3853 4782 3941 4851 qui
3972 4782 4025 4834 in

2440 4880 2606 4950 gratia
2660 4891 2883 4944 sumus,
2933 4877 3022 4947 qui
3072 4884 3150 4931 tot
3199 4876 3449 4931 doctores
3496 4874 3637 4929 nacti
3682 4887 3897 4936 sumus,
3950 4880 4028 4925 tot

2442 4971 2685 5040 exempla
2716 4970 2995 5034 habentes,
3045 4976 3123 5024 tot
3154 4968 3566 5031 admonitiones,
3597 4965 3687 5035 qui
3718 4978 3824 5017 non
3866 4961 4026 5016 modo

2442 5076 2539 5131 pro
2566 5062 2781 5117 incertis
2802 5076 2904 5115 nou
2940 5061 3207 5128 timemus,
3239 5060 3333 5115 sed
3375 5059 3533 5113 etiam
3560 5063 3704 5109 certa
3730 5052 4029 5106 contemni-

2442 5169 2583 5221 mus,
2630 5169 2731 5209 nec
2774 5154 3164 5208 contemnimus
3214 5160 3439 5212 tantum,
3490 5147 3583 5201 sed
3637 5159 3732 5200 eos
3774 5144 3861 5214 qui
3914 5142 4026 5198 haec

2441 5248 2725 5304 emendare
2742 5249 2926 5303 volunt
2953 5246 3229 5317 pellimus?
3258 5242 3525 5297 Abraham
3548 5253 3776 5309 quoque,
3805 5247 3862 5289 ut
3880 5236 4027 5305 prius

2442 5343 2578 5410 dixi,
2610 5356 2729 5397 cum
2758 5339 2878 5395 aliis
2916 5339 3173 5409 praeclare
3205 5333 3393 5405 gestis,
3423 5331 3524 5386 hoc
3552 5344 3764 5401 quoque
3788 5326 4026 5397 splendi-

2442 5437 2567 5493 dum
2600 5436 2802 5491 facinus
2831 5434 3019 5490 edidit.

2511 5528 2600 5582 2|.
2632 5526 2921 5583 Cohortatio
2946 5523 3013 5575 ad
3038 5530 3264 5591 parentes
3283 5564 3298 5588 ,
3320 5530 3375 5574 ut
3401 5520 3537 5588 ﬁlios
3575 5517 3643 5570 ad
3680 5509 3909 5587 ρὶεῑαὶεῖτε
3939 5511 4023 5571 3'!!-

2442 5625 2677 5692 forment.
2706 5647 2777 5658 ——
2803 5616 2968 5670 Tanta
3000 5615 3157 5685 igitur
3178 5614 3422 5683 exempla
3459 5611 3715 5667 habentes
3734 5653 3750 5678 ,
3780 5626 4026 5680 paremus

2443 5714 2555 5767 Deo
2584 5709 2810 5765 famulos
2830 5750 2844 5775 ,
2873 5705 3233 5778 probatusque
3261 5704 3554 5760 ministros.
3581 5699 3712 5757 Nam
3751 5702 3795 5757 si
3826 5703 3871 5756 is
3894 5744 3909 5768 ,
3938 5701 4025 5772 qui

2442 5802 2670 5858 athletas
2697 5798 2995 5855 civitatibus
3033 5798 3146 5863 alit,
3179 5794 3485 5862 militesque
3510 5793 3619 5864 regi
3636 5803 3885 5858 exercet,
3916 5807 4028 5845 ma-

2442 5910 2549 5965 gno
2572 5892 2857 5948 donabitur
2885 5892 3109 5953 honore,
3139 5894 3396 5957 quantum
3426 5900 3522 5940 nos
3542 5884 3741 5940 donum
3764 5890 4018 5951 acceptu-

2452 6000 2541 6043 ros
2569 6000 2687 6043 esse
2714 6000 2809 6058 par
2837 5994 2939 6049 est,
2972 5980 3060 6052 qui
3084 5987 3191 6034 tant
3220 5985 3487 6046 strenuos,
3515 5984 3687 6032 tantos
3722 5973 3867 6029 viros
3922 5971 4029 6025 imo
