4454 6690
172 535 291 593 393

171 648 383 743 Ϊελήθει
413 652 649 728 τοσούτῳ
697 660 776 725 είς
803 660 901 715 ἕνα
946 662 1015 714 τά
1046 663 1143 732 τῆς
1182 662 1339 736 νίκης
1385 672 1774 743 περιστήσεται
1804 685 1854 738 ο,

168 738 337 807 ὅμως
388 741 672 798 κόπτονται
728 750 821 800 καὶ
865 748 1294 819 ταλαιπωροῦσι.
1346 738 1537 809 Καίτοι
1590 738 1653 828 γε
1714 759 1859 813 οὐδέν

168 827 334 879 ἐστιν
366 828 479 883 ίσον
508 834 741 888 ἐνταῦθα
776 836 970 899 κάκεῖ,
1003 835 1062 887 οὑ
1102 837 1260 907 μόνον
1292 839 1381 893 διὰ
1404 841 1465 895 16
1495 844 1603 899 τῶν
1631 844 1859 915 ἀγώνων

164 913 374 1006 τέλος,
408 918 518 972 ἀλλ’
543 922 625 974 ὅτι
668 922 883 991 ἀνάγκη
920 924 1038 976 ἐκεῖ
1088 929 1500 997 στεφανωθέντα
1555 913 1716 1006 μόνον
1763 935 1859 990 ἕνα

167 1002 475 1094 ἀπελθεῖν·
526 1007 761 1061 ἐνταῦθα
810 1007 867 1062 δὲ
901 1011 999 1065 οὑκ
1034 1014 1089 1065 ἐν
1117 1016 1327 1078 τούτοις
1361 1018 1393 1087 ἡ
1423 1002 1662 1093 ὑπεροχὴ
1692 1024 1787 1077 καὶ
1820 1026 1853 1094 ή

168 1090 505 1159 ἐλάττωσις,
544 1094 693 1166 [1121
721 1098 779 1147 ἐν
804 1096 881 1168 τῷ
905 1098 993 1151 τὸν
1028 1102 1124 1171 μὲν
1156 1090 1541 1171 ἀστεφάνωτον
1564 1090 1855 1181 ἀναχωρῆλ

168 1194 272 1232 σαι
292 1221 309 1246 ,
338 1181 435 1268 ,τὸν
478 1181 536 1233 δὲ
581 1183 1023 1254 ἐστεφανωμένον
1050 1229 1064 1253 ,
1094 1189 1210 1242 ἀλλ’
1242 1192 1301 1243 ἐν
1332 1191 1407 1262 τῷ
1448 1195 1537 1248 τὸν
1568 1198 1667 1266 μὲν
1714 1198 1855 1268 λαμ-

168 1266 484 1337 προτέρας,
528 1268 619 1319 τὸν
652 1268 710 1320 δὲ
742 1270 1019 1337 ἐλάττονος
1066 1279 1252 1347 τυχεῖν
1292 1278 1389 1348 τῆς
1441 1266 1850 1355 ἀνακηρύξεως,

167 1357 392 1443 πάντας
442 1357 496 1409 δὲ
551 1358 700 1427 ὅμως
745 1366 945 1433 τυχεῖν.
993 1366 1172 1428 ’Ὀλως
1209 1366 1294 1431 δὲ,
1328 1372 1484 1443 είπερ
1519 1373 1853 1443 ἐϐουλόμεθα

168 1442 274 1493 καὶ
321 1440 382 1504 ἐξ
435 1443 609 1514 ἀρχῆς
629 1445 969 1503 διαπλάττειν
996 1454 1123 1513 τοὺς
1152 1454 1375 1522 παῖδας,
1411 1440 1503 1510 καὶ
1531 1462 1643 1523 τοῖς
1669 1440 1853 1529 βουλο-

171 1529 368 1597 μένοις
406 1531 684 1602 ῥυθμίζειν
720 1538 1099 1608 παραδιδόναι,
1140 1540 1239 1593 οὑκ
1288 1538 1356 1614 ἦν
1400 1545 1628 1609 ἀπεικὸς
1656 1547 1853 1611 αὑτοὺς

166 1617 234 1705 ἐν
294 1619 361 1687 τῇ
399 1618 585 1691 πρώτῃ
638 1625 826 1692 στῆναι
886 1624 1040 1687 τάξει
1072 1626 1166 1678 τοῦ
1208 1632 1607 1700 στρατοπέδου*
1641 1634 1702 1685 οὑ
1744 1635 1852 1705 γάρ

169 1703 246 1755 ἂν
278 1708 541 1775 περιεῖδεν
579 1710 607 1761 6
652 1710 784 1773 Θεὸς
817 1710 1086 1781 τοσαύτην
1124 1715 1427 1787 προθυμίαν
1461 1718 1558 1772 καὶ
1594 1703 1847 1789 σπουδὴν,

167 1790 293 1843 ἁλλ’
342 1792 615 1848 ἐπέδωκεν
663 1796 729 1849 ἂν
779 1797 879 1866 τὴν
921 1798 1086 1851 αὑτοῦ
1144 1804 1334 1874 χεῖρα,
1392 1806 1487 1859 καὶ
1534 1806 1713 1876 ἥψατο
1755 1808 1847 1862 τοῦ

167 1880 489 1951 ἀγάλματος
516 1900 528 1911 ·
556 1884 773 1953 ἐκείνης
801 1884 857 1937 δὲ
882 1887 1253 1961 ἐργαζομένης
1282 1894 1379 1963 τῆς
1405 1895 1607 1966 χειρὸς,
1633 1897 1850 1967 ἀμήχα-

169 1984 266 2019 νον
294 1970 569 2022 διαπεσεῖν
618 1988 671 2023 τι
718 1972 827 2024 τῶν
868 1974 1195 2043 γινομένων,
1245 1980 1444 2049 μᾶλλον
1479 1982 1538 2036 δὲ
1567 1984 1850 2055 ἀμήχανον

128 2065 132 2069 ‘
170 2055 252 2125 μὴ
298 2056 447 2143 ,πρὸς
492 2058 660 2128 ἄκρον
710 2057 1093 2130 λαμπρότητος
1141 2065 1234 2117 καὶ
1265 2066 1421 2137 δόξης
1448 2070 1651 2135 ἐλθεῖν,
1688 2072 1850 2143 μόνον

168 2143 221 2193 εἰ
252 2142 321 2194 τά
363 2146 493 2214 παρ’
524 2144 681 2215 ἡμῶν
702 2145 906 2199 ἕποιτο.
944 2149 1006 2200 Εἰ
1039 2150 1146 2220 γάρ
1186 2156 1438 2219 γυναῖκες
1464 2158 1692 2227 ἴσχυσαν
1724 2162 1848 2212 πεῖ·-

171 2244 265 2279 σαι
303 2228 469 2295 Θεὸν,
502 2233 915 2302 συνεφάψασθαι
942 2234 969 2274 1)
997 2236 1189 2300 αὑταῖς
1223 2239 1319 2308 τῆς
1348 2242 1454 2293 τῶν
1487 2244 1695 2299 παίδων
1725 2246 1849 2298 ἐπι-

173 2316 399 2385 μελείας
424 2358 437 2379 ,
480 2320 658 2387 πολλῷ
716 2322 917 2390 μᾶλλον
960 2326 1121 2394 ἡμεῖς
1148 2367 1163 2391 ,
1203 2326 1267 2379 ἂν
1325 2329 1593 2401 ἐθέλωμεν
1621 2374 1635 2396 ,
1688 2334 1847 2389 τοῦτο

168 2404 536 2493 δυνησόμεθα.
567 2408 677 2470 Τάς
707 2410 803 2478 μὲν
830 2408 923 2464 οὖν
950 2412 1138 2475 άλλας,
1168 2413 1307 2467 ὥστε
1341 2417 1416 2488 μὴ
1448 2421 1654 2491 μακρὸν
1690 2424 1847 2493 ποιῆ-

174 2506 266 2540 σαι
315 2490 405 2542 τὸν
451 2491 645 2559 λόγον,
700 2499 953 2567 παρήσω,
1015 2500 1194 2553 καίτοι
1246 2502 1444 2567 πολλάς
1479 2490 1614 2575 ἔχων
1650 2490 1844 2575 εἰπεῖν,

174 2579 309 2646 μιᾶς
342 2578 398 2630 δὲ
440 2580 598 2648 μόνον
637 2585 1138 2658 ἐπιμνησθήσομαι.

246 2673 311 2717 κ’.
350 2669 513 2721 Ἀννα
544 2688 625 2733 τις
644 2667 711 2743 ἦν
755 2674 979 2728 Ἰουδαία
1016 2679 1178 2747 γυνή’
1208 2677 1347 2750 αῦτη
1380 2681 1601 2751 ήἊννα
1638 2684 1847 2738 παιδίον

169 2751 359 2805 ἔτεκεν
392 2754 469 2818 ἒν,
501 2757 593 2807 καὶ
620 2758 680 2809 οὑ
702 2760 1057 2828 προσδοκῶσα
1092 2762 1341 2826 τέξεσθαι
1374 2767 1559 2837 ἕτερον
1579 2786 1592 2799 ·
1620 2771 1711 2822 καὶ
1740 2771 1847 2842 γὰρ

174 2838 270 2889 καὶ
295 2838 454 2891 τοῦτο
481 2840 631 2910 μόλις
654 2844 747 2896 καὶ
782 2846 918 2913 μετά
951 2846 1159 2899 πολλῶν
1197 2848 1355 2902 ἔλαϐε
1390 2863 1411 2889 ο
1438 2854 1548 2905 τῶν
1570 2838 1844 2924 δακρύων·

172 2926 366 2995 στείρα
408 2926 517 2999 γάρ
566 2924 653 2999 ἧν.
714 2931 925 3001 Ὁρῶσα
970 2934 1027 2986 δὲ
1074 2936 1173 3006 τὴν
1216 2936 1497 3009 ἀντίζηλον
1541 2943 1713 3013 αὑτῆς
1759 2943 1849 2998 διὰ

170 3013 330 3065 τοῦτο
353 3014 613 3078 πολλάκις
652 3018 1088 3087 ἐπεμϐαίνουσαν
1119 3025 1276 3095 αὑτῇ,
1314 3027 1429 3079 οὑδέ
1465 3028 1638 3094 οὑτως
1673 3030 1845 3086 ἔπαθέ

169 3114 224 3149 τι
260 3098 499 3151 τοιοῦτον
536 3096 646 3153 οἷον
679 3102 852 3172 ὑμεῖς,
885 3104 999 3156 ἀλλ’
1037 3108 1220 3179 ἐπειδὴ
1250 3110 1339 3163 τὸν
1367 3112 1479 3165 υἱὸν
1523 3114 1676 3185 ἔσχεν
1704 3118 1846 3169 ἐκεῖ·

172 3203 283 3247 νον,
315 3187 565 3241 τοσοῦτον
601 3187 749 3241 εἴασε
788 3193 915 3261 παρ’
949 3192 1112 3265 ἑαυτῇ
1149 3200 1326 3265 μεῖναι
1359 3201 1569 3269 χρόνον,
1596 3202 1720 3255 ὅσον
1747 3222 1848 3272 γα-

171 3272 677 3360 λακτοτροφηθῆναι
722 3277 826 3330 ἔδει
866 3278 1044 3347 μόνον.
1087 3283 1301 3355 Ἐπειδὴ
1335 3286 1391 3338 δὲ
1423 3288 1605 3340 οὑκέτι
1643 3290 1845 3360 ταύτης

172 3359 343 3446 ἐδεῖτο
386 3359 484 3428 τῆς
519 3361 745 3431 τροφῆς,
776 3362 1010 3419 λαϐοῦσα
1043 3368 1205 3421 αὑτὸν
1250 3370 1451 3435 εὑθέως
1500 3374 1730 3445 ἀνέθηκε
1767 3359 1847 3446 τῷ

174 3444 328 3514 Θεῷ,
364 3448 459 3499 καὶ
510 3449 611 3518 τῆς
657 3451 915 3521 πατρῴας
957 3454 1137 3507 οὐκέτι
1181 3458 1438 3527 ἐπιϐῆναι
1477 3444 1847 3532 παρεκάλεσεν

172 3534 368 3598 οἰκίας,
397 3536 511 3588 ἀλλ’
534 3535 666 3605 ᾤκει
701 3539 990 3602 διαπαντὸς
1015 3543 1070 3593 ἐν
1099 3542 1172 3612 τῷ
1203 3544 1317 3614 ναῷ
1346 3546 1437 3598 τοῦ
1475 3548 1609 3600 Θεοῦ
1633 3565 1647 3578 ·
1681 3552 1773 3602 καὶ
1800 3551 1853 3603 εἴ

175 3637 305 3673 ποτε
336 3621 497 3675 αὑτὸν
525 3623 652 3677 ἰδεῖν
685 3625 1056 3697 ἐπεθύμησεν,
1088 3626 1174 3681 οἷα
1216 3630 1279 3703 δὴ
1325 3634 1506 3704 μήτηρ
1526 3675 1540 3695 ,
1580 3636 1681 3687 οὑκ
1715 3638 1845 3690 ἐκά-

174 3708 258 3761 λει
305 3711 436 3780 παρ’
482 3711 681 3782 ἑαυτὴν
710 3711 738 3751 ἀ
768 3714 829 3766 16
869 3716 1103 3779 παιδίον,
1142 3717 1255 3771 ἀλλ’
1289 3720 1426 3791 αὑτὴ
1465 3722 1599 3785 πρὸς
1638 3725 1845 3776 ἐκεῖνον

176 3793 420 3847 ἀνέϐαινε
460 3795 597 3865 μετά
637 3796 732 3849 τοῦ
772 3801 999 3871 πατρὸς,
1032 3803 1282 3875 καθάπερ
1310 3806 1460 3870 ὄντος
1499 3810 1845 3879 ἀναθήματος

176 3882 483 3953 ἀπεχομένη
508 3883 713 3937 λοιπόν.
747 3887 859 3939 Kal
894 3888 1035 3941 οὕτω
1077 3896 1319 3962 γενναῖος
1348 3896 1446 3946 καὶ
1477 3896 1646 3965 μέγας
1670 3898 1698 3948 6
1724 3915 1847 3950 νεα-

176 3971 293 4033 νίας
319 3971 533 4039 ἐγένετο
557 3974 781 4036 ἐκεῖνος,
813 3975 889 4038 ὼς
917 3977 1009 4029 τὸν
1045 3978 1177 4032 Θεὸν
1204 3982 1621 4053 ἀποστραφέντα
1645 3985 1706 4038 16
1740 3986 1846 4039 τῶν

188 4057 450 4128 Ἑϐραίων
479 4058 635 4126 γένος
669 4059 756 4112 διὰ
790 4061 889 4131 τὴν
928 4068 1378 4139 κατακεχυμένην
1412 4071 1631 4137 κακίαν,
1654 4073 1749 4126 καὶ
1785 4074 1845 4126 οὑ

178 4146 391 4216 χρῶντα
434 4147 634 4211 αὑτοῖς,
673 4149 792 4201 οὐδὲ
832 4149 953 4218 ὖψιν
997 4152 1117 4205 τινὰ
1156 4154 1414 4220 φαίνοντα
1457 4156 1673 4225 λοιπὸν,
1725 4163 1849 4215 ἐπι-

180 4238 486 4291 σπάσασθαι
522 4239 684 4293 πάλιν
712 4240 799 4293 διὰ
826 4240 926 4311 τῆς
960 4242 1197 4313 ἀρετῆς,
1228 4247 1322 4298 καὶ
1362 4250 1546 4302 πεῖσαι
1587 4252 1847 4322 παρέχειν

181 4325 245 4377 τά
276 4326 431 4386 αὑτά,
463 4328 606 4398 άπερ
634 4328 725 4381 καὶ
769 4328 1052 4399 πρότερον,
1082 4332 1175 4383 καὶ
1211 4333 1309 4403 τὴν
1338 4337 1673 4405 προφητείαν
1705 4339 1843 4391 ἀπο-

182 4409 387 4461 πτᾶσαν
430 4410 866 4463 ἀνακαλέσασθαι
912 4410 1089 4465 πάλιν.
1122 4413 1231 4465 Καὶ
1269 4414 1441 4467 ταῦτα
1485 4417 1700 4487 ἴσχυσεν
1743 4420 1842 4473 οὑκ

184 4490 262 4556 ἐφ’
314 4488 530 4572 ⁴ήλικίας
569 4492 859 4562 γενόμενος
888 4535 901 4557 ,
939 4493 1053 4546 ἀλλ’
1096 4495 1175 4547 ἔτι
1227 4497 1436 4550 παιδίον
1486 4498 1560 4553 ὣν
1614 4504 1837 4572 μικρόν’

186 4574 291 4655 Ίὺκ
315 4568 393 4640 ἦν
425 4572 556 4655 γὰρ,
588 4576 772 4644 φησιν,
807 4575 1016 4642 ὅρασις
1050 4577 1517 4647 διαστέλλουσα,
1555 4568 1651 4637 καὶ
1680 4568 1844 4655 ῥῆμα

187 4654 366 4723 τίμιον
409 4651 507 4724 ἦν.
568 4655 709 4707 Ἀλλ’
759 4657 909 4725 ὅμως
945 4660 1042 4711 καὶ
1093 4662 1297 4716 τούτων
1343 4668 1599 4720 τοιούτων
1643 4651 1841 4733 ὄντων,

188 4737 308 4807 ἔχρα
343 4736 490 4807 αὑτῷ
532 4736 770 4806 συνεχῶς
819 4741 847 4790 6
891 4740 1043 4803 Θεός.
1072 4744 1335 4800 Τοσοῦτόν
1369 4750 1485 4801 ἐστι
1531 4750 1719 4820 κέρδος
1760 4753 1846 4805 ἀεὶ

191 4825 284 4879 τῶν
313 4826 526 4880 οἰκείων
569 4829 918 4896 παραχωρεῖν
950 4830 1245 4898 κτημάτων
1287 4835 1455 4904 αὑτῷ,
1495 4838 1587 4889 καὶ
1625 4838 1843 4893 πάντων

192 4914 485 4979 ἐξίστασθαι
514 4914 631 4985 οὐχὶ
664 4914 960 4984 χρημάτων
994 4916 1175 4986 μόνον,
1207 4919 1325 4972 οὑδὲ
1361 4922 1674 4991 κτημάτων,
1707 4924 1843 4979 ἀλλά

194 5005 275 5054 (al
298 5003 404 5057 τῶν
440 5004 645 5056 τέκνων
671 5001 865 5056 αὐτῶν.
898 5003 959 5055 Εἰ
993 5003 1097 5074 γὰρ
1127 5005 1218 5057 ἐπὶ
1248 5006 1347 5074 τῆς
1366 5009 1640 5081 ἡμετέρας
1664 5009 1841 5083 ψυχῆς

196 5092 511 5164 ιελευόμεθα
539 5093 697 5146 τοῦτο
725 5096 916 5159 ποιεῖν,
953 5093 1130 5165 πολλῷ
1174 5094 1372 5164 μᾶλλον
1407 5097 1633 5151 ἐπὶτῶν
1667 5099 1840 5155 ἀλλων

198 5180 449 5236 ῑιπάντων.
466 5182 636 5235 Τοῦτο
655 5182 763 5254 γάρ
782 5182 877 5236 καὶ
897 5184 923 5237 6
942 5182 1280 5255 πατριάρχης
1301 5183 1555 5255 ἐποίησεν
1570 5185 1838 5261 Ἀϐραὰμ,

200 5263 377 5318 ιάλλον
415 5268 473 5322 δὲ
514 5270 692 5341 πολλῴ
729 5270 941 5341 μεῖζον*
977 5270 1056 5324 διὸ
1098 5270 1193 5323 καὶ
1228 5270 1364 5342 μετὰ
1405 5271 1647 5339 πλείονος
1684 5275 1842 5347 δόξης

199 5350 413 5408 Ξιπέλαϐε
470 5360 562 5414 τὸν
609 5360 744 5413 υἱόν.
798 5362 908 5413 Kal
946 5360 1054 5431 γάρ
1097 5361 1216 5414 τότε
1262 5360 1493 5432 μάλιστα
1537 5362 1732 5435 ἔχομεν
1774 5368 1843 5423 τά

200 5438 416 5527 γμέτερα
464 5449 683 5512 παιδία,
732 5450 860 5503 ὅταν
910 5450 1047 5502 αὑτά
1083 5450 1161 5523 τῷ
1198 5452 1444 5526 Δεσπότῃ
1491 5455 1839 5527 παραδῶμεν.

203 5525 361 5617 Ιολλῷ
385 5529 494 5617 γάρ
528 5537 792 5603 μειζόνως
819 5535 995 5591 αὑτῶν
1017 5538 1223 5601 ἐκεῖνος
1252 5525 1639 5612 προστήσεται,
1657 5525 1843 5617 ἐπειδὴ

204 5616 274 5669 cal
306 5616 565 5688 μειζόνως
585 5626 827 5696 κήδεται.
858 5627 970 5697 Οὐχ
996 5626 1155 5695 ὁρᾶτε
1183 5625 1274 5677 καὶ
1297 5630 1355 5680 ἐν
1377 5633 1495 5695 ταῖς
1515 5634 1714 5699 οἰκίαις
1737 5616 1845 5690 τῶν

245 5750 457 5822 ξῌριδςι.
483 5757 535 5822 (ξς.
557 5766 684 5822 unus
703 5759 813 5822 god.
837 5758 1316 5822 napaaﬁauauualii
1334 5763 1688 5822 περιστήσεται.

243 5812 270 5883 ιτ
295 5812 376 5861 Sic
400 5815 547 5883 Sayll.
575 5821 627 5883 ει
652 5816 794 5883 a!_i_us.
823 5812 978 5883 magis
1000 5812 1598 5879 Giaeceyhloqu'hlor'el.
1637 5832 1688 5874 et
1718 5839 1845 5876 unus

207 5874 284 5921 πού.
308 5877 665 5935 συνεφάψεσθαι.
690 5877 833 5927 Enn.

250 5937 269 5966 ‘
294 5937 391 6006 Alii
416 5936 701 6006 é1axe._lnfra
726 5953 897 5988 omnes
919 5944 1027 5989 οὐδὲ
1048 5943 1197 5999 οὕτως
1217 5943 1353 5991 ἔπαθέ
1374 5960 1437 6003 τι,
1464 5952 1643 6006 praeter
1666 5948 1837 5997 Morel.

209 6009 235 6042 ιι
252 6010 345 6057 quo
363 6000 506 6049 deest
526 6000 691 6054 οὕτως.

223 6056 475 6134 ,ἣλιοι-ει.
512 6061 625 6127 πρὸς
666 6063 848 6123 ἑαυτήν,
893 6061 1044 6113 δειλίι.
1090 6069 1200 6127 παρ’
1226 6068 1411 6127 ἑαυτήν,
1454 6068 1552 6118 duo
1582 6082 1694 6117 mss.
1735 6072 1847 6131 παρ’

1003 546 1376 605 ADVERSUS
1416 548 1978 615 OPPUGNATORES
2017 557 2205 614 VITE
2244 557 2546 616 MONAST.
2590 559 2719 616 LIB.
2761 559 2852 616 111.

3527 564 3636 620 384

1970 677 2345 731 πλουτούντων
2383 677 2556 730 ταῦτα
2593 675 2888 745 γινόμενα;
2924 677 3033 731 Kal
3066 675 3174 749 γάρ
3207 676 3324 741 ἐκεῖ
3363 678 3489 742 τοὺς
3534 679 3636 751 μὲν

1968 765 2118 819 κάτω
2162 764 2301 835 μετὰ
2334 764 2442 817 τῶν
2485 764 2742 835 πατέρων
2772 763 3087 830 οἰκοῦντας,
3133 764 3231 835 οὑχ
3271 762 3440 827 οὕτως
3469 766 3638 830 ὅντως

1967 849 2250 925 λαμπροὺς
2280 850 2424 904 ἐστιν
2456 852 2601 918 ἰδεῖν,
2626 849 2777 923 [115]
2799 850 2919 904 οὑδέ
2949 850 3215 922 τοσαύτην
3234 851 3454 923 ἔχοντας
3480 851 3635 905 δύνα-

1968 957 2059 1011 μιν
2079 957 2093 970 ·
2125 941 2285 1002 ὅσους
2308 937 2351 990 δ’
2386 938 2451 991 ἂν
2485 938 2593 991 τῶν
2631 938 2835 1007 γονέων
2862 938 3269 1009 ἀποστήσαντες
3297 940 3345 992 οί
3382 938 3636 992 δεσπόται

1971 1027 2364 1097 προσνείμωσιν
2408 1026 2584 1080 αὐτῶν
2632 1029 2698 1098 τῇ
2741 1026 2989 1098 διακονίᾳ
3025 1026 3119 1079 καὶ
3166 1029 3233 1097 τῇ
3276 1025 3487 1097 φυλακῇ
3525 1026 3637 1080 τῶν

1973 1119 2251 1191 ταμιείων,
2291 1111 2438 1170 οὗτοι
2468 1117 2530 1188 δὴ
2558 1118 2652 1171 καὶ
2680 1118 2893 1183 εὐνοίας
2918 1116 3250 1171 ἀπολαύουσι
3278 1116 3517 1181 πλείονος
3541 1117 3636 1171 καὶ

1967 1206 2291 1279 παρρησίας,
2326 1205 2419 1257 καὶ
2458 1204 2710 1257 τοσοῦτον
2747 1205 2855 1258 τῶν
2899 1204 3203 1276 ὁμοδούλων
3237 1205 3344 1258 εἰσὶ
3383 1204 3636 1275 λαμπρό-

1959 1310 2132 1365 τεροι,
2176 1295 2302 1347 ὅσον
2350 1291 2460 1344 τῶν
2500 1289 2726 1343 οἰκετῶν
2769 1292 2818 1343 οἱ
2854 1292 3127 1345 δεσπόται.
3165 1293 3229 1345 El
3264 1292 3320 1345 δέ
3355 1292 3635 1363 ἄνθρωποι

1960 1381 2084 1449 περὶ
2118 1381 2241 1442 τοὺς
2275 1378 2725 1449 διακονουμένους
2753 1375 2926 1440 οὔτως
2960 1378 3067 1429 είσὶ
3096 1380 3321 1448 χρηστοὶ
3349 1379 3441 1432 καὶ
3464 1378 3632 1444 εὖνοι,

1960 1467 2138 1538 πολλῷ
2169 1467 2367 1538 μᾶλλον
2405 1467 2438 1537 ἠ
2470 1467 2696 1535 ἄπειρος
2729 1463 3023 1534 ἀγαθότης,
3050 1463 3197 1516 τοῦτ’
3226 1464 3393 1527 ἐστιν,
3426 1467 3454 1517 6
3480 1466 3632 1529 Θεός.

1970 1554 2178 1625 Ἐῶμεν
2210 1566 2233 1594 θ
2253 1556 2432 1608 τοίνυν
2458 1555 2654 1615 αὑτοὺς
2677 1554 2991 1623 ὑπηρετεῖν,
3014 1552 3113 1605 οὑκ
3144 1553 3225 1616 είς
3253 1552 3380 1606 ναὸν
3411 1552 3638 1621 ἄγοντες

1958 1642 2209 1713 καθάπερ
2233 1643 2323 1698 τὸν
2354 1640 2627 1712 Σαμουὴλ,
2661 1640 2773 1693 ἀλλ’
2810 1642 2889 1703 είς
2923 1640 3086 1693 αὑτὸν
3110 1643 3203 1692 τὸν
3233 1639 3461 1710 οὐρανὸν
3494 1641 3636 1710 μετὰ

1957 1728 2065 1781 τῶν
2116 1729 2394 1797 ἀγγέλων,
2443 1727 2581 1797 μετὰ
2626 1727 2733 1779 τῶν
2782 1727 3157 1798 ἀρχαγγέλων.
3196 1728 3319 1779 Ὅτι
3355 1727 3464 1798 γὰρ
3516 1729 3635 1798 μετ’

1956 1814 2179 1868 ἐκείνων
2229 1814 2641 1884 διακονήσονται
2691 1812 2907 1875 πάντως
2956 1814 3050 1865 καὶ
3094 1814 3527 1882 ὑπηρετήσουσιν
3584 1815 3634 1866 οἱ

1952 1903 2160 1975 ταύτης
2203 1901 2593 1973 ἐπειλημμένοι
2637 1901 2738 1973 τῆς
2766 1900 3088 1971 φιλοσοφίας
3125 1899 3289 1953 παντί
3331 1918 3433 1952 που
3476 1901 3635 1971 δῆλόν

1955 1992 2089 2045 ἐστι.
2137 1991 2247 2043 Καὶ
2302 1992 2401 2060 οὑχ
2454 1988 2661 2042 ἑαυτῶν
2720 1990 2913 2058 μόνον,
2970 1988 3106 2041 ἀλλά
3163 1988 3257 2040 καὶ
3298 1986 3457 2058 ὑμῶν
3494 1988 3635 2058 μετά

1957 2082 2197 2146 πλείονος
2224 2080 2622 2151 προστήσονται
2654 2080 2754 2148 τῆς
2782 2080 3117 2151 παρρησίας.
3146 2079 3211 2131 El
3238 2078 3348 2147 γάρ
3375 2095 3521 2140 τινες
3546 2078 3636 2130 διὰ

1956 2170 2196 2241 πατέρας
2250 2167 2605 2240 παραμυθίας
2638 2166 2828 2237 ἔτυχόν
2862 2183 3042 2229 τινος,
3083 2165 3262 2236 πολλῴ
3315 2164 3513 2234 μᾶλλον
3545 2164 3634 2218 διὰ

1954 2258 2148 2321 παῖδας
2185 2257 2440 2328 πατέρες.
2482 2256 2631 2308 Ἐκεῖ
2673 2254 2774 2324 μὲν
2816 2253 2925 2325 γὰρ
2967 2254 3027 2306 τὸ
3075 2253 3173 2323 τῆς
3219 2252 3433 2322 φύσεως
3472 2251 3633 2323 μόνον

1950 2345 2228 2414 δικαίωμα
2259 2340 2342 2415 ἦν,
2371 2342 2600 2397 ἐνταῦθα
2637 2341 2695 2395 δὲ
2728 2343 2825 2395 καὶ
2856 2343 2916 2394 τὸ
2944 2341 3042 2410 τῆς
3072 2341 3414 2411 ἀνατροφῆς,
3450 2337 3634 2409 πολλῷ

1950 2436 2052 2503 τῆς
2092 2434 2307 2503 φύσεως
2347 2433 2530 2503 μεῖζον
2570 2432 2647 2483 δν.
2678 2432 2790 2484 Kal
2830 2431 3002 2483 ταῦτα
3039 2431 3166 2501 ὑμῖν
3206 2429 3494 2500 ἀμφότερα
3521 2428 3634 2482 ἀπὸ

1948 2523 2058 2574 τῶν
2099 2522 2260 2575 θείων
2296 2518 2637 2589 πιστώσομαι
2670 2518 2923 2587 Γραφῶν.
2956 2517 3059 2570 Τὸν
3102 2517 3210 2586 γάρ
3246 2515 3494 2580 Ἐζεκίαν
3542 2517 3632 2567 ἐν·

1953 2611 2145 2683 άρετον
2184 2610 2282 2679 μὲν
2318 2608 2445 2661 ὄντα
2482 2608 2577 2660 καὶ
2622 2605 2855 2675 εὐσεϐῆ,
2912 2606 3012 2659 οὑκ
3043 2604 3233 2675 ἔχοντα
3260 2602 3319 2655 δὲ
3362 2600 3632 2671 τοσαύτην

1952 2698 2265 2769 παρρησίαν
2328 2695 2436 2749 ἀπὸ
2489 2694 2596 2747 τῶν
2646 2692 3107 2763 κατορθωμάτων,
3153 2691 3296 2744 ὥστε
3349 2691 3443 2744 καὶ
3494 2688 3632 2759 πρὸς

1950 2787 2202 2840 τοσοῦτον
2242 2786 2485 2839 κίνδυνον
2524 2782 2747 2852 στῆναι,
2782 2782 2888 2835 ἀπὸ
2932 2781 3032 2848 τῆς
3075 2779 3170 2833 τοῦ
3206 2779 3414 2851 πατρὸς
3459 2776 3630 2848 ἔφησε

1952 2874 2143 2940 σώζειν
2175 2873 2373 2943 ἀρετῆς
2397 2873 2425 2925 6
2463 2871 2614 2933 Θεός.
2647 2867 3013 2936 ’Υπερασπιῶ
3041 2867 3169 2936 γὰρ,
3196 2866 3351 2936 φησι,
3377 2863 3489 2933 τῆς
3518 2865 3633 2916 πό·-

1948 2966 2099 3027 λεως
2154 2962 2377 3026 ταύτης
2443 2957 2549 3011 τοῦ
2596 2956 2793 3011 σῶσαι
2844 2954 3042 3020 αὐτὴν
3078 2953 3152 3006 δι’
3200 2951 3343 3021 ἐμὲ,
3390 2951 3490 3005 καὶ
3530 2949 3633 3004 διὰ
3702 2967 3710 2975 ’

1946 3050 2131 3103 Δαυῒδ
2169 3048 2275 3101 τὸν
2314 3045 2495 3100 παῖδά
2531 3062 2669 3113 μου.
2713 3043 2823 3096 Kal
2864 3041 3115 3113 Τιμοθέῳ
3165 3040 3221 3092 δέ
3268 3040 3396 3111 περὶ
3426 3037 3632 3108 γονέων

1950 3134 2278 3187 ἐπιστέλλων
2306 3133 2488 3200 ἔλεγεν
2520 3131 2549 3183 6
2578 3128 2811 3192 Παῦλος,
2850 3129 2933 3181 ὅτι
2969 3126 3355 3195 Σωθήσονται
3383 3127 3481 3179 διὰ
3520 3125 3632 3190 τῆς

1948 3220 2357 3289 τεκνογονίας,
2398 3217 2509 3270 ἐὰν
2542 3216 2835 3283 μείνωσιν
2859 3215 2929 3267 ὲν
2956 3214 3156 3266 πίστει
3179 3211 3280 3264 καὶ
3304 3209 3505 3279 ἀγάπῃ
3531 3208 3630 3259 καὶ

1946 3309 2219 3381 ἁγιασμῷ
2260 3308 2412 3377 μετὰ
2446 3307 2871 3375 σωφροσύνης.
2904 3305 3014 3357 Καὶ
3044 3302 3137 3355 τὸν
3190 3300 3310 3354 ’1ὼὸ
3349 3299 3404 3352 δέ
3436 3298 3628 3368 ὥσπερ

1947 3396 2056 3449 ἀπὸ
2095 3394 2205 3447 τῶν
2237 3393 2414 3447 ἄλλων
2444 3393 2704 3463 ἐπῄνεσεν
2736 3393 2769 3462 ή
2808 3389 3021 3460 Γραφὴ.
3051 3383 3162 3441 οἷον
3194 3387 3276 3440 ὅτι
3299 3385 3506 3449 δίκαιος
3532 3385 3629 3437 καὶ

1948 3483 2198 3554 ἀληθινὸς
2234 3483 2329 3535 καὶ
2358 3480 2614 3551 θεοσεϐὴς
2646 3476 2737 3551 ἦν,
2772 3478 2914 3531 οὑτω
2937 3478 3034 3530 καὶ
3066 3476 3176 3530 ἀπὸ
3196 3476 3295 3545 τῆς
3336 3474 3469 3545 περὶ
3499 3474 3629 3536 τοὺς

1951 3574 2145 3636 παῖδας
2198 3571 2532 3641 ἐπιμελείας.
2589 3570 2741 3641 Α’ὑτη
2784 3568 2840 3621 δὲ
2889 3563 2958 3637 ἦν
3010 3568 3071 3620 οὑ
3118 3564 3320 3638 χρυσὸν
3375 3564 3627 3632 συνάγειν

1949 3662 2154 3723 αὑτοῖς,
2183 3659 2301 3712 οὑδὲ
2347 3657 2625 3723 ἐπιδόξους
2663 3659 2839 3708 ποιεῖν
2882 3656 2976 3707 καὶ
3010 3653 3314 3723 λαμπροὺς,
3360 3650 3499 3704 ἀλλὰ
3536 3652 3624 3715 τίς

1953 3750 2217 3800 ’Ἄκουσον
2256 3749 2357 3816 τῆς
2395 3745 2618 3815 Γραφῆς
2649 3741 2943 3813 λεγούσηςσ
2979 3741 3165 3793 ’Ὅταν
3185 3736 3629 3802 συνετελέσθη-

1946 3851 2068 3888 σαν
2096 3837 2153 3887 ui
2194 3832 2403 3900 ἡμέραι
2441 3831 2547 3884 τοῦ
2577 3831 2765 3883 πότου
2796 3826 3014 3888 αὐτῶν,
3049 3826 3433 3881 ἀπέστελλεν
3483 3823 3624 3887 Ἰὼϐ,

1947 3922 2045 3975 καὶ
2083 3918 2424 3987 ἐκαθάριζεν
2464 3916 2720 3982 αὐτοὺς,
2767 3915 2865 3969 καὶ
2911 3912 3312 3982 ἀνιστάμενος
3352 3909 3435 3976 τῷ
3476 3910 3628 3978 πρωῒ

1948 4006 2279 4077 προσέφερε
2325 4003 2459 4073 περὶ
2507 4002 2706 4057 αὐτῶν
2748 4003 2972 4057 θυσίαν
3012 4001 3162 4054 κατὰ
3218 3999 3327 4053 τὸν
3374 3997 3627 4067 ἀριθμὸν

1950 4096 2169 4159 αὐτῶν,
2207 4094 2304 4148 καὶ
2356 4094 2594 4163 μόσχον
2639 4091 2749 4145 ἕνα
2786 4089 2918 4159 περὶ
2964 4089 3256 4158 ἁμαρτίας
3304 4087 3456 4155 ὑπὲρ
3507 4085 3627 4137 τῶν

1950 4184 2168 4255 ψυχῶν
2193 4182 2418 4237 αὐτῶνο
2451 4181 2624 4250 ἔλεγε
2665 4179 2774 4249 γὰρ
2817 4180 2947 4234 Ἰὼϐ
2970 4179 3039 4230 ἐν
3070 4176 3145 4244 τῇ
3174 4176 3387 4244 καρδίᾳ
3416 4172 3625 4237 αὑτοῦ,

1950 4272 2046 4340 Μή
2078 4284 2223 4324 ποτε
2256 4273 2309 4322 οί
2343 4268 2461 4321 υἱοί
2485 4285 2601 4337 μου
2630 4266 2701 4320 ἐν
2737 4263 2810 4333 τῇ
2838 4264 3069 4329 διανοίᾳ
3099 4263 3299 4317 αὐτῶν
3331 4260 3485 4314 κακὰ
3530 4260 3628 4312 ἐν-

1872 4391 1882 4399 σ
1946 4360 2216 4424 ενόησαν
2259 4356 2408 4423 πρὸς
2456 4356 2623 4407 Θεόν.
2664 4349 2808 4422 Ἀρα
2851 4351 3003 4403 ἔσται
3051 4366 3135 4411 τις
3187 4350 3320 4417 ἡμῖν
3359 4346 3624 4413 ἀπολογία

1946 4445 2131 4498 λοιπὶν
2163 4442 2385 4494 τοιαῦτα
2421 4439 2724 4509 τολμῶσιν;
2765 4439 2827 4489 Εἰ
2878 4436 2988 4506 γὰρ
3028 4436 3056 4486 6
3100 4433 3205 4505 πρὸ
3239 4433 3339 4502 τῆς
3377 4432 3619 4502 χάριτος,

1945 4534 1973 4584 6
2001 4530 2106 4601 πρὸ
2140 4527 2234 4581 τοῦ
2266 4526 2463 4597 νόμου,
2496 4526 2525 4577 6
2572 4523 2842 4594 μηδεμιᾶς
2884 4519 3200 4583 ἀπολαύσας
3236 4517 3621 4580 διδασκαλίας,

1944 4618 2213 4687 τοσαύτην
2254 4615 2359 4669 τῶν
2394 4612 2598 4666 παίδων
2638 4613 2873 4664 ἐποιεῖτο
2915 4608 3194 4680 πρόνοιαν,
3239 4607 3315 4671 ὡς
3354 4607 3451 4660 καὶ
3482 4605 3624 4676 ὑπὲρ

1946 4707 2056 4760 τῶν
2112 4704 2320 4776 ἀδήλων
2370 4702 2595 4774 τρέμειν
2645 4700 3086 4771 ἁμαρτημάτων,
3130 4698 3211 4759 τίς
3271 4697 3420 4766 ἡμᾶς
3480 4693 3624 4758 ἐξαι-

1949 4796 2173 4868 ρήσεται
2217 4791 2403 4845 λοιπὸν
2454 4790 2579 4852 τοὺς
2628 4790 2686 4841 ἐν
2732 4790 2798 4857 τῇ
2835 4788 3038 4856 χάριτι,
3076 4786 3203 4845 τοὺς
3231 4785 3325 4836 καὶ
3353 4781 3622 4835 τοσούτων

1946 4867 2281 4934 διδασκάλων
2346 4874 2746 4944 τετυχηκότας,
2792 4873 2919 4933 τοὺς
2972 4870 3193 4921 τοιαῦτα
3248 4867 3621 4937 ὑποδείγματα

1944 4968 2167 5037 ἔχοντας
2215 4966 2308 5019 καὶ
2343 4961 2610 5025 τοσαύτας
2636 4959 3015 5031 παραινέσεις,
3043 4958 3104 5011 οὑ
3138 4956 3299 5027 μόνον
3340 4955 3481 5026 ὑπὲρ
3512 4955 3621 5007 τῶν

1943 5054 2153 5125 ἀδήλων
2207 5053 2268 5105 οὑ
2299 5050 2602 5112 δεδοικότας
2623 5090 2637 5113 ,
2687 5048 2823 5102 ἀλλά
2852 5046 2948 5101 καὶ
2975 5047 3084 5101 τῶν
3126 5046 3301 5117 δήλων
3346 5059 3622 5114 καταιρρο⁹

1945 5143 2192 5207 νοῦντας,
2222 5140 2317 5193 καὶ
2364 5139 2423 5192 οὑ
2454 5136 2932 5209 καταφρονοῦντας
2962 5135 3143 5207 μόνον,
3178 5134 3314 5187 ἀλλά
3354 5133 3449 5186 καὶ
3493 5132 3619 5194 τοὺς

1948 5229 2299 5304 βουλομένους
2326 5225 2467 5281 αὑτά
2488 5225 2733 5298 διορθοῦν
2753 5224 3071 5285 ἐλαύνοντας
3090 5240 3103 5289 ;
3124 5222 3231 5274 Kal
3251 5222 3342 5273 16v
3367 5217 3623 5290 Ἀϐραάμ

1945 5322 2024 5386 δὲ,
2055 5318 2304 5390 καθάπερ
2339 5316 2509 5387 ἔφθην
2546 5314 2748 5381 εἰπὼν,
2787 5314 2924 5385 μετά
2967 5311 3074 5364 τῶν
3116 5308 3292 5364 ἄλλων
3340 5306 3622 5380 κατορθω-

1952 5411 2136 5484 μάτων
2172 5410 2267 5462 καὶ
2297 5406 2456 5461 τοῦτο
2484 5404 2733 5477 λαμπρὸν
2762 5401 2953 5455 ἐποίει.

2018 5496 2379 5552 κα’.Τοσαῦτα
2394 5491 2487 5549 οῦν
2502 5494 2712 5564 ἔχοντες
2728 5484 3625 5560 ὑποδείγματα,κατασκευάζωμεν

1948 5588 2028 5660 τῷ
2056 5584 2172 5655 Θεῷ
2210 5583 2518 5660 διακόνους,
2561 5580 2659 5634 καὶ
2697 5578 3044 5649 λειτουργοὺς
3094 5576 3377 5648 δοκίμους.
3408 5574 3472 5627 Εἰ
3504 5572 3622 5660 ,γὰρ

1948 5659 2185 5744 ἀθλητάς
2230 5688 2313 5734 τις
2357 5669 2544 5723 πόλεσι
2576 5667 2823 5740 τρέφων,
2854 5666 2888 5737 ἢ
2940 5664 3276 5738 στρατιώτας
3310 5659 3622 5733 βασιλεῦσιν

1947 5762 2151 5825 ἀσκῶν,
2196 5759 2409 5832 μεγάλῃ
2454 5757 2819 5829 τιμηθήσεται
2858 5759 3032 5828 τιμῇ,
3068 5757 3240 5819 πόσην
3284 5752 3430 5822 ἡμᾶς
3474 5749 3626 5814 είκδς

1947 5852 2129 5907 λαϐεῖν
2173 5848 2417 5921 δωρεάν,
2454 5848 2596 5902 οὑτω
2628 5845 2908 5916 γενναίους
2947 5846 3041 5898 καὶ
3075 5842 3339 5915 μεγάλους
3387 5839 3625 5911 ἄνδρας,

1954 5939 2150 6013 μᾶλλον
2180 5938 2237 5990 δὲ
2261 5936 2524 6005 ἀγγέλους
2550 5935 2627 6007 τῷ
2651 5934 2769 6004 Θεῷ
2799 5934 3096 6006 τρέφοντας
3116 5947 3130 5997 ;
3155 5926 3306 6002 [Hb]
3325 5927 3511 5983 Πάντα
3530 5921 3625 5981 οὖν

2018 6135 2035 6153 ⁸
2058 6132 2153 6181 Aiii
2183 6130 2353 6187 -ὶιῖιμεν,
2380 6129 2461 6178 alii
2487 6132 2655 6185 ’.ιξιιι-σ,
2686 6128 2765 6177 alii
2791 6127 2954 6186 ἑίιιμεν.
