4454 6690
774 545 881 603 385

779 660 1127 732 πράττωμεν,
1151 657 1293 713 ὥστε
1313 659 1497 721 αὐτοῖς
1519 659 1738 727 ἀφεῖναι
1760 660 1851 713 τὸν
1875 662 1970 731 τῆς
1993 661 2271 724 εὐσεϐείας
2294 662 2458 714 πλοῦ-

1556 546 1614 599 δ.
1656 546 1941 601 ιυΑΝΝΙΞ
1977 545 2471 603 CHRYSOSTOMI

2587 550 2834 605 lCHlEP.
2877 551 3430 609 CONSTANTISOP.
4150 560 4258 613 383

2558 667 2742 731 ἐστιν,
2786 668 3247 733 Ἀδυνατοῦντας,
3286 671 3489 741 φησὶν,
3541 667 3745 732 εἰδότες
3805 673 3943 740 πρὶς
3993 674 4059 728 :6
4098 676 4260 739 τέλος

780 764 892 810 τον,
924 748 1017 799 τὸν
1051 747 1303 819 μένοντα,
1330 746 1422 798 καὶ
1453 747 1956 817 συναποδημοῦντα,
1983 749 2075 801 καὶ
2100 750 2201 801 οὐκ
2224 751 2459 804 ἐνταῦθα
2557 754 2753 821 ἐλθεῖν,
2797 760 3154 832 ἐκωλύσαμεν
3194 762 3283 816 διὰ
3341 762 3521 816 τοῦτο.
3578 762 3639 814 Εἰ
3689 762 3799 832 γὰρ
3838 764 3932 814 καὶ
3992 769 4257 837 προῄδεις

777 834 967 926 μόνον,
990 836 1141 926 ἀλλά
1169 836 1404 926 καὶᾲέκεῖ
1437 835 1670 905 μέγιστα
1705 836 1893 926 όνῆσαι
1920 837 2237 906 δυνάμενον.
2362 839 2486 924 μὲν.
2556 845 2716 899 τοῦτο
2750 852 2960 919 σαφῶς,
2995 853 3093 905 καὶ
3122 855 3197 926 μὴ
3230 855 3532 926 στοχασμὸς
3566 854 3625 907 τδ
3654 856 3887 925 πρᾶγμα
3922 850 4026 925 ἦν.
4065 834 4261 911 κᾶλλοι

779 925 891 994 γὰρ
938 923 1189 994 βιωτικὸς
1248 922 1371 977 οὐτε
1406 924 1944 994 συμμεταστήσεται,
1990 926 2084 978 καὶ
2130 925 2363 979 ἐνταῦθα
2406 916 2486 979 δὲ’

782 1010 1198 1081 προαπολεῖται,
1237 1011 1487 1074 καὶτοὺς
1531 1011 1753 1081 ἔχοντας
1796 1011 2059 1076 πολλάκις
2096 1014 2459 1085 προσαπολεῖ·

778 1092 937 1161 οὗτος
977 1098 1036 1151 δὲ
1060 1099 1157 1151 καὶ
1194 1097 1422 1151 ἐνταῦθα
1473 1099 1633 1149 κάκεῖ
1658 1096 1875 1167 βέϐαιος
1916 1097 2103 1162 ἔσται,
2142 1101 2238 1153 καὶ
2277 1100 2464 1169 διατη-

786 1186 944 1256 ρήσει
979 1186 1117 1255 μετά
1143 1185 1343 1252 πολλῆς
1379 1183 1676 1254 ἀσφαλείας
1703 1185 1828 1249 τοὺς
1876 1187 2247 1257 κεκτημένους
2281 1187 2460 1239 αὐτόν.

783 1273 897 1326 Kal
948 1274 1055 1343 γὰρ
1081 1272 1253 1335 οὕτως
1290 1272 1437 1341 ἔχει’
1476 1274 1505 1326 6
1535 1272 1633 1343 μὲν
1658 1272 1727 1326 τὰ
1761 1275 1818 1326 ἐν
1846 1276 1913 1343 τῇ
1948 1275 2018 1344 γῇ
2051 1272 2329 1344 προτιμῶν
2354 1271 2465 1325 τῶν

784 1358 1202 1429 πνευματικῶν,
1247 1360 1519 1414 κάκείνων
1565 1363 1875 1414 ἐκπεσεῖται
1912 1361 2006 1413 καὶ
2050 1360 2282 1412 τούτων·
2325 1362 2354 1412 6
2408 1359 2467 1412 δὲ

783 1447 893 1500 τῶν
918 1447 1187 1518 οὐρανίων
1224 1447 1527 1518 ἐπιθυμῶν,
1550 1450 1644 1501 καὶ
1664 1448 1771 1501 τῶν
1801 1447 1892 1499 ἐπὶ
1918 1449 2021 1516 γῆς
2048 1446 2298 1511 τεύξεται
2330 1446 2468 1499 πάν-

783 1551 917 1597 τως.
967 1536 1082 1589 Οὐκ
1133 1535 1265 1605 ἐμὸς
1297 1529 1446 1598 οὗτος
1505 1537 1533 1587 ό
1574 1534 1763 1601 λόγος,
1800 1533 1913 1586 ἀλλ’
1943 1533 2109 1588 αὐτοῦ
2148 1533 2243 1587 τοῦ
2294 1533 2467 1587 ταῦτα

787 1624 1092 1692 παρασχεῖν
1112 1622 1397 1692 μέλλοντος
1414 1622 1622 1693 Κυρίου
1645 1634 1694 1674 ο.
1727 1620 1969 1691 Ζητεῒτε
1996 1621 2133 1694 γὰρ,
2157 1622 2311 1694 φησὶ,
2354 1620 2471 1689 τὴν

781 1709 1115 1774 ,ϐασιλείαν
1166 1709 1274 1763 τοῦ
1321 1709 1493 1773 Θεοῦ,
1520 1710 1621 1764 καὶ
1661 1710 1854 1765 ταῦτα
1910 1709 2107 1764 πάντα
2138 1709 2469 1778 προστεθή-

788 1812 960 1849 σεται
1015 1795 1181 1866 ὐμῒν.
1232 1797 1300 1850 Τί
1343 1797 1550 1869 ταύτης
1588 1800 1703 1852 ἴσον
1757 1798 1949 1866 γένοιτ’
2007 1798 2072 1851 ἂν
2121 1801 2221 1868 τῆς
2274 1798 2470 1868 τιμῆς;

788 1884 1070 1955 Φρόντιζε,
1104 1885 1293 1955 φησὶν,
1327 1886 1468 1957 ὑπὲρ
1497 1887 1605 1940 τῶν
1648 1887 2051 1957 πνευματικῶν,
2080 1886 2205 1955 ἐμοὶ
2247 1886 2303 1937 δὲ
2336 1886 2473 1953 ἄφες

790 1972 973 2027 πάντα
996 1971 1067 2025 τά
1090 1971 1179 2025 σά.
1199 1972 1412 2043 ’Ὥσπερ
1441 1972 1508 2026 ἂν
1538 1974 1591 2026 εῐ
1610 1990 1695 2037 τις
1727 1975 1909 2044 πατὴρ
1930 1973 2278 2041 φιλόστοργος
2296 1973 2473 2034 οίκίας

791 2060 1114 2130 ἐπιμέλειαν
1175 2060 1272 2113 καὶ
1320 2060 1548 2113 οἰκετῶν
1602 2060 1936 2131 προστασίαν
1993 2061 2085 2112 καὶ
2141 2061 2248 2112 τῶν
2296 2058 2471 2111 ἄλλων

791 2147 1052 2200 ἁπάντων
1084 2146 1534 2217 μεταχειρίζοιτο,
1566 2148 1643 2216 τῷ
1674 2147 1824 2199 παιδὶ
1858 2146 2145 2217 φιλοσοφίᾳ
2178 2146 2313 2215 μόνῃ
2350 2162 2472 2215 σχο-

791 2233 976 2297 λάζειν
1020 2234 1308 2303 παραινοίη
1334 2233 1362 2271 ³³
1393 2249 1407 2262 ⁸
1443 2233 1586 2285 οὕτω
1618 2234 1682 2303 δὴ
1730 2233 1826 2285 καὶ
1879 2234 1909 2286 6
1947 2233 2098 2296 Θεός.
2151 2231 2474 2301 Πειθώμεθα

791 2321 972 2375 τοίνυν
991 2358 1006 2383 ,
1033 2321 1130 2373 καὶ
1173 2319 1427 2390 ζητῶμεν
1464 2319 1565 2391 τὴν
1605 2319 1879 2389 βασιλείαν
1903 2320 1999 2373 τοῦ
2024 2319 2183 2384 Θεοῦ,
2214 2321 2307 2374 καὶ
2334 2319 2477 2373 οὕτω

794 2408 1072 2479 πανταχοῦ
1110 2408 1241 2472 τούς
1285 2426 1344 2461 τε
1384 2408 1579 2472 παῖδας
1605 2408 1860 2479 δοκίμους
1885 2408 2151 2479 ὀψόμεθα,
2192 2410 2285 2461 καὶ
2326 2409 2479 2462 αὐτοὶ

798 2499 915 2567 μετ’
950 2497 1176 2551 ἐκείνων
1214 2496 1453 2567 ἐσόμεθα
1477 2496 1743 2567 λαμπροὶ,
1771 2498 1867 2550 καὶ
1897 2497 2007 2550 τῶν
2036 2498 2318 2568 παρόντων
2346 2499 2481 2550 ἀποο

794 2583 1145 2653 λαυσόμεθα,
1195 2584 1263 2636 ἀν
1316 2584 1424 2636 τῶν
1466 2583 1767 2653 μελλόντων
1821 2585 1917 2637 καί
1956 2585 2222 2655 οὐρανίων
2265 2585 2479 2654 ἐρῶμεν

800 2672 982 2741 μόνον.
1013 2672 1198 2724 Ταῦτα
1225 2670 1569 2741 πειθομένοις
1590 2670 1690 2741 μὲν
1727 2672 1874 2741 ὐμῖνυ
1895 2671 2069 2742 μέγαν
2097 2673 2233 2725 οῖσει
2263 2672 2355 2725 τὸν
2390 2690 2481 2742 μι-

800 2757 945 2823 σθὸν,
977 2758 1317 2827 ἀντιλέγουσι
1367 2758 1425 2811 δέ
1458 2759 1554 2811 καὶ
1596 2757 1887 2812 ἀπειθοῦσι
1940 2759 2329 2832 χαλεπωτέραν
2378 2757 2478 2830 τὴν

797 2845 1092 2917 τιμωρίαν.
1132 2847 1208 2900 Οὐ
1241 2846 1352 2917 γὰρ
1380 2845 1460 2899 ενι
1495 2851 1832 2915 καταφυγεῖν
1887 2848 1967 2910 είς
2004 2847 2323 2917 ἀπολογίαν,
2357 2848 2481 2901 οὐδὲ

800 2933 974 2985 εἰπεῖν
1001 2934 1081 2986 ὃτι
1109 2935 1137 2986 6
1158 2932 1331 2986 ταῦτα
1356 2932 1622 2987 διδάσκων
1658 2934 1831 2996 οὐδεὶς
1861 2928 1952 3002 ἦν.
1982 2933 2235 2987 Μάλιστα
2268 2936 2368 3005 μὲν
2388 2932 2481 2988 οὖν

801 3019 898 3073 καὶ
926 3021 1032 3092 πρὸ
1071 3022 1179 3076 τῶν
1205 3022 1489 3095 ἡμετέρων
1520 3022 1694 3091 λόγων
1726 3025 1761 3093 ή
1805 3022 2071 3091 ἀπολογία
2111 3022 2251 3094 αῦτη
2283 3022 2486 3095 ἀνῄρηο

800 3124 885 3172 το,
919 3108 1021 3178 τῆς
1066 3126 1125 3162 τε
1175 3111 1393 3179 φύσεως
1423 3109 1654 3180 ἐχούσης
1686 3109 1911 3180 ἀκριϐὲς
1953 3110 2015 3162 :6
2067 3112 2347 3182 κριτήριον
2379 3110 2489 3164 τῶν

804 3196 1020 3261 καλῶν,
1056 3199 1149 3251 καὶ
1172 3198 1280 3252 τῶν
1308 3199 1371 3251 οὐ
1401 3198 1678 3264 τοιούτων,
1712 3201 1811 3269 τῆς
1840 3215 1900 3250 τε
1935 3198 2254 3268 φιλοσοφίας
2285 3199 2490 3269 ταύτης

806 3284 1084 3355 πανταχοῦ
1109 3284 1501 3356 προκειμένης,
1524 3284 1632 3338 τῶν
1665 3301 1724 3337 τε
1757 3286 1816 3337 ἐν
1842 3284 1920 3355 τῷ
1953 3285 2053 3356 βίῳ
2081 3286 2262 3339 κακῶν
2291 3286 2489 3338 ἱκανῶν

806 3373 975 3427 όντων
1009 3375 1119 3437 καὶ
1155 3377 1283 3437 τοὺς
1328 3374 1531 3445 σφόδρα
1568 3374 1812 3446 ἐρῶντας
1847 3374 2014 3428 αὐτοῦ
2047 3376 2183 3446 πρὸς
2222 3374 2320 3446 τήν
2359 3377 2488 3447 ἐρη-

812 3461 943 3530 μίαν
969 3461 1182 3515 ἐλάσαι.
1209 3464 1320 3516 Καὶ
1351 3462 1629 3531 σιγώντων
1665 3464 1762 3533 μὲν
1798 3458 1915 3529 οῦν,
1946 3464 2084 3535 ὅπερ
2111 3462 2270 3534 ἐφην,
2297 3464 2364 3518 τὰ
2390 3465 2490 3535 τῆς

810 3548 1109 3617 ἀπολογίας
1137 3551 1399 3621 ἀνῄρητο,
1422 3550 1542 3603 νυνὶ
1570 3550 1628 3602 δὲ
1660 3550 1838 3619 πολλῷ
1876 3550 2035 3603 πλέον
2060 3550 2197 3620 μετὰ
2221 3552 2347 3614 τοὺς
2388 3568 2491 3621 μα-

812 3636 981 3706 κροὺς
999 3636 1191 3705 λόγους
1220 3636 1463 3702 τούτους,
1487 3637 1582 3689 καὶ
1607 3635 1704 3708 τὴν
1734 3635 1999 3707 τοσαύτην
2030 3636 2372 3707 παραίνεσιν,
2396 3639 2492 3706 τήν

812 3743 873 3778 τε
897 3725 1008 3779 ἀπὸ
1033 3724 1141 3777 τῶν
1169 3725 1531 3796 πραγμάτων,
1556 3726 1655 3795 τήν
1678 3741 1733 3776 τε
1764 3724 2101 3793 σαφεστέραν
2128 3724 2226 3795 τήν
2252 3723 2360 3776 ἀπὸ
2387 3724 2494 3778 τῶν

814 3813 974 3866 θείων
1003 3812 1255 3883 Γραφῶν.
1286 3812 1395 3865 Καὶ
1421 3814 1470 3864 εί
1512 3812 1609 3882 μὲν
1633 3808 1701 3882 ἦν
1724 3811 1861 3865 οἴκοι
1887 3810 2150 3881 μένοντας
2177 3812 2253 3882 μὴ
2272 3810 2496 3879 διαφθα-

818 3902 977 3972 ρῆναι
1003 3901 1209 3966 τέλεον,
1246 3901 1382 3955 ἀλλά
1406 3900 1504 3972 τὴν
1533 3900 1664 3970 γοῦν
1695 3901 1931 3971 ἐσχάτην
1981 3899 2134 3965 τάξιν
2178 3899 2279 3969 τῆς
2316 3916 2493 3969 σωτη..

821 3990 945 4060 ρίας
991 3989 1212 4059 λαχεῖν,
1251 3989 1485 4060 μάλιστα
1528 3989 1625 4059 μὲν
1657 3990 1779 4043 οὐδὲ
1821 3987 1994 4051 οὕτως
2023 3988 2089 4041 ἂν
2130 3987 2229 4058 τὴν
2275 3986 2494 4040 κόλασιν

816 4076 1170 4147 διεφύγομεν,
1195 4077 1323 4139 τοὺς
1352 4078 1444 4129 ἐπὶ
1480 4076 1593 4146 βίον
1639 4076 2028 4147 ἀκριϐέστερον
2070 4074 2305 4144 βαδίζειν
2347 4076 2495 4127 ἐπει-

818 4165 1089 4235 γομένους
1138 4162 1471 4229 κωλύοντες,
1505 4164 1600 4216 καὶ
1641 4165 1700 4215 ἐν
1740 4166 1852 4225 τοῖς
1896 4162 2313 4232 βιωτικωτέροις
2370 4179 2498 4215 κατ-

823 4252 1043 4321 έχοντες
1074 4250 1211 4321 πρὸς
1240 4249 1330 4303 τὸν
1358 4248 1585 4319 οὐρανὸν
1607 4248 1807 4318 πτῆναι
1838 4248 2257 4317 ἐπειγομένους*
2291 4248 2416 4300 ὅταν
2444 4248 2499 4300 δέ

827 4339 961 4410 μηδὲ
993 4337 1153 4392 τοῦτο
1189 4338 1307 4409 ἐξῇ,
1348 4336 1465 4390 ἀλλ’
1500 4337 1713 4408 ἀνάγκη
1762 4337 1981 4401 πάντως
2024 4335 2359 4401 ἀπολέσθαι,
2410 4338 2501 4389 καὶ

824 4429 954 4498 περὶ
1005 4425 1116 4480 τῶν
1187 4427 1433 4496 ἐσχάτων
1487 4426 1517 4476 6
1571 4424 1815 4487 κίνδυνος
1866 4420 1937 4498 ᾖ,
1998 4424 2119 4478 τίνα
2171 4423 2503 4494 συγγνώμην

824 4513 1036 4583 ἕξομεν,
1072 4514 1192 4566 τίνα
1216 4513 1274 4566 δὲ
1308 4513 1600 4582 ἀπολογίαν
1618 4550 1635 4578 ,
1664 4513 1724 4565 οὐ
1759 4514 1915 4583 μόνον
1940 4511 2048 4565 τῶν
2079 4512 2295 4565 οἰκείων
2318 4512 2502 4583 ἀμαρ-

826 4602 1111 4673 τημάτων,
1151 4600 1288 4654 ἀλλά
1328 4601 1423 4654 καὶ
1449 4602 1557 4654 τῶν
1594 4600 1734 4671 μετά
1761 4600 1936 4653 ταῦτα
1965 4602 2077 4662 τοῖς
2109 4600 2294 4653 παισὶν
2317 4601 2503 4670 ἁμαρ-

826 4690 1141 4761 τανομένων
1173 4688 1273 4752 τὰς
1301 4688 1531 4751 εὐθύνας
1572 4690 1656 4757 ἐφ’
1697 4689 1923 4749 ἐαυτοὺς
1962 4687 2209 4749 ἕλκοντες
2256 4687 2507 4756 χαλεπω-

828 4780 1026 4850 τέρας;
1068 4779 1142 4832 Οὐ
1189 4777 1300 4850 γὰρ
1327 4776 1504 4840 οὕτως
1548 4776 1791 4839 ἐκείνους
1831 4770 1984 4845 οἶμαι
2026 4774 2505 4845 τιμωρηθήσεσθαι

830 4869 970 4938 ὑπὲρ
1007 4860 1083 4921 ὧν
1134 4867 1201 4921 ἂν
1247 4865 1520 4920 πταίσωσι
1559 4865 1699 4936 μετά
1742 4864 1951 4929 ταῦτα,
1992 4864 2074 4924 είς
2115 4863 2177 4914 :6
2218 4862 2506 4916 κλυδώνιον

831 4954 991 5009 τοῦτο
1023 4955 1503 5018 κατασπασθέντες
1524 4994 1539 5018 ,
1572 4955 1647 5018 ώς
1674 4955 1819 5025 ὑμᾶς
1851 4953 1979 5011 τοὺς
2005 4950 2104 5022 τὴν
2135 4950 2378 5022 ἀνάγκην
2410 4952 2509 5004 αὐ-

832 5046 944 5107 τοῖς
954 5044 1389 5114 περιστήσαντας
1409 5041 1706 5111 ταύτην.Εί
1726 5042 1835 5114 γὰρ
1852 5053 1874 5081 ο
1890 5039 1968 5111 τῷ
1992 5039 2090 5093 ἕνα
2112 5037 2509 5102 σκανδαλίζοντι

837 5135 1105 5207 συμφέρει
1130 5134 1269 5204 μετά
1286 5134 1461 5206 μύλης
1484 5135 1979 5205 καταποντισθῆναι
2000 5135 2079 5197 είς
2094 5132 2193 5205 τὴν
2214 5130 2505 5196 θάλασσαν,

834 5224 948 5285 τοῖς
981 5224 1079 5294 τὴν
1105 5223 1365 5295 ὠμότητα
1395 5222 1602 5294 ταύτην
1634 5223 1729 5276 καὶ
1760 5223 2020 5294 ἀπήνειαν
2051 5224 2130 5285 είς
2158 5220 2285 5283 τοὺς
2318 5220 2511 5283 παῖδας

838 5310 1267 5381 ενδεικνυμένοις
1300 5312 1430 5366 ποία
1474 5312 1720 5385 τιμωρία
1762 5311 1983 5382 ἀρκέσει
2017 5312 2108 5364 καὶ
2139 5310 2391 5374 κόλασις;
2423 5308 2514 5361 Διὸ

838 5400 1145 5469 παρακαλῶ
1185 5401 1509 5470 καθυφεῖναι
1556 5402 1655 5473 τῆς
1707 5398 2069 5470 φιλονεικίας,
2114 5400 2209 5452 καὶ
2259 5396 2513 5467 γενέσθαι

838 5488 1145 5556 φιλοσόφων
1166 5490 1368 5543 παίδων
1390 5490 1654 5563 πατέρας.
1675 5488 1809 5541 Οὐδὲ
1826 5487 1934 5559 γὰρ
1955 5486 2129 5539 έκεῖνο
2148 5486 2294 5538 ἐστιν
2316 5485 2510 5547 εἰπεῖν,

839 5577 977 5649 ὅπερ
1007 5575 1160 5648 [HS]
1205 5577 1385 5630 ἀκούω
1414 5578 1639 5642 πολλοὺς
1691 5576 2124 5649 σκηπτομένους.
2157 5574 2221 5627 Τί
2261 5574 2318 5627 δὲ
2355 5572 2515 5626 τοῦτό

902 5701 927 5729 ⁸
952 5700 1124 5750 Morel.
1152 5701 1416 5767 παρασχεῖν
1436 5703 1682 5767 μέλλοντος
1706 5701 1902 5767 Κυρίου,
1924 5700 2007 5750 alii
2027 5697 2287 5767 παρασχεῖν
2317 5695 2513 5767 Κυρίου.

842 5762 954 5810 Mox
989 5757 1446 5836 οιηηυεῇβασιξέίαν
1462 5763 1557 5812 τῶν
1589 5757 1817 5827 οὐρανῶν,
1843 5757 2027 5826 preter
2052 5757 2226 5809 M'ore'l'.
2251 5760 2336 5820 qui
2360 5757 2512 5806 habet

843 5826 1085 5870 Βασιλείαν
1106 5843 1193 5870 του
1215 5829 1359 5870 θεου.

1428 5887 1697 5953 παραινοίη.
1727 5887 1915 5953 Ηοιιυφ
1938 5882 2200 5933 verborum
2221 5883 2514 5953 altgrutru‘m

842 5950 891 5996 in
916 5940 1181 6025 pyrliciﬁjo'
1211 5940 1478 6012 [agendum
1500 5940 1589 6025 ἐἰς
1614 5963 1625 5997 :
1655 5940 2081 6025 gemxnpmowo...
2105 5945 2363 6003 παραινῶν,
2396 5940 2478 5991 vel
2503 5954 2513 5986 :

843 6012 1333 6122 μετάξειριζόμενοςη.
1362 6012 1612 6075 παραινοίη
1655 6012 1790 6061 Εωτ.
2084 6069 2107 6079 _
2367 6066 2378 6077 ν

909 6074 932 6103 °
999 6077 1040 6120 lc
1074 6086 1245 6120 omnes
1272 6083 1450 6136 prwler
1473 6074 1643 6122 Morel.
1669 6074 1755 6136 qui
1800 6071 1947 6121 habet
1972 6085 2131 6124 αυτοις
2162 6067 2334 6124 ταύτην
2362 6066 2511 6113 επιθι-

846 6138 1024 6199 μένους.
1067 6139 1120 6183 Li
1145 6142 1230 6197 γάρ

2560 940 2668 1009 γὰρ
2694 940 2787 992 καὶ
2820 939 2929 993 τῶν
2960 945 3245 1000 πεσεῖσθαι
3275 946 3754 1017 προσδοκηθέντων
3794 946 4038 1017 ἔστησαν
4058 964 4073 975 ·
4116 949 4264 1019 πλὴν

2561 1031 2674 1085 ἀλλ’
2698 1033 2745 1083 εἰ
2776 1030 2870 1083 καὶ
2894 1032 3102 1103 σφόδρα
3126 1034 3409 1104 προῄδεις,
3426 1037 3547 1090 οὐδὲ
3571 1038 3743 1102 οὕτως
3763 1036 3923 1091 αὐτὸν
3954 1035 4264 1089 καθέλκειν

2565 1126 2751 1198 ἐχρῆν.
2775 1125 2909 1178 Οὐδὲ
2937 1125 3068 1197 γάρ,
3091 1127 3145 1179 ετ
3169 1143 3323 1190 τινας
3353 1130 3574 1183 πίπτειν
3609 1132 3900 1203 μέλλοντας
3936 1129 4218 1190 λαϐόντες
4238 1130 4264 1168 ὃ

2567 1220 3048 1291 ὐποσκελίσαιμεν,
3075 1221 3240 1292 ἀρκεῖ
3264 1221 3421 1274 τοῦτο
3447 1225 3584 1293 πρὸς
3618 1228 3916 1294 ἀπολογίαν
3943 1226 4110 1294 ἡμῖν,

2567 1316 2697 1367 αὐτὸ
2724 1313 2787 1384 δὴ
2820 1313 2979 1366 τοῦτο
3023 1315 3118 1366 καὶ
3154 1314 3392 1384 μάλιστά
3429 1317 3546 1367 ἐστι
3594 1317 3657 1368 :6
3685 1318 4056 1381 καταδικάζον
4087 1318 4268 1385 ἡμᾶς.

2567 1409 2667 1461 Διὰ
2692 1407 2744 1459 τί
2766 1406 2875 1477 γὰρ
2910 1406 2984 1476 μὴ
3018 1406 3402 1477 συνεχώρησας
3436 1406 3534 1475 τῆς
3558 1407 3767 1460 ἐκείνου
3796 1410 4083 1480 ῥᾳθυμίας
4107 1405 4272 1475 γενέ-

2570 1500 2696 1552 σθαι
2726 1500 2785 1552 :6
2822 1500 3043 1569 πτῶμα,
3068 1499 3204 1553 ἀλλά
3228 1498 3513 1569 προλαϐὼν
3554 1500 3812 1569 ἥρπασας
3850 1502 3948 1571 τὴν
3982 1500 4273 1570 ἁμαρτίαν

2571 1590 2667 1642 καὶ
2695 1591 2757 1643 τὸ
2787 1593 2894 1645 πᾶν
2919 1592 3125 1661 ἤγαγες
3144 1592 3237 1643 ὲπὶ
3257 1591 3356 1662 τὴν
3378 1590 3474 1660 σὴν
3502 1589 3773 1659 κεφαλήν;
3796 1592 4021 1645 Μᾶλλον
4042 1592 4102 1645 δὲ
4153 1590 4275 1641 066‘s

2574 1685 2925 1755 συγχωρῆσαι
2958 1684 3157 1754 ἐχρῆν
3189 1684 3278 1737 διά
3302 1684 3355 1736 τί
3386 1684 3495 1755 γὰρ
3531 1682 3605 1752 μὴ
3629 1681 3806 1734 πάντα
3842 1681 4095 1751 ἔπραξας
4134 1684 4278 1751 ὑπὲρ

2572 1774 2666 1827 τοῦ
2704 1777 2781 1846 μὴ
2812 1780 2997 1828 πεσεῖν
3021 1776 3113 1828 τὸν
3148 1775 3294 1839 υἱόν;
3319 1776 3504 1839 Ὥστε,
3529 1774 3715 1844 ἐπειδὴ
3740 1771 3979 1842 μάλιστα
4011 1773 4175 1841 ᾕδεις
4198 1776 4277 1825 ὅτι

2576 1871 2845 1933 πεσεῖται,
2870 1866 2957 1919 διὰ
2984 1865 3143 1918 τοῦτο
3174 1866 3409 1935 μάλιστα
3437 1866 3706 1937 τιμωρίας
3729 1866 3794 1918 ἂν
3820 1861 3931 1937 ᾖς’
3960 1863 4147 1927 ἄξιος.
4175 1867 4278 1919 Τὶν

2573 1961 2682 2030 γάρ
2706 1960 2864 2012 τοῦτο
2900 1958 3190 2029 προειδότα
3219 1960 3344 2029 οὐχὶ
3368 1958 3749 2020 καταϐάλλειν,
3777 1956 3913 2009 ἀλλά
3945 1960 4120 2025 χεῖρα
4156 1957 4282 2026 ὀρέ-

2574 2072 2689 2124 γειν
2730 2052 2869 2123 χρὴ,
2904 2054 3000 2105 καὶ
3046 2052 3272 2121 μείζονα
3311 2051 3682 2106 ἐνδείκνυσθαι
3714 2051 3813 2121 τὴν
3846 2047 4096 2117 σπουδὴν
4136 2048 4281 2115 ὑπὲρ

2572 2147 2666 2200 τοῦ
2712 2148 2803 2200 τὸν
2852 2146 3114 2218 μέλλοντα
3147 2145 3367 2201 πίπτειν
3394 2146 3587 2215 στῆναι
3616 2145 3900 2213 γενναίως,
3932 2142 4041 2194 εἴτ’
4078 2139 4279 2209 ἔμελλε

2578 2239 2892 2312 στήσεσθαι,
2928 2239 3039 2293 εἴτε
3082 2242 3177 2310 μή.
3216 2239 3299 2293 Τά
3332 2239 3443 2310 γάρ
3487 2239 3646 2310 ἡμῶν
3675 2237 3891 2291 ἅπαντα
3919 2231 4282 2302 πληροῦσθαι

2576 2334 2677 2397 δεῖ,
2708 2334 2811 2387 κᾶν
2832 2334 3013 2405 ἕτεροι
3051 2332 3215 2404 μηδὲν
3252 2332 3489 2403 μέλλωσι
3522 2329 3864 2401 καρποῦσθαι
3914 2329 4056 2397 παρ’
4092 2326 4279 2395 ἡμῶν.

2579 2427 2737 2491 Τίνος
2766 2428 2974 2492 ἕνεκεν,
3009 2427 3102 2480 καὶ
3140 2426 3228 2479 διὰ
3265 2427 3350 2489 τί;
3376 2426 3495 2478 Ἵνα
3527 2424 3721 2494 μηκέτι
3760 2422 3896 2493 πρὸς
3924 2422 4104 2491 ἡμᾶς,
4145 2417 4285 2471 ἀλλά

2582 2518 2717 2590 πρὸς
2758 2520 3000 2582 ἐκείνους
3034 2521 3063 2572 6
3092 2518 3252 2586 λόγος
3349 2517 3428 2587 τῷ
3459 2517 3597 2585 Θεῷ.
3635 2517 3811 2585 Ὅπερ
3840 2514 3936 2567 καὶ
3966 2512 4142 2573 αὐτὸς
4173 2510 4285 2562 ἕλευ

2579 2628 2675 2678 γεν
2718 2610 2964 2678 ἐγκαλῶν
3014 2610 3092 2680 τῷ
3134 2610 3299 2681 μηδὲν
3338 2613 3420 2672 εἰς
3468 2609 3527 2661 τὸ
3571 2608 3834 2660 τάλαντον
3881 2603 4283 2675 ἐργασαμένῳ.

2583 2700 2739 2754 Ἔδει
2785 2700 2898 2770 γάρ
2944 2718 3050 2763 σε,
3093 2702 3259 2770 φησὶ.
3297 2698 3659 2752 καταϐαλεῖν
3707 2696 3772 2748 τὸ
3818 2695 4123 2763 ἀργύριόν
4164 2709 4284 2760 μου

2579 2792 2703 2858 τοῖς
2733 2792 3099 2861 τραπεζῖταις
3124 2790 3144 2829 ί
3169 2808 3183 2821 ·
3227 2790 3391 2858 κάγὼ
3423 2788 3619 2843 ἐλθὼν
3650 2786 3798 2856 μετὰ
3830 2787 4019 2838 τόκου
4054 2783 4140 2836 ἄν
4176 2784 4287 2835 d1-

2578 2886 2781 2954 ῄτησα
2822 2885 2991 2938 αὑτό.
3023 2882 3347 2953 Πειθώμεθα
3380 2882 3559 2935 τοίνυν
3586 2879 3663 2950 τῷ
3694 2877 3869 2931 ταῦτα
3892 2875 4283 2947 παραινοῦντι,

2583 2976 2672 3031 ἵνα
2706 2977 2800 3030 καὶ
2839 2977 2938 3047 τὴν
2977 2976 3249 3048 τιμωρίαν
3288 2975 3638 3044 ἐκφύγωμεν.
3688 2971 3763 3024 Οὐ
3805 2969 3916 3040 γὰρ
3946 2969 4015 3039 δὴ
4062 2968 4167 3023 καὶ
4196 2966 4286 3019 τδν

2586 3070 2719 3124 Θεὸν
2764 3068 2902 3140 μετά
2956 3069 3063 3122 τῶν
3110 3067 3413 3139 ἀνθρώπων
3452 3064 3921 3137 παραλογίσασθαι
3969 3062 4285 3132 δυνάμεθα,

2588 3162 2678 3215 τὸν
2705 3161 3012 3233 ἐρευνῶντα
3032 3160 3130 3223 τάς
3159 3159 3388 3230 καρδίας
3412 3160 3508 3212 καὶ⁵
3531 3158 3709 3211 πάντα
3736 3159 3813 3218 εἰς
3846 3157 4014 3225 μέσον
4052 3157 4285 3223 ἄγοντα,

2590 3257 2683 3309 καὶ
2715 3254 2991 3323 πανταχοῦ
3020 3254 3119 3324 τῆς
3148 3253 3257 3306 τῶν
3286 3252 3494 3305 παίδων
3523 3250 3851 3312 ὑπευθύνους
3878 3248 4151 3301 ποιοῦντα
4184 3265 4287 3300 σιο-

2588 3349 2784 3418 τηρίας
2815 3351 2985 3418 ἡμᾶς.
3021 3349 3085 3401 Et
3120 3347 3228 3417 γάρ
3261 3350 3289 3399 6
3319 3345 3394 3416 μὴ
3423 3341 3741 3398 καταϐαλὼν
3789 3341 3850 3394 :6
3883 3341 4166 3413 ἀργύριον
4202 3357 4288 3392 :0-

2592 3441 2795 3511 σαύτην
2820 3441 2987 3495 έδωκε
3020 3440 3197 3510 δίκην,
3220 3441 3249 3490 6
3282 3438 3376 3491 καὶ
3403 3438 3529 3498 τούς
3556 3434 3880 3488 καταϐαλεῖν
3912 3432 4288 3502 βουλομένοκ

2594 3534 2818 3588 κωλύων
2852 3535 2905 3587 τί
2956 3534 3242 3596 πείσεται;
3280 3530 3415 3583 Οὐδέ
3457 3529 3568 3598 γὰρ
3619 3524 4140 3580 κατακυλισθέντων
4180 3524 4289 3576 τῶν

2595 3627 2799 3680 παίδων
2829 3628 2908 3689 εἰς
2927 3625 2996 3679 τά
3019 3624 3112 3678 τοῦ
3144 3624 3261 3694 βίου
3292 3620 3593 3692 πράγματα
3616 3620 3683 3671 ἐκ
3706 3617 3804 3685 τῆς
3831 3616 4120 3686 ἡμετέρας
4148 3633 4290 3685 συμ-

2597 3719 2814 3782 ϐουλίας
2835 3760 2849 3784 ,
2881 3718 3018 3772 ἀλλά
3058 3718 3153 3769 καὶ
3176 3715 3440 3783 γενναίως
3465 3710 3803 3780 ἐνεγκάντων
3822 3706 3922 3778 τὴν
3946 3706 4289 3777 προσϐολὴν,

2597 3815 2691 3866 καὶ
2720 3814 2788 3867 τὰ
2804 3814 2907 3883 ὅρη
2927 3808 3341 3864 καταλαϐόντων
3368 3805 3550 3869 πάλιν,
3573 3805 3607 3874 ἡ
3634 3802 3771 3873 αὐτὴ
3792 3801 4039 3854 κείσεται
4065 3800 4292 3859 κόλασις

2594 3910 2709 3971 τοῖς
2743 3904 3073 3959 διακωλῦσαι
3108 3900 3445 3972 βουληθεῖσιν
3460 3908 3483 3944 8
3507 3895 3904 3958 αὐτούς.”Ωσπε
3911 3910 3945 3964 ρ
3965 3892 4083 3964 γάρ
4098 3893 4130 3943 6
4150 3892 4291 3960 πρὸς

2596 3999 2916 4072 φιλοσοφίαν
2948 3996 3120 4065 ἄγων,
3150 3995 3215 4048 ἀν
3246 4010 3307 4045 τε
3341 3991 3527 4062 πείσῃ,
3560 3988 3624 4042 ἀν
3664 4004 3726 4040 τε
3766 3986 3841 4058 μὴ
3875 3985 4071 4055 πείσῃ,
4106 3986 4290 4054 ἀπηρ-

2596 4092 2849 4164 τισμένον
2884 4088 3113 4159 ἔχειτὸν
3143 4085 3334 4158 μισθὸν
3364 4083 3459 4155 (:6
3484 4081 3593 4153 γὰρ
3617 4078 3781 4135 αὐτοῦ
3810 4081 3921 4132 πᾶν
3949 4078 4252 4148 ἐποίησεν)
4271 4095 4286 4107 ι

2597 4186 2738 4238 οὕτω
2782 4184 2877 4238 καὶ
2918 4184 2946 4235 6
2979 4180 3289 4251 διαφθεῖραι
3322 4175 3625 4248 βουληθεὶς,
3660 4173 3725 4227 ἄν
3752 4188 3812 4225 τε
3844 4172 3973 4243 ἕλῃ,
4005 4172 4079 4224 ἄν
4111 4187 4174 4222 τε
4215 4172 4287 4240 μή

2598 4277 2715 4346 an,
2746 4276 2842 4346 τὴν
2878 4272 3049 4344 αὐτὴν
3086 4270 3454 4341 ὐποστήσεται
3488 4265 3645 4335 δίκην
3667 4280 3680 4293 ·
3729 4262 3791 4315 :6
3826 4262 3938 4333 γάρ
3972 4262 4146 4315 αὐτοῦ
4183 4264 4287 4315 πᾶν

2600 4371 2694 4423 καὶ
2722 4366 2874 4432 οὗτος
2896 4368 3235 4438 ἐπλήρωσεν.
3253 4364 3418 4416 Ὥστε
3443 4360 3547 4414 κᾶν
3575 4358 3739 4430 μηδὲν
3770 4355 4031 4427 ίσχύσήτε
4066 4356 4209 4427 πρὸς
4233 4356 4288 4407 :6

2604 4460 2954 4515 ὐποσκελίσαι
2994 4459 3088 4511 καὶ
3117 4455 3364 4509 καθελεῖν
3396 4451 3465 4504 τά
3503 4451 3726 4518 γενναῖα
3766 4447 3873 4502 τῶν
3908 4446 4126 4500 παίδων
4159 4463 4288 4516 φροο

2606 4556 2853 4624 νήματα,
2882 4551 2983 4620 τῆς
3010 4548 3141 4618 γοῦν
3167 4544 3559 4614 ἐπιχειρήσεως
3594 4540 3763 4611 μόνης
3787 4538 4063 4609 τοσαύτην
4086 4537 4287 4592 δώσει

2607 4650 2797 4719 δίκην,
2842 4646 2974 4714 ὅσην
3013 4642 3064 4694 οἱ
3105 4638 3421 4700 καθελόντες
3469 4633 3677 4689 ἐκεῖθεν
3731 4631 3948 4695 αὐτούς.
3985 4630 4161 4684 Ταῦτ’
4198 4627 4287 4683 οὖν

2609 4742 2961 4812 ἐννοήσαντες
2992 4735 3205 4790 ἅπαντα
3227 4771 3243 4797 ,
3291 4731 3385 4784 καὶ
3420 4727 3518 4791 τάς
3549 4726 3775 4798 σκήψεις
3808 4725 4049 4793 ἀφέντες
4084 4725 4286 4787 πάσας,

2610 4834 3001 4902 σπουδάσωμεν
3036 4825 3299 4897 γενναίων
3326 4820 3531 4877 παίδων
3577 4819 3834 4888 γενέσθαι
3871 4818 4140 4888 πατέρες,
4172 4835 4287 4887 χρι-

2612 4928 2887 5000 στοφόρων
2913 4921 3183 4991 οἰκοδόμοι
3204 4915 3456 4986 γενέσθαι
3485 4912 3650 4977 ναῶν,
3667 4909 3914 4982 ἀθλητῶν
3941 4910 4287 4981 ἐπουρανίων

2610 5019 2956 5094 ἐπιμεληταὶ,
2980 5014 3311 5082 ἀλείφοντες,
3327 5007 3633 5080 ὀρθοῦντες,
3668 5004 3933 5061 πάντοθεν
3954 5006 4286 5075 ἐργάζεσθαι

2608 5120 2706 5190 τήν
2736 5113 3005 5185 ὠφέλειαν
3035 5106 3235 5169 αὐτῶν,
3270 5104 3356 5157 ἵνα
3378 5103 3470 5156 καὶ
3502 5101 3611 5156 τῶν
3637 5100 3917 5170 στεφάνων
3951 5098 4142 5162 αὐτοῖς
4173 5101 4288 5151 ἐκεῖ

2611 5210 3046 5280 κοινωνήσωμεν.
3074 5202 3172 5253 Ἂν
3213 5198 3271 5251 δὲ
3305 5197 3673 5268 φιλονεικῆτε,
3707 5196 3758 5247 οἱ
3803 5192 3997 5254 παῖδες
4035 5192 4171 5261 μὲν,
4222 5194 4283 5246 ἂν

2610 5302 2710 5362 ’ὦσι
2749 5305 3023 5374 γενναῖοι,
3070 5296 3164 5351 καὶ
3196 5293 3436 5347 ἀκόντων
3459 5293 3488 5344 6
3497 5289 3612 5362 μῶν
3633 5288 3727 5342 ἐπὶ
3746 5286 3949 5355 ταύτην
3971 5283 4166 5354 ἥξουσι
4193 5287 4282 5356 τὴν

2613 5398 2950 5469 φιλοσοφίαν,
2978 5392 3073 5445 καὶ
3102 5387 3317 5441 πάντων
3347 5382 3741 5438 ἀπολαύσονται
3760 5377 3869 5430 τῶν
3894 5374 4141 5443 ἀγαθῶν,
4160 5378 4283 5448 ὑμῖν

2613 5467 2669 5548 δέ
2698 5487 2978 5559 περιέσται
3005 5481 3067 5534 :6
3092 5478 3294 5551 μυρίαν
3326 5476 3546 5531 κόλασιν
3574 5472 3791 5532 ἐαυτοῖς
3814 5470 4165 5536 συναγαγεῖν,
4197 5467 4286 5521 καὶ

2621 5585 2732 5637 τότε
2767 5576 3052 5633 ἐπαινέσαι
3087 5572 3156 5626 τά
3198 5572 3326 5642 παρ’
3355 5570 3515 5642 ήμῶν
3549 5564 3833 5638 εἰρημένα,
3873 5561 3963 5614 ὅτε
3991 5560 4106 5615 τῶν
4134 5559 4285 5613 ἐπαί-

2616 5692 2720 5729 νων
2748 5670 2938 5741 δφελος
2968 5668 3093 5737 ὑμῖν
3122 5664 3291 5719 οὐδέν.

2679 5865 2705 5905 d
2731 5866 2864 5915 L'nus
2886 5860 3217 5927 προλαϐόντες.

2685 5931 2703 5951 ⁸
2730 5930 2863 5989 Lege
2876 5922 2935 5974 ἂν
2957 5926 3073 5989 elus.
3100 5922 3235 5989 EDIZ':
3382 5972 3455 5989 Ἧι
3484 5984 3573 5989 ____
3598 5984 3643 5989 __
3664 5973 3679 5989 ’
3723 5976 3734 5989 η
3768 5967 3835 5989 μμ,

2690 5990 2706 6028 ι
2731 5959 2907 6038 Ῐῇιοῗξῖ
2917 5959 3353 6045 ’τδῗξᾚρέτῖέξίται-ς,
3376 5972 3458 6045 εξῆ
3478 5984 3646 6045 οηιξιεε
3660 5973 3738 6021 ἐπὶ
3765 5967 3873 6021 τοὺς
3895 5964 4192 6027 τραπεζίτας,
4217 5959 4288 6011 ω..

2625 6055 2687 6102 Tm
2714 6036 2810 6100 (illd
2833 6036 2944 6097 mss.
2965 6036 3378 6108 παραλογίσασθαι
3395 6036 3710 6108 δυνησόμεθα.

2686 6096 2961 6165 ‘th16655
3006 6096 3315 6171 ξιῦυληθετσιν.
3336 6098 3464 6148 Εάίιὶ
3486 6096 3799 6156 βούομενοιςρ
