4532 6722
519 610 625 667 ως

515 744 693 817 potius
720 756 937 815 angelos
967 746 1079 801 Deo
1101 743 1335 799 alimus?
1360 741 1550 797 Omnia
1576 754 1703 809 erga
1733 738 2011 803 faciamus,
2044 746 2099 792 et

516 836 619 891 illis
640 836 850 905 pietatis
875 852 1005 908 opes
1034 837 1419 903 relinquamus,
1452 846 1571 900 qua:
1594 840 1827 897 manent,
1858 839 1913 884 et
1939 843 2099 883 exce-

516 927 704 983 dentes
729 944 759 984 e
789 930 891 984 vita
920 930 1272 990 comitantur;
1299 937 1417 993 qum
1438 938 1542 977 non
1567 922 1619 976 in
1647 923 1744 977 hac
1767 924 1874 977 vita
1898 920 2093 982 solum,

509 1016 606 1071 sed
634 1019 792 1073 etiam
825 1020 932 1073 illic
952 1018 1181 1072 maxime
1203 1013 1357 1067 nobis
1383 1013 1686 1081 proderunt.
1713 1012 1845 1067 Nam
1873 1009 2099 1064 saecula-

514 1122 600 1163 res
629 1109 825 1163 divitiae
874 1107 1199 1162 excedentes
1238 1118 1269 1157 e
1314 1103 1420 1156 vita
1462 1119 1564 1157 non
1607 1103 1954 1164 comitantur,
1988 1099 2097 1152 imo

510 1202 599 1257 hic
623 1212 753 1257 ante
774 1217 874 1256 nos
916 1206 1176 1270 pereunt,
1216 1212 1280 1253 ac
1320 1213 1461 1267 Saepe
1492 1210 1830 1267 possessores
1868 1191 2097 1262 perdunt

512 1309 636 1348 suos
667 1310 680 1346 :
714 1293 830 1345 haec
856 1302 985 1343 vero
1015 1297 1069 1343 et
1095 1288 1180 1344 hic
1206 1298 1258 1344 et
1284 1289 1389 1344 illic
1412 1288 1582 1342 ﬁrmae
1613 1294 1788 1349 erunt,
1821 1291 1877 1337 et
1905 1296 2096 1350 magna

510 1398 631 1438 cum
662 1381 949 1437 securitate
990 1380 1320 1449 possidentes
1346 1396 1404 1435 se
1429 1377 1842 1434 conscrvabunt.
1889 1373 2095 1425 Etenim

511 1488 598 1527 res
620 1472 689 1523 ita
722 1485 781 1523 se
808 1469 965 1524 habet
994 1488 1006 1523 :
1036 1471 1122 1539 qui
1154 1480 1365 1525 terrena
1392 1468 1757 1539 spiritualibus
1783 1462 2020 1534 pra-fert,
2043 1471 2098 1516 et

513 1564 595 1615 his
635 1569 689 1614 et
730 1562 834 1614 illis
874 1562 1116 1629 excidet;
1165 1564 1254 1634 qui
1294 1578 1422 1617 vero
1462 1561 1693 1616 cazlestia
1741 1557 2093 1624 concupiscit,

512 1650 739 1704 terrenis
759 1653 915 1706 etiam
940 1654 1189 1721 potietur.
1213 1652 1330 1707 Non
1360 1666 1478 1705 mea
1499 1660 1623 1705 sunt
1648 1650 1765 1702 haec
1792 1646 1975 1711 verba,
2003 1646 2097 1700 sed

510 1741 649 1811 ejus,
689 1743 776 1811 qui
809 1742 922 1798 hsce
951 1746 1268 1814 praebiturus
1292 1750 1396 1808 est,
1436 1742 1644 1795 Domini
1674 1757 1689 1791 :
1724 1736 1962 1803 Qitwiile,
2014 1736 2098 1789 in-

511 1834 643 1902 quit,
686 1848 898 1900 regnum
955 1833 1056 1889 Dei
1084 1836 1124 1899 ¹,
1152 1844 1198 1887 et
1254 1834 1364 1886 hazc
1402 1833 1571 1886 omnia
1607 1830 1915 1901 adjiciantur
1961 1826 2097 1879 vobis

513 1922 721 1992 (Matth.
745 1924 798 1979 6.
822 1925 936 1994 55).
955 1924 1091 1991 Quid
1112 1924 1233 1977 huic
1249 1922 1438 1976 honori
1456 1938 1549 1991 par
1565 1938 1685 1978 esse
1708 1920 1879 1991 possit
1894 1921 1918 1975 ἲ
1933 1917 2094 1983 Cura,

511 2014 698 2084 inquit,
727 2015 1016 2084 spiritualia
1037 2056 1053 2080 ,
1084 2012 1216 2067 mihi
1254 2027 1383 2067 vero
1406 2013 1581 2067 omnia
1626 2024 1714 2068 tua
1764 2015 1994 2069 dimitte.
2019 2018 2096 2071 Ac

508 2105 552 2160 si
577 2108 694 2175 quis
719 2116 867 2175 pater
888 2106 980 2159 ﬁlii
1005 2120 1213 2168 amans,
1236 2103 1429 2159 domus
1448 2121 1651 2171 curam,
1676 2106 2093 2162 domesticorum

508 2198 741 2267 regimen
776 2198 1109 2266 aliorumque
1153 2195 1389 2250 omnium
1432 2197 1529 2251 sibi
1558 2210 1881 2262 assumeret,
1928 2199 2093 2254 ﬁlium

506 2302 655 2353 vero,
684 2297 742 2341 ut
783 2288 872 2342 uni
898 2285 1246 2357 philosophia:
1288 2295 1519 2352 vacaret,
1554 2289 1867 2343 admoueret
1896 2308 1908 2343 :
1936 2291 2013 2343 sic
2041 2299 2096 2344 et

509 2377 646 2432 Deus
666 2378 807 2431 facit.
833 2377 1038 2431 Morem
1080 2378 1258 2446 itaque
1299 2392 1565 2445 geramus,
1594 2387 1649 2432 ct
1677 2394 1977 2447 qumramus
2006 2395 2094 2433 rc-

502 2484 665 2539 gnum
692 2469 806 2532 Dei,
834 2479 889 2523 et
915 2471 993 2523 sic
1025 2469 1181 2538 plane
1220 2470 1358 2523 filios
1393 2479 1605 2523 nostros
1631 2471 1918 2539 prmclaros
1946 2470 2097 2523 vide-

506 2559 702 2625 bimus,
726 2574 930 2629 nosque
957 2575 1078 2615 cum
1111 2560 1215 2614 illis
1241 2560 1503 2629 splendidi
1532 2563 1752 2625 erimus,
1778 2576 1841 2615 ac
1863 2578 2098 2631 praesen-

507 2650 646 2703 tibus
674 2652 931 2714 fruemur,
978 2651 1022 2704 si
1051 2650 1222 2704 futura
1250 2660 1302 2705 et
1327 2652 1561 2706 cmlestia
1601 2662 1805 2707 tantum
1831 2669 2092 2709 amemus.

506 2741 632 2796 Marc
655 2742 1150 2811 obtemperantibus
1176 2742 1328 2796 vobis
1355 2758 1599 2812 magnam
1637 2743 1861 2799 alferent
1888 2760 2095 2801 merce—

504 2834 623 2888 dem
646 2848 661 2897 ;
690 2834 1103 2904 repugnantibus
1126 2843 1305 2888 autem
1328 2843 1383 2889 et
1403 2849 1507 2889 non
1536 2850 1740 2889 morem
1761 2836 2088 2905 gerentibus,

503 2926 713 2993 gravius
752 2926 1093 2995 supplicium.
1127 2925 1310 2995 Neque
1340 2927 1482 2980 enim
1522 2926 1647 2981 licet
1681 2927 1747 2980 ad
1788 2929 2092 2982 excusatio-

504 3032 625 3071 nem
650 3016 935 3086 confugere
962 3032 1025 3071 ac
1045 3017 1243 3079 dicere,
1275 3016 1463 3071 Nullus
1495 3027 1629 3082 erat,
1660 3018 1748 3087 qui
1786 3017 1901 3071 [nec
1926 3018 2090 3071 doce-

504 3117 604 3161 ret.
632 3106 788 3160 Certe
814 3116 1095 3175 antequam
1119 3122 1215 3158 nos
1246 3106 1363 3160 huic
1405 3107 1727 3169 diceremus,
1758 3106 1872 3159 [nec
1901 3107 2090 3160 defen-

503 3196 584 3248 sio
610 3195 811 3248 suhlata
851 3204 987 3261 erat,
1033 3196 1231 3265 quippe
1271 3210 1393 3249 cum
1418 3196 1528 3263 ipsa
1558 3205 1745 3249 natura
1788 3204 2091 3250 accuratam

506 3285 697 3339 habeat
727 3286 861 3338 bona
888 3302 913 3335 a
942 3287 1096 3339 malis
1129 3286 1465 3340 discernendi
1492 3288 1599 3339 vim
1628 3297 1680 3341 et
1710 3286 1823 3340 hare
1853 3288 2091 3355 philoso-

504 3375 624 3444 phia
653 3375 848 3443 ubique
892 3376 1160 3443 preposita
1204 3376 1292 3438 sit,
1326 3374 1591 3445 hujusque
1634 3376 1754 3429 vita:
1795 3378 1935 3430 mala
1964 3379 2093 3431 satis

504 3465 610 3523 sint
629 3465 692 3524 ad
714 3466 829 3539 ejus
843 3476 1108 3522 amatores
1133 3466 1185 3519 in
1207 3466 1547 3521 solitudinem
1571 3466 1850 3537 fugandos.
1870 3469 2091 3523 Etiamsi

504 3556 665 3629 igitur
696 3570 1015 3626 taceremus,
1045 3570 1104 3614 ut
1128 3559 1257 3626 dixi,
1282 3557 1458 3616 omnis
1482 3558 1758 3618 excusatio
1780 3558 1987 3617 sublata
2008 3575 2093 3613 es-

504 3660 604 3703 set.
634 3651 701 3703 At
730 3652 897 3704 multo
927 3652 1093 3721 magis
1118 3667 1259 3706 nunc
1284 3662 1405 3721 post
1428 3654 1524 3707 hos
1551 3653 1687 3707 adeo
1710 3656 1948 3724 prolixos
1973 3656 2089 3711 edi-

503 3750 585 3795 tos
616 3740 802 3807 libros,
839 3752 1143 3813 tantamque
1175 3743 1628 3811 admonitionem,
1671 3755 1782 3799 tum
1822 3762 1887 3801 ex
1927 3749 2088 3803 rebus

504 3834 652 3903 ipsis,
691 3844 823 3899 tum,
853 3851 971 3904 qum
996 3837 1158 3890 etiam
1186 3836 1380 3890 clarior
1406 3846 1508 3903 est,
1542 3852 1605 3891 ex
1636 3838 1829 3893 divinis
1849 3838 2087 3908 Scriptu—

504 3926 597 3979 ris.
627 3925 703 3980 Ac
742 3927 949 3980 etiamsi
992 3926 1135 3981 domi
1172 3936 1451 3983 manentes
1492 3939 1705 3998 possent
1744 3946 1848 3985 non
1879 3933 2088 4001 penitus

504 4017 701 4084 perire,
735 4015 828 4071 sed
854 4028 1145 4072 extremam
1182 4019 1368 4072 salutis
1402 4028 1602 4075 sortem
1628 4020 1849 4090 adipisci
1875 4063 1889 4085 ,
1919 4038 1986 4076 ne
2010 4022 2089 4077 sic

503 4108 715 4177 quidem
745 4124 928 4177 pmnas
954 4109 1187 4179 effugere
1213 4125 1515 4179 possemus,
1546 4113 1589 4166 si
1620 4127 1715 4168 eos
1749 4115 1838 4183 qui
1869 4114 1935 4168 ad
1963 4114 2088 4168 dili-

502 4200 795 4269 gentioretn
825 4202 985 4255 vitam
1025 4202 1335 4257 festinarent
1381 4203 1809 4273 prohiberemus,
1848 4215 2009 4275 atque
2036 4205 2089 4261 in

504 4290 848 4345 saecularibus
890 4293 1050 4347 rebus
1093 4292 1449 4348 detineremus
1510 4309 1628 4359 eos,
1672 4296 1762 4364 qui
1804 4296 1857 4349 in
1898 4295 2087 4350 caelum

504 4382 716 4437 avolarc
744 4385 1016 4452 gestirent.
1062 4384 1189 4439 Cum
1229 4395 1405 4441 autem
1450 4385 1501 4441 id
1530 4386 1645 4441 ﬁeri
1688 4396 1950 4457 nequeat,
1994 4389 2085 4443 sed

504 4474 723 4528 omnino
766 4476 1094 4543 pereundum
1130 4491 1249 4531 esse
1277 4486 1504 4544 constet,
1534 4492 1595 4532 ac
1622 4477 1690 4533 de
1716 4480 1969 4533 extremis
1997 4494 2089 4548 pc-

504 4564 730 4617 rieulum
744 4566 833 4631 sit,
852 4581 1010 4635 quam
1031 4568 1241 4622 tandem
1260 4570 1494 4637 veniam,
1512 4585 1669 4640 quam
1689 4573 2087 4625 excusationem

507 4655 733 4710 habituri
760 4656 946 4720 simus,
979 4659 1022 4711 si
1052 4675 1154 4712 non
1187 4659 1346 4713 modo
1378 4663 1719 4731 prepriorum
1751 4672 2086 4731 peccatorum

505 4748 598 4803 sed
629 4763 812 4803 eorum
843 4750 1003 4802 etiam
1028 4766 1145 4819 qure
1186 4762 1365 4820 postea
1400 4753 1494 4807 ﬁlii
1530 4753 1860 4819 admiserint,
1906 4770 2088 4825 poenas

504 4840 555 4892 in
581 4853 680 4894 nos
710 4838 852 4907 ipSos
898 4840 1238 4909 gravissimas
1276 4843 1693 4911 pertrahamus?
1728 4845 1913 4916 Neque
1945 4847 2086 4900 enim

504 4942 631 5002 puto
670 4932 793 4987 illos
832 4942 935 4986 tam
975 4948 1158 5002 graves
1204 4932 1424 4988 daturos
1462 4950 1582 4991 esse
1631 4952 1816 5006 poenas
1862 4954 1959 5009 pro
2001 4939 2085 5007 iis,

503 5039 623 5091 qua:
650 5033 832 5094 postea
858 5024 1174 5093 deliquerint
1208 5023 1261 5077 in
1291 5025 1385 5079 hos
1412 5024 1603 5081 fluctus
1625 5029 1892 5096 pertracti,
1928 5045 2086 5099 quam

502 5129 618 5179 vos,
644 5117 732 5186 qui
762 5116 812 5170 in
846 5116 977 5170 hanc
1008 5116 1126 5170 illos
1163 5118 1535 5172 necessitatem
1565 5118 1861 5173 induxistis.
1888 5120 2020 5176 Nam
2043 5123 2087 5175 si

503 5209 575 5274 ei,
599 5210 688 5279 qui
715 5227 876 5264 uuutn
921 5209 1380 5276 scandalizaverit,
1412 5226 1532 5265 cum
1564 5212 1704 5267 mola
1737 5216 1787 5267 in
1818 5231 1964 5269 mare
1991 5215 2085 5269 de-

504 5304 670 5371 mergi
696 5304 909 5374 expedit
940 5322 952 5359 :
982 5320 1099 5373 qua:
1129 5302 1337 5357 tandem
1366 5316 1523 5372 paena
1544 5348 1557 5369 ,
1590 5308 1680 5377 qui
1710 5309 1974 5362 cruciatus
2003 5323 2087 5361 sa-

505 5391 574 5443 tis
596 5405 755 5447 erunt
794 5396 919 5464 illis,
965 5397 1054 5467 qui
1084 5395 1341 5450 saevitiam
1376 5405 1574 5451 tantam
1607 5408 1661 5453 et
1703 5400 2084 5453 immanitatem

503 5480 557 5533 in
582 5481 778 5537 liberos
815 5490 1057 5559 proprios
1100 5486 1424 5542 ostendunt?
1456 5487 1737 5555 Quocirca,
1771 5507 1921 5560 rogo,
1955 5506 2087 5545 con-

503 5570 797 5627 tentioncm
824 5580 1127 5646 remittatis,
1149 5579 1369 5651 sitisque
1392 5578 1832 5650 phi1050phorum
1858 5583 2087 5638 ﬁliorum

568 5725 586 5757 '
621 5733 737 5801 l‘m.
747 5740 956 5801 [041mm
980 5736 1087 5798 Dei,
1110 5748 1299 5799 omnes,
1339 5741 1516 5799 praeter
1560 5733 1727 5787 Morel.
1764 5737 1967 5801 habent,
2010 5753 2091 5791 re-

505 5798 649 5852 gnum
670 5789 915 5841 cwfortms.

1262 604 1621 663 ADVERSUS
1660 601 2205 658 OPPUGNATORES
2246 602 2430 659 “LE
2468 602 2761 661 MONAS‘I‘.
2802 603 2929 662 LIB.
2971 604 3056 662 Ill.

3694 614 3799 672 586

2211 750 2411 811 patres.
2441 740 2627 812 Neque
2652 742 2705 797 id
2732 743 3023 799 dicendum
3052 752 3157 811 est,
3187 745 3328 815 quod
3352 747 3551 803 multos
3574 760 3804 819 praeten-

2207 832 2332 888 dere
2358 832 2539 888 audio.
2561 832 2698 900 Quid
2726 835 2854 890 illud
2879 836 3001 891 est?
3026 835 3160 890 Cum
3182 836 3502 905 videremus,
3528 840 3795 911 inquiunt,

2201 922 2322 977 illos
2342 921 2416 978 ad
2444 924 2604 978 ﬁnem
2635 928 2913 993 pervenire
2954 940 3061 980 non
3098 940 3275 997 posse,
3311 928 3432 985 ideo
3462 931 3583 985 illos
3611 933 3769 1001 prohi

2203 1016 2441 1073 buimus.
2468 1018 2690 1073 Etiamsi
2708 1025 2848 1074 enim
2868 1019 2919 1073 id
2939 1019 3086 1074 clare
3103 1020 3461 1090 prazvidisses,
3481 1040 3589 1080 non
3614 1037 3798 1084 autem

2205 1108 2561 1183 conjectando
2589 1110 2762 1165 solum
2787 1128 2802 1177 ;
2830 1114 2980 1168 multi
3007 1115 3171 1181 enim,
3194 1117 3283 1185 qui
3308 1116 3502 1185 lapsuri
3529 1118 3801 1188 putaban-

2201 1208 2306 1267 tur,
2331 1188 2616 1269 steterunt;
2636 1202 2702 1266 si,
2727 1204 2962 1272 inquam,
2984 1206 3111 1260 illud
3134 1217 3312 1261 certos
3325 1209 3707 1277 prtescivisses,
3733 1226 3804 1265 ne

2202 1292 2280 1347 sic
2308 1292 2525 1361 quidem
2556 1293 2704 1347 illum
2732 1294 3006 1349 retrahere
3032 1299 3291 1365 oportuit.
3339 1296 3526 1369 Neque
3552 1300 3718 1362 enim,
3753 1301 3800 1354 si

2203 1386 2481 1453 quospiam
2501 1384 2569 1439 ad
2590 1386 2796 1455 lapsum
2818 1402 3033 1455 pronos,
3055 1399 3296 1459 arreptos
3318 1391 3801 1461 prrecipitaremus,

2204 1473 2255 1528 id
2283 1476 2434 1530 nobis
2456 1476 2522 1531 ad
2550 1478 2950 1531 excusationem
2978 1479 3107 1532 satis
3132 1489 3293 1547 esset,
3323 1482 3417 1535 sed
3442 1482 3669 1552 idipsum
3697 1498 3798 1539 nos

2204 1564 2256 1618 in
2307 1564 2490 1634 primis
2542 1567 2949 1623 condemnaret.
2998 1568 3108 1623 Cur
3153 1571 3295 1623 enim
3348 1586 3452 1624 non
3505 1574 3793 1641 permisisti

2203 1667 2261 1711 ut
2276 1674 2342 1712 ex
2368 1660 2509 1714 illius
2528 1662 2751 1729 segnitie
2767 1662 2947 1731 lapsus
2972 1663 3329 1731 contingeret,
3345 1662 3439 1717 sed
3457 1675 3792 1732 prmvertens

2204 1736 2483 1819 peccatum
2512 1752 2641 1805 illud
2657 1754 2901 1821 rapuisti,
2923 1764 3200 1825 totumque
3229 1755 3281 1809 in
3307 1764 3467 1827 caput
3493 1766 3640 1811 tuum
3667 1771 3798 1811 con-

2200 1840 2420 1910 jecisti?
2447 1842 2580 1907 lmo,
2596 1853 2653 1896 ut
2682 1844 2734 1897 id
2763 1846 2915 1899 fieret
2940 1863 3046 1900 non
3073 1847 3492 1918 permittendum
3520 1857 3669 1903 erat:
3692 1864 3793 1904 cur

2206 1933 2349 1987 enim
2366 1949 2470 1987 non
2486 1935 2660 1989 omnia
2689 1934 2884 2003 fecisti,
2902 1946 2959 1990 ut
2977 1953 3046 1992 ne
3063 1947 3244 1993 rueret
3259 1939 3433 1993 filius?
3453 1939 3634 2009 Itaque
3647 1942 3792 2010 quod

2203 2024 2371 2078 scires
2388 2024 2649 2079 ruiturum
2682 2027 2829 2081 illum
2860 2042 3002 2093 esse,
3035 2027 3156 2081 ideo
3173 2028 3405 2084 maxime
3425 2030 3686 2099 supplicio
3702 2030 3788 2085 di—

2200 2130 2335 2184 gnus
2377 2130 2457 2169 es.
2500 2115 2633 2170 Nam
2682 2132 2805 2171 eum
2840 2117 2930 2187 qui
2958 2118 3009 2171 id
3051 2118 3343 2188 prmvidet,
3390 2135 3497 2174 non
3548 2120 3797 2192 praecipi-

2200 2218 2336 2275 tare,
2380 2210 2473 2265 sed
2521 2228 2737 2267 manum
2792 2213 3067 2285 porrigere
3113 2226 3368 2285 oportet,
3423 2217 3791 2289 majoremque

2201 2301 2611 2356 sollicitudinem
2640 2302 2893 2358 exhibere
2923 2345 2940 2370 ,
2974 2312 3031 2359 ut
3052 2307 3142 2375 qui
3173 2306 3420 2375 lapsurus
3446 2317 3547 2373 est,
3580 2306 3790 2363 fortiter

2203 2390 2480 2453 consistat,
2512 2392 2626 2445 sive
2667 2393 2881 2447 tandem
2922 2402 3066 2450 stare
3106 2397 3295 2463 possit,
3324 2397 3437 2450 sive
3467 2414 3571 2451 non
3601 2400 3786 2467 possit.

2204 2479 2337 2533 Nam
2361 2496 2479 2547 quae
2515 2496 2681 2549 penes
2709 2498 2806 2536 nos
2832 2493 2985 2538 erant
3013 2486 3193 2538 omnia
3241 2486 3457 2556 exsequi
3485 2491 3784 2558 oportebat,

2205 2572 2415 2627 etiamsi
2462 2573 2554 2626 alii
2596 2573 2731 2628 nihil
2757 2575 2882 2631 inde
2906 2575 3042 2631 lucri
3067 2580 3447 2648 consequuturi
3476 2590 3648 2635 erant.
3679 2582 3789 2636 Cur

2204 2665 2306 2718 hoc
2323 2686 2347 2729 ,
2367 2673 2423 2718 et
2448 2666 2651 2734 quare?
2682 2665 2751 2721 Ut
2795 2683 2901 2721 non
2947 2683 2979 2722 a
3008 2668 3183 2733 nobis,
3227 2670 3322 2724 sed
3349 2670 3419 2724 ab
3458 2670 3564 2725 illis
3594 2674 3729 2727 ratio
3756 2688 3789 2727 a

2200 2755 2312 2809 Deo
2339 2766 2697 2825 expeteretur.
2719 2757 2872 2824 Quod
2893 2769 2948 2813 et
2975 2764 3087 2829 ipse
3124 2762 3206 2823 ei,
3232 2762 3321 2829 qui
3349 2762 3548 2817 talento
3563 2775 3786 2833 accepto

2199 2847 2327 2901 nihil
2361 2848 2596 2903 lucratus
2631 2858 2748 2904 erat
2776 2892 2791 2915 ,
2832 2850 3404 2923 exprobransdicebat
3440 2870 3454 2906 :
3509 2854 3782 2923 Oportebat

2195 2938 2331 2991 enim
2363 2949 2428 3004 te,
2457 2940 2659 3008 inquit,
2701 2940 2966 3011 pecuniam
2989 2942 3299 2995 committere
3338 2943 3711 3010 nummulariis,
3740 2953 3787 2999 et

2198 3044 2287 3096 ego
2325 3029 2523 3082 veniens
2561 3046 2673 3082 cum
2698 3047 2855 3083 usura
2882 3030 3154 3101 exegissem
3178 3030 3322 3085 illam
3340 3032 3782 3106 (Matth.25.27).

2198 3118 2640 3187 Obtemperemus
2683 3122 2841 3190 igitur
2889 3120 3005 3175 haec
3033 3123 3310 3186 monenti,
3342 3131 3402 3176 ut
3467 3124 3786 3193 supplicium

2199 3209 2534 3278 eﬂ‘ugiamus.
2563 3209 2745 3280 Neque
2771 3210 2915 3265 enim
2942 3212 3108 3265 Deum
3137 3253 3153 3278 ,
3184 3227 3306 3267 cum
3351 3213 3657 3269 hominibus
3685 3215 3785 3270 fal-

2200 3301 2311 3355 lere
2335 3302 2651 3373 poterimus,
2680 3304 2771 3372 qui
2797 3312 3069 3358 scrutatur
3096 3306 3278 3371 corda,
3307 3315 3361 3360 et
3385 3307 3562 3359 omnia
3584 3309 3639 3361 in
3666 3323 3783 3362 me-

2198 3389 2344 3444 dium
2376 3390 2504 3459 agit,
2525 3392 2616 3459 qui
2650 3390 2849 3459 ubique
2889 3393 3049 3447 etiam
3081 3392 3148 3448 de
3176 3394 3403 3447 ﬁliorum
3425 3396 3595 3451 salute
3620 3398 3785 3451 ratio-

2198 3491 2399 3533 nem‘a
2430 3480 2589 3533 nobis
2622 3483 2845 3550 expetit.
2880 3481 2939 3535 Si
2964 3484 3105 3536 enim
3148 3484 3213 3545 is,
3240 3484 3331 3553 qui
3367 3487 3649 3553 pecuniam
3676 3502 3786 3542 non

2195 3568 2533 3638 deposuerat,
2566 3578 2742 3624 tantas
2776 3585 2964 3641 pmnas
2992 3571 3161 3636 dedit,
3191 3573 3282 3640 qui
3307 3573 3585 3650 deponere
3602 3576 3789 3631 volen-

2199 3678 2278 3723 tes
2310 3660 2530 3738 impedit
2563 3711 2577 3736 ,
2622 3675 2749 3743 quid
2777 3666 3050 3741 patietur?
3077 3674 3191 3729 Non
3238 3677 3409 3733 solum
3454 3681 3592 3735 enim
3620 3685 3663 3736 si
3691 3683 3783 3738 filii

2195 3772 2383 3815 nostro
2410 3764 2638 3817 consilio
2672 3766 2723 3818 in
2755 3767 3030 3821 szecularia
3065 3770 3271 3838 negotia
3293 3772 3659 3837 devolvantur,
3688 3776 3782 3830 sed

2193 3852 2352 3905 etiam
2381 3852 2427 3905 si
2456 3853 2709 3920 impetum
2739 3862 2980 3909 nostrum
3004 3856 3213 3912 fortiter
3239 3859 3470 3916 ferentes
3491 3903 3509 3927 ,
3539 3865 3606 3917 ad
3629 3879 3785 3918 mon-

2194 3951 2273 3997 tes
2318 3958 2378 3997 se
2428 3944 2728 4014 recipiant,
2776 3945 2916 4001 idem
2963 3950 3279 4018 supplicium
3320 3952 3562 4008 imminet
3607 3957 3669 4009 iis
3691 3957 3781 4026 qui

2195 4035 2339 4103 ipsos
2388 4035 2649 4106 impedire
2692 4037 2978 4093 voluerint.
3027 4040 3489 4107 Quemadmodum
3518 4047 3661 4100 enim
3689 4049 3783 4116 qui

2195 4125 2261 4179 ad
2290 4126 2680 4197 phil050phiam
2712 4127 2976 4196 hortatur,
3008 4131 3122 4186 sive
3151 4133 3493 4201 persuadeat,
3512 4138 3624 4191 sive
3651 4153 3779 4203 non,

2196 4219 2491 4287 perfectam
2520 4219 2823 4275 mercedem
2854 4220 3013 4275 habet
3043 4223 3188 4293 (nam
3216 4233 3383 4281 totum
3407 4226 3456 4281 id
3478 4226 3781 4299 fecit,quod

2195 4325 2359 4380 penes
2386 4326 2445 4364 se
2471 4320 2586 4365 erat
2604 4310 2622 4379 )
2640 4354 2654 4377 ,
2686 4314 2763 4367 sic
2791 4323 2845 4368 ct
2884 4314 2971 4383 qui
2999 4315 3232 4382 aliquem
3272 4317 3502 4385 perdere
3532 4320 3778 4384 voluerit,

2194 4402 2306 4456 sive
2333 4403 2565 4469 lzcserit,
2610 4405 2724 4458 sive
2762 4421 2869 4458 non
2902 4407 3126 4471 lmserit,
3173 4407 3360 4461 eodem
3397 4410 3654 4477 supplicio
3684 4425 3780 4479 pu-

2194 4497 2402 4559 nietur;
2434 4510 2553 4548 nam
2583 4496 2722 4564 quod
2765 4497 2935 4565 potuit
2986 4506 3151 4551 totum
3178 4498 3439 4566 implevit.
3472 4500 3652 4570 Itaque
3676 4501 3777 4556 etsi

2192 4585 2318 4639 nihil
2348 4586 2626 4653 potueritis
2650 4586 2717 4640 ad
2767 4601 3059 4656 generosos
3104 4588 3333 4642 ﬁliorum
3388 4591 3595 4646 animos
3638 4592 3778 4662 deji-

2191 4676 2409 4730 ciendos
2438 4685 2492 4730 et
2522 4674 2946 4743 subvertendos,
2981 4688 3205 4733 conatus
3230 4681 3418 4735 saltem
3458 4682 3617 4736 vestri
3663 4693 3780 4737 tan-

2193 4780 2272 4825 tas
2310 4786 2495 4840 pinnas
2516 4771 2746 4837 dabitis,
2770 4784 2995 4844 quantas
3023 4775 3111 4845 qui
3150 4774 3488 4845 dejecissent.
3517 4777 3641 4831 Haec
3678 4778 3777 4848 igi-

2194 4873 2279 4919 tur
2301 4866 2553 4921 universa
2594 4867 2906 4939 cogitantes,
2941 4869 3120 4922 missis
3148 4868 3572 4923 cavillationibus
3595 4871 3772 4924 omni-

2191 4956 2289 5011 bus
2314 4997 2329 5020 ,
2384 4957 2694 5013 Studeamus
2719 4971 3098 5028 generosorum
3149 4957 3375 5011 ﬁliorum
3415 4966 3596 5027 patres
3621 4974 3773 5025 esse,

2191 5046 2627 5103 Christiferorum
2650 5047 2953 5103 conditores
2980 5048 3326 5119 templorum,
3342 5049 3662 5106 athletarum
3680 5067 3780 5107 cato

2192 5139 2401 5194 lestium
2433 5149 2730 5203 curatores,
2760 5148 3045 5209 tingentes,
3075 5140 3362 5211 erigentes,
3384 5141 3615 5211 undique
3630 5157 3777 5197 com—

2194 5232 2365 5287 modis
2392 5233 2603 5287 illorum
2631 5232 2998 5294 consulentes,
3030 5242 3087 5289 ut
3128 5234 3239 5289 illic
3280 5249 3596 5288 coronarum
3640 5248 3773 5287 con—

2191 5334 2363 5378 sortes
2389 5323 2705 5379 efﬁciamur.
2755 5323 2847 5380 Sin
2874 5336 3051 5379 autem
3093 5324 3497 5391 contenderitis,
3539 5323 3630 5378 ﬁlii
3652 5326 3774 5395 qui-

2191 5416 2335 5483 dem,
2359 5416 2402 5471 si
2434 5415 2748 5472 fortitudine
2776 5418 3007 5481 valeant,
3040 5416 3122 5470 vel
3151 5416 3329 5471 invitis
3363 5416 3516 5471 vobis
3541 5417 3607 5470 ad
3639 5416 3779 5471 hanc

2191 5508 2505 5581 pervenient
2533 5509 2945 5581 philosoplnam,
2975 5508 3345 5578 universisque
3387 5506 3633 5563 fruentur
3679 5510 3749 5566 bo

2194 5602 2316 5669 nis;
2348 5604 2498 5657 vobis
2530 5612 2707 5658 autem
2754 5601 2805 5656 id
2844 5601 3145 5671 continget,
3178 5608 3233 5651 ut
3279 5600 3600 5654 immensum
3628 5600 3776 5653 vobis

2195 5698 2488 5752 cruciatum
2519 5695 2838 5765 congeratis,
2871 5704 3103 5763 tuncque
3127 5692 3268 5746 dicta
3292 5702 3477 5747 nostra
3509 5691 3773 5756 laudetis,

2194 5805 2314 5845 cum
2343 5807 2411 5845 ex
2444 5790 2507 5844 iis
2536 5787 2781 5843 laudibus
2807 5785 2942 5845 nihil
2970 5785 3214 5840 utilitatis
3242 5786 3514 5857 percipere
3541 5784 3738 5840 licebit.

1990 5948 2309 6058 WE?
