4532 6712
899 545 998 599 381

930 763 1908 780 hmro

1654 539 1708 593 S.
1738 536 2024 593 JOANNIS
2055 537 2537 594 CllllYSOSTOMl
2575 538 2892 594 ARCllIEP.
2937 535 3480 598 CONSTANTl-NOP.
4057 549 4156 602 338

1909 760 4140 786 _____——______________——_____

1937 955 2103 1030 [116]
2141 953 2221 1013 IN
2263 950 2620 1025 SEQUENS
2663 952 3136 1015 OPUSCULUM

958 1187 1076 1241 Iam
1105 1202 1290 1256 supra,
1324 1185 1467 1240 libro
1500 1200 1561 1251 tt,
1593 1200 1747 1239 num.
1783 1184 1840 1250 6,
1883 1185 2308 1257 Chrysostomus
2356 1198 2476 1236 mo-

893 1293 1130 1345 nachum
1164 1307 1289 1346 cum
1320 1305 1448 1362 rege
1481 1289 1565 1345 vel
1595 1289 1927 1360 imperatore
1959 1297 2355 1357 comparatum,
2382 1286 2475 1341 illo

896 1395 1316 1451 fortunatiorem
1340 1405 1393 1450 et
1415 1395 1773 1466 potentiorem
1799 1407 1917 1447 esse
1937 1393 2203 1461 probavit.
2233 1390 2476 1460 ldipsum

896 1509 1080 1555 autem
1110 1496 1164 1554 in
1197 1501 1300 1554 hoc
1339 1498 1601 1568 opusculo
1648 1505 1765 1550 toto
1803 1504 2232 1561 commonstrat;
2279 1510 2478 1565 nempe

891 1621 1020 1660 eum
1051 1605 1143 1674 qui
1173 1602 1562 1673 philosophia,
1590 1602 1672 1657 sic
1701 1602 1847 1656 enim
1885 1599 2088 1670 passim
2119 1599 2483 1656 monasticam

2581 1185 2748 1238 vitam
2781 1183 3032 1254 appellat,
3058 1183 3151 1238 dat
3172 1199 3422 1253 operam,
3451 1208 3575 1261 rege
3603 1193 3851 1248 ditiorem
3881 1203 3933 1248 et
3964 1205 4156 1264 poten-

2584 1293 2776 1346 tiorem
2803 1307 2942 1356 esse,
2989 1291 3042 1344 in
3083 1290 3224 1344 bello
3256 1291 3560 1362 fortiorem,
3606 1301 3919 1354 hominibus
3967 1301 4152 1354 demes

2585 1397 2771 1451 rendis
2796 1413 2860 1450 ac
2881 1395 3141 1451 beneficio
3157 1395 3420 1450 ornandis
3444 1401 3733 1470 aptiorem,
3765 1405 3817 1459 in
3851 1405 3996 1460 obitu
4025 1405 4155 1458 bea-

2584 1500 2804 1555 tiorem.
2823 1501 2960 1556 Cum
2984 1502 3146 1571 igitur
3173 1500 3414 1569 ejusdem
3445 1509 3751 1572 argumenti
3789 1510 3859 1563 sit
3882 1510 3971 1566 hic
3999 1509 4154 1564 libel-

2595 1601 2683 1656 lus
2741 1613 2906 1673 atque
2947 1613 3056 1658 tres
3091 1604 3331 1674 priores,
3373 1612 3678 1673 opportune
3717 1621 3840 1678 post
3883 1613 4006 1668 illos
4043 1629 4153 1668 una

883 2178 1326 2237 COMPARATIO
1363 2178 1767 2242 ΡΟΤΕΝΤΙᾹΞ,
1811 2177 2220 2232 DlVlTlARUM
2263 2178 2352 2232 ET
2394 2179 2902 2234 EXCELLENTIE
2958 2179 3197 2244 REGIS,
3238 2180 3383 2236 CUM
3425 2180 3758 2238 MONACHO
3795 2180 3865 2236 lN
3905 2184 4148 2245 VERIS-

1680 2267 1844 2323 SIMA
1884 2267 1971 2321 ET
2003 2267 2425 2324 CllRlSTlANA
2471 2269 2943 2324 PHILOSOPHIA
2989 2270 3358 2327 VIVENTE'.

976 2615 1027 2667 Ι.
1058 2613 1169 2682 Ego
1196 2627 1314 2667 cum
1353 2612 1562 2666 intuear
1585 2629 1651 2667 ex
1694 2613 1996 2667 hominibus
2025 2615 2326 2683 complures
2352 2633 2471 2683 qum

901 2702 1036 2756 bona
1074 2715 1194 2755 esse
1232 2701 1497 2762 videntur.
1526 2717 1588 2756 ea
1620 2702 1807 2770 majori
1831 2712 1888 2756 et
1930 2719 2112 2757 amore
2155 2715 2208 2757 ct
2235 2706 2466 2758 admira-

896 2793 1040 2846 tione
1083 2792 1313 2858 sectari,
1341 2807 1498 2861 quam
1543 2808 1664 2862 quae
1691 2804 1876 2846 natura
1925 2808 1988 2848 ac
2025 2795 2302 2849 verissime
2331 2796 2465 2848 bona

894 2891 1018 2937 sunt
1046 2898 1063 2935 :
1093 2882 1449 2936 necessarium
1475 2897 1595 2937 esse
1619 2898 1762 2950 reor,
1783 2883 1927 2939 brevi
1953 2887 2194 2940 oratione
2211 2887 2276 2940 de
2310 2888 2466 2942 utris-

895 2989 1002 3043 que
1027 2973 1114 3028 bic
1139 2989 1296 3044 agere
1315 3015 1334 3041 ,
1363 2985 1418 3029 et
1443 2990 1763 3044 componere
1790 2975 1928 3030 inter
1953 2991 2011 3030 se
2046 2986 2156 3032 tum
2176 2993 2294 3048 qua:
2313 2978 2469 3048 vulgo

899 3063 1160 3134 neglcctui
1185 3073 1344 3129 sunt,
1379 3073 1490 3119 tum
1524 3081 1644 3135 qua:
1688 3081 1880 3136 magno
1906 3067 2156 3122 mortales
2180 3067 2355 3122 studio
2379 3083 2468 3123 se-

899 3165 1156 3224 quuntur,
1179 3164 1238 3208 ut
1263 3163 1609 3225 utrorumque
1632 3155 1984 3210 differentiam
2007 3158 2202 3222 edocti,
2232 3159 2322 3212 illa
2349 3159 2468 3228 qui-

896 3245 1018 3299 dem
1048 3254 1104 3299 ut
1131 3246 1268 3300 seria
1295 3261 1358 3300 ac
1382 3246 1631 3300 salutaria
1660 3248 1831 3315 magni
1860 3246 2130 3309 faciamus.
2153 3247 2266 3302 haec
2291 3257 2466 3302 autem

899 3344 1164 3405 tamquam
1185 3334 1336 3390 nihili
1354 3335 1661 3389 aestimanda
1689 3345 2032 3391 contemnere
2058 3337 2346 3391 discamus.
2370 3337 2471 3406 lgi-

901 3436 986 3482 tur
1011 3441 1332 3497 magnOpere
1373 3436 1691 3496 expetuntur
1715 3427 1912 3481 divitia:
1936 3467 1952 3492 ,
1987 3429 2344 3501 principatus,
2371 3431 2468 3481 im-

904 3519 1128 3587 perium,
1157 3519 1324 3587 gloria
1346 3559 1362 3584 ,
1390 3533 1454 3573 ac
1496 3519 1680 3573 beatos
1702 3519 1915 3588 quidem
1945 3521 2136 3589 vulgus
2165 3535 2259 3574 eos
2281 3521 2460 3582 ducit,

905 3609 992 3678 qui
1036 3610 1270 3679 gentium
1297 3611 1562 3679 principes
1591 3621 1714 3662 sunt
1736 3649 1754 3675 ,
1780 3612 1869 3679 qui
1897 3610 2187 3679 splendidis
2213 3611 2467 3664 vehiculis

901 3697 1165 3763 feruntur,
1187 3699 1276 3768 qui
1299 3715 1601 3768 praeconum
1631 3699 1919 3753 clamorem
1947 3714 2009 3752 ac
2030 3700 2333 3754 satellitium
2355 3715 2466 3753 ma-

895 3804 1058 3859 gnum
1085 3802 1462 3859 assequuntur.
1490 3791 1686 3845 Contra
1713 3790 2206 3860 philosophantium
2235 3791 2340 3844 vita
2367 3832 2384 3856 ,
2415 3799 2470 3845 et

891 3897 1076 3936 eorum
1101 3883 1190 3951 qui
1217 3884 1563 3937 monasticum
1594 3884 1888 3938 institutum
1909 3883 2252 3952 delegerunt,
2279 3882 2464 3952 despi-

894 3974 1083 4028 cabilis
1107 3983 1190 4029 est
1217 3991 1232 4027 :
1256 3984 1416 4043 atque
1442 3975 1517 4027 illi
1545 3975 1756 4043 quidem
1789 3974 1915 4028 dum
1936 3975 2078 4028 foras
2101 3973 2464 4044 prodeunt,ad

894 4079 1015 4120 sese
1053 4064 1380 4117 contueudos
1407 4064 1656 4132 populum
1684 4065 1856 4133 ipsum
1899 4074 2216 4118 convertunt
2242 4081 2254 4116 :
2286 4063 2338 4117 hi
2365 4079 2465 4118 au-

897 4162 1003 4207 tem
1028 4151 1193 4206 sicubi
1228 4152 1586 4219 apparuerint,
1616 4153 1810 4206 nullius
1832 4155 2035 4219 oculos,
2065 4165 2156 4208 aut
2183 4163 2326 4208 certe
2346 4171 2467 4224 per-

898 4256 1183 4309 paucorum
1208 4283 1223 4304 ,
1255 4243 1320 4295 ad
1350 4243 1429 4296 sui
1459 4243 1814 4311 spectaculum
1842 4244 2055 4298 trahunt
2087 4263 2100 4297 :
2129 4255 2182 4298 et
2207 4259 2460 4314 praeterea

895 4332 1087 4386 horum
1113 4331 1290 4386 nullus
1318 4333 1510 4386 similis
1546 4348 1666 4388 esse
1693 4336 2067 4401 concupiscat,
2100 4336 2306 4389 illorum
2335 4353 2463 4392 vero

891 4439 1098 4479 omnes.
1149 4424 1477 4494 Quamquam
1509 4426 1859 4494 principatum
1888 4441 2147 4495 querere,
2171 4428 2341 4495 gentis
2366 4429 2462 4480 ali-

893 4515 1046 4583 cujus
1074 4514 1298 4584 tmperio
1321 4515 1498 4583 potiri,
1515 4516 1735 4569 arduum
1754 4532 1883 4570 sane
1907 4532 1968 4570 ac
1987 4532 2143 4584 supra
2168 4518 2460 4587 vulgarium

897 4603 1170 4656 hominum
1196 4603 1357 4666 vires,
1390 4617 1451 4655 ac
1487 4619 1712 4671 quorum
1739 4605 1944 4658 animos
1970 4605 2172 4673 imperii
2204 4622 2355 4660 amor
2383 4608 2464 4660 in-

895 4695 1078 4761 cessit,
1113 4695 1177 4749 iis
1230 4709 1418 4764 magna
1460 4697 1681 4763 pecunia
1729 4709 1904 4763 opus:
1945 4698 2286 4751 monasticam
2337 4714 2465 4751 vero

895 4785 1057 4839 vitam
1101 4785 1325 4855 eligere,
1369 4784 1463 4838 Dei
1510 4785 1673 4838 cultui
1721 4786 1879 4838 vitam
1933 4801 2084 4839 suam
2138 4789 2460 4858 mancipare,

893 4889 1041 4943 mque
1059 4876 1303 4928 omnibus
1332 4873 1563 4943 proclive
1588 4889 1650 4928 ac
1667 4872 1841 4929 facile.
1860 4875 2014 4930 Adde
2037 4877 2177 4945 quod
2203 4878 2464 4947 principa-

893 4972 979 5018 tus
1019 4965 1286 5033 possessio
1314 4980 1416 5018 una
1452 4981 1574 5020 cum
1605 4967 1709 5019 vita
1755 4965 1854 5021 hac
1880 4967 2076 5023 desinit
2098 5011 2112 5032 ,
2139 4985 2240 5024 seu
2279 4973 2457 5024 verius

892 5054 1100 5118 dicam,
1148 5055 1298 5106 vivos
1343 5055 1468 5107 item
1519 5056 1600 5107 sui
1656 5066 1920 5111 amatores
1967 5059 2204 5112 destituit
2243 5077 2256 5112 :
2301 5070 2462 5130 atque

897 5147 1057 5200 etiam
1105 5144 1299 5198 multos
1351 5144 1404 5196 in
1433 5145 1756 5212 periculum,
1801 5151 1881 5202 vel
1927 5159 2070 5204 certe
2111 5167 2352 5220 magnam
2408 5153 2458 5205 in

892 5236 1236 5305 ignominiam
1258 5235 1510 5304 conjecit.
1541 5239 1612 5289 At
1638 5239 1924 5293 monastica
1949 5241 2050 5292 vita
2075 5241 2249 5309 justos
2271 5244 2352 5296 hic
2368 5244 2460 5297 bo-

889 5328 974 5378 nis
999 5327 1176 5379 multis
1215 5341 1338 5379 cum
1377 5325 1691 5395 repleverit,
1723 5343 1754 5382 a
1803 5329 1922 5382 vitae
1961 5331 2101 5383 exitu
2138 5341 2352 5386 ornatos
2396 5348 2458 5388 ac

893 5415 1083 5471 hilares
1111 5415 1178 5470 ad
1231 5416 1322 5472 Dei
1377 5427 1433 5473 et
1460 5418 1629 5474 Patris
1675 5421 1696 5450 ²
1729 5420 1958 5474 tribunal
2001 5420 2164 5486 ducit,
2193 5438 2296 5492 quo
2326 5434 2458 5478 tem-

890 5520 1018 5567 pore
1047 5523 1226 5564 eorum
1254 5512 1341 5580 qui
1371 5512 1593 5580 imperio
1624 5513 1784 5566 functi
1811 5511 2005 5566 fuerint
2035 5513 2223 5568 bonam
2251 5527 2455 5584 partem

889 5612 1106 5669 magnas
1137 5611 1464 5668 peccatorum
1495 5603 1547 5659 in
1593 5605 1698 5658 vita
1723 5605 2073 5661 admissorum
2100 5623 2282 5678 pmnas
2311 5609 2455 5663 luere

947 5820 965 5851 ³
998 5818 1173 5869 Collata
1193 5834 1299 5869 cum
1323 5821 1427 5870 cod.
1451 5821 1639 5871 coislin.
1664 5824 1775 5875 212.

943 5879 968 5912 ‘
996 5881 1354 5944 Coisitultabet,
1373 5891 1462 5932 Det
1482 5890 1525 5933 et
1545 5884 1809 5935 salvatoris.

1215 6651 1598 6666 ῌΔΔΨ⁴-.
1639 6662 1672 6667 —.-
1731 6665 1736 6667 .
1805 6665 1808 6667 .
1977 6667 1988 6669 _
2035 6667 2072 6671 _
2133 6666 2264 6671 _,—
2295 6665 2354 6669 -ᾉ

2578 2622 2776 2676 videas.
2811 2627 2921 2692 Age
2949 2625 3124 2694 itaque
3151 2625 3487 2679 conferentes
3516 2633 3657 2679 inter
3692 2640 3750 2679 se
3774 2634 3881 2678 tum
3910 2626 4147 2694 philoso-

2577 2712 2714 2781 phia:
2745 2714 2900 2778 bona,
2937 2723 3047 2769 tum
3083 2731 3143 2769 ea
3173 2732 3294 2785 quae
3343 2717 3394 2768 in
3443 2716 3542 2769 hac
3574 2717 3683 2769 vita
3732 2716 4052 2784 principatus
4080 2733 4148 2771 ac

2570 2805 2754 2873 gloria:
2781 2805 2920 2859 bona
2950 2821 3069 2860 esse
3086 2807 3348 2872 videntur,
3375 2815 3719 2875 utrorumque
3743 2809 3996 2861 bonorum
4025 2807 4145 2862 dis-

2571 2897 2901 2965 crepantiam
2940 2897 3306 2966 perdiscamus
3342 2915 3356 2950 :
3386 2899 3463 2950 sic
3491 2898 3632 2950 enim
3661 2898 3850 2950 collata
3875 2898 4144 2966 apertiora

2572 2985 2701 3040 ﬂent
2729 3003 2744 3039 :
2773 2987 2898 3056 quin
2924 2987 3121 3056 potius,
3153 2987 3198 3039 si
3228 2986 3431 3055 placet,
3482 2987 3652 3054 ipsum
3700 2987 3954 3040 bonorqu
3993 2985 4146 3039 fasti-

2573 3077 2719 3145 gium
2745 3093 2965 3146 regnum
2995 3077 3249 3146 intelligo,
3264 3093 3384 3130 cum
3402 3076 3732 3146 philosophia
3748 3086 4140 3145 comparantes,

2574 3168 2849 3236 utriusque
2869 3169 3218 3236 possessionis
3245 3169 3444 3221 fructus
3461 3169 3898 3236 contemplemur,
3911 3168 4142 3235 diligen-

2576 3266 2660 3311 ter
2683 3257 2861 3311 edocti
2885 3299 2900 3322 ,
2946 3258 3139 3326 quibus
3165 3271 3351 3310 rursus
3380 3257 3727 3325 philosophus
3756 3257 3995 3325 imperet.
4025 3257 4142 3310 ilex

2573 3347 2734 3416 igitur
2760 3347 2989 3412 urbium,
3019 3348 3316 3416 regionum,
3338 3356 3447 3400 tum
3477 3346 3756 3399 multarum
3786 3345 4013 3413 gentium
4033 3347 4141 3398 im-

2572 3438 2776 3505 perium
2800 3439 2957 3506 gerit,
2987 3437 3271 3506 magistros
3311 3437 3532 3489 militum
3557 3477 3571 3497 ,
3601 3434 3879 3503 prmfectos
3897 3476 3911 3497 ,
3931 3436 4138 3488 exerci-

2570 3534 2676 3590 tus,
2698 3527 2936 3594 populos,
2954 3536 3192 3590 senatus,
3224 3540 3324 3579 suo
3351 3527 3507 3578 unius
3531 3536 3658 3578 nutu
3682 3539 3868 3593 regens
3898 3542 3910 3554 ·
3937 3533 3991 3577 at
4011 3539 4141 3578 vero

2569 3618 2658 3684 qui
2704 3632 2764 3672 se
2792 3618 2907 3686 ipse
2935 3625 3101 3670 totum
3130 3617 3242 3670 Deo
3263 3615 3427 3678 dedit,
3443 3616 3834 3683 solitariantque
3851 3622 4009 3668 Vitam
4029 3616 4139 3668 ele-

2566 3708 2645 3776 git
2671 3746 2688 3771 ,
2736 3707 2860 3769 ine,
2909 3706 3157 3770 invidiae,
3185 3707 3421 3759 avaritia:
3442 3746 3458 3769 ,
3492 3706 3781 3774 voluptati,
3825 3705 4136 3773 ceterisque

2569 3798 2732 3850 animi
2762 3796 2961 3851 morbis
2986 3798 3230 3864 imperat,
3249 3795 3461 3849 assidue
3483 3795 3758 3862 speculans
3782 3809 3846 3848 ac
3873 3793 4136 3848 meditans

2571 3901 2854 3954 quemnam
2903 3887 2956 3938 in
3004 3885 3222 3938 modum
3255 3899 3358 3938 non
3385 3887 3718 3951 committat,
3748 3893 3806 3938 ut
3832 3898 3985 3937 suum
4020 3885 4136 3937 ani-

2571 3989 2715 4028 mum
2753 3974 3020 4028 obscaenis
3060 3972 3341 4027 alfectibus
3387 3974 3652 4041 subjiciat,
3695 3989 3796 4028 neu
3825 3989 4020 4027 amara:
4046 3984 4133 4044 ty-

2571 4065 2776 4118 rannidi
2832 4065 2970 4118 ratio
3015 4063 3308 4129 inserviat,
3373 4061 3470 4115 sed
3522 4075 3676 4130 supra
3727 4077 3815 4116 res
3875 4061 4136 4116 humanas

2567 4170 2757 4210 omnes
2785 4155 3164 4224 cogitationem
3213 4167 3428 4221 semper
3453 4162 3684 4206 erectum
3713 4153 3918 4218 habeat,
3951 4153 4042 4206 Dei
4070 4154 4137 4205 ti-

2569 4261 2772 4299 morem
2811 4245 2974 4298 animi
3012 4244 3213 4298 morbis
3261 4243 3574 4312 praaliciens.
3617 4234 3927 4309 llujusmodi
3973 4242 4136 4310 igitur

2567 4337 2848 4404 imperium
2879 4351 2994 4400 rex,
3027 4333 3332 4403 bujusmodi
3376 4333 3502 4386 item
3553 4332 3900 4400 principatum
3945 4346 4133 4384 mona-

2564 4426 2700 4479 chus
2735 4426 2960 4495 adeptus
2980 4433 3096 4478 est:
3129 4432 3188 4477 ut
3210 4423 3405 4492 justius
3429 4421 3642 4490 quidem
3674 4421 3812 4474 hunc
3838 4435 4012 4490 regem
4039 4437 4133 4473 vo-

2564 4531 2675 4580 ces,
2707 4531 2864 4583 quam
2889 4531 3011 4569 eum
3043 4515 3134 4582 qui
3165 4528 3393 4582 purpura
3429 4513 3643 4566 indutus
3665 4527 3729 4566 ac
3754 4527 3947 4567 corona
3973 4528 4130 4568 orna-

2567 4616 2650 4660 tus
2675 4606 3016 4674 splendescit,
3049 4605 3242 4659 throno
3276 4606 3328 4658 in
3356 4619 3520 4658 aureo
3547 4603 3757 4658 sedens.

2635 4694 2692 4748 2.
2719 4696 2843 4761 Qui:
2867 4697 3062 4748 demum
3087 4711 3199 4746 vere
3215 4711 3304 4747 rea:
3326 4693 3586 4746 dicendus.
3612 4724 3683 4733 —
3700 4693 3829 4748 Nam
3851 4694 3896 4748 is
3916 4693 4128 4748 demum

2567 4799 2693 4838 vere
2715 4799 2807 4838 rex
2837 4793 2937 4847 est,
2965 4783 3057 4852 qui
3087 4783 3242 4847 iram,
3273 4785 3363 4852 qui
3391 4783 3660 4848 invidiam,
3688 4784 3778 4852 qui
3803 4784 4128 4850 voluptatem

2564 4875 2816 4930 cohibens
2835 4916 2852 4942 ,
2879 4877 3054 4928 omnia
3080 4873 3179 4927 sub
3208 4875 3296 4928 Dei
3336 4875 3449 4943 lege
3484 4877 3611 4944 agit,
3640 4884 3870 4929 mentem
3906 4875 4127 4928 liberam

2563 4981 2822 5030 servans,
2867 4979 3040 5034 neque
3083 4963 3286 5034 patiens
3331 4965 3655 5033 voluptatum
3712 4963 4127 5016 dominationem

2565 5061 2744 5111 animo
2768 5072 2866 5110 suo
2901 5056 3222 5124 imperitare.
3259 5055 3438 5110 Talem
3484 5054 3727 5124 equidem
3755 5069 3930 5120 regem
3960 5054 4128 5106 libens

2561 5150 2798 5204 viderem
2821 5157 2874 5202 et
2898 5157 3075 5211 teme,
3104 5156 3158 5201 ct
3189 5148 3341 5214 mari,
3367 5157 3422 5202 et
3454 5143 3776 5208 civitatibus,
3817 5152 3870 5196 et
3898 5145 4122 5212 populis,

2560 5253 2615 5297 et
2658 5241 2980 5295 exercitibus
3033 5239 3152 5308 jura
3203 5239 3436 5294 dantem.
3487 5235 3738 5304 Quisquis
3781 5233 3920 5286 enim
3963 5235 4124 5286 animi

2559 5332 2834 5386 aﬂ'ectibus
2877 5329 3132 5384 rationem
3175 5330 3480 5397 magistram
3522 5323 3839 5395 prmfecerit,
3879 5321 3923 5375 is
3961 5337 4124 5390 parvo

2558 5421 2843 5476 admodum
2869 5421 3081 5490 negotio
3105 5430 3158 5476 et
3177 5421 3478 5475 hominibus
3505 5433 3608 5471 una
3631 5430 3752 5468 cum
3778 5412 3964 5466 divinis
3991 5413 4120 5481 legi-

2558 5515 2657 5567 bus
2704 5513 2895 5581 prazﬁci
2945 5513 3130 5581 possit,
3176 5523 3233 5566 ut
3271 5511 3515 5566 eumdem
3563 5507 3727 5577 patris
3771 5504 3885 5558 loco
3925 5505 4119 5558 subditi

2560 5604 2804 5668 habeant,
2836 5619 2952 5658 cum
2979 5605 3122 5659 omni
3149 5599 3554 5656 mansuetudine
3576 5595 3874 5652 civitatibus
3897 5612 4119 5652 consue-

2558 5696 2751 5750 tudinis
2776 5710 2884 5750 suxe
2925 5697 3130 5764 copiam
3175 5693 3474 5748 facientem.
3514 5687 3612 5755 Qui
3655 5703 3778 5743 vero
3819 5686 4119 5742 hominibus

2557 5788 2816 5854 imperare
2841 5803 2959 5841 cum
2991 5786 3260 5846 videatur,
3288 5784 3381 5835 ir:e
3407 5789 3610 5844 tamen,
3640 5780 3933 5840 ambitioni,
3964 5778 4116 5828 voln-

2557 5878 2786 5951 ptatibus
2826 5879 3010 5942 servit,
3054 5876 3140 5930 hic
3187 5875 3410 5944 primum
3451 5872 3672 5927 subditis
3714 5871 3821 5924 suis
3867 5866 4115 5921 ridiculus
