4454 6700
406 512 503 569 387

1428 512 1870 571 CUMPARATIO
1910 515 2112 573 REGIS
2151 512 2239 569 ΕΤ
2278 512 2605 571 MONACIH.

3518 528 3625 587 388

453 730 3603 767 M

1814 921 2213 986 MONITUM.

409 1169 545 1225 serie
582 1166 807 1218 locatur.
846 1156 1111 1224 Savilius,
1158 1163 1249 1231 qui
1276 1162 1419 1218 inter
1461 1163 1644 1233 spuria
1694 1163 1795 1215 hoc
1828 1177 1964 1231 opu-

404 1270 614 1327 sculum
658 1264 872 1317 incaute
914 1273 1188 1332 posuerat,
1234 1263 1290 1317 in
1333 1263 1476 1317 notis
1524 1273 1709 1332 postea
1751 1263 1867 1314 suis
1909 1259 1964 1315 id

405 1369 758 1438 incogitanter
797 1381 861 1421 ac
892 1374 1089 1421 temere
1127 1366 1329 1421 factum
1363 1381 1486 1420 esse
1516 1361 1833 1423 declaravit.
1863 1377 1956 1416 ve-

404 1485 565 1539 reque
606 1469 993 1541 Chrysostomo
1020 1470 1242 1542 dignum
1284 1484 1421 1540 Opus
1464 1481 1587 1522 esse
1626 1465 1808 1519 fassus
1853 1477 1955 1525 est.

402 1572 557 1628 Certe
610 1589 716 1628 non
762 1576 923 1632 modo
961 1575 1331 1648 Chrysostomi
1384 1574 1585 1633 fetum,
1639 1570 1734 1625 sed
1791 1572 1949 1629 etiam

2067 1163 2205 1218 inter
2245 1164 2603 1234 elegantiores
2664 1166 3056 1221 numerandum
3107 1181 3226 1223 esse
3283 1184 3590 1230 censemus.

2134 1267 2389 1324 Germani
2425 1267 2593 1324 Brixii
2628 1270 3146 1341 interpretationem,
3183 1284 3363 1346 utpote
3389 1280 3522 1336 satis
3543 1297 3627 1338 ac-

2062 1378 2331 1435 curatam,
2358 1371 2566 1442 aliquot
2595 1381 2777 1429 tamen
2812 1375 2865 1430 in
2909 1374 3044 1431 locis
3083 1381 3441 1450 emendatam,
3476 1401 3507 1439 e
3533 1401 3622 1441 re-

2061 1472 2220 1542 gione
2248 1474 2421 1530 Graeci
2448 1484 2626 1533 textus
2647 1478 2909 1535 edendam
2943 1481 3278 1538 curavimus.

421 1853 3617 1887 Ἠ

294 2135 447 2215 [116]
479 2141 832 2201 ΣΥΓΚΡΙΣΙΣ
883 2140 1255 2199 ΒΔΣῙΔΙΚΗΣ
1294 2140 1721 2196 ΔΥΝΔΣΤΕῙΔΣ
1767 2141 1890 2197 ΚΑΙ
1937 2140 2268 2196 ΠΛΟΥΤΟΥ
2298 2140 2422 2195 ΚΑΙ
2451 2139 2839 2205 ΥΠΕΡΟΧΗΣ,
2881 2139 3443 2199 ΠΡΟΣΜΟΝΔΧΟΝ
3470 2140 3725 2201 ΣΥΖΩΝο

1084 2234 1177 2288 TA
1220 2235 1314 2305 ’Ῑᾘ
1347 2234 1807 2308 ΔΛΗΘΕΣΤΔΤῌ
1834 2235 1956 2291 ΚΑΙ
1998 2234 2189 2290 ΚΑΤΑ
2218 2231 2520 2289 ΧΡΙΣΤΟΝ
2551 2233 2928 2307 ΦΙΛΟΣΟΦΙᾼ.

363 2739 433 2785 α’.
472 2730 641 2802 Ὁρῶν
659 2731 769 2800 ἐγὼ
782 2733 906 2796 τοὺς
926 2732 1147 2797 πολλοὺς
1164 2730 1269 2784 τῶν
1290 2730 1388 2784 ἀνθ
1397 2729 1591 2801 ρώπων
1619 2727 1685 2782 τά
1704 2727 1962 2782 δοκοῦντα

293 2826 433 2880 εἶναι
456 2826 595 2880 καλά
622 2826 821 2898 μᾶλλον
843 2826 1172 2896 ἀγαπῶντάς
1192 2843 1251 2880 τε
1277 2826 1371 2879 καὶ
1405 2823 1800 2896 θαυμάζοντας,
1824 2824 1858 2893 ἢ
1892 2825 1963 2879 τά

292 2920 452 2990 φύσει
496 2922 708 2995 χρηστά
744 2924 840 2977 καὶ
870 2922 947 2986 ὡς
988 2921 1204 2992 ἀληθῶς
1234 2921 1439 2991 ἀγαθά,
1493 2922 1790 2989 ἀναγκαῖον
1819 2914 1961 2973 εῐναι

289 3018 493 3089 νομίζω
526 3020 652 3090 περὶ
676 3018 954 3090 ἑκατέρων
986 3018 1208 3090 βραχεῖς
1235 3018 1563 3091 ποιήσασθαι
1593 3018 1718 3081 τοὺς
1748 3016 1961 3086 λόγους,

291 3116 387 3168 καὶ
432 3115 754 3186 παραθεῖναι
800 3114 897 3169 νῦν
935 3114 1187 3186 ἀλλήλοις
1227 3116 1299 3169 τά
1326 3133 1387 3169 τε
1426 3114 1964 3189 κατερρᾳθυμημένα

293 3212 446 3283 παρά
478 3212 687 3275 πολλοῖς
703 3224 751 3273 ι,
786 3212 858 3265 τά
888 3228 948 3265 τε
979 3212 1179 3283 πολλῆς
1219 3213 1553 3283 τυγχάνοντα
1587 3211 1844 3284 σπουδῆς,
1874 3212 1965 3267 ἴνα

293 3307 553 3377 μαθόντες
577 3306 638 3361 τὸ
657 3307 910 3379 διάφορον
938 3309 1235 3380 ἑκατέρων,
1255 3308 1323 3363 τὰ
1347 3309 1445 3381 μὲν
1469 3308 1546 3373 ὼς
1573 3308 1699 3375 ἄξια
1724 3308 1961 3381 σπουδῆς

291 3403 385 3456 καὶ
426 3402 699 3474 σωτηρίας
740 3405 870 3476 περὶ
904 3403 1098 3459 πολλοῦ
1133 3405 1517 3477 ποιησώμεθα,
1549 3405 1656 3459 τῶν
1694 3404 1752 3459 δὲ
1784 3422 1958 3460 κατα-

291 3503 505 3570 φρονεῖν
552 3501 933 3573 παιδευθῶμεν
968 3502 1044 3567 ὠς
1094 3503 1305 3568 οὐδενὸς
1340 3501 1526 3569 ἀξίων.
1564 3499 1771 3557 Οὐκοῦν
1820 3504 1957 3571 ἀγα-

289 3598 457 3650 πᾶται
497 3597 593 3669 μὲν
627 3598 854 3662 πλοῦτος
877 3598 905 3639 δ
938 3601 1033 3654 καὶ
1065 3600 1350 3656 δυναστεία
1381 3600 1476 3655 καὶ
1506 3600 1647 3671 ἀρχὴ
1677 3600 1769 3653 καὶ
1799 3600 1953 3667 δόξα,

290 3690 383 3743 καὶ
437 3693 828 3763 μακαρίζουσιν
865 3695 914 3747 οί
960 3694 1143 3748 πολλοὶ
1171 3696 1298 3759 τοὺς
1335 3694 1443 3748 τῶν
1475 3694 1643 3748 ἐθνῶν
1664 3695 1952 3767 ἄρχοντας,

291 3786 623 3857 φερομένους
659 3791 751 3843 ἐπὶ
774 3791 1043 3862 λαμπρῶν
1069 3791 1381 3862 ὀχημάτων,
1411 3792 1504 3846 καὶ
1533 3791 1787 3862 κηρύκων
1823 3792 1953 3864 βοῆς

291 3881 660 3947 ἀπολαύοντας
694 3884 791 3938 καὶ
830 3885 1155 3959 δορυφορίας
1193 3888 1427 3958 πολλῆς,
1473 3888 1952 3960 καταπεφρόνηται

288 3975 345 4029 δέ
369 3977 476 4031 τῶν
510 3980 935 4050 φιλοσοφούντων
960 3985 987 4037 6
1013 3983 1146 4053 βίος,
1183 3984 1275 4037 καὶ
1303 3984 1412 4037 τῶν
1434 3983 1532 4055 τήν
1573 3986 1781 4057 μονήρη
1819 3985 1959 4039 δίαι-

287 4089 390 4126 ταν
431 4076 750 4147 ᾑρημένων·
795 4080 1033 4133 κάκεῖνοι
1067 4080 1165 4151 μὲν
1217 4081 1507 4150 φανέντες,
1552 4084 1687 4155 πρὸς
1730 4082 1957 4148 ἑαυτοὺς

290 4169 677 4243 ἐπιστρέφουσι
738 4176 830 4229 τὸν
876 4176 1083 4248 δῆμον,
1120 4168 1265 4231 οὗτοι
1311 4177 1369 4231 δὲ
1426 4179 1688 4247 φανέντες
1743 4179 1956 4244 οὐδενὸς

288 4264 617 4339 ὀφθαλμοὺς,
663 4271 695 4344 ἢ
727 4272 923 4345 κομιδῇ
954 4291 1017 4342 γε
1050 4274 1267 4343 ὀλίγων,
1299 4274 1435 4346 πρὸς
1459 4275 1685 4339 ἐαυτοὺς
1710 4275 1950 4330 ἕλκουσι.

289 4363 401 4416 Kal
418 4365 622 4420 τούτων
655 4368 753 4438 μὲν
781 4369 956 4433 οὐδεὶς
981 4370 1046 4424 ἂν
1068 4370 1423 4442 ἐπιθυμήσειε
1456 4370 1709 4441 γενέσθαι
1747 4373 1948 4443 ὅμοιος,

288 4457 587 4514 ἐκείνωνδέ
628 4462 868 4528 ἅπαντες
890 4484 904 4497 ·
948 4453 1126 4522 illitos
1160 4485 1222 4537 γε
1267 4467 1583 4522 δυναστείαν
1610 4469 1709 4540 μὲν
1746 4471 1951 4540 κτήσα-

290 4553 435 4617 σθαι,
483 4557 576 4610 καὶ
620 4559 794 4631 ἀρχὴν
841 4562 1027 4627 ἔθνους
1077 4564 1288 4629 λαϐεῖν,
1330 4566 1561 4636 χαλεπόν
1610 4585 1670 4620 τε
1711 4569 1951 4632 καὶτοῖς

289 4650 505 4715 πολλοῖς
535 4652 815 4718 ἀδύνατον,
840 4658 935 4709 καὶ
974 4659 1184 4714 πολλῶν
1206 4662 1274 4716 ἂν
1300 4662 1542 4735 δεηθεῖεν
1574 4667 1873 4736 χρημάτων
1901 4667 1948 4719 οί

287 4748 385 4817 τῆς
412 4748 585 4819 ἀρχῆς
615 4750 861 4821 ἐρασταίο
891 4754 953 4806 τὸ
984 4755 1041 4807 δὲ
1078 4760 1285 4830 μονήρη
1322 4760 1435 4831 βίον
1486 4762 1725 4828 ἑλέσθαι,
1766 4766 1859 4818 καὶ
1882 4766 1947 4835 τῇ

285 4842 379 4895 τοῦ
408 4843 542 4897 Θεοῦ
576 4845 801 4920 λατρεία
844 4848 1032 4920 συζῇν,
1072 4854 1238 4905 πᾶσιν
1276 4856 1480 4925 ὁμοίως
1513 4858 1745 4929 εὔπορόν
1772 4878 1833 4914 τε
1860 4860 1951 4913 xal

289 4940 491 5010 ῥᾴδιον.
510 4944 617 4997 Kal
642 4945 741 5015 τῆς
765 4945 861 5016 μὲν
888 4946 1063 5019 ἀρχῆς
1089 4948 1123 5019 ή
1147 4950 1337 5020 κτῆσις
1366 4952 1444 5023 τῷ
1492 4953 1594 5025 βίῳ
1629 4956 1805 5029 τούτῳ
1834 4975 1951 5011 συν⁹

286 5037 676 5111 διαφθείρεται,
718 5044 914 5115 μᾶλλον
949 5044 1006 5099 δὲ
1047 5046 1141 5100 καὶ
1180 5046 1389 5113 ζῶντας
1430 5049 1797 5123 ἀπολιμπάνει
1824 5056 1950 5119 τοὺς

288 5134 487 5209 ἐαυτῆς
520 5142 776 5212 ἐραστάς,
799 5145 897 5216 ήδη
931 5144 988 5199 δέ
1016 5162 1167 5209 τινας
1202 5146 1296 5200 καὶ
1320 5149 1401 5212 εἰς
1434 5149 1677 5205 κίνδυνον
1705 5153 1876 5223 μέγαν
1912 5153 1944 5223 ἢ

288 5233 503 5299 ἀδοξίαν
534 5240 894 5315 κατέστησενο
948 5241 1097 5316 [117]
1138 5245 1166 5296 6
1203 5243 1260 5297 δὲ
1311 5247 1551 5321 μονήρης
1590 5247 1703 5318 βίος
1726 5247 1846 5318 ,νῦν
1886 5265 1947 5301 τε

289 5334 501 5413 πολλῶν
542 5339 761 5409 ἀγαθῶν
799 5342 1174 5415 ἀναπίμπλησι
1207 5344 1335 5407 τοὺς
1385 5345 1644 5415 δικαίους,
1672 5348 1766 5402 καὶ
1812 5347 1951 5420 μετά

289 5427 389 5500 τήν
425 5431 517 5484 τοῦ
555 5433 670 5503 βίου
699 5440 955 5512 τελευτὴν
996 5439 1281 5512 λαμπροὺς
1315 5440 1408 5494 καὶ
1452 5443 1741 5516 χαίροντας
1773 5445 1865 5499 ἐπὶ
1892 5443 1952 5498 τὸ

288 5523 635 5597 δικαστήριον
662 5533 783 5601 ἄγει
811 5537 904 5590 τοῦ
926 5536 1059 5591 Θεοῦ
1092 5538 1185 5592 καὶ
1208 5536 1441 5609 Πατρδς,
1469 5540 1595 5593 ὄτεε
1623 5541 1728 5595 τῶν
1756 5542 1953 5615 ἀρξάν-

288 5640 398 5677 των
419 5623 468 5676 οί
497 5625 712 5692 πλείους
742 5634 982 5706 μεγάλην
1012 5636 1335 5709 ὀφθήσονται
1360 5636 1593 5702 διδόντες
1619 5640 1726 5695 τῶν
1758 5641 1951 5711 βεϐιω-

293 5712 473 5784 μένων
498 5715 595 5786 τὴν
622 5714 795 5788 δίκην.
813 5722 947 5793 Φέρε
968 5725 1031 5797 δὴ
1060 5726 1392 5798 παραθέντες
1412 5724 1660 5798 ἀλλήλοις
1689 5730 1756 5783 τά
1775 5748 1831 5784 τε
1853 5734 1952 5802 τῆς

351 5873 381 5937 9
402 5848 594 5937 Cnislin.
620 5874 749 5937 παρὰ
769 5876 974 5925 πολλῶν.

350 5935 381 6008 13
614 5934 745 6008 παρά
755 5938 944 6008 πολλοῖς
964 5940 1201 6008 ἀγαπητὸς
1223 5947 1305 6008 μὲν
1327 5944 1544 6003 πλοῦτος.
1568 5946 1699 5997 Savll

356 6001 379 6030 ⁸
410 5997 605 6049 Colslln.
631 5997 693 6049 et;
716 5998 863 6049 Savil.
886 5997 1015 6048 Θεοῧ
1032 5997 1365 6063 καὶνΣωτῆοος.
1389 6009 1483 6057 ὅτε.

738 6087 1007 6148 Pax-nuc.
1054 6090 1167 6150 Gn.
1217 6094 1464 6157 XLVII.

2063 2728 2379 2799 φιλοσοφίας
2403 2728 2758 2797 άγαθά,τάτε
2777 2726 3037 2782 δοκοῦντα
3065 2725 3202 2783 εἶναι
3217 2728 3428 2802 χρηστά
3446 2731 3546 2803 τῆς
3569 2732 3628 2787 ἐν
3648 2732 3729 2805 τῷ

2061 2825 2291 2896 παρόντι
2327 2824 2427 2896 βίῳ
2449 2825 2769 2888 δυναστείας
2788 2824 2885 2879 καὶ
2906 2824 3083 2895 δόξης,
3106 2826 3509 2898 καταμάθωμεν
3523 2828 3585 2882 τὸ
3610 2829 3729 2883 διά-

2062 2932 2225 2985 φορον
2258 2913 2531 2985 ἑκατέρων
2551 2913 2660 2966 τῶν
2683 2912 2904 2981 ἀγαθῶν
2920 2928 2934 2943 ’
2956 2914 3274 2985 παράλληλα
3305 2916 3415 2987 γὰρ
3441 2916 3594 2971 ἔσται
3627 2935 3732 2988 φα-

2062 3010 2261 3083 νερὼτε
2272 3026 2357 3082 ρα’
2387 3010 2585 3081 μᾶλλον
2608 3010 2686 3074 δέ,
2705 3012 2754 3063 εί
2774 3010 2939 3074 δοκεῖ,
2957 3010 3054 3081 τὴν
3093 3010 3337 3083 κορυφὴν
3358 3012 3467 3067 τῶν
3486 3013 3727 3083 ἀγαθῶν,

2061 3109 2160 3181 τὴν
2190 3106 2466 3179 βασιλείαν
2502 3107 2666 3176 λέγω.
2694 3110 2761 3177 τῇ
2796 3106 3087 3179 φιλοσοφίᾳ
3131 3109 3730 3187 παραθέντες,θεωρή-

2064 3223 2248 3277 σωμεν
2282 3204 2551 3276 ἑκατέρας
2576 3206 2825 3276 κτήσεως
2862 3204 2988 3269 τοὺς
3018 3207 3285 3276 καρποὺς,
3315 3211 3729 3281 καταμαθόντες

2059 3303 2305 3374 ἀκριϐῶς
2335 3302 2495 3356 τίνων
2545 3302 2646 3374 μὲν
2677 3304 2706 3357 6
2747 3302 3017 3372 βασιλεὺς,
3070 3303 3232 3360 τίνων
3269 3304 3327 3359 δέ
3376 3308 3405 3361 6
3440 3308 3727 3377 φιλόσοφος

2058 3398 2237 3471 ἄρχει.
2280 3398 2487 3453 Ούκοῦν
2517 3400 2547 3452 6
2595 3398 2693 3470 μὲν
2734 3397 2986 3469 βασιλεὺς
3017 3400 3209 3455 πόλεσι
3250 3401 3348 3455 καὶ
3387 3402 3591 3476 χώραις
3633 3406 3727 3461 καὶ

2056 3496 2270 3560 πολλοῖς
2307 3496 2609 3566 ἐφέστηκεν
2643 3495 2852 3561 ἔθνεσι,
2894 3496 2991 3551 καὶ
3038 3500 3381 3570 στρατηγοὺς
3415 3501 3509 3555 καὶ
3547 3502 3725 3574 ὑπάρ-

2055 3611 2183 3667 χους
2223 3596 2318 3648 καὶ
2353 3593 2692 3665 στρατόπεδα
2742 3594 2837 3649 καὶ
2872 3594 3078 3665 δήμους
3105 3595 3198 3649 καὶ
3224 3595 3419 3666 βουλὰς
3460 3601 3573 3663 τοῖς
3594 3601 3723 3654 έαυ·

2052 3691 2148 3747 τοῦ
2181 3692 2445 3763 νεύμασιν
2476 3690 2656 3760 ἄγων
2683 3692 2712 3744 6
2733 3691 2789 3744 δέ
2816 3690 2935 3762 Θεῷ
2964 3690 3216 3756 δεδωκὼς
3244 3692 3465 3760 ἑαυτὸν,
3496 3695 3592 3748 καὶ
3633 3695 3722 3749 τὸν

2058 3791 2267 3862 μονήρη
2289 3789 2401 3860 βίον
2430 3788 2707 3861 ᾑρημένος
2727 3829 2743 3853 ,
2776 3788 2949 3859 θυμοῦ
2978 3790 3071 3843 καὶ
3098 3790 3294 3860 φθόνου
3336 3792 3431 3846 καὶ
3463 3793 3721 3865 φιλαργυ·

2056 3888 2177 3962 ρίας
2205 3887 2299 3942 καὶ
2320 3886 2512 3958 ήδονῆς
2532 3886 2628 3939 καὶ
2645 3884 2756 3938 τῶν
2782 3884 2956 3939 ἀλλων
2978 3885 3135 3958 ἄρχει
3164 3886 3373 3951 κακῶν,
3394 3887 3613 3942 σκοπῶν
3639 3890 3720 3944 ἀεὶ

2052 3986 2147 4055 ,καὶ
2169 3982 2655 4056 φροντίζων,“ὃπως
2678 3981 2745 4036 ἂν
2763 3981 2839 4054 μὴ
2852 3984 3225 4054 συγχωρήσειε
3244 3986 3311 4055 τῇ
3328 3984 3472 4055 ψυχῇ
3495 3984 3598 4038 ὑπὸ
3611 3988 3719 4052 τοῖς

2055 4084 2302 4154 αἰσχροῖς
2349 4078 2605 4150 γενέσθαι
2647 4079 2867 4145 πάθεσι,
2927 4080 3061 4151 μηδὲ
3094 4079 3425 4151 δουλωθῆναι
3453 4081 3547 4135 τὸν
3574 4081 3717 4147 λογι-

2055 4178 2189 4250 σμὸν
2211 4177 2483 4249 τυραννίδι
2512 4177 2705 4249 πικρᾷ,
2725 4176 2840 4231 ἀλλ’
2862 4175 3118 4247 ἀνωτέρω
3146 4176 3365 4231 πάντων
3382 4176 3471 4231 ἀεὶ
3496 4176 3593 4250 τὴν
3608 4177 3717 4232 διά-

2052 4294 2204 4331 νοιαν
2242 4276 2390 4348 ἔχοι,
2412 4277 2506 4331 τὸν
2534 4275 2630 4331 τοῦ
2669 4274 2806 4329 Θεοῦ
2836 4274 3000 4345 φόϐον
3030 4274 3333 4345 ἐπιστήσας
3360 4277 3474 4340 τοῖς
3502 4275 3714 4333 πάθεσι.

2052 4372 2319 4442 Τοιαύτην
2356 4372 2455 4444 μὲν
2487 4367 2581 4426 οὖν
2615 4373 2644 4426 6
2673 4370 2951 4444 βασιλεὺς,
3004 4370 3258 4441 τοιαύτην
3306 4369 3365 4425 δέ
3408 4348 3450 4424 δ’
3488 4372 3713 4445 μοναχδς

2054 4470 2228 4542 ἀρχὴν
2268 4470 2361 4523 καὶ
2395 4469 2711 4524 δυναστείαν
2738 4469 3023 4541 κέκτηται,
3055 4468 3196 4523 ὥστε
3210 4467 3545 4541 δικαιότερον
3558 4469 3625 4524 ἄν
3639 4488 3712 4535 τις

2051 4567 2241 4622 τοῦτον
2284 4567 2509 4639 βασιλέα
2543 4566 2900 4638 καλέσειεν,ἢ
2926 4565 3019 4620 τὸν
3042 4564 3320 4637 ἁλουργίδι
3347 4566 3444 4621 καὶ
3473 4567 3710 4640 στεφάνη.

2048 4664 2398 4737 λαμπόμενον
2416 4666 2469 4734 ἀ,
2488 4667 2583 4722 καὶ
2608 4664 2917 4739 καθήμενον
2944 4665 3039 4719 ἐπὶ
3075 4663 3265 4737 θρόνου
3287 4663 3509 4737 χρυσοῦ.

2121 4766 2185 4837 β’.
2209 4766 2472 4829 Βασιλεὺς
2498 4766 2609 4838 γάρ
2638 4765 2715 4830 ὡς
2740 4763 2955 4835 άληθῶς
2974 4766 3004 4819 6
3050 4760 3223 4835 θυμοῦ
3254 4764 3349 4817 καὶ
3389 4762 3584 4833 φθόνου
3624 4765 3708 4818 καῖ

2049 4864 2242 4935 ἡδονῆς
2275 4863 2515 4935 κρατῶν,
2541 4864 2634 4917 καὶ
2677 4862 2855 4917 πάντα
2882 4860 2987 4913 ὑπὸ
3042 4861 3171 4923 τοὺς
3206 4860 3406 4930 νόμους
3429 4860 3580 4928 ἄγων
3623 4860 3706 4914 τοί

2050 4957 2187 5014 Θεοῦ
2228 4962 2324 5015 καὶ
2352 4961 2443 5015 τὸν
2470 4959 2593 5016 νοῦν
2621 4958 2904 5031 ἐλεύθερον
2934 4955 3118 5031 τηρῶν
3137 4995 3155 5023 ,
3186 4956 3283 5011 xal
3318 4954 3419 5010 οὐκ
3441 4955 3546 5010 ἐῶν
3571 4956 3705 5011 ἐνδυη

2050 5057 2343 5113 ναστεῦσαι
2387 5061 2452 5130 τῇ
2505 5058 2651 5129 ψυχῇ
2705 5056 2804 5128 τὴν
2846 5053 3167 5109 δεσποτείαν
3204 5052 3311 5108 τῶν
3342 5052 3567 5125 ἡδονῶν.
3613 5051 3702 5107 Τὸε

2050 5157 2293 5213 τοιοῦτον
2314 5158 2487 5231 ήδὲως
2517 5159 2583 5213 ἂν
2608 5153 2747 5211 εἶδον
2764 5156 2860 5212 καὶ
2885 5155 3072 5227 δήμων
3094 5155 3189 5209 καὶ
3205 5154 3311 5225 γῆς
3324 5154 3421 5208 xal
3445 5154 3700 5226 θαλάσσηι

2050 5256 2310 5328 ἄρχοντα,
2323 5258 2417 5310 καὶ
2443 5255 2649 5310 πόλεων
2677 5255 2771 5309 καὶ
2796 5254 2984 5325 δήμων
2997 5254 3091 5307 καὶ
3114 5252 3508 5324 στρατοπέδων.
3526 5250 3584 5304 ’0
3610 5253 3699 5324 γάε

2052 5355 2165 5419 τοῖς
2187 5353 2382 5408 πάθεσι
2406 5352 2507 5423 τῆς
2534 5350 2714 5423 ψυχῆς
2744 5351 2836 5405 τὸν
2863 5349 3125 5420 λογισμὸν
3157 5350 3477 5418 ἐπιστήσας,
3521 5348 3697 5421 ῥᾳδίωι

2052 5447 2121 5501 ἂν
2168 5448 2421 5520 ἐπισταίη
2461 5449 2554 5503 καὶ
2603 5445 2913 5518 ἀνθρώποις
2969 5445 3106 5518 μετά
3162 5444 3269 5497 τῶν
3316 5442 3475 5497 θείων
3516 5443 3695 5516 νόμων

2052 5544 2197 5600 ὥστε
2233 5546 2394 5601 αὐτὸν
2416 5546 2474 5598 ἐν
2495 5544 2700 5615 πατρὸς
2726 5543 2881 5609 τάξει
2910 5548 3021 5609 τοῖς
3040 5541 3363 5615 ἀρχομένοις
3390 5537 3547 5607 εἶναι,
3581 5557 3695 5613 μετι

2053 5643 2235 5715 πάσης
2266 5642 2601 5714 ἡμερότητος
2646 5641 2943 5712 ὁμιλοῦντα
2980 5646 3099 5705 ταῖς
3140 5642 3382 5697 πόλεσιν.
3426 5642 3484 5696 ’0
3528 5642 3588 5696 δὲ
3625 5642 3693 5698 ἀν

2054 5738 2289 5812 θρώπων
2342 5740 2440 5810 μὲν
2486 5738 2673 5820 ἄρχειγ
2712 5739 2905 5808 δοκῶν,
2939 5739 3098 5811 θυμῷ
3137 5740 3194 5795 δὲ
3224 5740 3317 5794 καὶ
3349 5740 3693 5813 φιλαρχίᾳκα

2059 5834 2273 5906 ήδοναῖς
2299 5833 2583 5901 δουλεύων,
2619 5836 2834 5908 πρῶτον
2876 5838 2970 5892 υιέν
3018 5837 3424 5907 καταγέλαστος
3454 5834 3592 5893 εἶναι
3630 5837 3691 5897 δό

2117 6009 2146 6049 ά
2170 6010 2363 6063 Εοίεὶὶιι.
2388 6013 2615 6064 λαμπρόν.

3231 6096 3309 6137 0⁸³)

3234 6136 3311 6156 ’ἃ
