4454 6750
892 589 999 645 389

888 707 1023 773 ξειεν
1059 708 1125 761 ἂν
1163 710 1270 771 τοῖς
1297 708 1638 780 ἀρχομένοις,
1664 711 1743 763 ὅτι
1772 710 2031 777 στέφανον
2083 713 2179 782 μὲν
2213 714 2368 780 φορεῖ
2396 711 2537 763 λιθο-

886 801 1137 875 κόλλητον
1180 807 1273 858 καὶ
1304 806 1559 876 χρυσοῦν,
1584 807 1900 879 σωφροσύνῃ
1928 808 1984 861 δὲ
2018 811 2117 864 οὑκ
2151 810 2538 879 ἐστεφάνωται,

887 903 974 955 ιιαὶ
1000 903 1271 973 ἁλουργίδι
1308 904 1405 974 μὲν
1426 905 1544 959 ὅλον
1578 906 1639 959 τὸ
1658 907 1815 976 σῶμα
1842 907 2147 976 λάμπεται,
2164 910 2261 981 τὴν
2293 908 2348 960 δέ
2364 907 2541 979 ψυχήν

1666 591 1720 647 S.
1763 592 2046 651 JUANNIS
2083 593 2559 651 CIIRYSOSTOMI
2620 593 2937 654 ARCIIIEP.
2978 601 3522 662 CONSTANTINOP.

4196 628 4282 688 $90

2646 713 2852 786 ἀνάγκη
2886 719 2976 771 καὶ
3004 725 3187 796 χρυσῶ
3217 725 3668 795 καλλωπίζεσθαι,
3689 732 3969 802 τράπεζάν
3988 756 4050 793 τε
4083 760 4283 817 παρατι.

2643 810 2824 864 θεσθαι
2850 811 3129 887 λαμπράν,
3181 825 3275 877 καὶ
3320 825 3553 897 χρῆσθαι
3581 828 3872 897 συσσίτοις,
3902 834 3952 885 εί
3987 837 4092 904 μὲν
4123 810 4284 911 ἄφρων

2641 908 2748 981 εἴη,
2774 910 2871 980 τῆς
2896 911 3088 967 ἐαυτοῦ
3107 921 3303 985 κακίας
3326 924 3516 989 ἀξίοις,
3542 928 3588 979 εἰ
3608 924 3663 978 δὲ
3679 925 3799 979 νοῦν
3822 928 3937 998 ἔχοι
3969 934 4074 984 καὶ
4101 908 4285 1009 σωφρο-

886 998 1184 1069 ἀκόσμητον
1212 999 1344 1070 ἔχει.
1366 1002 1658 1057 Ἔπειταδὲ
1674 1004 1793 1056 οὑδέ
1812 1005 1957 1067 ὃπως
1986 1006 2423 1077 μεταχειρίσαιτο
2442 1007 2541 1076 τὴν
2640 1007 2777 1078 νοίη,
2814 1012 3067 1078 χρηστοῖς
3111 1012 3239 1078 ἴσως
3276 1019 3372 1073 καὶ
3412 1022 3673 1088 δικαίοις,
3710 1025 3841 1079 πολὺ
3872 1026 3929 1080 δὲ
3956 998 4286 1099 λειπομέᾴκέ

884 1092 1055 1163 ἀρχὴν
1082 1094 1432 1165 ἐπιστήσεται
1457 1115 1469 1126 ·
1515 1099 1544 1149 6
1567 1096 1674 1167 γάρ
1704 1097 1897 1150 ἑαυτοῦ
1939 1098 2013 1170 μὴ
2050 1100 2299 1171 δυνηθεὶς
2327 1100 2535 1171 ἄρχειν,

885 1191 999 1254 πῶς
1034 1191 1100 1245 ἂν
1138 1193 1361 1264 ἐτέρους
1403 1196 1649 1267 δυνηθείη
1694 1198 2042 1252 κατευθύνειν
2080 1205 2193 1264 τοῖς
2234 1202 2445 1272 νόμοις;
2474 1204 2537 1257 El

881 1287 935 1341 δὲ
960 1287 1139 1358 βούλει
1166 1290 1261 1343 καὶ
1287 1291 1378 1343 τὸν
1420 1292 1655 1363 πόλεμον
1689 1295 1967 1365 ἑκατέρων
1987 1297 2139 1357 ίδεῖν,
2169 1298 2418 1369 εὑρήσεις
2445 1297 2537 1351 τὸν

882 1384 981 1455 μὲν
1016 1385 1231 1456 δαίμοσι
1259 1388 1575 1459 ’μαχόμενον
1602 1391 1696 1443 καὶ
1723 1391 2025 1461 κρατοῦντα
2063 1394 2158 1447 καὶ
2182 1393 2415 1448 νικῶντα
2440 1395 2535 1448 καὶ

880 1482 983 1535 ὑπὸ
1002 1482 1095 1536 τοῦ
1127 1483 1364 1555 Χριστοῦ
1402 1488 1825 1558 στεφανούμενον
1850 1505 1863 1517 ·
1905 1491 2045 1560 μετά
2085 1492 2193 1564 γὰρ
2240 1494 2337 1562 τῆς
2385 1490 2535 1556 θείας

877 1577 1051 1648 ροπῆς
1079 1579 1172 1632 ἐπὶ
1191 1579 1283 1633 τὸν
1305 1581 1540 1653 πόλεμον
1583 1584 1821 1654 ἔρχεται,
1848 1585 2122 1656 οὐρανίοις
2148 1587 2532 1657 πεφραγμένος

874 1671 1079 1736 ὅπλοις,
1119 1673 1260 1727 ὥστε
1305 1676 1512 1748 ἀνάγκη
1547 1677 1734 1731 τούτου
1769 1679 2020 1747 γενέσθαι
2050 1680 2286 1754 [118]τὺ
2308 1682 2525 1753 κράτος·

871 1768 963 1821 τὸν
980 1769 1036 1822 δὲ
1053 1769 1273 1839 βασιλέα
1304 1771 1602 1845 βαρϐάροις
1634 1777 1963 1849 μαχόμενον.
1997 1779 2143 1850 Ὅσῳ
2188 1780 2245 1833 δὲ
2285 1779 2393 1833 τῶν
2435 1780 2530 1833 άν-

873 1866 1104 1938 θρώπων
1141 1870 1190 1923 οί
1229 1870 1479 1941 δαίμονες
1496 1872 1879 1947 φοϐερώτεροι,
1903 1877 2139 1947 τοσούτῳ
2160 1877 2530 1949 λαμπρότερος

871 1964 899 2013 6
926 1962 1130 2017 τούτων
1162 1966 1379 2037 κρατῶν
1410 1968 1504 2021 τοῦ
1547 1969 1804 2034 νικῶντος
1838 1972 2097 2034 ἐκείνους.
2126 1973 2192 2025 Εἰ
2222 1972 2278 2026 δὲ
2310 1974 2403 2026 καὶ
2430 1972 2528 2043 τήν

871 2058 1050 2113 αἰτίαν
1071 2061 1329 2133 ἐκατέρου
1352 2063 1583 2135 πολέμου
1598 2068 1930 2137 καταμαθεῖν
1952 2068 2287 2140 βουληθείης,
2313 2071 2442 2123 πολὺ
2468 2070 2528 2123 τὸ

869 2154 969 2206 οὐκ
1000 2156 1112 2209 ἴσον
1140 2169 1165 2198 ι
1194 2159 1466 2230 εὑρήσεις.
1497 2161 1554 2214 '0
1578 2161 1675 2232 μὲν
1700 2162 1805 2234 γάρ
1831 2163 1970 2235 ὑπὲρ
1999 2164 2280 2230 εὐσεϐείας
2308 2168 2400 2220 καὶ
2431 2166 2528 2237 τῆς

872 2249 968 2303 τοῦ
1001 2249 1135 2304 Θεοῦ
1154 2252 1406 2324 λατρείας
1431 2256 1657 2328 πολεμεῖ
1677 2258 1787 2321 τοῖς
1809 2257 2075 2329 δαίμοσιν,
2102 2260 2136 2332 ἡ
2159 2262 2338 2325 πόλεις
2368 2261 2399 2331 ἢ
2427 2259 2528 2314 κώ-

872 2360 978 2413 μας
1007 2347 1070 2397 ἐκ
1094 2346 1191 2417 τῆς
1206 2347 1412 2418 πλάνης
1444 2348 1748 2420 ἐξαρπάσαι
1779 2352 1979 2407 ποθῶψ
1998 2355 2027 2406 6
2053 2354 2110 2407 δὲ
2143 2356 2369 2426 μάχεται
2400 2353 2527 2428 βαρ-

868 2439 1056 2511 ϐάροις
1087 2444 1228 2515 ὑπὲρ
1250 2446 1427 2500 τόπων
1455 2447 1488 2518 ἢ
1522 2448 1709 2519 ὅρωνῆ
1737 2449 2035 2521 χρημάτων
2067 2452 2524 2523 ἀρπασθέντων,ή

867 2536 1176 2603 πλεονεξίας
1203 2541 1294 2593 καὶ
1319 2540 1520 2611 ἔρωτος
1542 2543 1716 2615 ἀρχῆς
1750 2546 1936 2600 ἀδίκου
1977 2547 2399 2619 παρακαλούσης
2432 2549 2527 2602 ἐπὶ

866 2630 963 2701 τήν
996 2633 1208 2704 μάχην’
1232 2632 1359 2688 ἔνθα
1385 2635 1448 2709 δὴ
1478 2636 1666 2691 πολλοὶ
1700 2640 1959 2706 πολλάκις
1976 2642 2233 2712 βασιλεῖς,
2267 2643 2373 2695 τῶν
2404 2660 2526 2713 μει-

866 2724 1037 2789 ζόνων
1072 2728 1523 2802 ἐπιθυμήσαντες,
1558 2735 1655 2788 καὶ
1684 2735 1753 2789 τά
1793 2737 2033 2809 παρόντα
2073 2737 2521 2810 προσαπώλεσαν.

870 2818 940 2874 Ἦ
966 2821 1069 2888 μὲν
1090 2817 1185 2875 οῦν
1210 2823 1353 2897 ἀρχή
1381 2828 1474 2880 καὶ
1493 2829 1541 2881 οἱ
1572 2828 1795 2900 πόλεμοι
1816 2830 2066 2886 τοσοῦτον
2085 2831 2327 2904 ἀλλήλων
2346 2832 2525 2901 διαφέ-

867 2935 1056 2989 ροντας
1079 2919 1287 2986 ἔδειξαν
1312 2923 1407 2979 τόν
1442 2942 1503 2979 τε
1531 2925 1775 2997 βασιλέα,
1824 2930 1919 2982 καὶ
1951 2929 2043 2982 τὸν
2065 2931 2436 2985 ἐσπουδακότα
2456 2933 2521 3000 τῇ

862 3014 958 3067 τοῦ
978 3014 1113 3069 Θεοῦ
1146 3016 1371 3091 λατρεία
1392 3021 1579 3093 ωζῇν·
1604 3024 1759 3095 γνοίη
1784 3023 1830 3076 δ’
1851 3024 1915 3079 ἀν
1946 3042 2030 3088 τις
2048 3025 2241 3091 αὐτοὺς
2259 3025 2521 3098 ἀκριϐῶς,

862 3112 957 3165 τὸν
975 3112 1086 3183 βίον
1103 3115 1361 3188 ἐκατέρου
1376 3117 1471 3171 καὶ
1497 3116 1597 3183 τὰς
1624 3121 1850 3190 πράξεις
1865 3120 1963 3186 τὰς
1986 3122 2116 3194 παρ’
2147 3122 2358 3194 ἡμέραν
2396 3139 2523 3176 σκο-

864 3207 1185 3283 πῶν.Εῦροι
1201 3212 1309 3282 γάρ
1346 3211 1413 3267 ἂν
1436 3213 1513 3278 ὡς
1534 3214 1749 3287 ἀληθῶς
1765 3216 1857 3269 τὸν
1886 3218 1983 3287 μὲν
2008 3218 2296 3289 ὁμιλοῦντα
2316 3219 2525 3289 προφή-

860 3319 1005 3372 ταις,
1032 3306 1127 3358 καλ⁵
1140 3310 1206 3379 τῇ
1236 3306 1330 3361 τοῦ
1353 3309 1565 3364 Παύλου
1588 3312 1747 3383 σοφίᾳ
1761 3312 1857 3384 τὴν
1885 3312 2061 3386 ψυχήν
2095 3314 2519 3382 καλλωπίζοντα,

861 3401 957 3453 καὶ
985 3402 1375 3473 μεταπηδῶντα
1404 3408 1639 3478 συνεχῶς
1666 3408 1775 3462 ἀπὸ
1802 3408 1902 3480 μὲν
1918 3409 2165 3476 Μωσέως
2190 3412 2327 3485 πρὸς
2359 3412 2521 3466 Ἦσα-

855 3497 972 3561 ἲαν,
1002 3498 1110 3554 ἀπὸ
1146 3500 1205 3554 δὲ
1237 3501 1426 3557 τούτου
1471 3505 1606 3578 πρὸς
1640 3506 1911 3579 Ἰωάννην,
1942 3508 2050 3562 ἀπὸ
2075 3508 2133 3563 δέ
2166 3510 2358 3564 τούτου
2380 3511 2519 3583 πρὸς

860 3594 1069 3668 ἕτερον’
1097 3597 1190 3651 τὸν
1212 3596 1437 3669 βασιλέα
1454 3600 1510 3654 δέ
1532 3601 1766 3673 συνεχῶς
1786 3603 2074 3674 ὁμιλοῦντα
2100 3605 2408 3681 ταξιάρχοις
2427 3612 2519 3665 καὶ

858 3691 1123 3765 ὑπάρχοις
1175 3696 1269 3748 καὶ
1301 3695 1650 3768 δορυφόροις’
1680 3694 1763 3763 οἷς
1808 3700 1868 3754 δέ
1910 3718 1995 3765 τις
2039 3702 2216 3773 ὁμιλεῖ
2256 3706 2512 3777 συνεχῶς,

858 3787 1069 3852 τούτοις
1114 3790 1471 3860 ἀφομοιοῦται
1516 3791 1578 3847 τὸ
1620 3789 1767 3868 ἦθος.
1820 3795 2028 3850 Οὐκοῦν
2065 3799 2094 3851 ό
2137 3798 2236 3867 μὲν
2270 3800 2516 3870 μονάζων

858 3883 997 3955 πρὸς
1030 3885 1099 3939 τὰ
1120 3885 1226 3939 τῶν
1256 3888 1566 3942 ἀποστόλων
1587 3891 1680 3945 καὶ
1716 3893 2011 3963 προφητῶν
2046 3894 2150 3966 ήθη
2185 3896 2515 3953 ἐκτυποῦται

856 3979 959 4051 τήν
986 3979 1227 4054 γνώμην,
1263 3985 1292 4036 6
1322 3983 1380 4037 δέ
1404 3983 1656 4054 βασιλεὺς
1679 3987 1816 4059 πρὸς
1845 3988 1915 4043 τά
1945 3990 2052 4046 τῶν
2077 3993 2398 4065 στρατηγῶν
2422 3997 2516 4049 καὶ

840 4076 1169 4149 δορυφόρων
1192 4082 1285 4136 καὶ
1303 4082 1788 4149 ὑπασπιστῶν,ἀνθ
1795 4085 1992 4158 ρώπων
2009 4088 2137 4159 οῖνῳ
2157 4090 2516 4145 δουλευόντων

856 4172 951 4224 καὶ
984 4172 1197 4243 ἡδοναῖς
1225 4176 1618 4249 χαριζομένων,
1639 4182 1733 4237 καὶ
1761 4183 1821 4235 τὸ
1847 4182 2006 4236 πλέον
2031 4184 2132 4254 τῆς
2167 4186 2381 4257 ἡμέρας
2402 4187 2515 4241 δια-

854 4267 1150 4338 τριϐόντων
1178 4271 1237 4325 ἐν
1265 4271 1433 4343 πότῳ,
1473 4275 1626 4329 οὐδὲν
1656 4277 1868 4349 καίριον
1894 4278 1926 4350 ἢ
1954 4279 2115 4334 καλὸν
2147 4281 2234 4335 διά
2258 4283 2347 4335 τὸν
2374 4281 2513 4338 οἶνον

852 4362 1249 4436 ἐπισταμένων.
1290 4369 1473 4435 Οῦτως
1498 4372 1603 4443 ἄρα
1635 4374 1728 4426 καὶ
1749 4374 1837 4428 διὰ
1861 4374 2015 4429 τοῦτο
2040 4376 2131 4431 τὸν
2162 4380 2367 4451 μονήρη
2399 4380 2510 4451 βίον

853 4462 1122 4533 προσήκει
1141 4466 1463 4538 μακαρίζειν
1496 4469 1695 4540 μᾶλλον
1723 4470 1868 4542 ἦτὸν
1888 4474 1946 4526 ἐν
1977 4473 2262 4549 δυναστείᾳ
2289 4476 2383 4531 καὶ
2411 4478 2506 4550 βα-

856 4556 1031 4629 σιλείᾳ
1050 4560 1141 4612 καὶ
1175 4563 1492 4635 σκήπτροις.

921 4659 997 4721 γ’.
1029 4654 1093 4706 Εἰ
1126 4655 1182 4708 δὲ
1210 4659 1305 4711 xal
1343 4660 1445 4728 τῆς
1466 4663 1655 4727 νυκτὸς
1681 4664 1772 4718 τὸν
1793 4666 1983 4737 χρόνον
2008 4667 2278 4733 ἐξετάζειν
2316 4670 2507 4743 βουλη-

852 4747 1097 4821 θείημεν,
1136 4752 1239 4807 τὸν
1265 4757 1496 4826 μοναχὸν
1528 4758 1624 4827 μὲν
1640 4758 1883 4829 ὀψόμεθα
1907 4764 1973 4831 τῇ
2003 4761 2094 4814 τοῦ
2123 4762 2256 4817 Θεοῦ
2284 4766 2506 4837 λατρεία

846 4849 945 4901 καὶ
961 4852 1080 4914 ταῖς
1096 4851 1293 4922 »εὐχαῖς
1316 4853 1707 4925 κοσμούμενον,
1739 4856 1873 4909 πολὺ
1894 4857 2153 4930 πρότερον
2175 4860 2369 4931 ᾄδοντα
2399 4862 2506 4915 τῶν

850 4944 1095 5015 ὀρνίθων,
1128 4949 1376 5018 ἀγγέλοις
1401 4951 1978 5026 συμϐιοτεύοντα,νθεῷ
2000 4955 2380 5024 συλλαλοῦντα,
2397 4958 2506 5014 τῶν

849 5039 1359 5111 οὑρανίωνάγαθῶν
1406 5049 1776 5104 ἀπολαύονταο
1805 5052 1896 5105 τὸν
1952 5053 2009 5107 δὲ
2048 5053 2261 5119 πολλοῖς
2295 5054 2504 5110 ἔθνεσιν

846 5135 1187 5208 ἐφεστηκότα
1214 5142 1307 5195 καὶ
1320 5143 1511 5214 δήμοις
1528 5148 1621 5200 καὶ
1647 5150 2044 5219 στρατοπέδοις,
2074 5155 2167 5209 καὶ
2185 5154 2384 5226 πολλῆς
2402 5156 2501 5227 μὲν

845 5233 968 5303 γῆς,
994 5235 1199 5307 πολλῆς
1217 5236 1273 5291 δὲ
1300 5239 1537 5310 ἄρχοντα
1551 5241 1839 5314 θαλάττης,
1873 5246 1965 5298 ἐπὶ
1989 5249 2087 5318 τῆς
2102 5249 2288 5322 κλίνης
2307 5252 2501 5307 ἀνατε-

843 5333 1077 5401 ταμένον
1121 5334 1217 5390 καί¹
1254 5336 1539 5409 ρἐχοντα.
1579 5339 1691 5393 Kal
1720 5341 1926 5404 ἐκεῖνος
1958 5343 2054 5413 μέν
2092 5345 2199 5416 γὰρ
2226 5349 2498 5414 τοσούτοις

834 5428 1095 5500 τρέφεται
1144 5432 1350 5501 σιτίοις,
1380 5434 1481 5489 ὅσα
1520 5437 1621 5491 οὐκ
1658 5437 1726 5492 ἂν
1764 5439 2088 5510 ἀπαιτήσειε
2137 5440 2230 5493 τὸν
2265 5447 2497 5515 μοναχὸν

843 5522 1009 5577 ῦπνον
1035 5524 1198 5594 βαθύν
1216 5545 1229 5559 ·
1254 5529 1346 5583 τὸν
1371 5530 1429 5584 δὲ
1466 5533 1499 5604 ἡ
1541 5534 1719 5606 τρυφὴ
1751 5534 2131 5607 κατακοιμίζει
2171 5539 2310 5591 καὶὸ
2338 5540 2495 5604 πότος

839 5620 1036 5692 μέχρις
1053 5622 1265 5694 ἡμέρας
1280 5626 1451 5696 αὑτῆς
1483 5630 1540 5681 ἐν
1564 5632 1629 5699 τῇ
1665 5630 1822 5704 κλίνῃ
1858 5633 2122 5702 κατέχων.
2142 5632 2299 5687 Ἔστι
2318 5634 2494 5689 τοίνυν

832 5719 912 5790 τῷ
927 5720 1023 5790 μέν
1043 5721 1260 5792 μοναχῷ
1273 5724 1366 5775 καὶ
1381 5724 1658 5796 ἀμπεχόνη
1671 5729 1762 5781 καὶ
1774 5729 2017 5799 τράπεζα
2034 5731 2247 5802 μετρία,
2262 5738 2356 5785 καὶ
2373 5731 2495 5785 σύσο

833 5835 971 5874 orm
985 5822 1086 5893 τῆς
1110 5822 1281 5893 αὐτῆς
1300 5823 1499 5895 ἀρετῆς
1525 5823 1777 5897 ἀθληταί·
1801 5828 1890 5880 τὸν
1908 5828 2129 5901 βασιλέα
2152 5830 2209 5884 δὲ
2242 5829 2412 5894 λίθοις
2430 5848 2490 5883 τε

893 5999 918 6027 ⁸
937 5998 1079 6050 Cois].
1105 6002 1168 6079 16'
1536 6006 1663 6079 παρὰ
1684 6006 1803 6079 πολρ
1822 6007 1909 6079 οὐχ
1941 6010 2150 6079 εὑρήσεις
2247 6010 2372 6079 ἴσον,
2398 6022 2484 6079 99-

831 6059 944 6107 dvm
966 6064 1274 6127 sgnounfra
1302 6066 1448 6115 Coisl.
1473 6059 1681 6127 δαίμόσι’
1709 6070 1787 6115 καὶ
1825 6059 1981 6125 πόλεις
1996 6059 2253 6126 ’σπουδάζει
2285 6072 2366 6118 καὶ
2385 6073 2485 6118 κώ-

832 6140 922 6186 ,ιας
938 6124 1015 6171 καὶ
1036 6126 1184 6185 ψυχάς
1204 6127 1485 6191 ἀνθρωπίνας
1519 6124 1571 6177 ἐκ
1588 6131 1681 6176 τῶν
1706 6137 1787 6187 τῆς
1806 6130 1883 6178 πλ.
1914 6124 1977 6185 ἐξ.
2000 6132 2176 6181 παθῶν.

2637 1103 2737 1174 τῆς
2762 1105 2980 1159 ἐκείνων
3001 1106 3218 1177 ἀρετῆς.
3238 1114 3393 1169 Οῦτω
3431 1120 3534 1174 κᾶν
3579 1123 3837 1197 φιλοσοφῇ
3880 1123 4168 1195 βασιλεὺς,
4187 1130 4286 1184 οἶδε

2638 1202 2781 1256 κατά
2817 1204 3008 1276 μικρὸν
3051 1206 3217 1275 ἐγγὺς
3250 1210 3420 1266 ἐλθεῖν
3450 1219 3548 1287 τῆς
3582 1221 3674 1274 τοῦ
3715 1224 4052 1293 μονάζοντος
4080 1226 4287 1279 καλοῖτο

2636 1299 3267 1373 γαθίαςδυνήσεται.Καὶ
3300 1308 3408 1379 γάρ
3436 1314 3493 1365 ἐν
3507 1317 3834 1391 ὁδοιπορίαις
3866 1322 4048 1394 βαρύς
4064 1324 4181 1377 ἐστι
4200 1330 4289 1388 :62;

2636 1394 2917 1465 ὑπηκόοις,
2954 1400 3045 1454 καὶ
3078 1401 3231 1456 πόλιν
3279 1405 3464 1472 οἰκῶν,
3491 1413 3584 1464 καὶ
3618 1417 3838 1490 είρήνης
3868 1422 4191 1485 ἀπολαύων,
4211 1428 4288 1479 ul

2634 1492 2885 1565 πολέμων
2920 1498 3239 1570 ἁπτόμενος,
3293 1502 3492 1573 φόρους
3532 1523 3591 1558 τε
3628 1507 3781 1583 [H9]
3814 1519 4287 1590 εἰσπραττόμενος,

2634 1591 2728 1643 καὶ
2762 1594 3143 1667 στρατεύματα
3179 1599 3493 1671 συγκροτῶν
3513 1642 3528 1667 ,
3564 1605 3657 1656 καὶ
3694 1610 4093 1679 αἰχμαλώτους
4139 1620 4286 1685 ἄγων,

2632 1685 2727 1738 καὶ
2755 1690 2941 1755 νικῶν,
2980 1695 3073 1747 καὶ
3107 1695 3444 1767 ήττώμενος·
3474 1699 3785 1772 ἡττώμενος
3815 1707 3917 1775 μὲν
3952 1708 4074 1782 γὰρ
4098 1714 4204 1768 τῶν
4228 1720 4289 1769 oi-

2632 1784 2797 1839 κείων
2830 1791 3013 1844 κακῶν
3061 1793 3437 1867 ἀναπίμπλησι
3465 1799 3592 1862 τοὺς
3636 1800 4003 1873 ἀρχομένους,
4044 1812 4213 1865 νικῶν
4242 1815 4285 1867 δὲ

2630 1881 2903 1957 ἀφόρητος
2947 1889 3177 1957 γίνεται,
3212 1891 3687 1966 καλλωπιζόμενός
3716 1915 3775 1951 τε
3826 1904 3943 1966 τοῖς
3994 1910 4287 1975 τροπαίοκ,

2630 1980 2726 2032 καὶ
2751 1982 2896 2051 μέγα
2923 1986 3150 2056 φρονῶν,
3183 1988 3278 2041 καὶ
3291 1993 3404 2055 τοῖς
3434 1994 3788 2064 στρατιώταις
3814 2000 4089 2070 παρέχων
4126 2004 4287 2059 ἄδειαν

2632 2075 2920 2147 ἁρπάζειν,
2958 2082 3143 2151 συλᾷν,
3169 2086 3297 2148 τοὺς
3325 2086 3634 2159 ὁδοιπόρους
3659 2090 3885 2157 ἀδικεῖν,
3904 2097 4011 2160 τὰς
4036 2100 4222 2166 πόλεις
4245 2107 4289 2157 ἐν

2628 2175 2694 2244 τῇ
2725 2176 2964 2248 καθέδρᾳ
2987 2178 3312 2250 πολιορκεῖν,
3335 2183 3435 2247 τὰς
3450 2185 3557 2237 τῶν
3573 2190 3818 2260 πενήτων
3841 2194 4080 2265 πορθεῖν
4111 2199 4287 2263 οἰκίας,

2627 2272 2755 2335 τοὺς
2779 2273 3207 2347 ὑποδεξαμένους
3227 2280 3648 2353 εἰσπράττεσθαι
3671 2288 3792 2341 καθ’
3809 2289 4062 2364 ἑκάστην
4093 2296 4289 2367 ἡμέραν

2627 2368 2663 2424 ἀ
2691 2370 2879 2441 μηδεὶς
2898 2374 3178 2447 ἐπιτρέπει
3221 2380 3404 2450 νόμος,
3430 2382 3521 2435 ἐπὶ
3547 2385 3813 2456 προφάσει
3836 2391 3986 2454 τινος
4025 2393 4190 2457 ἔθους
4216 2400 4291 2465 ἀρ-

2627 2467 2779 2538 χαίου
2809 2473 3127 2543 παρανόμου
3164 2494 3225 2529 τε
3280 2479 3373 2532 καὶ
3416 2480 3622 2537 ἀδίκου.
3646 2485 3755 2538 Kal
3784 2486 3876 2540 τὸν
3910 2490 4022 2558 μὲν
4050 2492 4290 2549 πλούσιον

2626 2564 2857 2636 ἔϐλαψεν
2888 2570 3040 2623 οὐδὲν
3068 2574 3096 2626 6
3126 2573 3376 2643 βασιλεὺς
3393 2580 3504 2641 τοῖς
3533 2580 3797 2647 τοιούτοις
3818 2589 4045 2649 κακοῖς,
4081 2588 4184 2657 τὴν
4214 2609 4292 2642 πει

2626 2662 2743 2715 νίαν
2774 2665 2831 2718 δὲ
2862 2668 3159 2734 ἐκάκωσεν,
3174 2671 3360 2744 ὥσπερ
3404 2674 3479 2736 ώς
3509 2675 3724 2745 ἀληθῶς
3757 2681 4169 2753 αἰσχυνόμενος
4183 2690 4291 2750 τοὺς

2626 2763 2908 2836 εὐπόρους.
2938 2766 3011 2819 Ού
3041 2766 3148 2836 μὴν
3167 2767 3195 2820 ὃ
3218 2784 3281 2835 γε
3306 2771 3535 2839 μοναχὸς
3563 2772 3755 2840 οὕτως,
3780 2776 4036 2848 ἀλλ’ἀμα
4051 2798 4113 2835 τε
4125 2780 4289 2851 ὤφθη,

2626 2860 2720 2913 καὶ
2750 2859 3015 2915 πλουσίων
3039 2862 3131 2915 καὶ
3164 2865 3408 2936 πενήτων
3440 2868 3600 2938 χάριν
3618 2870 3737 2923 τινὰ
3761 2874 4012 2941 κομίζων
4040 2872 4180 2949 ἦλθε
4212 2882 4290 2930 καί

2623 2957 2834 3022 τούτοις
2856 2959 3125 3023 κάκείνοις
3141 2961 3364 3032 ὁμοίως,
3389 2964 3591 3036 ίματίῳ
3634 2966 3736 3038 μὲν
3764 2969 3843 3023 ἐνὶ
3863 2971 3931 3025 δι’
3964 2973 4138 3037 ἔτους
4168 2977 4291 3046 χρώ-

2624 3072 2803 3125 μενος,
2831 3054 2972 3127 ὕδωρ
2995 3056 3051 3110 δὲ
3080 3058 3250 3111 πίνων
3296 3058 3468 3129 ἥδιον,
3496 3062 3529 3133 ἢ
3560 3061 3867 3135 θαυμαστὸν
3906 3062 4066 3122 οἶνον
4104 3072 4287 3139 ἕτεροι·

2624 3151 2764 3224 ὑπὲρ
2792 3153 2990 3207 ’ἐαυτοῦ
3018 3155 3118 3225 μὲν
3147 3155 3424 3227 οὐδεμίαν,
3454 3157 3577 3213 οὔτε
3598 3161 3817 3233 μικράν,
3842 3164 3964 3218 οὔτε
4004 3168 4191 3237 μείζω
4209 3172 4291 3239 χά-

2626 3266 2711 3320 ριν
2740 3251 2890 3322 παρά
2920 3251 3029 3306 τῶν
3066 3252 3339 3307 πλουσίων
3374 3255 3561 3321 αἰτῶν,
3611 3258 3750 3331 ὑπὲρ
3786 3260 3843 3313 δὲ
3883 3261 3999 3315 τῶν
4033 3265 4099 3316 ἐν
4128 3267 4290 3336 ἐνδείᾳ

2623 3346 2822 3412 πολλάς
2852 3365 2913 3401 τε
2969 3350 3064 3403 καὶ
3096 3352 3358 3421 συνεχεῖς,
3381 3353 3709 3425 ἀμφοτέροις
3731 3355 4155 3426 λυσιτελούσας,
4192 3367 4289 3426 τοῖς

2619 3459 2679 3496 τε
2723 3444 3041 3516 παρέχουσι,
3068 3446 3163 3500 καὶ
3185 3449 3299 3510 τοῖς
3317 3448 3637 3518 κομίζεσθαι
3662 3450 3960 3522 μέλλουσιν.
4004 3454 4177 3511 Οῦτω
4196 3477 4291 3512 xm-

2617 3540 2708 3605 νός
2729 3542 2874 3595 ἐστιν
2900 3541 3082 3613 ἰατρὸς
3108 3542 3202 3597 καὶ
3230 3542 3499 3598 πλουσίων
3523 3544 3618 3599 καὶ
3639 3548 3886 3618 πενήτων
3913 3551 4157 3621 ὁμοίως,
4174 3557 4289 3619 τοὺς

2620 3638 2716 3710 μὲν
2736 3638 3148 3709 ἁμαρτημάτων
3172 3638 3470 3712 ἐλευθερῶν
3500 3641 3587 3695 διὰ
3612 3642 3711 3713 τῆς
3734 3645 3940 3717 ἀγαθῆς
3974 3648 4287 3717 νουθεσίας,

2616 3738 2727 3801 τοῖς
2747 3736 2805 3790 δέ
2837 3735 2980 3789 λύων
3006 3734 3103 3807 τὴν
3159 3734 3385 3791 ἔνδειαν.
3437 3737 3699 3805 Βασιλεὺς
3722 3740 3780 3796 δὲ
3802 3743 3901 3805 τάς
3925 3761 3992 3798 τε
4027 3748 4289 3821 είσφορὲς

2615 3833 2951 3905 κουφοτέρας
2965 3828 3101 3887 εἶναι
3123 3833 3516 3900 κελεύων,τοί›ς
3539 3835 3827 3903 πλουσίους
3845 3841 4083 3910 μᾶλλον,
4132 3845 4167 3916 ἡ
4200 3850 4287 3918 τὴν

2616 3933 2806 3987 πενίαν
2833 3933 3113 4005 ὠφέλησεν
3153 3933 3245 3987 καὶ
3267 3932 3336 3987 τὰ
3366 3933 3581 3987 ἐναντία
3611 3935 3799 4002 ποιῶν,
3823 3938 3949 4002 τοὺς
3983 3943 4177 4013 μικρά
4202 3961 4287 3996 κε-

2616 4028 2918 4100 κτημένους
2941 4028 3158 4101 ἔϐλαψε.
3192 4030 3295 4084 Τὸν
3328 4029 3426 4101 μὲν
3447 4031 3555 4102 γὰρ
3571 4030 3825 4086 πλούσιον
3848 4034 4013 4103 όλίγα
4053 4038 4128 4091 ἂν
4165 4039 4284 4106 511'-

2614 4125 2764 4195 ψειεν
2804 4127 2835 4197 ἡ
2867 4127 3169 4199 χαλεπότης
3206 4128 3314 4181 τῶν
3354 4130 3646 4201 εἰσφορῶν,
3676 4130 3774 4195 τάς
3800 4131 3857 4185 δέ
3878 4132 3991 4186 τῶν
4037 4137 4284 4204 πενήτων

2612 4223 2787 4288 οίκίας
2814 4223 3001 4297 ῶσπερ
3018 4226 3348 4297 χειμάρρους
3362 4226 3687 4299 παρασύρει,
3710 4228 3952 4298 οἰμωγῆς
3974 4232 4281 4300 πιμπλῶσα

2610 4322 2706 4387 τὰς
2724 4322 2934 4395 κώμας,
2953 4326 3047 4380 καὶ
3062 4325 3184 4380 οῦτε
3204 4326 3381 4399 γῆρας
3401 4327 3632 4382 ἐλεεινὸν
3646 4329 3759 4391 τοῖς
3790 4330 4280 4404 είσπραττομένος

2608 4424 2735 4487 τοὺς
2776 4424 2992 4496 φόρους,
3028 4424 3151 4479 οῦτε
3182 4425 3379 4496 χηρεία
3402 4425 3694 4493 γυναικῶν,
3720 4427 3827 4480 οὑκ
3857 4428 4112 4498 ὀρφανία
4164 4436 4277 4486 παί-

2510 4587 2513 4590 ⁴
2607 4520 2895 4585 δων,ἀλλά
2929 4522 3249 4591 κωμάζουσι
3290 4520 3468 4574 πάντα
3523 4521 3613 4575 τὸν
3650 4523 3858 4594 χρόνον,
3904 4530 4093 4583 κοινοί
4145 4550 4277 4595 τινες

2514 4624 2516 4627 ’
2610 4618 2858 4688 πολέμιοι
2886 4617 2985 4687 τῆς
3014 4616 3217 4687 χώρας,
3248 4618 3390 4688 άπερ
3445 4619 3545 4671 οὐκ
3586 4619 3873 4691 ἐξήνεγκεν
3912 4625 3944 4696 ἡ
3975 4630 4083 4698 γῆ,
4112 4631 4275 4686 ταῦτα

2608 4714 2734 4778 τοὺς
2761 4714 3039 4785 γεωργοὺς
3062 4715 3528 4787 εἰσπραττόμενοι.

2677 4850 2737 4903 δ’.
2758 4850 2894 4920 Φέρε
2910 4849 2972 4921 δὴ
2983 4850 3201 4904 κάκεῖνο
3217 4851 3577 4924 ἐξετάσωμεν,
3596 4852 3650 4907 τί
3677 4854 3776 4925 μὲν
3805 4859 3835 4911 6
3872 4860 4205 4928 μοναχδς,τί
4224 4864 4269 4915 δέ

2605 4944 2634 4996 6
2664 4944 2912 5014 βασιλεὺς
2958 4950 3069 5012 τοῖς
3097 4949 3357 5021 ὑπηκόοις
3381 4951 3683 5022 χαρίζεται.
3725 4954 3932 5008 Οὐκοῦν
3955 4956 3986 5006 6
4017 4958 4127 5023 μὲν
4156 4975 4271 5028 χρυ·

2605 5041 2715 5107 σὸν,
2737 5044 2834 5096 όδέ
2852 5044 3155 5115 πνεύματος
3182 5044 3339 5115 χάριν
3357 5062 3372 5078 ’
3401 5048 3495 5100 καὶ
3528 5048 3557 5100 6
3586 5048 3686 5118 μὲν
3712 5049 3864 5101 ἔλυσε
3895 5050 4124 5112 πενίαν,
4153 5053 4269 5105 ὅταν

2600 5139 2634 5216 ᾗ
2669 5145 2919 5217 χρηστὸς,
2952 5149 2981 5199 ὁ
3004 5147 3061 5199 δὲ
3087 5148 3115 5187 δ
3145 5147 3323 5217 ψυχὰς
3369 5150 3805 5221 τυραννουμέναις
3841 5150 3946 5203 ὗπδ
3992 5151 4267 5232 δαιμόνων

2600 5244 2939 5317 ἠλευθέρωσε
2957 5248 3075 5310 ταῖς
3097 5252 3442 5320 προσευχαῖς.
3482 5251 3603 5302 Κάν
3625 5248 3801 5320 συμϐῇ
3832 5266 3953 5302 τινα
3981 5255 4266 5320 τοιαύταις

2598 5348 2951 5419 χειμάζεσθαι
2972 5349 3401 5419 συμφοραῖς,τὸν
3419 5348 3643 5420 βασιλέα
3659 5349 3757 5418 μὲν
3770 5348 3959 5422 ὥσπερ
3980 5355 4057 5409 τὰ
4086 5358 4263 5429 ἄψυχα

2598 5452 2951 5525 παρέρχεται,
2970 5454 3061 5506 ἐπὶ
3082 5452 3137 5506 δέ
3169 5454 3267 5525 τήν
3298 5453 3405 5507 τῶν
3432 5452 3679 5522 μοναχῶν
3699 5450 3870 5505 οἰκίαν
3896 5462 4258 5531 καταφεύγει,

2596 5553 2784 5627 ῶσπερ
2810 5557 2837 5609 6
2856 5555 3017 5609 λύκον
3038 5556 3378 5627 ὑποφεύγων,
3393 5554 3749 5624 καταφεύγων
3768 5556 3823 5611 δέ
3850 5560 3937 5613 ἐπ’
3959 5564 4144 5639 ἄνδρα
4172 5569 4260 5639 θη-

2599 5658 2790 5729 ρευτὴν
2815 5658 2965 5731 ξίφος
2990 5662 3045 5715 ἐν
3078 5664 3141 5732 τῇ
3176 5660 3320 5730 χειρὶ
3348 5658 3597 5729 φέρονται’
3622 5658 3757 5731 ὅπερ
3782 5662 3889 5735 γάρ
3910 5666 3989 5737 τῷ
4016 5668 4255 5741 θηρευτῇ

2592 5760 2763 5831 ξίφος,
2785 5762 2942 5817 τοῦτο
2959 5762 3232 5834 προσευχὴ
3260 5758 3338 5828 τῷ
3370 5758 3671 5828 μονάζοντι.
3703 5759 3779 5818 Οὐ
3804 5765 3911 5838 γὰρ
3934 5769 4084 5824 οῦτω
4100 5772 4257 5841 φοϐεο

2590 5863 2682 5930 ρὸν
2706 5867 2817 5929 τοῖς
2843 5864 3025 5929 λύκοις
3056 5862 3117 5917 τὸ
3156 5860 3328 5927 ξίφος,
3345 5859 3419 5922 ὼς
3452 5863 3562 5925 τοῖς
3585 5862 3831 5936 δαίμοσιν
3862 5872 3918 5923 αι
3949 5868 4248 5921 πεπρ-«η’

2650 6125 2679 6166 ιι
2703 6125 2900 6178 Coislin.
2927 6123 3037 6171 ὅταν
3060 6122 3157 6185 δῴη
3182 6124 3372 6187 χρυσόν⁸
3397 6128 3421 6173 ὁ
3442 6127 3494 6176 δέ
