4532 6708
435 567 536 622 3ἳ9

437 678 599 732 videri
628 681 790 748 possit
818 681 921 735 hoc
964 681 1099 750 ipso,
1140 675 1279 746 quod
1307 689 1556 729 coronam
1584 677 1795 746 quidem
1833 685 2001 746 gestat

434 777 656 841 gemmis
700 777 1056 835 intertextam,
1099 781 1153 825 et
1194 785 1431 833 auream.
1473 773 1831 841 temperantia:
1875 785 2002 824 vero

435 883 628 920 corona
675 869 892 920 minime
941 863 1158 932 insignis
1201 873 1283 915 est
1324 880 1336 913 :
1383 871 1436 916 et
1479 877 1746 933 purpureo
1789 861 2002 932 quidem

437 962 630 1012 vestitu
659 970 766 1013 toto
787 965 1014 1024 corpore
1041 955 1223 1023 fulget,
1247 955 1480 1011 animum
1500 967 1674 1011 autem
1703 957 2001 1010 inornatum

436 1053 609 1103 habet.
646 1050 842 1104 Deinde
885 1047 970 1100 hic
1009 1060 1074 1100 ne
1104 1045 1504 1103 administrandi
1544 1046 1755 1118 quidem
1795 1042 2001 1112 imperii

433 1143 706 1195 scientiam
737 1138 1010 1191 habiturus
1033 1147 1135 1191 est.

503 1234 772 1299 Comparat
809 1247 922 1283 cum
956 1247 1070 1298 rege
1107 1233 1404 1285 monachum
1430 1233 1483 1286 in
1513 1230 1640 1284 bella
1668 1227 1904 1299 gerendo.
1933 1253 2004 1263 —

433 1324 529 1388 Qui
555 1322 694 1374 enim
735 1320 834 1374 sibi
862 1321 961 1388 ipsi
999 1324 1260 1392 imperare
1296 1325 1482 1388 nescit,
1522 1322 1608 1376 hic
1644 1335 1750 1390 quo
1791 1317 2001 1372 tandem

438 1409 596 1463 modo
641 1410 774 1464 alios
816 1410 1016 1480 legibus
1056 1429 1239 1482 regere
1264 1413 1498 1483 poterit?
1530 1411 1667 1477 Quin
1713 1409 1756 1461 si
1790 1407 1840 1460 id
1878 1405 1998 1460 belli

431 1521 620 1572 εειιυε,
647 1505 785 1574 Quod
816 1516 1035 1577 uterque
1060 1509 1158 1562 sibi
1189 1507 1524 1576 peculiariter
1545 1501 1834 1570 gerendum
1857 1514 2001 1552 sum-

433 1596 554 1663 psit,
570 1605 808 1665 spectare
832 1598 1080 1663 volueris,
1101 1597 1338 1650 invenies
1365 1595 1508 1647 hunc
1530 1608 1652 1646 eum
1673 1590 2002 1644 daemonibus

433 1685 844 1755 depugnantcm,
872 1687 1223 1755 eumdemque
1250 1694 1304 1739 et
1328 1692 1688 1752 superantem,
1714 1690 1770 1735 et
1793 1681 2001 1734 vincen-

434 1786 560 1841 tem,
587 1789 642 1832 et
665 1794 694 1831 a
718 1777 928 1832 Christo
956 1791 1209 1832 coronam
1239 1775 1534 1844 capientem
1563 1792 1575 1826 :
1610 1783 1790 1843 utpote
1817 1774 1903 1842 qui
1933 1771 1999 1826 ad

434 1884 659 1938 pugnam
679 1871 898 1942 accedat
920 1870 1098 1924 divino
1117 1874 1442 1922 sustentatus
1465 1866 1682 1931 auxilio,
1701 1865 2000 1920 cmlestibus

432 1963 594 2016 armis
631 1963 1004 2025 communitus,
1053 1967 1110 2012 ut
1149 1971 1367 2012 necesse
1391 1958 1604 2027 quidem
1631 1958 1700 2011 sit
1724 1957 1997 2012 victoriam

432 2055 500 2106 ab
529 2055 692 2122 ipsius
735 2053 973 2123 partibus
997 2060 1178 2116 stare;
1219 2065 1339 2105 cum
1380 2051 1590 2105 interim
1631 2067 1807 2121 regem
1850 2051 1996 2104 illum

431 2161 550 2199 cmn
577 2147 814 2200 barbaris
838 2145 1121 2199 bellantem
1149 2158 1355 2197 cernas.
1387 2143 1592 2210 Quanto
1625 2153 1800 2196 autem
1828 2142 1999 2197 homi-

433 2236 588 2289 nibus
625 2237 896 2289 daemones
925 2233 1275 2289 terribiliores
1318 2243 1460 2298 sunt,
1501 2243 1646 2288 tanto
1675 2233 1999 2301 splendidior

430 2338 513 2380 est
537 2329 626 2396 qui
657 2329 751 2380 hos
777 2335 1010 2396 supcrat,
1044 2340 1108 2379 eo
1135 2327 1223 2395 qui
1263 2326 1382 2380 illos
1407 2326 1586 2379 vincit.
1619 2325 1770 2391 Quod
1799 2325 1841 2378 si
1868 2324 2000 2376 utri-

433 2433 599 2486 usque
628 2418 752 2471 belli
791 2431 1004 2471 causam
1050 2416 1354 2485 perdiscere
1391 2417 1561 2484 cupis,
1602 2431 1843 2484 magnam
1876 2428 1999 2482 pro-

432 2509 570 2562 fecto
597 2509 1008 2578 inaequalitatem
1035 2509 1290 2579 reperies.
1322 2509 1469 2562 Alter
1505 2509 1644 2562 enim
1676 2523 1770 2577 pro
1807 2509 2002 2577 pietate

431 2612 495 2650 ac
521 2597 614 2652 Dei
641 2600 783 2652 cultu
807 2614 925 2653 cum
953 2600 1284 2654 dmmonihus
1310 2599 1503 2654 bellum
1531 2599 1686 2668 gerit,
1712 2599 1790 2653 vel
1818 2599 1998 2666 urbes,

430 2690 516 2743 vel
545 2704 704 2758 pagos
741 2690 808 2744 ab
849 2705 1032 2745 errore
1076 2692 1283 2760 eripere
1327 2690 1639 2746 desiderans
1675 2707 1688 2743 :
1717 2691 1849 2745 alter
1875 2706 2002 2745 vero

432 2795 551 2834 cum
575 2781 811 2836 barbaris
836 2781 1154 2852 digladiatur
1187 2799 1280 2852 pro
1305 2783 1465 2848 locis,
1495 2783 1716 2849 finibus,
1745 2784 2000 2853 opibusve

433 2873 617 2942 raptis,
640 2873 787 2928 illum
809 2875 1048 2941 avaritia,
1067 2876 1149 2930 vel
1174 2875 1350 2944 injusti
1373 2876 1692 2945 principatus
1712 2877 2001 2933 ambitione

432 2965 496 3018 ad
518 2981 742 3034 pugnam
762 2975 1078 3035 provocante
1096 2985 1109 3021 :
1127 2967 1214 3022 ubi
1231 2975 1377 3022 certe
1393 2967 1540 3021 multi
1559 2967 1827 3023 multoties
1848 2984 2000 3038 reges

433 3059 632 3126 majora
662 3074 782 3112 cum
805 3060 1203 3128 appetivissent,
1236 3060 1346 3128 jam
1368 3069 1517 3129 parta
1551 3062 1796 3115 amisere.
1823 3059 2001 3129 Itaque

436 3158 545 3202 tum
577 3151 929 3218 principatus,
958 3159 1068 3205 tum
1097 3152 1207 3220 ipsa
1236 3151 1492 3206 bellorum
1517 3168 1711 3222 genera
1738 3196 1752 3219 ,
1778 3161 2003 3223 arguunt

434 3256 666 3312 cousque
695 3241 833 3297 inter
853 3259 911 3298 se
929 3244 1229 3310 discrepare
1249 3253 1302 3297 et
1326 3260 1525 3315 regem,
1546 3254 1600 3299 et
1623 3261 1742 3299 eum
1766 3246 1856 3316 qui
1882 3245 2002 3300 vitae

432 3349 544 3388 suae
586 3336 816 3389 studium
845 3336 942 3390 Dei
968 3336 1134 3390 cultui
1177 3337 1423 3400 addixit;
1461 3337 1554 3392 sed
1585 3348 1761 3392 tamen
1786 3339 2002 3394 eosdem

435 3426 552 3480 illos
577 3436 760 3482 exacte
789 3428 971 3497 utique
1011 3443 1319 3498 pernoseas,
1363 3429 1408 3483 si
1439 3430 1504 3484 ad
1537 3431 1811 3500 utriusque
1841 3431 2000 3486 vitam

432 3517 846 3587 quotidianaque
869 3527 1016 3588 gesta
1036 3517 1385 3573 examinanda
1399 3519 1770 3576 .descenderis.
1795 3521 2000 3576 Revera

432 3607 573 3661 enim
598 3606 739 3662 hunc
765 3609 1003 3663 invenias
1026 3625 1144 3663 eum
1184 3609 1457 3678 prophetis
1485 3621 1783 3663 versantem
1804 3652 1818 3673 ,
1852 3611 1999 3665 Pauli

432 3700 687 3768 sapientia
730 3701 964 3753 animum
992 3709 1384 3765 exornantem,
1425 3701 1636 3755 assidue
1679 3716 1710 3754 a
1746 3701 1889 3756 Mose
1929 3701 1998 3756 ad

433 3788 648 3853 Isaiam,
694 3789 762 3844 ab
801 3789 933 3844 Isaia
975 3791 1041 3844 ad
1079 3789 1368 3853 Joannem,
1413 3806 1443 3844 a
1482 3791 1687 3846 Joanne
1729 3791 1795 3845 ad
1838 3792 1997 3846 alium

432 3881 734 3949 quempiam
766 3889 1131 3936 transeuntem
1160 3899 1174 3934 :
1205 3892 1260 3935 at
1286 3897 1462 3950 regem
1489 3881 1700 3936 assidua
1726 3884 1998 3937 centurio-

435 3985 560 4024 num
618 3969 1031 4039 prchectorum,
1080 3979 1133 4025 et
1184 3971 1561 4040 spiculatorum
1620 3974 2000 4029 consuetudine

435 4069 689 4114 utentem.
733 4061 901 4116 Porro
938 4063 1151 4115 solitum
1194 4076 1310 4116 esse
1344 4062 1606 4128 videmus,
1651 4078 1769 4117 cum
1808 4064 2000 4134 quibus

432 4153 644 4206 assidue
677 4153 795 4222 quis
817 4165 1080 4220 versatur,
1124 4153 1310 4207 horum
1349 4170 1525 4209 mores
1552 4156 1752 4210 similes
1780 4155 1996 4211 habere.

436 4241 613 4312 Itaque
637 4245 726 4312 qui
747 4244 1016 4299 solitarius
1046 4246 1202 4308 vivit,
1244 4245 1288 4299 is
1312 4246 1542 4300 animum
1583 4262 1736 4301 suum
1771 4246 1834 4300 ad
1863 4262 1999 4315 apo-

431 4335 687 4388 stolorum
728 4343 782 4389 et
823 4336 1197 4405 prophetarum
1240 4351 1413 4390 mores
1451 4336 1784 4390 conformat:
1817 4347 1871 4389 at
1901 4354 1997 4392 rex

431 4425 498 4478 ad
526 4442 702 4481 mores
729 4427 942 4495 ducum,
983 4429 1299 4493 satellitum,
1332 4436 1654 4482 scutatorum
1676 4471 1690 4495 ,
1724 4429 1996 4482 hominum

433 4517 555 4570 vino
581 4519 944 4584 servientium,
971 4521 1329 4589 voluptatibus
1371 4520 1772 4591 indulgentium,
1804 4521 1995 4575 bonam

431 4607 536 4659 diei
578 4615 777 4675 partem
820 4611 871 4662 in
918 4619 1040 4677 potu
1082 4613 1489 4676 conterentium,
1533 4612 1758 4681 denique
1805 4612 1996 4666 nullius

432 4698 506 4752 rei
532 4699 846 4752 necessariae:
867 4709 958 4753 aut
981 4701 1215 4755 honesta:
1239 4704 1537 4768 scientiam,
1562 4705 1685 4756 vino
1709 4702 1997 4772 impedien-

433 4797 517 4850 te,
546 4787 869 4841 Calleutium.
912 4789 1021 4843 IIac
1061 4806 1188 4860 ergo
1217 4794 1374 4846 etiam
1407 4796 1609 4849 ratione
1651 4795 1992 4848 monasticam

431 4881 590 4932 vitam
621 4879 872 4932 convenit
894 4894 954 4932 ea
981 4879 1268 4936 beatiorem
1299 4883 1496 4950 dicere,
1528 4901 1645 4956 qua:
1676 4885 1989 4954 principatu,

430 4987 546 5040 qua:
574 4985 754 5039 regno,
787 4986 904 5039 qua:
930 4973 1152 5038 sceptris
1181 4983 1404 5028 constat.

501 5064 553 5116 5.
600 5061 857 5115 Nocturna
905 5071 1123 5132 tempore
1167 5073 1274 5118 uter
1319 5067 1527 5122 beatior.
1558 5101 1628 5110 —
1657 5072 1804 5138 Quod
1847 5073 1890 5128 si
1940 5083 1994 5128 et

428 5153 597 5207 noctis
650 5162 856 5222 tempus
921 5154 1222 5209 examinare
1265 5158 1625 5228 voluerimus,
1677 5164 1992 5220 monachum

427 5243 637 5311 quidem
664 5244 961 5298 videbimus
999 5245 1089 5298 Dei
1127 5246 1270 5300 cultu
1313 5263 1373 5302 ac
1417 5253 1663 5320 precibus
1711 5257 1991 5326 insignem,

428 5333 594 5387 multo
623 5344 745 5389 ante
788 5335 1108 5405 gallinaceos
1151 5345 1387 5406 tempore
1432 5355 1751 5412 canentem,
1793 5349 1993 5418 angelis

425 5427 816 5482 convictoribus
843 5438 1108 5494 utentem,
1139 5444 1258 5483 cum
1289 5431 1396 5486 Deo
1423 5436 1812 5508 colloquentem
1833 5482 1846 5505 ,
1878 5458 1990 5496 cae-

427 5511 648 5568 lestibus
675 5518 830 5572 bonis
870 5519 1128 5574 fruentem
1163 5536 1176 5572 :
1208 5536 1328 5574 cum
1358 5539 1484 5578 vero
1529 5529 1618 5596 qui
1648 5533 1824 5586 multis
1861 5548 1990 5602 gen-

427 5602 583 5668 tibus,
619 5608 795 5663 multis
822 5613 1049 5682 pupulis,
1077 5623 1233 5682 atque
1265 5617 1585 5672 exercitibus
1613 5635 1832 5688 prmest,
1872 5626 1990 5694 qui-

426 5707 528 5758 que
557 5701 692 5747 terra
718 5712 781 5750 ac
805 5703 936 5754 mari
964 5704 1072 5757 late
1103 5705 1343 5773 imperat,
1370 5705 1419 5757 in
1452 5706 1584 5760 lecto
1619 5711 1903 5768 distentum
1930 5731 1992 5770 ac

425 5793 754 5840 stertentem.
788 5789 878 5844 Ille
915 5794 1128 5862 quidem
1160 5797 1289 5851 cibis
1321 5796 1384 5851 iis
1410 5798 1589 5863 alitur,
1621 5803 1705 5870 qui
1733 5805 1897 5860 altum
1925 5808 1992 5861 ab

427 5891 492 5930 eo
537 5892 780 5932 somnum
829 5883 1046 5940 minime
1096 5889 1312 5958 exigant
1346 5907 1358 5945 :
1388 5890 1525 5944 hunc
1569 5901 1742 5946 autem
1789 5895 1990 5951 delicia:

424 5969 741 6038 mnsopiunt
783 5983 837 6026 et
879 5984 1063 6042 potus,
1109 5979 1354 6034 eumdem
1402 5983 1452 6036 in
1499 5983 1688 6039 lectulo
1719 5986 1784 6040 ad
1818 5989 1985 6059 ipsum

1518 563 1953 621 COMPARATIO
1981 561 2182 620 REGIS
2221 564 2306 620 ΕΤ
2346 565 2662 622 MONACIII.

3578 566 3681 621 590

2112 691 2276 746 usque
2297 677 2438 730 diem
2460 678 2720 734 detinens.
2749 680 2864 733 Jam
2887 678 3145 734 monacho
3164 689 3217 734 et
3236 681 3398 734 vestis
3418 689 3471 734 et
3496 695 3680 738 mensa

2109 768 2404 832 moderata,
2434 777 2486 822 et
2513 771 2847 824 convictores
2879 770 3115 838 ejusdem
3146 772 3356 826 virtutis
3381 771 3559 824 aemuli
3586 789 3598 823 :
3629 783 3682 825 at

2109 875 2285 930 regem
2314 875 2531 914 necesse
2556 875 2637 916 est
2674 873 2727 916 et
2771 862 2962 932 lapillis
2992 869 3045 915 et
3068 877 3198 916 auro
3227 863 3510 932 superbum
3540 877 3678 924 esse,

2108 968 2456 1022 mensamque
2477 968 2745 1023 apponere
2769 954 3122 1024 Splendidam,
3149 965 3256 1008 tum
3283 955 3681 1010 convictoribus

2108 1046 2220 1111 uti,
2254 1044 2300 1099 si
2329 1045 2544 1114 quidem
2575 1047 2882 1118 imprudens
2909 1048 2999 1102 ille
3027 1047 3219 1112 fuerit,
3251 1062 3348 1102 sua
3392 1046 3681 1100 stoliditate

2105 1136 2308 1205 dignis;
2341 1137 2424 1189 sin
2452 1146 2628 1190 autem
2657 1149 2889 1195 mentem
2917 1139 3127 1202 habeat,
3150 1148 3559 1208 temperansque
3587 1137 3673 1197 sit,

2106 1229 2287 1297 probis
2325 1228 2551 1283 fortasse
2579 1237 2632 1282 et
2665 1229 2848 1298 justis,
2879 1231 2972 1284 sed
3011 1238 3187 1285 tamen
3216 1232 3412 1284 virtute
3452 1229 3517 1283 iis
3546 1242 3682 1296 quos

2106 1329 2228 1374 ante
2253 1320 2391 1384 dixi,
2424 1321 2576 1391 longe
2611 1320 2948 1376 inferioribus
2978 1340 2990 1375 :
3023 1322 3095 1376 ita
3120 1338 3212 1375 rex
3241 1331 3299 1375 ut
3325 1320 3679 1392 phiIOSOphim

2105 1410 2312 1466 deditus
2338 1413 2436 1477 sit,
2468 1424 2642 1468 tamen
2686 1429 2754 1468 ne
2798 1412 3059 1466 tantillum
3092 1412 3302 1482 quidem
3337 1413 3402 1465 ad
3431 1411 3675 1466 monachi

2105 1503 2352 1556 virtutem
2387 1505 2604 1573 pr0pius
2629 1504 2884 1560 accedere
2913 1512 3089 1574 queat.
3136 1502 3343 1558 Etenim
3386 1502 3438 1556 in
3468 1501 3675 1555 itineri-

2107 1593 2204 1644 bus
2232 1593 2486 1647 faciendis
2528 1595 2751 1648 subditis
2777 1597 2951 1664 gravis
2976 1604 3058 1650 est
3078 1637 3092 1658 ,
3119 1603 3380 1664 prmtereu
3407 1600 3462 1647 et
3493 1591 3677 1645 urbem

2108 1681 2373 1742 habitans,
2412 1693 2465 1735 et
2494 1697 2622 1750 pace
2648 1681 2848 1748 fruens,
2883 1694 2935 1739 et
2962 1686 3099 1739 bello
3125 1700 3340 1754 operam
3368 1683 3533 1748 dans,
3563 1691 3675 1736 tum

2108 1772 2301 1826 tributa
2331 1773 2568 1843 exigens,
2601 1782 2708 1827 tum
2737 1775 3001 1828 exercitus
3029 1775 3312 1844 colligens,
3345 1786 3455 1829 tum
3499 1774 3672 1843 capti-

2105 1879 2199 1918 vos
2241 1879 2404 1934 agens
2428 1906 2440 1929 ,
2482 1874 2532 1920 et
2563 1864 2689 1919 dum
2723 1866 2922 1932 victor,
2970 1875 3023 1920 et
3047 1865 3170 1920 dum
3200 1867 3368 1920 victus
3394 1876 3476 1919 est
3506 1884 3518 1920 :
3552 1881 3672 1919 nam

2103 1956 2228 2010 dum
2251 1957 2423 2011 victus
2449 1967 2551 2021 est,
2581 1957 2822 2012 subditos
2848 1957 3075 2028 propriis
3102 1958 3256 2012 malis
3281 1957 3448 2026 replet
3473 1975 3484 2009 :
3510 1957 3677 2009 victor

2101 2057 2278 2102 autem
2301 2049 2651 2104 intolerabilis
2672 2059 2772 2115 est,
2799 2051 3010 2120 tropaeis
3032 2065 3090 2105 se
3109 2064 3307 2104 ornans
3327 2057 3483 2119 atque
3509 2049 3675 2101 altum

2102 2140 2348 2209 sapiens,
2381 2151 2489 2194 tum
2521 2142 2779 2195 militibus
2817 2142 3059 2211 praebens
3102 2141 3370 2196 licentiam
3414 2140 3674 2211 rapiendi,

2102 2233 2443 2302 deprmdandi
2466 2275 2480 2298 ,
2510 2236 2740 2287 v'atores
2789 2233 2978 2303 injuria
3007 2232 3268 2288 afficiendi
3291 2273 3307 2298 ,
3340 2232 3500 2286 urbes
3528 2231 3675 2284 obsi~

2105 2324 2263 2377 dione
2290 2324 2555 2392 cingendi,
2585 2340 2876 2393 pauperum
2903 2324 3090 2380 domos
3115 2323 3490 2394 depopulandi,
3519 2322 3584 2377 ab
3613 2322 3676 2374 iis

2105 2432 2134 2469 a
2173 2415 2366 2484 quibus
2408 2416 2614 2484 excepti
2660 2415 2854 2469 fuerint
2884 2431 2946 2469 ea
2991 2415 3226 2485 quotidie
3271 2413 3514 2483 exigendi
3559 2427 3678 2482 quzn

2108 2507 2251 2561 nulla
2282 2508 2368 2561 lex
2394 2508 2672 2576 permittit,
2701 2507 2857 2576 idque
2885 2523 2977 2576 per
3003 2521 3216 2561 causam
3248 2506 3434 2574 prisca:
3458 2504 3680 2572 alicujus

2105 2596 2505 2675 consuetudinis
2527 2597 2717 2667 iniqua:
2739 2607 2789 2652 et
2811 2597 3016 2668 injustze
3037 2612 3050 2650 :
3075 2612 3194 2674 cum
3223 2597 3434 2652 interim
3459 2595 3677 2651 divitem

2105 2705 2200 2760 per
2230 2689 2534 2759 bujusmodi
2566 2691 2702 2746 mala
2744 2707 2834 2744 rex
2868 2689 3084 2744 minime
3111 2689 3286 2755 laedit,
3315 2689 3408 2744 sed
3435 2689 3504 2744 de
3543 2703 3674 2758 pau-

2105 2791 2308 2852 pertate
2336 2793 2541 2840 tantum
2573 2784 2711 2838 male
2735 2793 2989 2848 meretur,
3021 2782 3235 2852 perinde
3259 2783 3410 2852 quasi
3433 2798 3557 2837 vere
3586 2783 3674 2836 ille

2103 2873 2295 2928 divites
2317 2884 2584 2928 vereatur.
2609 2876 2677 2928 At
2698 2889 2824 2929 vero
2847 2890 2950 2929 non
2976 2874 3052 2928 sic
3077 2873 3387 2938 monachus,
3409 2874 3498 2942 qui
3519 2873 3676 2928 simul

2105 2976 2163 3020 ut
2191 2976 2508 3035 conspectus
2536 2966 2719 3030 fuerit,
2745 2967 2922 3020 statim
2950 2975 3055 3020 tam
3078 2965 3331 3019 divitibus
3355 2979 3517 3034 quam
3547 2980 3677 3034 pan.

2106 3057 2322 3125 peribus
2350 3057 2547 3111 donum
2574 3059 2783 3126 aliquod
2809 3058 3057 3122 afferens,
3095 3057 3333 3127 utrisque
3361 3073 3514 3128 aeque
3559 3073 3678 3112 mu-

2107 3147 2323 3202 nificum
2366 3163 2424 3202 se
2463 3158 2700 3217 praestat,
2747 3164 2853 3202 uno
2894 3157 3099 3202 tantum
3141 3149 3336 3202 amictu
3381 3157 3494 3203 toto
3537 3163 3680 3202 anno

2106 3249 2284 3306 utens,
2316 3248 2425 3294 tum
2450 3255 2640 3310 aquam
2675 3241 2920 3295 libentius
2948 3240 3154 3305 bibens,
3179 3255 3332 3310 quam
3360 3256 3676 3312 generosum

2106 3331 2287 3386 vinum
2325 3331 2452 3396 alii;
2505 3346 2602 3400 pro
2641 3346 2698 3386 se
2737 3332 2948 3402 quidem
2992 3331 3194 3386 nullam
3236 3348 3408 3402 neque
3436 3349 3676 3405 parvam,

2105 3437 2279 3492 neque
2305 3437 2548 3493 magnam
2573 3437 2604 3476 a
2625 3422 2874 3477 divitibus
2898 3425 3120 3494 gratiam
3153 3425 3449 3494 postulans,
3480 3439 3575 3495 pro
3598 3425 3679 3479 in.

2104 3513 2406 3584 digentibus
2428 3523 2606 3568 autem
2636 3523 2746 3568 tum
2775 3515 2989 3582 multas,
3016 3524 3127 3570 tum
3155 3519 3455 3583 continuas,
3481 3532 3677 3588 easque

2105 3604 2343 3674 utrisque
2365 3604 2746 3671 conducentes,
2771 3605 2873 3661 hoc
2896 3616 2997 3672 est,
3022 3616 3126 3660 tam
3155 3608 3218 3662 iis
3243 3609 3330 3680 qui
3358 3609 3673 3679 largiuntur,

2101 3709 2261 3764 quam
2290 3695 2355 3750 iis
2383 3695 2472 3766 qui
2499 3697 2772 3767 accepturi
2794 3707 2936 3752 sunt.
2969 3697 3165 3763 Siofit,
3198 3711 3255 3752 ut
3277 3714 3558 3754 comunem
3588 3699 3677 3754 ille

2103 3797 2224 3856 agat
2249 3787 2512 3843 medicum
2541 3787 2764 3844 divitum
2789 3788 2937 3858 juxta
2963 3797 3017 3843 et
3045 3789 3281 3859 inopum,
3305 3790 3421 3844 illos
3441 3790 3676 3859 peccatis

2104 3877 2334 3933 liberans
2364 3894 2461 3948 per
2487 3879 2682 3934 bonam
2731 3880 3172 3944 admonitionem,
3206 3879 3302 3934 hos
3326 3880 3394 3935 ab
3431 3880 3674 3950 indigeo.

2106 3972 2176 4024 tia
2205 3971 2467 4025 eximens.
2497 3972 2566 4026 At
2600 3987 2694 4026 rex
2741 3972 2933 4027 tributa
2963 3971 3086 4025 dum
3117 3973 3294 4026 minus
3333 3972 3513 4042 gravia
3555 3986 3676 4027 esse

2100 4070 2272 4140 jubet,
2315 4069 2566 4124 divitibus
2609 4068 2796 4140 magis,
2844 4083 3002 4138 quam
3046 4067 3363 4137 pauperibus
3411 4067 3527 4121 usui
3571 4077 3673 4122 est.

2105 4160 2250 4215 Idem
2280 4160 2404 4214 dum
2432 4169 2618 4216 contra
2646 4159 2802 4223 facit,
2837 4175 3119 4230 paucarum
3158 4157 3462 4213 facultatum
3501 4158 3676 4214 domi-

2104 4268 2203 4305 nos
2245 4251 2389 4305 lmdit
2430 4269 2442 4302 :
2484 4267 2606 4304 nam
2650 4251 2797 4306 diviti
2840 4261 3051 4305 tenuem
3089 4249 3374 4304 admodum
3415 4251 3677 4320 jacturam

2103 4341 2338 4395 attulerit
2379 4341 2695 4395 tributorum
2735 4342 2998 4396 acerbitas
3026 4360 3040 4396 :
3075 4351 3129 4394 at
3162 4341 3350 4397 eadem
3380 4357 3676 4412 pauperum

2103 4432 2289 4486 domos
2332 4440 2598 4500 tamquam
2647 4441 2853 4486 torrens
2899 4432 3182 4499 distrahit,
3224 4432 3351 4488 ﬂetu
3398 4436 3673 4504 complens

2105 4539 2282 4593 pagos,
2311 4538 2429 4577 cum
2458 4524 2668 4578 interim
2706 4539 2877 4593 neque
2897 4536 3144 4580 senectus
3169 4526 3233 4581 iis
3256 4526 3571 4583 miserabilis
3592 4538 3676 4586 est

2103 4618 2191 4686 qui
2230 4615 2420 4670 tributa
2445 4617 2684 4686 exigunt,
2723 4632 2895 4688 neque
2919 4618 3201 4673 mulierum
3223 4619 3472 4686 viduitas,
3501 4637 3674 4692 neque

2105 4708 2389 4762 liberorum
2429 4708 2670 4775 orbitas;
2711 4710 2948 4779 quinimo
2991 4720 3236 4780 proterve
3275 4713 3465 4782 agendi
3510 4714 3669 4770 finem

2103 4797 2307 4850 nullum
2341 4797 2410 4851 illi
2447 4797 2666 4862 faciunt,
2708 4815 3022 4854 communes
3050 4801 3264 4870 quidam
3291 4804 3523 4872 regionis
3567 4805 3668 4858 ho~

2104 4902 2243 4956 stes,
2289 4907 2407 4960 quae
2453 4892 2607 4946 tellus
2651 4907 2980 4962 nequaquam
3028 4893 3168 4959 tulit,
3214 4909 3274 4948 ea
3318 4895 3385 4950 ab
3425 4896 3675 4966 agricolis

2101 4984 2394 5050 exigentes.

2172 5074 2226 5126 4.
2255 5071 2592 5142 Beneﬁcentia
2622 5073 2852 5126 monachi
2879 5076 3042 5144 major
3071 5078 3230 5147 regia.
3248 5079 3443 5149 -Age
3471 5096 3598 5134 vero
3621 5091 3675 5136 et

2102 5165 2231 5220 illud
2279 5167 2494 5236 insuper
2519 5166 2900 5230 examinemus,
2941 5183 3168 5237 quanam
3197 5169 3250 5223 in
3293 5181 3440 5238 parte
3483 5187 3668 5226 moon-

2101 5256 2255 5322 chus,
2297 5273 2398 5326 qua
2428 5266 2608 5312 contra
2635 5257 2686 5310 in
2713 5265 2861 5326 parte
2894 5273 2986 5312 rex
3019 5259 3242 5314 subditis
3270 5260 3539 5316 beneficus
3577 5265 3668 5317 sit.

2103 5346 2264 5417 Igitur
2293 5348 2378 5402 hic
2407 5347 2618 5418 quidem
2659 5363 2846 5402 aurum
2887 5349 3126 5419 largitur,
3171 5350 3255 5408 ille
3283 5366 3409 5405 vero
3450 5355 3670 5422 spiritus

2101 5441 2322 5507 gratiam
2352 5458 2364 5491 :
2397 5448 2652 5508 prasterca
2679 5437 2816 5492 idem
2841 5438 2928 5495 hic
2958 5439 3082 5494 dum
3119 5441 3288 5496 bonus
3326 5451 3408 5497 est
3437 5459 3668 5515 pauper.

2101 5539 2260 5584 tatem
2285 5531 2456 5593 solvit,
2485 5531 2569 5583 ille
2609 5539 2783 5583 autem
2827 5533 3031 5588 animas
3069 5531 3366 5587 daemonum
3392 5540 3670 5606 tyrannide

2099 5637 2382 5691 oppressas
2421 5622 2666 5692 precibus
2711 5622 2935 5678 liberat:
2963 5638 3025 5677 ac
3058 5623 3104 5677 si
3143 5626 3263 5694 quis
3303 5625 3438 5682 forte
3481 5628 3666 5698 hujus.

2098 5718 2242 5771 modi
2282 5717 2579 5772 calamitate
2621 5715 2925 5783 afflictetur,
2971 5718 3016 5771 is
3050 5732 3227 5786 regem
3269 5731 3530 5789 tamquam
3580 5723 3666 5777 in...

2097 5808 2273 5862 anime
2300 5808 2564 5878 quidpiam
2591 5809 2842 5876 praaterit,
2869 5808 2934 5862 ad
2968 5809 3345 5864 monachorum
3368 5826 3492 5866 vero
3515 5811 3668 5867 habiv

2099 5899 2331 5953 taeulum
2357 5899 2609 5967 confugit,
2645 5899 2794 5968 quasi
2822 5900 2910 5969 qui
2940 5900 3207 5968 conspecti
3236 5899 3343 5968 lupi
3377 5901 3566 5956 timore
3599 5904 3666 5961 ad

2098 6002 2398 6050 venatorem
2426 5990 2656 6065 gladium
2692 6005 2852 6046 manu
2887 5999 3178 6062 gestantem
3214 5990 3332 6067 fuga
3366 5995 3664 6057 contendit.
