4532 6712
820 578 917 636 591

813 697 1025 754 Etenim
1051 691 1192 765 quod
1212 687 1450 746 venatori
1479 687 1707 759 gladius,
1732 685 1785 740 id
1824 698 2012 756 preces
2041 691 2164 738 stmt
2198 694 2388 736 mona-

806 790 952 844 cho:
981 799 1152 859 neque
1177 797 1307 837 sane
1326 782 1403 836 sic
1425 780 1578 852 lupos
1597 778 1823 851 gladius,
1848 786 1905 831 ut
1926 776 2199 831 daemonas
2212 776 2391 842 justo-

803 896 933 938 i-um
961 890 1149 950 preces
1176 884 1397 931 terrent.
1422 874 1603 943 Itaque
1626 887 1729 926 non
1760 883 1858 924 nos
1890 870 2055 923 modo
2082 868 2149 922 ad
2178 874 2394 923 sanctos

816 969 1131 1037 monachos,
1176 969 1301 1025 dum
1340 967 1418 1023 rei
1446 980 1573 1021 usus
1610 964 1864 1035 postulat,
1905 962 2259 1033 confugimus,
2298 957 2393 1014 sed

813 1063 900 1119 vel
924 1077 1079 1134 reges
1101 1062 1197 1133 ipsi
1235 1059 1303 1116 ad
1339 1058 1553 1114 eosdem
1578 1057 1628 1110 in
1655 1055 1987 1125 temporibus
2025 1050 2393 1116 formidandis,

810 1178 838 1210 .l
858 1155 962 1210 aud
993 1155 1151 1211 aliter
1176 1167 1332 1222 quam
1368 1149 1521 1204 famis
1549 1158 1792 1218 tempore
1821 1146 2188 1203 mendicantes
2216 1142 2282 1197 ad
2309 1141 2397 1195 di-

805 1250 988 1303 Vitum
1028 1245 1219 1301 domos
1261 1242 1591 1314 confugiunt.
1636 1240 1826 1298 Nonne
1866 1239 2050 1296 Achab
2089 1236 2397 1293 Judzeorum

818 1354 916 1395 rex
942 1353 1035 1408 per
1056 1336 1251 1393 famem
1275 1347 1328 1393 et
1350 1352 1575 1391 annona:
1594 1336 1871 1389 caritatem
1894 1334 1945 1386 in
1972 1332 2133 1386 Helia:
2155 1328 2400 1400 precibus

827 1446 977 1500 spem
1005 1431 1181 1501 posuit
1220 1430 1413 1485 suam?
1452 1442 1630 1484 nonne
1652 1425 1909 1481 Ezechias
1938 1425 1955 1456 ยน
1980 1424 2052 1494 (ฮน.
2074 1421 2205 1492 Reg.
2226 1420 2317 1474 20.
2344 1420 2399 1491 l)

824 1521 955 1579 illud
984 1522 1126 1577 idem
1153 1521 1455 1594 imperium,
1485 1519 1631 1574 illum
1657 1516 1901 1573 eumdem
1929 1515 2283 1585 principatum
2306 1512 2403 1567 ob-

821 1614 1020 1680 tinens,
1059 1629 1229 1683 aeger,
1269 1626 1333 1667 ac
1364 1609 1583 1681 jamjam
1623 1608 1937 1673 moriturus,
1980 1605 2265 1659 instantem
2304 1604 2404 1658 sibi

828 1717 1057 1762 mortem
1095 1719 1217 1760 eum
1256 1703 1484 1768 videret,
1524 1701 1591 1757 ad
1631 1700 1947 1773 prephetam
1986 1697 2243 1768 confugit,
2283 1703 2405 1751 tan-

828 1813 985 1867 quam
1010 1805 1184 1851 morte
1210 1794 1587 1866 potentiorem,
1617 1808 1681 1848 ac
1705 1793 1829 1847 vita:
1864 1787 2213 1861 largitorem?
2246 1785 2405 1857 Atqui

828 1890 968 1946 bello
986 1898 1307 1960 erumpente
1333 1887 1720 1957 Palmstinaque
1743 1884 1794 1938 in
1835 1892 2037 1938 tantum
2060 1880 2286 1935 adducta
2310 1893 2407 1948 pe-

830 1983 1076 2047 riculum,
1097 1990 1156 2036 ut
1174 1978 1410 2036 funditus
1430 1978 1723 2035 excidenda
1745 1986 1907 2039 esset,
1926 1973 2231 2029 Judteorum
2254 1983 2409 2040 reges

830 2075 1053 2130 dimisso
1078 2073 1344 2141 exercitu,
1368 2071 1600 2127 dimissis
1622 2068 1905 2139 peditibus,
1935 2062 2244 2134 sagittariis,
2267 2061 2411 2132 equi-

830 2169 992 2234 tibus,
1034 2166 1296 2231 ducibus,
1339 2162 1774 2225 centurionibus,
1816 2159 1883 2214 ad
1925 2157 2104 2213 Elisaei
2136 2170 2324 2227 preces
2350 2169 2411 2209 se

830 2265 1150 2328 receperunt
1176 2273 1190 2310 :
1214 2254 1593 2311 existimabant
1614 2253 1757 2309 enim
1786 2251 1877 2307 Dei
1901 2264 2117 2306 servum
2144 2247 2245 2303 sibi
2269 2247 2412 2301 mul-

830 2360 1004 2405 tarum
1034 2346 1329 2421 myriadutn
1356 2348 1523 2402 instar
1547 2347 1681 2401 fore.
1704 2342 1893 2399 Itidem
1915 2350 1971 2398 et
2000 2339 2258 2397 Ezechias
2295 2353 2411 2404 rex,

832 2439 974 2496 bello
1001 2438 1219 2495 Persico
1241 2438 1495 2503 instante,
1524 2451 1646 2491 cum
1670 2433 1821 2490 urbis
1854 2432 2121 2488 excidium
2161 2428 2415 2485 immine-

834 2541 934 2598 ret,
957 2529 1269 2601 civibusque
1296 2526 1385 2596 qui
1407 2542 1503 2599 pro
1523 2525 1790 2582 mamilius
1812 2531 2017 2579 starent
2041 2523 2151 2592 jam
2177 2530 2417 2575 tremen-

834 2622 995 2688 tibus,
1026 2620 1407 2683 metuentibus,
1430 2634 1494 2675 ac
1519 2618 1741 2690 perinde
1767 2616 2071 2683 commotis,
2096 2622 2154 2669 ut
2173 2628 2416 2669 commo-

838 2715 953 2770 veri
996 2714 1240 2769 homines
1277 2713 1499 2778 solent,
1541 2713 1753 2783 quoties
1785 2712 1867 2766 vel
1909 2710 2104 2764 tonitru
2135 2707 2220 2761 vel
2260 2715 2418 2761 terrae

836 2818 1041 2862 motum
1079 2807 1261 2861 omnia
1300 2806 1627 2875 quatientem
1665 2810 1998 2873 exspectant,
2041 2801 2190 2857 lsai:e
2231 2813 2418 2870 preces

838 2897 1019 2953 multis
1042 2897 1327 2953 Persarum
1365 2896 1597 2951 millibus
1637 2895 1906 2965 opposuit,
1934 2908 2105 2963 neque
2143 2907 2238 2946 sua
2269 2890 2417 2944 illum

840 3002 968 3060 spes
992 2987 1198 3044 fefellit.
1226 2986 1357 3042 Nam
1383 2986 1538 3042 simul
1566 2996 1622 3041 ut
1643 2984 1904 3056 propheta
1935 2999 2126 3039 manus
2151 2982 2202 3035 in
2225 2982 2417 3037 cmlum

840 3082 1076 3148 sustulit,
1099 3082 1277 3137 statim
1304 3080 1442 3135 Deus
1480 3079 1685 3151 sagittis
1715 3095 1747 3135 e
1777 3079 1911 3133 ctelo
1949 3077 2127 3132 missis
2148 3076 2201 3131 Pi
2223 3075 2420 3129 rsieum

841 3171 1037 3227 bellum
1077 3171 1346 3239 confecit,
1392 3186 1548 3242 reges
1584 3170 1856 3236 erudiens,
1896 3185 1964 3225 eo
2000 3183 2061 3224 se
2102 3168 2221 3223 loco
2259 3168 2423 3237 ipsius

841 3265 1119 3322 ministros
1160 3264 1362 3321 habere
1398 3262 1617 3330 debere,
1662 3272 1721 3319 nt
1756 3276 1852 3318 eos
1887 3275 2078 3319 omnes
2114 3274 2424 3315 communes

842 3372 963 3414 esse
991 3368 1151 3414 terra:
1185 3366 1492 3413 servatores
1517 3356 1842 3421 existiment,
1878 3365 1936 3411 ttt
1963 3356 2063 3410 hac
2084 3354 2298 3425 quidem
2335 3368 2425 3407 ra-

841 3453 990 3509 tione
1045 3452 1408 3518 edoceantur,
1458 3466 1553 3521 per
1593 3450 1863 3520 iustorum
1910 3448 2315 3503 exhortationes
2358 3446 2425 3501 ad

845 3560 1007 3600 omne
1029 3544 1224 3601 bonum
1247 3554 1407 3616 atque
1431 3542 1720 3599 humanum
1740 3558 1876 3614 Opus
1903 3542 2132 3606 invitati,
2157 3550 2267 3597 tum
2291 3556 2426 3595 con-

844 3639 962 3694 silia
985 3639 1239 3705 revereri,
1258 3646 1370 3693 tum
1392 3636 1548 3692 bonis
1567 3634 2019 3691 admonitionibus
2033 3633 2425 3702 obtemperare.

848 3730 1081 3786 Proinde
1105 3746 1209 3785 non
1235 3745 1301 3785 ex
1338 3731 1404 3784 iis
1431 3728 1602 3783 solum
1624 3743 1745 3798 quae
1773 3726 1883 3782 dixi
1923 3724 2202 3795 utriusque
2234 3723 2430 3777 discri-

850 3836 973 3875 men
1015 3834 1344 3891 cognoscere
1372 3818 1528 3883 licet;
1559 3818 1653 3873 sed
1692 3817 1737 3872 si
1769 3832 1867 3871 usu
1892 3816 2101 3872 venerit
2124 3824 2180 3870 et
2208 3816 2348 3867 hunc
2378 3821 2433 3865 ct

850 3912 999 3966 illum
1041 3912 1334 3978 deturbari,
1378 3909 1522 3965 hunc
1558 3908 1772 3980 quidem
1811 3908 2043 3973 virtute,
2076 3907 2222 3960 illum
2252 3914 2429 3958 autem

851 4020 1018 4075 regno
1044 4006 1341 4075 privatum,
1370 4003 1459 4058 hic
1484 4018 1649 4073 parvo
1686 4000 1977 4056 admodum
2015 3998 2247 4069 negotio'
2267 3996 2334 4049 ad
2374 4010 2434 4049 se

852 4097 1012 4159 redit,
1035 4112 1098 4151 ac
1118 4097 1295 4151 statim
1318 4112 1414 4165 per
1439 4110 1648 4167 preces,
1673 4110 1770 4165 per
1796 4094 2084 4166 lacrymas,
2114 4106 2211 4161 per
2233 4104 2435 4145 mmm-

853 4204 969 4244 rem
990 4230 1007 4255 ,
1052 4203 1149 4258 per
1187 4202 1478 4257 pauperum
1509 4202 1723 4252 curam,
1768 4185 2003 4256 peccatis
2045 4183 2300 4239 abstersis
2322 4223 2336 4245 ,
2369 4181 2437 4236 de

863 4281 1073 4350 integro
1110 4278 1265 4333 facile
1294 4278 1360 4333 ad
1388 4278 1669 4349 pristinum
1699 4276 2050 4349 principatum
2089 4275 2335 4330 recurrit.
2368 4275 2437 4329 At

858 4386 954 4427 rex
999 4371 1135 4426 solio
1169 4369 1411 4439 dejectus
1453 4385 1573 4425 cum
1620 4369 1793 4435 fuerit,
1843 4376 1954 4424 tum
1994 4367 2209 4422 demum
2255 4366 2435 4421 multis

858 4479 989 4519 sane
1032 4464 1193 4518 sociis
1232 4462 1463 4535 indiget.
1504 4463 1686 4517 multis
1728 4462 1852 4517 item
1896 4461 2118 4516 armatis
2156 4459 2434 4525 militibus,

858 4555 1035 4623 equis,
1070 4554 1327 4623 pecuniis,
1355 4552 1608 4622 periculis
1637 4570 1650 4604 :
1680 4551 1911 4621 denique
1936 4550 2125 4605 salutis
2152 4564 2263 4604 sua:
2287 4563 2435 4618 Spem

861 4645 914 4699 iu
936 4644 1057 4699 aliis
1083 4645 1239 4698 sitam
1268 4643 1449 4697 habet.
1472 4642 1762 4697 Monachus
1783 4655 1911 4695 vero
1929 4640 2154 4695 salutem
2191 4639 2441 4694 celeriter

862 4737 1121 4791 voluntati
1152 4750 1285 4803 suae,
1323 4734 1499 4790 studio
1560 4750 1623 4789 ac
1645 4734 1925 4788 sententiae
1962 4733 2244 4787 mutationi
2271 4732 2442 4786 comi-

863 4839 967 4883 tem
992 4829 1272 4883 hahiturns
1298 4836 1379 4883 est
1405 4846 1420 4883 :
1445 4828 1675 4899 Regnum
1696 4827 1827 4881 enim
1851 4823 2111 4891 calorum,
2138 4824 2309 4892 inquit
2331 4823 2440 4887 ille,

860 4921 914 4973 in
958 4919 1096 4973 vobis
1140 4929 1210 4973 est
1240 4919 1400 4992 (Luc.
1430 4921 1515 4975 ฮ.
1544 4920 1605 4975 2]
1631 4920 1671 4991 ).
1704 4919 1822 4974 Jam
1864 4932 2011 4973 mors
2038 4917 2149 4987 regi
2193 4914 2446 4971 terribilis

862 5018 984 5076 est,
1013 5010 1199 5065 eadem
1240 5010 1557 5080 philosopho
1588 5011 1806 5065 minime
1847 5009 2071 5065 molesta
2105 5027 2120 5066 :
2149 5023 2271 5063 eum
2303 5008 2445 5060 enim

862 5101 953 5170 qtti
981 5101 1214 5166 divitias,
1243 5099 1597 5170 voluptatem,
1637 5100 1878 5167 delicias,
1903 5117 2131 5171 quorum
2165 5099 2331 5169 gratia
2362 5098 2445 5153 vi-

872 5204 977 5247 tam
1002 5194 1204 5263 agitare
1235 5190 1388 5247 multi
1412 5192 1814 5263 concupiscunt,
1840 5192 2086 5262 despicit,
2118 5207 2336 5247 necesse
2367 5199 2450 5245 est

867 5285 1237 5356 migrationem
1267 5286 1336 5341 ab
1366 5287 1468 5341 hoc
1492 5286 1623 5341 orbe
1652 5284 1791 5339 haud
1827 5300 1968 5355 mgre
2006 5284 2168 5339 ferre.
2210 5284 2362 5352 Quod
2404 5285 2451 5340 si

869 5388 924 5432 et
944 5378 1083 5434 hunc
1117 5390 1172 5436 et
1198 5379 1347 5436 illum
1370 5380 1599 5452 jugulari
1631 5378 1953 5449 contigerit,
1982 5376 2070 5431 hic
2111 5377 2325 5448 quidem
2358 5393 2454 5448 pro

936 5582 953 5613 ฮน
988 5582 1062 5631 Sic
1095 5581 1284 5633 Coislin.
1319 5589 1476 5634 recte.
1503 5582 1623 5633 adit.
1658 5596 1793 5644 vero,
1818 5594 1972 5633 nonne
1995 5580 2133 5633 mins
2157 5582 2181 5634 3โ

1503 571 1563 628 S.
1603 568 1883 627 JOANNIS
1918 558 2393 625 CHRYSOSTOMI
2431 560 2750 622 ARCHIEP.
2789 562 3326 623 CONSTANTINOP.

3966 567 4076 626 ,ฯแฟฆแฟ

2502 680 2699 750 pietate
2729 682 2967 750 pericula
3008 682 3109 736 sibi
3135 687 3393 745 accerset,
3434 678 3787 735 immortalem
3820 691 3875 737 et
3903 694 4076 738 eosne-

2499 784 2635 827 Stem
2664 774 2825 826 vitam
2852 782 3026 827 morte
3051 789 3146 828 sua
3174 784 3491 842 comparans
3524 786 3538 823 ฮ
3565 779 3622 823 at
3660 785 3755 825 rex
3792 781 4080 843 tyrannum

2500 864 2753 935 aliquem,
2782 872 2838 916 et
2862 877 2985 917 eum
3012 865 3103 933 qui
3144 865 3425 934 imperium
3463 862 3696 924 affectat,
3720 860 4082 931 jugulatorcm

2504 970 2659 1011 suum
2686 954 2961 1010 habiturus
2984 963 3088 1020 est,
3131 956 3435 1011 miserabile
3474 954 3721 1024 idemque
3749 951 4083 1008 horrendum

2504 1058 2627 1119 post
2645 1049 2844 1104 eadem
2873 1048 3232 1117 spectaculum
3252 1065 3267 1113 ;
3289 1051 3608 1105 monachum
3629 1063 3756 1103 vero
3773 1062 3869 1117 pro
3886 1046 4086 1116 pietate

2501 1140 2798 1211 iugulatum
2824 1152 3066 1201 cernere,
3098 1137 3253 1193 dulce
3279 1149 3440 1210 atque
3464 1141 3697 1196 salutare
3721 1135 4087 1209 spectaculum

2506 1242 2610 1288 est.
2635 1233 2788 1289 Adde
2822 1232 2907 1286 his
2928 1228 3068 1300 quod
3110 1229 3403 1285 monachus
3424 1232 3687 1287 bonorum
3711 1246 3927 1287 suorum
3947 1228 4057 1283 alie

2507 1333 2743 1379 ctatores
2795 1322 3073 1379 habiturus
3123 1329 3244 1384 est,
3287 1321 3627 1377 aemulatores
3666 1339 3730 1377 ac
3768 1320 4083 1392 discipulos,

2510 1417 2649 1473 bona
2683 1433 2751 1473 ex
2777 1425 2926 1488 parte
2965 1421 3389 1485 comprecantes,
3430 1423 3491 1467 ut
3528 1415 3692 1483 ipsius
3718 1416 3920 1471 similes
3953 1429 4058 1470 eva

2508 1507 2640 1563 dant
2676 1525 2692 1565 :
2728 1518 2784 1564 at
2820 1523 2915 1564 rex
2956 1507 3152 1561 multos
3190 1504 3386 1558 frustra
3426 1502 3482 1558 itt
3524 1505 3770 1573 precibus
3811 1518 4093 1561 sermones

2511 1599 2873 1670 insumpserit,
2904 1600 3070 1654 Deum
3095 1610 3307 1666 rogans,
3333 1604 3389 1649 ฮนฮนฮน
3419 1609 3579 1649 nemo
3610 1596 3853 1661 exsistat,
3873 1598 3962 1665 qui
3999 1612 4093 1651 re-

2511 1708 2674 1762 gnum
2698 1692 2931 1748 al'fcctet.
2957 1691 3226 1746 Pnnterea
3255 1687 3404 1742 illum
3449 1687 3752 1742 interficere
3792 1688 3964 1741 nullus
3991 1704 4093 1741 au-

2513 1787 2659 1852 deat,
2682 1802 2803 1843 cum
2830 1784 3096 1840 existimet
3118 1781 3341 1850 impium
3382 1794 3443 1835 se
3481 1780 3535 1834 in
3558 1780 3723 1835 Deum
3754 1778 4011 1844 futurutn,
4048 1778 4097 1833 si

2514 1896 2638 1936 eum
2660 1878 2970 1935 sustulerit:
2998 1875 3121 1930 huic
3142 1888 3270 1928 vero
3291 1874 3443 1928 multi
3468 1874 3796 1944 jugulatores
3817 1873 4093 1942 ingruunt,

2518 1970 2811 2042 tyrannidis
2834 1968 3193 2023 afl'ectatores.
3223 1966 3579 2033 Quamobrem
3606 1965 3743 2020 alter
3779 1966 3972 2019 milites
3991 1964 4096 2018 ad-

2518 2064 2665 2119 hibet
2709 2061 2949 2133 corporis
2998 2059 3079 2114 sui
3124 2059 3417 2124 custodes,
3464 2059 3599 2113 alter
3643 2058 3801 2112 urbes
3850 2057 4098 2126 precibus

2518 2158 2631 2212 suis
2674 2165 2943 2225 tamquam
2991 2168 3146 2207 muro
3190 2151 3521 2213 communit,
3565 2149 3831 2203 neminem
3872 2148 4094 2211 timens,

2518 2266 2639 2307 cum
2678 2265 2770 2305 rex
2798 2257 3055 2318 perpetuo
3092 2246 3144 2301 iu
3171 2246 3385 2311 timore,
3429 2242 3678 2299 continua
3714 2240 3766 2293 in
3806 2238 3965 2293 cedis
4003 2253 4100 2291 ex-

2520 2343 2847 2416 spectatione
2868 2342 3047 2396 vivat:
3074 2356 3257 2396 secum
3295 2338 3437 2394 enim
3474 2332 3784 2391 circumfert
3818 2331 4099 2385 avaritiam

2520 2433 2899 2508 periculosam,
2943 2447 3039 2502 pro
3076 2445 3183 2502 qua
3220 2426 3513 2485 monachus
3553 2434 3721 2479 tutam
3761 2436 3871 2493 prae
3910 2436 3969 2476 se
3994 2419 4103 2475 fert

2520 2528 2767 2583 salutem.

2592 2617 2865 2688 Compara:
2891 2632 3005 2670 cum
3034 2631 3151 2686 rege
3191 2614 3492 2669 monachum
3529 2610 3583 2663 in
3624 2608 3689 2662 iis
3731 2622 3843 2675 quia
3886 2614 4101 2659 mortem

2522 2719 2815 2778 sequuntur.
2838 2736 2911 2748 โ
2936 2707 3167 2762 Proinde
3192 2706 3260 2760 de
3286 2704 3445 2760 rebus
3471 2715 3590 2772 qua:
3627 2712 3726 2754 nos
3761 2698 3810 2751 in
3851 2697 4102 2767 ฮนฮนฮน-ฮฑฮดฮตฯฮนฮนแฝท

2520 2802 2628 2857 vita
2656 2799 3057 2856 circumsistunt
3084 2796 3296 2851 abunde
3324 2794 3450 2849 mihi
3483 2791 3684 2846 dixisse
3712 2789 3913 2842 videor.
3944 2785 4104 2854 Quod

2523 2893 2569 2949 si
2605 2902 2660 2948 et
2695 2899 2965 2948 certamen
3012 2888 3243 2943 futurum
3284 2885 3589 2940 examinare
3628 2881 3869 2943 velimus,
3911 2894 4106 2932 mona-

2524 2985 2683 3040 chum
2725 2982 2939 3055 quidem
2963 2980 3262 3035 videbimus
3284 2973 3622 3046 splendidum
3652 2986 3717 3025 ac
3755 2970 4106 3039 conspicuum

2526 3077 2639 3147 rapi
2667 3076 2810 3130 inter
2835 3074 3006 3129 nubes
3026 3072 3092 3126 ad
3119 3084 3397 3126 occursum
3417 3066 3616 3121 Christi
3655 3065 3708 3118 in
3735 3077 3879 3125 aera,
3916 3076 4107 3114 exem-

2528 3169 2618 3242 plo
2643 3168 2797 3224 ducis
2817 3176 2873 3222 et
2894 3163 3212 3221 iustitutoris
3234 3161 3392 3230 hujus
3419 3160 3541 3213 vita:
3567 3156 3813 3213 snlutaris
3835 3153 4108 3208 omnium-

2529 3278 2635 3331 que
2674 3262 2954 3316 virtutum.
2998 3261 3067 3312 At
3104 3272 3230 3321 rex,
3271 3254 3318 3309 si
3355 3251 3570 3324 quidem
3606 3250 3748 3319 juste
3784 3257 3838 3301 et
3877 3246 4110 3300 humane

2532 3353 2817 3425 imperium
2858 3350 3062 3405 rexisse
3082 3348 3225 3401 visus
3264 3345 3422 3399 fuerit
3461 3357 3617 3398 suum
3645 3339 3771 3406 (hoc
3793 3346 3969 3391 autem
4006 3335 4110 3388 ad-

2531 3447 2752 3503 modum
2793 3458 2968 3498 rarum
3008 3439 3130 3511 est)
3158 3479 3170 3503 ,
3222 3438 3482 3492 minorem
3538 3434 3761 3487 salutem
3787 3471 3802 3495 ,
3846 3429 4109 3483 minorem

2533 3539 2791 3593 honorem
2831 3533 3083 3589 sortietur
3117 3547 3130 3584 :
3169 3546 3273 3585 non
3314 3529 3459 3583 enim
3500 3526 3660 3587 idem,
3697 3536 3825 3585 non,
3871 3521 4109 3589 inquam,

2536 3630 2676 3684 idem
2709 3626 2885 3689 fuerit,
2916 3626 3086 3677 bonus
3111 3636 3224 3681 rex.
3249 3628 3304 3674 et
3330 3616 3624 3672 monachus
3652 3626 3911 3666 summam
3940 3612 3991 3663 in
4017 3610 4112 3663 Dei

2534 3724 2677 3776 cultu
2701 3734 2881 3775 curam
2923 3730 3146 3787 ponens.
3180 3713 3274 3767 Sin
3303 3717 3479 3763 autem
3519 3704 3714 3760 malum
3756 3713 3807 3757 ct
3848 3702 4113 3771 importu-

2538 3830 2661 3869 num
2684 3812 2879 3866 vixisse
2918 3824 3039 3864 cum
3073 3802 3395 3865 constiterit,
3432 3814 3497 3853 ac
3536 3796 3713 3850 multis
3750 3793 3901 3848 malis
3923 3791 4115 3846 orbem

2539 3904 2844 3976 replevisse,
2883 3901 3003 3971 quis
3043 3897 3262 3953 tandem
3296 3905 3548 3948 enarrare
3576 3887 3742 3957 possit
3778 3885 4117 3940 calamitates

2538 4014 2629 4054 eas
2649 4013 2780 4069 quas
2804 3995 3070 4051 sustinere
3090 4006 3214 4046 cum
3237 3983 3460 4048 videbis,
3504 3981 3608 4052 igni
3632 3988 3901 4042 exustum,
3927 3976 4115 4046 ๏ฌagel-

2540 4092 2726 4157 latum,
2764 4087 3077 4149 cruciatum,
3117 4079 3349 4148 denique
3382 4089 3444 4130 ea
3468 4074 3775 4143 patientem,
3798 4086 3917 4140 qure
3941 4082 4120 4136 neque

2542 4183 2706 4237 verbo
2726 4179 2972 4250 exprimi,
2997 4188 3172 4246 neque
3202 4185 3260 4224 re
3300 4168 3412 4237 ipsa
3444 4164 3652 4219 tolerari
3688 4160 3950 4233 possunt?
3994 4158 4121 4211 llaec

2540 4274 2717 4330 omnia
2742 4248 3073 4342 reputantes,
3100 4274 3258 4334 atque
3278 4258 3596 4321 ediscentes,
3621 4269 3726 4309 non
3747 4260 3954 4322 eportct
3974 4248 4117 4302 divi-

2540 4377 2622 4423 tes
2662 4363 2914 4421 admirari
2955 4376 2971 4416 :
3012 4357 3209 4414 etenim
3253 4358 3463 4405 constat
3512 4347 3699 4401 horum
3739 4344 4011 4399 dominum
4053 4352 4125 4391 ne

2543 4457 2807 4514 tantillum
2830 4452 3043 4523 quidem
3067 4448 3133 4502 ad
3169 4441 3414 4500 monachi
3445 4440 3691 4493 virtutem
3717 4434 3934 4507 propius
3959 4444 4121 4483 acce-

2542 4552 2692 4607 dere.
2732 4547 2874 4615 Ergo
2914 4544 3003 4598 ubi
3039 4537 3385 4609 conspexeris
3425 4533 3641 4588 divitem
3669 4539 3816 4585 veste
3854 4532 4123 4584 ornatum,

2547 4658 2678 4696 auro
2699 4635 3010 4708 superbum,
3034 4646 3192 4685 curru
3214 4638 3441 4688 vectum,
3468 4626 3679 4681 incessu
3717 4616 3996 4687 tnagnilico
4034 4613 4124 4665 iu-

2549 4731 2849 4792 cedentem,
2877 4742 2942 4779 ne
2980 4724 3250 4777 hominem
3279 4720 3489 4773 beatum
3526 4714 3766 4770 dixeris:
3790 4703 4126 4775 temporaria:

2550 4824 2694 4879 enim
2728 4819 2948 4881 divitite,
2992 4823 3045 4869 et
3082 4812 3331 4884 quicquid
3372 4810 3573 4865 bonum
3606 4821 3724 4863 esse
3750 4800 3979 4860 videtur,
4022 4812 4127 4849 una

2550 4931 2669 4971 cum
2693 4913 2799 4966 vita
2822 4909 2924 4963 hac
2955 4903 3329 4972 corrumpitur.
3362 4903 3430 4957 At
3464 4897 3781 4955 monachum
3820 4888 3909 4944 ubi
3932 4886 4129 4941 videtis

2552 5007 2721 5063 solum
2756 5000 3112 5061 incedentem,
3153 4994 3431 5059 humilem,
3470 4996 3826 5047 mansuetum,
3866 4979 4126 5049 quietum,

2553 5098 2854 5173 pacificum,
2897 5091 3164 5145 hominem
3207 5087 3477 5150 aemulare,
3520 5083 3602 5138 fac
3641 5075 3854 5131 videare
3892 5070 4132 5124 imitator

2555 5188 2907 5267 philosophia:
2945 5184 3131 5255 ipsius,
3172 5182 3253 5239 fac
3293 5178 3526 5255 preceris
3566 5187 3685 5229 esse
3720 5166 3849 5237 justi
3894 5165 4082 5217 similis
4115 5182 4129 5219 :

2558 5255 2721 5341 iโetite
2756 5255 2922 5345 enim,
2966 5277 3167 5348 inquit,
3217 5286 3262 5330 et
3310 5272 3510 5328 dabitur
3551 5262 3688 5317 vobis
3735 5255 3939 5329 (Matth.
3965 5256 4019 5309 7.
4046 5255 4129 5320 แผธ).

2558 5379 2686 5434 llaec
2730 5373 2873 5429 cnim
2921 5386 3048 5426 vere
3092 5378 3217 5425 sunt
3265 5369 3442 5428 bona,
3502 5351 3780 5415 salutaria,
3829 5349 4131 5409 manentia,

2560 5476 2781 5543 propter
2813 5464 3011 5520 Christi
3050 5462 3427 5533 benignitatem
3466 5467 3528 5504 ac
3564 5442 3949 5517 providentiam
3994 5458 4008 5494 :
4045 5440 4133 5495 cui

2567 5562 2732 5634 gloria
2759 5569 2811 5617 et
2840 5558 3118 5630 imperium
3146 5571 3239 5627 per
3261 5546 3451 5607 szccula
3475 5539 3808 5602 stt-culorum.
3836 5536 4030 5589 Amen-

2326 5815 2669 5837 ..ฮท-,ฮฟฮฝโ-
