4454 6742
252 481 348 536 39!

1382 466 1828 526 COMPARATIO
1864 462 2072 521 REGIS
2111 460 2200 516 ET
2235 457 2569 517 MONACHI.

3592 452 3699 509 392

249 595 359 647 τῶν
373 594 612 651 δικαίων.
634 597 705 651 Οὐ
724 594 902 650 τοίνυν
932 594 1091 667 μόνον
1111 592 1274 662 ἡμεῖς
1299 587 1438 659 πρὸς
1451 587 1577 650 τοὺς
1608 584 1793 655 ἁγίους
1822 601 1919 656 μο-
2022 595 2216 668 ἡδονῆς
2248 594 2343 646 καὶ
2372 592 2600 663 τρυφῆς,
2634 585 2709 645 ὧν
2757 590 2919 644 ἕνεκα
2950 588 3048 659 ζῇν
3077 586 3430 657 ἐπιθυμοῦσιν
3477 587 3530 641 οι
3567 586 3700 641 ωολ-

250 685 448 753 ναχοὺς
479 686 536 738 ἐν
567 689 684 750 ταῖς
713 686 925 757 χρείαις
949 677 1387 748 καταφεύγομεν,
1422 674 1555 728 ἀλλά
1578 675 1672 729 καὶ⁹
1698 676 1746 728 οί
1769 673 1921 743 βασι-

250 770 362 835 λεῖς
378 773 529 826 αὐτοὶ
555 774 689 847 πρὸς
718 772 938 832 τούτους
962 764 1399 834 καταφεύγουσιν
1441 765 1499 817 ἐν
1522 766 1734 837 καιροῖς
1757 760 1922 833 φοϐε-

253 862 387 932 ροῖς,
438 860 625 932 ὥσπερ
677 863 726 913 οἱ
771 854 1141 926 πτωχεύοντες
1192 855 1249 907 ἐν
1289 853 1432 925 λιμῷ
1469 854 1605 929 πρὸς
1660 853 1761 913 τὰς
1813 847 1923 903 τῶν

253 948 524 1003 πλουσίων
557 949 752 1011 οίκίας.
782 942 1137 1013 ΟύκἌχαάϐ,
1167 944 1195 996 6
1224 943 1333 997 τῶν
1356 945 1623 998 Ἰουδαίων
1648 938 1923 1013 βασιλεὺς.

254 1038 311 1090 ἐν
334 1038 478 1108 λιμῷ
512 1038 606 1090 καὶ
631 1032 864 1102 σιτοδείᾳ
881 1030 977 1100 τὴν
997 1030 1190 1086 ἐλπίδα
1215 1033 1313 1104 τῆς
1330 1028 1766 1105 σωτηρίαςμὲο]
1780 1023 1925 1097 εἶχεν

256 1128 315 1179 ἐν
348 1129 468 1188 ταῖς
484 1123 663 1175 Ἡλίου
679 1122 1037 1190 προσευχαῖςς
1058 1121 1158 1175 οὐκ
1185 1121 1431 1186 Ἐζεκίας
1445 1134 1469 1163 ι
1487 1121 1585 1191 τήν
1603 1119 1773 1189 αὐτὴν
1791 1116 1927 1185 έχων

256 1214 431 1283 ἀρχὴν
473 1212 565 1264 καὶ
588 1208 927 1272 δυναστείαν,
965 1209 1137 1264 νοσῶν
1166 1212 1258 1265 καὶ
1294 1211 1502 1282 μέλλων
1528 1207 1805 1276 τελευτᾷν,
1836 1205 1930 1271 ἐφ-

255 1298 525 1369 εστηκότα
541 1297 631 1349 τὸν
646 1295 871 1351 θάνατον
893 1298 1052 1370 ὁρῶν,
1068 1300 1158 1353 ἐπὶ
1170 1300 1260 1353 τὸν
1288 1300 1575 1369 προφήτην
1600 1293 1927 1361 κατέφυγεν,

254 1386 331 1448 ὼς
360 1384 590 1438 θανάτου
617 1384 984 1459 δυνατώτερον
998 1387 1090 1441 καὶ
1109 1387 1256 1456 ζωῆς
1284 1386 1555 1458 χορηγόν;
1586 1383 1696 1435 Καὶ
1717 1381 1822 1450 μὴν
1838 1379 1931 1432 καὶ

259 1470 494 1534 πολέμου
514 1473 970 1545 καταρραγέντος.
1002 1474 1097 1527 καλ⁵
1110 1474 1207 1544 τῆς
1234 1471 1591 1537 Παλαιστίνης
1624 1470 1687 1521 ἐκ
1716 1467 1932 1538 βάθρων

260 1557 440 1612 αὐτῶν
467 1560 1329 1632 ἀνασπασθῆναικινδυνευούσης,
1348 1561 1396 1613 οἱ
1420 1558 1527 1611 τῶν
1542 1556 1811 1610 Ἰουδαίων
1838 1555 1934 1626 βα-

261 1646 446 1710 σιλεῖς,
470 1648 698 1716 ἀφέντες
719 1652 817 1723 τὴν
834 1651 1113 1722 στρατιὰν.
1146 1650 1239 1703 καὶ
1261 1648 1460 1711 πεζοὺς
1477 1646 1570 1699 καὶ
1593 1646 1813 1711 τοξότας
1841 1648 1934 1700 καὶ

262 1737 461 1800 ἱππέας
479 1738 571 1791 καὶ
588 1741 925 1812 στρατηγοὺς
944 1740 1035 1792 καὶ
1050 1738 1392 1808 ταξιάρχους,
1412 1736 1503 1788 ἐπὶ
1517 1734 1615 1799 τὰς
1631 1735 1932 1791 Ἐλισσαίου

260 1824 567 1896 προσευχάς
610 1827 953 1896 κατέφυγον⁸
997 1827 1230 1897 ἡγοῦντο
1270 1823 1379 1894 γὰρ
1421 1824 1604 1887 αὐτοῖς
1656 1825 1775 1878 ἀντὶ
1808 1826 1935 1879 πολ-

260 1911 369 1965 λῶν
424 1915 696 1985 μυριάδων
728 1915 948 1968 ἔσεσθαι
982 1914 1073 1967 τὸν
1120 1913 1427 1982 θεράποντα
1460 1912 1552 1966 τοῦ
1585 1913 1742 1968 Θεοῦ.
1773 1914 1846 1967 Τὸ
1877 1914 1935 1968 δὲ

262 2000 391 2053 αὐτὸ
418 2002 577 2054 τοῦτο
622 2002 716 2054 καὶ
756 2002 1023 2065 Ἐζεκίας,
1066 1998 1160 2052 τοῦ
1200 2000 1228 2039 b
1252 1999 1519 2071 Περσικοῦ
1549 2001 1784 2071 πολέμου
1837 2019 1933 2055 συ-

266 2089 509 2153 στάντος,
543 2090 764 2160 καὶτῆς
805 2090 1011 2153 πόλεως
1044 2087 1173 2158 περὶ
1204 2086 1312 2141 τῶν
1350 2088 1560 2159 ἐδάφων
1584 2100 1606 2128 ο
1643 2090 1822 2143 αὐτῶν
1855 2092 1935 2155 είς

263 2176 502 2229 κίνδυνον
521 2176 772 2246 μέγιστον
809 2175 1106 2231 κατακεκλι
1114 2174 1301 2245 μένης,
1319 2176 1413 2228 καὶ
1428 2175 1535 2228 τῶν
1558 2177 1649 2230 ἐπὶ⁸
1664 2176 1742 2246 τῷ
1767 2176 1936 2246 τείχει

261 2264 573 2336 τρεμόντων
619 2265 715 2319 καὶ
755 2264 1073 2318 δεδοικότων
1116 2263 1211 2317 καὶ
1246 2264 1561 2334 σειομένων,
1603 2264 1855 2335 καθάπερ
1880 2266 1939 2319 ἐν

264 2350 559 2421 προσδοκίᾳ
611 2350 860 2422 βροντῆς,
914 2351 948 2423 ἢ
992 2350 1218 2421 σεισμοῦ
1272 2351 1452 2405 πάντα
1495 2351 1792 2417 κινοῦντος,
1844 2352 1942 2416 τὰς

278 2440 501 2492 Ἠσαίου
555 2438 861 2510 προσευχάς
889 2442 917 2494 6
944 2440 1197 2510 βασιλεὺς
1226 2442 1523 2513 ἀντέστησε
1557 2446 1676 2508 ταῖς
1720 2441 1943 2506 πολλαῖς

268 2526 377 2580 τῶν
406 2526 629 2598 Περσῶν
648 2528 875 2598 μυριάσι
894 2545 909 2560 ο
930 2530 1023 2583 καὶ
1040 2530 1141 2584 οὐκ
1164 2529 1400 2603 ἐψεύσθη
1419 2532 1519 2603 τῆς
1538 2532 1771 2595 ἐλπίδος.
1794 2533 1945 2603 Ἀμα

264 2630 326 2666 τε
366 2613 475 2684 γάρ
510 2614 538 2665 6
587 2616 873 2687 προφήτης
921 2616 1021 2681 τὰς
1062 2621 1249 2690 χεῖρας
1286 2615 1420 2692 ἦρεν
1451 2623 1531 2683 είς
1570 2620 1661 2674 τὸν
1695 2621 1941 2691 οὐρανὸν,

267 2701 504 2764 καὶτοῖς
539 2700 597 2768 ἐξ
624 2702 851 2774 ούρανοῦ
897 2703 1109 2774 βέλεσιν
1148 2709 1177 2761 6
1216 2707 1349 2771 Θεὸς
1382 2707 1474 2761 τὸν
1518 2708 1785 2780 Περσικὸν
1814 2725 1945 2762 κατ-

268 2788 424 2842 έλυσε
450 2788 705 2859 πόλεμον,
735 2790 1003 2846 παιδεύων
1036 2794 1165 2857 τοὺς
1203 2795 1443 2865 βασιλεῖς
1477 2798 1689 2862 κοινοὺς
1714 2797 1816 2867 τῆς
1843 2798 1946 2868 γῆς

273 2875 525 2946 ἡγεῖσθαι
566 2876 817 2949 σωτῆρας
866 2879 993 2943 τοὺς
1032 2882 1224 2936 ἐαυτοῦ
1278 2882 1637 2955 θεράποντας,
1692 2886 1841 2951 ὃπως
1881 2886 1946 2940 ἂν

272 2961 647 3029 παιδευθεῖεν,
705 2969 800 3017 καὶ
850 2968 1325 3039 παρακαλούμενοι
1374 2971 1524 3042 παρά
1566 2973 1677 3025 τῶν
1725 2974 1948 3028 δικαίων

271 3050 365 3101 ἐπὶ
405 3053 585 3102 πᾶσαν
619 3052 818 3122 πρᾶξιν
850 3053 1061 3125 ἀγαθὴν
1100 3058 1194 3109 καὶ
1235 3058 1637 3129 φιλάνθρωπον,
1683 3061 1949 3117 αίδεῖσθαι

274 3136 375 3198 τὰς
405 3136 755 3206 συμϐουλίας,
789 3142 883 3192 καὶ
912 3142 1195 3198 πείθεσθαι
1223 3150 1341 3210 ταῖς
1370 3147 1601 3215 ἀγαθαῖς
1626 3149 1948 3216 νουθεσίαις.

274 3222 348 3274 Οὐ
380 3224 566 3310 τοίνυν
617 3226 679 3276 ἐκ
715 3226 920 3280 τούτων
968 3230 1127 3299 μόνον
1178 3232 1380 3287 ἔστιτὸ
1406 3234 1663 3307 διάφορον
1698 3238 1827 3292 ίδεῖν
1848 3240 1956 3310 ἀμ-

277 3308 522 3381 φοτέρων
543 3308 591 3371 εἰ,
638 3310 775 3364 ἀλλά
812 3314 914 3367 κᾶν
964 3319 1219 3373 ἐκπεσεῖν
1260 3322 1441 3393 συμϐῇ
1484 3324 1578 3376 καὶ
1617 3324 1806 3379 τοῦτον
1850 3308 1952 3381 κά-

276 3398 474 3459 κεῖνον,
505 3395 596 3449 τὸν
633 3398 733 3468 μὲν
778 3401 880 3470 τῆς
909 3403 1131 3476 ἀρετῆς,
1166 3407 1256 3461 τὸν
1293 3409 1349 3461 δὲ
1390 3414 1489 3482 τῆς
1529 3410 1807 3481 βασιλείας
1839 3432 1954 3469 στε-

281 3483 536 3573 ρηθέντα,
567 3485 596 3536 6
636 3486 737 3554 μὲν
768 3489 965 3560 ῥᾳδίως
1010 3492 1076 3545 ἂν
1114 3495 1308 3549 ἐαυτοῦ
1345 3498 1576 3566 γένοιτο,
1611 3502 1706 3554 καὶ
1745 3503 1953 3573 ταχέως

277 3571 364 3624 διὰ
392 3574 698 3659 προσευχῆς
742 3576 837 3629 καὶ
866 3577 1117 3651 δακρύων
1143 3584 1238 3636 καὶ
1276 3584 1503 3648 πένθους
1527 3589 1621 3641 καὶ
1656 3571 1953 3659 θεραπείας

283 3658 514 3747 πτωχῶν
537 3660 633 3723 τὰς
661 3664 933 3733 ἁμαρτίας
958 3668 1415 3742 ἀποτριψάμενος,
1448 3674 1607 3729 πάλιν
1636 3658 1834 3747 ῥᾳδίως
1860 3678 1953 3732 ἐπὶ

279 3746 379 3813 τὴν
426 3748 694 3819 προτέραν
738 3752 913 3825 ἀρχὴν
949 3756 1263 3829 ἀνατρέχει·
1299 3761 1547 3831 βασιλεὺς
1595 3746 1653 3817 δὲ
1683 3746 1954 3821 ἐκπεσὼν

282 3833 493 3887 πολλῶν
533 3838 630 3906 μὲν
663 3838 728 3891 ἂν
768 3840 983 3913 δεηθείη
1026 3848 1345 3917 συμμάχων,
1378 3850 1587 3905 πολλῶν
1632 3852 1689 3906 δὲ
1722 3854 1955 3910 ὁπλιτῶν

285 3923 381 3973 καὶ
421 3922 631 3977 ἱππέων
675 3928 770 3980 καὶ
812 3923 993 3984 ἵππων
1035 3935 1130 3986 καὶ
1174 3936 1471 4007 χρημάτων
1522 3941 1617 3993 καὶ
1661 3942 1953 3996 κινδύνωνο

285 4008 380 4104 καὶ
411 4011 439 4062 6
617 4014 755 4104 ὅλως
798 4019 857 4071 ἐν
884 4020 1088 4092 ἑτέροις
1148 4024 1259 4094 ἕχει
1289 4026 1390 4096 τὴν
1417 4027 1612 4083 ἐλπίδα
1648 4032 1751 4102 τῆς
1782 4050 1960 4104 σωτη-

291 4096 411 4194 ρίας
431 4114 443 4127 ·
540 4098 596 4153 δὲ
618 4105 695 4194 τῇγ
714 4103 965 4178 βουλήσει
992 4112 1084 4164 καὶ
1110 4114 1175 4183 τῇ
1217 4115 1419 4187 σπουδῇ
1453 4116 1548 4170 καὶ
1590 4122 1657 4190 τῇ
1687 4096 1956 4193 μεταϐολῇ

288 4184 386 4276 τῆς
416 4184 641 4258 γνώμης
681 4193 953 4267 ἑπομένην
1000 4199 1108 4263 ἕξει
1148 4200 1245 4272 τὴν
1281 4184 1555 4276 σωτηρίαν
1607 4184 1839 4275 ε’ύθέως·

282 4272 572 4368 ,βασιλεία
593 4282 735 4349 γὰρ,
770 4286 923 4355 φησὶ,
955 4286 1076 4341 τῶν
1111 4290 1383 4358 οὐρανῶν
1412 4272 1586 4362 ἐντὸς
1618 4272 1955 4368 ὑμῶνῨέστι.

290 4361 400 4412 Καὶ
430 4366 546 4460 μὴν
642 4368 869 4460 θάνατος
910 4374 989 4446 τῷ
1022 4377 1121 4448 μὲν
1160 4379 1370 4449 βασιλεῖ
1403 4361 1768 4458 φοϐερὸςίτῷ
1813 4387 1961 4457 φιλο-

293 4454 541 4517 σοφοῦντι
568 4454 624 4507 δὲ
654 4457 858 4525 ἄλυπος
878 4480 889 4491 ·
924 4464 1017 4517 τὸν
1065 4466 1175 4539 γάρ
1208 4454 1560 4542 ὑπερορῶντα
1592 4454 1835 4530 πλούτου-
1866 4478 1961 4532 καὶ

358 4560 384 4640 ξ
407 4559 715 4640 lloislin;
739 4575 1056 4640 r_e_c§e._Edit.
1084 4592 1202 4629 vero
1221 4583 1308 4631 οὐκ
1340 4582 1512 4640 Ὀζίας·

506 4626 514 4635 ⁸
925 4620 1056 4625 _..---
1094 4620 1308 4631 "HV-.."
1356 4620 1473 4639 νη...
1502 4620 1512 4629 -

334 4620 1223 4717 7:;iaig;:;..rﬂ-:‘fsfxeﬁigir€306,601.
1248 4643 1334 4691 τοῦ
1476 4620 1604 4717 ’Μρχ
1768 4653 1864 4702 τῶν
1888 4654 1955 4704 ω’

292 4686 750 4769 αὐῖῶγΛ
762 4686 931 4769 Δξιιαὶξίςς
949 4686 1068 4749 κίνδ.

361 4745 592 4823 Σροίξίίρ.
613 4745 819 4823 πρό-τῶν
839 4745 1040 4823 έδάξρωνζ

358 4803 390 4846 ἀ
408 4808 607 4861 Coislin.
629 4803 879 4881 ἑκατέρωνξ

2027 685 2131 746 λοι,
2178 682 2273 736 καὶ
2323 679 2421 750 τὴν
2465 680 2675 733 ἐνθένδε
2733 676 3062 749 μετάστασιν
3105 675 3319 747 ἀνάγκη
3365 674 3564 748 ῥᾳδίως
3602 674 3700 745 φέ-

2030 790 2163 844 ρειν.
2206 770 2269 824 Εἰ
2297 768 2355 823 δὲ
2392 770 2486 821 καὶ
2526 769 2798 839 σφαγῆναι
2829 765 3018 819 τοῦτον
3063 764 3301 836 συμϐαίη
3358 764 3633 825 κάκεῖνον,
3670 763 3699 816 6

2028 861 2125 931 μὲν
2160 858 2301 929 ὑπὲρ
2352 857 2635 921 εὐσεϐείας
2678 855 3039 912 ἐπισπάσεται
3081 852 3380 915 κινδύνους,
3430 851 3702 906 ἀθάνατον

2026 946 2171 1018 ζωὴν
2207 945 2304 1000 κα)⁵
2331 945 2580 1014 οὐράνιον
2614 944 2703 999 διὰ
2741 944 2974 999 θανάτου
3010 940 3572 1014 πραγματευόμενος·
3608 939 3703 1008 βαο

2029 1036 2207 1098 σιλεὺς
2228 1032 2286 1087 δέ
2307 1033 2567 1104 τύραννον
2591 1031 2702 1097 ἔξει
2730 1034 2941 1101 σφαγέα
2979 1033 3073 1086 καὶ
3094 1032 3193 1103 τῆς
3231 1028 3407 1102 ἀρχῆς
3444 1026 3700 1098 ἐραστήν,

2028 1122 2259 1177 ἐλεεινὸν
2288 1120 2468 1190 θέαμα
2494 1121 2589 1173 καὶ⁵
2615 1120 2786 1190 δεινὸν
2829 1122 2966 1191 μετά
2995 1122 3094 1191 τὴν
3139 1118 3355 1189 σφαγὴν
3382 1119 3702 1185 γινόμενος’

2030 1210 2266 1281 μοναχὸν
2299 1209 2357 1262 δὲ
2410 1208 2536 1263 ίδεῖν
2566 1207 2707 1278 ὑπὲρ
2744 1206 3025 1269 εὐσεϐείας
3070 1206 3412 1277 ἐσφαγμένον
3463 1204 3561 1275 ἡδὺ
3609 1201 3706 1256 καὶ⁸

2032 1304 2296 1373 σωτήριον
2335 1298 2532 1372 θέαμα.
2567 1300 2677 1352 Καὶ
2704 1298 2732 1350 6
2780 1298 2878 1369 μὲν
2923 1299 3048 1361 τοὺς
3078 1296 3311 1367 ἐραστὰς
3342 1296 3453 1349 τῶν
3487 1294 3706 1348 οίκείων

2031 1388 2247 1456 ἀγαθῶν
2280 1388 2373 1442 καὶ
2411 1388 2654 1460 μιμητάς
2700 1385 2808 1451 ἕξει
2852 1387 2948 1440 καὶ
2984 1384 3230 1456 μαθητάς
3281 1383 3509 1445 πολλοὺς
3550 1382 3707 1451 εύχο-

2037 1476 2227 1545 μένους
2261 1475 2410 1541 αὐτῷ
2455 1475 2689 1545 φανῆναι
2725 1473 3141 1546 παραπλησίους
3166 1487 3180 1503 ⁸
3208 1471 3237 1523 6
3286 1470 3341 1524 δὲ
3390 1469 3616 1533 πολλοὺς
3641 1468 3708 1523 ἂν

2035 1562 2092 1614 ἐν
2129 1564 2458 1633 προσευχαῖς
2511 1562 2836 1615 ἀναλώσειεν
2884 1562 3076 1631 λόγους
3129 1560 3382 1631 δεόμενος
3430 1556 3525 1611 τοῦ
3573 1556 3707 1612 Θεοῦ

2039 1647 2246 1719 μηδένα
2279 1651 2511 1718 φανῆναι
2551 1649 2650 1718 τῆς
2696 1648 2970 1718 βασιλείας
2997 1650 3249 1719 ἐραστήν.
3281 1646 3432 1720 [121]
3470 1648 3578 1700 Καὶ
3615 1646 3709 1701 τὸν

2040 1736 2140 1806 μὲν
2172 1734 2348 1799 οὐδεὶς
2386 1736 2451 1788 ἂν
2487 1736 2803 1789 ἀποκτεῖναι
2842 1735 3184 1806 τολμήσειεν,
3209 1736 3289 1798 είς
3313 1737 3404 1788 τὸν
3424 1734 3556 1787 Θεὸν
3578 1735 3711 1788 ἀσε-

2038 1822 2153 1876 ϐεῖν
2176 1821 2496 1894 ἡγούμενος,
2521 1823 2570 1876 εί
2589 1822 2681 1876 τὸν
2701 1821 2939 1875 τοιοῦτον
2966 1822 3147 1875 ἀνέλοι
3165 1838 3180 1852 ο
3198 1821 3274 1891 τῷ
3296 1821 3354 1874 δὲ
3376 1820 3561 1874 πολλοὶ
3577 1836 3714 1889 σφα-

2036 1914 2153 1980 γεῖς
2170 1913 2533 1984 ἐφεστήκασιν
2557 1910 2785 1983 ἐρασταὶ
2810 1910 3137 1982 τυραννίδος.
3158 1910 3355 1982 Διόπερ
3377 1911 3406 1962 6
3428 1908 3525 1978 μὲν
3549 1924 3716 1977 φρου-

2042 2001 2215 2069 ρεῖται
2260 1998 2643 2070 στρατιώταις,
2681 2000 2711 2052 ό
2753 1998 2809 2051 δὲ
2843 1997 3024 2062 πόλεις
3068 1995 3296 2067 τειχίζει
3338 1997 3463 2059 ταῖς
3506 1995 3713 2066 εὐχαῖς,

2037 2089 2227 2144 οὐδένα
2249 2088 2530 2153 δεδοικώςο
2558 2091 2586 2143 6
2611 2088 2667 2141 δὲ
2698 2088 2951 2160 βασιλεὺς
2975 2088 3063 2142 ἀεὶ
3085 2086 3234 2159 φόϐῳ
3260 2086 3393 2158 συζῇ
3424 2085 3519 2139 καὶ
3547 2100 3718 2157 προσ-

2036 2180 2192 2249 δοκία
2251 2180 2499 2251 σφαγῆς·
2535 2180 2564 2232 6
2599 2179 2696 2249 μέν
2720 2177 2829 2249 γάρ
2866 2178 3202 2232 ἐπικίνδυνον
3232 2176 3343 2247 ἔχει
3376 2174 3715 2241 πλεονεξίαν,

2039 2269 2069 2320 ό
2104 2266 2161 2318 δὲ
2190 2266 2404 2336 ἀσφαλῆ
2446 2265 2739 2335 σωτηρίαν.
2774 2266 2909 2336 Περὶ
2962 2266 3058 2336 μὲν
3095 2261 3189 2318 οῦν
3228 2263 3338 2317 τῶν
3383 2265 3441 2317 ἐν
3472 2261 3551 2333 τῷ
3577 2277 3719 2333 παρ-

2041 2354 2157 2408 όντι
2213 2354 2313 2423 βίῳ
2354 2353 2698 2424 πραγμάτων
2753 2353 2955 2417 ἱκανῶς
3000 2352 3253 2425 είρῆσθαί
3293 2369 3384 2423 μοι
3433 2351 3599 2405 δοκεῖ.
3652 2350 3720 2404 El

2043 2439 2102 2494 δὲ
2136 2441 2233 2494 καὶ
2268 2440 2359 2494 τὸν
2387 2439 2575 2509 ἀγῶνα
2596 2440 2686 2493 τὸν
2711 2439 2973 2512 μέλλοντα
2995 2440 3389 2512 βουληθείημεν
3421 2436 3720 2507 ἐξετάζειν,

2043 2529 2134 2583 τὸν
2168 2529 2267 2599 μὲν
2287 2528 2527 2600 ὀψόμεθα
2547 2529 2799 2601 λαμπρὸν
2824 2529 2920 2584 καί⁵
2949 2529 3308 2602 περίϐλεπτον
3341 2526 3722 2601 ἁρπαζόμενον

2044 2618 2101 2670 ἐν
2123 2617 2372 2687 νεφέλαις
2396 2619 2477 2682 είς
2504 2618 2811 2690 ἀπάντησιν
2837 2617 2930 2671 τοῦ
2954 2617 3157 2689 Κυρίου
3180 2619 3259 2678 είς
3279 2617 3438 2688 ἀέρα,
3462 2614 3605 2669 κατά
3626 2614 3721 2670 τὸν

2044 2705 2287 2776 ἡγεμόνα
2332 2705 2427 2759 καὶ
2473 2704 2767 2777 παιδευτὴν
2796 2704 2891 2759 τοῦ
2921 2705 3185 2779 σωτηρίου
3238 2704 3430 2760 τούτου
3465 2704 3582 2776 βίου
3624 2703 3723 2758 καὶ

2048 2792 2228 2863 πάσης
2266 2793 2468 2864 ἀρετῆς
2495 2810 2508 2824 ο
2538 2795 2568 2847 6
2605 2793 2664 2847 δὲ
2699 2792 2973 2864 βασιλεὺς,
3006 2794 3102 2847 ἐὰν
3150 2793 3250 2864 μὲν
3276 2791 3504 2857 δικαίως
3527 2790 3722 2863 φανείη

2046 2882 2143 2935 καὶ
2186 2881 2581 2954 φιλανθρώπως
2614 2883 2893 2955 διοικήσας
2933 2882 3034 2954 τὴν
3068 2882 3244 2955 ἀρχὴν
3277 2881 3438 2953 (πολὺ
3471 2881 3531 2936 δέ
3565 2880 3724 2939 τοῦτο

2051 2966 2319 3039 σπάνιον),
2359 2968 2638 3033 ἐλάττονος
2674 2969 2829 3024 ἔσται
2872 2970 3145 3042 σωτηρίας
3182 2986 3244 3023 τε
3281 2971 3378 3025 καὶ
3417 2968 3621 3041 τιμῆς·
3659 2969 3726 3022 οὔ

2050 3054 2160 3125 γάρ
2204 3054 2337 3119 ἴσον,
2374 3056 2474 3109 ούκ
2522 3056 2636 3110 ἴσον
2677 3056 2930 3127 βασιλεύς
2979 3074 3040 3110 τε
3070 3056 3306 3129 χρηστὸς
3346 3057 3441 3111 καὶ
3493 3055 3727 3127 μοναχὸς

2054 3140 2238 3213 ἄκρως
2266 3145 2331 3214 τῇ
2367 3142 2462 3197 τοῦ
2495 3142 2632 3197 Θεοῦ
2662 3144 2886 3217 λατρεία
2915 3145 3109 3211 συζῶν.
3143 3145 3207 3199 EE
3232 3145 3290 3199 δὲ
3331 3144 3526 3215 φανείη
3560 3161 3729 3218 πονηο

2056 3230 2149 3302 ρὸς
2194 3232 2288 3285 καὶ
2328 3232 2538 3295 σκαιὸς,
2576 3231 2785 3286 πολλῶν
2822 3233 3006 3287 κακῶν
3044 3233 3418 3305 ἐμπεπληκώς
3457 3233 3559 3304 τὴν
3594 3233 3725 3303 γῆν,

2054 3319 2137 3383 τίς
2181 3319 2247 3374 ἂν
2294 3322 2466 3374 εἰπεῖν
2507 3321 2760 3392 δυνηθείη
2817 3322 2917 3386 τὰς
2966 3322 3251 3394 συμφορὰς
3293 3318 3381 3387 αἷς
3427 3323 3727 3394 ὀφθήσεται

2054 3406 2427 3478 συνεχόμενος,
2449 3409 2583 3476 πυρὶ
2616 3409 2921 3479 καιόμενος,
2947 3409 3405 3480 μαστιγούμενος,
3440 3408 3730 3481 στρεϐλού⁸

2056 3510 2250 3562 μενος,
2310 3493 2533 3548 τοιαῦτα
2573 3496 2798 3566 πάσχων
2842 3496 2986 3568 άπερ
3031 3496 3155 3550 οὔτε
3203 3496 3347 3570 λόγῳ
3396 3498 3557 3571 ρητά,
3603 3497 3729 3553 ούδέ

2054 3584 2199 3656 ἔργῳ
2242 3587 2454 3657 φορητά
2477 3604 2492 3653 ;
2518 3586 2705 3641 Ταῦτα
2734 3587 2912 3641 πάντα
2934 3586 3015 3641 δεῖ
3054 3587 3433 3660 λογιζομένους
3460 3588 3555 3643 καὶ
3591 3605 3729 3660 μαν-

2054 3673 2335 3737 θάνοντας,
2366 3674 2441 3745 μὴ
2464 3676 2592 3739 τοὺς
2630 3676 2997 3740 πλουτοῦντας
3032 3676 3363 3750 θαυμάζειν·
3399 3680 3429 3733 6
3460 3678 3570 3752 γὰρ
3601 3678 3731 3733 τού-

2052 3775 2164 3812 των
2196 3760 2464 3827 δεσπότης
2491 3762 2769 3834 πεφηνὼς,
2792 3764 2913 3818 οὐδὲ
2946 3764 3087 3819 κατά
3124 3766 3319 3838 μικρὸν
3357 3767 3525 3835 ἐγγὺς
3552 3768 3733 3827 ἐλθεῖν

2054 3847 2277 3902 δύναται
2315 3851 2415 3921 τῆς
2442 3850 2537 3903 τοῦ
2570 3851 2804 3922 μοναχοῦ
2839 3854 3057 3925 ἀρετῆς.
3090 3854 3257 3907 Ὅταν
3295 3849 3387 3907 οὖν
3415 3854 3530 3926 ἴδῃς
3565 3856 3731 3911 πλού-

2059 3952 2173 3989 σιον
2212 3937 2399 4008 ἐσθῆτι
2432 3939 2861 4009 κεκοσμημένον,
2903 3938 3090 4010 χρυσῷ
3126 3940 3620 4013 καλλωπιζόμενον,
3639 3944 3733 4005 ἐπ’

2058 4022 2352 4094 ὀχημάτων
2383 4026 2699 4098 φερόμενον,
2727 4026 2940 4091 ἐξόδους
2970 4027 3181 4094 ἐξιόντα
3203 4028 3486 4101 λαμπρὰς,
3519 4032 3593 4104 μὴ
3625 4050 3731 4104 μα-

2061 4114 2295 4183 καρίσῃς
2323 4110 2416 4167 τὸν
2444 4113 2754 4184 ἄνθρωπον·
2786 4114 3123 4187 πρόσκαιρος
3158 4117 3268 4189 γάρ
3297 4118 3326 4169 6
3360 4119 3611 4188 πλοῦτος,
3636 4123 3735 4178 καὶ

2059 4198 2122 4254 τὸ
2147 4199 2335 4253 δοκοῦν
2356 4196 2491 4254 εῖναι
2518 4202 2682 4255 καλὸν
2701 4201 2780 4273 τῷ
2802 4202 2904 4274 βίῳ
2923 4203 3098 4275 τούτῳ
3123 4206 3615 4279 συνδιαφθείρεται·
3643 4227 3733 4282 μο-

2061 4287 2221 4358 ναχὸν
2248 4288 2305 4341 δέ
2335 4288 2455 4342 ίδὼν
2487 4289 2774 4360 βαδίζοντα
2813 4291 2993 4363 μόνον,
3025 4295 3275 4349 ταπεινὸν
3300 4295 3396 4349 καὶ
3428 4299 3603 4369 πρᾶον
3636 4299 3739 4355 καὶ

2059 4376 2285 4446 ἡσύχιον
2318 4379 2411 4431 καὶ
2438 4378 2670 4451 ἥμερον,
2703 4378 2942 4452 ζήλωσον
2974 4382 3065 4435 τὸν
3090 4382 3279 4456 ἄνδρα,
3316 4384 3518 4457 φάνηθι
3557 4403 3732 4459 μιμη-

2060 4464 2161 4534 τὴς
2186 4464 2287 4534 τῆς
2326 4465 2537 4520 ἐκείνου
2582 4468 2918 4537 φιλοσοφίας,
2956 4465 3109 4534 εὖξαι
3136 4471 3389 4539 γενέσθαι
3430 4473 3510 4544 τῷ
3537 4474 3734 4547 δικαίῳ

2064 4552 2443 4624 παραπλήσιος
2468 4571 2483 4585 ο
2506 4556 2728 4610 Αἰτεῖτε
2745 4555 2873 4628 γάρ,
2899 4558 3055 4628 φησὶ,
3101 4558 3199 4613 καὶ
3227 4558 3547 4629 δοθήσεται
3568 4562 3732 4634 ὑμῖν.

2066 4639 2251 4694 Ταῦτα
2274 4642 2384 4714 γὰρ
2419 4644 2496 4707 ὡς
2533 4644 2746 4715 ἀληθῶς
2791 4644 2932 4698 καλὰ
2958 4648 3054 4700 καὶ
3099 4649 3341 4720 σωτήρια
3372 4649 3468 4703 καὶ
3508 4650 3732 4723 μόνιμα,

2065 4727 2153 4781 διὰ
2182 4729 2282 4801 τὴν
2309 4731 2402 4784 τοῦ
2445 4732 2680 4803 Χριστοῦ
2720 4731 3130 4805 φιλανθρωπίαν
3172 4737 3266 4789 καὶ
3304 4738 3593 4808 πρόνοιαν
3621 4732 3664 4806 ᾧ
3695 4740 3732 4811 ἡ

2067 4814 2193 4882 δόξα
2227 4820 2317 4873 καὶ
2340 4820 2397 4873 τὸ
2416 4820 2615 4891 κράτος
2645 4820 2726 4883 είς
2750 4821 2877 4885 τοὺς
2897 4820 3098 4887 αίῶνας
3123 4823 3232 4877 τῶν
3262 4823 3493 4880 αίὼνων.
3540 4826 3731 4899 Ἀμήν.
