4532 6722
849 577 976 640 391⁸

1837 563 1903 620 IN
1942 564 2127 621 DUOS
2166 563 2256 618 DE
2293 557 2832 616 COMPUNCTIONE
2869 561 3112 619 LIBROS

3956 569 4090 628 392'

862 803 4070 835 —_—_—_—————————-—_—~————c—_

1326 1191 1448 1281 IN
1526 1187 1840 1283 DUOS
1914 1189 2065 1279 DE
2145 1186 3092 1282 COMPUNCTIONE
3182 1190 3609 1284 LIBROS

2127 1482 2940 1603 ADMONlT-IO

936 2136 1057 2204 Quo
1083 2143 1326 2204 tempore
1359 2132 1528 2186 libros
1556 2125 1720 2185 hosce
1745 2127 1904 2192 duos,
1933 2138 2166 2197 quorum
2195 2123 2344 2194 prior
2374 2125 2441 2178 ad

870 2245 1219 2309 Demetrium,
1250 2242 1386 2297 alter
1417 2240 1485 2294 ad
1519 2238 1836 2293 Steleehium
1859 2234 2198 2298 inscribitur,
2219 2233 2447 2288 ediderit

869 2353 1313 2424 Cbrysostomus,
1346 2348 1473 2419 ipse
1509 2344 1822 2402 subindicat
1849 2343 1944 2399 lib.
1981 2358 2021 2408 ι,
2058 2357 2211 2397 num.
2244 2342 2298 2407 6,
2347 2340 2443 2394 ubi

869 2468 945 2519 ait
974 2483 987 2518 :
1023 2466 1150 2517 Ὅτε
1175 2462 1286 2532 γὰρ
1307 2459 1498 2531 πρώην
1526 2457 1637 2526 ἐγὼ
1666 2455 1946 2524 ἐγνώκειν,
1970 2454 2248 2526 τὴνσπόλιν
2265 2452 2442 2521 ἀφεὶς,

872 2574 964 2627 ἐπὶ
995 2572 1092 2636 τὰς
1111 2571 1312 2642 σκηνὰς
1338 2569 1446 2622 τῶν
1478 2566 1726 2638 μοναχῶν
1754 2564 1946 2629 ἐλθεῖν,
1963 2572 2092 2628 etc.,
2126 2561 2257 2618 Cum
2281 2576 2444 2630 nuper

870 2699 963 2752 ego
985 2681 1347 2744 decrevissem,
1371 2677 1557 2731 relicta
1587 2677 1734 2742 urbe,
1774 2674 1843 2727 ad
1885 2672 2226 2728 tabernacula
2266 2687 2450 2724 mona-

871 2789 1085 2842 chorum
1133 2786 1392 2852 accedere,
1442 2784 1669 2838 sollicite
1703 2782 1999 2854 quwrebam
2029 2792 2077 2836 et
2111 2780 2448 2846 sciscitabar,

871 2896 1134 2951 undenam
1185 2895 1600 2950 necessariorum
1659 2902 1978 2946 commeatus
2034 2891 2320 2961 adfuturus
2373 2907 2454 2944 es-

877 3016 978 3073 set,
1011 3016 1115 3062 etc.
1137 3007 1274 3061 Cum
1305 3006 1469 3076 igitur
1491 3005 1608 3060 haec
1654 3004 1892 3075 scripsit,
1933 3017 2108 3074 nuper
2140 3003 2208 3056 ad
2261 3016 2456 3056 mona-

874 3116 1042 3172 steria
1073 3122 1376 3170 secesserat
1412 3130 1424 3166 :
1455 3113 1679 3169 secessit
1704 3122 1888 3168 autem
1922 3127 2067 3166 anno
2089 3111 2195 3166 574
2218 3110 2302 3164 vel
2329 3108 2452 3164 575.

877 3224 1032 3283 Unde
1065 3225 1312 3296 sequitur
1342 3239 1486 3279 anno
1513 3223 1639 3289 575,
1676 3223 1759 3278 vel
1785 3221 1851 3276 ad
1883 3236 2156 3276 summum
2190 3219 2315 3285 576,
2340 3219 2456 3289 pri-

875 3354 1025 3395 mum
1056 3337 1246 3393 saltem
1273 3335 1342 3388 ad
1370 3334 1698 3388 Demetrium
1732 3333 1932 3387 librum
1964 3332 2225 3386 emissum
2257 3329 2450 3399 fuisse;

877 3463 1004 3502 nam
1028 3446 1074 3500 si
1099 3444 1328 3498 ulterius
1363 3452 1574 3513 tempus
1601 3441 2070 3510 consignaremus,
2102 3454 2209 3494 vox
2237 3437 2451 3509 πρώην,

880 3574 1064 3628 nuper,
1087 3557 1357 3626 quadrare
1385 3570 1493 3609 non
1531 3567 1694 3623 posse
1725 3552 2020 3606 videretur.

907 3722 916 3731 ,
950 3665 1354 3729 Tillemontius,
1387 3667 1478 3733 qui
1509 3663 1673 3716 allato
1711 3671 1874 3730 supra
1917 3661 2039 3716 loco
2070 3675 2179 3715 non
2209 3666 2295 3714 sat
2336 3657 2454 3713 ani-

880 3791 1030 3833 mum
1074 3773 1390 3829 adhibuisse
1432 3771 1666 3838 videtur,
1701 3771 1903 3841 quique
1933 3785 2120 3825 vocem
2153 3785 2318 3839 nuper
2348 3784 2459 3823 non

884 3887 1134 3950 advertit,
1170 3894 1377 3938 tantam
1430 3892 1620 3937 contra
1680 3882 1825 3936 hunc
1886 3881 2143 3952 temporis
2191 3881 2460 3936 calculum

885 3996 1250 4053 diliicultatem
1295 3993 1585 4059 observare
1630 4005 1689 4046 se
1718 3999 1890 4061 putat,
1929 3988 2080 4062 [122]
2123 3997 2182 4042 ut
2209 4003 2344 4058 pene
2369 3989 2464 4042 ab-

888 4107 1087 4160 ductus
1129 4105 1185 4157 in
1233 4101 1393 4155 aliam
1440 4100 1765 4156 sententiam
1815 4099 2067 4153 declinet.
2122 4097 2254 4166 Ejus
2298 4098 2463 4151 verba

890 4221 1020 4269 sunt
1048 4212 1125 4282 (tt)
1154 4227 1169 4262 :
1201 4228 1220 4261 ι
1255 4209 1452 4263 Libros
1493 4209 1558 4261 de
1607 4207 2001 4276 compunctione
2033 4206 2172 4260 inter
2197 4221 2294 4260 eos
2323 4220 2461 4275 quos

890 4316 1312 4388 Clirysostomus
1348 4314 1402 4368 in
1458 4313 1748 4368 solitudine
1806 4313 1972 4367 edidit
2021 4313 2355 4382 reponimus,
2403 4324 2462 4367 ut

889 4440 986 4480 eos
1001 4425 1094 4496 qui
1124 4440 1224 4480 nos
1243 4437 1566 4495 praecessere
1587 4437 1900 4492 sequamur,
1930 4437 2122 4492 nempe
2141 4423 2456 4488 Baronium,

893 4533 1265 4589 Hermantium
1293 4540 1348 4586 et
1375 4530 1688 4599 Dupinium.
1718 4528 1904 4599 Neque
1947 4540 2126 4586 tamen
2158 4547 2268 4602 quo
2298 4549 2460 4601 argu-

896 4653 1083 4699 mento
1111 4641 1259 4696 ducti
1293 4640 1345 4694 id
1381 4639 1667 4694 statuerint
1704 4647 1787 4692 sat
1818 4640 2206 4707 perspicimus;
2234 4642 2343 4696 imo
2381 4644 2466 4695 vi-

897 4755 1055 4808 detur
1084 4751 1199 4804 haec
1249 4747 1493 4803 scribens
1525 4745 1947 4809 Chrysostomus
1992 4760 2050 4799 se
2091 4745 2466 4815 presbyterum

896 4861 1159 4932 proﬁteri,
1209 4872 1333 4912 cum
1367 4855 1438 4910 ait
1471 4873 1485 4908 :
1518 4851 1630 4906 Nos
1671 4861 1846 4906 autem
1889 4868 1999 4920 pra:
2043 4853 2190 4905 inani
2221 4852 2394 4922 gloria
2423 4865 2471 4909 et

899 4967 1132 5021 absurda
1161 4964 1443 5016 ambitione
1476 4962 1569 5014 hoc
1619 4961 1742 5013 item
1784 4969 2101 5030 praeceptum
2148 4977 2356 5030 pessum
2387 4965 2472 5018 de-

909 5079 1124 5141 dimus,
1174 5074 1299 5127 dum
1351 5081 1714 5139 corruptores,
1770 5072 2083 5139 incredulos,
2142 5074 2475 5144 hominesque

902 5185 1159 5242 sexcentis
1191 5181 1330 5236 vitiis
1352 5187 1563 5233 onustos
1593 5187 1779 5233 temere
1799 5188 1847 5231 et
1869 5181 1979 5232 sine
1994 5183 2233 5233 examine
2267 5183 2337 5234 ad
2362 5200 2474 5252 my-

905 5295 1183 5349 steriorum
1224 5289 1684 5360 participationem
1721 5285 2071 5350 admittimus,
2117 5299 2162 5340 et
2191 5299 2471 5358 antequam

909 5414 1216 5458 accuratam
1249 5401 1433 5454 mentis
1463 5396 1826 5463 sententiwque
1853 5411 1964 5448 sua:
1995 5398 2358 5463 probationem
2386 5402 2474 5453 de-

908 5513 1105 5577 derint,
1154 5513 1327 5565 omnia
1378 5510 1487 5562 illis
1545 5509 1796 5576 dogmata
1861 5505 2172 5573 revelamus,
2213 5517 2317 5564 etc.
2349 5513 2475 5568 Scio

911 5619 1103 5690 utique
1127 5617 1216 5672 hic
1247 5616 1539 5687 generatim
1567 5615 1633 5668 de
1666 5615 1730 5669 iis
1765 5630 1882 5685 quae
1918 5615 1972 5670 in
2003 5614 2244 5673 Ecclesia
2272 5622 2474 5691 passim

983 5827 1061 5900 (α)
1091 5827 1214 5886 Not.
1247 5830 1279 5884 9
1311 5830 1365 5883 in
1399 5826 1837 5898 Chrysostommn.

2545 2119 2970 2183 admittebantur
2994 2127 3150 2184 malis
3183 2125 3268 2198 agi
3299 2145 3312 2182 :
3346 2141 3532 2183 verum
3573 2142 3642 2183 an
3674 2128 3841 2184 lector
3874 2129 3958 2185 vel
3989 2146 4112 2188 mo-

2545 2233 2752 2290 nachus
2782 2236 2856 2290 ita
2886 2237 3179 2308 loquatur?
3210 2237 3556 2293 Hermantius
3573 2249 3721 2294 certe
3751 2241 3871 2297 ideo
3895 2252 4114 2298 senten-

2548 2343 2676 2398 tiam
2706 2347 2958 2411 mutavit,
2979 2357 3175 2417 putans
3198 2347 3310 2403 haec
3328 2347 3612 2418 scripsisse
3641 2359 3888 2405 sanctum
3911 2352 4112 2415 virum.

2547 2467 2672 2507 cum
2706 2455 2966 2524 populum
3002 2456 3213 2526 publice
3243 2459 3474 2525 doceret,
3506 2457 3544 2514 i.
3574 2473 3624 2514 e.
3652 2475 3775 2515 cum
3811 2461 3923 2531 jam
3961 2478 4117 2533 pres-

2548 2560 2703 2633 byter
2735 2572 2897 2618 esset.
2932 2582 2952 2615 ι

2615 2669 2889 2729 Hactenus
2938 2673 3336 2744 Tillemontius,
3365 2678 3459 2748 qui
3505 2678 3634 2734 dum
3667 2680 3743 2734 ait
3771 2680 4017 2750 ignorare
4058 2697 4119 2736 se

2552 2796 2661 2851 quo
2690 2793 3008 2852 argumento
3029 2784 3177 2840 ducti
3196 2785 3463 2842 Baronius
3484 2795 3538 2842 et
3559 2787 3648 2841 alii
3672 2786 4116 2859 Chrysostomum

2554 2891 2669 2946 haec
2698 2892 2981 2961 scripsisse
3015 2903 3204 2963 putent
3231 2896 3284 2949 in
3333 2912 3547 2952 secessu
3584 2905 3634 2953 et
3661 2898 3969 2962 solitudine,
4003 2899 4121 2952 haec

2555 3002 2927 3072 Chrysostoml
2957 3005 3142 3070 verba,
3181 3005 3314 3060 Cum
3347 3024 3508 3076 nuper
3533 3025 3624 3078 ego
3667 3008 4002 3061 decrevissem
4039 3024 4124 3061 re-

2555 3107 2683 3163 licta
2708 3111 2831 3165 urbe
2855 3113 2927 3165 ad
2948 3111 3289 3166 tabernacula
3326 3118 3696 3169 monachorum
3722 3117 3981 3181 accedere,
4010 3131 4124 3170 non

2556 3222 2855 3277 advenisse
2878 3238 2935 3277 se
2956 3224 3137 3295 arguit
3163 3241 3175 3277 :
3203 3240 3326 3278 nam
3350 3225 3465 3280 luce
3495 3225 3692 3280 clarius
3712 3226 3918 3280 videtur
3942 3227 4122 3296 ipsum

2556 3332 2722 3403 paulo
2755 3344 2880 3403 post
2905 3351 3070 3404 quam
3101 3336 3205 3391 hoc
3247 3337 3572 3401 decreverat,
3601 3338 3714 3393 hazc
3743 3339 4042 3408 scripsisse,
4071 3349 4128 3394 et

2558 3445 2776 3514 quidem
2808 3447 2938 3502 dum
2972 3447 3027 3502 in
3059 3463 3276 3504 secessu
3307 3449 3540 3519 degeret,
3574 3460 3634 3504 ut
3664 3461 3769 3504 tam
3797 3466 3859 3505 ex
3891 3451 3974 3505 bis
4004 3466 4128 3505 ver-

2464 3557 2496 3630 52;
2558 3559 2644 3615 bis
2688 3575 2852 3630 quam
2904 3575 2970 3615 ex
3024 3561 3372 3630 sequentibus
3415 3563 3814 3631 comprobatur.
3847 3562 3942 3616 Illa
3993 3579 4126 3618 vero

2561 3685 2725 3741 quam
2747 3686 2812 3724 ex
2844 3669 3157 3724 Hermantio
3189 3670 3342 3725 aﬂ‘ert
3392 3670 3696 3737 dillicultas,
3730 3670 3925 3725 nedum
3954 3676 4129 3741 possit

2561 3790 2672 3835 tam
2729 3789 2970 3850 apertum
3007 3781 3376 3837 testimonium
3413 3792 3672 3845 evertere,
3705 3782 3850 3836 nulla
3895 3799 4126 3852 prorsus

2563 3898 2666 3942 est.
2695 3886 2829 3941 Nam
2875 3903 2997 3943 cum
3033 3888 3145 3943 ait:
3175 3887 3288 3942 Nos
3336 3900 3508 3944 autem
3533 3906 3643 3959 pra:
3679 3891 3824 3942 inani
3866 3890 4034 3959 gloria
4077 3902 4130 3946 et

2565 3996 2794 4050 absurda
2823 3997 3104 4050 ambitione
3134 3999 3229 4050 hoc
3255 3999 3378 4051 item
3407 4008 3724 4066 praeceptum
3749 4013 3950 4066 pessum
3982 4000 4130 4053 dedi-

2566 4124 2704 4172 mus,
2737 4108 2862 4158 dum
2895 4117 3248 4175 corruptores,
3291 4103 3613 4167 incredulos,
3640 4103 3968 4174 hominesque
4006 4122 4129 4160 sea:-

2562 4216 2722 4269 centis
2748 4214 2888 4268 vitiis
2917 4224 3133 4268 onustos
3168 4223 3354 4266 temere
3387 4222 3435 4264 et
3462 4212 3572 4263 sine
3593 4213 3832 4265 examine
3852 4215 3917 4266 ad
3942 4226 4133 4283 myste-

2561 4327 2762 4380 riorum
2807 4325 3268 4394 participationem
3324 4322 3683 4385 admittimus,
3741 4331 3789 4376 et
3850 4334 4131 4394 antequam

2562 4443 2872 4486 accuratam
2896 4433 3082 4484 mentis
3115 4429 3485 4496 sententiaque
3528 4445 3636 4482 sua:
3664 4431 4018 4497 probationem
4039 4436 4134 4486 de-

2563 4542 2758 4602 derint,
2781 4540 2956 4591 omnia
2982 4539 3089 4592 illis
3113 4539 3362 4606 dogmata
3395 4539 3715 4605 revelamus;
3746 4558 3806 4594 ac
3829 4543 3945 4597 licet
3974 4525 4135 4597 vesti-

2575 4649 2696 4702 bula
2737 4649 2966 4702 nondum
2989 4647 3158 4700 videre
3174 4648 3456 4715 potuerint,
3485 4650 3754 4719 confestim
3781 4669 3866 4707 eos
3897 4654 3949 4705 in
3971 4652 4132 4720 adyta

2576 4759 2836 4822 ducimus,
2879 4768 2983 4812 etc.
3017 4775 3029 4810 :
3059 4771 3184 4810 cum
3230 4757 3341 4810 haec
3391 4757 3486 4823 ait,
3529 4759 3771 4828 inquam,
3821 4761 4133 4827 neutiquam

2577 4887 2634 4925 se
2659 4870 2907 4924 sociosve
2930 4881 3060 4920 suos
3077 4866 3416 4935 presbyteros
3447 4869 3548 4923 sub
3571 4869 3826 4924 Flaviano
3856 4867 4133 4937 quidpiam

2570 4976 2750 5030 simile
2779 4972 3070 5027 admisisse
3116 4973 3452 5036 testilicatur,
3485 4983 3546 5028 ut
3590 4989 3748 5028 nemo
3777 4988 3881 5026 non
3932 4971 4132 5029 videat.

2571 5081 2664 5137 sed
2696 5078 2949 5132 familiari
2998 5077 3100 5131 sibi
3131 5088 3284 5148 tropo
3328 5096 3617 5149 personam
3662 5080 3774 5148 agit
3820 5091 4006 5130 eorum
4039 5077 4133 5144 qui

2573 5191 2703 5244 talia
2763 5187 3128 5241 admitterent.
3193 5189 3333 5244 Nihil
3391 5192 3537 5245 enim
3603 5185 3936 5256 frequentius
3991 5185 4132 5254 apuJ

2579 5299 3030 5368 Cltrysostomum
3079 5315 3237 5368 quam
3267 5302 3410 5371 quod
3455 5315 3664 5362 eorum,
3711 5297 3777 5350 de
3811 5294 4003 5364 quibus
4053 5295 4136 5348 vel

2574 5425 2806 5481 quorum
2841 5424 3003 5463 causa
3031 5410 3266 5477 disserit,
3297 5426 3581 5482 personam
3617 5417 3740 5478 agat
3771 5406 4136 5472 sacerdotum,

2574 5524 3305 5596 presbyterorum,etiamque
3321 5539 3427 5578 non
3449 5535 3573 5576 raro
3595 5517 4023 5588 conjugatorum.
4047 5518 4140 5574 Sic

2574 5639 2710 5694 libro
2732 5636 2800 5691 ad
2844 5637 3292 5708 patremfﬁdelem,
3314 5648 3461 5692 num.
3486 5632 3537 5696 .l,
3563 5639 3839 5703 postquam
3869 5635 4136 5706 probavit,
