  <div class='ocr_page' id='page_1' title='image "/cluster/home/n/w/nwhite01/storage/ocr_20150623/47/hvd.32044025239690/354.png"; bbox 0 0 4532 6722; ppageno 0'>
   <div class='ocr_carea' id='block_1_1' title="bbox 1307 617 2816 685">
    <p class='ocr_par' dir='ltr' id='par_1_1' title="bbox 1307 617 2816 685">
     <span class='ocr_line' id='line_1_1' title="bbox 1307 617 2816 685; baseline -0.007 -3"><span class='ocrx_word' id='word_1_1' title='bbox 1307 625 1394 682; x_wconf 82' lang='lat' dir='ltr'><strong>DE</strong></span> <span class='ocrx_word' id='word_1_2' title='bbox 1428 619 1980 685; x_wconf 70' lang='lat' dir='ltr'><strong>COMPCNCTIONE,</strong></span> <span class='ocrx_word' id='word_1_3' title='bbox 2021 621 2111 676; x_wconf 76' lang='lat' dir='ltr'><strong>AD</strong></span> <span class='ocrx_word' id='word_1_4' title='bbox 2149 618 2559 676; x_wconf 67' lang='lat' dir='ltr'><strong>DEMETRIUM</strong></span> <span class='ocrx_word' id='word_1_5' title='bbox 2607 617 2734 673; x_wconf 84' lang='lat' dir='ltr'><strong>LIB.</strong></span> <span class='ocrx_word' id='word_1_6' title='bbox 2777 617 2816 672; x_wconf 92' lang='grc' dir='ltr'><strong>ι.</strong></span> 
     </span>
    </p>
   </div>
   <div class='ocr_carea' id='block_1_2' title="bbox 3585 617 3690 672">
    <p class='ocr_par' dir='ltr' id='par_1_2' title="bbox 3585 617 3690 672">
     <span class='ocr_line' id='line_1_2' title="bbox 3585 617 3690 672; baseline 0 0"><span class='ocrx_word' id='word_1_7' title='bbox 3585 617 3690 672; x_wconf 74' lang='grc'><strong>394</strong></span> 
     </span>
    </p>
   </div>
   <div class='ocr_carea' id='block_1_3' title="bbox 493 832 3641 889">
    <p class='ocr_par' dir='ltr' id='par_1_3' title="bbox 497 836 3637 885">
     <span class='ocr_line' id='line_1_3' title="bbox 497 836 3637 885; baseline -0.005 -2"><span class='ocrx_word' id='word_1_8' title='bbox 2373 848 2625 861; x_wconf 83' lang='lat'><strong>--—-</strong></span> <span class='ocrx_word' id='word_1_9' title='bbox 2728 849 3020 859; x_wconf 51' lang='grc' dir='ltr'><strong>ς--ιμ</strong></span> <span class='ocrx_word' id='word_1_10' title='bbox 3217 848 3355 858; x_wconf 76' lang='lat'><strong>-—-———</strong></span> 
     </span>
     <span class='ocr_line' id='line_1_4' title="bbox 518 862 981 871; baseline -0.006 -2"><span class='ocrx_word' id='word_1_11' title='bbox 518 862 981 871; x_wconf 67' lang='lat'><strong>__._.__._.._.</strong></span> 
     </span>
    </p>
   </div>
   <div class='ocr_carea' id='block_1_4' title="bbox 986 1683 3121 1899">
    <p class='ocr_par' dir='ltr' id='par_1_4' title="bbox 986 1683 3121 1899">
     <span class='ocr_line' id='line_1_5' title="bbox 986 1683 3121 1899; baseline -0.006 0"><span class='ocrx_word' id='word_1_12' title='bbox 986 1693 1340 1899; x_wconf 87' lang='lat' dir='ltr'><strong>AD</strong></span> <span class='ocrx_word' id='word_1_13' title='bbox 1495 1683 3121 1898; x_wconf 79' lang='lat' dir='ltr'><strong>DEMETBIUM</strong></span> 
     </span>
    </p>
   </div>
   <div class='ocr_carea' id='block_1_5' title="bbox 1650 2447 2468 2569">
    <p class='ocr_par' dir='ltr' id='par_1_5' title="bbox 1650 2447 2468 2569">
     <span class='ocr_line' id='line_1_6' title="bbox 1650 2447 2468 2569; baseline -0.009 -3"><span class='ocrx_word' id='word_1_14' title='bbox 1650 2447 2468 2569; x_wconf 85' lang='lat' dir='ltr'><strong>MONACHUM</strong></span> 
     </span>
    </p>
   </div>
   <div class='ocr_carea' id='block_1_6' title="bbox 1377 2993 2742 3097">
    <p class='ocr_par' dir='ltr' id='par_1_6' title="bbox 1377 2993 2742 3097">
     <span class='ocr_line' id='line_1_7' title="bbox 1377 2993 2742 3097; baseline -0.009 1"><span class='ocrx_word' id='word_1_15' title='bbox 1377 3007 1538 3096; x_wconf 91' lang='lat' dir='ltr'><strong>DE</strong></span> <span class='ocrx_word' id='word_1_16' title='bbox 1629 2993 2742 3097; x_wconf 81' lang='lat' dir='ltr'><strong>COMPUNCTIONE</strong></span> 
     </span>
    </p>
   </div>
   <div class='ocr_carea' id='block_1_7' title="bbox 1761 3589 2424 3658">
    <p class='ocr_par' dir='ltr' id='par_1_7' title="bbox 1761 3589 2424 3658">
     <span class='ocr_line' id='line_1_8' title="bbox 1761 3589 2424 3658; baseline -0.011 0"><span class='ocrx_word' id='word_1_17' title='bbox 1761 3593 1996 3658; x_wconf 76' lang='lat' dir='ltr'><strong>LIBER</strong></span> <span class='ocrx_word' id='word_1_18' title='bbox 2039 3589 2337 3656; x_wconf 71' lang='lat' dir='ltr'><strong>PRIMUS</strong></span> <span class='ocrx_word' id='word_1_19' title='bbox 2381 3590 2424 3650; x_wconf 81' lang='lat'><strong>&#39;.</strong></span> 
     </span>
    </p>
   </div>
   <div class='ocr_carea' id='block_1_8' title="bbox 509 4788 2006 4857">
    <p class='ocr_par' dir='ltr' id='par_1_8' title="bbox 509 4788 2006 4857">
     <span class='ocr_line' id='line_1_9' title="bbox 509 4788 2006 4857; baseline -0.001 -13"><span class='ocrx_word' id='word_1_20' title='bbox 509 4791 558 4844; x_wconf 82' lang='lat' dir='ltr'><strong>l.</strong></span> <span class='ocrx_word' id='word_1_21' title='bbox 597 4788 726 4843; x_wconf 88' lang='lat' dir='ltr'><strong>Cum</strong></span> <span class='ocrx_word' id='word_1_22' title='bbox 759 4797 808 4842; x_wconf 89' lang='lat' dir='ltr'><strong>te</strong></span> <span class='ocrx_word' id='word_1_23' title='bbox 834 4788 987 4844; x_wconf 71' lang='lat' dir='ltr'><strong>video</strong></span> <span class='ocrx_word' id='word_1_24' title='bbox 1009 4829 1024 4855; x_wconf 89' lang='lat'><strong>,</strong></span> <span class='ocrx_word' id='word_1_25' title='bbox 1053 4789 1207 4844; x_wconf 89' lang='lat' dir='ltr'><strong>beate</strong></span> <span class='ocrx_word' id='word_1_26' title='bbox 1234 4790 1501 4857; x_wconf 91' lang='lat' dir='ltr'><strong>Demetri,</strong></span> <span class='ocrx_word' id='word_1_27' title='bbox 1530 4789 1740 4846; x_wconf 85' lang='lat' dir='ltr'><strong>assidue</strong></span> <span class='ocrx_word' id='word_1_28' title='bbox 1760 4789 2006 4845; x_wconf 89' lang='lat' dir='ltr'><strong>insisten-</strong></span> 
     </span>
    </p>
   </div>
   <div class='ocr_carea' id='block_1_9' title="bbox 438 4879 2006 4951">
    <p class='ocr_par' dir='ltr' id='par_1_9' title="bbox 438 4879 2006 4951">
     <span class='ocr_line' id='line_1_10' title="bbox 438 4879 2006 4951; baseline 0.001 -16"><span class='ocrx_word' id='word_1_29' title='bbox 438 4891 541 4935; x_wconf 77' lang='lat' dir='ltr'><strong>tem</strong></span> <span class='ocrx_word' id='word_1_30' title='bbox 570 4879 716 4943; x_wconf 86' lang='lat' dir='ltr'><strong>mihi,</strong></span> <span class='ocrx_word' id='word_1_31' title='bbox 745 4889 798 4931; x_wconf 90' lang='lat' dir='ltr'><strong>et</strong></span> <span class='ocrx_word' id='word_1_32' title='bbox 823 4879 984 4931; x_wconf 83' lang='lat' dir='ltr'><strong>multa</strong></span> <span class='ocrx_word' id='word_1_33' title='bbox 1008 4894 1124 4932; x_wconf 88' lang='lat' dir='ltr'><strong>cum</strong></span> <span class='ocrx_word' id='word_1_34' title='bbox 1155 4879 1485 4935; x_wconf 76' lang='lat' dir='ltr'><strong>vehementia</strong></span> <span class='ocrx_word' id='word_1_35' title='bbox 1507 4882 1572 4936; x_wconf 91' lang='lat' dir='ltr'><strong>de</strong></span> <span class='ocrx_word' id='word_1_36' title='bbox 1600 4881 2006 4951; x_wconf 87' lang='lat' dir='ltr'><strong>contpunctione</strong></span> 
     </span>
    </p>
   </div>
   <div class='ocr_carea' id='block_1_10' title="bbox 438 4969 2005 5044">
    <p class='ocr_par' dir='ltr' id='par_1_10' title="bbox 438 4969 2005 5044">
     <span class='ocr_line' id='line_1_11' title="bbox 438 4969 2005 5044; baseline 0.001 -19"><span class='ocrx_word' id='word_1_37' title='bbox 438 4987 710 5025; x_wconf 76' lang='lat' dir='ltr'><strong>sermones</strong></span> <span class='ocrx_word' id='word_1_38' title='bbox 739 4981 1138 5037; x_wconf 82' lang='lat' dir='ltr'><strong>exposcentem,</strong></span> <span class='ocrx_word' id='word_1_39' title='bbox 1165 4969 1378 5022; x_wconf 78' lang='lat' dir='ltr'><strong>beatum</strong></span> <span class='ocrx_word' id='word_1_40' title='bbox 1421 4981 1472 5026; x_wconf 90' lang='lat' dir='ltr'><strong>te</strong></span> <span class='ocrx_word' id='word_1_41' title='bbox 1513 4988 1725 5042; x_wconf 90' lang='lat' dir='ltr'><strong>semper</strong></span> <span class='ocrx_word' id='word_1_42' title='bbox 1752 4972 2005 5044; x_wconf 75' lang='lat' dir='ltr'><strong>prredico,</strong></span> 
     </span>
    </p>
   </div>
   <div class='ocr_carea' id='block_1_11' title="bbox 439 5060 2010 5134">
    <p class='ocr_par' dir='ltr' id='par_1_11' title="bbox 439 5060 2010 5134">
     <span class='ocr_line' id='line_1_12' title="bbox 439 5060 2010 5134; baseline 0.001 -16"><span class='ocrx_word' id='word_1_43' title='bbox 439 5067 700 5134; x_wconf 88' lang='lat' dir='ltr'><strong>animique</strong></span> <span class='ocrx_word' id='word_1_44' title='bbox 747 5063 818 5117; x_wconf 91' lang='lat' dir='ltr'><strong>tui</strong></span> <span class='ocrx_word' id='word_1_45' title='bbox 861 5062 1138 5133; x_wconf 87' lang='lat' dir='ltr'><strong>puritatem</strong></span> <span class='ocrx_word' id='word_1_46' title='bbox 1187 5060 1439 5114; x_wconf 85' lang='lat' dir='ltr'><strong>demiror.</strong></span> <span class='ocrx_word' id='word_1_47' title='bbox 1481 5063 1665 5133; x_wconf 84' lang='lat' dir='ltr'><strong>Neque</strong></span> <span class='ocrx_word' id='word_1_48' title='bbox 1709 5066 1850 5120; x_wconf 90' lang='lat' dir='ltr'><strong>enim</strong></span> <span class='ocrx_word' id='word_1_49' title='bbox 1896 5065 2010 5121; x_wconf 86' lang='lat' dir='ltr'><strong>fieri</strong></span> 
     </span>
    </p>
   </div>
   <div class='ocr_carea' id='block_1_12' title="bbox 442 5151 2010 5226">
    <p class='ocr_par' dir='ltr' id='par_1_12' title="bbox 442 5151 2010 5226">
     <span class='ocr_line' id='line_1_13' title="bbox 442 5151 2010 5226; baseline 0.003 -21"><span class='ocrx_word' id='word_1_50' title='bbox 442 5168 608 5225; x_wconf 78' lang='lat' dir='ltr'><strong>potest</strong></span> <span class='ocrx_word' id='word_1_51' title='bbox 638 5170 950 5226; x_wconf 83' lang='lat' dir='ltr'><strong>quemquam</strong></span> <span class='ocrx_word' id='word_1_52' title='bbox 993 5153 1043 5206; x_wconf 92' lang='lat' dir='ltr'><strong>in</strong></span> <span class='ocrx_word' id='word_1_53' title='bbox 1077 5151 1373 5221; x_wconf 79' lang='lat' dir='ltr'><strong>ltujnsmodi</strong></span> <span class='ocrx_word' id='word_1_54' title='bbox 1419 5156 1680 5208; x_wconf 81' lang='lat' dir='ltr'><strong>sermonis</strong></span> <span class='ocrx_word' id='word_1_55' title='bbox 1705 5157 1886 5213; x_wconf 84' lang='lat' dir='ltr'><strong>venire</strong></span> <span class='ocrx_word' id='word_1_56' title='bbox 1913 5156 2010 5210; x_wconf 86' lang='lat' dir='ltr'><strong>de-</strong></span> 
     </span>
    </p>
   </div>
   <div class='ocr_carea' id='block_1_13' title="bbox 441 5243 2011 5314">
    <p class='ocr_par' dir='ltr' id='par_1_13' title="bbox 441 5243 2011 5314">
     <span class='ocr_line' id='line_1_14' title="bbox 441 5243 2011 5314; baseline 0 -14"><span class='ocrx_word' id='word_1_57' title='bbox 441 5249 722 5314; x_wconf 85' lang='lat' dir='ltr'><strong>siderium,</strong></span> <span class='ocrx_word' id='word_1_58' title='bbox 775 5247 873 5300; x_wconf 86' lang='lat' dir='ltr'><strong>nisi</strong></span> <span class='ocrx_word' id='word_1_59' title='bbox 918 5246 1061 5314; x_wconf 88' lang='lat' dir='ltr'><strong>prius</strong></span> <span class='ocrx_word' id='word_1_60' title='bbox 1109 5259 1224 5298; x_wconf 89' lang='lat' dir='ltr'><strong>sese</strong></span> <span class='ocrx_word' id='word_1_61' title='bbox 1263 5243 1424 5312; x_wconf 83' lang='lat' dir='ltr'>probe</span> <span class='ocrx_word' id='word_1_62' title='bbox 1472 5247 1809 5314; x_wconf 78' lang='lat' dir='ltr'><strong>purgaverit,</strong></span> <span class='ocrx_word' id='word_1_63' title='bbox 1855 5256 2011 5314; x_wconf 86' lang='lat' dir='ltr'><strong>atque</strong></span> 
     </span>
    </p>
   </div>
   <div class='ocr_carea' id='block_1_14' title="bbox 441 5334 2010 5404">
    <p class='ocr_par' dir='ltr' id='par_1_14' title="bbox 441 5334 2010 5404">
     <span class='ocr_line' id='line_1_15' title="bbox 441 5334 2010 5404; baseline 0.001 -15"><span class='ocrx_word' id='word_1_64' title='bbox 441 5341 685 5394; x_wconf 84' lang='lat' dir='ltr'><strong>omnibus</strong></span> <span class='ocrx_word' id='word_1_65' title='bbox 724 5338 1062 5393; x_wconf 63' lang='lat' dir='ltr'><strong>swcularibus</strong></span> <span class='ocrx_word' id='word_1_66' title='bbox 1102 5337 1240 5390; x_wconf 91' lang='lat' dir='ltr'><strong>curis</strong></span> <span class='ocrx_word' id='word_1_67' title='bbox 1286 5335 1526 5404; x_wconf 89' lang='lat' dir='ltr'><strong>superior</strong></span> <span class='ocrx_word' id='word_1_68' title='bbox 1568 5337 1816 5390; x_wconf 73' lang='lat' dir='ltr'><strong>evaserit.</strong></span> <span class='ocrx_word' id='word_1_69' title='bbox 1859 5334 2010 5403; x_wconf 86' lang='lat' dir='ltr'><strong>Quod</strong></span> 
     </span>
    </p>
   </div>
   <div class='ocr_carea' id='block_1_15' title="bbox 444 5425 2009 5497">
    <p class='ocr_par' dir='ltr' id='par_1_15' title="bbox 444 5425 2009 5497">
     <span class='ocr_line' id='line_1_16' title="bbox 444 5425 2009 5497; baseline 0.001 -19"><span class='ocrx_word' id='word_1_70' title='bbox 444 5425 594 5482; x_wconf 79' lang='lat' dir='ltr'><strong>facile</strong></span> <span class='ocrx_word' id='word_1_71' title='bbox 621 5427 983 5497; x_wconf 75' lang='lat' dir='ltr'><strong>deprehendas</strong></span> <span class='ocrx_word' id='word_1_72' title='bbox 1012 5443 1075 5480; x_wconf 81' lang='lat' dir='ltr'><strong>ex</strong></span> <span class='ocrx_word' id='word_1_73' title='bbox 1100 5429 1182 5489; x_wconf 89' lang='lat' dir='ltr'><strong>iis,</strong></span> <span class='ocrx_word' id='word_1_74' title='bbox 1205 5429 1293 5496; x_wconf 91' lang='lat' dir='ltr'><strong>qui</strong></span> <span class='ocrx_word' id='word_1_75' title='bbox 1321 5426 1430 5495; x_wconf 91' lang='lat' dir='ltr'><strong>pari</strong></span> <span class='ocrx_word' id='word_1_76' title='bbox 1453 5425 1718 5480; x_wconf 88' lang='lat' dir='ltr'><strong>desiderio</strong></span> <span class='ocrx_word' id='word_1_77' title='bbox 1745 5435 2009 5492; x_wconf 84' lang='lat' dir='ltr'><strong>tenentur,</strong></span> 
     </span>
    </p>
   </div>
   <div class='ocr_carea' id='block_1_16' title="bbox 445 5515 2014 5586">
    <p class='ocr_par' dir='ltr' id='par_1_16' title="bbox 445 5515 2014 5586">
     <span class='ocr_line' id='line_1_17' title="bbox 445 5515 2014 5586; baseline 0.002 -18"><span class='ocrx_word' id='word_1_78' title='bbox 445 5517 496 5569; x_wconf 89' lang='lat' dir='ltr'><strong>in</strong></span> <span class='ocrx_word' id='word_1_79' title='bbox 520 5519 708 5583; x_wconf 81' lang='lat' dir='ltr'><strong>quibus</strong></span> <span class='ocrx_word' id='word_1_80' title='bbox 736 5528 880 5573; x_wconf 88' lang='lat' dir='ltr'><strong>tanta</strong></span> <span class='ocrx_word' id='word_1_81' title='bbox 907 5527 1121 5586; x_wconf 86' lang='lat' dir='ltr'><strong>repente</strong></span> <span class='ocrx_word' id='word_1_82' title='bbox 1139 5518 1360 5570; x_wconf 91' lang='lat' dir='ltr'><strong>mutatio</strong></span> <span class='ocrx_word' id='word_1_83' title='bbox 1381 5515 1627 5582; x_wconf 84' lang='lat' dir='ltr'><strong>efficitur,</strong></span> <span class='ocrx_word' id='word_1_84' title='bbox 1651 5525 1708 5569; x_wconf 91' lang='lat' dir='ltr'><strong>ut</strong></span> <span class='ocrx_word' id='word_1_85' title='bbox 1731 5517 2014 5571; x_wconf 78' lang='lat' dir='ltr'><strong>confestim</strong></span> 
     </span>
    </p>
   </div>
   <div class='ocr_carea' id='block_1_17' title="bbox 448 5608 2017 5680">
    <p class='ocr_par' dir='ltr' id='par_1_17' title="bbox 448 5608 2017 5680">
     <span class='ocr_line' id='line_1_18' title="bbox 448 5608 2017 5680; baseline 0.004 -21"><span class='ocrx_word' id='word_1_86' title='bbox 448 5608 498 5660; x_wconf 90' lang='lat' dir='ltr'><strong>in</strong></span> <span class='ocrx_word' id='word_1_87' title='bbox 537 5609 723 5661; x_wconf 81' lang='lat' dir='ltr'><strong>ca-lnm</strong></span> <span class='ocrx_word' id='word_1_88' title='bbox 759 5609 1184 5664; x_wconf 87' lang='lat' dir='ltr'><strong>transferantur:</strong></span> <span class='ocrx_word' id='word_1_89' title='bbox 1224 5610 1454 5661; x_wconf 90' lang='lat' dir='ltr'><strong>animam</strong></span> <span class='ocrx_word' id='word_1_90' title='bbox 1503 5609 1697 5680; x_wconf 87' lang='lat' dir='ltr'><strong>quippe</strong></span> <span class='ocrx_word' id='word_1_91' title='bbox 1736 5610 2017 5665; x_wconf 88' lang='lat' dir='ltr'><strong>mundanis</strong></span> 
     </span>
    </p>
   </div>
   <div class='ocr_carea' id='block_1_18' title="bbox 447 5701 2017 5775">
    <p class='ocr_par' dir='ltr' id='par_1_18' title="bbox 447 5701 2017 5775">
     <span class='ocr_line' id='line_1_19' title="bbox 447 5701 2017 5775; baseline 0.001 -20"><span class='ocrx_word' id='word_1_92' title='bbox 447 5701 608 5766; x_wconf 73' lang='lat' dir='ltr'><strong>curis,</strong></span> <span class='ocrx_word' id='word_1_93' title='bbox 630 5716 726 5754; x_wconf 92' lang='lat' dir='ltr'><strong>ceu</strong></span> <span class='ocrx_word' id='word_1_94' title='bbox 755 5705 980 5760; x_wconf 69' lang='lat' dir='ltr'><strong>vinculis</strong></span> <span class='ocrx_word' id='word_1_95' title='bbox 1001 5702 1325 5775; x_wconf 71' lang='lat' dir='ltr'><strong>gravissimis</strong></span> <span class='ocrx_word' id='word_1_96' title='bbox 1352 5703 1580 5758; x_wconf 75' lang='lat' dir='ltr'><strong>solutam</strong></span> <span class='ocrx_word' id='word_1_97' title='bbox 1600 5745 1616 5770; x_wconf 82' lang='lat'><strong>,</strong></span> <span class='ocrx_word' id='word_1_98' title='bbox 1649 5705 1718 5760; x_wconf 82' lang='lat' dir='ltr'><strong>ita</strong></span> <span class='ocrx_word' id='word_1_99' title='bbox 1740 5705 1921 5761; x_wconf 89' lang='lat' dir='ltr'><strong>sinunt</strong></span> <span class='ocrx_word' id='word_1_100' title='bbox 1951 5703 2017 5758; x_wconf 87' lang='lat' dir='ltr'><strong>ad</strong></span> 
     </span>
    </p>
   </div>
   <div class='ocr_carea' id='block_1_19' title="bbox 511 5849 2019 5919">
    <p class='ocr_par' dir='ltr' id='par_1_19' title="bbox 511 5849 2019 5919">
     <span class='ocr_line' id='line_1_20' title="bbox 511 5849 2019 5919; baseline 0.002 -17"><span class='ocrx_word' id='word_1_101' title='bbox 511 5855 528 5886; x_wconf 75' lang='grc' dir='ltr'>ί</span> <span class='ocrx_word' id='word_1_102' title='bbox 563 5849 787 5919; x_wconf 65' lang='lat' dir='ltr'><strong>Dttolibri</strong></span> <span class='ocrx_word' id='word_1_103' title='bbox 811 5853 876 5902; x_wconf 91' lang='lat' dir='ltr'><strong>de</strong></span> <span class='ocrx_word' id='word_1_104' title='bbox 910 5859 1274 5919; x_wconf 86' lang='lat' dir='ltr'><strong>Compunctione</strong></span> <span class='ocrx_word' id='word_1_105' title='bbox 1298 5853 1474 5919; x_wconf 87' lang='lat' dir='ltr'><strong>_collati</strong></span> <span class='ocrx_word' id='word_1_106' title='bbox 1506 5864 1749 5919; x_wconf 81' lang='lat' dir='ltr'><strong>suntcum</strong></span> <span class='ocrx_word' id='word_1_107' title='bbox 1785 5858 1891 5908; x_wconf 84' lang='lat' dir='ltr'><strong>cod.</strong></span> <span class='ocrx_word' id='word_1_108' title='bbox 1915 5856 2019 5907; x_wconf 65' lang='lat' dir='ltr'><strong>Lol-</strong></span> 
     </span>
    </p>
   </div>
   <div class='ocr_carea' id='block_1_20' title="bbox 450 5915 2031 5982">
    <p class='ocr_par' dir='ltr' id='par_1_20' title="bbox 450 5915 2031 5982">
     <span class='ocr_line' id='line_1_21' title="bbox 450 5915 2031 5982; baseline 0.003 -18"><span class='ocrx_word' id='word_1_109' title='bbox 450 5917 574 5982; x_wconf 71' lang='lat' dir='ltr'><strong>liert.</strong></span> <span class='ocrx_word' id='word_1_110' title='bbox 595 5915 762 5982; x_wconf 37' lang='grc' dir='ltr'><strong>Ἥξει</strong></span> <span class='ocrx_word' id='word_1_111' title='bbox 799 5928 907 5982; x_wconf 77' lang='lat' dir='ltr'><strong>cum</strong></span> <span class='ocrx_word' id='word_1_112' title='bbox 939 5915 1153 5982; x_wconf 74' lang='lat' dir='ltr'><strong>editione</strong></span> <span class='ocrx_word' id='word_1_113' title='bbox 1192 5917 1330 5971; x_wconf 69' lang='lat' dir='ltr'><strong>savil.</strong></span> <span class='ocrx_word' id='word_1_114' title='bbox 1377 5925 1538 5979; x_wconf 82' lang='lat' dir='ltr'><strong>Deest,</strong></span> <span class='ocrx_word' id='word_1_115' title='bbox 1579 5917 1699 5968; x_wconf 73' lang='lat' dir='ltr'><strong>liber</strong></span> <span class='ocrx_word' id='word_1_116' title='bbox 1735 5919 1940 5982; x_wconf 75' lang='lat' dir='ltr'><strong>primus,</strong></span> <span class='ocrx_word' id='word_1_117' title='bbox 1983 5923 2031 5969; x_wconf 87' lang='lat' dir='ltr'><strong>in</strong></span> 
     </span>
    </p>
   </div>
   <div class='ocr_carea' id='block_1_21' title="bbox 449 5975 1235 6034">
    <p class='ocr_par' dir='ltr' id='par_1_21' title="bbox 449 5975 1235 6034">
     <span class='ocr_line' id='line_1_22' title="bbox 449 5975 1235 6034; baseline 0.003 -6"><span class='ocrx_word' id='word_1_118' title='bbox 449 5981 565 6028; x_wconf 73' lang='lat' dir='ltr'><strong>Nil.</strong></span> <span class='ocrx_word' id='word_1_119' title='bbox 587 5975 722 6026; x_wconf 73' lang='lat' dir='ltr'><strong>savii.</strong></span> <span class='ocrx_word' id='word_1_120' title='bbox 751 5977 866 6025; x_wconf 88' lang='lat' dir='ltr'><strong>etin</strong></span> <span class='ocrx_word' id='word_1_121' title='bbox 887 5978 998 6026; x_wconf 88' lang='lat' dir='ltr'><strong>cod.</strong></span> <span class='ocrx_word' id='word_1_122' title='bbox 1027 5980 1235 6034; x_wconf 78' lang='lat' dir='ltr'><strong>Colbert.</strong></span> 
     </span>
    </p>
   </div>
   <div class='ocr_carea' id='block_1_22' title="bbox 2111 4783 3701 4857">
    <p class='ocr_par' dir='ltr' id='par_1_22' title="bbox 2111 4783 3701 4857">
     <span class='ocr_line' id='line_1_23' title="bbox 2111 4783 3701 4857; baseline 0.003 -17"><span class='ocrx_word' id='word_1_123' title='bbox 2111 4786 2385 4857; x_wconf 87' lang='lat' dir='ltr'><strong>proprium</strong></span> <span class='ocrx_word' id='word_1_124' title='bbox 2413 4786 2809 4856; x_wconf 89' lang='lat' dir='ltr'><strong>naturalemque</strong></span> <span class='ocrx_word' id='word_1_125' title='bbox 2832 4785 2930 4838; x_wconf 87' lang='lat' dir='ltr'><strong>sibi</strong></span> <span class='ocrx_word' id='word_1_126' title='bbox 2961 4784 3131 4837; x_wconf 82' lang='lat' dir='ltr'><strong>locum</strong></span> <span class='ocrx_word' id='word_1_127' title='bbox 3165 4783 3438 4841; x_wconf 86' lang='lat' dir='ltr'><strong>advolare.</strong></span> <span class='ocrx_word' id='word_1_128' title='bbox 3467 4785 3572 4842; x_wconf 90' lang='lat' dir='ltr'><strong>Sed</strong></span> <span class='ocrx_word' id='word_1_129' title='bbox 3601 4787 3701 4844; x_wconf 88' lang='lat' dir='ltr'><strong>hoc</strong></span> 
     </span>
    </p>
   </div>
   <div class='ocr_carea' id='block_1_23' title="bbox 2118 4877 3702 4950">
    <p class='ocr_par' dir='ltr' id='par_1_23' title="bbox 2118 4877 3702 4950">
     <span class='ocr_line' id='line_1_24' title="bbox 2118 4877 3702 4950; baseline 0.001 -16"><span class='ocrx_word' id='word_1_130' title='bbox 2118 4879 2302 4935; x_wconf 90' lang='lat' dir='ltr'><strong>multis</strong></span> <span class='ocrx_word' id='word_1_131' title='bbox 2341 4879 2552 4950; x_wconf 89' lang='lat' dir='ltr'><strong>quidem</strong></span> <span class='ocrx_word' id='word_1_132' title='bbox 2595 4893 2691 4948; x_wconf 89' lang='lat' dir='ltr'><strong>per</strong></span> <span class='ocrx_word' id='word_1_133' title='bbox 2736 4885 2895 4930; x_wconf 91' lang='lat' dir='ltr'><strong>totam</strong></span> <span class='ocrx_word' id='word_1_134' title='bbox 2939 4877 3098 4929; x_wconf 81' lang='lat' dir='ltr'><strong>vitam</strong></span> <span class='ocrx_word' id='word_1_135' title='bbox 3137 4891 3262 4930; x_wconf 88' lang='lat' dir='ltr'><strong>raro</strong></span> <span class='ocrx_word' id='word_1_136' title='bbox 3301 4880 3552 4950; x_wconf 85' lang='lat' dir='ltr'><strong>contingit</strong></span> <span class='ocrx_word' id='word_1_137' title='bbox 3600 4899 3612 4934; x_wconf 91' lang='lat'>:</span> <span class='ocrx_word' id='word_1_138' title='bbox 3652 4890 3702 4935; x_wconf 89' lang='lat' dir='ltr'><strong>te</strong></span> 
     </span>
    </p>
   </div>
   <div class='ocr_carea' id='block_1_24' title="bbox 2119 4967 3703 5042">
    <p class='ocr_par' dir='ltr' id='par_1_24' title="bbox 2119 4967 3703 5042">
     <span class='ocr_line' id='line_1_25' title="bbox 2119 4967 3703 5042; baseline 0.002 -17"><span class='ocrx_word' id='word_1_139' title='bbox 2119 4982 2314 5033; x_wconf 89' lang='lat' dir='ltr'><strong>autem,</strong></span> <span class='ocrx_word' id='word_1_140' title='bbox 2345 4986 2378 5023; x_wconf 93' lang='grc' dir='ltr'>ο</span> <span class='ocrx_word' id='word_1_141' title='bbox 2405 4970 2636 5024; x_wconf 86' lang='lat' dir='ltr'><strong>divinum</strong></span> <span class='ocrx_word' id='word_1_142' title='bbox 2666 4977 2820 5036; x_wconf 88' lang='lat' dir='ltr'><strong>caput</strong></span> <span class='ocrx_word' id='word_1_143' title='bbox 2841 5009 2855 5028; x_wconf 84' lang='lat'><strong>.</strong></span> <span class='ocrx_word' id='word_1_144' title='bbox 2894 4967 2996 5023; x_wconf 85' lang='lat' dir='ltr'><strong>hoc</strong></span> <span class='ocrx_word' id='word_1_145' title='bbox 3041 4983 3254 5041; x_wconf 90' lang='lat' dir='ltr'><strong>semper</strong></span> <span class='ocrx_word' id='word_1_146' title='bbox 3281 4974 3703 5042; x_wconf 79' lang='lat' dir='ltr'><strong>conipunctionis</strong></span> 
     </span>
    </p>
   </div>
   <div class='ocr_carea' id='block_1_25' title="bbox 2121 5061 3704 5130">
    <p class='ocr_par' dir='ltr' id='par_1_25' title="bbox 2121 5061 3704 5130">
     <span class='ocr_line' id='line_1_26' title="bbox 2121 5061 3704 5130; baseline 0.001 -15"><span class='ocrx_word' id='word_1_147' title='bbox 2121 5063 2238 5129; x_wconf 80' lang='lat' dir='ltr'><strong>igne</strong></span> <span class='ocrx_word' id='word_1_148' title='bbox 2281 5061 2503 5130; x_wconf 81' lang='lat' dir='ltr'><strong>flagrare</strong></span> <span class='ocrx_word' id='word_1_149' title='bbox 2538 5061 2680 5114; x_wconf 79' lang='lat' dir='ltr'><strong>novi.</strong></span> <span class='ocrx_word' id='word_1_150' title='bbox 2722 5061 2886 5129; x_wconf 83' lang='lat' dir='ltr'><strong>Cujus</strong></span> <span class='ocrx_word' id='word_1_151' title='bbox 2932 5061 3010 5116; x_wconf 89' lang='lat' dir='ltr'><strong>rei</strong></span> <span class='ocrx_word' id='word_1_152' title='bbox 3049 5070 3214 5116; x_wconf 88' lang='lat' dir='ltr'><strong>testes</strong></span> <span class='ocrx_word' id='word_1_153' title='bbox 3251 5073 3372 5117; x_wconf 91' lang='lat' dir='ltr'><strong>sunt</strong></span> <span class='ocrx_word' id='word_1_154' title='bbox 3410 5077 3595 5119; x_wconf 87' lang='lat' dir='ltr'><strong>noetes</strong></span> <span class='ocrx_word' id='word_1_155' title='bbox 3625 5066 3704 5117; x_wconf 84' lang='lat' dir='ltr'><strong>in-</strong></span> 
     </span>
    </p>
   </div>
   <div class='ocr_carea' id='block_1_26' title="bbox 2119 5152 3701 5223">
    <p class='ocr_par' dir='ltr' id='par_1_26' title="bbox 2119 5152 3701 5223">
     <span class='ocr_line' id='line_1_27' title="bbox 2119 5152 3701 5223; baseline 0.002 -17"><span class='ocrx_word' id='word_1_156' title='bbox 2119 5167 2352 5217; x_wconf 89' lang='lat' dir='ltr'><strong>somnes,</strong></span> <span class='ocrx_word' id='word_1_157' title='bbox 2378 5153 2729 5223; x_wconf 85' lang='lat' dir='ltr'><strong>lacrymarum</strong></span> <span class='ocrx_word' id='word_1_158' title='bbox 2754 5152 2948 5219; x_wconf 88' lang='lat' dir='ltr'><strong>fontes,</strong></span> <span class='ocrx_word' id='word_1_159' title='bbox 2968 5154 3267 5208; x_wconf 76' lang='lat' dir='ltr'><strong>solitudinis</strong></span> <span class='ocrx_word' id='word_1_160' title='bbox 3287 5171 3437 5209; x_wconf 88' lang='lat' dir='ltr'><strong>amor</strong></span> <span class='ocrx_word' id='word_1_161' title='bbox 3456 5157 3504 5208; x_wconf 91' lang='lat' dir='ltr'><strong>in</strong></span> <span class='ocrx_word' id='word_1_162' title='bbox 3527 5159 3701 5209; x_wconf 76' lang='lat' dir='ltr'><strong>anima</strong></span> 
     </span>
    </p>
   </div>
   <div class='ocr_carea' id='block_1_27' title="bbox 2121 5244 3697 5317">
    <p class='ocr_par' dir='ltr' id='par_1_27' title="bbox 2121 5244 3697 5317">
     <span class='ocr_line' id='line_1_28' title="bbox 2121 5244 3697 5317; baseline 0.003 -20"><span class='ocrx_word' id='word_1_163' title='bbox 2121 5251 2206 5297; x_wconf 91' lang='lat' dir='ltr'><strong>tua</strong></span> <span class='ocrx_word' id='word_1_164' title='bbox 2233 5253 2488 5312; x_wconf 88' lang='lat' dir='ltr'><strong>perpetuo</strong></span> <span class='ocrx_word' id='word_1_165' title='bbox 2526 5244 2772 5300; x_wconf 87' lang='lat' dir='ltr'><strong>residens</strong></span> <span class='ocrx_word' id='word_1_166' title='bbox 2799 5255 2854 5301; x_wconf 92' lang='lat' dir='ltr'><strong>et</strong></span> <span class='ocrx_word' id='word_1_167' title='bbox 2893 5262 3225 5302; x_wconf 83' lang='lat' dir='ltr'><strong>accrescens.</strong></span> <span class='ocrx_word' id='word_1_168' title='bbox 3265 5247 3514 5315; x_wconf 71' lang='lat' dir='ltr'><strong>Quienam</strong></span> <span class='ocrx_word' id='word_1_169' title='bbox 3547 5249 3697 5317; x_wconf 76' lang='lat' dir='ltr'><strong>igitur</strong></span> 
     </span>
    </p>
   </div>
   <div class='ocr_carea' id='block_1_28' title="bbox 2123 5337 3696 5408">
    <p class='ocr_par' dir='ltr' id='par_1_28' title="bbox 2123 5337 3696 5408">
     <span class='ocr_line' id='line_1_29' title="bbox 2123 5337 3696 5408; baseline 0.003 -20"><span class='ocrx_word' id='word_1_170' title='bbox 2123 5348 2189 5388; x_wconf 80' lang='lat' dir='ltr'><strong>ex</strong></span> <span class='ocrx_word' id='word_1_171' title='bbox 2219 5349 2467 5390; x_wconf 85' lang='lat' dir='ltr'><strong>sermone</strong></span> <span class='ocrx_word' id='word_1_172' title='bbox 2492 5345 2674 5390; x_wconf 91' lang='lat' dir='ltr'><strong>nostro</strong></span> <span class='ocrx_word' id='word_1_173' title='bbox 2703 5337 2794 5390; x_wconf 90' lang='lat' dir='ltr'><strong>tibi</strong></span> <span class='ocrx_word' id='word_1_174' title='bbox 2823 5339 3061 5392; x_wconf 89' lang='lat' dir='ltr'><strong>accessio</strong></span> <span class='ocrx_word' id='word_1_175' title='bbox 3095 5339 3397 5408; x_wconf 87' lang='lat' dir='ltr'><strong>speranda?</strong></span> <span class='ocrx_word' id='word_1_176' title='bbox 3439 5339 3569 5392; x_wconf 80' lang='lat' dir='ltr'><strong>Nam</strong></span> <span class='ocrx_word' id='word_1_177' title='bbox 3622 5340 3696 5393; x_wconf 66' lang='grc' dir='ltr'><strong>ναι*</strong></span> 
     </span>
    </p>
   </div>
   <div class='ocr_carea' id='block_1_29' title="bbox 2124 5423 3669 5497">
    <p class='ocr_par' dir='ltr' id='par_1_29' title="bbox 2124 5423 3669 5497">
     <span class='ocr_line' id='line_1_30' title="bbox 2124 5423 3669 5497; baseline 0.004 -19"><span class='ocrx_word' id='word_1_178' title='bbox 2124 5423 2228 5479; x_wconf 82' lang='lat' dir='ltr'><strong>hoc</strong></span> <span class='ocrx_word' id='word_1_179' title='bbox 2269 5427 2473 5494; x_wconf 90' lang='lat' dir='ltr'><strong>ipsum,</strong></span> <span class='ocrx_word' id='word_1_180' title='bbox 2520 5427 2660 5496; x_wconf 91' lang='lat' dir='ltr'><strong>quod</strong></span> <span class='ocrx_word' id='word_1_181' title='bbox 2702 5442 2822 5481; x_wconf 91' lang='lat' dir='ltr'><strong>cum</strong></span> <span class='ocrx_word' id='word_1_182' title='bbox 2848 5428 2913 5481; x_wconf 88' lang='lat' dir='ltr'><strong>ad</strong></span> <span class='ocrx_word' id='word_1_183' title='bbox 2954 5429 3200 5483; x_wconf 76' lang='lat' dir='ltr'><strong>verticem</strong></span> <span class='ocrx_word' id='word_1_184' title='bbox 3228 5429 3332 5497; x_wconf 88' lang='lat' dir='ltr'><strong>jam</strong></span> <span class='ocrx_word' id='word_1_185' title='bbox 3361 5432 3669 5497; x_wconf 67' lang='lat' dir='ltr'><strong>perveneris</strong></span> 
     </span>
    </p>
   </div>
   <div class='ocr_carea' id='block_1_30' title="bbox 2126 5518 3708 5590">
    <p class='ocr_par' dir='ltr' id='par_1_30' title="bbox 2126 5518 3708 5590">
     <span class='ocr_line' id='line_1_31' title="bbox 2126 5518 3708 5590; baseline 0.003 -20"><span class='ocrx_word' id='word_1_186' title='bbox 2126 5527 2283 5586; x_wconf 89' lang='lat' dir='ltr'><strong>putes</strong></span> <span class='ocrx_word' id='word_1_187' title='bbox 2307 5527 2360 5572; x_wconf 90' lang='lat' dir='ltr'><strong>te</strong></span> <span class='ocrx_word' id='word_1_188' title='bbox 2387 5533 2508 5572; x_wconf 91' lang='lat' dir='ltr'><strong>cum</strong></span> <span class='ocrx_word' id='word_1_189' title='bbox 2544 5518 2688 5571; x_wconf 86' lang='lat' dir='ltr'><strong>humi</strong></span> <span class='ocrx_word' id='word_1_190' title='bbox 2717 5519 3020 5587; x_wconf 87' lang='lat' dir='ltr'><strong>repentibus</strong></span> <span class='ocrx_word' id='word_1_191' title='bbox 3049 5519 3294 5572; x_wconf 90' lang='lat' dir='ltr'><strong>incedere</strong></span> <span class='ocrx_word' id='word_1_192' title='bbox 3313 5561 3328 5584; x_wconf 87' lang='lat'><strong>,</strong></span> <span class='ocrx_word' id='word_1_193' title='bbox 3369 5522 3708 5590; x_wconf 82' lang='lat' dir='ltr'><strong>animamque</strong></span> 
     </span>
    </p>
   </div>
   <div class='ocr_carea' id='block_1_31' title="bbox 2131 5608 3708 5682">
    <p class='ocr_par' dir='ltr' id='par_1_31' title="bbox 2131 5608 3708 5682">
     <span class='ocr_line' id='line_1_32' title="bbox 2131 5608 3708 5682; baseline 0.005 -23"><span class='ocrx_word' id='word_1_194' title='bbox 2131 5617 2274 5660; x_wconf 81' lang='lat' dir='ltr'><strong>tuam</strong></span> <span class='ocrx_word' id='word_1_195' title='bbox 2304 5609 2402 5662; x_wconf 89' lang='lat' dir='ltr'><strong>alis</strong></span> <span class='ocrx_word' id='word_1_196' title='bbox 2441 5609 2788 5668; x_wconf 90' lang='lat' dir='ltr'><strong>instructam.</strong></span> <span class='ocrx_word' id='word_1_197' title='bbox 2835 5608 3094 5675; x_wconf 86' lang='lat' dir='ltr'><strong>lapideam</strong></span> <span class='ocrx_word' id='word_1_198' title='bbox 3137 5611 3416 5678; x_wconf 82' lang='lat' dir='ltr'><strong>appelles,</strong></span> <span class='ocrx_word' id='word_1_199' title='bbox 3465 5614 3708 5682; x_wconf 81' lang='lat' dir='ltr'><strong>quodque</strong></span> 
     </span>
    </p>
   </div>
   <div class='ocr_carea' id='block_1_32' title="bbox 2133 5696 3705 5770">
    <p class='ocr_par' dir='ltr' id='par_1_32' title="bbox 2133 5696 3705 5770">
     <span class='ocr_line' id='line_1_33' title="bbox 2133 5696 3705 5770; baseline 0.005 -20"><span class='ocrx_word' id='word_1_200' title='bbox 2133 5696 2435 5768; x_wconf 90' lang='lat' dir='ltr'><strong>frequenter</strong></span> <span class='ocrx_word' id='word_1_201' title='bbox 2459 5697 2730 5750; x_wconf 77' lang='lat' dir='ltr'><strong>dexteram</strong></span> <span class='ocrx_word' id='word_1_202' title='bbox 2762 5713 2933 5752; x_wconf 91' lang='lat' dir='ltr'><strong>meam</strong></span> <span class='ocrx_word' id='word_1_203' title='bbox 2959 5701 3276 5770; x_wconf 82' lang='lat' dir='ltr'><strong>contingens</strong></span> <span class='ocrx_word' id='word_1_204' title='bbox 3300 5718 3363 5757; x_wconf 89' lang='lat' dir='ltr'><strong>ac</strong></span> <span class='ocrx_word' id='word_1_205' title='bbox 3391 5703 3705 5758; x_wconf 79' lang='lat' dir='ltr'><strong>deosculans</strong></span> 
     </span>
    </p>
   </div>
   <div class='ocr_carea' id='block_1_33' title="bbox 2132 5790 3704 5859">
    <p class='ocr_par' dir='ltr' id='par_1_33' title="bbox 2132 5790 3704 5859">
     <span class='ocr_line' id='line_1_34' title="bbox 2132 5790 3704 5859; baseline 0.004 -14"><span class='ocrx_word' id='word_1_206' title='bbox 2132 5807 2251 5845; x_wconf 89' lang='lat' dir='ltr'><strong>cum</strong></span> <span class='ocrx_word' id='word_1_207' title='bbox 2281 5790 2527 5859; x_wconf 84' lang='lat' dir='ltr'><strong>tacrymis</strong></span> <span class='ocrx_word' id='word_1_208' title='bbox 2555 5790 2698 5845; x_wconf 85' lang='lat' dir='ltr'><strong>dicas</strong></span> <span class='ocrx_word' id='word_1_209' title='bbox 2717 5831 2732 5854; x_wconf 86' lang='lat'><strong>,</strong></span> <span class='ocrx_word' id='word_1_210' title='bbox 2764 5791 2993 5847; x_wconf 86' lang='lat' dir='ltr'><strong>Contere</strong></span> <span class='ocrx_word' id='word_1_211' title='bbox 3017 5792 3334 5849; x_wconf 90' lang='lat' dir='ltr'><strong>obduratum</strong></span> <span class='ocrx_word' id='word_1_212' title='bbox 3369 5811 3462 5850; x_wconf 89' lang='lat' dir='ltr'><strong>cor</strong></span> <span class='ocrx_word' id='word_1_213' title='bbox 3484 5812 3660 5850; x_wconf 90' lang='lat' dir='ltr'><strong>meum</strong></span> <span class='ocrx_word' id='word_1_214' title='bbox 3689 5814 3704 5853; x_wconf 90' lang='lat'><strong>:</strong></span> 
     </span>
    </p>
   </div>
   <div class='ocr_carea' id='block_1_34' title="bbox 2135 5881 3703 5956">
    <p class='ocr_par' dir='ltr' id='par_1_34' title="bbox 2135 5881 3703 5956">
     <span class='ocr_line' id='line_1_35' title="bbox 2135 5881 3703 5956; baseline 0.006 -23"><span class='ocrx_word' id='word_1_215' title='bbox 2135 5889 2341 5951; x_wconf 70' lang='lat' dir='ltr'><strong>quantm</strong></span> <span class='ocrx_word' id='word_1_216' title='bbox 2369 5882 2588 5952; x_wconf 83' lang='lat' dir='ltr'><strong>pietatis</strong></span> <span class='ocrx_word' id='word_1_217' title='bbox 2620 5883 2800 5951; x_wconf 84' lang='lat' dir='ltr'><strong>quanti</strong></span> <span class='ocrx_word' id='word_1_218' title='bbox 2831 5881 3060 5939; x_wconf 77' lang='lat' dir='ltr'><strong>fervoris</strong></span> <span class='ocrx_word' id='word_1_219' title='bbox 3090 5886 3296 5956; x_wconf 82' lang='lat' dir='ltr'><strong>signum</strong></span> <span class='ocrx_word' id='word_1_220' title='bbox 3340 5901 3460 5941; x_wconf 89' lang='lat' dir='ltr'><strong>esse</strong></span> <span class='ocrx_word' id='word_1_221' title='bbox 3503 5896 3703 5956; x_wconf 84' lang='lat' dir='ltr'><strong>putan-</strong></span> 
     </span>
    </p>
   </div>
   <div class='ocr_carea' id='block_1_35' title="bbox 2138 5971 3700 6045">
    <p class='ocr_par' dir='ltr' id='par_1_35' title="bbox 2138 5971 3700 6045">
     <span class='ocr_line' id='line_1_36' title="bbox 2138 5971 3700 6045; baseline 0.005 -18"><span class='ocrx_word' id='word_1_222' title='bbox 2138 5975 2260 6028; x_wconf 91' lang='lat' dir='ltr'><strong>dum</strong></span> <span class='ocrx_word' id='word_1_223' title='bbox 2305 5972 2423 6026; x_wconf 88' lang='lat' dir='ltr'><strong>est?</strong></span> <span class='ocrx_word' id='word_1_224' title='bbox 2452 5971 2608 6028; x_wconf 89' lang='lat' dir='ltr'><strong>Certe</strong></span> <span class='ocrx_word' id='word_1_225' title='bbox 2645 5974 2689 6029; x_wconf 91' lang='lat' dir='ltr'><strong>si</strong></span> <span class='ocrx_word' id='word_1_226' title='bbox 2735 5983 2794 6030; x_wconf 90' lang='lat' dir='ltr'><strong>ut</strong></span> <span class='ocrx_word' id='word_1_227' title='bbox 2824 5991 2922 6032; x_wconf 85' lang='lat' dir='ltr'><strong>nos</strong></span> <span class='ocrx_word' id='word_1_228' title='bbox 2965 5975 3287 6032; x_wconf 78' lang='lat' dir='ltr'><strong>dormientes</strong></span> <span class='ocrx_word' id='word_1_229' title='bbox 3325 5987 3614 6045; x_wconf 77' lang='lat' dir='ltr'><strong>excitares.</strong></span> <span class='ocrx_word' id='word_1_230' title='bbox 3647 5979 3700 6035; x_wconf 52' lang='lat' dir='ltr'><strong>at&quot;</strong></span> 
     </span>
    </p>
   </div>
  </div>
