4532 6726
823 586 930 643 395

827 703 931 754 hoc
958 708 1327 769 argumentum
1350 697 1671 769 pertraxisti,
1694 704 1938 765 magnam
1964 695 2107 749 illam
2140 704 2281 747 tuam
2312 704 2401 744 sa-

827 791 1076 859 pientiam
1108 789 1597 858 providentiamque
1618 786 1853 856 approbo
1878 800 1893 849 ;
1924 785 2005 839 sin
2035 793 2209 839 autem
2236 789 2292 834 ut
2313 778 2405 833 tibi

826 881 1172 945 consuleres,
1222 891 1370 934 ratus
1410 888 1462 933 te
1489 878 1751 932 excitante
1776 890 1910 945 Opus
1949 875 2146 930 habere
2172 915 2186 940 ,
2229 870 2409 925 nescio

830 984 939 1037 quo
965 979 1120 1037 pacto
1148 984 1246 1022 nos
1276 967 1487 1022 aliunde
1516 966 1761 1021 docueris
1781 1006 1795 1031 ,
1827 975 1877 1020 te
1906 981 2011 1019 non
2047 977 2223 1019 nostra
2253 975 2409 1029 egere

832 1074 1017 1127 opera.
1049 1057 1177 1115 Utut
1222 1073 1347 1111 vero
1372 1057 1477 1120 sit,
1512 1057 1604 1110 tibi
1646 1057 2133 1126 obtcmperabimus
2161 1063 2215 1109 et
2250 1051 2410 1106 obse-

831 1165 1077 1217 quemur,
1120 1150 1280 1202 nullis
1329 1163 1435 1201 non
1465 1149 1756 1203 rationibus
1790 1149 2051 1219 permoti,
2093 1156 2181 1201 tua
2222 1157 2412 1212 nempe

834 1237 887 1290 in
923 1238 1086 1291 Deum
1119 1237 1305 1291 liducia
1331 1279 1346 1302 ,
1374 1238 1615 1293 studioso
1658 1251 1875 1309 rogatu,
1908 1254 2088 1293 amore
2115 1236 2303 1291 nostri.
2334 1234 2415 1289 'l‘u

833 1330 1053 1397 gratiam
1084 1330 1347 1398 rependas
1388 1332 1550 1385 velim
1596 1333 1839 1401 precibus
1885 1332 2023 1396 tuis,
2061 1338 2121 1383 ut
2149 1328 2414 1399 possimus

832 1428 887 1472 et
926 1419 1089 1472 vitam
1130 1421 1418 1475 emendare
1463 1431 1696 1475 nostram
1743 1422 1790 1486 ¹,
1832 1429 1886 1474 et
1937 1421 1986 1473 in
2031 1418 2280 1489 praesenti
2329 1418 2413 1471 di-

834 1526 997 1577 gnum
1029 1512 1299 1582 quidpiam
1328 1512 1583 1581 proferre,
1612 1511 1752 1581 quod
1775 1513 1942 1581 possit
1965 1522 2019 1567 ct
2039 1513 2278 1581 jacentes
2303 1512 2415 1565 ani-

840 1618 958 1656 rras
982 1603 1207 1671 erigere,
1240 1612 1293 1657 et
1321 1605 1571 1658 remissas
1612 1605 1974 1676 constringere
2004 1607 2413 1675 restituereque.

840 1693 991 1748 [inde
1013 1694 1169 1765 igitur
1187 1694 1359 1758 nobis,
1382 1694 1525 1751 unde
1543 1697 1808 1752 sermonis
1825 1697 2099 1752 exordium
2116 1696 2252 1752 erit?
2267 1695 2418 1763 Quod

835 1784 910 1837 illi
948 1782 1385 1852 fundamentum,
1426 1801 1585 1857 quam
1624 1787 1949 1857 crepidinem
1984 1803 2272 1858 ponemus,
2319 1789 2419 1843 nisi

836 1874 998 1929 verba
1027 1874 1259 1942 Christi,
1293 1878 1381 1947 qui
1408 1880 1632 1933 miseros
1662 1878 1916 1948 prmdicat
1950 1896 2043 1934 eos
2079 1882 2166 1947 qui
2210 1880 2417 1945 rident,

838 1964 1025 2019 beatos
1044 1975 1219 2021 autem
1246 1983 1342 2023 eos
1370 1970 1461 2038 qui
1490 1969 1688 2037 lugent,
1709 1970 1789 2021 his
1819 1969 1994 2023 verbis
2023 1987 2035 2020 :
2064 1970 2205 2022 Beati
2231 1971 2319 2038 qui
2343 1971 2423 2022 lu-

838 2063 975 2123 gent,
998 2056 1235 2121 quoniam
1250 2057 1349 2123 ipsi
1360 2057 1747 2110 consolabuntur
1770 2055 2120 2127 (Matt/1.5.5):
2146 2066 2219 2120 et,
2235 2055 2323 2110 γω
2337 2058 2423 2126 qui

838 2145 1012 2198 ridetis
1024 2163 1175 2212 nunc,
1196 2148 1433 2214 quoniam
1456 2147 1686 2217 lugebitis
1715 2158 1761 2200 et
1784 2149 1965 2217 ﬂebitis
1987 2147 2134 2216 (Luc.
2153 2147 2325 2220 6.25).
2344 2151 2422 2204 Ac

836 2236 958 2306 jure
974 2238 1166 2292 merito
1195 2238 1411 2308 quidem
1432 2256 1444 2291 :
1466 2238 1639 2293 luctus
1658 2240 1797 2293 enim
1825 2255 1971 2306 vere,
1986 2241 2159 2295 luctus
2180 2256 2241 2295 ac
2256 2241 2425 2310 gemi-

846 2337 993 2381 tuum
1013 2337 1095 2383 est
1115 2336 1282 2383 totum
1301 2329 1583 2399 praesentis
1599 2330 1721 2384 vitae
1744 2339 1971 2401 tempus:
1992 2340 2136 2385 tanta
2152 2331 2426 2386 calamitas

839 2418 1144 2473 universum
1171 2419 1365 2474 invasit
1394 2420 1605 2486 orbem,
1637 2430 1782 2476 tanta
1811 2437 1999 2477 omnes
2023 2422 2267 2478 homines
2291 2423 2429 2479 deti-

843 2518 975 2564 nent
1001 2510 1156 2575 mala,
1182 2519 1243 2565 ut
1266 2510 1311 2565 si
1332 2511 1449 2581 quis
1479 2512 1606 2565 velit
1633 2527 1692 2566 ea
1719 2522 1967 2568 accurate
1992 2513 2321 2584 perpendere
2340 2556 2355 2580 ,
2384 2515 2429 2569 si

844 2608 1021 2655 tamen
1064 2610 1310 2657 accurate
1354 2603 1559 2670 possit,
1603 2618 1891 2671 numquam
1932 2605 2089 2658 linem
2130 2604 2344 2672 lugendi
2374 2612 2430 2659 et

844 2691 1171 2761 lacrymandi
1201 2690 1433 2744 facturus
1472 2692 1578 2745 sit:
1615 2692 1686 2746 ita
1714 2707 1905 2762 nempe
1931 2694 2108 2746 omnia
2146 2708 2332 2747 eversa
2373 2702 2429 2747 et

843 2778 1063 2833 confusa
1093 2790 1215 2833 sunt
1236 2821 1251 2845 ,
1283 2780 1354 2834 ita
1384 2780 1585 2834 nullum
1622 2796 1844 2850 usquam
1886 2782 2096 2836 virtutis
2121 2782 2423 2852 vestigium.

845 2870 995 2935 Quod
1043 2881 1221 2925 autem
1261 2871 1414 2940 longe
1458 2870 1720 2926 infelicius
1759 2880 1872 2937 est,
1918 2886 2017 2925 nos
2055 2872 2425 2940 occupantium

847 2961 1107 3015 malorum
1148 2976 1214 3014 ne
1254 2975 1468 3015 sensum
1505 2961 1719 3031 quidem
1759 2960 1845 3016 vel
1877 2961 2166 3027 habemus,
2196 2961 2280 3015 vel
2308 2961 2427 3017 aliis

849 3052 1183 3120 prwbemus;
1226 3051 1321 3104 sed
1364 3052 1566 3105 similes
1608 3066 1793 3107 sumus
1835 3052 2047 3121 corpori
2097 3052 2427 3107 extrinsecus

850 3141 1080 3205 ﬂorenti,
1118 3141 1436 3194 intrinsecus
1466 3156 1593 3195 vero
1620 3142 1740 3211 igne
1766 3142 2078 3210 liquescenti
2107 3160 2119 3195 :
2152 3143 2427 3212 omnisque

851 3248 1041 3286 sensus
1068 3242 1342 3302 expertes,
1374 3232 1504 3286 nihil
1531 3233 1825 3288 differimus
1854 3249 1883 3286 a
1912 3245 2089 3288 mente
2113 3235 2311 3304 captis,
2343 3234 2429 3303 qui

853 3325 1017 3378 multa
1065 3325 1361 3393 periculosa
1410 3334 1465 3379 et
1514 3325 1685 3394 turpia
1733 3327 1850 3379 sine
1881 3334 2024 3379 metu
2061 3326 2242 3381 dicunt
2266 3338 2319 3381 et
2348 3327 2429 3381 fa-

847 3418 1013 3481 ciunt,
1034 3432 1129 3471 nec
1146 3417 1256 3470 ullo
1274 3416 1472 3486 pudore
1494 3426 1762 3482 tenentur,
1785 3416 1877 3471 sed
1904 3418 2197 3487 gloriantur
2220 3418 2434 3473 adstan-

851 3507 1098 3577 libusque
1126 3522 1186 3562 se
1210 3507 1559 3577 sapientiores
1589 3523 1709 3563 esse
1736 3518 1939 3577 putant.
1968 3508 2039 3563 Ita
2066 3518 2121 3563 et
2148 3523 2248 3563 nos
2266 3551 2281 3575 ,
2313 3524 2433 3564 cum

847 3600 1025 3653 omnia
1067 3614 1188 3669 qua:
1229 3609 1546 3668 azgrotorum
1590 3610 1713 3655 sunt
1737 3616 1986 3671 agamus,
2018 3617 2086 3656 ne
2126 3600 2228 3656 hoc
2259 3602 2431 3671 ipsum

849 3690 1064 3760 quidem
1085 3732 1101 3756 ,
1128 3691 1269 3760 quod
1300 3698 1646 3760 aegrotamus,
1692 3693 1909 3746 scimus.
1941 3694 2008 3746 At
2033 3693 2173 3747 enim
2200 3692 2342 3761 quod
2365 3692 2433 3746 ad

852 3795 1051 3849 corpus
1072 3789 1312 3850 spectat,
1334 3782 1379 3835 si
1405 3781 1487 3835 vel
1515 3782 1646 3836 levis
1674 3782 1956 3837 inﬁrmitas
1992 3782 2162 3847 adsit,
2195 3782 2433 3837 medicos

850 3871 1214 3934 advocamus,
1253 3871 1506 3941 pecunias
1546 3871 1905 3941 impendimus
1928 3913 1945 3938 ,
1988 3873 2429 3941 perseverantiam

852 3965 1167 4020 exhibemus
1189 4006 1204 4030 ,
1254 3981 1352 4020 nec
1380 3965 1525 4035 prius
1555 3966 1715 4019 linem
1749 3965 1924 4019 omnia
1953 3965 2141 4034 agendi
2170 3964 2389 4019 facimus
2410 4006 2425 4029 ,

852 4070 1014 4124 quam
1055 4055 1421 4126 aegritudinem
1465 4055 1835 4125 deponamus;
1878 4057 2071 4109 animae
2102 4071 2228 4109 vero
2262 4058 2433 4124 quoli-

854 4146 1030 4200 dianis
1062 4147 1363 4201 vulneribus
1391 4146 1651 4202 confossa:
1671 4188 1686 4211 ,
1729 4147 2010 4215 discerpta:
2039 4147 2313 4216 corporeis
2352 4148 2431 4200 af-

856 4234 1209 4302 fectionibus,
1240 4235 1443 4291 adusta:
1466 4275 1482 4301 ,
1522 4250 1619 4304 per
1654 4236 1942 4304 praecipitia
1981 4246 2145 4301 actm,
2176 4251 2240 4289 ac
2266 4236 2435 4290 modis

854 4326 1105 4382 omnibus
1145 4327 1417 4397 pereuntis
1444 4368 1461 4392 ,
1506 4341 1575 4381 ne
1613 4327 1884 4381 minimam
1914 4329 2129 4397 quidem
2174 4328 2434 4383 rationem

856 4418 1131 4474 habemus.
1176 4419 1344 4488 llujus
1378 4428 1552 4473 autem
1582 4418 1659 4473 rei
1687 4433 1845 4473 causa
1872 4429 1989 4487 est,
2035 4420 2174 4490 quod
2219 4422 2437 4475 morbus

855 4524 1044 4564 omnes
1065 4510 1359 4579 occuparit.
1389 4512 1466 4565 Ac
1489 4509 1938 4581 quemadmodum
1964 4552 1979 4574 ,
2024 4512 2066 4564 si
2095 4513 2232 4566 inter
2260 4528 2437 4583 aegros

858 4614 1081 4667 corpore
1120 4614 1278 4654 nemo
1306 4615 1467 4654 sanus
1510 4600 1686 4665 adsit,
1729 4599 1863 4654 nihil
1902 4600 2118 4669 impedit
2154 4604 2437 4670 quominus

861 4707 1051 4746 omnes
1077 4693 1130 4746 in
1156 4703 1448 4747 extremam
1487 4703 1645 4747 ruant
1671 4692 1965 4762 perniciem
1986 4734 2001 4758 ,
2028 4693 2238 4747 nemine
2267 4693 2436 4749 ειτηε-

860 4798 954 4837 nes
1001 4798 1187 4839 eorum
1231 4783 1508 4852 cupidines
1549 4783 1836 4838 cohibente
1873 4799 1886 4834 :
1940 4786 2017 4837 sic
2041 4792 2097 4838 et
2136 4783 2273 4852 apud
2304 4800 2432 4847 nos,

859 4874 998 4943 quod
1029 4889 1185 4928 nemo
1208 4872 1440 4941 perfecte
1463 4888 1625 4929 sanus
1653 4873 1706 4928 in
1735 4872 1839 4929 fide
1858 4873 1949 4939 sit,
1981 4872 2075 4927 sed
2097 4887 2285 4926 omnes
2305 4914 2319 4937 ,
2348 4873 2437 4927 alii

865 4967 1011 5033 plus,
1036 4964 1128 5018 alii
1150 4965 1327 5019 minus
1347 4966 1703 5032 inllrmentur,
1735 4980 1894 5021 nemo
1923 4977 2005 5021 εει
2030 4965 2118 5035 qui
2142 4965 2439 5034 jacentibus

862 5058 1171 5125 opituletur.
1228 5057 1359 5111 Nam
1408 5059 1452 5112 si
1507 5060 1623 5127 quis
1667 5060 2000 5115 extrinsecus
2047 5058 2343 5121 accedens,
2387 5067 2441 5112 et

862 5148 1054 5200 tiliristi
1083 5158 1345 5215 prmcepta
1368 5187 1382 5211 ,
1412 5157 1464 5200 et
1490 5149 1611 5202 vita:
1651 5159 1846 5203 nostra:
1880 5150 2242 5204 confusionem
2275 5148 2440 5217 probe

863 5238 1123 5302 didicerit,
1152 5238 1335 5292 nescio
1364 5253 1431 5292 an
1472 5241 1749 5308 quospiam
1778 5240 1913 5292 alios
1939 5239 2152 5294 Christo
2180 5238 2436 5293 inimicio-

865 5343 969 5390 res,
994 5343 1149 5396 quam
1196 5344 1294 5383 nos
1333 5344 1451 5383 esse
1482 5330 1817 5383 arbitretur:
1857 5330 1928 5382 ita
1968 5331 2106 5383 enim
2140 5330 2277 5384 hanc
2302 5329 2437 5382 viam

865 5416 1224 5485 decurrimus,
1264 5434 1326 5475 ac
1369 5421 1412 5473 si
1455 5421 1775 5475 contrariam
1804 5420 1921 5490 ejus
1948 5421 2206 5476 mandatis
2238 5420 2439 5490 ingredi

867 5506 1147 5563 vellemus.

932 5596 986 5653 2.
1020 5596 1097 5653 Ne
1124 5600 1241 5668 quis
1274 5610 1446 5656 autem
1487 5602 1603 5657 hrec
1645 5618 1740 5673 per
1782 5601 2105 5673 hyperbolen
2136 5603 2275 5657 dicta
2316 5616 2435 5656 esse

863 5692 1164 5756 existimet,
1205 5691 1706 5748 demonstrationem
1748 5694 1855 5762 jam
1898 5692 2087 5747 afferre
2136 5691 2438 5763 aggrediar,

866 5798 961 5835 nec
1001 5783 1215 5837 aliunde
1239 5825 1255 5845 ,
1286 5800 1443 5851 quam
1486 5802 1549 5839 ex
1595 5786 1722 5853 ipsis
1750 5784 1947 5840 Christi
1992 5785 2272 5839 mandatis.
2303 5782 2439 5850 Quid

865 5887 987 5940 ergo
1022 5874 1094 5928 ait
1130 5875 1408 5930 Christus?
1445 5874 1667 5930 Audistis
1695 5878 1812 5945 quia
1851 5876 2037 5930 dictant
2078 5886 2151 5930 est
2184 5875 2435 5945 antiquis,

927 5984 944 6013 ⁸
979 5990 1139 6036 Deest.
1167 5992 1393 6044 nostram,
1418 5986 1608 6034 int‘olh.
1635 5994 1832 6037 tantum.

1530 584 1587 640 S.
1626 578 1902 639 JOANNIS
1940 571 2411 637 CllRYSOSTOMl
2451 571 2769 629 ARCIllEP.
2810 571 3345 633 CONSTANTlNOP.

3990 575 4097 631 396

2515 686 2634 741 Non
2665 688 2878 742 occides.
2912 690 3021 762 Ego
3051 702 3217 746 autem
3243 691 3353 744 dico
3373 688 3525 751 vobis,
3554 690 3673 758 quia
3701 692 3861 745 omnis
3881 710 3966 760 qui
3988 697 4097 747 ira-

2512 781 2669 834 scitur
2695 781 2842 850 fratri
2869 798 2960 834 suo
2986 786 3095 838 sine
3115 801 3289 851 causa,
3318 799 3432 837 reus
3452 782 3541 835 erit
3559 781 3776 851 judicio.
3810 782 3908 846 Qui
3928 797 4099 840 autem

2514 873 2695 927 dixerit
2726 874 2873 943 fratri
2911 891 3004 927 suo
3023 916 3038 941 ,
3069 894 3191 929 raca
3211 919 3227 943 ,
3256 894 3371 930 reus
3409 877 3499 930 erit
3528 874 3759 927 concilio.
3794 873 3894 936 Qui
3930 886 4101 929 autem

2516 965 2697 1017 dixerit
2717 1005 2730 1027 ,
2760 968 2896 1034 fatue
2917 1004 2932 1028 ,
2973 982 3090 1017 reus
3122 968 3217 1019 erit
3255 967 3492 1037 gehennte
3516 967 3646 1035 ignis
3678 963 3885 1035 (Matth.
3918 964 3971 1017 5.
4002 965 4098 1019 21.

2516 1056 2627 1125 22).
2656 1056 2777 1109 llznc
2802 1055 3014 1123 quidem
3046 1054 3308 1109 Christus.
3337 1057 3447 1111 Nos
3475 1066 3651 1112 autem
3690 1055 3807 1126 plus
3830 1096 3843 1118 ,
3874 1069 4033 1121 quam
4063 1053 4102 1108 ii

2517 1148 2605 1217 qui
2633 1146 2887 1200 increduli
2929 1154 3071 1208 sunt,
3104 1145 3242 1199 hanc
3268 1145 3439 1215 legem
3464 1149 3752 1213 calcamus,
3784 1147 3906 1200 dum
3934 1146 4097 1198 innu-

2518 1238 2681 1293 meris
2705 1236 2940 1307 quotidie
2970 1235 3159 1290 fratres
3187 1243 3398 1290 nostros
3436 1238 3699 1293 allicimus
3737 1238 4096 1293 contumeliis.

2519 1327 2779 1397 Quodque
2807 1327 2974 1397 magis
3012 1326 3292 1381 ridiculum
3319 1334 3420 1389 est,
3453 1327 3578 1381 dum
3611 1330 3678 1384 ab
3706 1330 3804 1384 hac
3834 1345 3983 1393 voce,
4011 1332 4100 1398 fa-

2523 1428 2662 1485 tuus,
2686 1434 2955 1483 cavemus,
2988 1434 3129 1488 saepe
3159 1417 3258 1472 hac
3285 1417 3557 1487 graviores
3585 1423 3934 1476 contumelias
3960 1421 4103 1475 irro-

2520 1525 2727 1580 gamus,
2757 1511 2906 1580 quasi
2945 1526 3070 1564 vero
3098 1509 3223 1564 illud
3249 1510 3420 1565 solum
3450 1509 3671 1563 verbum
3702 1512 3791 1577 sit,
3816 1513 3898 1567 cui
3930 1512 4105 1581 depu-

2524 1608 2633 1654 tata
2672 1609 2753 1654 est
2793 1614 2970 1669 poena.
3014 1603 3083 1654 At
3111 1616 3197 1655 res
3236 1616 3341 1655 non
3386 1600 3454 1652 ita
3493 1614 3551 1653 se
3596 1598 3786 1665 habet,
3820 1602 3912 1655 sed
3955 1603 4103 1657 omni

2524 1692 2915 1747 contumelioso
2951 1692 3087 1747 hanc
3125 1692 3311 1748 indicit
3346 1707 3590 1762 poenam,
3622 1702 3678 1743 ut
3715 1693 3885 1760 palam
3924 1703 4007 1748 est
4037 1710 4103 1747 ex

2527 1784 2611 1839 his
2640 1785 2786 1838 Pauli
2813 1785 2990 1839 verbis
3014 1802 3027 1837 ε
3058 1783 3232 1839 Nolite
3252 1801 3437 1848 errare,
3466 1800 3619 1852 neque
3643 1784 3921 1853 fornicarii,
3945 1801 4107 1855 neque

2526 1876 2830 1941 idololatria,
2858 1892 3013 1941 neque
3048 1876 3288 1943 adulteri,
3321 1893 3477 1947 neque
3501 1876 3695 1940 molles,
3722 1890 3878 1944 neque
3905 1893 4106 1929 mascu-

2528 1969 2693 2021 lorum
2735 1968 3075 2021 concubitores
3096 2008 3111 2030 ,
3148 1985 3305 2040 neque
3349 1973 3484 2039 [ures
3507 2011 3521 2033 ,
3558 1984 3711 2034 neque
3744 1971 3882 2020 avari
3902 2009 3918 2031 ,
3945 1984 4107 2036 neque

2524 2058 2724 2123 ebriosi,
2750 2074 2907 2126 neque
2926 2060 3181 2124 maledici,
3208 2077 3367 2129 neque
3392 2076 3617 2126 rapaces,
3642 2074 3845 2127 regnum
3870 2056 3966 2110 Dei
3986 2074 4105 2127 pos-

2524 2149 2753 2204 sidebunt
2788 2148 2872 2223 (l.
2906 2149 3024 2204 Cor.
3054 2151 3111 2205 6.
3140 2152 3193 2206 9.
3237 2152 3356 2222 10).
3395 2151 3543 2218 Quod
3587 2151 3631 2204 si
3669 2152 3745 2213 is,
3771 2149 3860 2219 qui
3900 2148 4103 2201 fatuum

2525 2252 2683 2299 vocat
2710 2242 2927 2299 fratrem
2956 2258 3108 2298 suum
3129 2286 3144 2307 ,
3178 2253 3422 2299 extremo
3455 2244 3643 2313 dignus
3677 2252 3758 2296 est
3792 2240 4052 2310 supplicio
4085 2258 4098 2292 :

2529 2338 2619 2407 qui
2646 2336 2945 2391 maleﬁcum
2967 2378 2981 2399 ,
3010 2335 3247 2390 invidum
3268 2379 3285 2403 ,
3316 2336 3654 2390 temerarium
3676 2377 3690 2398 ,
3722 2334 3893 2388 inanis
3918 2333 4107 2402 gloria:

2530 2428 2779 2499 cupidum
2804 2428 2964 2493 dicit,
2993 2436 3046 2483 et
3073 2426 3266 2482 similia
3296 2428 3570 2483 innumera
3598 2427 3650 2481 in
3676 2443 3796 2481 eum
3825 2425 4105 2480 maledicta

2532 2518 2767 2588 conjicit,
2795 2518 3005 2588 quantis
3030 2532 3089 2572 se
3114 2517 3376 2587 gehennae
3412 2518 3639 2573 ﬂammis
3667 2517 3951 2571 obnoxium
3978 2515 4104 2570 red-

2530 2608 2647 2663 dit?
2677 2608 2806 2663 lllud
2832 2608 2971 2662 enim
2992 2649 3006 2673 ,
3030 2607 3168 2677 fatue
3194 2616 3249 2663 et
3278 2624 3399 2661 raca
3416 2648 3431 2671 ,
3459 2608 3614 2677 longe
3650 2607 3817 2661 levius
3841 2616 3920 2659 est
3946 2620 4108 2675 supra

2531 2699 2709 2755 dictis.
2728 2699 3080 2766 Quamobrem
3108 2700 3199 2754 illo
3218 2701 3439 2765 omisso,
3460 2699 3560 2753 hoc
3583 2700 3825 2769 apposuit
3845 2699 4105 2755 Christus.

2532 2801 2593 2846 ut
2617 2791 2792 2847 discas
2818 2807 2882 2846 ex
2921 2790 3039 2861 ejus
3067 2790 3243 2846 verbis
3261 2832 3277 2857 ,
3304 2791 3347 2845 si
3382 2791 3550 2845 levius
3577 2789 3873 2845 convicium
3901 2788 4108 2857 gehen-

2533 2897 2656 2937 nam
2684 2882 2919 2950 attrahit,
2953 2883 3119 2938 multo
3148 2882 3319 2954 magis
3344 2898 3463 2953 quae
3487 2880 3730 2952 graviora
3758 2892 3812 2936 et
3844 2880 4107 2935 atrociora

2531 2980 2659 3026 sunt
2682 2972 2734 3026 id
2756 2971 3006 3027 ellectura
3031 2987 3170 3027 esse.

2606 3061 2848 3117 Maledici
2884 3081 2916 3116 a
2951 3081 3105 3134 regno
3147 3064 3385 3117 calorum
3424 3062 3632 3118 exclusi.
3658 3093 3730 3103 —
3753 3062 3901 3130 Quod
3939 3062 3983 3115 si
4015 3062 4110 3132 qui

2530 3154 2842 3208 existiment
2868 3154 2919 3208 id
2948 3171 3040 3222 per
3066 3154 3388 3225 hyperbolen
3414 3153 3516 3208 dici
3540 3154 3846 3225 (nonnullos
3869 3152 4008 3207 enim
4032 3153 4114 3207 sic

2531 3242 2752 3297 affectos
2779 3244 2935 3306 novi,
2965 3245 3053 3314 qui
3086 3254 3272 3313 putant
3299 3245 3530 3299 terrendi
3559 3245 3730 3298 solum
3759 3258 3917 3298 causa
3948 3242 4114 3298 hasce

2532 3334 2702 3387 minas
2728 3334 3022 3402 intentari),
3046 3343 3209 3388 restat
3228 3344 3285 3388 ut
3304 3334 3593 3397 adulteros,
3615 3335 3963 3389 masculorum
3984 3349 4115 3389 con-

2534 3425 2801 3479 cubitores
2821 3465 2841 3491 ,
2880 3425 3102 3488 molles,
3134 3425 3435 3479 idololatras
3471 3440 3500 3478 a
3532 3434 3823 3479 memorato
3858 3424 4116 3494 supplicio

2537 3515 2786 3569 eximant.
2813 3514 2944 3569 Nam
2971 3515 3014 3569 si
3044 3515 3273 3570 terrendi
3299 3515 3469 3570 solum
3490 3530 3651 3569 causa
3671 3515 3941 3571 maledicis
3966 3531 4115 3570 eom-

2538 3604 2765 3659 minatus
2794 3614 2892 3670 est,
2922 3605 3092 3674 palam
3114 3616 3196 3659 est
3223 3614 3277 3659 et
3292 3604 3360 3660 de
3383 3605 3599 3674 reliquis
3617 3604 3856 3659 eamdem
3880 3619 3998 3659 esse
4022 3620 4115 3658 ra-

2539 3696 2737 3750 tionem
2768 3714 2779 3749 :
2811 3712 2931 3751 cum
2960 3697 3099 3750 enim
3137 3710 3324 3750 omnes
3352 3695 3507 3748 simul
3538 3694 3836 3764 posuisset,
3862 3695 3939 3748 sic
3964 3696 4115 3763 regni

2536 3786 2877 3841 amissionem
2909 3787 3100 3840 intulit.
3128 3784 3264 3853 Quid
3292 3785 3470 3854 igitur,
3498 3785 3723 3854 inquies,
3753 3784 4114 3838 maledicusne

2535 3890 2657 3929 cum
2685 3874 2927 3929 adultero
2954 3886 3008 3930 et
3032 3877 3195 3929 molle
3222 3884 3277 3928 et
3298 3890 3457 3928 avaro
3478 3883 3532 3928 et
3556 3875 3831 3930 idololatra
3854 3877 4116 3945 ponetur?

2536 3964 2725 4021 Utrum
2755 3965 2993 4029 easdem,
3024 3980 3153 4034 quas
3184 3965 3279 4028 illi,
3321 3980 3505 4033 pmnas
3532 3965 3750 4020 daturus
3777 3967 3864 4032 sit,
3893 3967 4118 4021 alterius

2535 4065 2619 4110 est
2645 4057 2899 4124 temporis
2926 4056 3194 4125 inquirere
3221 4073 3234 4108 :
3257 4056 3397 4124 quod
3423 4064 3597 4110 autem
3623 4071 3652 4108 a
3679 4072 3841 4125 regno
3863 4058 4113 4111 caelorum

2536 4148 2781 4201 similiter
2825 4146 3069 4211 excidat,
3111 4146 3276 4201 Paulo
3320 4145 3482 4200 credo
3524 4145 3751 4210 dicenti,
3795 4145 3901 4199 imo
3941 4148 4117 4215 potius

2535 4237 2744 4293 Christo
2772 4254 2869 4308 per
2899 4238 3044 4292 illum
3073 4237 3337 4308 operanti,
3366 4236 3506 4308 quod
3538 4252 3727 4306 nempe
3752 4252 3921 4307 neque
3944 4237 3998 4291 hi
4022 4254 4119 4292 nc-

2537 4344 2639 4399 que
2659 4328 2732 4382 illi
2755 4343 2975 4398 regnum
3006 4327 3098 4382 Dei
3130 4327 3427 4397 possessuri
3454 4327 3579 4380 sint.
3606 4324 3787 4395 Neque
3821 4326 3918 4380 hac
3942 4327 4116 4381 solum

2540 4420 2591 4472 in
2624 4433 2697 4481 re,
2729 4417 2822 4470 sed
2847 4418 3005 4471 etiam
3032 4417 3086 4470 in
3112 4417 3229 4469 aliis
3250 4416 3429 4471 multis
3456 4415 3662 4485 plurimi
3686 4416 3754 4469 ita
3774 4415 3941 4469 aﬂ‘ecti
3967 4427 4114 4482 sunt,

2544 4521 2599 4566 ut
2625 4528 2743 4582 quas
2771 4512 2989 4565 omnino
3016 4519 3267 4566 eventura
3296 4519 3452 4576 sunt,
3485 4509 3819 4580 hyperbolice
3844 4509 3982 4564 dicta
4011 4526 4113 4580 pu-

2543 4612 2675 4657 tent.
2706 4602 3002 4656 Diabolicus
3022 4608 3197 4654 autem
3219 4609 3301 4654 est
3325 4598 3410 4654 hic
3440 4599 3675 4671 laqueus.
3700 4600 3769 4656 Ut
3790 4601 3929 4654 enim
3953 4600 4115 4655 futuri

2540 4694 2783 4765 supplicii
2815 4702 3014 4746 metum
3042 4692 3270 4746 solveret
3296 4691 3380 4755 iis,
3408 4694 3496 4762 qui
3522 4692 3575 4746 in
3603 4693 3820 4747 caritate
3846 4692 3938 4747 Dei
3967 4706 4114 4746 com—

2541 4786 2722 4857 puncti
2771 4794 2924 4839 erant
2974 4784 3014 4846 ¹,
3073 4798 3267 4853 eosque
3318 4781 3383 4837 ad
3424 4781 3816 4851 obsequendum
3855 4781 4119 4834 mandatis

2540 4878 2873 4935 remissiores
2915 4873 3177 4940 efficeret,
3225 4874 3541 4944 hyperboles
3576 4873 3989 4928 consolationem
4030 4871 4115 4923 in-

2541 4968 2719 5034 duxit,
2751 4980 2871 5036 quze
2900 4965 2951 5019 in
2983 4966 3229 5033 prmsenti
3256 4963 3468 5033 quidem
3496 4964 3775 5033 segniores
3797 4962 4001 5016 animos
4030 4961 4116 5013 in-

2541 5074 2725 5115 escare
2750 5064 2956 5127 potest,
2983 5056 3072 5111 sed
3102 5057 3153 5110 in
3184 5057 3270 5110 die
3293 5055 3474 5124 judicii
3511 5056 3874 5124 redarguetur,
3904 5053 4119 5121 quando

2541 5150 2673 5205 nihil
2704 5149 2825 5203 inde
2863 5148 2990 5202 lucri
3022 5147 3275 5201 accedere
3303 5147 3512 5214 poterit.
3540 5146 3675 5214 Quid
3699 5146 3837 5199 enim
3855 5185 3867 5208 ,
3897 5159 4077 5211 quaeso
4097 5187 4115 5209 ,

2541 5239 2782 5295 utilitatis
2807 5239 2892 5305 iis,
2923 5239 3011 5308 qui
3045 5253 3187 5291 nunc
3215 5236 3423 5304 decepti
3460 5245 3603 5299 sunt,
3631 5236 3674 5291 si
3706 5245 3830 5289 tunc
3857 5234 4116 5288 fallaciam

2542 5341 2863 5401 agnoscant;
2895 5347 3015 5386 cum
3048 5330 3179 5384 nihil
3219 5345 3283 5381 ex
3324 5329 3632 5397 pmuitentia
3670 5332 3919 5397 poterunt
3946 5324 3996 5377 in
4026 5341 4114 5379 re-

2542 5424 2871 5477 surrectione
2888 5420 3093 5490 juvari?
3110 5418 3187 5472 Ne
3208 5419 3381 5488 itaque
3399 5418 3753 5484 nosmetipsos
3770 5414 4116 5484 decipiamus,

2545 5530 2718 5583 neque
2743 5512 3218 5566 circumveniamur
3246 5510 3299 5564 in
3330 5509 3617 5580 perniciem
3655 5514 3912 5571 nostram,
3944 5522 4118 5576 neque

2544 5604 2684 5658 aliud
2714 5602 2865 5657 nobis
2893 5601 3204 5670 supplicium
3234 5614 3605 5671 procuremus,
3635 5612 3821 5665 nempe
3847 5612 3910 5653 ex
3939 5598 4117 5653 incre-

2543 5697 2780 5750 dulitate.
2812 5694 2925 5749 Non
2960 5693 3099 5748 enim
3137 5694 3309 5746 solum
3349 5687 3611 5743 mandatis
3634 5685 3826 5741 Christi
3868 5703 3971 5740 non
4012 5687 4116 5740 ob-

2545 5798 2859 5857 temperare,
2896 5784 2988 5840 sed
3023 5785 3180 5839 etiam
3222 5784 3286 5836 iis
3327 5795 3433 5835 non
3471 5779 3705 5846 credere,
3744 5780 4115 5851 gravissimum

2610 5922 2622 5952 ⁸
2652 5929 2775 5973 llzcc,
2801 5919 2876 5975 iis,
2898 5917 2980 5979 qui
2998 5917 3045 5966 in
3071 5913 3269 5979 caritate
3296 5911 3382 5962 Dei
3402 5912 3844 5979 communierant,
3870 5912 4043 5960 desunt
4064 5911 4113 5959 in

2545 5982 2675 6033 Colb.
2706 5993 2755 6032 et
2780 5986 2823 6031 in
2846 5975 3005 6040 said,
3029 5988 3175 6039 atque
3202 5977 3247 6025 in
3272 5975 3433 6026 ωοτυι.
3460 5984 3640 6026 tantum
3672 5976 3925 6024 habentur.
