4454 6728
243 536 352 592 395

238 646 573 716 ἀποδέχομαι
620 645 718 715 τῆς
744 646 942 717 πολλῆς
966 662 981 678 ν
1015 645 1065 699 εἰ
1093 645 1150 698 δὲ
1191 641 1409 710 ἀληθῶς
1434 640 1494 693 τὸ
1542 639 1737 693 σαυτοῦ
1781 653 1907 717 6-5.6—

236 728 379 786 πῶν,
408 711 498 777 καὶ
532 725 625 780 τοῦ
653 711 1103 796 διαναστὴσοντος
1138 720 1345 775 δεῖσθαι
1377 719 1632 790 νομίζων,
1664 718 1765 771 οὐκ
1793 711 1912 769 οἶδα

237 806 358 869 πῶς
391 806 456 859 ἂν
486 806 687 877 ἑτέρως
724 807 872 877 ἡμᾶς
901 795 1168 865 ἐδίδαξας,
1215 800 1297 853 ὅτι
1328 817 1409 853 σοι
1451 798 1559 852 τῶν
1598 797 1723 869 παρ’
1753 795 1912 866 ἡμῶν

235 886 451 949 οὐδενὸς
476 886 575 939 δεῖ.
612 886 757 957 Πλὴν
791 884 927 938 ἀλλὰ
958 881 1054 935 καὶ
1082 879 1255 944 οὕτως
1287 878 1505 949 εῖξομέν
1543 895 1645 943 σοι,
1676 878 1771 931 καὶ
1793 893 1914 929 πει-

239 966 552 1038 σθησόμεθα
588 956 803 1021 πάντων
824 964 1031 1024 ἐνεκεν,
1058 962 1154 1013 καὶ
1180 960 1279 1030 τῆς
1314 960 1625 1031 παρρησίας
1644 959 1746 1028 τῆς
1775 956 1912 1027 πρὸς
1940 1035 1943 1037 ἓ

238 1048 333 1103 τὸν
352 1049 483 1102 Θεὸν
504 1048 718 1117 καὶτῆς
750 1045 879 1113 περὶ
896 1042 997 1112 τὴν
1026 1041 1242 1112 αἴτησιν
1276 1040 1532 1110 σπουδῆς,
1567 1042 1660 1095 καὶ
1687 1040 1788 1107 τῆς
1824 1055 1912 1107 φι-

240 1128 360 1191 λίας
390 1129 489 1198 τῆς
520 1131 654 1195 πρὸς
684 1124 835 1194 ἡμᾶς
858 1140 871 1153 ·
912 1124 974 1175 σὺ
1007 1122 1063 1176 δέ
1090 1124 1238 1193 ἡμᾶς
1280 1122 1401 1177 ἀντὶ
1441 1119 1644 1172 τούτων
1671 1121 1791 1181 ταῖς
1818 1117 1913 1198 γεὺ-

240 1210 363 1277 χαῖς
386 1197 504 1269 ταῖς
538 1208 657 1266 σαῖς
690 1201 942 1271 ἀμείϐου,
966 1200 1106 1254 ὣστε
1138 1204 1271 1272 ἡμῖν
1298 1213 1325 1241 ι
1358 1200 1453 1252 καὶ
1480 1200 1572 1251 τὸν
1603 1199 1714 1269 βίον
1741 1197 1911 1277 ὀρθω-

242 1276 405 1357 θῆναι
451 1284 545 1338 τοῦ
604 1281 817 1344 λοιποῦ,
861 1282 959 1334 καὶ
1003 1283 1059 1335 ἐν
1117 1281 1195 1352 τῷ
1243 1279 1472 1350 παρόντι
1518 1276 1809 1357 δυνηθῆναί
1858 1292 1912 1327 τι

240 1356 488 1435 γενναῖον
525 1364 719 1426 εἰπεῖν,
757 1362 850 1415 καί
886 1361 1066 1415 ἱκανὸν
1092 1361 1193 1424 τάς
1224 1376 1282 1413 τε
1324 1358 1583 1429 κειμένας
1611 1356 1914 1435 ἀναστῆσαι

244 1433 459 1506 καὶτὰς
482 1440 819 1512 παρειμένας
851 1441 1171 1511 ἐπισφίγξαι
1194 1438 1291 1492 καὶ
1315 1439 1682 1508 συγκροτῆσαι
1708 1433 1910 1505 ψυχάς.

242 1526 416 1581 Πόθεν
442 1518 536 1576 οὖν
562 1524 716 1591 ἡμῖν,
747 1522 908 1574 πόθεν
933 1521 1167 1591 ἀρκτέον
1208 1517 1398 1571 τούτου
1427 1518 1521 1572 τοῦ
1560 1518 1722 1586 λόγου
1747 1532 1761 1579 ;
1795 1513 1917 1567 τίνα

245 1603 397 1671 αύτῷ
440 1600 708 1671 θεμέλιον,
748 1600 907 1654 ποίαν
939 1599 1180 1671 κρηπῖδα
1213 1597 1483 1669 θὴσομενς
1521 1592 1597 1649 ἾΙ
1636 1594 1797 1664 δῆλον
1834 1594 1916 1645 ὅτι

246 1683 340 1736 τοῦ
393 1680 627 1749 Χριστοῦ
659 1680 727 1733 τά
762 1682 1002 1752 ῥήματα,
1027 1678 1095 1731 δι’
1130 1674 1205 1730 ὧν
1243 1676 1514 1739 ταλανίζει
1551 1677 1648 1747 μὲν
1677 1674 1802 1736 τοὺς
1832 1689 1918 1740 γε-

246 1763 493 1825 λῶντας,
538 1762 595 1812 ἐν
630 1761 687 1814 δέ
734 1763 846 1823 τοῖς
890 1756 1347 1829 μακαριζομένοις
1387 1757 1568 1827 τίθησι
1616 1756 1745 1816 τοὺς
1791 1769 1917 1804 πεν-

248 1841 496 1902 θοῦντας,
519 1839 717 1893 οὑτωσὶ
753 1839 924 1907 λέγων
945 1854 959 1868 ·
994 1835 1287 1904 Μακάριοι
1317 1838 1371 1889 al
1409 1833 1797 1899 πενθοῦντες,
1828 1830 1918 1884 ὅτι

248 1921 417 1976 αὐτοὶ
445 1918 1017 1985 παρακληθήσονται
1033 1932 1050 1948 ⁸
1073 1915 1189 1979 καὶ,
1221 1914 1363 1968 Οὐαὶ
1384 1918 1438 1969 οἱ
1456 1912 1752 1984 γελῶντες
1777 1909 1917 1973 νῦν,

249 2003 341 2055 ὅτι
364 1995 695 2062 πενθήσετε
723 1995 823 2049 καὶ
852 1997 1169 2050 κλαύσετε.
1191 1992 1302 2047 Kal
1334 1994 1476 2063 μάλα
1506 1993 1731 2055 εἰκότως
1750 2006 1764 2021 ’
1792 1989 1921 2043 πένο

248 2082 376 2143 θους
407 2077 518 2149 γάρ
549 2074 787 2145 ἀληθῶς,
820 2075 1048 2139 πένθους
1085 2073 1183 2127 καὶ
1206 2072 1454 2142 ὀδυρμῶν
1490 2075 1518 2125 6
1545 2070 1734 2142 παρὼν
1774 2070 1921 2132 ἀπας

252 2158 441 2228 καιρός
464 2175 478 2189 ο
520 2153 744 2223 τοιαύτη
796 2153 1052 2224 συμφορά
1091 2152 1190 2223 τὴν
1230 2152 1551 2221 οἰκουμένην
1594 2149 1921 2219 κατείληφεν

250 2240 488 2302 ἃπασαν,
537 2233 763 2288 τοιαῦτα
809 2233 1055 2297 ἅπαντας
1108 2230 1428 2303 ἀνθρώπους
1475 2229 1687 2300 συνέχει
1735 2228 1917 2283 κακά·

251 2319 397 2388 άπερ
429 2316 483 2369 εἴ
517 2332 603 2377 τις
645 2312 783 2385 μετά
814 2312 1101 2383 ἀκριϐείας
1133 2310 1407 2374 ἐξετάζειν
1445 2310 1638 2371 ἐθέλοι,
1668 2308 1722 2361 εῐ
1745 2326 1810 2377 γε
1830 2307 1923 2388 66-

252 2386 412 2450 νατδν
464 2392 603 2466 μετὰ
653 2390 965 2463 ἀκριϐείας,
1028 2390 1091 2443 ού
1145 2389 1414 2443 παύσεται
1463 2388 1788 2460 ὀδυρόμενος
1827 2386 1923 2440 καὶ

253 2465 495 2529 πενθῶν·
552 2471 726 2535 οὕτως
769 2471 985 2526 ἅπαντα
1045 2467 1446 2539 ἀνατέτραπται
1507 2468 1601 2521 καὶ
1653 2465 1925 2536 συγκέχυ-

255 2572 364 2619 ται,
398 2555 491 2607 καί⁵
516 2552 715 2623 ἀρετῆς
740 2550 887 2621 ῐχνος
917 2547 1176 2618 οὐδαμοῦ.
1208 2547 1317 2600 Καὶ
1348 2548 1409 2600 τὸ
1435 2546 1499 2618 δὴ
1519 2544 1921 2617 χαλεπώτερον,

255 2634 339 2687 ὅτι
377 2633 485 2686 τῶν
529 2629 861 2701 συνεχόντων
904 2627 1053 2698 ἡμᾶς
1085 2624 1272 2679 δεινῶν
1307 2625 1556 2695 αἴσθησιν
1597 2623 1723 2678 οὔτε
1769 2624 1924 2678 αὐτοὶ

256 2710 474 2781 ἔχομεν,
511 2707 635 2763 οὔτε
668 2707 848 2771 ἀλλοις
896 2705 1231 2777 παρέχομεν,
1264 2704 1377 2758 ἀλλ’
1418 2705 1673 2775 ἐοίκαμεν
1711 2702 1924 2774 σώματι

257 2789 456 2853 ἔξωθεν
489 2790 583 2859 μὲν
600 2786 869 2849 ἀνθοῦντι,
891 2784 1070 2855 πολλῷ
1097 2784 1155 2838 δέ
1178 2784 1385 2838 ἔνδοθεν
1407 2783 1434 2823 δ
1455 2782 1743 2853 τηκομένῳ
1767 2782 1920 2853 πυρί⁶

258 2868 361 2937 τῆς
390 2867 448 2921 δὲ
476 2864 805 2936 ἀναλγησίας
835 2864 1020 2918 ἐνεκεν
1054 2863 1207 2917 οὐδὲν
1242 2862 1349 2915 τῶν
1382 2862 1805 2934 παραπαιόντων
1844 2861 1925 2913 δι-

259 2946 612 3017 ενηνόχαμεν,
631 2943 681 2997 οἳ
711 2942 879 2997 πολλά
904 2942 1003 3012 μὲν
1034 2941 1348 2995 ἐπικίνδυνα
1370 2942 1464 2995 καὶ
1496 2940 1696 3012 αίσχρὰ
1720 2940 1813 2993 καὶ
1839 2939 1926 2991 λέ-

260 3042 418 3093 γουσι
472 3023 565 3076 καὶ
610 3022 936 3094 πράττουσιν
991 3020 1183 3085 ἀδεῶς,
1227 3020 1570 3089 αἰσχύνονται
1615 3018 1672 3073 δέ
1722 3019 1926 3073 τούτων

260 3104 433 3165 οὑδέν,
475 3101 608 3155 ἀλλά
638 3102 732 3155 καὶ
781 3100 1189 3170 ἐναϐρύνονται,
1230 3099 1326 3151 καὶ
1364 3098 1473 3153 τῶν
1514 3096 1928 3169 καθεστηκότων

266 3182 465 3252 μᾶλλον
502 3178 758 3247 ὑγιαίνειν
809 3178 1142 3249 νομίζουσιν.
1189 3176 1348 3231 Οὕτω
1386 3179 1450 3249 δὴ
1494 3180 1590 3233 καὶ
1635 3180 1816 3249 ἡμεῖς,
1861 3177 1931 3232 τά

262 3260 372 3313 τῶν
393 3257 689 3311 νοσούντων
725 3256 938 3310 ἅπαντα
961 3256 1310 3327 πράττοντες,
1342 3257 1462 3310 οὐδὲ
1483 3257 1616 3313 αὐτὸ
1638 3257 1815 3321 τοῦτο,
1846 3258 1929 3310 ὅτι

264 3336 548 3407 νοσοῦμεν,
578 3335 756 3405 ῖσμεν.
796 3333 931 3387 Ἀλλ’
970 3335 1060 3387 ἐπὶ
1088 3335 1184 3404 μὲν
1214 3333 1309 3386 τοῦ
1330 3333 1603 3404 σώματος,
1628 3335 1729 3389 κᾶν
1756 3336 1817 3389 τὸ
1836 3353 1931 3389 τυ-

265 3418 361 3489 χὸν
383 3419 531 3489 ἡμᾶς
558 3414 823 3487 ἐνοχλήσῃ
856 3413 1026 3477 πάθος
1055 3424 1103 3477 ε,
1130 3414 1224 3467 καὶ
1264 3415 1480 3481 ἰατροὺς
1511 3414 1807 3486 καλοῦμεν,
1837 3417 1933 3471 καὶ

267 3500 525 3569 χρήματα
575 3496 956 3565 ἀναλίσκομεν,
1002 3494 1101 3562 ,καὶ
1150 3494 1443 3565 καρτερίαν
1485 3495 1929 3565 ἐπιδεικνύμεθα,

268 3578 364 3630 καὶ
401 3576 461 3628 ού
487 3576 748 3646 πρότερον
772 3571 1137 3643 ἀφιστάμεθα,
1160 3572 1371 3626 ἅπαντα
1399 3574 1747 3643 πράττοντες.
1778 3574 1930 3646 [124]

268 3656 375 3719 ἕως
417 3654 483 3708 ἂν
512 3653 839 3725 ἀποθώμεθα
867 3652 929 3704 τὸ
976 3652 1211 3705 λυποῦνθ
1242 3650 1341 3721 τῆς
1365 3650 1421 3704 δὲ
1456 3651 1631 3722 ψυχῆς
1654 3652 1776 3705 καθ’
1798 3654 1930 3706 ἐκά-

274 3749 405 3803 στην
432 3733 642 3804 ἡμέραν
685 3732 1070 3802 κεντουμένης,
1122 3730 1567 3801 σπαραττομένης
1598 3733 1710 3794 τοῖς
1736 3733 1931 3786 πάθεσι

270 3814 383 3875 τοῖς
416 3814 763 3881 σωματικοῖς,
793 3810 1107 3881 καιομένης,
1134 3809 1595 3880 κρημνιζομένης,
1625 3811 1719 3863 καὶ
1756 3811 1931 3865 πάντα

272 3890 472 3960 τρόπον
498 3889 871 3960 ἀπολλυούσης
917 3890 1136 3959 ἑαυτὴν,
1164 3889 1287 3943 οὑδέ
1318 3888 1521 3959 βραχὺν
1542 3890 1734 3961 ἔχομεν
1754 3890 1930 3959 λόγον.

273 3969 349 4023 Τὸ
368 3970 422 4022 δὲ
450 3970 638 4031 αἴτιον,
668 3971 748 4023 ὅτι
785 3971 1025 4034 ἅπαντας
1053 3972 1087 4039 ἡ
1105 3967 1260 4031 νόσος
1285 3969 1577 4040 κατείληφε
1598 3986 1615 4003 ·
1643 3969 1737 4023 καὶ
1764 3970 1935 4026 καθά-

277 4065 384 4119 περ
428 4048 519 4099 ἐπὶ
564 4048 672 4100 τῶν
714 4050 1030 4119 καμνόντων
1082 4046 1150 4099 τά
1181 4043 1431 4116 σώματα,
1480 4050 1528 4101 εἰ
1558 4048 1795 4119 συμϐαίη
1843 4064 1940 4119 μη-

274 4124 402 4179 δένα
442 4128 691 4195 παρεῖναι
729 4126 838 4180 τῶν
869 4125 1216 4195 ὑγιαινόντων
1249 4124 1453 4188 αὐτοῖς,
1477 4126 1628 4179 οὐδὲν
1650 4127 1709 4180 τὸ
1733 4126 1939 4180 κωλύον

277 4207 521 4267 ἅπαντας
558 4205 636 4266 είς
674 4204 773 4274 τὴν
811 4205 1045 4275 ἐσχάτην
1076 4205 1407 4257 καταπεσεῖν
1448 4202 1675 4274 φθοράν,
1710 4204 1939 4275 μηδενὸς

278 4283 455 4338 αὐτῶν
482 4282 575 4345 τὰς
606 4282 830 4349 ἀλόγους
866 4281 1157 4352 ἐπιθυμίας
1191 4281 1510 4350 κατέχοντος
1530 4299 1543 4311 ’
1567 4281 1711 4335 οὕτω
1738 4284 1831 4336 καὶ
1853 4285 1938 4353 ἐφ’

280 4361 436 4433 ἡμῶν
452 4360 539 4415 διὰ
567 4360 628 4412 τὸ
649 4358 852 4431 μηδένα
873 4357 1013 4414 εἶναι
1043 4362 1133 4413 τὸν
1161 4358 1469 4427 ὑγιαίνοντα
1505 4360 1761 4432 καθαρῶς
1781 4364 1839 4415 ἐν
1870 4367 1936 4435 τῇ

280 4442 481 4504 πίστει,
514 4438 649 4493 ἀλλὰ
686 4439 892 4502 πάντας
922 4440 1245 4510 ἀρρωστεῖν,
1278 4440 1403 4502 τοὺς
1444 4439 1542 4508 μὲν
1580 4441 1644 4493 ἐκ
1675 4440 1937 4507 πλείονος,

280 4522 403 4584 τοὺς
424 4520 479 4573 δὲ
504 4522 559 4585 ἐξ
584 4518 858 4580 ἐλάττονος
880 4519 1095 4587 μοίρας,
1116 4517 1290 4581 οὐδεὶς
1308 4520 1337 4570 ό
1354 4521 1465 4581 τοῖς
1493 4520 1761 4591 κειμένοις
1783 4522 1943 4595 ἐξαρ-

282 4601 457 4653 κὲσων
480 4599 501 4638 δ
543 4597 707 4651 ἐστίν.
751 4595 813 4648 Εἰ
845 4596 955 4665 γάρ
979 4612 1063 4657 τις
1098 4595 1296 4660 ἔξωθέν
1331 4597 1492 4650 ποθεν
1529 4601 1662 4669 ἡμῖν
1693 4602 1939 4666 ἐπιστὰς,

282 4681 377 4732 καὶ
404 4679 496 4732 τοῦ
518 4674 750 4749 Χριστοῦ
775 4674 843 4727 τὰ
862 4672 1279 4744 προστάγματα,
1312 4676 1523 4745 καὶτῆς
1548 4678 1817 4743 πολιτείας
1842 4680 1941 4750 τῆς

283 4761 554 4830 ημετέρας
590 4757 686 4827 τὴν
724 4753 981 4822 σύγχυσιν
1020 4751 1329 4830 καταμάθοι
1368 4753 1568 4820 καλῶς,
1598 4760 1698 4811 οὑκ
1734 4755 1848 4812 οἶδα
1890 4761 1945 4814 εῐ

282 4856 433 4902 τινας
460 4829 683 4909 ἐτέρους
710 4832 903 4905 μᾶλλον
936 4840 958 4868 °
989 4829 1146 4898 ἡμῶν
1178 4829 1406 4898 ἐχθροὺς
1435 4834 1766 4906 ὑπολήψεται
1802 4835 1939 4891 εἶναι

282 4918 394 4988 τοῦ.
416 4916 647 4988 Χριστοῦ
672 4930 685 4944 ο
717 4912 965 4983 καθάπερ
999 4910 1106 4981 γάρ
1150 4910 1544 4978 ἐσπουδακότες
1568 4917 1668 4987 τὴν
1694 4917 1937 4972 ἐναντίαν

283 4986 447 5049 αὑτοῦ
472 4986 647 5049 ἐλθεῖν
680 4996 790 5058 τοῖς
816 4991 1200 5062 ἐπιτάγμασιν,
1227 4987 1368 5044 οῦτω
1390 4994 1597 5065 ταύτην
1626 4986 1939 5068 ῶδεύσαμεν

352 5093 380 5126 ν
408 5075 545 5130 656v.

575 5153 660 5205 ἵνα
680 5154 752 5224 μή
778 5169 860 5215 τις
882 5151 1181 5223 ὑπερϐολῆς
1204 5146 1339 5205 εἶναι
1362 5150 1558 5225 νομίσῃ
1580 5154 1648 5206 τά
1668 5157 1888 5227 ῥήματα
1915 5156 1934 5195 ί

284 5229 355 5281 τὰ
380 5232 506 5299 παρ’
529 5234 703 5301 ἡμῶν,
726 5232 821 5301 τὴν
851 5231 1119 5295 ἀπόδειξιν
1142 5234 1436 5298 ἐπαγαγεῖν
1460 5231 1558 5302 ’ήδη
1590 5236 1939 5304 πειράσομαι,

288 5309 551 5377 ἑτέρωθεν
613 5314 709 5381 μὲν
747 5310 1061 5378 οὐδαμόθεν,
1100 5311 1208 5363 ἀπὸ
1247 5311 1303 5364 δέ
1353 5310 1530 5364 αὐτῶν
1569 5312 1674 5363 τῶν
1711 5312 1941 5367 ἐντολῶν

288 5387 383 5440 τοῦ
439 5385 694 5454 Χριστοῦ.
729 5390 795 5441 Τί
844 5386 935 5442 οὗν
975 5406 1137 5458 φησιν
1167 5392 1195 5442 ὀ
1236 5391 1503 5459 Χριστός;
1546 5392 1776 5460 Ἐρρέθη
1818 5394 1943 5461 τοῖς

289 5467 579 5535 ἀρχαίοις⁹
611 5472 693 5521 Οὐ
714 5470 1056 5537 φονεύσεις.
1097 5468 1242 5536 Ἐγὼ
1260 5468 1328 5521 δὲ
1348 5469 1503 5538 λέγω
1532 5472 1690 5541 ὑμῖν,
1718 5472 1805 5527 ὅτι
1828 5473 1946 5541 πᾶς

291 5549 323 5598 ὁ
376 5541 745 5612 ὀργιζοίμενος
776 5549 859 5612 τῷ
882 5545 1119 5615 ἀδελφῷ
1151 5547 1335 5600 αὐτοῦ
1360 5546 1512 5614 εἰκῆ,
1541 5551 1757 5620 ἔνοχος
1777 5554 1947 5607 ἔσται

292 5622 367 5693 τῇ
418 5624 606 5691 κρίσει
627 5641 639 5652 ·
682 5624 750 5689 ὃς
775 5627 827 5678 δ’
858 5628 935 5681 ἂν
964 5630 1101 5690 εῖπη
1131 5627 1210 5692 τῷ
1240 5626 1479 5695 ἀδελφῷ
1498 5632 1707 5694 αὐτοῦ,
1747 5634 1946 5700 Ῥακὰ,

358 5768 381 5797 ι
413 5762 552 5822 Ἡμῖν
582 5763 724 5809 deest
745 5764 793 5809 in
817 5763 952 5814 Colb.
980 5776 1186 5816 tantum.

357 5826 385 5866 ιι
406 5826 539 5873 Culh.
570 5825 713 5871 ἔνδον.

358 5891 381 5918 θ
408 5887 560 5944 Τυχόν
592 5886 734 5931 κατα)
746 5886 837 5945 οἱϐῃ
858 5886 1019 5941 πάθος,
1043 5892 1111 5937 sic
1145 5891 1279 5939 Colb.

355 5946 383 5988 ἀ
405 5948 520 5997 (Lolb
554 5946 783 6005 ἀρκέσων.

362 6012 383 6078 ἶ
406 6012 674 6078 ξρριιηιιξς
696 6006 1063 6078 pfmlrtr-Mnrol.
1093 6012 1173 6067 ιμιί
1196 6012 1340 6062 halm!
1366 6017 1546 6076 ἑτέρους
1571 6034 1581 6043 ·
1600 6017 1730 6071 Du;
1753 6017 1938 6078 μᾶλλον.

364 6071 387 6112 ι
408 6070 463 6120 lu
490 6070 635 6118 Μιιτει
678 6070 781 6117 δυιο
802 6071 855 6117 τὰ
882 6072 1061 6135 ῥηινκιγ
1088 6074 1242 6120 deesL

1159 526 1249 583 DE
1286 523 1844 588 COMPUNCTIONE,
1886 522 1973 575 AD
2016 521 2445 577 DEMETRIUM.
2492 523 2617 579 LIB.
2661 524 2703 577 l.

3561 529 3666 585 396

2010 639 2223 705 ἔνοχος
2266 638 2437 691 ἔσται
2489 636 2570 702 τῷ
2612 638 2936 708 συνεδρίῳ’
2980 641 3048 707 ὃς
3078 641 3129 694 6“
3164 639 3241 695 ἂν
3286 641 3446 709 εἴπῃ,
3488 646 3673 712 Μωρέ,

2008 720 2221 790 ἔνοχος
2254 716 2425 770 ἔσται
2454 720 2539 783 είς
2572 717 2688 786 τὴν
2719 718 2969 786 γέενναν
2988 720 3096 774 τοῦ
3120 720 3328 787 πυρός.
3359 719 3543 774 Ταῦτα
3579 725 3677 792 μὲν

2009 797 2103 853 οὖν
2131 803 2159 853 6
2182 798 2437 870 Χριστός.
2465 798 2652 869 Ἡμεῖς
2676 798 2733 853 δὲ
2761 799 2868 853 τῶν
2897 798 3267 854 ἀπιστούντων
3299 798 3446 870 αὑτῷ
3477 801 3679 869 μᾶλλον

2010 882 2100 934 τὸν
2128 880 2291 950 νόμον
2322 876 2507 931 τοῦτον
2538 881 3013 951 κατεπατήσαμεν,
3053 878 3175 933 καθ’
3201 878 3435 949 ἐκάστην
3461 878 3677 950 ἡμέραν

2014 962 2234 1032 μυρίαις
2284 960 2411 1021 τοὺς
2460 960 2719 1029 ἀδελφοὺς
2764 959 3053 1023 πλύνοντες
3092 958 3403 1029 λοιδορίαις.
3446 960 3557 1013 Kal
3615 961 3677 1013 τὸ

2019 1038 2075 1109 δὴ
2110 1038 2659 1109 καταγελαστότερον,
2693 1040 2777 1093 ὃτι
2811 1039 2871 1090 τὸ
2892 1040 3086 1107 μωρὸς
3123 1039 3295 1108 ϐνομα
3326 1040 3683 1111 παραφυλατ-

2028 1118 2244 1188 ῠόμενοι,
2272 1116 2530 1179 πολλάκις
2549 1118 2742 1189 ἐτέρας
2776 1116 2967 1170 τούτου
2996 1116 3182 1188 ὕϐρεις
3208 1118 3543 1188 πικροτέρας
3580 1120 3681 1171 ἐπ-

2013 1196 2236 1267 άγομεν,
2254 1196 2330 1260 ὡς
2358 1198 2565 1250 ἐκείνου
2599 1198 2757 1266 μόνου
2780 1197 2875 1251 τοῦ
2901 1199 3140 1268 ῥήματος
3164 1200 3263 1269 τὴν
3286 1198 3509 1251 κόλασιν
3530 1198 3683 1269 ἔχονο

2012 1293 2119 1340 τος.
2150 1278 2223 1330 Τὸ
2244 1277 2301 1330 δὲ
2327 1277 2387 1330 οὐ
2418 1276 2656 1329 τοιοῦτόν
2682 1280 2847 1343 ἐστιν,
2873 1276 3012 1330 ἀλλά
3034 1278 3123 1329 τὸν
3149 1277 3406 1348 ὑϐριστὴν
3421 1278 3679 1345 καθάπαξ

2014 1356 2275 1420 κολάζων,
2308 1354 2468 1409 τοῦτο
2505 1354 2713 1409 τέθεικε
2751 1357 2812 1409 τὸ
2846 1356 3119 1426 ἐπιτίμιον
3145 1373 3159 1386 ·
3200 1358 3294 1409 καὶ
3330 1356 3486 1426 δῆλον
3514 1356 3575 1421 ἐξ
3603 1350 3683 1412 ὧν

2014 1436 2106 1487 καὶ
2139 1436 2350 1499 Παῦλός
2402 1452 2567 1506 φησιν
2599 1443 2649 1499 ι,
2694 1437 2890 1489 οὑτωσὶ
2931 1437 3106 1506 λέγων
3126 1453 3141 1466 ·
3172 1436 3267 1504 Μὴ
3329 1436 3643 1491 πλανᾶσθε
3662 1453 3680 1468 ⁸

2014 1513 2150 1567 οὔτε
2191 1517 2417 1584 πόρνοι,
2455 1516 2594 1570 οὔτε
2633 1514 3072 1587 εἰδωλολάτραι,
3101 1518 3177 1570 οὐ
3204 1515 3427 1586 μοιχοί,
3458 1518 3531 1571 οὐ
3566 1531 3683 1586 μα-

2016 1592 2189 1645 λακοὶ
2230 1595 2365 1648 οὔτε
2398 1596 2830 1662 ἀρσενοκοῖται,
2880 1600 2951 1651 οὐ
2981 1597 3232 1651 κλέπται
3274 1597 3412 1651 οὔτε
3459 1602 3683 1651 πλεον-

2016 1668 2200 1732 έκται.
2238 1675 2310 1725 οὐ
2345 1672 2615 1740 μέθυσοι,
2646 1675 2721 1727 οὐ
2773 1674 3054 1742 λοίδοροι,
3084 1678 3198 1743 οὐχ
3234 1675 3519 1743 ἅρπαγες,
3564 1678 3683 1740 ,βα-

2018 1751 2259 1804 σιλείαν
2292 1751 2438 1805 Θεοῦ
2482 1752 3035 1821 κληρονομήσουσι.
3066 1753 3131 1806 El
3156 1752 3213 1805 δέ
3248 1756 3277 1807 6
3302 1754 3484 1825 μωρὸν
3506 1753 3683 1823 λέγων

2017 1828 2109 1881 τὸν
2153 1828 2379 1898 ἀδελφὸν
2416 1830 2579 1883 αὑτοῦ
2610 1833 2709 1902 τῆς
2746 1830 2989 1903 ἐσχάτης
3030 1831 3303 1897 κολάσεὼς
3334 1835 3482 1886 ἐστιν
3510 1834 3680 1898 ἄξιος,

2017 1912 2047 1964 6
2079 1909 2384 1980 κακοῦργον
2412 1909 2507 1962 καὶ
2542 1909 2806 1978 βάσκανον
2844 1910 2940 1966 καὶ
2978 1911 3179 1981 εὐχερῆ
3210 1912 3303 1964 καὶ
3330 1912 3605 1978 κενόδοξον
3630 1910 3683 1976 ιι,

2020 1994 2113 2047 καὶ
2140 1994 2309 2064 μυρία
2333 1990 2469 2047 ἀλλα
2493 1992 2716 2045 τοιαῦτα
2737 1992 3085 2064 κακηγορῶν,
3108 1992 3274 2045 πόσον
3301 1991 3481 2063 ἐαυτῷ
3498 1992 3559 2045 τὸ
3587 1994 3687 2063 τῆς

2019 2072 2242 2143 γεέννης
2264 2070 2481 2137 συνάξει
2502 2069 2649 2142 πῦρ;
2676 2071 2748 2123 Τὸ
2771 2071 3094 2142 γάρ,Μωρὲ,
3126 2072 3220 2125 καὶ
3252 2071 3451 2136 Ῥακὰ,
3480 2071 3588 2125 τῶν
3610 2074 3687 2126 εί-

2024 2150 2273 2221 ρημένων
2336 2150 2520 2222 πολλῷ
2574 2152 2898 2220 κουφότερον
2917 2169 2932 2183 ο
2986 2150 3177 2222 διόπερ
3233 2152 3412 2205 ἐκεῖνο
3466 2153 3683 2223 παρεὶς,

2021 2228 2176 2283 τοῦτο
2218 2229 2460 2283 τέθεικεν
2490 2232 2519 2283 6
2548 2228 2807 2300 Χριστὸς,
2838 2229 2922 2283 ἵνα
2968 2230 3145 2301 μάθῃς
3184 2231 3288 2293 ὅτι,
3330 2231 3379 2283 εί
3418 2232 3481 2283 τὸ
3512 2247 3687 2302 φορη-

2020 2308 2239 2379 τότερον
2276 2308 2464 2378 λεχθὲν
2506 2307 2607 2379 τὴν
2640 2307 2863 2375 γέενναν
2895 2310 3192 2362 ἐπισπᾶται
3222 2311 3342 2363 κατ’
3379 2308 3544 2363 αὑτοῦ
3591 2307 3689 2364 τοῦ

2022 2386 2290 2455 λέγοντος,
2324 2385 2503 2457 πολλῷ
2535 2386 2736 2458 μᾶλλον
2774 2387 2846 2441 τά
2890 2386 3167 2460 βαρύτερα
3193 2389 3287 2443 καὶ
3313 2388 3690 2462 ἀφορητότερα

2021 2465 2179 2520 τοῦτο
2207 2465 2517 2535 ἐργάσεται.

2094 2546 2157 2599 El
2198 2544 2258 2599 δέ
2296 2561 2443 2609 τινες
2494 2545 2794 2617 ὑπερϐολὴν
2847 2545 2942 2599 τοῦ
2993 2545 3154 2616 λόγου
3216 2549 3691 2616 καταγινώσκουσι

2024 2626 2141 2697 (καὶ
2172 2627 2281 2697 γάρ
2313 2643 2464 2689 τινας
2501 2624 2619 2680 οῖδα
2651 2626 2808 2681 τοῦτο
2844 2627 3110 2692 παθόντας
3148 2628 3280 2696 ἐγὼ,
3320 2629 3414 2683 καὶ
3446 2630 3695 2701 νομίζον.

2020 2722 2119 2769 τας
2168 2706 2309 2777 ὑπὲρ
2364 2704 2461 2759 τοῦ
2522 2706 2757 2776 φοϐῆσαι
2813 2707 2972 2777 μόνον
3023 2706 3229 2777 ταύτην
3287 2708 3536 2778 εἰρῆσθαι
3593 2709 3694 2780 τὴν

2021 2784 2295 2856 ἀπειλὴν),
2344 2784 2463 2856 ὥρα
2513 2786 2712 2849 αὐτοὺς
2757 2786 2886 2849 τοὺς
2930 2786 3174 2856 μοιχοὺς,
3216 2787 3341 2850 τοὺς
3385 2787 3696 2857 ἀρσενοκοί-

2021 2882 2142 2927 τας,
2159 2867 2283 2928 τοὺς
2313 2864 2607 2934 μαλακοὺς,
2634 2866 2761 2928 τοὺς
2797 2864 3187 2939 είδωλολάτρας
3220 2867 3235 2905 ί
3271 2865 3373 2935 τῆς
3397 2866 3696 2939 εἰρημένης

2026 2942 2180 3015 [ηε]
2199 2943 2561 2997 ἀπαλλάττειν
2592 2944 2886 3004 κολάσεως.
2908 2938 2970 2996 El
2990 2943 3099 3014 γὰρ
3120 2943 3288 3012 φόϐου
3320 2943 3479 3013 μόνον
3506 2944 3695 2998 ἐνεκεν

2026 3026 2139 3086 τοῖς
2167 3022 2427 3094 λοιδόροις
2451 3022 2738 3092 ἡπείλησε,
2774 3022 2932 3091 δῆλον
2967 3023 3050 3075 ὅτι
3075 3022 3349 3086 κάκείνοις
3370 3039 3386 3054 ·
3420 3023 3555 3089 όμοῦ
3583 3024 3696 3095 γάρ

2029 3102 2274 3164 ἃπαντας
2310 3100 2649 3170 συναγαγὼν.
2677 3100 2848 3164 οὕτως
2880 3101 3130 3171 ἐπήγαγε
3165 3101 3266 3170 τῆς
3298 3100 3572 3169 βασιλείας
3596 3103 3696 3174 τὴν

2028 3180 2324 3234 ἔκπτωσιν.
2356 3180 2422 3232 Τί
2466 3176 2579 3244 οὖν,
2613 3181 2777 3249 φησίν
2802 3196 2817 3243 ;
2844 3180 2873 3231 6
2910 3180 3145 3251 λοίδορος
3192 3179 3332 3249 μετά
3364 3179 3455 3234 τοῦ
3503 3182 3694 3252 μοιχοῦ

2030 3262 2125 3315 καὶ
2159 3257 2401 3330 μαλακοῦ
2432 3259 2531 3311 καὶ
2577 3258 2898 3312 πλεονέκτου
2942 3260 3033 3312 καὶ
3080 3258 3463 3329 εἰδωλολάτρου
3520 3260 3701 3313 κείσε-

2029 3354 2150 3403 ται;
2179 3339 2243 3392 Εί
2304 3337 2400 3407 μὲν
2447 3338 2544 3408 τὴν
2599 3337 2767 3407 αύτὴν
2807 3338 2990 3400 αὐτοῖς
3054 3337 3212 3392 δώσει
3272 3337 3460 3409 δίκην,
3505 3339 3695 3409 ἐτέρου

2029 3416 2189 3471 τοῦτο
2240 3413 2472 3485 ζητῆσαι
2533 3414 2723 3487 καιροῦ
2752 3433 2767 3446 ·
2817 3416 2899 3469 ὅτι
2936 3415 2993 3468 δέ
3040 3416 3141 3488 τῆς
3193 3416 3466 3487 βασιλείας
3497 3420 3698 3489 ὁμοίως

2032 3497 2343 3550 ἐκπεσεῖται
2411 3494 2670 3559 ἐκείνοις,
2738 3493 2818 3565 τῷ
2882 3495 3079 3566 Παύλῳ
3138 3496 3399 3567 πείθομαι
3454 3498 3698 3566 λέγοντι,

2035 3576 2237 3645 μᾶλλον
2276 3575 2333 3628 δέ
2369 3575 2449 3644 τῷ
2487 3574 2798 3646 ἐνεργοῦντι
2834 3574 2903 3627 δι⁹
2943 3576 3107 3629 αὑτοῦ
3141 3576 3360 3647 Χριστῷ
3393 3574 3441 3638 i,
3471 3577 3552 3630 ὅτι
3574 3575 3699 3631 οὗτε

2030 3648 2197 3718 οὗτοι,
2214 3654 2337 3707 οὔτε
2360 3656 2555 3707 ἐκεῖνοι
2580 3653 2857 3724 βασιλείαν
2878 3654 3012 3707 Θεοῦ
3036 3655 3554 3724 κληρονομήσουσιν.
3586 3656 3700 3709 Ούκ

2033 3736 2125 3787 ἐπὶ
2152 3733 2341 3786 τούτου
2373 3733 2429 3785 δὲ
2452 3733 2631 3802 μόνον,
2660 3732 2797 3785 ἀλλά
2821 3733 2913 3785 καὶ
2941 3732 3034 3787 ἐπὶ
3060 3732 3268 3786 πολλῶν
3288 3733 3492 3805 ἐτέρων
3515 3734 3701 3788 πολλοὶ

2030 3813 2186 3866 τοῦτο
2217 3811 2539 3873 πεπόνθασι,
2578 3811 2672 3863 καὶ
2716 3811 2787 3864 τὰ
2818 3810 3035 3875 πάντως
3082 3810 3426 3882 ἐκϐησόμενα
3464 3812 3700 3883 ὑπερϐο-

2032 3891 2195 3955 λικῶς
2231 3890 2477 3961 εἰρῆσθαι
2529 3891 2828 3960 νομίζουσι’
2868 3890 3149 3960 διαϐολικὴ
3188 3889 3245 3943 δέ
3287 3892 3434 3943 ἐστιν
3480 3890 3621 3961 αὕτη
3662 3891 3697 3960 ἡ

2036 3972 2223 4041 παγίς.
2253 3970 2370 4024 ’Ὶνα
2396 3970 2503 4042 γὰρ
2524 3971 2615 4023 τὸν
2644 3969 2806 4039 φόϐον
2839 3970 2939 4041 τῆς
2972 3969 3270 4040 μελλούσης
3311 3970 3515 4043 ἐκλύσῃ
3540 3970 3700 4024 κολά-

2041 4066 2176 4114 σεως
2202 4047 2311 4103 τῶν
2338 4049 2744 4117 κατανυγέντων
2796 4050 2853 4103 ἐν
2894 4051 2961 4119 τῇ
3005 4047 3100 4102 τοῦ
3126 4048 3262 4102 Θεοῦ
3307 4048 3564 4122 ἀγάπῃιε,
3604 4051 3701 4104 καὶ

2040 4127 2389 4200 χαυνοτέρους
2414 4127 2712 4199 ἐργάσηται
2751 4127 2880 4199 περὶ
2920 4128 3017 4199 τὴν
3052 4127 3299 4199 ὑπακοὴν
3332 4129 3430 4199 τῆς
3458 4128 3699 4200 ἐντολῆς,

2037 4210 2137 4281 τὴν
2167 4207 2275 4262 ἀπὸ
2300 4207 2399 4277 τῆς
2420 4207 2725 4279 ὑπερϐολῆς
2752 4207 3107 4279 παραμυθίαν
3126 4209 3440 4278 είσὴγαγεν,
3489 4210 3569 4272 είς
3597 4210 3698 4280 μὲν

2040 4289 2102 4343 τὸ
2130 4287 2302 4359 παρὸν
2334 4288 2526 4357 ἱκανὴν
2567 4286 2893 4357 χαρίσασθαι
2922 4290 3046 4352 ταῖς
3077 4287 3473 4357 ρᾳθυμοτέραις
3498 4288 3699 4357 ψυχαῖς

2040 4369 2290 4439 ἀπάτην,
2337 4366 2804 4437 ἐλεγχθησομένην
2856 4366 2913 4419 δέ
2972 4367 3114 4420 κατά
3166 4365 3257 4418 τὸν
3316 4366 3415 4435 τῆς
3463 4366 3698 4436 κρίσεως

2041 4449 2249 4519 καιρὸν,
2278 4448 2366 4500 ὅτε
2402 4446 2591 4517 κέρδος
2619 4444 2792 4498 οὐδέν.
2819 4444 2883 4496 Τί
2916 4444 3025 4515 γάρ
3050 4445 3261 4514 όφελος,
3296 4444 3419 4505 εἰπέ,
3455 4460 3570 4519 μοι.
3601 4441 3697 4496 νῦν

2040 4526 2431 4596 ἀπατηθέντας,
2474 4522 2594 4604 τότε
2620 4523 2848 4604 συνιδεῖν
2869 4524 2969 4604 τῂν
3004 4524 3241 4596 ἀπάτην,
3287 4527 3415 4580 ὅταν
3453 4527 3619 4597 μηδὲν

2039 4606 2146 4659 ἀπὸ
2180 4605 2280 4674 τῆς
2327 4602 2614 4674 μετανοίας
2641 4603 2721 4665 είς
2752 4603 2845 4654 τὸν
2872 4602 2971 4673 τῆς
3010 4604 3359 4669 ἀναστάσεως
3396 4602 3698 4661 ἀπόνασθαι

2038 4686 2222 4755 λόγον;
2262 4684 2352 4755 Μὴ
2384 4683 2448 4754 δὴ
2480 4682 2654 4754 μάτην
2685 4682 2985 4753 ἀπατῶμεν
3020 4685 3276 4751 ἐαυτοὺς,
3320 4686 3414 4739 καὶ
3457 4686 3697 4757 παραλο-

2038 4763 2317 4835 γιζώμεθα
2340 4763 2433 4815 ἐπὶ
2462 4762 2637 4832 κακῷ,
2664 4761 2797 4833 μηδέ
2828 4762 3024 4834 ἐτέραν
3051 4764 3446 4836 προηλὼμεθα
3480 4763 3497 4803 1
3523 4782 3698 4834 τιμω-

2044 4844 2183 4914 ρίαν,
2221 4842 2318 4913 τὴν
2344 4844 2406 4894 ἐκ
2429 4842 2530 4910 τῆς
2552 4842 2829 4907 ἀπιστίας.
2866 4844 2943 4896 Οὐ
2984 4843 3092 4915 γάρ
3131 4844 3289 4914 μόνον
3322 4844 3383 4896 τὸ
3413 4844 3487 4914 μὴ
3526 4844 3695 4897 εἴκειν

2040 4926 2159 4987 ταῖς
2190 4921 2426 4986 ἐντολαῖς
2450 4922 2542 4975 τοῦ
2574 4923 2832 4989 Χριστοῦ,
2863 4923 2998 4977 ἀλλά
3022 4924 3113 4977 καὶ
3134 4923 3194 4975 τὸ
3222 4924 3470 4976 ἀπιστεῖν
3507 4922 3697 4987 αὑταῖς

2037 5002 2425 5073 χαλεπωτάτην
2449 5002 2647 5069 ἐπάγει
2668 5003 2768 5073 τὴν
2798 5003 3036 5057 κόλασινο
3056 5001 3117 5053 τὸ
3139 5001 3195 5054 δέ
3220 5001 3469 5056 ἀπιστεῖν
3490 5002 3699 5071 γίνεται

2038 5082 2105 5135 ἐκ
2142 5081 2236 5136 τοῦ
2270 5082 2402 5153 πρὸς
2445 5082 2543 5154 τὴν
2577 5081 2917 5153 ἐκπλήρωσιν
2959 5079 3274 5136 ἐκλελύσθαι
3310 5083 3421 5135 τῶν
3448 5081 3695 5136 ἐντολῶν.

2109 5224 2135 5264 Β
2164 5223 2248 5273 Sic
2267 5236 2439 5272 omnes
2460 5229 2641 5285 praeter
2670 5222 2837 5285 Morel.
2861 5218 2943 5281 qui
2970 5220 3125 5285 habet
3144 5221 3335 5278 Παῦλος
3364 5223 3538 5285 οὕτωσὶ
3561 5239 3693 5285 φησι,

2043 5284 2156 5334 Mox
2182 5286 2332 5335 Savil.
2357 5285 2405 5334 in
2432 5283 2571 5333 léxtu
2596 5283 2911 5346 οὑτείπῲνος,
2935 5283 3047 5346 οὔτε
3070 5285 3426 5346 εἰδωλολάτρης.
3463 5283 3517 5331 In
3539 5283 3695 5346 marg.

2042 5348 2226 5419 πόρνοι,
2251 5348 2595 5419 εἰδωλολάτραι.
2612 5344 2742 5417 μήὸ.
2764 5342 2903 5395 Coib.
2916 5344 3026 5392 οὔτε
3046 5347 3217 5407 μοιχοὶ,
3230 5342 3340 5392 οὔτε
3357 5342 3701 5405 μαλακοὶ,οὗῆ

2044 5408 2387 5471 ἀρσενοκοῖται,
2411 5408 2518 5453 οὔτε
2539 5408 2752 5454 κλέπται.

2082 5469 2139 5537 _h
2156 5470 2288 5537 Colp.
2308 5474 2418 5529 post
2451 5467 2691 5537 κενόδοξον
2709 5467 2845 5516 addit
3214 5464 3319 5514 Mox
3340 5465 3473 5537 ﬁdem
3495 5484 3700 5537 κατηγο-

2076 5532 2160 5599 ὧν,
2193 5527 2352 5599 mimi?
2373 5536 2528 5599 rgcge:
2552 5527 2710 5599 Paulg
2723 5528 3171 5599 pos_t_ide§11ron&3
3210 5527 3697 5599 κουφότερον-διόπερ

2048 5546 2160 5639 ρων,
2193 5546 2352 5578 mulus
2373 5546 2528 5577 reme.
2554 5546 2707 5599 ram?
2723 5546 2839 5599 POSL
2860 5546 2990 5577 luem
3013 5546 3171 5598 πολλοὶ
3210 5546 3511 5591 κουφοτερον”
3540 5546 3697 5590 οιοπερ

2073 5593 2218 5649 κεῖνο,
2252 5590 2442 5652 omissis
2460 5591 2782 5652 interposmq.
2808 5589 2912 5652 Mox
2935 5588 3067 5652 (lolb.
3092 5601 3233 5636 τουτο
3258 5588 3434 5645 ἔθηκεν.
3466 5589 3587 5639 Infra
3612 5590 3699 5638 Sa-

2049 5651 2133 5715 vil,
2164 5648 2217 5715 et
2233 5650 2369 5715 Colb.
2386 5648 2657 5715 ἐργάσεται,
2681 5648 2848 5715 κόνει..
2874 5650 3126 5715 ἐργάζεται.

2118 5714 2135 5752 ί
2162 5714 2296 5763 Colb.
2320 5714 2401 5761 καὶ
2421 5709 2550 5775 ’τοὺς
2591 5709 2940 5775 ἀρσενοκοίταις,
2958 5711 3040 5758 καὶ
3070 5712 3180 5767 τοὺς
3216 5710 3467 5773 μαλακοὺς,
3491 5709 3701 5766 καὶτοὺς

2054 5776 2136 5823 είδ.
2164 5775 2271 5822 Mox
2304 5775 2431 5820 idem
2454 5774 2599 5833 φόϐου
2629 5774 2714 5833 μὲν
2735 5774 2902 5833 ἕνεκεν.

2124 5838 2135 5883 ί
2164 5834 2296 5896 (Inlb.
2321 5834 2368 5896 ἐν
2541 5835 2750 5896 Χριστῷ.
2774 5832 2897 5896 Infra
2921 5832 3059 5884 Colb.
3084 5834 3158 5882 ἐπὶ
3182 5835 3366 5883 πολλῶν
3391 5834 3559 5896 ἑτέρων
3583 5833 3701 5878 πολε

2056 5898 2145 5950 λοί,
2173 5893 2317 5957 Sus'il.
2345 5894 2418 5941 ἐπὶ
2440 5893 2625 5941 πολλῶν
2641 5894 2823 5957 πολλοί,
2849 5893 3117 5957 Μοΐει.γέπὶ
3142 5893 3509 5957 έτᾼέρωνπολλοί.

2121 5960 2149 6018 k7
2170 5956 2419 6018 "(£6,363
2436 5956 2783 6018 κατανυγέντων
2815 5957 2861 6003 ἐν
2884 5962 2939 6018 τῇ
2970 5956 3054 6004 τοῦ
3083 5955 3203 6003 Θεοῦ
3433 5955 3614 6005 desunt
3650 5957 3703 6004 ιιι

2054 6017 2187 6066 σῖοῗιι.
2221 6024 2267 6063 et
2311 6017 2355 6062 in
2379 6015 2549 6070 δεινῇ..
2576 6017 2724 6077 inque
2750 6017 2901 6066 Morel
2921 6015 2928 6018 ⁷
2949 6026 3130 6068 tantum
3166 6016 3407 6066 habentut

2121 6078 2137 6117 l
2165 6078 2281 6128 Colh
2322 6080 2529 6141 προῆκον)
2541 6080 2607 6141 ων
2619 6079 2712 6127 εθα.
