4454 6700
799 422 901 477 397

797 536 967 588 Ὀταν
982 532 1092 607 ’,οάρ
1113 534 1212 607 τὴν
1239 536 1412 607 ἐκτῆς
1438 535 1682 607 ὑπακοῆς
1698 535 1996 602 ἀσφάλειαν
2021 537 2098 608 μὴ
2118 536 2462 605 ὲθελήσωμεν

794 614 1011 675 ἐαυτοῖς
1036 615 1383 687 πορίσασθαι,
1405 615 1539 686 μηδὲ
1556 614 1625 667 τά
1645 617 2098 686 προστεταγμένα
2117 617 2307 679 ποιεῖν,
2324 614 2467 667 ὥστε

794 693 1105 759 ἀπαλλάξαι
1128 696 1222 748 τοῦ
1242 694 1408 766 φόϐου
1424 695 1542 749 ¹τῶν
1567 694 1867 766 μελλόντων
1893 696 1986 750 τὸν
2005 695 2282 767 λογισμὸν,
2298 695 2469 765 βαρυ-

795 772 1013 841 νόμενοι
1041 773 1120 843 τῷ
1155 774 1418 827 συνειδότι
1450 776 1545 827 καὶ
1572 775 1889 842 ἀγχόμενοι,
1921 776 2016 829 καὶ
2046 776 2138 829 τὸν
2161 773 2326 828 πολὺν
2359 773 2469 826 τῶν

796 851 1067 919 κειμένων
1095 853 1368 906 κολάσεων
1401 853 1564 920 φόϐον
1592 851 1894 923 ἀπορρῖψαι
1944 853 2353 917 σπουδάζοντες.
2388 854 2468 915 είς

795 927 985 1001 ἕτερον
1035 931 1262 994 ἑαυτοὺς
1307 929 1716 1001 καταϐάλλομεν
1758 931 2067 1004 βάραθρον,
2111 930 2467 994 ἀπιστοῦντες

796 1014 910 1074 τοῖς
943 1012 1322 1082 κολαστηρίοις
1351 1011 1601 1076 ἐκείνοις.
1636 1014 1748 1067 Kal
1775 1014 2026 1087 καθάπερ
2047 1017 2096 1068 οί
2136 1012 2312 1084 πολλῷ
2338 1029 2466 1066 συν·

797 1090 1045 1160 εχὸμενοι
1073 1090 1313 1160 πυρετῷ,
1348 1092 1445 1144 καὶ
1468 1091 1757 1145 κατάητῶν
1779 1093 2002 1165 ψυχρῶν
2042 1094 2315 1164 πηδῶντες
2337 1091 2464 1145 ὑδά-

794 1185 921 1232 των,
953 1169 1052 1221 οὑκ
1082 1169 1540 1226 ἀποτινάσσονται
1573 1171 1633 1224 τὸ
1663 1176 1871 1240 πνῖγος,
1900 1173 2014 1226 ἀλλ’
2040 1174 2223 1243 ἕτερον
2256 1174 2471 1235 ἑαυτοῖς

797 1248 1152 1318 προστιθέασι
1176 1249 1320 1321 πῦρο
1363 1251 1507 1303 οὕτω
1535 1252 1631 1305 καὶ
1660 1253 1840 1322 ἡμεῖς,
1872 1251 2218 1321 κεντούμενοι
2251 1250 2329 1320 τῷ
2359 1251 2469 1303 τῶν

797 1327 1215 1399 ἁμαρτημάτων
1247 1330 1532 1392 συνειδότι,
1558 1332 1637 1392 είς
1666 1331 1754 1382 τὸν
1782 1330 1881 1400 τῆς
1912 1331 2219 1401 ὑπερϐολῆς
2244 1329 2470 1401 εὔριπον

793 1408 1216 1472 καταποντίζειν
1250 1410 1475 1471 ἑαυτοὺς
1500 1408 1948 1479 ἀναγκαζόμεθα,
1986 1411 2073 1464 ἵνα
2094 1413 2273 1465 πάντα
2298 1411 2471 1475 ἀδεῶς

795 1487 1200 1557 ἁμαρτάνωμεν
1225 1487 1319 1540 τοῦ
1340 1487 1549 1543 λοιποῦ.
1578 1489 1715 1541 Οὐδέ
1742 1489 1850 1561 γὰρ
1892 1490 2051 1560 μόνον
2084 1491 2351 1561 παροῦσιν
2379 1492 2473 1561 ὁρ-

792 1566 1057 1635 γιζόμεθα
1086 1571 1201 1630 τοῖς
1238 1568 1519 1638 ἀδελφοῖς,
1555 1568 1693 1623 ἀλλὰ
1722 1571 1816 1623 καὶ
1841 1570 2038 1624 ἀποῦσι
2069 1572 2329 1636 πολλάκις
2366 1588 2473 1643 μα-

790 1646 1025 1715 χόμεθα·
1054 1647 1192 1718 ὅπερ
1238 1648 1519 1721 ὑπερϐολὴ
1561 1649 1858 1720 θηριωδίας
1900 1651 2035 1704 ἐστί.
2067 1650 2171 1705 Καὶ
2214 1653 2341 1713 τοὺς
2375 1651 2471 1720 μὲν

793 1727 1012 1796 μείζους
1053 1728 1265 1782 ἑαυτῶν
1303 1730 1402 1783 καὶ
1442 1730 1848 1802 δυνατωτέρους
1892 1731 1987 1785 καὶ
2030 1731 2346 1793 ἀδικοῦντας
2380 1731 2471 1783 καὶ

789 1807 1117 1881 ὑϐρίζοντας
1142 1810 1383 1882 φέρομεν
1410 1812 1549 1882 μετά
1568 1812 1869 1876 ἐπιεικείας
1886 1813 2103 1882 πολλῆς,
2122 1813 2208 1865 διὰ
2227 1812 2318 1864 τὸν
2337 1812 2467 1882 παρ’

789 1888 970 1942 αὐτῶν
1000 1889 1184 1959 φόϐον,
1213 1894 1350 1960 πρὸς
1364 1892 1421 1944 δὲ
1436 1893 1562 1954 τοὺς
1592 1893 1888 1962 ὁμοτίμους
1905 1893 1997 1945 καὶ
2014 1891 2299 1953 ἐλάττονας
2315 1890 2467 1942 οὐδὲν

788 1967 1163 2038 λελυπηκότας
1188 1981 1214 2008 ι
1241 1970 1679 2039 ἀπεχθανόμεθα.
1714 1968 1976 2021 Τοσοῦτον
2003 1971 2031 2022 6
2061 1968 2211 2040 παρὰ
2238 1968 2346 2021 τῶν
2367 1970 2467 2021 ἀν-

789 2046 818 2098 θ
822 2047 1019 2117 ρώπων
1031 2047 1193 2115 φόϐος
1201 2047 1296 2101 τοῦ
1309 2048 1460 2117 παρά
1474 2047 1566 2101 τοῦ
1578 2048 1808 2119 Χριστοῦ
1824 2048 2043 2118 μείζονα
2056 2048 2168 2117 ἔχει
2180 2047 2276 2118 τὴν
2292 2046 2464 2118 ἰσχύν.

856 2132 926 2194 γ’.
962 2126 1147 2180 Ἔστιν
1174 2122 1267 2180 οὖν
1297 2129 1434 2197 ἡμῖν
1453 2128 1725 2198 σωτηρίας
1740 2127 1895 2191 ἐλπὶς
1908 2128 2178 2199 τοσαύτην
2196 2127 2468 2181 ἐνδεικνυ-

790 2206 969 2274 μένοις
1005 2205 1302 2276 ὀλιγωρίαν
1327 2207 1420 2259 καὶ
1467 2208 1913 2278 καταφρόνησιν;
1949 2208 2137 2270 πόθεν,
2180 2209 2302 2261 εἰπέ
2345 2226 2465 2279 μοις

787 2285 851 2338 Τί
879 2284 1059 2339 τοίνυν
1085 2286 1347 2356 φορτικὸν
1372 2286 1645 2357 ἀπῄτησε,
1668 2286 1721 2340 τί
1746 2288 1805 2341 δέ
1832 2287 2066 2358 ἐπαχθὲς
2099 2290 2232 2360 παρ’
2257 2291 2417 2360 ήμῶν
2439 2290 2468 2341 6

788 2363 1050 2435 Χριστός-ς
1081 2364 1175 2435 Μὴ
1199 2365 1446 2437 ὀργίζου,
1483 2365 1638 2436 φησὶ,
1668 2365 1747 2437 τῷ
1785 2366 2001 2437 ἀδελφῷ
2028 2384 2121 2420 σου
2148 2368 2294 2438 εἰκῆ.
2326 2368 2468 2423 Πολὺ

787 2444 845 2498 δὲ
878 2444 1038 2497 τοῦτο
1076 2444 1443 2517 εὐκολώτερον
1475 2446 1570 2498 τοῦ
1611 2447 1800 2517 φέρειν
1851 2447 2035 2517 ἕτερον
2066 2446 2217 2519 [126]
2254 2446 2471 2518 ὁργιζό-

790 2540 952 2595 μενον
998 2524 1155 2593 είκῆ·
1186 2526 1306 2577 ἐκεῖ
1360 2525 1459 2594 μὲν
1488 2524 1596 2595 γάρ
1646 2526 1911 2595 συνῆκται
1955 2526 2055 2596 ἤδη
2095 2527 2189 2580 τοῦ
2232 2528 2463 2599 πυρὸςὴ

787 2604 910 2674 ὕλη,
942 2603 1175 2657 ἐνταῦθα
1215 2603 1293 2668 δέ,
1326 2604 1541 2667 οὐδενὸς
1581 2605 1966 2673 ὑποκειμένου,
1998 2607 2097 2676 τὴν
2142 2604 2319 2674 φλόγα
2368 2608 2466 2659 ἀν-

785 2685 977 2746 άπτεις
1001 2682 1197 2746 αὑτός·
1232 2683 1333 2736 οὐκ
1375 2681 1490 2735 ἐστι
1519 2682 1577 2736 δὲ
1617 2684 1751 2745 ῐσον,
1784 2684 1969 2755 ἐτέρου
2003 2682 2262 2755 λαμπάδα
2295 2702 2467 2756 προσ-

786 2762 1033 2830 άγοντος,
1081 2763 1373 2832 καρτερεῖν
1411 2762 1507 2814 καὶ
1549 2760 1624 2833 μὴ
1668 2760 2045 2833 πίμπρασθαι,
2097 2764 2191 2818 καὶ
2240 2763 2466 2834 μηδενὸς

788 2840 1217 2911 παρακινοὼτος
1267 2839 1563 2911 ἡσυχάζειν
1623 2841 1720 2894 καλ⁵
1769 2842 1998 2910 ἠρεμεῖν
2085 2840 2146 2895 Ὀ
2210 2844 2308 2913 μὲν
2356 2843 2466 2915 γὰρ

789 2918 998 2972 ἐκείνου
1029 2921 1333 2991 κρατήσας,
1367 2919 1629 2989 μεγίστης
1675 2919 1995 2989 φιλοσοφίας
2040 2921 2069 2960 ι)
2104 2920 2338 2990 βάσανον
2372 2926 2466 2977 ἐπ-

788 2998 1061 3065 εδείξατοο
1095 3001 1123 3052 6
1150 2999 1207 3052 δὲ
1228 2998 1388 3052 τοῦτο
1412 2999 1712 3069 κατορθῶν,
1740 2998 1955 3062 οὐδενὸς
1978 3000 2044 3053 ἂν
2071 3001 2158 3070 εἴη
2192 3001 2469 3072 θαύματος

787 3077 955 3143 ἄξιος.
988 3079 1157 3131 Ὅταν
1186 3074 1281 3130 οὖν
1307 3078 1369 3130 τὸ
1395 3078 1581 3147 μεῖξον
1607 3078 1695 3131 διὰ
1726 3080 1816 3131 τὸν
1840 3079 1947 3131 τῶν
1977 3079 2282 3151 ἀνθρώπων
2306 3082 2469 3150 φόϐον

787 3158 1063 3221 ἀνύοντες,
1091 3156 1182 3210 διὰ
1204 3156 1297 3210 τὸν
1336 3156 1430 3209 τοῦ
1462 3156 1601 3209 Θεοῦ
1628 3156 1766 3227 μηδὲ
1797 3158 1858 3210 τὸ
1880 3157 2099 3212 ἔλαττον
2125 3159 2466 3231 βουλώμεθα,

787 3238 1039 3307 ἐννόησον
1071 3237 1204 3306 ὁσης
1242 3235 1517 3299 κολάσεως
1541 3237 1637 3289 καὶ
1665 3237 1935 3306 τιμωρίας
1979 3237 2313 3301 ὑπευθύνους
2341 3241 2471 3293 καθ-

791 3316 1027 3387 ιστῶμεν
1069 3314 1315 3376 ἑαυτούς.
1344 3315 1448 3368 Τὸν
1490 3315 1669 3368 τοίνυν
1699 3315 1927 3384 ἀδελφὸν
1958 3317 2034 3387 μὴ
2078 3315 2170 3370 τὸν
2208 3319 2469 3389 ὁμότιμον

792 3395 973 3465 μόνον,
1030 3394 1165 3464 μηδὲ
1196 3393 1482 3465 ἐλεύθερον
1513 3395 1741 3467 νομίσῃς
1774 3390 1933 3461 εἶναι,
1972 3396 2109 3450 ἀλλά
2151 3398 2247 3451 καὶ
2281 3398 2371 3452 τὸν
2397 3400 2469 3452 οί-

789 3477 984 3546 κέτην·
1033 3477 1136 3530 Ἐν
1182 3476 1294 3545 γὰρ
1336 3476 1568 3545 Χριστῷ
1614 3478 1820 3546 Ἰησοῦ
1863 3480 2003 3534 οὔτε
2042 3479 2289 3545 δοῦλος,
2328 3484 2467 3537 οὔτε

786 3556 1121 3623 ἐλεύθερος,
1150 3556 1293 3610 κατα
1317 3556 1409 3610 τὸν
1454 3556 1797 3614 Ἀπόστολον.
1836 3559 1999 3612 Ὥστε
2028 3559 2131 3613 κᾶν
2168 3562 2308 3631 πρὸς
2339 3561 2466 3625 τοὺς

786 3634 1007 3699 δούλους
1054 3637 1430 3706 ἀγριαίνωμεν
1488 3637 1631 3707 εἰκῆ,
1681 3638 1781 3707 τὴν
1824 3640 1994 3711 αὑτὴν
2040 3640 2465 3711 ὑπστησόμεθα

787 3712 944 3784 δίκην
963 3730 977 3744 ’
1019 3713 1248 3782 ἀδελφὸς
1273 3717 1384 3785 γὰρ
1424 3715 1522 3768 καὶ
1547 3711 1701 3779 οὗτός
1734 3718 1869 3781 ἐστι,
1897 3719 1992 3771 καὶ
2019 3718 2116 3788 τῆς
2153 3719 2467 3791 ἐλευθερίας

787 3794 1017 3863 ήξίωται
1035 3794 1136 3862 τῆς
1158 3794 1413 3865 ἀληθοῦς,
1429 3795 1488 3850 ἐν
1508 3794 1725 3867 πνεῦμα
1746 3796 1883 3866 ἔχων
1904 3808 1951 3850 ο.
1976 3797 2069 3860 Τίς
2088 3794 2178 3851 οὖν
2199 3798 2466 3869 λοιδορίας

787 3874 1026 3944 καθαρὸν
1056 3874 1149 3927 τὸν
1170 3874 1366 3928 ἑαυτοῦ
1400 3875 1515 3946 βίον
1545 3877 1639 3929 καὶ
1667 3878 1837 3949 ὀργῆς
1871 3876 2067 3945 ἀλόγου
2105 3880 2200 3930 καὶ
2235 3880 2467 3949 ματαίας

788 3953 1054 4019 ἐπιδεῖξαι
1098 3954 1355 4019 δύναται;
1410 3955 1501 4026 Μὴ
1560 3957 1671 4027 γάρ
1722 3972 1814 4025 μοι
1866 3954 1958 4008 τὸν
2010 3956 2257 4023 ὀλιγάκις
2312 3958 2470 4011 τοῦτο

788 4034 1070 4104 πάσχοντα
1102 4034 1286 4103 εἴπῃς,
1317 4033 1453 4085 ἀλλὰ
1472 4034 1565 4086 τὸν
1603 4033 1738 4104 μηδὲ
1760 4034 1898 4097 ὅλως
1935 4033 2134 4087 ἁλόντα
2173 4036 2331 4088 ποτέ·
2363 4036 2471 4102 ἕως

790 4113 835 4166 δ’
868 4110 934 4165 ἃν
966 4112 1041 4183 μὴ
1068 4112 1225 4164 τοῦτο
1252 4111 1433 4186 δείξῃς
1461 4113 1615 4181 ἡμῖν,
1640 4114 1759 4166 οὐδὲ
1783 4114 1881 4185 τὴν
1919 4113 2155 4185 ἀπειλὴν
2186 4113 2345 4169 λῦσαι
2377 4117 2471 4170 δυ-

791 4196 953 4267 νὴσῃ,
1004 4195 1093 4249 διά
1137 4195 1199 4248 τὸ
1248 4196 1324 4267 μή
1379 4195 1623 4265 συνεχῶς
1671 4196 1826 4249 τοῦτο
1863 4197 2075 4252 παθεῖν.
2127 4198 2239 4252 Καὶ
2284 4199 2393 4273 γὰρ
2436 4203 2465 4255 6

792 4276 1038 4330 κλέπτων
1075 4276 1168 4329 καὶ
1190 4277 1219 4329 6
1250 4274 1552 4347 πορνεύων,
1583 4275 1685 4328 κᾶν
1706 4275 1851 4341 ἅπαξ
1878 4276 2035 4346 μόνον
2064 4278 2163 4349 τὴν
2189 4280 2462 4351 ἁμαρτίαν

792 4356 1007 4425 ἐκείνην
1057 4357 1431 4426 ἐργάσωνται,
1481 4356 1582 4409 οὐκ
1634 4355 1823 4427 ἐπειδὴ
1875 4357 1948 4426 μὴ
1999 4358 2259 4424 πολλάκις
2304 4361 2462 4415 τοῦτο

788 4436 1222 4508 τετολμήκασιν,
1268 4437 1519 4506 ἀφίενται
1578 4437 1678 4507 τῆς
1726 4436 2027 4507 τιμωρίας,
2080 4439 2214 4491 ἀλλά
2275 4440 2461 4512 ἐπειδὴ

790 4517 1193 4588 τετολμήκασιν
1228 4516 1387 4580 ὅλως,
1428 4516 1769 4580 κολάζονται.
1808 4514 1880 4568 Τὸ
1909 4514 1965 4568 δὲ
2006 4517 2202 4586 ἐφεξῆς
2241 4518 2463 4588 τούτῳτί

794 4598 1064 4667 κείμενον,
1096 4598 1181 4663 τίς
1204 4597 1306 4651 οὐκ
1331 4596 1397 4650 ἂν
1426 4595 1535 4649 τῶν
1558 4595 1805 4649 ἀπίστων
1826 4595 1918 4648 καὶ
1951 4594 2116 4665 μῦθον
2152 4592 2289 4649 εἶναι
2322 4598 2468 4668 νομί-

798 4692 931 4733 σειε,
966 4677 1102 4746 μετά
1126 4676 1397 4747 τοσαύτης
1426 4673 1791 4746 σφοδρότητος
1817 4674 2301 4746 ἀνατετραμμένον
2327 4677 2467 4748 ὁρῶν

797 4755 887 4822 ὑφ’
906 4754 1060 4823 ήμῶν
1079 4772 1095 4820 ;
1112 4756 1220 4809 Τοῦ
1252 4760 1360 4827 γάρ
1384 4754 1520 4808 Θεοῦ
1548 4754 1799 4818 είπόντος
1818 4769 1833 4782 ·
1872 4750 2011 4807 Ἐὰν
2029 4755 2381 4825 προσφέρῃς
2400 4756 2467 4810 τὸ

794 4832 989 4901 δῶρόν
1002 4848 1119 4888 σου
1135 4834 1234 4887 ἐπὶ
1259 4836 1327 4888 τὸ
1359 4833 1816 4903 θυσιαστήριον,
1843 4834 2019 4889 κάκεῖ
2037 4834 2346 4904 μνησθῇς,
2381 4836 2469 4889 ὅτι

796 4916 830 4966 ὀ
854 4912 1121 4983 ἀδελφός
1148 4930 1265 4968 σου
1280 4914 1404 4983 ἔχει
1432 4930 1491 4967 τι
1516 4914 1668 4967 κατὰ
1699 4914 1837 4979 σοῦ,
1876 4915 2027 4985 ἄφες
2042 4916 2248 4970 ἐκεῖτὸ
2274 4911 2469 4985 δῶρόν

794 5006 912 5047 σου
925 4994 1270 5062 ἔμπροσθεν
1288 4994 1397 5048 τοῦ
1411 4994 1869 5061 θυσιαστηρίου,
1888 4996 1985 5048 καὶ
2002 4996 2191 5064 ὕπαγε
2209 4995 2466 5064 πρῶτον,

796 5073 1153 5144 διαλλάγηθι
1179 5075 1261 5142 τῷ
1288 5074 1530 5145 ἀδελφῷ
1568 5088 1706 5141 σου,
1732 5074 1833 5129 καί
1870 5077 2002 5129 τότε
2037 5076 2252 5141 ἐλθὼν,
2281 5079 2469 5145 πρόσ-

797 5172 939 5223 φερε
966 5154 1033 5208 τὸ
1062 5154 1254 5223 δῶρόν
1277 5170 1395 5210 σου
1412 5172 1426 5186 ·
1463 5158 1622 5227 ἡμεῖς
1642 5156 1700 5209 δὲ
1724 5167 1748 5194 ο
1774 5156 2297 5225 ἐκπεπολεμωμένοι
2325 5158 2466 5227 πρὸς

798 5232 1059 5303 ἀλλήλους
1104 5236 1200 5288 καὶ
1250 5234 1499 5298 ὑπούλως
1529 5234 1859 5305 διακείμενοι
1901 5236 2017 5297 τοῖς
2062 5233 2470 5306 θυσιαστηρίοις

800 5311 1086 5383 πρόσιμεν.
1105 5316 1217 5369 Καὶ
1243 5315 1271 5368 ὁ
1296 5314 1394 5386 μὲν
1415 5314 1548 5378 Θεὸς
1569 5315 1839 5386 τοσαύτην
1852 5314 1955 5383 τῆς
1980 5315 2149 5386 ἡμετέ
2159 5332 2257 5386 ρας
2273 5315 2471 5367 καταλ-

860 5401 888 5429 ⁸
913 5401 1048 5451 Colb.
1078 5404 1185 5453 οὑδέ
1207 5403 1546 5463 λελυπηκότας.
1563 5402 1673 5452 Mox
1694 5402 1823 5454 idem
1845 5404 1973 5464 παρὰ
1998 5401 2085 5451 τοῦ
2109 5400 2236 5451 Θεοῦ
2263 5402 2469 5464 μείζονα,

798 5470 850 5511 et
872 5466 1018 5525 puqu
1040 5472 1149 5574 203!
1191 5467 1322 5514 idem
1357 5466 1769 5527 ἐπιδεικνυμένοις.
1808 5465 1967 5516 Paulo
2006 5473 2117 5528 post
2151 5466 2284 5515 idem
2308 5465 2353 5511 τί
2378 5467 2470 5528 γὰρ

798 5526 1017 5574 φορτικὸν
1071 5527 1255 5574 πῆτ-ησε
1269 5546 1283 5574 :
1305 5528 1351 5574 τί
1371 5529 1421 5574 δὲ
1440 5529 1520 5574 καὶ
1542 5528 1709 5574 έπαγθ.

797 5526 1017 5590 φορτικὸν
1040 5526 1283 5590 ἀπήτησες
1305 5528 1351 5576 τί
1371 5529 1421 5576 δὲ
1440 5529 1520 5576 καὶ
1542 5528 1709 5590 ἐπαχθ.

912 5588 1048 5666 (ξομ).
1072 5587 1277 5666 ἐσχάτης
1298 5587 1879 5666 φιλοσοφίαςκιύήςταὶᾱεῐη
1901 5590 2055 5666 πόρῃς
2072 5590 2336 5644 κολάσεως.
2359 5587 2470 5637 Mox

798 5650 1034 5716 ἱιίιζῐῃτὸν
1053 5650 1417 5716 γὰράδεμλφὸν...
1441 5650 1521 5700 καὶ
1552 5653 1635 5700 τὸν
1658 5652 1902 5716 ὁμότιμον,
1937 5652 2073 5700 ἀλλά.

860 5712 883 5741 ο
909 5711 1128 5777 ιιιοά,·ξη;
1147 5712 1333 5776 πνεῦμα
1356 5715 1495 5777 ἔχων,
1525 5711 1697 5776 neque
1720 5715 1769 5761 in
1792 5711 1938 5763 Savil.
1966 5727 2131 5777 neque
2155 5716 2206 5764 in
2230 5711 2369 5764 Colb.
2393 5713 2470 5761 le-

795 5774 946 5836 εἱιιιν,
969 5776 1057 5824 sed
1080 5778 1128 5824 in
1156 5774 1327 5825 Morél.
1355 5774 1557 5825 limum.

856 5834 883 5874 ά
909 5838 1042 5885 (Σοίί).
1069 5840 1230 5902 ἐφεξῆς
1250 5839 1436 5886 τούτου.
1468 5839 1587 5887 Infra
1610 5838 1742 5887 idem
1764 5839 1840 5900 ὑφ’
1858 5839 2009 5899 ἡμῶν
2038 5841 2064 5887 ὁ
2081 5837 2285 5902 ’μένέγάρ
2305 5837 2469 5901 φιλᾶν-

792 5898 977 5965 θρεηῖος
994 5898 1127 5965 βεδε.
1147 5902 1246 5960 ἐὰν,
1265 5903 1397 5965 φησὶν
1419 5903 1699 5965 προσφέρῃς-

855 5961 1200 6029 '_Aé_dges_l_in
1242 5960 1393 6029 S‘avjl.
1426 5960 1717 6029 ‘Papl‘o'p'osl
1740 5960 1878 6029 (ἴση).
1916 5962 2187 6029 προσίεμεν·
2215 5963 2294 6029 καὶ
2316 5964 2342 6009 ὁ
2380 5962 2462 6029 μὲν

794 6023 929 6078 θεὸς.
956 6022 1077 6072 Infra
1099 6025 1227 6073 idem
1252 6030 1303 6073 et
1326 6026 1471 6072 Savil.
1502 6023 1550 6073 in
1575 6032 1710 6072 lextu
1738 6022 2045 6084 ἐγκόπτεσθαι
2098 6024 2266 6071 Morel.
2293 6031 2345 6072 el.
2370 6022 2459 6073 Sa-

794 6084 857 6132 νιί
901 6098 950 6136 ω
973 6087 1474 6159 ωπεἋὲκκόπτεσθαι.
1504 6086 1623 6135 Infra
1653 6087 1823 6136 Morel.
1848 6091 1928 6144 τὴν
1954 6090 2117 6150 ἐχθράν
2139 6086 2313 6149 τηρεῖν.

1617 422 1673 477 S.
1714 418 2002 476 JOANNIS
2039 417 2527 478 CllllYSOSTOMl
2565 418 2889 477 ARCHIEP.
2932 418 3480 477 CONSTANTINOP.

4166 422 4261 476 598

2580 534 2750 604 λαγῆς
2774 536 3073 604 πεποίηται
3104 538 3362 609 σπουδὴν,
3391 536 3466 598 ὼς
3499 537 3791 606 ἀνέχεσθαι
3820 541 3927 609 τὴν
3962 539 4139 593 αὐτοῦ
4171 539 4261 590 θυ-

2578 615 2700 668 σίαν
2730 612 2912 684 μένειν
2943 616 3255 683 ἀτέλεστον,
3279 618 3375 671 κα¹ι
3402 616 3504 688 τὴν
3535 616 3847 687 ὑπηρεσίαν
3882 620 4260 687 ἐγκόπτεσθαι

2572 694 2710 763 ὑπὲρ
2732 690 2825 745 τοῦ
2844 690 2945 762 τὴν
2963 694 3106 764 πρὸς
3122 696 3388 767 ἀλλήλους
3404 695 3701 767 ἀπέχθειαν
3721 696 4043 750 καταλῦσαι
4061 701 4159 751 καὶ
4173 702 4263 769 τὴν

2569 773 2739 844 ὁργήν
2754 789 2769 803 ·
2796 773 2959 843 ἡμεῖς
2985 770 3043 823 δὲ
3066 773 3210 827 οὕτω
3236 776 3333 828 τοῦ
3361 776 3684 847 πράγματος
3704 775 4055 845 άλογοῦμεν,
4075 778 4155 840 ὠς
4176 780 4264 831 καὶ

2569 851 2786 923 ἡμέρας
2818 848 3019 912 πολλὰς
3046 850 3148 919 τὴν
3181 851 3386 924 ἔχθραν
3425 855 3701 927 διατηρεῖν
3734 854 3882 908 κατά
3910 857 4025 923 τῆς
4055 856 4263 907 ἑαυτῶν

2568 931 2835 1001 κεφαλῆς.
2867 928 3001 983 Οὐδὲ
3031 927 3142 1000 γάρ
3171 932 3301 994 τοὺς
3325 932 3801 1003 μνησικακοῦντας
3834 931 4075 995 κολάζει
4107 937 4263 1002 μόναν

2568 1007 2598 1057 ὁ
2629 1006 2886 1085 ξριστδς,
2905 1008 3040 1062 ἀλλὰ
3060 1008 3157 1060 καὶ
3180 1011 3311 1071 τοὺς
3329 1012 3521 1066 τούτου
3546 1015 3645 1084 μὲν
3674 1012 4155 1085 ἀπηλλαγμένους
4174 1016 4261 1066 τοῦ

2569 1084 2802 1153 πάθους,
2821 1086 3227 1159 πεπληγμένων
3249 1086 3308 1139 δὲ
3330 1084 3812 1162 καταφρονοῦντας
3835 1093 3957 1146 τῶν
3989 1090 4261 1158 ἀδελφῶν.

2581 1162 2800 1245 Ἐπειδὴ
2830 1167 2939 1237 γὰρ
2959 1166 3069 1220 τῶν
3102 1164 3266 1235 ήδικη
3277 1164 3456 1235 μένων
3490 1171 3609 1223 ἐστὶ
3634 1174 3696 1226 τὸ
3720 1174 4124 1245 μνησικακεῖν,
4160 1173 4190 1223 ὁ
4212 1172 4263 1224 εἰ

2569 1243 2770 1327 ἀδικῶν
2804 1248 2908 1327 οὐκ
2937 1248 3003 1301 ἂν
3030 1246 3226 1319 ῥαδίως
3254 1246 3488 1327 ληφθείη
3514 1251 3692 1322 τούτῳ
3723 1243 3824 1327 τῷ
3843 1256 4047 1319 πάθει,
4077 1254 4266 1309 τούτω

2568 1321 2729 1392 χάριν
2766 1323 2960 1377 τοῦτον
2993 1326 3169 1397 ἡγαγε
3213 1324 3351 1397 πρὸς
3394 1326 3623 1392 ἐκεῖνον,
3659 1321 3881 1398 δεικνὺς
3929 1335 4025 1387 ὅτι
4066 1335 4170 1403 τῆς
4194 1349 4266 1383 τι·

2575 1399 2786 1471 μωρίας
2812 1402 2916 1481 τῆς
2950 1404 3161 1457 ἐκείνου
3206 1404 3408 1476 μᾶλλον
3437 1404 3739 1470 ὑπεύθυνός
3781 1412 3939 1465 ἐστιν
3970 1414 4005 1464 6
4043 1399 4144 1464 ml
4174 1413 4264 1481 τὴν

2575 1481 2731 1550 ῥίζαν
2751 1479 2831 1550 τῷ
2859 1484 3223 1554 ἁμαρτήματι
3244 1482 3563 1555 παρασχών.
3608 1485 3749 1537 Ἀλλ’
3777 1489 3947 1557 ἡμεῖς
3972 1491 4106 1543 οὑδὲ
4130 1479 4265 1543 οὗτε,

2573 1559 2965 1638 παιδευόμεθα,
2978 1562 3118 1617 ἀλλὰ
3138 1564 3312 1618 λυποῦ
3320 1583 3418 1636 μεν
3435 1567 3528 1619 καὶ
3546 1566 3686 1638 ὑπὲρ
3704 1565 3817 1618 τῶν
3833 1570 4133 1638 τυχόντων
4148 1574 4266 1633 16-3;

2576 1638 2833 1706 ἀδελφούς
2855 1654 2868 1668 ·
2898 1636 3022 1693 εἶτα
3048 1642 3242 1715 ῶσπερ
3264 1644 3477 1709 οὐδενὸς
3498 1644 3517 1683 ί
3543 1636 3841 1714 γενομένου
3860 1636 4079 1709 δεινοῦ,
4099 1651 4265 1711 οὕτως

2572 1717 2882 1788 ἁμελοῦμεν
2933 1720 3029 1772 καὶ
3062 1722 3536 1795 ἐπιλανθανόμεθα
3582 1724 3689 1777 τῶν
3729 1724 4109 1794 λυπηθέντων

2571 1797 2751 1867 ἡμῶν,
2786 1796 2880 1848 καὶ
2906 1798 3005 1868 τὴν
3033 1798 3239 1871 ἔχθραν
3272 1804 3355 1865 είς
3392 1803 3601 1875 μακρὸν
3640 1804 4049 1875 ἐκτεινομένην
4076 1809 4263 1876 χρόνω

2575 1879 2751 1947 μῆκος
2796 1880 3168 1951 περιορῶμεν,
3208 1883 3311 1936 οὐκ
3355 1884 3559 1949 εἰδότες
3606 1885 3688 1939 ὃτι
3741 1885 3999 1957 τοσούτῳ
4039 1888 4267 1955 μείζω,

2566 1958 2789 2029 τίσομεν
2819 1960 3064 2023 κόλασιν,
3089 1960 3200 2031 ὅσῳ
3221 1959 3372 2033 [127]
3397 1963 3649 2028 πλείονας
3672 1964 3737 2018 ἂν
3751 1964 3995 2034 ἀφῶμεν
4013 1966 4266 2017 ἐπεισελ-

2568 2039 2682 2094 θεῖν
2703 2042 2919 2113 ἡμέρας
2950 2044 3017 2113 τῇ
3039 2041 3209 2116 λύπῃ,
3244 2044 3425 2116 τούτῳ
3454 2063 3516 2099 τε
3548 2046 3719 2118 αὐτῷ,
3749 2047 3845 2100 καὶ
3866 2047 3950 2117 τῷ
3980 2047 4263 2100 δυσ-κολυ-

2568 2121 2735 2191 τέραν
2774 2124 2909 2192 ἡμῖν
2949 2120 3207 2191 γενέσθαι
3234 2121 3425 2176 λοιπὸν
3456 2125 3600 2197 τὴνε
3630 2125 4016 2196 καταλλαγήν.
4057 2126 4265 2197 Ὥσπερ

2567 2201 2700 2273 γὰρ,
2734 2202 2920 2271 φιλίας
2958 2202 3294 2275 συνεχούσης
3318 2205 3489 2275 ἡμᾶς,
3520 2206 3675 2261 οὐδὲν
3708 2207 3954 2267 εὐκόλως
3984 2204 4110 2257 τῶν
4134 2205 4266 2257 διαι-

2576 2282 2814 2354 ρούντων
2863 2282 3081 2354 ἰσχῦσαι
3135 2284 3231 2337 καὶ
3282 2285 3646 2357 πιστευθῆναι
3698 2288 4037 2358 δυνήσεται·
4070 2285 4265 2349 οὕτως,

2573 2361 2774 2432 ἔχθρας
2834 2361 3361 2434 προκαταλαϐούσης
3385 2365 3413 2404 h
3466 2366 3624 2436 ἡμῶν
3682 2367 3788 2430 τάς
3834 2366 4054 2437 ψυχὰς,
4089 2368 4265 2418 πάντα

2572 2439 2771 2494 εὔκολα
2793 2442 2885 2494 καὶ
2911 2443 3089 2512 ῥᾷστα
3108 2444 3222 2505 τοῖς
3243 2442 3589 2513 βουλομένοις
3615 2447 3747 2515 ήμίν
3777 2445 4126 2518 συγκρούειν
4152 2446 4267 2496 ἐπι.

2571 2519 2757 2572 πλεῖόν
2782 2520 2920 2583 ἐστι,
2945 2520 3058 2572 τῶν
3076 2521 3176 2590 μὲν
3191 2522 3447 2591 χρηστῶν
3470 2524 3914 2593 ἀπιστουμένων,
3934 2526 4268 2593 πιστευομέο

2568 2613 2675 2650 νων
2699 2597 2757 2649 δέ
2790 2597 2969 2667 μόνων
2996 2598 3107 2649 τῶν
3134 2599 3407 2669 πονηρῶν.
3424 2600 3523 2651 Διά
3548 2600 3723 2653 ταῦτα
3752 2603 3974 2656 κελεύει
4001 2604 4071 2655 τὸ
4099 2602 4267 2674 δῶρον

2566 2677 2803 2745 ἀφέντας
2833 2676 2928 2728 ἐπὶ
2950 2674 3044 2730 τοῦ
3078 2675 3495 2748 θυσιαστηρίου,
3529 2678 3749 2749 πρῶτον
3787 2681 4168 2752 διαλλαγῆναι
4195 2682 4268 2752 τῷ

2566 2755 2801 2827 ἀδελφῷ,
2822 2756 2909 2809 ’ίνα
2936 2756 3223 2827 μάθωμεν,
3245 2759 3330 2811 ὃτι
3350 2760 3471 2812 είέν
3492 2760 3690 2831 ἐκείνῳ
3708 2760 3789 2833 τῷ
3803 2763 3996 2834 καιρῷ
4024 2763 4267 2817 ἀναϐαλ-

2568 2835 2762 2889 λεσθαι
2805 2835 2908 2907 τὴν
2950 2836 3306 2908 καταλλαγὴν
3335 2837 3545 2909 ταύτην
3569 2839 3631 2891 οὐ
3655 2840 3784 2911 χρῆ,
3824 2840 4022 2910 πολλῷ
4063 2842 4266 2911 μᾶλλον

2568 2917 2627 2969 ἐν
2654 2917 2885 2987 ἑτέροις.
2925 2914 3121 2986 Ἡμεῖς
3147 2915 3206 2968 δὲ
3237 2917 3308 2969 τὰ
3356 2918 3456 2988 μὲν
3488 2918 3734 2989 σύμϐολα
3758 2920 3871 2974 τῶν
3904 2923 4266 2993 πραγμάτων

2574 2997 2905 3068 κατέχομεν,
2965 3000 3065 3067 τῆς
3110 2996 3169 3051 δὲ
3227 2997 3485 3067 ἀληθείας
3540 3000 3710 3070 αὐτῆς
3780 3002 4262 3072 ἐκπεπτώκαμεν,

2572 3077 2949 3147 ἀσπαζόμενοι
2984 3078 3083 3146 μὲν
3116 3076 3382 3148 ἀλλήλους
3415 3078 3703 3149 μέλλοντος
3735 3080 3831 3133 τοῦ
3861 3081 4057 3152 δώρου
4100 3098 4267 3154 προσ·

2573 3156 2859 3229 φέρεσθαι,
2885 3156 3091 3227 χείλεσι
3116 3157 3175 3209 δὲ
3198 3156 3275 3220 ὡς
3314 3158 3409 3210 ἐπὶ
3453 3159 3514 3212 τὸ
3543 3159 3678 3213 πολύ
3708 3162 3804 3213 καὶ
3832 3162 4081 3231 στόματι
4111 3162 4266 3216 τοῦτο

2571 3236 2852 3300 ποιοῦντες
2892 3237 3071 3306 μόνον.
3117 3237 3175 3289 '0
3210 3238 3268 3291 δὲ
3295 3238 3503 3309 Κύριος
3530 3240 3592 3292 οὐ
3622 3240 3779 3293 τοῦτο
3812 3240 4103 3309 βούλεται,
4136 3243 4266 3295 ἀλλὰ

2568 3318 2630 3371 τὸ
2652 3316 2760 3371 ἀπὸ
2798 3316 2900 3387 τῆς
2942 3317 3127 3387 ψυχῆς
3166 3317 3404 3388 φίλημα,
3454 3320 3676 3373 καὶτὸν
3722 3320 3832 3373 ἀπὸ
3889 3322 3998 3393 τῆς
4039 3325 4264 3394 καρδίας

2570 3395 2866 3465 ἀσπασμὸν
2906 3395 3108 3448 διδόναι
3157 3395 3235 3466 τῷ
3280 3397 3513 3467 πλησίον
3551 3400 3720 3470 ἡμᾶς.
3751 3399 3929 3454 Τοῦτο
3960 3404 4081 3473 γάρ
4120 3406 4263 3457 ἐστιν

2569 3473 2925 3554 ἀσπάσασθαι
2962 3473 3399 3544 ἀληθῶς,ἐκεῖνο
3419 3476 3479 3530 δὲ
3510 3482 3684 3549 σκηνὴ
3711 3495 3796 3542 τις
3811 3481 3909 3533 καὶ
3940 3481 4260 3554 ὑπόκρισις,

2569 3554 2665 3608 καὶ
2706 3552 3031 3623 παροξύνειε
3073 3554 3277 3625 μᾶλλον
3312 3554 3379 3608 ἂν
3417 3556 3513 3609 τὸν
3549 3557 3684 3610 Θεὸν
3715 3559 3747 3628 ἢ
3783 3552 4197 3625 καταλλάξειεν
4235 3565 4263 3617 ὁ

2564 3632 2710 3685 οὑτω
2735 3632 2927 3702 φιλῶν.
2958 3631 3070 3704 Τὴν
3098 3631 3210 3703 γὰρ
3242 3632 3512 3705 εἰλικρινῆ
3540 3636 3636 3689 καὶ
3657 3636 4055 3709 ἐρριζωμένην
4083 3641 4261 3708 φιλίαν

2567 3711 2818 3781 ἐπιζητεῖ
2853 3713 2981 3783 παρ’
3006 3712 3239 3782 ήμῶνί,
3289 3712 3351 3765 οὑ
3396 3712 3624 3783 ταύτην,
3680 3712 3751 3789 ἧς
3793 3715 3855 3768 τὸ
3900 3718 4009 3787 μὲν
4075 3720 4260 3790 σχῆμα

2569 3792 2706 3844 πολὺ
2739 3794 2835 3846 καὶ
2856 3793 2957 3862 τὴν
2998 3792 3286 3863 μόρφωσιν
3317 3793 3718 3865 περιφέρομεν,
3765 3796 3865 3868 τὴν
3910 3798 3971 3850 δὲ
4026 3798 4260 3870 δύναμιν

2570 3871 2751 3924 πᾶσαν
2772 3870 3098 3948 ἐσϐέσαμεν,
3116 3871 3254 3939 ὅπερ
3272 3872 3366 3925 καὶ
3385 3872 3517 3926 αὐτὸ
3536 3875 3832 3947 τεκμήριον
3850 3877 3966 3929 τῶν
3993 3895 4260 3948 κατεχεύ-

2571 3950 2680 4003 σῶν
2714 3950 2864 4019 ἡμᾶς
2896 3947 3142 4017 ἀνομιῶν
3173 3949 3311 4001 ἐστι.
3335 3949 3440 4002 Διά
3464 3953 3573 4019 γὰρ
3604 3952 3670 4005 τὸ
3692 3952 4129 4021 πληθυνθῆναι
4145 3947 4261 4023 τὴν

2571 4028 2855 4096 ἀνομίαν,
2892 4027 3047 4097 φησὶ,
3082 4026 3426 4096 ψυγήσεται
3471 4027 3511 4094 ἡ
3559 4030 3757 4099 ἀγάπη
3796 4031 3920 4085 τῶν
3974 4034 4255 4088 πολλῶν.

2568 4109 2679 4161 Καὶ
2706 4108 2879 4161 ταῦτα
2904 4107 3220 4179 πράττομεν
3241 4106 3543 4178 ἄνθρωποι,
3578 4112 3715 4181 μήτε
3742 4112 4098 4182 ὀργίζεσθαι,
4122 4116 4256 4186 μήτε

2566 4186 2794 4257 ἐχθροὺς
2846 4186 2993 4257 ἔχειν
3039 4186 3428 4251 κελευσθέντες
3480 4188 3672 4252 τινάς,
3733 4192 3782 4243 εί
3845 4191 3903 4245 δέ
3969 4210 4109 4247 ποτε
4159 4197 4251 4249 καὶ

2568 4265 2854 4336 σχοίημεν,
2888 4264 2975 4333 ἐφ’
3002 4266 3221 4335 ἡμέρας
3256 4266 3447 4335 μόνον·
3491 4266 3555 4319 '0
3589 4266 3763 4334 ἣλιος
3798 4269 3931 4341 γάρ,
3969 4273 4137 4341 φησὶ,
4166 4272 4250 4342 μὴ

2565 4344 2853 4399 ἐπιδυέτω
2908 4344 3008 4397 ἐπὶ
3043 4345 3125 4410 τῷ
3176 4346 3563 4415 παροργισμῷ
3605 4345 3787 4417 ὑμῶν,
3824 4350 3935 4403 Καὶ
3989 4352 4122 4406 οῦδέ
4175 4356 4258 4423 μέο

2568 4441 2658 4496 χρι
2719 4423 2912 4476 τούτου
2971 4425 2986 4475 ί
3059 4424 3357 4494 ίστάμεθα,
3424 4426 3560 4480 ἀλλά
3621 4428 3715 4481 καὶ
3775 4430 4085 4496 ἐπιϐουλὰς
4142 4438 4256 4487 κατ’

2567 4504 2813 4575 ἀλλήλων
2868 4503 3169 4573 ῥάπτομεν,
3222 4504 3317 4556 καὶ
3374 4504 3441 4558 δι’
3497 4500 3574 4561 ὧν
3619 4506 3850 4579 λέγομεν
3914 4512 4011 4568 καὶ
4073 4513 4147 4566 δι’
4187 4508 4256 4567 ὧν

2567 4582 2883 4653 πράττομεν
2928 4580 3214 4644 δάκνοντες
3263 4580 3332 4635 τά
3384 4585 3559 4638 οίκεῖα
3614 4586 3750 4658 μέλη
3791 4591 3886 4641 καὶ
3933 4592 4256 4644 κατεσθίον-

2568 4678 2685 4726 τεςο
2713 4664 2853 4733 ὅπερ
2886 4661 3147 4732 λαμπρᾶς
3178 4663 3373 4732 μανίας
3411 4666 3547 4719 ἐστί.
3574 4668 3684 4721 Καὶ
3715 4668 3824 4739 γάρ
3853 4671 3987 4733 τοὺς
4011 4673 4255 4734 ἀνιάτως

2567 4741 2938 4811 δαιμονῶντας
2973 4741 3069 4793 καὶ
3098 4743 3454 4813 μαινομένους
3492 4744 3601 4797 ἀπὸ
3618 4745 3808 4800 τούτου
3840 4748 4093 4818 μάλιστα
4117 4752 4254 4803 δοκι·

2573 4821 2839 4891 μάζομεν.
2877 4818 2943 4872 Τί
2987 4818 3042 4872 δὲ
3084 4821 3108 4858 ιι
3137 4822 3164 4873 6
3197 4823 3322 4892 περὶ
3367 4823 3463 4877 τοῦ
3513 4825 3788 4879 ἀντιδίκου
3844 4827 4036 4897 νόμος,
4093 4831 4188 4881 καὶ
4228 4833 4253 4883 ὁ

2570 4900 2699 4969 περὶ
2752 4898 2854 4969 τῆς
2896 4898 3190 4969 ἐπιθυμίας
3227 4901 3326 4970 τῆς
3366 4903 3591 4965 ἀτόπου,
3645 4907 3736 4959 καὶ
3778 4905 3888 4958 τῶν
3930 4906 4253 4962 ἀκολάστων

2568 4979 2884 5051 ὀφθαλμῶν,
2914 4980 3010 5033 καὶ
3051 4981 3149 5051 τῆς
3192 4982 3383 5052 ἀλόγου
3413 4984 3597 5053 φιλίας
3641 4986 3737 5038 καὶ
3780 4986 4148 5053 ἐπιϐλαϐοῦς;
4198 4992 4251 5042 ὐ

2569 5062 2676 5133 γὰρ
2695 5059 2871 5126 δεξιὸς
2889 5061 3188 5133 ὀφθαλμὸς,
3216 5066 3310 5118 καὶ
3335 5064 3537 5136 ήδεξιά
3564 5065 3705 5135 χεὶρ,
3732 5066 3886 5118 οὐδὲν
3905 5068 4043 5136 ἡμῖν
4068 5068 4251 5141 ἕτερον

2568 5142 2945 5219 αίνίττεταιηῆ
2966 5144 3091 5219 τοὺς
3118 5145 3209 5219 ἐπί
3231 5144 3402 5216 βλάϐῃ
3431 5144 3929 5219 φιλοῦντας-ἡμᾶς)
3951 5146 4048 5198 καὶ
4076 5149 4107 5201 ὁ
4130 5151 4249 5219 περὶ

2570 5213 2679 5265 τῶν
2713 5213 3132 5282 ἀπολελυμένων
3158 5214 3213 5267 δὲ
3233 5213 3525 5283 γυναικῶν
3558 5214 3664 5266 ὑπὸ
3688 5213 3834 5277 τίνος
3863 5214 3925 5267 οὑ
3977 5213 4246 5289 κατσλύθη

2569 5292 2665 5342 καὶ
2691 5292 3042 5363 κατεπατήθη
3064 5291 3083 5330 1
3124 5293 3415 5359 πολλάκιςῖ

2638 5457 2660 5498 ί
2684 5460 2818 5545 (ξοιζξ.
2844 5465 3226 5545 παρασχὼννκκαὶ
3269 5465 3536 5545 οὐδξίρὺτω
3564 5466 3895 5545 πριιδεξιόμεθα,
3922 5469 4047 5517 ἀλλὰ
4072 5468 4244 5518 λυπού-

2572 5540 2655 5587 μεν
2675 5526 2880 5592 εὐκόλως
2899 5527 3069 5590 ὑπὲρ...
3092 5528 3335 5589 ἀδελφούς.
3355 5527 3544 5588 ’Ὠσπερ
3567 5528 3618 5575 δὲ
3636 5526 3819 5587 οὐδενός
3886 5526 3887 5529 “

2636 5587 2941 5669 iam}???
2961 5589 3167 5669 15.1939;
3196 5589 3755 5669 *1.*?..§21*°}93ém
3768 5593 3880 5669 ἡμῖν
3904 5592 4239 5669 τετραπέδ-

2636 5606 2663 5684 ἕ
2683 5606 2779 5659 ﬂ!”
2801 5606 2941 5661 τουτο
2961 5606 3012 5636 τε
3032 5606 3167 5665 αυτο,
3196 5606 3277 5636 και
3301 5606 3357 5634 το
3396 5606 3749 5700 ουσκολωτὲραν
3768 5606 3880 5669 ημιν
3904 5606 4126 5653 γενεσθαι
4146 5606 4239 5647 τὴν.

2656 5711 2664 5721 ,
2688 5650 2769 5698 Su:
2790 5648 2937 5721 $3111:
2963 5658 3028 5721 Aet
3048 5650 3184 5721 (ιοιὶ)ἶ
3234 5653 3298 5698 Al
3323 5648 3496 5697 Morel.
3542 5667 3633 5699 κατ
3691 5655 3917 5711 aecum.
3957 5652 4097 5700 Intra
4115 5655 4243 5702 ωδ.

2575 5709 2771 5773 ἀφέντας
2791 5712 2865 5759 ἐπὶ
2884 5712 2940 5758 τὸ
2960 5713 3312 5773 θυσιαστήριον.

2680 5772 2816 5851 (Σοίὺ.
2842 5773 2996 5851 φιλίαν
3022 5773 3143 5819 αἰτεῖ
3175 5771 3287 5835 παρ’
3327 5773 3479 5835 ἡμῶν.
3510 5771 3633 5824 Ibid.
3672 5776 3807 5827 Colb.
3856 5783 4026 5839 σχῆμα
4067 5776 4249 5831 πολλοί,

2575 5836 2656 5882 alii
2677 5842 2841 5897 σχῆμα
2859 5836 2998 5881 πολύ.

2568 5921 2581 5927 ·
2636 5896 2657 5969 ‘i
2688 5899 2827 5969 12019.
2853 5900 2987 5969 μέχρι
3012 5895 3209 5969 τούτων.

2636 5958 2659 5995 ι(
2688 5960 2837 6007 Savil.
2867 5966 2917 6003 el
2942 5958 3074 6005 (Ioib.
3107 5958 3149 6003 τί
3174 5959 3268 6007 δαί.

2644 6019 2656 6058 ι
2682 6020 2836 6084 ΓΘΗ).
2867 6027 2913 6064 Pl
2942 6020 3089 6084 Sayjl.
3114 6018 3160 6084 ir}
3192 6028 3330 6068 lem:
3357 6024 3411 6070 οὐ
3432 6026 3671 6084 παρεεςὶθη
3694 6028 3772 6072 καὶ
3799 6025 4142 6083 κατιπατήθη;
4168 6022 4245 6073 Sa-

2568 6085 2645 6131 Hl.
2678 6082 2723 6130 in
2752 6096 2899 6144 marg.
2930 6089 2979 6130 et
3005 6081 3171 6131 Morel.
3202 6084 3255 6131 οὐ
3281 6081 3511 6137 κατιὶυθή
3536 6105 3608 6134 ι”ἵῒ
3639 6088 3969 6141 annnam;

3644 5591 3664 5637 ἐ
