4532 6724
846 505 949 559 5’¹9

848 635 973 674 nam
1016 634 1123 673 non
1185 622 1381 675 violata
1436 629 1488 672 et
1540 618 1858 672 conculcata
1912 616 2221 685 frequenter
2275 612 2427 665 fuit?

838 732 850 800 ι
924 714 978 766 ι.
1018 710 1148 767 Nam
1179 713 1322 780 leges
1347 710 1412 764 de
1442 723 1545 762 non
1578 705 1806 776 jurando
1832 704 2091 758 erubesco
2110 700 2346 800 proferre
2374 698 2427 750 in

855 804 1109 869 medium,
1138 820 1239 856 non
1261 802 1433 856 solum
1455 800 1522 852 ob
1544 798 1869 866 juramenta,
1897 796 1993 850 sed
2022 795 2179 849 etiam
2208 790 2277 843 ob
2304 804 2425 858 per-

851 896 985 965 juria
1014 894 1330 961 frequentia.
1364 890 1569 945 Etenim
1608 889 1653 941 si
1682 888 1883 957 jurare,
1916 888 2017 940 etsi
2046 900 2189 946 vere,
2223 883 2425 935 crimen

852 995 955 1047 est,
992 996 1047 1040 et
1084 983 1329 1054 prmeepti
1372 981 1761 1051 prtevaricatio,
1805 980 2093 1047 perjuritun
2138 976 2220 1029 ubi
2265 988 2428 1042 pone-

854 1078 1013 1131 mus?
1042 1078 1167 1131 Etsi
1200 1075 1249 1128 id
1274 1074 1413 1144 quod
1440 1083 1510 1126 est
1539 1084 1590 1128 et
1622 1090 1723 1126 non
1743 1073 1953 1127 excedit
1985 1071 2192 1141 (Matth.
2224 1068 2275 1122 5.
2307 1066 2425 1134 57),

852 1183 883 1220 a
910 1166 1051 1219 malo
1085 1175 1185 1225 est,
1217 1165 1356 1234 quod
1385 1164 1486 1219 hoc
1508 1164 1665 1218 etiam
1697 1172 1999 1232 exsuperat,
2027 1178 2056 1215 a
2081 1175 2184 1228 quo
2214 1157 2426 1212 tandem

846 1257 989 1311 erit?
1012 1256 1212 1311 Deinde
1241 1272 1370 1312 vero
1407 1257 1481 1310 ait
1508 1272 1525 1311 :
1556 1256 1615 1310 Si
1640 1257 1749 1325 quis
1774 1265 1820 1307 te
1856 1254 2147 1324 percusserit
2172 1252 2224 1304 in
2254 1251 2430 1303 dexte-

850 1364 963 1403 ram
1008 1348 1295 1413 maxillam,
1338 1357 1567 1402 conuerte
1592 1348 1671 1400 illi
1708 1356 1754 1398 et
1782 1345 2032 1399 alteram:
2060 1353 2106 1396 et
2144 1344 2187 1397 ei
2215 1344 2301 1412 qui
2326 1344 2431 1395 vult

848 1450 1014 1494 tecum
1032 1442 1228 1511 judicio
1256 1440 1569 1503 contendere,
1600 1449 1646 1491 et
1686 1437 1907 1489 tunicam
1947 1445 2087 1488 tuam
2116 1435 2307 1497 tollere,
2352 1436 2430 1487 di-

852 1535 990 1585 mitte
1016 1536 1063 1585 ei
1088 1542 1135 1585 et
1176 1532 1385 1599 pallium
1412 1546 1429 1583 :
1454 1540 1499 1581 et
1528 1530 1824 1599 quicumque
1862 1538 1909 1580 te
1934 1527 2270 1597 angnriaverit
2295 1526 2433 1579 mille

850 1640 1047 1692 passus,
1075 1624 1199 1675 vade
1220 1638 1333 1675 cum
1358 1621 1448 1675 illo
1471 1632 1516 1677 et
1545 1622 1669 1675 duo.
1703 1620 1801 1687 Qui
1829 1622 2000 1691 petita
2030 1632 2094 1684 te,
2125 1621 2191 1673 da
2216 1622 2259 1672 ei
2286 1635 2303 1673 :
2330 1630 2375 1672 et
2402 1637 2432 1672 a

847 1718 1041 1771 volente
1068 1718 1289 1769 mutuari
1317 1734 1350 1769 α
1380 1726 1447 1778 te,
1477 1733 1540 1770 ne
1580 1716 1821 1769 arertaris
1854 1714 2065 1787 (Matth.
2095 1716 2149 1769 5.
2183 1715 2270 1769 59.
2317 1714 2427 1779 l2).

847 1806 987 1874 Quid
1016 1807 1083 1861 ad
1113 1808 1229 1861 hare
1273 1807 1377 1861 dici
1418 1806 1635 1877 potest?
1662 1808 1765 1860 Pro
1807 1807 2031 1875 singulis
2070 1806 2211 1859 enim
2259 1805 2433 1873 hujus-

849 1899 994 1952 mndi
1031 1898 1187 1952 dictis
1222 1908 1389 1953 restat
1414 1898 1586 1951 solum
1632 1906 1686 1949 ut
1714 1897 1954 1956 fleamus,
1995 1903 2050 1948 et
2091 1895 2293 1962 pudore
2323 1893 2433 1946 suf-

848 1988 1138 2044 fundamur
1168 2008 1181 2042 :
1213 1990 1283 2041 ita
1314 2004 1379 2041 ex
1404 1987 1667 2040 diametro
1704 1985 2001 2053 oppositam
2042 1985 2180 2035 viam
2225 1992 2431 2037 sectan-

842 2089 945 2142 tes,
985 2078 1221 2146 judiciis,
1269 2078 1477 2146 pugnis,
1525 2077 1704 2130 litibus
1753 2086 1807 2128 et
1851 2075 1984 2128 rixis
2023 2090 2181 2127 omne
2220 2082 2429 2141 tempus

848 2171 1197 2231 insumentes,
1238 2186 1303 2223 ne
1330 2170 1603 2224 minimam
1632 2168 1843 2237 quidem
1869 2176 1960 2220 aut
1988 2183 2162 2220 rerum
2192 2177 2284 2219 aut
2311 2182 2431 2219 ver-

838 2262 1033 2315 borum
1074 2261 1377 2315 molestiam
1413 2260 1730 2324 toleramus,
1776 2258 1868 2313 sed
1901 2258 1983 2312 vel
2024 2274 2119 2324 pro
2147 2258 2430 2313 levissimis

843 2350 1155 2407 ferocimus.

920 2441 1244 2514 Evangelicte
1293 2444 1407 2497 vita:
1449 2442 1707 2513 perfectio.
1745 2471 1818 2483 —
1858 2441 2011 2508 Quod
2057 2442 2100 2496 si
2154 2442 2431 2513 quoSpiam

848 2534 1088 2604 proferre
1120 2536 1312 2604 possis,
1358 2534 1447 2603 qtti
1504 2536 1667 2587 nmlta
1710 2536 2030 2603 pauperibus
2058 2536 2349 2603 erogarint,
2379 2544 2434 2589 et

846 2636 1029 2694 postea
1076 2626 1402 2695 paupertatis
1446 2640 1604 2679 causa
1650 2626 1707 2678 in
1752 2634 2112 2695 contemptum
2166 2626 2426 2690 venerint,

840 2716 1228 2784 innumeraque
1253 2716 1389 2768 mala
1424 2715 1663 2783 perpessi
1700 2716 1825 2779 sint,
1860 2730 2056 2783 paucos
2097 2717 2427 2769 rarissimus-

841 2821 947 2873 que
984 2805 1116 2859 tales
1159 2805 1500 2868 numerabis;
1538 2814 1767 2858 attamen
1818 2806 2039 2871 nullum,
2080 2808 2291 2876 qualem
2341 2807 2426 2862 hic

844 2898 1213 2963 describimus,
1238 2896 1611 2968 philosophum
1638 2896 1887 2951 ostendes
1916 2915 1929 2949 :
1957 2898 2070 2951 lucc
2100 2899 2293 2967 quippe
2320 2900 2425 2952 vita

846 2989 1002 3059 longe
1040 2989 1208 3057 magis
1244 3004 1401 3057 quam
1449 2988 1537 3042 illa
1572 2988 1864 3056 Spiritualis
1908 2997 2012 3042 est.
2064 2988 2246 3057 Neque
2285 2989 2427 3043 enim

844 3079 1051 3149 mquale
1080 3087 1165 3132 est
1204 3088 1395 3147 sponte
1432 3078 1631 3147 largiri,
1659 3088 1713 3131 et
1736 3078 1983 3132 omnibus
2019 3079 2301 3149 Spoliatum
2333 3094 2427 3148 pa-

848 3169 1043 3223 tienter
1066 3168 1226 3223 ferre.
1259 3168 1456 3237 Ecquid
1484 3168 1606 3223 dico
1644 3168 1821 3224 ferre?
1850 3185 1973 3223 nam
1998 3170 2141 3239 quod
2183 3170 2430 3225 Christus

839 3259 975 3314 dixit
992 3258 1093 3313 hoc
1118 3259 1273 3329 longe
1303 3261 1641 3328 praestantius
1668 3269 1788 3314 est:
1820 3260 2079 3329 siquidem
2112 3276 2291 3317 sermo
2315 3262 2429 3330 ejus

842 3351 1095 3405 laesorum
1123 3350 1330 3404 animos
1371 3349 1439 3403 ab
1466 3351 1542 3403 ira
1582 3359 1771 3405 .contra
1799 3350 2058 3404 laedentes
2089 3366 2258 3420 usque
2292 3352 2429 3405 adeo

842 3442 1055 3505 avertit,
1099 3450 1157 3496 ut
1184 3458 1289 3496 non
1334 3440 1493 3495 modo
1520 3440 1589 3495 de
1619 3442 1786 3509 raptis
1825 3442 2080 3509 conqueri
2112 3456 2214 3495 non
2260 3443 2421 3507 sinat,

840 3534 939 3589 sed
960 3535 1120 3589 etiam
1142 3550 1225 3595 ea,
1256 3548 1376 3603 qua:
1406 3533 1587 3587 relicta
1615 3542 1761 3598 sunt,
1790 3543 1982 3602 sponte
2008 3532 2202 3587 oilerre
2218 3533 2422 3603 jubeat,

841 3634 900 3681 et
933 3625 1186 3693 majorem
1230 3625 1296 3678 ad
1335 3624 1473 3677 mala
1519 3622 1733 3678 ferenda
1775 3624 2099 3679 alacritatem
2146 3624 2423 3694 exhibere,

846 3731 1006 3785 quam
1038 3715 1111 3768 illi
1138 3714 1203 3767 ad
1233 3714 1505 3768 inferenda
1534 3715 1815 3767 insaniam.
1840 3714 1971 3769 Nam
1997 3731 2117 3770 cum
2145 3718 2190 3771 is
2211 3718 2300 3787 qui
2330 3718 2425 3771 la:-

844 3810 980 3864 dere
1005 3810 1137 3874 vult,
1178 3822 1299 3861 eum
1326 3823 1484 3875 quem
1518 3808 1659 3859 laedit
1688 3809 2007 3877 paratiorem
2030 3808 2093 3861 ad
2121 3810 2425 3878 patiendum

843 3900 1067 3963 invenit,
1115 3914 1274 3968 quam
1322 3898 1409 3951 ille
1456 3898 1719 3963 voluerat,
1768 3906 1822 3951 et
1871 3910 2149 3967 postquam
2188 3900 2429 3969 implevit

849 3991 1331 4058 concupiscentiam
1358 4004 1530 4052 suam,
1559 4004 1681 4042 eum
1708 4004 1867 4058 quem
1904 3990 2135 4055 lzcserat,
2163 4006 2228 4045 ex
2258 3992 2425 4044 abun-

847 4082 996 4134 danti
1040 4080 1183 4133 videt
1224 4080 1289 4131 ad
1332 4080 1432 4131 alia
1480 4079 1725 4147 patienda
1784 4081 2109 4148 proniorem,
2151 4093 2429 4150 superatus

842 4175 1107 4235 discedit,
1167 4172 1234 4227 de
1295 4173 1587 4226 tolerantia:
1651 4173 2013 4241 magnitudine
2064 4173 2425 4239 erubescens,

847 4266 1093 4337 quamvis
1139 4264 1269 4330 fera,
1316 4265 1561 4333 quamvis
1602 4263 1883 4317 immanius
1932 4265 2203 4335 quidpiam
2249 4265 2426 4330 fuerit,

847 4359 1179 4414 moderatior
1215 4357 1428 4410 tandem
1475 4355 1685 4419 evadet,
1722 4369 2000 4427 conspecta
2039 4370 2149 4414 tum
2195 4362 2429 4428 nequitia

849 4467 966 4515 sua,
994 4458 1101 4502 tutu
1148 4449 1287 4503 illius
1324 4449 1522 4501 virtute
1550 4462 1645 4516 per
1674 4448 1862 4501 factam
1909 4453 2181 4520 utriusque
2222 4468 2433 4521 compa-

850 4544 1132 4595 rationem.
1188 4541 1333 4594 llanc
1378 4556 1477 4608 ego
1529 4556 1670 4593 nunc
1720 4556 1902 4608 qumro
1954 4546 2107 4597 vitam
2161 4560 2319 4614 quam
2376 4548 2427 4598 in

851 4634 1142 4701 Scripturis
1186 4642 1385 4685 tantum
1429 4632 1754 4702 prepositam
1790 4633 1962 4697 video,
1994 4634 2114 4689 alibi
2142 4654 2269 4691 vero
2296 4654 2425 4709 ope-

848 4725 997 4780 ribus
1025 4724 1314 4778 exbibitam
1346 4741 1623 4793 nusquam.
1656 4727 1766 4781 Nec
1793 4726 1923 4780 mihi
1952 4727 2095 4781 dicas
2126 4733 2425 4799 quempiam

850 4816 1035 4869 laesum
1073 4814 1339 4883 patienter
1380 4816 1593 4880 tulisse;
1641 4818 1692 4871 id
1731 4818 1875 4872 enim
1908 4819 2078 4886 potuit
2105 4819 2309 4874 defectu
2353 4823 2428 4876 vi-

844 4907 986 4959 rium
1009 4905 1341 4974 contingere.
1370 4904 1463 4959 Sin
1500 4908 1655 4961 etiam
1682 4924 1802 4963 cum
1839 4909 2154 4978 mqualibus,
2186 4928 2319 4980 quos
2351 4916 2428 4967 ul-

840 4996 973 5050 cisci
1012 5005 1237 5066 poterat,
1288 4996 1339 5049 id
1380 4996 1697 5063 exhibuerit,
1741 5009 1796 5053 at
1838 5018 1947 5055 non
1995 5015 2062 5055 eo
2098 5018 2262 5072 usque
2302 5021 2427 5072 pro-

846 5090 1029 5152 cessit,
1081 5097 1137 5140 ut
1177 5090 1294 5156 ejus
1338 5092 1819 5158 concupiscentiam
1864 5103 2166 5163 superaret,
2217 5105 2273 5149 et
2312 5098 2427 5165 plus

842 5194 1004 5247 quam
1034 5179 1197 5231 vellet
1227 5178 1402 5245 daret,
1428 5182 2020 5253 magnanimitatemque
2041 5200 2210 5249 suam,
2235 5198 2429 5255 praeter

850 5279 998 5337 rapta
1045 5270 1240 5323 additis
1267 5272 1497 5326 libenter
1528 5273 1666 5341 aliis,
1706 5280 2031 5333 ostenderet.
2060 5278 2211 5344 Quod
2250 5293 2426 5335 autem

853 5358 939 5412 his
962 5361 1115 5431 longe
1143 5367 1386 5432 superius
1413 5374 1514 5431 est,
1543 5365 1609 5419 ad
1635 5368 1908 5441 ipsumque
1940 5372 2196 5426 verticem
2228 5375 2427 5441 pertin-

850 5452 947 5519 git,
988 5466 1081 5504 ens
1107 5455 1195 5521 qui
1239 5456 1359 5509 talia
1391 5469 1572 5527 agunt,
1608 5469 1660 5512 et
1689 5463 1797 5515 sive
1835 5464 1884 5516 in
1918 5464 2179 5532 pecuniis,
2224 5466 2333 5519 sive
2376 5469 2425 5521 iu

846 5543 1184 5613 corporibus,
1240 5547 1465 5619 aliisque
1512 5551 1761 5605 omnibus
1803 5555 2181 5610 documentum
2234 5557 2429 5625 impor-

850 5644 987 5697 tant,
1031 5636 1082 5689 in
1130 5636 1441 5704 amicorum,
1488 5643 1595 5696 imo
1625 5644 1914 5701 amicorum
1941 5650 2290 5716 genuinorum
2333 5669 2429 5703 tut-

847 5742 998 5779 mero
1025 5729 1353 5786 constituere
1383 5734 1539 5802 jussit
1561 5734 1824 5789 Christus.
1854 5740 1982 5793 Nam
2012 5743 2159 5807 dicit,
2202 5744 2426 5811 rapienti

847 5826 901 5869 et
943 5818 1205 5875 auferenti
1252 5838 1320 5877 ne
1361 5826 1528 5880 solum
1570 5828 1711 5883 dona
1754 5831 1855 5883 alia
1901 5832 2084 5897 addas,
2136 5835 2228 5888 Sed
2266 5837 2423 5889 etiam

844 5907 1017 5978 ipsum
1047 5913 1521 5972 vehementissimo
1563 5928 1617 5975 et
1653 5922 1867 5976 sincero
1893 5938 2071 5980 amore
2098 5928 2276 6000 dilige.
2310 5930 2420 5985 Hoc

1510 503 1567 558 S.
1604 499 1883 556 JO.\N.\'lS
1921 493 2387 553 CHRYSOSTOMI
2420 494 2740 551 ARCHIEP.
2781 494 3317 552 CONSTANTINOP.

4016 499 4115 555 ιοο

2540 621 2697 669 sane,
2728 608 2831 663 hoc
2855 611 3128 665 declarare
3168 624 3287 663 cum
3319 608 3506 673 vellet,
3543 610 3619 663 ait
3659 628 3672 664 :
3714 612 3868 667 Orate
3905 633 3995 685 pro
4037 634 4123 667 ca-

2537 698 2897 753 lumniantibus
2912 718 2998 755 vos
3022 702 3168 771 (Luc.
3196 701 3250 755 6.
3269 700 3359 771 28)
3390 719 3403 753 :
3430 700 3571 769 quod
3601 717 3696 769 pro
3724 706 3850 757 solis
3874 708 3957 771 iis,
3982 724 4121 776 quos

2536 790 2821 844 admodum
2848 794 3137 863 diligimus,
3188 797 3363 849 facere
3398 794 3651 848 solemus.
3696 795 3773 849 Ne
3813 813 3941 851 vero
3965 814 4121 868 putes

2540 882 2656 937 haec
2679 884 2839 936 verba
2871 885 3215 955 hyperbolice
3244 888 3383 941 dicta
3420 888 3599 951 fuisse,
3632 902 3768 941 neve
3796 888 4118 947 diabolicam

2537 973 2753 1027 indtICas
2794 972 3080 1037 fallaciam,
3119 979 3380 1031 rationem
3412 988 3465 1033 et
3490 993 3704 1033 causam
3732 991 4119 1047 congruentem

2536 1062 2688 1117 affert
2709 1062 2791 1116 his
2812 1064 2991 1118 verbis
3021 1081 3034 1115 :
3067 1064 3126 1118 Si
3154 1068 3288 1119 enim
3327 1070 3605 1123 dilexeritis
3635 1086 3737 1135 eos,
3766 1070 3852 1140 qui
3880 1086 3965 1121 vos
3990 1072 4117 1123 dili-

2537 1168 2681 1226 gunt,
2738 1172 2889 1226 quam
2933 1156 3207 1208 mercedem
3251 1158 3483 1211 habetis’
3525 1177 3690 1214 nonne
3731 1160 3985 1233 publicani
4032 1162 4119 1213 id-

2538 1250 2704 1315 ipsunt
2731 1248 2953 1319 faciunt?
2982 1246 3045 1299 Et
3082 1246 3126 1300 si
3154 1248 3376 1315 amplexi
3403 1251 3599 1318 fueritis
3629 1269 3733 1314 eos,
3761 1253 3845 1323 qui
3887 1269 3973 1305 vos
4001 1269 4117 1303 am-

2540 1343 2843 1408 plectuntur,
2874 1340 2995 1410 quid
3024 1340 3241 1410 antplius
3270 1340 3437 1409 facitis
3456 1341 3481 1393 ?
3510 1359 3676 1397 nonne
3716 1355 3763 1399 et
3803 1347 3983 1399 ethnici
4025 1346 4120 1399 hoc

2540 1433 2733 1499 faciunt
2762 1432 2910 1505 (Luc.
2940 1434 2993 1487 6.
3026 1432 3157 1504 '52)?
3195 1432 3325 1486 Cum
3369 1432 3526 1500 igitur
3554 1450 3585 1486 a
3613 1437 3926 1505 publicanis,
3958 1448 4121 1506 atque

2539 1526 2767 1579 ethnicis
2797 1526 2927 1578 nihil
2963 1525 3062 1579 hac
3099 1526 3150 1578 in
3177 1541 3237 1578 re
3260 1523 3589 1588 diil'eramus,
3616 1531 3887 1593 quomodo
3910 1546 3940 1583 a
3972 1532 4117 1584 luctu

2538 1624 2593 1669 et
2619 1631 2647 1667 a
2680 1615 2926 1685 lacrymis
2951 1616 3342 1684 temperemus?
3366 1614 3470 1669 Sed
3497 1616 3697 1668 utinam
3721 1617 3823 1670 hoc
3842 1620 4121 1677 dumtaxat

2540 1707 2738 1760 malum
2765 1707 2977 1760 adesset
3002 1723 3017 1761 :
3047 1723 3190 1761 nunc
3210 1708 3351 1761 enim
3380 1716 3581 1761 tantum
3611 1707 3763 1761 abest
3792 1718 3848 1761 ut
3873 1711 4117 1766 inimicos

2540 1798 2837 1865 diligamus,
2877 1799 3119 1851 utetiam
3167 1814 3262 1853 eos
3290 1801 3378 1868 qui
3425 1815 3521 1853 nos
3559 1799 3782 1866 diligunt
3807 1816 4115 1859 aversetnur

2540 1897 2593 1942 et
2613 1888 2735 1942 odio
2760 1888 3069 1941 habeamus.
3094 1887 3335 1944 Invidere
3357 1906 3582 1959 namque
3604 1890 3727 1954 illis,
3752 1891 3930 1945 verbis
3954 1904 4115 1960 atque

2536 1980 2698 2047 gestis
2724 1980 2919 2032 nostris
2953 1980 3177 2049 gloriam
3207 1990 3262 2034 et
3303 1981 3493 2035 famam
3531 1982 3634 2035 illis
3664 1980 3893 2045 auferre,
3924 1984 4084 2038 odien

2538 2072 2667 2123 tium
2706 2078 2759 2123 et
2788 2074 3148 2124 aversantinm
3186 2083 3288 2125 est.
3320 2072 3393 2126 fta
3425 2090 3528 2126 non
3573 2074 3743 2127 solum
3776 2073 3845 2126 ab
3886 2074 4117 2129 etlmicis

2536 2161 2665 2214 nihil
2694 2160 3010 2227 differimus,
3044 2162 3137 2215 sed
3164 2178 3225 2214 ea
3278 2164 3329 2216 in
3371 2179 3430 2217 re
3460 2165 3614 2233 longe
3641 2164 3823 2233 pejore
3850 2179 4005 2231 quam
4036 2165 4114 2217 illi

2536 2254 2729 2307 affectu
2752 2268 2955 2307 sumus.
2996 2255 3075 2309 Ac
3098 2253 3344 2308 Christus
3364 2255 3577 2325 quidem
3608 2271 3702 2325 pro
3738 2254 4114 2308 calumnianti-

2538 2346 2640 2399 bus
2679 2360 2834 2399 orare
2866 2346 3046 2414 jussit,
3088 2361 3187 2400 nos
3223 2356 3400 2400 autem
3432 2345 3583 2400 dolos
3618 2345 4014 2407 concinnamus,
4060 2355 4115 2399 et

2538 2436 2976 2491 mala-dicentibus
3007 2437 3325 2492 benedicere
3358 2438 3515 2508 jussi,
3561 2437 3779 2492 eosdem
3824 2438 4115 2491 innumeris

2538 2529 2835 2582 maledictis
2858 2544 3163 2582 oneramus.

2616 2618 2756 2671 Vana
2777 2619 2941 2689 gloria
2968 2619 3100 2672 bona
3129 2636 3283 2689 Opera
3312 2620 3511 2673 inutilia
3544 2621 3729 2674 reddit.
3759 2651 3831 2664 —
3854 2621 3987 2689 Quid
4013 2621 4115 2674 hac

2531 2712 2798 2765 contraria
2827 2712 3020 2781 agendi
3063 2714 3272 2766 ratione
3316 2712 3705 2777 vehementius,
3736 2713 3864 2782 quid
3902 2715 4117 2782 gravius

2532 2802 2631 2856 hac
2674 2818 2884 2873 pugna,
2934 2818 3035 2871 qua
3086 2811 3272 2856 contra
3328 2804 3686 2871 legislatorem
3730 2805 4109 2869 decertatnus,

2530 2896 2777 2949 omnibus
2826 2894 2939 2964 cjus
2968 2894 3245 2964 prmceptis
3274 2894 3483 2949 adversi
3527 2895 3767 2949 stantes?
3805 2894 3935 2948 Nam
3962 2912 4115 2949 vana:

2531 2986 2713 3055 gloria:
2756 2986 3115 3055 tyrannidem,
3169 3000 3327 3054 quam
3374 2987 3486 3056 ipse
3533 2987 3879 3056 sequentibus
3933 2989 4115 3041 verbis

2534 3077 2777 3141 destruit,
2803 3091 2899 3129 nos
2917 3078 3181 3140 auximus,
3207 3076 3334 3130 dum
3360 3092 3477 3130 eam
3506 3094 3612 3131 non
3635 3078 3686 3130 in
3720 3092 3903 3146 preces
3930 3078 4112 3137 modo,

2528 3168 2731 3239 jejunia
2770 3177 2824 3223 et
2866 3170 3261 3236 eleetnosynas,
3305 3169 3397 3223 sed
3443 3170 3497 3222 in
3540 3170 3642 3222 alia
3681 3185 3892 3239 quoque
3934 3172 4113 3223 omnia

2535 3259 2876 3325 induximus,
2923 3260 3081 3329 eique
3124 3260 3242 3329 plus
3298 3276 3456 3330 quam
3503 3262 3645 3315 servi
3700 3262 3717 3292 ‘
3754 3261 3974 3330 quilibet
4014 3277 4115 3315 nos

2533 3351 2843 3420 subjicimus
2867 3368 2880 3403 :
2909 3366 3068 3421 quam
3095 3366 3230 3418 rem,
3269 3351 3412 3421 quod
3442 3350 3722 3406 manifesta
3752 3353 3996 3407 omnibus
4019 3354 4112 3416 sit,

2532 3452 2817 3511 praetereo,
2866 3443 2967 3496 hoc
3005 3443 3235 3511 adjecto,
3281 3458 3471 3512 nempe
3515 3458 3581 3497 ex
3623 3444 3924 3497 hominibus
3956 3444 4112 3508 alios,

2530 3543 2809 3604 postquam
2848 3543 3090 3590 extremo
3124 3536 3450 3604 contemptui
3490 3549 3550 3589 se
3594 3534 3927 3598 dediderunt,
3972 3537 4115 3592 nulla

2530 3637 2794 3697 praecepta
2821 3642 3046 3688 curare:
3076 3628 3211 3682 alios
3238 3644 3369 3682 vero
3398 3628 3657 3698 tantisper
3683 3628 3900 3697 obsequi
3926 3629 4114 3683 volen-

2532 3728 2631 3784 tes,
2674 3728 2728 3773 et
2754 3720 2928 3788 aliqua
2971 3734 3187 3774 servare
3213 3730 3475 3788 praecepta
3520 3718 3815 3783 studentes,
3847 3718 3901 3771 in
3949 3719 4113 3783 idem,

2528 3820 2688 3881 atque
2719 3812 2815 3875 illi,
2838 3812 3213 3866 detrimentum
3258 3828 3437 3877 ruere,
3465 3814 3605 3882 quod
3633 3813 3800 3866 nolint
3827 3828 3975 3865 value
3998 3814 4113 3882 glo-

2531 3906 2623 3957 ria:
2665 3905 2873 3957 vincula
2919 3905 3206 3973 deponere.
3257 3907 3321 3959 Et
3370 3906 3506 3960 alius
3552 3905 3766 3975 quidem
3813 3907 4114 3960 nullatenus

2532 3999 2923 4068 eleemosynam
2950 4008 3152 4067 erogat,
3182 4001 3269 4067 qui
3307 4008 3481 4053 autem
3513 4000 3694 4069 egenis
3723 4014 3937 4052 suorum
3964 4015 4112 4067 qua:-

2532 4088 2653 4141 dam
2686 4090 2921 4158 largitur,
2951 4090 3045 4145 sed
3073 4105 3204 4142 vana
3233 4099 3510 4159 permotus
3534 4090 3723 4158 gloria,
3757 4104 3863 4142 non
3892 4088 4113 4142 meliore

2532 4180 2835 4234 conditione
2873 4191 2974 4242 est,
3012 4196 3169 4249 quam
3212 4181 3256 4234 is
3299 4181 3389 4249 qui
3435 4180 3568 4234 nihil
3605 4179 3772 4233 dedit.
3808 4179 3897 4233 Sic
3929 4194 4115 4231 omnes

2534 4272 2767 4341 undique
2810 4273 2860 4325 in
2900 4274 3119 4341 laqueos
3155 4287 3282 4325 suos
3323 4271 3505 4341 injecit
3547 4271 3830 4339 malignus.
3872 4270 4020 4336 Quod
4066 4272 4111 4323 si

2533 4364 2649 4431 quis
2689 4363 2788 4417 hoc
2818 4363 3194 4417 detrimentum
3222 4364 3392 4417 vitare
3423 4363 3609 4431 possit,
3650 4364 3881 4417 amentia
3924 4366 4111 4417 iterum

2534 4465 2829 4522 correptus,
2874 4457 2928 4509 in
2968 4455 3211 4509 eamdem
3242 4454 3448 4508 ruinam
3483 4454 3695 4518 incidet,
3732 4455 3837 4507 imo
3879 4457 3927 4508 in
3958 4456 4112 4524 longe

2534 4546 2874 4613 graviorem:
2910 4562 3013 4597 non
3062 4546 3232 4598 solum
3279 4547 3444 4605 enim,
3489 4554 3546 4597 ut
3586 4558 3728 4607 ante,
3780 4563 3899 4599 cum
3944 4548 4111 4599 detri-

2535 4646 2713 4689 mento
2741 4637 2962 4698 recedit,
2997 4637 3089 4689 sed
3137 4650 3274 4689 novo
3300 4636 3459 4690 etiam
3487 4636 3704 4691 allectus
3734 4640 3890 4691 malo.
3925 4639 4112 4692 Multos

2533 4742 2633 4794 ego
2678 4728 2819 4789 novi,
2872 4728 2958 4795 qui
2995 4742 3097 4779 non
3143 4726 3226 4779 his
3269 4727 3437 4779 solum
3481 4729 3652 4779 musis
3692 4729 3972 4790 ducuntur,
4016 4730 4113 4783 scd

2534 4834 2716 4871 amore
2761 4819 2920 4871 etiam
2951 4818 3032 4871 vel
3059 4818 3376 4881 reverentia,
3409 4818 3591 4871 aliisve
3620 4820 3899 4881 similibus,
3930 4821 4111 4887 egenis

2532 4924 2685 4975 Opem
2715 4922 3079 4978 procurantes,
3116 4924 3220 4960 non
3244 4918 3417 4961 autem
3442 4924 3505 4962 ex
3532 4910 3621 4963 Dei
3650 4912 3841 4964 timore
3864 4920 3953 4964 aut
3976 4926 4113 4977 pne-

2531 5009 2706 5069 cepto.
2727 5000 2861 5053 Cum
2890 5001 3065 5069 itaque
3088 5008 3164 5051 tot
3192 5000 3488 5066 liujosmodi
3520 5001 3625 5054 sint
3645 5017 3765 5069 quae
3790 5015 3950 5068 opera
3974 5001 4112 5054 bona

2533 5090 2872 5155 labefactent,
2903 5093 3021 5160 quis
3062 5106 3126 5142 ex
3169 5089 3254 5151 iis,
3290 5091 3380 5158 qui
3426 5092 3477 5144 in
3509 5091 3624 5145 haec
3669 5090 3805 5143 mala
3850 5089 4111 5156 incidunt,

2534 5183 2684 5237 facile
2715 5184 2909 5251 poterit
2938 5181 3161 5233 salutem
3192 5183 3479 5251 consequi?

2606 5278 2657 5327 fi.
2689 5275 2822 5329 Illud
2854 5282 3029 5326 autem
3061 5272 3269 5344 (Matth.
3303 5275 3354 5329 6.
3381 5274 3447 5327 12
3468 5277 3485 5343 )
3509 5316 3522 5339 ,
3552 5272 3761 5326 Dimitte
3785 5272 3924 5325 nobis
3947 5275 4111 5329 debita

2533 5378 2705 5421 nostra
2725 5409 2739 5431 ,
2771 5367 2902 5419 sicut
2922 5374 2968 5416 et
2993 5381 3083 5417 nos
3099 5364 3393 5419 dimittimus
3418 5364 3724 5418 debitoribus
3749 5366 3930 5417 nostris
3946 5408 3959 5428 ,
3988 5366 4109 5431 hoc,

2537 5457 2781 5524 inquam,
2815 5455 2933 5523 quis
2959 5471 3077 5509 cum
3125 5456 3310 5510 ﬁducia
3360 5454 3540 5509 dicat?
3572 5454 3792 5509 Etiamsi
3835 5458 3974 5510 cn'sn
4003 5472 4109 5511 non

2538 5549 2789 5601 laudamus
2828 5549 3068 5603 inimicos
3094 5592 3107 5615 ,
3150 5552 3342 5603 vulnus
3384 5558 3560 5600 tamen
3602 5548 3892 5605 insanabile
3931 5566 4114 5603 serva-

2536 5656 2673 5694 mus.
2693 5640 2932 5695 Christus
2954 5659 3081 5697 vero
3102 5659 3204 5697 non
3230 5653 3285 5694 ut
3308 5642 3378 5694 ita
3400 5641 3568 5695 solum
3593 5642 3917 5696 dimittamus
3939 5654 4109 5713 optat,

2534 5734 2628 5787 sed
2676 5743 2733 5786 ut
2772 5748 2866 5787 eos
2912 5736 3050 5788 inter
3096 5735 3297 5802 primos
3334 5732 3531 5787 amicos
3578 5750 3937 5788 numeremus.
3987 5734 4111 5788 Ideo

2535 5826 2742 5896 itaque,
2785 5838 2841 5881 ut
2884 5829 3029 5896 prius
3058 5826 3199 5887 dixi,
3245 5841 3339 5891 pro
3378 5826 3438 5879 iis
3466 5842 3617 5881 orare
3642 5828 3815 5896 jussit.
3860 5825 3913 5881 Si
3952 5838 4111 5895 porro

2603 5947 2615 5975 ¹
2658 5952 2772 6001 t'ox,
2801 5942 2951 6001 servi,
2976 5941 3119 5989 deest
3143 5942 3188 5988 in
3214 5941 3341 5991 (Lolli.
