4454 6690
243 551 345 606 399

311 666 375 718 δ’.
412 661 550 727 Τοὺς
574 664 681 737 γὰρ
720 668 843 739 περὶ
874 668 966 723 τοῦ
999 669 1073 739 μὴ
1101 669 1213 722 δεῖν
1243 668 1469 739 ὀμνύναι
1498 671 1780 742 κειμένους
1809 670 1903 722 καλ⁸

243 742 567 814 αἰσχύνομαι
600 744 803 815 λέγειν,
849 749 911 801 οὑ
933 748 1022 800 διά
1043 747 1141 809 τάς
1172 748 1517 817 ὁρκωμοσίας
1563 751 1742 821 μόνον,
1768 749 1905 803 ἀλλά

246 822 340 876 καὶ
368 821 457 875 διὰ
508 824 607 889 τὰς
654 827 936 899 ἐπιορκίας
980 827 1081 888 τὰς
1142 828 1404 895 συνεχεῖς.
1449 828 1513 881 Εἰ
1551 829 1661 901 γάρ
1711 829 1806 883 καὶ
1845 829 1905 881 τὸ

244 901 489 972 ὀμνύναι,
528 906 630 959 κᾶν
664 908 864 977 εὑορκῇ
897 922 1004 967 τις.
1021 903 1271 974 ἔγκλημα
1295 906 1388 958 καὶ
1411 907 1629 979 ἐντολῆς
1653 906 1906 979 παράϐα-

246 998 350 1048 σις,
394 984 495 1037 ποῦ
535 986 634 1057 τὴν
667 985 949 1055 ἐπιορκίαν
988 983 1255 1053 θήσομεν;
1295 985 1359 1037 Εἰ
1394 985 1500 1057 γάρ
1528 988 1588 1041 τὸ
1645 985 1904 1058 περισσὸν

244 1061 337 1115 τοῦ
362 1063 450 1116 ναὶ
478 1067 571 1118 καὶ
596 1064 691 1117 τοῦ
726 1062 786 1117 οὒ
807 1064 872 1115 ἐκ
898 1061 991 1115 τοῦ
1016 1062 1283 1133 Πονηροῦ,
1306 1064 1367 1116 τὸ
1390 1066 1481 1118 καὶ
1498 1066 1685 1120 τούτου
1708 1081 1903 1136 περισ-

246 1141 462 1213 σότερον
505 1144 648 1205 τίνος
681 1142 832 1194 ἐσται
860 1139 1073 1205 λοιπὸνς
1110 1136 1243 1195 Εἶτα
1286 1142 1444 1195 πάλιν
1483 1144 1645 1215 φησίν
1668 1152 1719 1181 ’⁸
1762 1142 1906 1197 Ἐάν

242 1222 335 1287 τίς
359 1239 433 1276 σε
461 1223 695 1289 ραπίσῃ
751 1222 839 1283 εἰς
895 1218 1007 1287 τὴν
1050 1220 1256 1283 δεξιὰν
1309 1224 1579 1289 σιαγόνα,
1634 1221 1907 1291 στρέψον

242 1300 402 1365 αὐτῷ
442 1300 540 1352 καὶ
578 1297 692 1363 τὴν
719 1296 936 1365 ἀλλην-ν
961 1298 1058 1352 καὶ
1096 1298 1176 1365 τῷ
1207 1298 1444 1353 θέλοντί
1478 1316 1576 1355 σοι
1608 1298 1902 1369 κριθῆναι,

245 1378 343 1430 καί
375 1377 482 1431 τὸν
524 1374 743 1445 χιτῶνά
772 1393 887 1432 σου
914 1378 1141 1441 λαϐεῖν,
1178 1377 1328 1447 ἄφες
1349 1379 1512 1445 αὐτῷ
1539 1380 1633 1434 καί
1664 1379 1732 1433 τὸ
1772 1377 1906 1447 1μὰ-

243 1472 393 1511 τιον’
432 1456 530 1509 καὶ
562 1456 671 1509 ἐάν
701 1459 792 1522 τίς
841 1475 914 1511 σε
963 1459 1307 1527 ἀγγαρεύσῃ
1360 1458 1510 1532 [128]
1558 1459 1768 1529 μίλιον
1812 1456 1902 1521 ἐν,

244 1536 436 1604 ὕπατε
458 1537 585 1602 μετ’
612 1536 796 1591 αὑτοῦ
820 1537 947 1591 δύο*
971 1539 1068 1591 καὶ
1108 1536 1187 1601 τῷ
1210 1538 1473 1593 αἰτοῦντί
1498 1553 1572 1592 σε
1593 1536 1785 1599 δίδου,
1810 1535 1908 1588 καὶ

247 1613 351 1666 τὸν
388 1612 637 1667 θέλοντα
665 1614 781 1669 ἀπὸ
810 1616 927 1671 σοῦ
958 1616 1351 1669 δανείσασθαι
1374 1618 1459 1686 μὴ
1484 1614 1903 1683 ἀποστραφῇς.

243 1690 309 1744 Τί
335 1690 400 1743 ἀν
445 1708 528 1755 τις
567 1694 709 1746 είποι
755 1695 890 1766 πρὸς
939 1694 1147 1759 ταῦτα;
1205 1695 1320 1765 Ἐφ’
1364 1697 1594 1750 ἑκάστου
1650 1694 1759 1765 γὰρ
1799 1694 1908 1746 τῶν

244 1771 544 1843 εἰρημένων
565 1773 816 1846 δακρύειν
846 1774 1005 1845 μόνον
1033 1776 1128 1828 καὶ
1166 1775 1601 1844 ἐγκαλύπτεσθαι
1638 1773 1904 1827 λείπεταιο

243 1850 413 1913 οὕτως
442 1852 504 1905 ἐκ
531 1853 821 1924 διαμέτρου
849 1852 986 1925 πρὸς
1013 1855 1114 1922 τὴν
1150 1855 1395 1909 ἐναντίαν
1422 1851 1835 1923 ἀντεταξάμεθα
1854 1853 1906 1921 δ,

243 1930 325 1993 είς
351 1929 558 2002 κρίσεις
588 1934 683 1987 καὶ
720 1933 898 2003 μάχας
924 1931 1021 1985 καὶ
1051 1930 1203 1996 δίκας
1234 1934 1327 1987 καὶ
1354 1932 1791 2004 ἀμφισϐητήσεις
1814 1930 1907 1986 τὸν

244 2009 458 2067 ἅπαντα
480 2011 671 2082 χρόνον
716 2010 1119 2074 ἀναλίσκοντες,
1168 2014 1262 2065 καὶ
1306 2013 1442 2083 μηδέ
1484 2012 1741 2083 βραχεῖαν
1771 2011 1908 2079 ἐπήο

244 2105 395 2159 ρειαν
430 2091 704 2162 φέροντες,
746 2090 823 2161 μὴ
860 2088 958 2161 τὴν
994 2089 1101 2142 ἀπὸ
1133 2091 1243 2144 τῶν
1284 2092 1645 2162 πραγμάτων,
1678 2090 1752 2162 μὴ
1806 2091 1906 2162 τὴν

242 2167 347 2221 ἀπὸ
367 2168 473 2220 τῶν
494 2167 773 2239 ῥημάτων.
787 2167 924 2222 ἀλλά
940 2168 1031 2221 καὶ
1054 2168 1189 2238 πρὸς
1209 2170 1270 2222 τὸ
1287 2170 1449 2240 τυχὸν
1470 2170 1601 2241 ἐκθη
1611 2169 1723 2239 ριού
1731 2187 1902 2241 μενοι.

312 2249 374 2300 Εἰ
392 2248 447 2301 δέ
470 2248 613 2319 ἐχοις
637 2248 789 2313 τινάς
810 2248 990 2317 λέγειν
1017 2247 1122 2301 τῶν
1149 2248 1314 2301 πολλά
1341 2250 1439 2319 μὲν
1458 2249 1812 2320 ἀνηλωκότων
1828 2251 1907 2313 εἰς

241 2326 481 2398 πένητας
500 2364 515 2388 ,
542 2326 1068 2398 καταφρονουμένων
1106 2326 1163 2379 δὲ
1194 2327 1280 2380 διὰ
1318 2330 1417 2399 τὴν
1444 2328 1633 2381 πενίαν
1660 2328 1906 2400 ὕστερον,

241 2407 335 2458 καί
376 2405 545 2476 μυρία
589 2406 906 2475 πασχόντων
950 2404 1118 2470 κακὰ,
1167 2404 1379 2473 ὀλίγους
1430 2406 1528 2474 μὲν
1565 2404 1787 2469 τούτους
1814 2406 1909 2459 καὶ

242 2483 641 2554 εὐαριθμήτους
686 2484 854 2553 ἐρεῖς·
881 2484 1019 2555 πλὴν
1055 2484 1170 2537 ἀλλ’
1200 2484 1319 2537 οὑδέ
1367 2483 1509 2536 οὑτω
1540 2483 1631 2536 τὸν
1676 2483 1911 2537 ἐνταῦθα

240 2562 728 2633 ἀναγεγραμμένον
767 2565 900 2633 ἡμῖν
939 2554 1229 2631 φιλόσοφον
1258 2561 1465 2626 ἔδειξας
1484 2578 1497 2592 ο
1529 2561 1664 2615 πολὺ
1689 2561 1799 2633 γάρ
1823 2554 1912 2613 οὗ·

240 2661 330 2707 τος
367 2643 575 2697 ἐκείνου
622 2642 717 2697 τοῦ
750 2642 865 2713 βίου
897 2642 1427 2715 πνευματικώτερος.
1459 2642 1593 2697 Οὑδέ
1623 2645 1730 2714 γάρ
1762 2645 1910 2696 ἐστιν

243 2722 359 2775 ῐσον
425 2722 619 2775 ἐκόντα
691 2722 905 2787 δοῦναι,
978 2724 1073 2777 καὶ
1140 2721 1611 2793 ἀποστερούμενον
1692 2723 1909 2775 πάντων

240 2801 499 2868 ἐνεγκεῖν.
530 2801 594 2853 Τί
638 2801 697 2855 δὲ
729 2801 872 2871 λέγω
911 2802 1180 2870 ἐνεγκεῐν;
1207 2801 1234 2853 ὃ
1266 2800 1375 2871 γάρ
1419 2801 1447 2852 6
1492 2800 1725 2873 Χριστὸς
1765 2796 1906 2867 εἷπε,

241 2878 420 2949 πολλῷ
460 2878 648 2933 τούτου
701 2878 860 2933 πάλιν
924 2879 1105 2951 μεῖζόν
1164 2882 1298 2934 ἐστι.
1360 2878 1623 2933 Τοσοῦτον
1681 2880 1739 2934 δὲ
1799 2882 1909 2934 ἀπ-

239 2956 463 3029 έστησεν
493 2968 517 2997 ο
564 2960 592 3012 6
633 2958 789 3027 λόγος
841 2957 950 3011 τῶν
1005 2957 1370 3025 ἀδικουμένων
1424 2958 1518 3021 τὰς
1578 2958 1755 3029 ψυχὰς
1810 2959 1910 3030 τῆς

239 3036 377 3105 πρὸς
414 3037 540 3101 τοὺς
588 3037 904 3100 ἀδικοῦντας
945 3036 1138 3106 ὀργῆς,
1192 3036 1268 3099 ὼς
1303 3035 1377 3107 μὴ
1425 3036 1584 3106 μόνον
1620 3038 1761 3109 ὑπὲρ
1801 3039 1911 3091 τῶν

238 3115 342 3185 ἤδη
406 3115 717 3186 ληφθέντων
778 3118 853 3187 μὴ
924 3114 1295 3185 δυσχεραίνειν
1320 3155 1337 3179 ,
1422 3114 1558 3168 ἀλλά
1627 3117 1723 3169 καὶ
1808 3116 1913 3171 τῶν

241 3195 671 3265 ὑπολειφθέντων
733 3196 956 3257 ἐκόντας
1030 3195 1411 3265 παραχωρεῖν,
1458 3195 1555 3247 καὶ
1613 3193 1715 3265 τῆς
1768 3195 1913 3248 ἐκεί-

240 3295 343 3331 νων
402 3276 599 3347 μανίας
641 3275 771 3348 περὶ
826 3273 887 3327 τδ
941 3272 1127 3335 κακῶς
1179 3274 1353 3325 ποιεῖν
1410 3270 1631 3343 μείζονα
1667 3273 1797 3346 περὶ
1853 3274 1916 3329 τὸ

239 3354 428 3418 κακῶς
468 3355 697 3425 πάσχειν
742 3350 1145 3406 ἐπιδείκνυσθαι
1186 3352 1286 3422 τὴν
1337 3352 1646 3423 προθυμίαν
1687 3350 1715 3389 ἀ
1746 3353 1911 3423 ἡμᾶς.

242 3435 413 3488 Ὅταν
446 3434 557 3504 γάρ
596 3435 625 3486 6
667 3431 989 3503 βουλόμενος
1028 3431 1233 3485 ἀδικεῖν
1263 3430 1399 3501 εύρῃ
1433 3431 1525 3484 τὸν
1560 3430 1915 3503 ἀδικούμενον

242 3515 403 3568 πλέον
453 3512 969 3585 παρεσκευασμένον
1014 3510 1152 3581 πρὸς
1195 3509 1255 3563 τὸ
1287 3509 1479 3562 παθεῖν
1519 3510 1665 3581 ἥπερ
1712 3510 1917 3577 ἐκεῖνος

241 3593 511 3654 ἐϐούλετο,
559 3592 652 3644 καὶ
706 3590 803 3660 τὴν
851 3588 1147 3660 ἐπιθυμίαν
1203 3588 1491 3659 ἐμπλήσας
1543 3588 1640 3660 τὴν
1694 3589 1913 3657 ἐαυτοῦ,

240 3672 334 3725 τὸν
382 3668 790 3740 ἐπηρεασθέντα
837 3668 902 3720 ἐκ
952 3667 1271 3738 περιουσίας
1320 3666 1402 3739 ίδῃ
1445 3665 1912 3739 φιλοτιμούμενον,

240 3751 459 3805 ἄπεισιν
505 3747 836 3819 ἡττημένος,
889 3745 990 3815 τὴν
1048 3745 1355 3818 ὑπερϐολήν
1400 3746 1499 3817 τῆς
1562 3746 1914 3812 ἀνεξικακίας

241 3828 601 3901 ἐρυθριάσας·
637 3824 739 3879 κᾶν
790 3824 920 3893 γοῦν
950 3824 1137 3896 θηρίον
1170 3823 1238 3898 ᾖ,
1275 3824 1378 3879 κᾶν
1419 3824 1605 3896 ἐτερόν
1634 3842 1689 3878 τι
1721 3826 1911 3880 τούτου

240 3907 640 3978 χαλεπώτερον,
699 3903 1066 3975 μετριώτερος
1114 3904 1267 3957 ἐσται
1318 3903 1410 3957 τοῦ
1462 3904 1667 3970 λοιποῦ,
1710 3907 1808 3976 τήν
1852 3922 1910 3958 τε

243 3986 409 4041 αὑτοῦ
443 3985 640 4039 κακίαν
676 3984 770 4036 καὶ
804 3982 900 4054 τὴν
953 3982 1153 4053 ἀρετὴν
1200 3982 1410 4036 ἐκείνου
1444 3982 1622 4047 καλῶς
1674 3982 1783 4037 ἀπὸ
1812 3984 1911 4053 τῆς

245 4064 580 4138 συγκρίσεως
610 4061 813 4133 ταύτης
845 4060 988 4115 ἰδών.
1017 4061 1217 4116 Τοῦτον
1247 4061 1358 4130 ἐγὼ
1386 4062 1476 4116 τὸν
1511 4062 1625 4133 βίον
1667 4062 1912 4137 ἐπιζητῶ

242 4144 362 4212 νῦν,
404 4145 461 4199 δν
498 4145 654 4215 μόνον
691 4142 749 4193 ἐν
785 4143 902 4204 ταῖς
934 4140 1177 4211 Γραφαῖς
1210 4142 1461 4211 κείμενον
1503 4141 1637 4208 ὁρῶ,
1678 4142 1911 4213 ἀλλαχοῦ

242 4226 303 4280 δὲ
335 4227 430 4280 καὶ
470 4227 561 4278 ἐπὶ
603 4223 708 4276 τῶν
743 4222 917 4293 ἔργων
958 4220 1215 4291 οὐδαμοῦ.
1258 4222 1350 4292 Μὴ
1392 4221 1500 4293 γάρ
1548 4239 1637 4292 μοι
1669 4222 1760 4275 τὸν
1792 4223 1913 4293 ηδι-

245 4305 486 4377 κημένον
546 4306 707 4375 εἴπῃς
753 4303 858 4371 Iaca).
916 4300 1176 4368 στέγοντα
1208 4308 1265 4337 θ’
1316 4300 1601 4370 συμϐαίνει
1652 4300 1761 4374 γάρ
1818 4302 1913 4357 καὶ

246 4385 401 4456 παρά
442 4384 739 4454 ἀδυναμίαν
773 4380 931 4434 τοῦτο
987 4379 1199 4434 παθεῖν.
1244 4378 1306 4431 Εἰ
1357 4378 1415 4431 δὲ
1459 4379 1550 4431 καὶ
1600 4380 1736 4450 πρὸς
1788 4381 1914 4445 τοὺς

246 4464 541 4534 ὁμοτίμους
572 4465 665 4517 καὶ
690 4457 769 4529 οἷς
798 4460 1018 4515 δυνατὸν
1052 4458 1357 4523 ἐπεξελθεῖν
1388 4460 1699 4525 ἐπεδείξατο
1736 4460 1913 4528 τοῦτο,

247 4544 385 4599 ἀλλά
425 4544 486 4596 οὑ
519 4544 680 4614 μέχρι
728 4542 1004 4608 τοσούτου,
1038 4542 1113 4606 ὡς
1148 4542 1241 4594 καὶ
1274 4542 1372 4611 τὴν
1418 4542 1711 4613 ἐπιθυμίαν
1744 4543 1915 4614 ὑπερ-

248 4622 529 4679 ακοντίσαι
560 4624 659 4693 τὴν
694 4624 924 4686 ἐκείνου,
956 4624 1050 4675 καὶ
1090 4623 1251 4676 πλέον
1303 4615 1377 4675 ὧν
1410 4621 1657 4676 ἐϐούλετο
1701 4622 1911 4688 δοῦναι,

250 4704 348 4758 καὶ
390 4704 501 4764 τοῖς
544 4702 718 4753 ἐκοντὶ
784 4702 1157 4771 προστεθεῖσι,
1206 4702 1303 4773 τὴν
1354 4702 1445 4754 ἐπὶ
1487 4705 1600 4766 τοῖς
1649 4701 1739 4775 βία
1782 4704 1919 4755 ἀπο⁴

254 4782 540 4838 σπασθεῖσι
592 4780 761 4845 δεῖξαι
819 4779 1221 4850 μακροθυμίαν.
1277 4780 1350 4833 Τὸ
1398 4780 1455 4834 δὲ
1502 4780 1707 4834 τούτων
1756 4782 1918 4836 πάλιν

252 4862 522 4933 ἀνώτερον
559 4860 650 4914 καὶ
683 4858 853 4927 αὐτῆς
896 4858 1200 4927 ἀπτόμενον
1231 4858 1331 4928 τῆς
1376 4860 1639 4930 κορυφῆς,
1682 4862 1808 4924 τοὺς
1850 4861 1919 4913 τὰ

253 4942 482 4995 τοιαῦτα
518 4937 914 5011 ἐργαζομένους
952 4938 1031 4997 εἰς
1062 4937 1229 5005 ἡμᾶς,
1263 4936 1357 4989 καί
1391 4938 1794 5009 ἐπηρεάζοντας
1825 4940 1919 4992 καὶ

255 5024 500 5092 χρήμασι
531 5020 622 5073 καί⁵
669 5017 880 5087 σώμασι
922 5014 1017 5066 καὶ
1048 5017 1161 5076 τοῖς
1189 5014 1367 5075 ἀλλοις
1403 5016 1627 5083 ἅπασιν,
1658 5018 1716 5070 ἐν
1749 5018 1919 5088 φίλων

253 5102 429 5166 τάξει,
460 5100 555 5153 καὶ⁹
594 5097 759 5167 φίλων
799 5094 907 5146 τῶν
952 5092 1190 5160 γνησίων
1239 5094 1595 5147 κατατάττειν
1638 5096 1918 5151 ἐκέλευσεν

255 5180 287 5231 6
314 5180 566 5250 Χριστός.
599 5177 691 5248 Μὴ
732 5174 838 5245 γὰρ
870 5171 1151 5250 προσδίνδου
1183 5171 1345 5250 μόνον
1372 5172 1449 5242 τῷ
1483 5174 1781 5243 ἀρπάζοντι
1827 5178 1920 5231 καὶ

260 5248 672 5311 πλεόνεκτοῠντι
696 5296 711 5321 ,
742 5253 923 5325 φησὶν,
950 5248 1083 5302 ἀλλά
1111 5248 1205 5302 καὶ
1250 5248 1394 5307 φίλει
1430 5250 1618 5304 τοῦτον
1658 5254 1810 5329 φιλίᾳ
1851 5257 1918 5328 τῇ

322 5397 347 5425 ⁸
372 5399 569 5446 Λοιπόν·
598 5398 716 5455 μετά
736 5397 786 5445 δὲ
806 5392 951 5443 ταῦτα
972 5407 1126 5455 φησιν.
1151 5390 1233 5455 εἰς
1261 5388 1475 5440 Colbert.

319 5456 351 5496 ι’
367 5452 806 5532 flow-5166:9599-
828 5452 1239 5532 ίάειηίῖοΐῑξέτξὲ
1262 5468 1568 5532 ﬁmum.
1594 5470 1671 5532 ιιι.
1700 5456 1785 5531 ξῆν
1825 5457 1922 5532 ἀπὲ

261 5518 499 5594 ῥημάτων.
525 5514 645 5579 Οιιώ
670 5514 817 5570 ieclio
840 5532 936 5568 non
962 5514 1254 5578 spernenda.
1280 5514 1388 5561 Mox
1418 5516 1549 5564 idem
1570 5514 1610 5565 εἰ
1631 5518 1681 5565 δὲ
1703 5518 1845 5582 ἔχοις,
1871 5528 1919 5570 et

259 5595 374 5642 προς
392 5595 607 5636 πενητας.

326 5643 349 5711 ⁴Ξ
371 5640 505 5711 E9”!-
529 5642 758 5711 ῖρσοῦτρν
777 5645 865 5711 γᾲρ
885 5645 1037 5711 fma“

324 5700 352 5740 d
372 5700 451 5749 Sic
471 5702 605 5748 L‘olb.
632 5710 683 5750 et
706 5699 853 5753 Sa‘éili
884 5706 931 5752 In
962 5701 1110 5753 Morel
1134 5699 1409 5762 ὶεεὶἰυττήν

262 5762 397 5814 Colb.
420 5763 535 5823 πρὸς
551 5762 606 5808 τὸ
632 5764 773 5811 τοῦτο
796 5768 974 5814 παθεῖν.
998 5764 1151 5814 Savil.
1172 5768 1225 5811 et
1244 5762 1412 5810 Morel.
1429 5762 1544 5823 πρὸς
1564 5763 1619 5808 τὸ
1638 5762 1816 5812 παθεῖν.
1845 5764 1925 5813 Ιη-

262 5825 333 5873 fr:
354 5824 489 5893 CQIb.
510 5823 695 5871 ἄπεισιν
714 5828 943 5888 ἡττηθεὶς,
964 5830 1043 5876 καὶ
1062 5828 1163 5884 τήν.
1200 5824 1309 5875 Mox
1329 5823 1458 5873 idem
1481 5824 1567 5869 κᾶν
1590 5824 1766 5886 θηρίον,
1781 5825 1926 5880 onis.

540 5961 786 6018 στέγοντα,
825 5952 979 6018 τςοιεν.
1004 5951 1094 6018 Est
1113 5951 1242 6018 epim
1279 5960 1371 6018 τοι
1403 5960 1428 5996 a
1450 5946 1791 6018 Chrygzostory'o
1809 5946 1923 6018 al_i_hi

266 6010 357 6075 δοες
381 6021 469 6056 usu
497 6006 903 6075 qdhibila..Sa}‘il:
926 6017 979 6057 et
1004 6011 1173 6060 Morel.
1206 6012 1475 6073 στέργοντα,
1497 6009 1639 6075 βιαιο,
1655 6006 1832 6055 -Νοιι
1857 6008 1921 6056 ila

266 6072 416 6139 male,
440 6070 647 6139 στέργειν
666 6068 795 6139 quia:
823 6068 870 6115 in
891 6070 983 6120 hoc
1004 6068 1430 6137 sensulaccv'p'lum
1452 6072 1510 6121 ad
1542 6072 1771 6133 optimum
1796 6083 1920 6132 gm-

268 6136 465 6185 dulem
492 6129 723 6195 pbrlinel.
751 6129 868 6180 Ευιτ

1160 555 1249 611 DE
1288 553 1846 622 COMPUNCTIONE,
1886 554 1974 609 AD
2009 553 2444 609 DEMETRIUM.
2483 554 2609 608 LIB.
2661 554 2705 608 l.

1432 5701 1772 5763 μακροθυμίαν.
1794 5702 1923 5753 Infra
1935 5667 1939 5673 .
1961 5676 1964 5680 Δ

3566 553 3672 610 ιοο

2008 668 2348 741 σφοδροτάτῃ
2385 667 2479 720 καὶ
2514 668 2813 737 εἰλικρινεῖ.
2845 668 3014 721 Τοῦτο
3050 667 3137 737 δὴ,
3164 664 3321 719 τοῦτο
3352 666 3445 721 καὶ
3497 684 3671 739 παρα-

2005 751 2198 820 στῆσαι
2234 746 2256 787 ί
2294 747 2615 819 βουλόμενος
2672 744 2823 800 εἶπεν
2850 765 2864 779 ⁶
2893 749 3164 816 Εὔχεσθε
3206 747 3358 814 ὑπὲρ
3400 746 3517 801 τῶν
3557 747 3657 802 ἐκ-

2001 827 2369 898 ηρεαζόντων
2394 826 2576 896 ὑμᾶς’
2604 828 2743 898 ὅπερ
2786 827 3007 880 ἐπὶτῶν
3039 826 3241 898 σφόδρα
3285 826 3667 897 ἀγαπωμένων

2003 911 2176 962 ποιεῖν
2231 905 2500 977 εἰώθαμεν
2545 907 2726 978 μόνον.
2770 906 2880 959 Kal
2918 906 3003 959 ἵνα
3045 906 3119 977 μὴ
3172 904 3330 958 πάλιν
3364 904 3669 975 ὑπερϐολῆς

2002 989 2225 1060 νομίσῃς
2268 982 2404 1039 εἶναι
2455 988 2521 1041 τά
2566 989 2806 1059 ῥήματα,
2851 987 2944 1040 καὶ
2979 986 3078 1057 τὴν
3122 984 3427 1055 διαϐολικὴν
3486 987 3668 1037 ἐπεισο

2000 1067 2214 1139 ἀγάγῃς
2244 1065 2479 1136 ἀπάτην,
2502 1066 2825 1137 προστίθησι
2853 1064 2929 1135 τῷ
2957 1066 3244 1136 πράγματι
3273 1063 3551 1133 λογισμὸν,
3577 1062 3669 1116 καὶ

2002 1146 2183 1199 αἰτίαν
2237 1144 2455 1197 δικαίαν
2503 1144 2709 1212 λέγων’
2754 1144 2890 1198 Ἐάν
2944 1144 3053 1213 γὰρ
3104 1143 3459 1212 ἀγαπήσητε
3530 1141 3670 1207 τοὺς

2001 1222 2360 1293 ἀγαπῶντας
2406 1221 2579 1290 ὑμᾶς,
2614 1226 2748 1276 τίνα
2789 1224 3012 1293 μισθὸν
3055 1223 3256 1290 ἕχετε;
3289 1222 3429 1290 οὺχί
3477 1220 3575 1274 καὶ
3616 1222 3672 1272 ot

2004 1300 2256 1356 τελῶναι
2304 1300 2372 1355 τὸ
2424 1301 2568 1354 αὐτὸ
2624 1300 2777 1373 [129]
2834 1301 3010 1355 τοῦτο
3059 1301 3339 1364 ποιοῦσι;
3391 1300 3501 1354 Καὶ
3564 1298 3675 1351 ἐὰν

2004 1380 2372 1448 ἀσπάσησθε
2418 1380 2560 1445 τοὺς
2617 1378 3072 1445 ἀσπαζομένους
3126 1377 3312 1447 ὑμᾶς,
3359 1378 3417 1431 τί
3464 1388 3671 1444 περισ-

2004 1460 2121 1513 σὸν
2147 1460 2404 1526 nou-its;
2441 1459 2578 1529 οὐχὶ
2612 1461 2706 1513 καί
2738 1464 2792 1513 οἱ
2825 1460 3048 1514 ἐθνικοὶ
3081 1459 3258 1512 τοῦτο
3292 1457 3573 1511 ποιοῦσιν
3610 1458 3671 1521 ες

2008 1537 2175 1593 Ὅταν
2217 1536 2311 1592 οὖν
2344 1538 2451 1593 τῶν
2498 1538 2745 1591 τελωνῶν
2785 1539 2880 1591 καί
2916 1537 3025 1590 τῶν
3057 1536 3287 1590 ἐθνικῶν
3332 1536 3498 1607 μηδὲν
3532 1534 3675 1588 κατά

2004 1617 2160 1669 τοῦτο
2199 1618 2568 1688 διαφέρωμεν,
2615 1615 2733 1678 πῶς
2763 1617 2823 1669 οὑ
2857 1616 3073 1669 πενθεῖν
3106 1616 3256 1680 ἀξιον
3294 1614 3390 1669 καὶ
3441 1612 3675 1667 κατακόο

2008 1696 2256 1763 πτεσθαι;
2289 1699 2400 1750 Καὶ
2443 1696 2555 1751 είθε
2613 1693 2772 1749 τοῦτο
2819 1697 2974 1765 μόνον
3009 1691 3077 1767 ἦν
3125 1696 3185 1748 τὸ
3230 1694 3433 1749 δεινόν·
3483 1691 3578 1745 νῦν
3618 1691 3676 1743 δέ

2006 1774 2258 1828 τοσούτου
2288 1775 2590 1846 ἀποδέομεν
2616 1776 2745 1837 τοὺς
2785 1774 3009 1845 ἐχθροὺς
3041 1776 3280 1843 ἀγαπᾷν,
3316 1773 3392 1836 ὡς
3419 1772 3514 1826 καί
3546 1771 3674 1833 τοὺς

2006 1852 2335 1922 ἀγαπῶντας
2370 1853 2809 1926 ἀποστρέφεσθαι
2835 1853 2929 1926 καὶ
2961 1856 3157 1923 μισεῖν.
3182 1853 3255 1905 T6
3298 1852 3409 1922 γὰρ
3445 1849 3673 1926 βασκαί-

2006 1950 2119 1987 νειν
2164 1933 2259 1986 καὶ
2324 1923 2560 2001 φθονεῖν,
2594 1923 2689 1988 καὶ
2737 1933 2804 1986 δι’
2845 1925 2922 1985 ὧν
2974 1933 3283 2001 πράττομεν
3366 1932 3460 1983 καὶ
3498 1928 3565 1983 δι’
3598 1923 3675 1981 ὧν

2006 2012 2237 2082 λέγομεν
2294 2010 2393 2081 τὴν
2444 2012 2597 2077 δόξαν
2660 2010 2844 2066 αὑτῶν
2885 2009 3167 2080 καθαιρεῖν
3200 2009 3293 2063 καὶ
3337 2007 3435 2079 τὴν
3467 2005 3677 2061 εὑδοκί-

2009 2109 2194 2164 μησιν,
2253 2089 2362 2143 τῶν
2419 2089 2619 2162 σφόδρα
2684 2090 2987 2161 μισούντων
3038 2088 3131 2141 καὶ
3184 2084 3678 2158 ἀποστρεφομένων

2007 2169 2171 2223 ἐστίν.
2212 2168 2401 2232 Οὕτως
2426 2168 2486 2220 οὑ
2525 2170 2680 2239 μόνον
2716 2169 2821 2222 τῶν
2851 2166 3081 2222 ἐθνικῶν
3125 2166 3278 2219 οὐδὲν
3325 2165 3677 2235 διαφέρομεν,

2008 2247 2143 2301 ἀλλά
2168 2248 2262 2300 καὶ
2287 2245 2467 2317 πολλῷ
2491 2250 2668 2318 χεῖρον
2694 2248 2868 2301 αὑτῶν
2888 2250 2945 2301 ἐν
2964 2246 3141 2317 τούτῳ
3160 2243 3502 2315 διακείμεθα.
3518 2242 3628 2296 Καὶ
3648 2241 3682 2295 6

2012 2325 2110 2395 μὲν
2131 2325 2361 2396 Χριστὸς
2383 2324 2638 2396 εὔχεσθαι
2662 2326 2799 2397 ὑπὲρ
2818 2326 2923 2378 τῶν
2939 2324 3353 2396 ἐπηρεαζόντων
3369 2323 3676 2382 ἐκέλευσεν,

2010 2404 2167 2473 ἡμεῖς
2192 2403 2249 2456 δέ
2277 2403 2459 2468 δόλους
2490 2404 2789 2476 ῥάπτομεν,
2817 2406 2909 2457 καί
2935 2405 3059 2467 τοὺς
3089 2404 3509 2473 καταρωμένους
3525 2399 3681 2453 εὑλο-

2012 2486 2127 2552 γεῖν
2165 2482 2562 2547 κελευσθέντες,
2600 2485 2822 2555 μυρίαις
2864 2485 3025 2555 ἀραῖς
3053 2483 3469 2555 περιϐάλλομεν.

2084 2560 2149 2614 Τί
2176 2561 2378 2632 ταύτης
2411 2562 2762 2633 σφοδρότερον
2791 2564 2889 2633 τῆς
2909 2562 3279 2624 ἐναντιώσεως
3298 2561 3491 2629 γένοιτ’
3509 2559 3574 2613 ἀν
3588 2559 3683 2612 καὶ

2010 2642 2111 2713 τῆς
2126 2639 2328 2711 μάχης,
2357 2642 2423 2713 ἢν
2447 2642 2728 2711 μαχόμεθα
2748 2641 2827 2712 τῷ
2851 2641 3023 2695 ταῦτα
3049 2640 3495 2711 νομοθετήσαντι,
3520 2640 3685 2691 πᾶσιν

2010 2722 2174 2777 αὑτοῦ
2194 2725 2309 2785 τοῖς
2329 2723 2741 2793 προστάγμασιν
2763 2724 2820 2788 ἐξ
2836 2722 3084 2784 ἐναντίας
3110 2721 3419 2790 ίστάμενοι;
3442 2717 3554 2787 Τήν
3574 2716 3683 2787 γάρ

2009 2801 2109 2871 τῆς
2124 2801 2426 2866 κενοδοξίας
2443 2800 2751 2872 τυραννίδα,
2764 2799 3002 2869 ἢναὺτδς
3022 2800 3117 2870 μὲν
3134 2798 3220 2850 διὰ
3236 2798 3342 2849 τῶν
3360 2796 3484 2866 ἑξῆς
3504 2799 3572 2868 ρη
3581 2797 3686 2865 μά-

2008 2897 2114 2933 των
2144 2881 2458 2946 κατέλυσεν,
2491 2881 2651 2950 ἡμεῖς
2687 2878 2743 2931 δὲ
2778 2878 3112 2950 ηὐξήσαμεν,
3153 2877 3252 2928 οὑκ
3287 2874 3380 2927 ἐπ)⁵
3401 2874 3502 2937 τὰς
3520 2876 3687 2943 εὑχάς

2012 2960 2172 3030 μόνον
2195 2959 2292 3013 καὶ
2320 2959 2571 3030 νηστείας
2594 2958 2799 3021 καὶτὰς
2822 2956 3213 3027 ἐλεημοσύνας,
3238 2954 3374 3008 ἀλλά
3395 2954 3488 3007 καὶ
3507 2954 3602 3005 ἐπὶ
3618 2952 3688 3005 τά

2010 3036 2146 3092 ἀλλα
2167 3038 2343 3091 πάντα
2364 3036 2685 3099 ἑλκύσαντες
2701 3037 2869 3107 αὑτῆς
2884 3035 2981 3106 τὴν
2999 3034 3193 3106 ἀρχὴν,
3211 3035 3304 3087 καὶ
3324 3031 3525 3095 παντὸς
3545 3030 3687 3101 μάλ-

2011 3116 2103 3169 λον
2121 3116 2508 3189 ἀργυρωνήτου
2525 3115 2554 3155 ιι
2571 3117 2637 3186 τῇ
2660 3114 2824 3186 μανίᾳ
2837 3114 3039 3184 ταύτης
3052 3112 3341 3175 ὑποθέντες
3358 3110 3583 3172 ἐαυτοίις
3597 3109 3688 3163 διά

2014 3194 2074 3247 τὸ
2106 3188 2279 3248 πᾶσιν
2300 3189 2435 3247 εἶναι
2458 3194 2637 3263 δῆλον,
2672 3194 2933 3265 παρίημι,
2962 3191 3215 3247 τοσοῦτον
3249 3190 3441 3255 εἰπὼν,
3471 3191 3553 3244 ὃτι
3578 3188 3689 3242 τῶν

2015 3270 2319 3345 ἀνθρώπων
2358 3275 2408 3327 οἰ
2455 3274 2554 3345 μὲν
2599 3274 2680 3338 εἰς
2722 3273 2958 3345 ἐσχάτην
2995 3272 3402 3344 καταφρόνησιν
3440 3269 3687 3332 ἐκδόντες

2015 3351 2270 3418 ἐαυτοὺς,
2315 3351 2496 3405 οὑδενὶ
2537 3351 2646 3405 τῶν
2680 3352 3172 3423 προστεταγμένων
3208 3352 3588 3421 προσέχουσιν,
3634 3350 3684 3400 οἱ

2012 3430 2070 3484 δὲ
2114 3431 2180 3484 ἐκ
2233 3430 2495 3502 βραχείας
2564 3432 2762 3503 μοίρας
2816 3432 3114 3486 ὑπακούειν
3168 3431 3528 3503 θελήσαντες,
3591 3428 3689 3483 καί

2013 3526 2165 3575 τινας
2203 3510 2312 3563 τῶν
2364 3511 2595 3565 ἐντολῶν
2653 3512 2885 3582 φυλάξαι
2928 3512 3347 3577 σπουδάσαντες,
3391 3512 3487 3565 καὶ
3538 3504 3688 3564 οὗτοι

2016 3589 2178 3643 πάλιν
2224 3591 2305 3653 εἰς
2343 3591 2442 3661 τὴν
2472 3590 2641 3663 αὑτὴν
2671 3590 2901 3656 ἐκείνοις
2939 3591 3143 3663 ζημίαν
3171 3590 3569 3663 κατέστρεψαν,
3600 3588 3690 3642 διὰ

2015 3669 2077 3722 τὸ
2127 3668 2202 3741 μὴ
2255 3668 2480 3740 θελῆσαι
2528 3670 2631 3742 τῆς
2689 3671 2994 3735 κενοδοξίας
3034 3670 3406 3725 ἀποδύσασθαι
3440 3672 3566 3734 τοὺς
3605 3669 3691 3723 δι-

2017 3749 2206 3820 σμούς.
2231 3750 2343 3804 Καὶ
2386 3753 2415 3805 6
2455 3752 2555 3822 μὲν
2590 3752 2709 3805 οὑδὲ
2751 3752 2889 3817 ’ὀλως
2919 3752 3135 3807 δίδωσιν
3170 3751 3542 3823 ἐλεημοσύνην
3581 3753 3628 3815 ί,
3660 3752 3691 3805 ό

2014 3827 2071 3880 δέ
2108 3830 2361 3899 παρέχων
2402 3830 2502 3900 μὲν
2530 3833 2643 3895 τοῖς
2675 3831 2950 3902 δεομένοις
2999 3832 3120 3886 τινά
3159 3832 3266 3885 τῶν
3296 3831 3512 3893 ἐαυτοῦ,
3544 3830 3685 3901 μετά

2013 3906 2317 3973 κενοδοξίας
2350 3907 2406 3960 δέ
2437 3906 2595 3961 τοῦτο
2632 3910 2823 3973 ποιῶν,
2869 3909 3021 3963 οὐδὲν
3062 3910 3285 3981 ἄμεινον
3326 3909 3420 3962 τοῦ
3474 3909 3548 3979 μὴ
3596 3909 3687 3961 δε-

2012 3984 2245 4049 δωκότος
2294 3985 2581 4040 διάκειται.
2616 3986 2804 4051 Οὕτως
2829 3989 3077 4052 ἅπαντας
3118 3988 3452 4059 πανταχόθεν
3484 3989 3563 4050 είς
3590 3988 3688 4052 τὰς

2016 4064 2209 4117 ἐαυτοῦ
2265 4065 2497 4134 παγίδας
2556 4066 2807 4120 ἐνέϐαλεν
2850 4068 2879 4121 6
2944 4069 3207 4139 Πονηρός.
3253 4070 3317 4122 EE
3358 4069 3418 4122 δέ
3460 4085 3545 4132 τις
3591 4069 3689 4123 καὶ

2014 4144 2217 4216 ταύτην
2278 4145 2534 4217 δυνηθείη
2602 4147 2871 4200 διεκδῦναι
2926 4146 3082 4219 τὴνί
3146 4148 3368 4219 βλάϐην,
3419 4148 3525 4201 ὑπὸ
3588 4148 3689 4216 τῆς

2015 4224 2275 4286 ἀπονοίας
2320 4225 2705 4295 κατασχεθεὶς,
2754 4228 2915 4281 πάλιν
2986 4228 3048 4280 τὸ
3109 4227 3240 4280 αὑτὸ
3290 4226 3487 4298 πτῶμα
3556 4244 3688 4281 κατ-

2017 4303 2215 4368 έπεσε,
2274 4305 2475 4375 μᾶλλον
2531 4306 2588 4359 δὲ
2642 4307 2736 4360 καὶ
2794 4307 2970 4377 πολλῷ
3018 4306 3427 4377 χαλεπώτερον·
3472 4306 3533 4359 οὑ
3581 4305 3689 4375 γὰρ

2014 4382 2174 4456 τοῦτο
2217 4382 2515 4456 ζημιωθεὶς
2568 4385 2750 4456 μόνον,
2784 4387 2922 4455 ὅπερ
2956 4388 3235 4456 ἐποίησεν,
3275 4388 3516 4456 ἄπεισιν,
3552 4384 3689 4456 ἀλλά

2017 4454 2110 4508 καὶ
2156 4454 2321 4505 κακόν
2352 4471 2405 4506 τι
2460 4453 2800 4523 προσλαϐών.
2834 4453 3067 4518 Πολλοὺς
3100 4453 3170 4507 δὲ
3213 4454 3387 4521 ἔγωγε
3439 4453 3575 4514 οἶδα.
3624 4455 3685 4506 οὑ

2016 4524 2236 4585 ταύταις
2277 4524 2436 4593 μόνον
2468 4526 2851 4595 ἁλισκομένους
2898 4527 3019 4585 ταῖς
3045 4525 3268 4588 αἰτίαις,
3313 4524 3449 4577 ἀλλά
3480 4526 3573 4578 καὶ
3600 4524 3689 4581 διὰ

2020 4604 2081 4655 τὸ
2136 4601 2309 4670 φιλεῖν
2374 4608 2469 4656 καί
2519 4604 2603 4656 διά
2655 4604 2718 4654 τὸ
2775 4602 3175 4667 δυσωπεῖσθαι,
3216 4604 3310 4656 καὶ
3368 4603 3434 4655 δι’
3496 4604 3687 4674 ἐτέρας

2034 4679 2233 4743 πολλὰς
2285 4683 2536 4745 τοιαύτας
2586 4681 2959 4751 ἐπαρκοῦντας
2994 4682 3299 4752 προφάσεις
3347 4686 3460 4745 τοῖς
3497 4683 3686 4752 δεομέν-

2028 4778 2174 4823 νοις,
2217 4761 2276 4811 οὑ
2332 4762 2420 4814 διά
2474 4760 2566 4813 τὸν
2602 4761 2696 4814 τοῦ
2744 4760 2879 4814 Θεοῦ
2933 4762 3097 4829 φόϐον
3144 4762 3237 4816 καὶ
3302 4760 3400 4833 τὴν
3444 4764 3687 4833 ἐντολήν.

2018 4838 2302 4891 Τοσούτων
2335 4835 2430 4891 οὖν
2474 4839 2642 4892 ὄντων
2680 4838 2786 4891 τῶν
2834 4839 3243 4911 λυμαινομένων
3285 4846 3405 4906 ταῖς
3459 4843 3689 4914 πράξεσι

2016 4925 2138 4985 ταῖς
2168 4921 2417 4991 ἀγαθαῖς,
2448 4923 2533 4983 τίς
2562 4923 2773 4993 ταχέως
2813 4924 3051 4994 σωθῆναι
3089 4925 3379 4998 δυνήσεται
3424 4928 3534 4981 τῶν
3569 4928 3689 4981 τού·-

2016 5018 2127 5064 τοις
2163 5018 2229 5053 πε
2239 5002 2660 5073 ριπεπτωκότων
2687 5005 2799 5066 τοῖς
2824 5007 3054 5068 κακοῖςς

2087 5080 2145 5133 ε’.
2164 5082 2237 5133 Τὸ
2271 5081 2349 5144 δέ,
2383 5082 2557 5151 Ἄφες
2583 5082 2729 5151 ἡμῖν
2754 5084 2828 5136 τὰ
2862 5084 3233 5153 ὀφειλήματα
3257 5085 3443 5155 ἡμῶν,
3476 5086 3557 5150 ὡς
3587 5084 3687 5140 καὶ

2019 5160 2186 5231 ἡμεῖς
2220 5162 2471 5230 ἀφίεμεν
2496 5169 2622 5228 τοῖς
2649 5162 2985 5231 ὀφειλέταις
3013 5163 3198 5233 ἡμῶν,
3233 5164 3314 5225 τίς
3341 5164 3447 5233 ἀρα
3479 5165 3508 5216 6
3548 5166 3690 5233 μετὰ

2030 5241 2342 5311 παρρησίας
2400 5239 2570 5311 ἐρῶν;
2626 5242 2747 5296 Κᾶν
2796 5242 2904 5313 γὰρ
2952 5246 3115 5315 μηδὲν
3166 5243 3508 5313 ἀδικήσωμεν
3560 5246 3690 5308 τοὺς

2024 5320 2280 5390 ἐχθροὺς,
2332 5320 2447 5375 ἀλλ’
2490 5322 2639 5393 ὅμως
2678 5322 2774 5393 τὴν
2839 5323 3053 5394 πληγὴν
3112 5322 3327 5375 ἀνίατον
3373 5322 3594 5393 ἔχομεν.
3631 5323 3690 5378 '0

2019 5401 2074 5453 δὲ
2126 5403 2360 5473 Χριστὸς
2396 5405 2493 5475 οὑχ
2539 5404 2713 5465 οὓτως
2768 5405 2986 5472 ἀφιέναι
3036 5403 3279 5472 βούλεται
3327 5404 3509 5473 μόνον.
3555 5404 3691 5460 ἀλλά

2022 5481 2115 5533 καὶ
2144 5484 2228 5546 εἰς
2254 5485 2380 5546 τοὺς
2426 5482 2673 5555 πρώτους
2699 5481 2805 5533 τῶν
2840 5483 3009 5552 φίλων
3041 5484 3239 5547 αὑτοὺς
3283 5483 3561 5555 ἀριθμεῖν.
3591 5484 3691 5537 Διά

1920 5636 1921 5639 η
2023 5559 2184 5614 τοῦτο
2236 5561 2388 5631 γοῦν,
2455 5561 2636 5624 καθὼς
2693 5560 2860 5633 ἔφθην
2913 5561 3103 5627 εἰπὼν,
3154 5563 3251 5616 καὶ
3294 5563 3690 5637 ὑπερεύχεσθαι

2086 5702 2107 5742 ί
2134 5703 2268 5755 COIb.
2282 5704 2374 5752 Καὶ
2389 5702 2529 5751 τοῦτο
2548 5718 2665 5765 παρις

2088 5767 2114 5805 8
2136 5765 2270 5834 Cplb:
2299 5766 2489 5834 ἐάν-γὰρ
2509 5764 2782 5834 ἀγαπᾶτε...
2814 5765 2871 5814 τὸ
2892 5764 3011 5815 αὐτὸ
3040 5767 3278 5825 ποιοῦσιν,
3301 5770 3379 5815 καί
3404 5768 3483 5815 ἐὰν
3506 5768 3689 5816 ἀσπ....

2025 5827 2192 5875 ἐθνικοὶ
2220 5826 2275 5873 τὸ
2294 5825 2409 5873 αὑτὸ
2428 5825 2675 5885 ποιοῦσιν;

2086 5886 2113 5925 h
2145 5887 2506 5953 ’ᾼργυρωνὴτου
2537 5888 2685 5939 deest
2722 5891 2774 5939 in
2817 5888 2955 5941 Colb.
2995 5890 3107 5941 Mox
3147 5892 3259 5942 Sav.
3279 5897 3333 5939 et
3365 5889 3502 5940 Colb.
3530 5890 3696 5953 δῆλον,

2026 5950 2198 6000 Morel.
2215 5950 2377 6006 δήλην,
2392 5951 2589 5999 melius.

2095 6014 2111 6050 ι
2138 6010 2274 6077 ῼρὶὶ).
2297 6011 2376 6077 διά
2392 6012 2447 6058 τὸ
2469 6013 2533 6073 μὴ
2567 6014 2761 6072 θελῆσαι
2784 6015 2977 6075 φυλάξαι
3011 6016 3117 6070 τοὺς
3147 6012 3369 6077 θεσμοὺς,
3390 6015 3470 6063 καὶ
3504 6016 3529 6063 ὑ
3555 6013 3698 6067 μιν...

2031 6074 2115 6130 τήν
2150 6071 2481 6132 ἐλεημοσύνην.

2102 6134 2115 6184 ί
2144 6134 2265 6185 ρυιυ
2313 6135 2485 6189 ταύτην
2511 6136 2719 6186 διαδῦναι
2743 6137 2954 6198 δυνηθείη
2974 6138 3075 6197 τήν.
