4532 6716
467 555 558 611 601
1344 556 1431 611 DE
1468 549 2021 616 COMPUNCTIONE,
2062 546 2154 603 AD
2195 546 2623 609 DEMETRIUM.
2666 552 2792 609 LIB.
2838 554 2876 611 Ι.

462 670 593 726 nihil
622 670 835 741 quidem
884 672 1066 740 laedas,
1109 671 1205 728 sed
1231 670 1538 733 averseris,
1573 680 1675 721 nec
1704 664 1914 735 placide
1964 678 2052 718 re-

464 764 659 831 spicias
676 806 691 830 ,
714 767 1011 839 vulnusque
1032 767 1086 822 in
1106 766 1287 822 animo
1305 774 1593 816 conserves
1612 800 1629 827 ,
1653 758 1889 814 nondum
1913 773 2049 829 pra:-

464 866 677 925 ceptum
729 868 1055 930 exsequutus
1112 872 1215 920 es,
1263 852 1406 923 quod
1454 852 1696 907 Christus
1740 851 1906 907 dedit.
1946 851 2055 909 Cur

464 959 595 1017 ergo
629 947 799 1004 Deum
831 951 916 1015 iis,
946 950 1035 1019 qui
1059 948 1112 1002 in
1141 955 1192 1000 te
1221 943 1581 1013 peccaverint,
1615 943 1903 1015 pr0pitium
1931 960 2054 1002 esse

464 1054 620 1110 rogas
644 1081 660 1105 ,
684 1056 805 1097 cum
834 1040 1073 1096 nondum
1102 1045 1158 1092 tu
1189 1036 1320 1105 ipsis
1347 1036 1606 1107 propitius
1639 1038 1715 1094 sis
1738 1038 1763 1093 ἳ
1788 1038 1921 1094 Illud
1954 1053 2053 1092 au-

464 1140 571 1189 tem
617 1135 847 1190 irridens
885 1132 1101 1202 quidam
1146 1130 1447 1200 sapientum
1496 1133 1617 1188 ait:
1652 1130 1818 1187 Homo
1860 1130 2055 1185 homini

463 1236 721 1280 conservat
750 1225 879 1278 iram
902 1264 918 1288 ,
947 1231 995 1276 et
1013 1238 1046 1275 a
1070 1220 1283 1277 Domino
1309 1225 1494 1295 qutzrit
1536 1225 1831 1279 medelam?
1858 1224 2056 1278 miseri-

462 1318 692 1371 cordiam
728 1331 829 1368 non
852 1313 1000 1368 habet
1038 1330 1157 1385 erga
1181 1316 1431 1372 hominem
1456 1317 1551 1372 sibi
1576 1318 1822 1387 avqnalem
1844 1358 1861 1383 ,
1890 1324 1937 1368 et
1962 1330 2054 1385 pro

467 1418 667 1479 peccato
688 1423 777 1460 suo
802 1408 1079 1475 precatur?
1114 1425 1232 1464 caro
1258 1427 1372 1464 cum
1398 1412 1507 1481 ipse
1530 1412 1595 1465 sit
1618 1450 1635 1477 ,
1665 1420 1831 1464 servat
1875 1408 2007 1461 iram
2029 1406 2056 1460 2

465 1509 513 1551 ct
539 1496 649 1564 quis
692 1496 1047 1566 propitiabitur
1090 1501 1307 1570 peccatis
1347 1501 1458 1570 ejus
1490 1499 1691 1571 (Eccli.
1722 1504 1818 1559 28.
1869 1494 2051 1567 3-5)?

472 1586 670 1641 Vellem
696 1587 803 1655 jam
851 1588 1010 1645 silere
1045 1599 1100 1645 et
1145 1591 1413 1645 sermonis
1452 1605 1669 1645 cursum
1711 1598 1903 1642 srstere
1937 1605 1950 1640 :
1981 1588 2053 1643 ita

466 1675 669 1745 pudore
719 1676 964 1745 afﬁcior,
1023 1695 1321 1751 vereorque
1364 1680 1586 1735 ulterius
1633 1676 2054 1747 progredizboc

466 1767 607 1822 enim
632 1768 847 1836 bellum,
876 1770 1019 1841 quod
1047 1772 1313 1826 movimus
1334 1778 1520 1826 contra
1544 1778 1808 1839 prmccpta
1829 1766 2049 1836 Christi,

467 1858 904 1931 inimicitiamque
955 1861 1495 1926 irreeonciliabilcm,
1547 1858 1746 1914 clarius
1793 1858 1894 1913 hoc
1935 1873 2047 1915 ser—

466 1964 622 2005 moue
648 1951 1063 2006 demonstratur.
1093 1950 1201 2007 Sed
1242 1951 1369 2022 quid
1413 1950 1547 2004 lucri
1599 1964 1665 2004 ex
1705 1949 1916 2005 silentio
1946 1967 2044 2006 no-

464 2050 610 2110 stro,
638 2045 797 2099 rebus
827 2045 957 2115 ipsis
1002 2059 1231 2115 pugnam
1262 2044 1410 2098 illam
1448 2042 1823 2110 clamantibus,
1859 2052 1915 2099 et
1956 2044 2047 2099 illo

463 2135 550 2204 qui
576 2136 1018 2206 nosjudicaturus
1041 2146 1143 2203 est,
1165 2135 1343 2191 omnia
1365 2133 1645 2204 perspicue
1668 2144 2046 2206 cognoscente,

462 2229 549 2284 vel
580 2239 701 2283 ante
726 2245 905 2284 rerum
940 2229 1229 2285 eventum?
1257 2228 1589 2296 Praeceptum
1625 2226 1751 2283 illud
1789 2244 1893 2284 non
1927 2229 2049 2286 the-

462 2320 764 2375 saurizandi
796 2323 847 2375 in
890 2330 1066 2385 terra,
1117 2320 1212 2375 sed
1260 2320 1312 2373 in
1343 2318 1509 2383 caelo,
1563 2319 1771 2375 etiamsi
1812 2335 2047 2392 paucos,

463 2411 748 2464 nonnullos
776 2420 951 2466 tamen
979 2411 1216 2481 reperias
1238 2452 1253 2476 ,
1280 2410 1370 2481 qui
1394 2419 1642 2466 accurate
1675 2412 2045 2469 custodierint.

459 2500 592 2554 Nam
610 2502 789 2555 eaztcri
807 2515 1015 2569 omnes,
1034 2517 1097 2556 ac
1111 2502 1154 2556 si
1169 2500 1497 2556 contrarium
1516 2516 1733 2571 prorsus
1749 2503 2046 2571 audissent,

455 2590 697 2661 jnssique
726 2600 907 2646 essent
930 2592 981 2644 in
1010 2600 1148 2646 terra
1173 2591 1535 2647 thesaurizare
1558 2632 1572 2659 ,
1619 2592 1840 2650 dimisso
1866 2595 2004 2650 cmlo
2027 2637 2043 2663 ,

460 2686 684 2739 terrenis
703 2684 950 2738 omnibus
966 2699 1185 2755 prorsus
1200 2683 1497 2751 adhmrent,
1518 2693 1572 2740 et
1589 2685 1775 2740 insano
1796 2687 2046 2756 pecunias

459 2774 742 2845 colligendi
782 2774 959 2829 studio
989 2784 1255 2839 tenentur,
1287 2774 1560 2845 Deumque
1586 2775 1709 2829 odio
1740 2776 2001 2832 habentes
2027 2817 2040 2841 ,

458 2881 759 2920 mamonam
786 2866 1010 2937 diligunt
1038 2884 1052 2919 :
1080 2865 1206 2919 illud
1238 2874 1413 2920 autem
1434 2907 1448 2929 ,
1502 2863 1555 2920 Ν
1562 2884 1589 2921 e
1618 2867 1822 2921 solliciti
1845 2868 1956 2920 sitis
1982 2866 2046 2921 de

457 2956 677 3010 crastino
706 2956 721 2986 ¹
766 2954 978 3026 (Matth.
1009 2954 1062 3010 6.
1097 2954 1225 3027 54),
1257 2955 1527 3012 neminem
1574 2957 1655 3012 vel
1698 2955 1912 3012 audisse
1960 2957 2041 3013 vel

456 3047 763 3116 amplexum
810 3062 932 3103 esse
980 3046 1102 3101 novi
1150 3046 1220 3102 ob
1281 3047 1403 3103 fidei
1448 3058 1645 3104 nostra:
1704 3052 2039 3105 tenuitatem.

454 3135 787 3207 Quapropter
828 3136 930 3191 hoc
973 3148 1296 3207 praeceptum
1344 3153 1453 3207 przc
1504 3138 1706 3209 pudore
1737 3140 2040 3208 praeteribo.

454 3225 743 3291 Oportebat
770 3225 985 3280 Christo
1011 3242 1128 3280 eam
1158 3227 1473 3283 sententiam
1500 3228 1815 3299 simpliciter
1848 3230 2037 3286 ferenti

454 3314 609 3369 ﬁdem
642 3314 872 3382 habere;
903 3333 1044 3373 nunc
1070 3328 1278 3384 autem,
1312 3319 1438 3375 licet
1463 3320 1655 3376 invicta
1687 3322 1960 3377 ratiocinia
1982 3332 2037 3378 et

451 3407 693 3477 exempla
720 3408 945 3477 afferat,
974 3410 1151 3465 avium
1177 3411 1431 3469 videlicet
1452 3423 1507 3467 et
1534 3412 1661 3468 fami
1683 3456 1698 3480 ,
1728 3414 1826 3484 ipsi
1856 3423 2034 3469 tamen

450 3512 558 3552 non
606 3498 910 3566 credimus;
965 3501 1059 3556 sed
1111 3503 1563 3572 quemadmodum
1615 3503 1715 3574 ipsi
1768 3507 2031 3576 gentiles,

449 3587 557 3641 imo
584 3587 808 3645 fortasse
840 3591 1075 3647 timidius
1098 3608 1255 3662 quam
1286 3593 1399 3659 illi,
1428 3595 1529 3649 etsi
1553 3609 1649 3664 pro
1677 3595 1780 3652 illis
1828 3598 2034 3665 precari

449 3694 553 3733 non
573 3680 883 3749 jubeamur,
917 3698 1133 3738 omnem
1166 3685 1216 3739 in
1250 3684 1333 3739 his
1364 3684 1493 3756 ipsis
1523 3686 1685 3743 rebus
1714 3688 2031 3744 sollicitudi-

448 3785 570 3825 nem
614 3772 990 3841 impendimus.
1022 3773 1133 3828 lloc
1181 3774 1378 3845 igitur,
1422 3786 1480 3831 ut
1516 3776 1661 3844 dixi,
1706 3790 2034 3851 praeceptum

447 3877 567 3916 cum
598 3865 795 3920 rubore
819 3866 1106 3935 praeteribo
1129 3908 1144 3934 ,
1179 3876 1234 3922 ct
1273 3866 1341 3922 ad
1386 3870 1665 3939 sequentia
1702 3885 1918 3942 pergam
1938 3913 1955 3939 ,
1986 3876 2032 3929 si

447 3953 586 4010 forte
635 3971 731 4025 pro
775 3956 1083 4026 hujusmodi
1132 3959 1337 4029 pudore
1375 3961 1606 4031 aliquam
1636 4003 1653 4031 ,
1684 3964 1767 4019 vel
1818 3974 2030 4022 tenuem

446 4045 864 4101 consolationem
896 4049 1181 4118 reperiam.
1204 4049 1340 4118 Quid
1362 4066 1491 4123 ergo
1510 4052 1641 4109 dicit
1667 4063 1848 4125 postea
1869 4057 1893 4110 ‘l
1919 4054 2033 4111 Νο-

447 4134 531 4190 lite
546 4137 815 4206 judicare,
855 4150 913 4194 ut
941 4157 1043 4194 non
1080 4142 1385 4212 judicemini
1410 4144 1626 4216 (Matth.
1655 4149 1709 4203 7.
1740 4147 1815 4221 l).
1866 4148 2029 4205 Puta-

445 4224 568 4281 bam
592 4244 689 4297 cgo
719 4228 802 4284 hic
841 4246 928 4286 me
968 4229 1198 4303 aliquam
1230 4234 1448 4303 pudoris
1476 4238 1899 4295 consolationem
1939 4255 2027 4295 rec

444 4327 718 4386 perturum
741 4335 861 4376 esse
886 4338 899 4385 ;
945 4323 1040 4378 sed
1070 4323 1223 4379 video
1246 4325 1486 4395 ejusdem
1518 4330 1733 4398 pudoris
1758 4331 2026 4387 accessio-

445 4423 569 4462 nem
600 4425 707 4465 non
735 4411 1033 4468 minimam.
1064 4415 1274 4470 Etenim
1304 4418 1513 4473 etiamsi
1552 4419 1686 4474 nihil
1712 4420 1857 4476 aliud
1902 4424 2029 4479 mali

444 4496 754 4554 fecissemus
778 4542 793 4566 ,
816 4503 901 4557 vel
933 4504 1033 4560 hoc
1059 4521 1223 4561 unum
1253 4516 1437 4577 posset
1484 4524 1582 4563 nos
1628 4510 1681 4565 in
1728 4521 2029 4569 extremam

444 4586 742 4657 gehennam
767 4592 1068 4661 abducere;
1114 4597 1185 4652 ita
1228 4598 1435 4654 scilicet
1476 4600 1774 4657 alienorum
1806 4602 2030 4661 delicto-

446 4695 564 4734 rum
610 4682 789 4737 acerbi
825 4683 1033 4753 judiees
1076 4689 1364 4759 sedemus,
1414 4692 1540 4749 dum
1588 4696 1765 4753 trabes
1815 4708 2028 4756 nostras

446 4772 769 4844 despicimus
802 4794 815 4831 :
845 4785 1004 4849 atque
1046 4780 1102 4836 in
1131 4782 1322 4839 alienis
1368 4788 1580 4842 curiose
1606 4789 1937 4859 inquirendis
1975 4800 2029 4848 et

442 4864 758 4921 damnandis
789 4875 895 4922 tota
924 4868 1032 4924 vita
1065 4874 1397 4930 consumitur
1419 4888 1623 4934 nostra.
1649 4881 1729 4935 Ac
1757 4882 2025 4938 neminem

443 4954 600 5012 facile
643 4956 916 5022 invenias,
964 4975 1064 5015 nec
1109 4964 1421 5021 smeularem
1452 4969 1660 5038 virum,
1706 4986 1804 5027 nec
1838 4988 2027 5029 mona-

441 5046 728 5114 chum,nec
743 5048 994 5105 clericum
1007 5052 1123 5117 ',ab
1140 5051 1241 5109 hac
1254 5057 1408 5127 culpa
1425 5059 1650 5116 liberum
1664 5080 1677 5116 :
1691 5064 1896 5119 etiamsi
1914 5073 2025 5122 tan-

445 5147 495 5190 ta
526 5139 866 5194 comminatio
893 5139 1133 5211 adjaceat
1158 5160 1174 5197 :
1205 5143 1273 5199 In
1298 5164 1398 5217 quo
1439 5152 1573 5206 enim
1601 5154 1799 5225 judicio
1818 5156 2027 5227 judica-

445 5232 613 5284 ueritis
640 5274 655 5298 ,
698 5232 1091 5302 judicabimini,
1174 5233 1370 5310 inquit,
1418 5252 1468 5299 et
1538 5246 1592 5300 in
1649 5264 1749 5319 qua
1790 5266 2027 5309 mensura

444 5322 602 5374 mensi
628 5323 849 5392 fueritis,
872 5326 1156 5380 remetiatur
1178 5327 1313 5382 vobis
1343 5328 1554 5400 (Matth.
1588 5337 1640 5393 7.
1666 5338 1748 5409 2).
1772 5340 2023 5400 Attamen

443 5425 565 5464 cum
595 5412 694 5469 hoc
724 5424 999 5484 peccatum
1045 5425 1245 5471 tantam
1289 5434 1552 5481 annexam
1602 5443 1850 5498 pinnam,
1901 5435 2027 5490 nul-

444 5500 656 5571 lamque
703 5509 1031 5579 voluptatem
1087 5509 1313 5578 habeat,
1362 5528 1552 5573 omnes
1596 5521 1647 5576 in
1695 5523 1797 5579 hoc
1825 5527 2024 5585 malum

447 5593 747 5661 praecipites
763 5600 1047 5667 currimus,
1067 5616 1130 5657 ac
1148 5601 1193 5658 si
1214 5601 1268 5658 id
1284 5604 1670 5678 studeamus,in
1686 5613 1787 5671 hoc
1800 5628 2024 5675 conten-

446 5682 636 5737 damus
657 5693 712 5737 ut
734 5701 837 5741 non
858 5704 953 5759 per
968 5708 1126 5748 unam
1150 5692 1346 5760 solum,
1368 5694 1459 5749 sed
1483 5712 1577 5767 per
1600 5702 1797 5759 multas
1813 5722 2023 5781 quoque

502 5795 699 5873 incest,
720 5796 780 5873 tle
802 5802 1103 5873 crastino..in
1124 5807 1253 5873 Colb.
1280 5815 1379 5857 Mox
1395 5808 1523 5873 haec.
1539 5810 1598 5860 ob
1619 5811 1738 5873 ﬁdei
1756 5826 1933 5873 nostra:
1953 5831 2024 5873 te-

435 5860 882 5969 Ππέιὲιξξῖἷέἓιῗῗέωι
903 5866 955 5913 in
975 5864 1105 5915 Colb.
1132 5876 1185 5919 et
1206 5871 1255 5920 in
1287 5870 1448 5932 SaviL,
1472 5860 1559 5923 sed
1581 5860 2022 5946 aa'iéiiéiii'p‘ér'ﬁi

496 5982 518 6011 υ
551 5981 720 6043 verba,
737 5993 825 6031 nec
847 5980 1095 6041 clericum.
1116 5990 1165 6038 in
1184 5991 1317 6043 Colb.
1344 6003 1396 6046 et
1417 5996 1555 6047 Savil.
1574 5997 1768 6053 desunt.

775 6067 1047 6132 ΡΑτιιοι..
1093 6077 1208 6170 (in.
1260 6080 1507 6144 XLVII.

2162 663 2274 719 vias
2287 662 2339 719 in
2357 662 2616 736 gehennae
2632 668 2899 724 caminum
2920 670 3485 745 ingrcdiamurﬁcque
3501 678 3672 733 solum
3692 681 3745 735 in

2159 769 2220 810 ea
2237 770 2357 827 qua:
2371 754 2639 813 laboriosa
2656 772 2777 816 esse
2794 759 3058 830 videntur,
3072 766 3164 822 scd
3182 767 3342 823 etiam
3368 770 3382 799 '
3403 769 3456 824 in
3474 768 3669 827 leviora
3688 776 3748 830 il-

2159 848 2226 904 lis
2247 848 2496 908 similiter
2514 849 2819 921 incidimus,
2841 864 2896 910 et
2917 854 3034 914 haec
3049 868 3104 913 et
3139 859 3225 915 illa
3257 863 3456 932 pariter
3481 856 3757 935 transgre-f

2159 938 2369 995 dientes
2400 957 2415 994 :
2440 956 2504 999 ac
2527 956 2625 1014 per
2652 942 2787 1001 levia
2817 947 3148 1005 ostendimus
3172 992 3187 1013 ,
3216 968 3314 1008 nos
3350 954 3651 1014 difficiliora
3681 959 3744 1015 ot

2158 1037 2546 1101 contemptum,
2582 1050 2689 1090 non
2734 1036 2804 1092 ob
2828 1040 3142 1109 gravitatem
3189 1058 3609 1117 praeceptorum,
3641 1067 3728 1107 non

2160 1120 2439 1190 perlicere.
2470 1123 2625 1192 Nam,
2655 1127 2744 1184 die
2771 1130 2901 1185 mihi
2925 1172 2942 1200 ,
2975 1133 3104 1203 quid
3153 1135 3352 1191 laboris
3374 1137 3513 1196 inest
3542 1144 3595 1198 in
3639 1160 3747 1201 non

2159 1210 2371 1270 curiose
2400 1217 2769 1287 perqulrcndis
2796 1223 2981 1279 alienis
3008 1228 3265 1298 negotiis,
3295 1240 3347 1285 et
3374 1232 3426 1286 in
3468 1248 3574 1289 non
3600 1236 3751 1289 dam-

2161 1304 2353 1359 nandis
2381 1309 2749 1377 proximorum
2786 1311 3035 1371 delictis?
3070 1319 3267 1375 Contra
3298 1338 3428 1379 vero
3476 1325 3751 1383 laboratur

2159 1411 2288 1453 sane
2318 1400 2373 1454 in
2418 1400 2629 1457 curiosa
2676 1404 2767 1459 tali
2810 1410 3196 1478 perquisitionc
3226 1426 3277 1469 et
3329 1418 3382 1471 in
3425 1418 3630 1487 judicio
3678 1422 3748 1478 de

2158 1487 2277 1544 aliis
2306 1491 2547 1548 ferendo.
2575 1494 2706 1564 Quis
2728 1496 2888 1568 igitur
2909 1500 3023 1557 haec
3049 1504 3293 1573 audiens,
3323 1508 3478 1564 nobis
3497 1527 3747 1582 umquam

2159 1581 2377 1649 credat,
2405 1586 2546 1655 quod
2576 1588 2784 1644 scilicet
2810 1606 2876 1646 ex
2912 1594 3174 1664 segnitie,
3208 1613 3315 1652 non
3345 1609 3524 1656 autem
3553 1581 3622 1659 de
3667 1605 3747 1660 in-

2157 1671 2363 1728 dustria
2390 1686 2444 1730 et
2484 1678 2695 1736 defectu
2736 1683 3023 1740 voluntatis
3062 1688 3127 1742 ad
3160 1691 3614 1758 przevaricandum
3656 1710 3747 1752 ac-

2157 1763 2450 1821 cedamus?
2476 1768 2609 1823 Cum
2634 1772 2776 1826 enim
2803 1789 2923 1844 qum
2961 1779 3361 1852 praecipiuntur,
3393 1784 3528 1840 levia
3564 1797 3620 1842 et
3661 1788 3746 1843 fa-

2156 1855 2279 1911 cilia
2306 1866 2433 1912 sunt
2459 1860 2794 1931 volentibus;
2835 1881 2955 1936 quae
2984 1880 3161 1925 autem
3188 1884 3456 1942 vetantur,
3484 1880 3662 1948 gravia
3688 1891 3745 1937 et

2156 1948 2353 2005 laboris
2380 1952 2538 2023 plena
2558 1995 2574 2021 ,
2608 1970 2817 2027 nosque
2856 1967 3033 2016 tamen
3059 1962 3281 2021 dimisso
3310 1981 3598 2038 praecepto,
3626 1989 3746 2043 quas

2155 2042 2318 2097 vetita
2361 2054 2487 2099 sunt
2533 2044 2803 2104 facimus:
2834 2065 3013 2108 annon
3063 2059 3419 2116 contendendi
3465 2078 3586 2119 cum
3634 2042 3747 2122 Deo

2153 2148 2334 2201 causa,
2365 2151 2462 2192 nos
2488 2139 2603 2195 lucc
2632 2153 2847 2210 peccata
2868 2145 3152 2204 admittere
3175 2151 3357 2207 dicent
3384 2154 3583 2211 inimici
3607 2158 3631 2211 ἲ
3658 2160 3747 2214 At-

2154 2226 2299 2280 enim
2324 2228 2464 2297 quod
2495 2230 2626 2285 nihil
2655 2230 2855 2289 laboris
2880 2240 3162 2307 prmceptis
3202 2240 3401 2298 Christi
3433 2245 3595 2312 insit,
3630 2249 3746 2317 ipse

2155 2319 2523 2385 pronuntiavit
2570 2320 2656 2376 his
2700 2324 2918 2380 verbis:
2953 2326 3139 2384 Tollite
3162 2331 3353 2402 jugum
3395 2350 3561 2389 meum
3595 2353 3747 2407 super

2154 2421 2243 2462 vos
2268 2423 2288 2463 :
2300 2410 2490 2482 jugum
2528 2412 2663 2465 enim
2694 2431 2859 2469 meum
2902 2434 3056 2473 suave
3082 2432 3157 2475 est
3196 2433 3241 2477 ct
3270 2440 3398 2479 onus
3444 2444 3607 2482 meum
3638 2430 3745 2486 leve

2155 2500 2371 2571 (Matth.
2402 2504 2487 2559 11.
2510 2503 2624 2575 29).
2660 2505 2766 2562 Sed
2796 2523 2894 2564 nos
2918 2510 3215 2569 incredibili
3257 2519 3481 2587 segnitie
3525 2521 3576 2576 id
3618 2522 3743 2579 facio

2154 2609 2274 2649 mus
2293 2633 2308 2659 ,
2338 2606 2395 2650 ut
2414 2612 2531 2666 qua:
2562 2597 2696 2653 levia
2723 2611 2846 2656 sunt
2865 2641 2881 2668 ,
2906 2604 3086 2659 multis
3109 2607 3292 2675 gravia
3312 2622 3625 2679 appareant.

2230 2685 2383 2740 Levia
2415 2704 2505 2757 per
2530 2691 2791 2761 segnitiem
2809 2695 2983 2764 gravia
3005 2736 3021 2763 ,
3045 2709 3092 2751 et
3116 2700 3293 2769 gravia
3318 2716 3410 2771 per
3430 2703 3744 2761 alacritatem

2155 2777 2282 2829 levia
2301 2777 2819 2848 minantum—Sane
2843 2784 2890 2840 ei
2912 2788 2999 2856 qui
3016 2802 3229 2857 semper
3251 2791 3406 2847 otiari
3433 2804 3488 2849 et
3507 2794 3743 2854 dormire

2152 2869 2315 2938 velit,
2346 2870 2429 2925 vel
2459 2870 2573 2941 ipse
2610 2874 2760 2929 cibus
2807 2884 2860 2930 et
2890 2887 3046 2946 polus
3074 2893 3290 2947 prorsus
3318 2896 3581 2941 onerosus
3622 2902 3743 2944 esse

2152 2960 2379 3029 videtur;
2421 2963 2513 3034 qui
2540 2979 2669 3021 vero
2698 2966 2914 3037 vigilant
2942 2979 2998 3024 et
3040 2972 3340 3040 excubant,
3379 2990 3451 3033 ne
3477 2977 3742 3035 mirabilia

2148 3052 2362 3121 quidem
2401 3062 2457 3110 et
2484 3055 2649 3111 ardua
2679 3057 2979 3130 refugiunt,
3024 3062 3120 3118 scd
3150 3078 3270 3119 cum
3312 3066 3504 3138 majori
3546 3069 3740 3128 fiducia

2150 3144 2266 3201 haec
2286 3146 2503 3217 aggredi
2531 3148 2754 3218 audent,
2775 3167 2933 3221 quam
2951 3154 3083 3209 levia
3104 3170 3296 3226 segnes
3314 3168 3371 3215 et
3396 3162 3740 3219 somnolenti.

2145 3238 2291 3296 Nihil
2317 3241 2484 3310 enim,
2509 3242 2640 3298 nihil
2662 3244 2843 3315 utique
2862 3247 2932 3301 ita
2956 3246 3114 3304 facile
3142 3259 3223 3305 est
3245 3292 3261 3319 ,
3294 3253 3420 3322 quin
3448 3256 3736 3310 admodum

2146 3349 2308 3404 grave
2336 3343 2392 3391 et
2418 3351 2704 3393 onerosum
2735 3338 2925 3409 ingens
2954 3350 3138 3398 nostra
3163 3345 3423 3415 segnities
3448 3350 3695 3405 ostendat
3719 3367 3735 3406 :

2148 3426 2600 3496 quemadmodum
2648 3429 2780 3486 nihil
2823 3430 2894 3485 ita
2938 3431 3131 3489 durum
3162 3445 3255 3491 aut
3293 3436 3546 3509 difficile,
3593 3442 3737 3511 quod

2148 3532 2256 3573 non
2285 3518 2587 3576 sollicitudo
2615 3530 2669 3577 et
2712 3522 2960 3579 alacritas
3010 3525 3296 3581 admodum
3325 3527 3483 3587 facile
3527 3533 3736 3593 reddat.

2147 3609 2413 3677 Quidnam
2434 3652 2449 3678 ,
2495 3611 2582 3668 die
2627 3613 2757 3668 mihi
2779 3654 2794 3677 ,
2825 3615 3106 3672 molestius
3131 3627 3282 3687 erat,
3310 3635 3467 3691 quam
3498 3624 3736 3692 quotidie

2150 3703 2472 3774 periclitari,
2501 3706 2611 3761 imo
2661 3707 2850 3777 capitis
2902 3710 3196 3779 periculum
3234 3713 3456 3770 subire?
3483 3716 3735 3773 Attamen

2145 3794 2197 3850 id
2239 3794 2357 3851 leve
2393 3798 2607 3853 vocavit
2644 3798 2835 3856 beatus
2873 3799 3070 3857 Paulus
3111 3804 3195 3860 his
3230 3805 3448 3862 verbis:
3472 3804 3543 3861 Id
3574 3809 3733 3876 enim,

2143 3890 2278 3959 quod
2305 3888 2358 3943 in
2384 3891 2627 3960 presenti
2648 3900 2725 3947 est
2749 3903 3152 3950 momentaneum
3172 3906 3219 3952 et
3244 3898 3351 3953 leve
3373 3898 3734 3970 tribulationis,

2138 3996 2298 4050 supra
2346 3980 2554 4036 modum
2580 3981 2634 4037 in
2681 3983 2990 4039 sublimitate
3027 3995 3269 4042 aeternum
3308 3988 3487 4060 gloriae
3534 3993 3733 4061 pondus

2137 4078 2378 4139 operatur
2417 4076 2472 4130 in
2504 4075 2651 4132 nobis
2670 4076 3029 4150 (2.Cor.4.l7.
3050 4076 3165 4149 18).
3206 4077 3339 4134 Nam
3365 4080 3466 4136 etsi
3514 4097 3603 4138 res
3631 4097 3732 4138 na-

2140 4170 2254 4217 tura
2285 4163 2467 4233 gravis
2494 4167 2604 4234 sit,
2634 4181 2733 4237 spe
2758 4177 2937 4226 tamen
2968 4170 3266 4228 futurorum
3287 4172 3424 4231 levis
3450 4174 3684 4234 efﬁcitur
3711 4194 3727 4233 :

2135 4267 2296 4322 quam
2331 4255 2424 4311 ille
2455 4270 2673 4313 causam
2704 4261 2880 4331 posuit
2918 4261 3103 4319 dicens
3131 4281 3146 4319 :
3179 4264 3306 4321 Non
3340 4268 3733 4340 contemplanti-

2132 4342 2230 4419 bus
2256 4344 2401 4399 nobis
2424 4363 2537 4416 aute
2554 4347 2791 4403 uidentur
2809 4391 2826 4416 ,
2856 4351 2948 4405 sed
2973 4368 3088 4423 qua
3111 4370 3213 4409 non
3238 4355 3490 4412 videntur.

2132 4436 2136 4441 ’
2208 4435 2264 4490 6.
2302 4436 2584 4493 Videamus
2612 4456 2732 4509 quae
2754 4452 3053 4513 sequuntur
3079 4462 3095 4500 :
3124 4445 3302 4503 Nolite
3323 4489 3341 4515 ,
3371 4448 3543 4521 inquit
3563 4493 3580 4515 ,
3606 4451 3732 4509 dare

2134 4539 2312 4583 sancta
2335 4530 2542 4586 canibus
2562 4574 2577 4599 ,
2606 4549 2765 4604 neque
2790 4535 3004 4592 mittatis
3051 4541 3360 4611 margaritas
3386 4552 3575 4600 vestras
3612 4557 3731 4601 ante

2135 4639 2315 4691 porcos
2368 4616 2583 4696 (Matth.
2612 4627 2666 4681 7.
2695 4626 2773 4696 6).
2801 4626 2961 4687 Certe
3008 4631 3252 4689 Christus
3303 4633 3441 4691 hanc
3474 4639 3729 4709 praecepti

2136 4731 2287 4770 more
2312 4716 2485 4787 legem
2511 4717 2681 4785 dedit,
2711 4736 2810 4776 nos
2830 4730 3007 4777 autem
3039 4738 3148 4793 pra:
3176 4724 3320 4780 inani
3350 4726 3520 4797 gloria
3549 4738 3603 4784 et
3628 4730 3727 4785 ab-

2134 4807 2295 4863 surda
2339 4808 2634 4866 ambitione
2664 4812 2763 4867 hoc
2791 4811 2916 4868 item
2962 4825 3288 4886 praeceptum
3319 4833 3532 4889 pessum
3570 4821 3727 4878 dedi-

2136 4913 2275 4964 mus,
2302 4899 2430 4955 dum
2457 4912 2798 4973 corruptores
2820 4943 2836 4969 ,
2860 4904 3185 4975 incredulos,
3215 4908 3568 4983 hominesque
3604 4930 3728 4971 sex-

2135 4994 2305 5051 centis
2329 4996 2470 5053 vitiis
2490 5008 2733 5066 onustos,
2768 5009 2968 5059 temere
3000 5013 3053 5060 et
3072 5004 3189 5061 sine
3214 5005 3463 5063 examine
3508 5007 3577 5063 ad
3607 5023 3728 5082 my-

2134 5091 2418 5146 steriorum
2448 5091 2907 5162 participationem
2957 5095 3290 5153 admittimus
3316 5139 3334 5166 ,
3358 5110 3413 5155 et
3437 5109 3727 5172 antequam

2133 5190 2435 5239 accuratam
2488 5186 2685 5241 mentis
2730 5189 3119 5260 sententizeque
3172 5206 3286 5248 sua:
3352 5194 3723 5264 probationem

2135 5273 2416 5338 dederint,
2458 5277 2641 5331 omnia
2682 5276 2787 5333 illis
2829 5278 3076 5351 dogmata
3114 5283 3454 5353 revelamus;
3492 5302 3555 5343 ac
3598 5288 3725 5344 licet

2134 5363 2393 5419 vestibula
2426 5366 2663 5423 nondum
2690 5368 2873 5425 videre
2894 5371 3185 5440 potuerint,
3212 5375 3496 5432 confestim
3539 5393 3635 5433 eos
3669 5381 3721 5435 ἰη

2133 5456 2291 5528 adyta
2329 5456 2597 5515 ducimus.
2632 5460 2763 5527 Qua:
2800 5477 2959 5519 causa
3006 5463 3109 5519 fuit
3159 5474 3217 5521 ut
3261 5468 3476 5538 quidam
3522 5484 3586 5525 ex
3641 5473 3719 5527 sic

2132 5549 2351 5605 initiatis
2374 5549 2481 5605 cito
2500 5553 2799 5610 resilientes
2816 5596 2834 5623 ,
2865 5554 3139 5612 innumera
3162 5559 3299 5613 mala
3336 5564 3717 5632 perpetrarint.

2131 5642 2211 5699 Ac
2240 5657 2344 5698 non
2374 5642 2426 5697 in
2450 5645 2571 5700 aliis
2596 5655 2797 5701 tantum
2826 5687 2843 5713 ,
2867 5648 2962 5704 sed
2993 5650 3047 5705 in
3078 5652 3233 5707 nobis
3259 5653 3386 5724 ipsis
3414 5655 3714 5711 horribilis-

2132 5736 2325 5791 simum
2358 5734 2462 5790 hoc
2491 5749 2813 5811 prmceptum
2852 5740 3205 5812 despicimus,
3235 5749 3447 5818 quando
3494 5748 3709 5803 immor-

2136 5828 2326 5883 talibus
2376 5830 2648 5899 mysteriis
2694 5830 3056 5903 participaturi
3082 5878 3098 5903 ,
3129 5837 3432 5908 impuritate
3459 5851 3513 5895 ct
3540 5841 3710 5912 impu-

2202 6014 2220 6045 ι
2252 6012 2325 6063 sic
2343 6014 2481 6063 Savtl.
2508 6020 2560 6064 et
2580 6014 2711 6064 Colb.
2736 6021 2785 6065 In
2806 6014 2972 6067 Morel.
2996 6016 3156 6082 deest,
3180 6019 3334 6071 ctiam.

3287 6145 3363 6205 93
