4532 6716
844 622 947 674 ωδ

848 734 1027 786 dentta
1058 730 1197 801 pleni
1230 727 1279 783 id
1303 726 1525 797 agiums.
1551 723 1656 778 Nec
1687 721 1773 775 illa
1797 719 1967 773 solum
1998 724 2258 786 praecepta
2282 753 2296 776 ,
2320 711 2415 766 sed

844 823 1002 875 etiam
1028 837 1089 875 ea
1115 836 1233 889 quae
1284 825 1577 885 sequuntur
1600 814 1668 867 ab
1695 811 1941 866 omnibus
1979 806 2166 861 violari
2210 803 2414 856 videas.

846 914 979 968 Cum
1028 911 1169 966 enim
1213 907 1456 962 Christus
1509 904 1703 959 dixerit
1743 918 1757 953 :
1805 899 2143 965 Quacumque
2170 892 2321 945 vultis
2362 899 2419 943 ut

852 1004 1043 1072 faciant
1069 1001 1205 1055 vobis
1242 997 1468 1051 homines
1488 1038 1502 1061 ,
1543 995 1615 1047 ita
1648 994 1662 1024 ⁸
1690 1000 1738 1045 et
1763 1006 1849 1043 vos
1878 989 2028 1057 facite
2054 985 2157 1038 illis
2202 979 2417 1049 (Matth.

851 1095 903 1147 ’1.
938 1094 1027 1159 12)
1052 1107 1066 1154 ;
1098 1103 1195 1142 nos
1222 1087 1399 1141 omnia
1449 1085 1667 1138 facimus
1692 1094 1752 1133 ca
1774 1120 1789 1144 ,
1816 1094 1935 1148 qua:
1980 1072 2087 1146 pati
2130 1072 2378 1126 nolumus
2402 1111 2417 1135 ,

851 1182 1061 1249 acjussi
1090 1194 1184 1248 per
1211 1186 1488 1247 angustam
1530 1181 1732 1241 portam
1762 1171 1961 1223 intrare
1991 1208 2007 1232 ,
2040 1166 2196 1219 latam
2224 1158 2421 1229 ubique

854 1271 1227 1342 perquirimus.
1287 1266 1438 1335 Quod
1482 1277 1640 1333 porro
1684 1259 1967 1314 smculares
2013 1253 2222 1325 quidam
2284 1250 2422 1304 hanc

852 1364 1239 1433 amplectamur
1263 1369 1317 1413 et
1336 1364 1547 1420 ament,
1575 1369 1678 1408 non
1705 1365 1873 1420 usque
1914 1348 2045 1401 adeo
2074 1344 2265 1397 mirum
2292 1350 2374 1395 est
2404 1358 2419 1406 ;

853 1454 991 1524 quod
1022 1462 1196 1506 autem
1236 1450 1334 1502 viri
1359 1446 1449 1516 qui
1477 1459 1597 1500 sese
1638 1439 1963 1497 crucifixisse
1998 1436 2275 1498 videntur,
2304 1447 2422 1486 eam

859 1547 974 1614 plus
1001 1556 1157 1611 quam
1184 1540 1257 1593 illi
1283 1546 1554 1592 sectentur
1576 1576 1590 1599 ,
1634 1534 1735 1587 hoc
1763 1544 1891 1585 sane
1930 1538 2199 1597 stuporem
2240 1527 2425 1594 ingen-

857 1649 963 1690 tem
991 1634 1145 1688 alTert
1171 1674 1187 1698 ,
1220 1632 1329 1685 imo
1358 1630 1529 1699 potius
1557 1626 1819 1692 aanigmati
1847 1621 2033 1675 similis
2069 1633 2155 1672 res
2194 1618 2421 1671 videtur.

859 1725 1146 1783 Monachos
1180 1723 1321 1777 enim
1352 1716 1731 1789 propemodum
1760 1728 1966 1778 omnes,
1994 1712 2037 1764 si
2069 1709 2133 1764 ad
2157 1708 2424 1779 quoddam

858 1815 1205 1873 ministerium
1226 1812 1408 1866 venire
1430 1806 1720 1878 rogaveris,
1744 1803 1860 1858 hare
1882 1803 2059 1858 statim
2085 1810 2139 1855 ct
2164 1800 2215 1853 in
2244 1798 2427 1868 primis

857 1910 1131 1979 loquentes
1156 1904 1383 1967 audias;
1418 1900 1751 1955 sciscitantur
1780 1910 1990 1964 nempe,
2031 1908 2155 1945 num
2182 1891 2248 1944 ibi
2280 1892 2428 1959 quie-

861 2010 972 2055 tem
1019 1995 1256 2051 invenire
1309 1991 1554 2062 possint,
1582 1997 1635 2042 et
1679 2003 1803 2040 num
1852 1984 2091 2052 requiem
2142 1992 2428 2049 procurare

861 2089 1031 2160 possit
1068 2087 1114 2141 is
1141 2086 1230 2154 qui
1273 2082 1497 2136 accersit
1520 2096 1534 2133 :
1559 2093 1621 2131 ac
1661 2077 1802 2129 ultro
1828 2074 2067 2141 citroque
2086 2069 2281 2139 quietis
2327 2082 2426 2121 no-

861 2158 984 2238 men
1010 2180 1272 2250 iactitant.
1300 2173 1437 2241 Quid
1477 2173 1584 2235 ais,
1624 2170 1695 2223 mi
1725 2166 1923 2220 homo?
1959 2164 2011 2217 in
2042 2172 2184 2215 arcta
2211 2160 2293 2212 via
2347 2158 2429 2212 iu-

861 2272 1053 2329 cedcre
1073 2271 1252 2339 jussus
1283 2266 1351 2320 de
1371 2263 1549 2334 quiete
1593 2262 1904 2328 interrogas,
1932 2265 1982 2310 et
2011 2270 2107 2324 per
2152 2261 2426 2322 angustam

860 2372 1066 2435 portam
1095 2363 1289 2415 intrare
1308 2358 1488 2425 jussus
1510 2353 1668 2407 latam
1706 2348 1944 2420 quaeris?
1985 2345 2114 2416 quid
2167 2344 2268 2397 hac
2316 2356 2432 2411 per-

859 2455 1107 2511 versitate
1135 2448 1369 2505 deterius
1393 2447 1416 2499 ?
1439 2444 1517 2500 Ne
1536 2456 1662 2497 vero
1691 2452 1844 2511 putes
1892 2452 1978 2493 me
2004 2436 2120 2491 haec
2163 2435 2427 2489 dicentem

861 2548 993 2603 alios
1032 2542 1421 2605 condemnare,
1474 2551 1587 2590 rem
1656 2548 1742 2587 me
1790 2537 2115 2601 spectantem
2179 2524 2425 2579 narrabo.

935 2633 1315 2705 Chrysostomus
1334 2629 1401 2683 ad
1421 2625 1778 2681 monachorum
1797 2619 2117 2674 tabernacula
2140 2616 2341 2671 secedit.
2359 2642 2431 2655 -—

864 2727 997 2783 Cum
1020 2738 1186 2794 nuper
1212 2735 1311 2791 ego
1335 2717 1712 2777 decrevissem,
1754 2712 1936 2766 relicta
1980 2709 2132 2771 urbe,
2156 2707 2221 2761 ad
2252 2705 2429 2759 taber-

864 2818 1049 2874 nacula
1072 2812 1451 2869 monachorum
1472 2805 1728 2861 accedere
1752 2845 1766 2867 ,
1792 2801 2021 2857 sollicite
2051 2797 2349 2867 qumrcbam
2376 2803 2431 2848 et

866 2907 1171 2965 sciscitabar
1190 2901 1451 2957 undeuam
1481 2895 1900 2953 necessariorum
1928 2896 2257 2944 commeatus
2281 2885 2431 2940 adfu-

869 3008 1018 3054 turus
1061 3003 1203 3051 esset
1227 3032 1244 3060 ,
1273 2999 1328 3045 et
1356 3003 1481 3043 num
1525 2986 1636 3040 ﬁeri
1666 2991 1846 3055 posset
1871 2990 1927 3035 ut
1967 2980 2115 3050 panis
2136 2990 2325 3031 recens
2370 2990 2433 3029 ac

869 3089 1090 3144 diurnus
1135 3082 1537 3143 comederetur;
1567 3093 1631 3131 an
1672 3076 1789 3144 quis
1843 3088 1927 3127 me
1974 3079 2255 3125 coacturus
2294 3075 2436 3122 esset

869 3179 1057 3236 codem
1098 3176 1172 3229 uti
1194 3174 1314 3229 oleo
1341 3184 1437 3240 pro
1463 3169 1678 3222 lucerna
1700 3173 1753 3219 et
1780 3178 1877 3232 pro
1912 3160 2032 3215 cibo
2057 3176 2072 3225 ;
2096 3174 2162 3213 au
2205 3156 2324 3227 quis
2352 3169 2438 3209 me

869 3270 1188 3341 impulsurus
1212 3264 1277 3320 ad
1298 3264 1545 3318 miseram
1592 3257 1915 3328 leguminum
1954 3268 2165 3317 escam;
2195 3266 2261 3306 an
2306 3248 2440 3302 assi-

866 3339 1117 3438 gnaturus
1143 3370 1278 3427 opus
1316 3354 1537 3418 durum,
1573 3358 1631 3404 ut
1664 3358 1746 3403 est
1778 3347 1979 3409 fodere,
2026 3344 2163 3414 ligna
2206 3339 2435 3402 deferre,

870 3432 1061 3530 aquam
1109 3457 1465 3524 comportare,
1493 3453 1548 3505 et
1568 3452 1761 3503 caetera
1789 3439 1966 3495 omnia
2008 3433 2304 3511 lutjusmodi
2336 3432 2439 3484 mi—

873 3527 1093 3606 nisteria
1122 3556 1213 3601 :et
1256 3554 1316 3599 ut
1359 3541 1662 3599 summatim
1691 3538 1862 3594 dicam
1891 3577 1908 3603 ,
1955 3534 2118 3589 multa
2149 3531 2215 3586 de
2264 3527 2441 3599 quiete

874 3638 1113 3709 corporis
1142 3634 1515 3706 percontabar.
1544 3632 1615 3687 At
1640 3630 1675 3684 ii
1720 3629 1809 3699 qui
1838 3626 1923 3682 vel
1954 3623 2250 3694 principum
2282 3618 2440 3673 mini-

876 3730 1037 3786 steria
1062 3769 1077 3795 ,
1100 3728 1181 3782 vel
1208 3726 1536 3795 publicorum
1566 3720 1896 3790 negotiorum
1925 3710 2439 3769 administrationem

876 3821 1205 3889 suscipiunt,
1244 3814 1374 3869 nihil
1421 3812 1611 3868 horum
1639 3809 2008 3871 sciscitantur,
2049 3803 2144 3858 sed
2195 3800 2366 3855 solum
2396 3798 2441 3853 si

879 3926 967 3966 res
994 3887 1142 3963 lucro
1172 3906 1345 3961 futura
1373 3905 1468 3968 sit,
1500 3904 1669 3964 lucro,
1696 3900 1929 3967 inquam,
1959 3892 2238 3964 temporali
2265 3887 2441 3960 :quod

877 4005 924 4058 si
975 4001 1077 4056 hoc
1114 4012 1329 4068 sperare
1352 3996 1561 4050 valeant
1582 4032 1598 4057 ,
1630 4006 1735 4045 non
1779 3989 1987 4043 labores
2008 4028 2021 4053 ,
2044 4002 2147 4041 non
2168 3982 2403 4054 pericula
2424 4022 2439 4046 ,

880 4110 987 4150 non
1013 4092 1382 4165 ignominiam,
1414 4102 1520 4141 non
1564 4084 1776 4139 servilia
1816 4079 2140 4144 ministeria,
2180 4090 2283 4130 non
2326 4089 2446 4143 per-

885 4186 1240 4258 egrinationes
1275 4182 1490 4249 longas,
1517 4191 1622 4230 non
1663 4174 1963 4229 diuturnam
1989 4170 2045 4223 in
2085 4168 2185 4221 alia
2230 4165 2446 4233 regione

888 4273 1355 4331 commorationem
1384 4309 1401 4335 ,
1428 4280 1533 4320 non
1580 4261 1929 4319 contumelias
1951 4299 1966 4323 ,
1995 4273 2101 4310 non
2144 4255 2441 4314 cruciatus,

889 4382 995 4422 non
1019 4373 1311 4432 temporum
1338 4357 1683 4412 mutationem
1702 4394 1716 4419 ,
1744 4367 1848 4405 non
1870 4347 2163 4419 periculum
2182 4359 2209 4396 a
2237 4350 2450 4411 sperato

887 4458 994 4514 fine
1019 4451 1298 4510 aberrandi
1322 4492 1338 4516 ,
1365 4465 1471 4503 non
1496 4452 1864 4517 prtematuram
1907 4446 2129 4492 mortem
2156 4477 2171 4502 ,
2199 4449 2304 4488 non
2360 4447 2448 4486 se-

888 4550 1211 4623 parationem
1248 4560 1280 4598 a
1325 4538 1663 4602 domesticis,
1709 4548 1813 4588 non
1844 4532 2024 4585 uxoris
2080 4537 2131 4583 et
2166 4528 2449 4579 liberorum

891 4613 1249 4700 solitudinem,
1277 4650 1381 4688 non
1408 4632 1564 4684 aliam
1587 4624 1887 4697 quampiam
1914 4620 2283 4675 difficultatem
2310 4613 2451 4682 cogi-

896 4741 1006 4786 tant
1031 4746 1045 4794 ;
1086 4727 1179 4782 sed
1207 4722 1548 4794 pecuniarum
1570 4715 1835 4785 cupidine,
1866 4726 1964 4765 ceu
1989 4717 2226 4763 amentes
2254 4703 2449 4767 effecti,

893 4822 1068 4876 omnia
1096 4818 1323 4872 subeunt
1361 4810 1493 4865 mala
1518 4850 1535 4874 ,
1566 4821 1683 4876 quae
1717 4805 1782 4858 ad
1812 4803 1948 4856 hanc
1998 4801 2293 4855 conducere
2330 4811 2453 4865 pos-

893 4915 1016 4967 sint.
1044 4909 1152 4964 Nos
1185 4915 1358 4959 autem
1390 4900 1580 4971 quibus
1614 4911 1722 4951 non
1749 4892 1987 4965 pecunia:
2015 4931 2030 4953 ,
2062 4904 2234 4957 neque
2277 4896 2413 4940 terra
2436 4925 2450 4950 ,

896 5002 991 5057 sed
1038 4998 1222 5052 cadum
1260 4992 1570 5063 proponitur
1607 4996 1660 5042 ct
1698 4984 1929 5040 caelestia
1978 4980 2115 5034 bona
2142 5019 2156 5042 ,
2210 4991 2326 5044 quae
2359 4989 2457 5027 nec

895 5092 1082 5147 oculus
1106 5087 1275 5150 vidit,
1318 5097 1418 5137 nec
1445 5080 1586 5133 auris
1627 5077 1825 5132 audivit
1850 5116 1864 5139 ,
1888 5086 1986 5126 nec
2013 5070 2065 5123 in
2109 5082 2203 5122 cor
2231 5064 2459 5119 hominis

904 5181 1284 5245 ascenderunt,
1312 5174 1378 5229 de
1407 5173 1581 5242 quiete
1609 5168 1939 5223 sciscitamur
1968 5180 1981 5215 :
2013 5175 2181 5230 usque
2212 5156 2344 5211 adeo
2372 5168 2460 5207 su-

902 5290 1021 5329 mus
1064 5272 1165 5325 illis
1192 5263 1605 5322 miserabiliores
1642 5267 1696 5313 et
1723 5255 2011 5310 molliores.
2040 5249 2177 5319 Quid
2222 5248 2300 5301 ais
2327 5288 2341 5313 ,
2387 5244 2459 5297 mi

904 5368 1068 5421 homo
1078 5362 1125 5414 "2
1146 5361 1197 5413 iu
1211 5358 1466 5412 cmlumne
1484 5349 1791 5413 mittendus,
1807 5347 1878 5400 ibi
1895 5359 2111 5413 regnum
2127 5349 2458 5406 accepturus,

908 5450 1240 5525 percontaris
1264 5462 1330 5501 an
1361 5442 1485 5513 quid
1515 5443 1584 5495 sit
1610 5438 1832 5491 arduum
1871 5435 1927 5487 in
1965 5433 2045 5484 via
2081 5439 2135 5483 et
2156 5428 2461 5498 peregrina-

905 5517 1049 5600 iioue
1076 5536 1377 5612 bujusmodi
1398 5576 1411 5600 ,
1435 5542 1490 5589 et
1522 5545 1630 5587 non
1681 5538 1735 5582 te
1780 5524 1980 5595 pudet,
2010 5536 2114 5573 non
2152 5517 2418 5572 erubescis
2445 5555 2462 5580 ,

906 5652 1005 5692 nec
1033 5645 1086 5690 te
1108 5605 1205 5688 sub
1232 5642 1425 5686 terram
1446 5620 1696 5681 defodis?
1725 5614 1943 5673 Etiamsi
1968 5612 2143 5666 omnia
2174 5651 2189 5675 ,
2225 5622 2342 5676 quae
2366 5605 2463 5657 ho-

906 5725 1140 5785 minibus
1184 5722 1488 5788 contingere
1514 5720 1775 5788 possunt,
1816 5709 1951 5763 mala
2004 5707 2318 5762 occurrant,
2355 5697 2467 5749 sive

909 5816 1171 5881 convicia,
1210 5815 1320 5870 sive
1344 5807 1678 5865 contumelia:
1702 5848 1718 5873 ,
1744 5804 1857 5857 sive
1898 5796 2200 5871 ignominiae
2224 5800 2279 5847 et
2312 5802 2466 5860 sycoo

976 5955 993 5986 ⁸
1028 5951 1159 6002 Colb.
1184 5949 1354 5999 omittit
1376 5945 1458 6002 ita,
1485 5940 1686 5996 etiulra,
1709 5951 1810 5987 nos.

974 6016 997 6048 ⁸
1029 6020 1077 6063 lu
1095 6013 1223 6062 (LOH).
1252 6012 1419 6063 deest,
1444 6006 1506 6055 mi
1529 6003 1680 6052 homo.

1528 610 1601 665 .S.
1642 606 1917 664 10A};le
1953 593 2425 658 CllllYSOSTOMl
2466 592 2779 649 ARCIIIEP.
2821 590 3350 648 CONSTANTINOP.

3984 594 4094 652 4οι

2525 708 2797 781 phantite;
2831 723 2923 764 seu
2966 708 3203 779 gladius,
3232 706 3387 776 ignis,
3440 704 3634 760 fcrrum
3655 748 3670 771 ,
3704 707 3846 773 fera),
3876 710 4095 764 demer—

2523 803 2735 864 sioues;
2768 798 2881 852 sive
2913 798 3100 863 fames,
3133 798 3348 852 morbus
3376 804 3430 849 et
3477 795 3655 848 omnia
3688 813 3804 865 quae
3837 799 3904 852 ab
3943 801 4095 853 iniliu

2527 893 2580 948 in
2610 894 2707 946 hac
2734 892 2841 944 vita
2863 888 3484 961 continguntacerbiora,
3517 900 3713 948 annon.
3749 902 3948 956 quzcso,
3978 891 4098 945 lucc

2527 982 2772 1039 irridebis
2797 990 2851 1035 et
2870 980 3171 1050 despicies?
3195 997 3262 1036 an
3295 982 3362 1035 de
3405 978 3509 1034 illis
3532 977 3613 1031 vel
3641 978 3912 1031 minimum
3948 984 4099 1051 cogi-

2525 1073 2698 1129 tabis?
2734 1070 2933 1139 Ecquid
2984 1070 3286 1140 lmjusmodi
3312 1071 3489 1124 animo
3532 1067 3774 1123 stolidius
3797 1107 3813 1132 ,
3847 1069 3969 1136 quid
4012 1072 4097 1121 vi-

2530 1167 2651 1228 lius,
2677 1162 2800 1233 quid
2829 1162 3112 1217 miserius?
3134 1163 3432 1219 Caelestium
3458 1159 3723 1215 desiderio
3748 1167 3960 1227 captum
3985 1176 4096 1212 non

2526 1257 2645 1310 dico
2693 1262 2893 1307 tantum
2942 1253 3172 1321 quietem
3217 1267 3458 1322 quzerere
3504 1266 3607 1305 non
3634 1250 3865 1315 debere,
3897 1249 3989 1302 sed
4028 1266 4097 1302 ne

2526 1348 2641 1417 ejus
2668 1343 2878 1414 quidem
2908 1347 3181 1410 prmsentis
3212 1343 3403 1396 affectu
3442 1342 3664 1397 moveri.
3696 1340 3969 1409 Quomodo
3999 1340 4096 1393 ab.

2527 1437 2741 1490 surdum
2772 1448 2875 1487 non
2905 1432 3065 1488 fuerit
3099 1449 3192 1489 eos
3212 1474 3227 1500 ,
3268 1432 3357 1501 qui
3384 1432 3575 1500 ineptis
3622 1432 3884 1486 amoribus
3910 1441 4095 1486 tenen-

2532 1540 2635 1592 tur,
2663 1525 2851 1580 amatis
2873 1524 2942 1577 ita
2970 1540 3028 1579 se
3055 1533 3196 1580 totos
3215 1523 3409 1579 dedere
3429 1562 3444 1588 ,
3470 1531 3529 1575 ut
3550 1534 3742 1590 prreter
3769 1538 3858 1576 eos
3884 1538 4097 1577 comm-

2529 1634 2634 1688 que
2665 1616 2989 1672 consortium
3033 1616 3163 1669 nihil
3207 1628 3390 1669 eorum
3434 1628 3551 1681 qua:
3586 1611 3639 1664 in
3691 1611 3787 1665 hac
3820 1614 3922 1666 vita
3968 1622 4097 1667 sunt

2534 1710 2677 1777 (sunt
2702 1716 2875 1760 autem
2903 1704 3037 1757 bene
3059 1703 3277 1776 multa),
3307 1703 3460 1758 dulce
3496 1700 3803 1755 existiment
3830 1719 3843 1754 :
3871 1718 3967 1756 nos
3996 1719 4096 1755 au-

2530 1809 2658 1863 tem,
2690 1798 2778 1869 qui
2804 1812 2910 1851 non
2946 1796 3125 1864 inepto
3153 1795 3381 1867 quodam
3406 1833 3423 1860 ,
3452 1792 3545 1847 sed
3574 1791 3807 1844 omnium
3844 1806 4097 1859 supremo

2531 1906 2713 1946 amore
2738 1899 2976 1944 tenemur
2999 1929 3013 1952 ,
3047 1904 3152 1943 non
3196 1889 3366 1942 solum
3396 1891 3708 1956 praesentem
3740 1882 3964 1952 quietem
3987 1901 4095 1940 non

2530 1986 2821 2056 despicere,
2850 1983 2943 2038 sed
2973 1984 3133 2039 etiam
3156 1986 3429 2040 absentem
3457 1980 3760 2054 requirere?

2602 2081 2653 2133 7.
2683 2077 2902 2133 Carlestis
2931 2076 3164 2131 desiderii
3187 2078 3260 2131 vis
3287 2078 3479 2147 ingens.
3515 2104 3588 2116 -~-
3626 2072 3811 2127 Nullus
3838 2071 4095 2147 hactenus

2530 2168 2834 2232 carissime,
2882 2168 2951 2219 ita
2993 2167 3281 2221 caelestium
3308 2164 3568 2220 desiderio
3596 2172 3868 2230 correptus
3894 2173 3968 2214 ρετ
3988 2139 4099 2225 ,ἰιι

2530 2256 2721 2325 corripi
2752 2271 2846 2325 par
2872 2265 2987 2310 erat
3011 2274 3025 2310 :
3052 2256 3285 2326 alioquin
3308 2269 3424 2323 qua:
3450 2252 3627 2322 gravia
3655 2252 3896 2305 videntur
3916 2267 4035 2306 esse
4055 2254 4096 2313 ί,

2529 2347 2769 2401 umbram
2795 2346 3085 2415 iudicasset
3117 2356 3172 2401 et
3208 2345 3501 2399 irrisionem
3535 2356 3797 2410 magnam.
3829 2340 3968 2396 Sane
4005 2343 4098 2409 qui

2529 2438 2810 2508 prtescntia
2844 2437 3099 2505 suspicit,
3134 2448 3414 2504 numquam
3444 2431 3737 2485 futurorum
3768 2432 4098 2499 contempla-

2532 2530 2674 2584 tione
2693 2528 3023 2599 dignabitur:
3053 2527 3140 2598 qui
3166 2534 3339 2580 autem
3368 2524 3449 2577 illa
3472 2522 3713 2591 despicit,
3738 2531 3791 2576 et
3810 2523 3984 2576 omnia
4016 2523 4099 2574 ni-

2530 2619 2641 2674 hilo
2665 2620 2883 2674 meliora
2904 2633 3043 2685 csse,
3074 2632 3228 2687 quam
3257 2614 3469 2670 umbras
3492 2622 3547 2667 et
3576 2611 3779 2667 somnia
3806 2611 4092 2674 existimat,

2531 2711 2637 2764 cito
2677 2725 2865 2779 magna
2896 2709 2982 2763 illa
3020 2716 3075 2762 et
3123 2704 3411 2776 spiritualia
3459 2710 3788 2772 asscquetur.
3847 2702 3912 2754 lis
3952 2701 4098 2755 enim

2532 2801 2724 2871 quibus
2748 2800 2939 2854 bonum
2968 2797 3101 2851 istud
3127 2812 3248 2851 vere
3273 2794 3538 2865 obtigerit,
3570 2802 3768 2846 tantam
3806 2792 3908 2845 vim
3942 2790 4099 2845 exhi-

2533 2893 2694 2957 bebit,
2725 2900 2974 2960 quantam
3002 2889 3135 2959 ignis
3162 2889 3212 2941 in
3241 2887 3407 2956 spinis
3439 2904 3451 2938 :
3479 2885 3581 2940 etsi
3608 2884 3895 2938 innumeris
3926 2882 4102 2934 homi-

2534 2998 2655 3035 nem
2688 2981 2945 3035 invenerit
2974 2977 3311 3048 prarfocatum
3342 2976 3527 3041 malis,
3558 2975 3735 3027 multis
3759 2981 4097 3042 peecatormn

2538 3071 2788 3127 funiculis
2816 3070 3122 3122 obstrictum
3145 3108 3159 3132 ,
3189 3066 3533 3135 cupiditatum
3564 3064 3771 3118 flamma
3800 3063 4098 3127 incensum,

2538 3178 2729 3233 magno
2775 3161 3103 3217 smcularium
3145 3158 3476 3227 negotiorum
3524 3155 3750 3210 tumultu
3800 3153 4099 3215 obsessum,

2540 3254 2715 3307 omnia
2765 3252 2851 3305 illa
2898 3266 2993 3305 ceu
3042 3248 3269 3318 quodam
3314 3246 3523 3315 ﬂagello
3568 3245 3743 3299 statim
3788 3242 4002 3311 expulsa
4035 3243 4104 3294 ab

2540 3348 2713 3401 anima
2743 3344 2923 3414 procul
2949 3342 3129 3411 abigit.
3175 3343 3251 3395 Ac
3285 3337 3724 3411 quemadmodum
3752 3344 3929 3390 contra
3957 3334 4105 3386 venti

2489 3462 2501 3479 ι
2543 3439 2752 3497 violenti
2800 3437 3048 3511 impetum
3091 3434 3260 3509 pulvis
3301 3433 3518 3505 exiguus
3544 3443 3825 3502 numquam
3856 3426 4101 3480 steterit:

2542 3536 2617 3590 sic
2660 3533 3005 3588 ahsurdarum
3050 3527 3592 3597 concupiscentiarum
3633 3520 3911 3576 multitudo
3951 3534 4107 3571 com-

2542 3623 2837 3694 punctionis
2866 3623 3194 3691 ingruentem
3221 3618 3326 3671 vim
3355 3615 3491 3669 ferre
3518 3627 3620 3666 non
3649 3611 3873 3681 poterit,
3918 3608 4009 3661 sed
4036 3606 4107 3659 de

2543 3714 2717 3769 medio
2747 3713 2957 3767 tolletur
2985 3725 3047 3765 ac
3076 3710 3405 3777 dispergetur
3438 3703 3592 3758 citius
3637 3718 3799 3772 quam
3852 3699 4024 3768 pulvis
4053 3706 4109 3751 et

2545 3805 2742 3859 fumus.
2770 3802 2923 3869 Quod
2954 3801 2996 3854 si
3036 3811 3316 3865 corporum
3348 3809 3495 3847 amor
3524 3808 3689 3861 usque
3715 3791 3849 3843 adeo
3875 3790 4108 3842 animam

2544 3895 2597 3949 in
2634 3894 2942 3949 servitutem
2969 3888 3179 3957 redigit,
3206 3895 3265 3940 ut
3299 3885 3364 3939 ab
3392 3885 3634 3938 omnibus
3660 3897 3773 3937 eam
3804 3881 3989 3933 avellat
4008 3920 4024 3941 ,
4058 3888 4113 3930 et

2547 3984 2712 4037 solius
2741 3981 2926 4033 amica:
2957 3975 3219 4047 tyrannidi
3265 3975 3555 4042 obstringat
3582 4014 3596 4037 ,
3647 3970 3770 4035 quid
3820 3985 3923 4021 non
3954 3966 4113 4019 faciat

2544 4073 2743 4129 Christi
2772 4086 2940 4133 amor,
2963 4078 3017 4123 et
3051 4068 3189 4122 illius
3219 4065 3485 4119 amittendi
3515 4064 3725 4117 metus?
3755 4057 4113 4125 Quemadmo-

2549 4164 2673 4219 dum
2695 4161 2835 4217 enim
2865 4158 3075 4213 difﬁcile
3100 4166 3179 4212 est
3205 4198 3220 4223 ,
3251 4157 3355 4210 imo
3383 4155 3492 4208 fieri
3523 4153 3725 4222 nequit,
3748 4159 3804 4201 ut
3827 4162 3975 4215 aqum
4003 4148 4109 4197 mi-

2551 4260 2760 4309 sceatur
2785 4250 2918 4318 ignis
2951 4267 2963 4300 :
2996 4250 3064 4301 ita
3104 4262 3201 4300 uec
3226 4247 3544 4315 voluptatem
3572 4252 3627 4296 et
3654 4237 4114 4305 compunctiouem

2552 4344 2708 4398 simul
2751 4357 2938 4409 cogere
2981 4354 3295 4410 possumus;
3345 4351 3462 4389 nam
3510 4334 3625 4385 haec
3666 4327 3924 4382 contraria
3966 4336 4115 4388 sunt,

2554 4449 2715 4504 seque
2750 4442 2930 4487 mutuo
2968 4432 3265 4484 destruunt.
3320 4424 3525 4479 Etenim
3566 4421 3680 4473 hmo
3703 4416 3912 4487 quidem
3942 4415 4121 4485 laery-

2554 4540 2757 4578 marum
2786 4532 2839 4577 et
2881 4518 3239 4589 temperantia:
3270 4522 3437 4567 mater
3464 4521 3545 4564 est
3569 4550 3585 4574 ,
3627 4508 3715 4561 illa
3752 4522 3877 4560 vero
3901 4507 4036 4559 risus
4064 4514 4123 4558 et

2555 4618 2770 4670 insania:
2801 4632 2813 4666 :
2844 4614 2958 4665 lucc
2996 4614 3168 4664 levem
3196 4617 3249 4661 et
3272 4606 3368 4657 alis
3394 4607 3701 4656 instructam
3728 4600 3953 4653 animam
3984 4598 4115 4650 red-

2555 4707 2651 4768 dit,
2676 4707 2762 4758 illa
2791 4704 3004 4773 plumbo
3030 4699 3324 4768 graviorem
3352 4693 3643 4748 constituit.
3675 4692 3741 4745 Et
3762 4692 3861 4744 hoc
3885 4706 3986 4743 non
4013 4704 4117 4757 ego

2556 4795 2734 4847 verbis
2762 4790 2894 4844 meis
2920 4830 2935 4853 ,
2986 4786 3079 4841 sed
3110 4786 3223 4854 ejus
3247 4784 3335 4853 qui
3365 4784 3615 4852 praeclara
3646 4780 3943 4849 huiusmodi
3966 4780 4118 4844 cupi-

2558 4884 2722 4938 ditate
2750 4880 3048 4941 tenebatur,
3072 4875 3433 4929 demonstrare
3461 4873 3691 4927 teutabo.
3720 4872 3847 4937 Quis
3882 4869 3969 4923 ille
3993 4878 4075 4919 est
4096 4868 4121 4919 ?

2562 4975 2679 5043 Ipse
2703 4983 2885 5025 amore
2910 4966 3102 5021 Christi
3131 4964 3374 5017 incensus
3401 4963 3592 5016 Paulus
3616 5003 3630 5026 ,
3659 4963 3745 5031 qui
3771 4960 3884 5027 ejus
3910 4955 4125 5009 deside-

2564 5066 2645 5118 rio
2676 5076 2841 5130 usque
2887 5057 3020 5110 adeo
3070 5055 3377 5108 vulneratus
3421 5062 3570 5118 erat,
3618 5063 3675 5105 ιιι
3710 5051 3777 5104 de
3802 5062 3946 5099 mora
3976 5056 4027 5099 et
4059 5045 4128 5098 de

2564 5148 3000 5223 peregrinationis
3024 5145 3179 5213 hujus
3203 5143 3543 5197 diuturnitate
3568 5138 3964 5208 iugemisceret:
3988 5132 4129 5184 Nam

2564 5246 2649 5311 qui
2683 5256 2891 5303 sumus,
2939 5236 3137 5307 inquit,
3180 5236 3232 5288 in
3262 5235 3580 5288 tabernaculo
3623 5231 3716 5281 hoc
3762 5224 4131 5294 ingemiscinms

2571 5335 2645 5405 (2.
2674 5331 2789 5387 Cor.
2821 5328 2948 5393 5.4)
2982 5325 3352 5381 :desiderabat
3377 5332 3553 5375 tamen
3599 5326 3654 5371 et
3690 5313 3925 5376 volebat,
3957 5311 4134 5364 adhuc

2572 5425 2656 5476 hic
2697 5434 2914 5474 manere
2956 5426 3169 5485 prOpter
3207 5414 3473 5470 Christum
3508 5427 3519 5461 :
3552 5407 3851 5460 Permanere
3874 5442 3887 5465 ,
3938 5401 4131 5469 inquit,

2571 5528 2649 5564 me
2667 5512 2720 5562 in
2757 5522 2906 5560 carne
2930 5507 3255 5559 necessarium
3283 5509 3486 5573 propter
3513 5512 3598 5548 vos
3625 5493 3881 5564 (Philipp.
3913 5492 3964 5545 1.
3991 5490 4088 5559 24)
4117 5504 4133 5553 ;

2573 5602 2624 5655 id
2650 5610 2766 5665 est,
2797 5606 2855 5651 ut
2895 5597 3023 5652 fides
3058 5598 3111 5651 in
3142 5595 3411 5652 Christum
3441 5591 3739 5653 augeretur.
3786 5581 3907 5636 Ideo
3940 5580 4140 5634 famem

2638 5735 2655 5766 ι
2679 5729 2830 5789 colu.
2849 5738 2973 5793 post.
2992 5727 3157 5793 gravia
3180 5712 3915 5793 edentnreseo‘eetatekce
3930 5714 4144 5793 ίυείίτςηῑ

2573 5801 2643 5845 set
2665 5774 3336 5851 ειῖἧῖςῖὦῆιῖιιΰὴιᾙρἡηιηες
3358 5780 3559 5851 Ιιοειηοη
3930 5774 4017 5825 sed
4038 5774 4144 5833 ejus

2575 5838 2654 5917 2;in
2667 5838 3127 5917 Sligh'é'iitafa’r'or'é
3150 5842 3417 5917 tenebatur,
3430 5840 3755 5917 demonstrare
3777 5838 3974 5917 teutabo.
3997 5843 4147 5917 tuter-

2576 5900 3058 5967 niediagi'eroiomhia,
3079 5918 3186 5967 qua:
3202 5902 3440 5967 dimidiam
3454 5900 3684 5967 columnae
3699 5901 4146 5967 partcmoccupant,

2586 5959 2771 6040 milia
2784 5959 2942 6037 usque
2962 5971 3022 6018 ad
3045 5959 3209 6023 'vc'rba,
3230 5962 3339 6024 Quis
3361 5960 3441 6012 ille
3462 5962 3570 6013 est?
3591 5959 3769 6011 ibidem
3789 5959 4144 6009 desiderantur.
