4532 6702
503 523 606 578 Ιθδ

502 650 558 695 et
583 641 723 694 sitim
750 650 803 695 et
826 637 1111 693 nuditatem
1138 644 1190 691 et
1214 631 1418 684 vincula
1447 637 1498 681 et
1525 637 1726 682 mortes
1741 635 1794 680 et
1814 634 2074 678 transuta.

503 736 620 790 rina
661 736 845 790 itinera
875 744 928 788 et
972 725 1239 796 naufragia
1268 733 1322 779 et
1361 722 1462 776 alia
1501 720 1676 775 omnia
1718 733 1837 788 quae
1885 727 2076 769 recen-

505 825 607 880 suit
661 824 990 884 sustinebat,
1049 832 1111 870 ae
1155 829 1261 867 non
1309 811 1479 865 solum
1535 811 1648 864 hzec
1701 823 1806 863 non
1852 802 2078 858 moleste

507 917 753 978 ferebat,
805 911 897 967 sed
946 909 1103 961 etiam
1142 901 1403 972 gaudebat
1438 917 1452 955 :
1484 915 1642 954 causa
1674 906 1852 952 autem
1889 894 2073 947 horum

505 1019 620 1064 erat
645 1010 660 1039 ⁸
686 1020 836 1060 amor
879 998 1074 1056 Christi
1120 1013 1134 1050 :
1182 1010 1345 1065 quare
1372 993 1580 1048 dicebat
1608 1010 1621 1045 :
1651 990 1675 1044 l
1686 1008 1716 1042 ιι
1745 988 1822 1041 Itis
1849 986 2076 1040 omnibus

505 1112 800 1169 superamus
827 1099 1029 1161 prapter
1065 1103 1179 1142 eum
1213 1088 1300 1157 qui
1340 1084 1516 1140 dilexit
1555 1099 1644 1136 nos
1677 1079 1848 1150 (Rom.
1879 1077 1932 1130 8.
1963 1075 2074 1147 57).

509 1191 616 1243 Nec
664 1186 782 1239 ideo
821 1180 1030 1234 mireris
1060 1197 1074 1233 :
1103 1194 1223 1233 nam
1263 1179 1306 1233 si
1346 1193 1496 1232 amor
1540 1173 1812 1228 hominum
1853 1179 2076 1223 mortem

509 1292 654 1345 smpe
702 1273 957 1326 audacter
1004 1271 1154 1326 adire
1194 1269 1355 1336 fecit,
1407 1265 1534 1337 quid
1580 1277 1684 1315 non
1732 1260 1886 1314 faciat
1927 1275 2079 1312 amor

507 1365 745 1419 Christi?
785 1378 944 1433 qnam
974 1361 1335 1415 difﬁcultatem
1387 1372 1490 1410 non
1540 1354 1708 1406 levem
1756 1349 1946 1404 faciet?
1993 1349 2080 1402 Sic

510 1456 685 1508 omnia
716 1455 791 1507 illi
824 1454 1117 1507 tolerabilia
1163 1457 1350 1508 erant,
1405 1443 1544 1513 quod
1589 1441 1655 1495 ad
1700 1441 1950 1494 dilectum
1995 1455 2080 1492 so-

513 1544 783 1598 lummodo
832 1544 1157 1612 respiceret,
1204 1547 1258 1592 et
1298 1534 1438 1604 quod
1483 1540 1696 1601 propter
1724 1531 1870 1584 illum
1903 1528 2080 1583 omnia

513 1636 658 1704 pati,
703 1635 844 1687 omni
889 1635 1154 1702 voluptate
1191 1639 1244 1682 et
1285 1625 1487 1679 deliciis
1518 1622 1687 1689 majus
1727 1621 2077 1683 existimaret,

510 1727 649 1796 quod
677 1741 803 1780 sane
831 1739 1014 1779 verum
1057 1731 1157 1776 est.
1207 1717 1320 1772 Non
1368 1715 1508 1769 enim
1557 1712 1912 1766 arbitrabatur
1939 1725 1997 1763 se
2028 1709 2080 1761 in

513 1827 653 1872 terra
680 1832 818 1881 esse,
852 1816 931 1868 vel
974 1815 1025 1867 in
1058 1809 1302 1880 prmsenti
1329 1809 1433 1859 vita
1458 1805 1651 1874 degere
1676 1845 1688 1860 .
1719 1803 1800 1857 vel
1832 1816 1950 1855 cum
1981 1800 2079 1853 ho-

513 1907 742 1960 minibus
771 1901 1103 1963 conversari;
1148 1896 1242 1951 sed
1281 1910 1343 1948 ac
1383 1896 1426 1948 si
1453 1894 1562 1963 jam
1588 1894 1853 1947 cmlestem
1880 1901 2079 1944 sortem

511 1998 794 2060 obtineret,
823 2009 886 2048 ac
913 2008 1033 2047 cum
1063 1988 1268 2057 angelis
1297 1985 1532 2054 degeret,
1566 1999 1782 2052 regnum
1815 1981 2082 2049 acciperet

512 2098 567 2141 et
603 2087 732 2140 facie
773 2084 840 2138 ad
888 2083 1074 2136 faciem
1121 2079 1213 2132 illo
1257 2077 1562 2129 frueretur:
1597 2076 1673 2128 sic
1717 2083 1770 2127 et
1814 2072 1986 2125 dulcia
2025 2079 2081 2125 et

514 2175 681 2228 tristia
701 2216 714 2238 ,
764 2189 882 2243 qua:
911 2173 961 2225 in
993 2169 1092 2223 hoc
1118 2166 1315 2220 mundo
1337 2175 1459 2218 sunt
1484 2205 1497 2226 ,
1531 2163 1936 2227 contemnebat,
1967 2161 2084 2213 nul-

514 2267 722 2334 Iamque
751 2262 948 2331 requiei
973 2259 1114 2314 illius
1135 2299 1150 2321 ,
1183 2271 1338 2325 quam
1382 2254 1592 2307 assidue
1619 2252 1963 2321 inquirimus,
1995 2265 2083 2302 ra-

517 2358 711 2408 tionem
743 2353 1000 2417 habebat;
1031 2350 1123 2404 sed
1145 2347 1406 2403 clamabat
1430 2347 1614 2400 dicens
1643 2363 1655 2396 :
1689 2343 1857 2410 Usque
1877 2344 1928 2396 in
1957 2343 2086 2394 hanc

514 2447 690 2498 lteram
711 2454 758 2496 et
777 2444 1022 2497 esurimus
1046 2483 1060 2506 ,
1089 2450 1135 2493 et
1160 2439 1353 2492 sitimus
1376 2479 1392 2502 ,
1423 2446 1468 2490 et
1497 2436 1618 2488 undi
1641 2450 1814 2488 sumus
1835 2474 1850 2497 ,
1879 2444 1924 2487 et
1949 2433 2089 2485 cola-

517 2538 629 2607 phis
645 2536 901 2597 cwdimur,
925 2544 970 2588 et
999 2531 1252 2586 instabiles
1277 2545 1469 2593 sumus,
1501 2538 1546 2581 et
1571 2527 1853 2580 laboramus
1874 2541 2089 2593 operan-

515 2639 586 2680 tes
629 2626 855 2679 manibus
884 2625 1066 2678 nostris
1096 2638 1114 2674 :
1140 2621 1487 2675 maledicimur
1507 2630 1552 2672 et
1581 2617 1912 2671 benedicimus
1931 2658 1946 2679 ,
1973 2632 2090 2685 per-

515 2718 852 2786 scquutionem
894 2715 1114 2782 patimur
1141 2721 1187 2766 et
1217 2711 1551 2772 sustinemus,
1597 2709 2000 2776 blasphemamur
2041 2714 2086 2758 et

516 2811 829 2862 obsecramus
857 2821 875 2858 :
902 2815 1154 2873 tamquam
1194 2810 1520 2872 purgamenta
1547 2799 1721 2852 mundi
1746 2798 1866 2866 facti
1891 2813 2083 2861 sumus,

517 2899 736 2952 omnium
778 2897 1054 2966 prripsenta
1111 2913 1272 2966 usque
1316 2893 1488 2946 adhuc
1531 2891 1605 2958 (l.
1634 2889 1750 2942 Cor.
1784 2889 1837 2941 4.
1875 2888 2083 2955 11-15).

518 2989 648 3042 Cum
689 2987 830 3040 enim
869 2983 1034 3038 semel
1080 2983 1263 3037 oculos
1306 2981 1498 3033 anima:
1547 2980 1601 3032 in
1639 2978 1824 3032 cailum
1860 2991 2089 3031 conver-

519 3079 704 3138 lissct,
749 3083 802 3128 et
843 3073 1134 3127 cmlestium
1180 3069 1571 3139 pulchritudine
1620 3078 1806 3136 captus
1831 3075 2005 3130 esset,
2035 3066 2086 3118 in

519 3177 713 3221 terram
765 3165 958 3218 reverti
1017 3179 1122 3216 non
1170 3161 1493 3224 sustinebat;
1549 3160 1641 3214 sed
1702 3160 1843 3213 velut
1891 3174 2092 3228 pauper

515 3257 727 3327 quidam
745 3264 799 3309 et
828 3256 1000 3322 inops,
1033 3254 1086 3306 in
1116 3253 1341 3306 obscura
1364 3261 1416 3305 et
1437 3253 1523 3305 vili
1549 3252 1861 3306 domuncula
1881 3266 2092 3319 semper

519 3346 752 3400 i..clusus
777 3385 791 3410 ,
834 3344 879 3396 si
928 3357 1105 3411 regem
1147 3342 1323 3395 videat
1360 3357 1490 3394 auro
1510 3341 1684 3394 multo
1708 3351 1760 3394 et
1788 3341 2089 3408 lapillorum

515 3440 799 3508 Splendore
830 3440 1134 3510 fulgentem,
1165 3455 1448 3509 numquam
1488 3438 1629 3491 volet
1657 3445 1837 3505 postea
1866 3436 1932 3488 de
1959 3451 2090 3503 pau-

517 3534 730 3599 percula
759 3533 919 3587 domo
959 3548 1053 3586 sua
1096 3534 1328 3600 cogitare
1348 3570 1362 3594 ,
1405 3529 1496 3582 sed
1530 3528 1656 3582 nihil
1686 3543 1788 3582 non
1815 3540 1934 3597 aget
1957 3539 2011 3580 ut
2038 3528 2090 3580 in

519 3623 660 3676 illum
683 3623 902 3677 domum
927 3639 985 3677 se
1014 3621 1318 3684 transferat,
1349 3620 1395 3674 si
1420 3620 1533 3674 ﬁeri
1564 3620 1730 3688 possit
1761 3636 1774 3672 :
1804 3619 1881 3672 sie
1905 3618 2093 3672 beatus

521 3713 628 3775 ille,
658 3728 780 3766 cum
807 3713 1042 3766 caelestia
1072 3712 1297 3766 intuitus
1324 3719 1500 3776 esset,
1542 3709 1699 3776 hujus
1723 3708 1843 3762 vita:
1867 3723 2094 3778 pauper-

518 3812 680 3856 tatem
730 3804 1056 3872 despiciebat
1089 3822 1103 3857 :
1133 3811 1188 3857 et
1229 3817 1350 3857 cum
1401 3801 1700 3856 hominibus
1741 3801 1952 3870 quidem
1997 3815 2095 3870 pro

519 3895 838 3949 necessitate
867 3896 1108 3963 corporis
1137 3894 1485 3958 versabatur,
1529 3893 1595 3946 ad
1628 3893 1824 3946 nullam
1853 3907 1979 3946 vero
2004 3907 2094 3947 re-

519 3999 636 4038 rum
665 3984 996 4038 saecularium
1018 3997 1076 4039 se
1093 3983 1458 4050 convertebat,
1486 3983 1578 4038 sed
1609 3997 1666 4038 se
1691 3992 1856 4038 totum
1882 3983 1932 4037 in
1955 3983 2097 4036 illam

519 4074 786 4128 civitatem
815 4073 1190 4129 transferebat.

593 4163 746 4218 Pauli
769 4180 912 4217 amor
942 4162 1496 4233 uehemens—Ecquid
1519 4163 1704 4231 loquar
1729 4162 1796 4218 de
1824 4163 2100 4232 prtesentis

524 4255 642 4308 vita:
668 4255 954 4309 aerumnis?
983 4255 1151 4310 Tanto
1175 4255 1368 4326 quippe
1393 4254 1587 4308 Christi
1617 4269 1796 4307 amore
1822 4253 2096 4321 flagrabat,

522 4355 580 4398 ut
599 4346 641 4399 si
670 4344 1002 4416 propositum
1028 4345 1125 4400 sibi
1142 4345 1327 4400 fuisset
1349 4344 1668 4398 immortales
1699 4343 1817 4396 illos
1837 4345 2099 4396 cruciatus

525 4450 620 4503 pro
635 4435 843 4488 Christo
858 4437 1055 4504 subire,
1075 4451 1140 4491 ne
1155 4436 1255 4490 hoc
1269 4435 1479 4506 quidem
1493 4442 1805 4490 recusasset.
1829 4432 1940 4487 Non
1958 4434 2098 4486 enim

523 4527 964 4593 quemadmodum
987 4543 1085 4583 nos
1097 4528 1428 4594 mercenarii,
1447 4527 1532 4597 qui
1546 4526 1838 4595 gehennam
1852 4523 2100 4579 formida-

525 4629 643 4666 mns
665 4623 718 4668 et
745 4630 966 4682 regnum
989 4617 1432 4686 concupiscimus,
1457 4617 1532 4670 sic
1557 4616 1643 4670 ille
1671 4613 1879 4668 Christo
1896 4615 2100 4668 servie-

460 4715 464 4720 '
528 4701 616 4754 hat
639 4719 654 4766 ;
677 4702 767 4756 sed
785 4703 888 4757 alio
905 4704 1058 4773 longe
1075 4706 1438 4772 prmstantiore
1456 4706 1790 4774 beatioreqne
1815 4718 1994 4758 amore
2015 4718 2104 4758 ca-

530 4804 668 4863 ptus,
711 4793 888 4847 omnia
922 4794 1214 4862 patiebatur
1241 4804 1295 4848 et
1319 4795 1506 4864 agebat
1533 4797 1670 4850 nulla
1701 4795 1800 4848 alia
1824 4793 1892 4849 de
1919 4809 2099 4860 eausa,

526 4899 683 4955 quam
701 4893 756 4937 ut
770 4883 938 4937 amori
953 4897 1075 4952 erga
1087 4884 1351 4938 Christum
1368 4899 1463 4938 suo
1478 4885 1833 4939 satisfaceret:
1854 4883 1938 4952 qui
1953 4898 2103 4937 amor

528 4975 663 5029 adeo
679 4983 907 5029 mentem
923 4976 1038 5041 ejus
1055 4973 1268 5035 vicerat,
1293 4983 1350 5028 ut
1368 4975 1510 5044 quod
1527 4976 1598 5029 illi
1613 4975 1783 5030 carius
1802 4983 1934 5032 erat.
1953 4989 2102 5028 nem-

529 5079 596 5134 pe
620 5080 739 5120 esse
765 5079 885 5120 cum
909 5063 1142 5128 Christo,
1162 5078 1258 5131 pro
1278 5079 1382 5132 quo
1405 5075 1458 5119 et
1481 5066 1774 5135 gehennam
1802 5073 1858 5119 et
1880 5080 2100 5134 regnum

529 5155 782 5209 calorum
829 5152 1177 5223 deSpiciebat,
1230 5151 1329 5207 hoc
1377 5155 1570 5223 ipsum,
1601 5156 1833 5224 inquam,
1876 5155 2104 5210 libenter

531 5244 827 5311 desereret,
873 5259 935 5298 ac
971 5252 1185 5313 propter
1227 5241 1490 5298 Christum
1518 5244 1921 5300 inenarrabilem
1953 5244 2102 5299 illum

531 5335 760 5402 lapsum,
794 5335 943 5406 quasi
975 5348 1085 5388 rem
1112 5333 1568 5402 optabilissimam,
1600 5336 1756 5391 vellet
1780 5335 2022 5405 amplecti
2048 5343 2104 5390 et

531 5442 716 5496 magna
746 5444 865 5483 cum
895 5425 1163 5481 alacritate
1186 5426 1473 5493 suscipere.

601 5518 656 5570 8.
697 5520 767 5571 At
808 5519 1031 5574 fortasse
1059 5532 1197 5572 nunc
1223 5517 1504 5570 obscurum
1544 5519 1726 5573 multis
1753 5518 1958 5574 videtur
1986 5532 2104 5573 esse

532 5609 673 5678 quod
701 5610 898 5665 dictum
937 5621 1020 5668 est
1049 5630 1060 5666 :
1108 5627 1227 5666 cum
1254 5619 1427 5665 autem
1458 5611 1509 5664 id
1543 5612 1735 5666 clarius
1762 5627 2098 5676 enarravero,

533 5712 658 5756 tunc
711 5701 1019 5758 incredibile
1069 5703 1330 5758 videbitur
1379 5701 1441 5754 iis
1485 5701 1650 5768 ipsis,
1720 5704 1909 5770 quibus
1951 5713 2102 5756 antea

540 5794 821 5846 obscurum
846 5803 978 5847 erat.
1005 5795 1247 5865 Nihilque
1279 5795 1500 5849 mirum:
1523 5809 1642 5846 nam
1665 5793 1850 5848 beatus
1879 5797 1964 5850 ille
1985 5811 2103 5850 cum

600 5909 614 5937 ι
644 5915 756 5963 Vox,
783 5911 902 5963 erat,
919 5913 964 5953 et
986 5903 1102 5954 infra
1125 5907 1290 5966 verba,
1313 5919 1459 5972 quare
1484 5903 1684 5964 diccbat,
1711 5905 1885 5954 desunt
1907 5907 1954 5954 in
1972 5908 2097 5955 tiolb.

1347 512 1435 568 DE
1476 503 2017 565 COMPU‘NCTIONE.
2057 501 2156 556 ΑΒ·
2188 495 2610 560 DEMETRIUM,
2652 494 2777 550 LIB.
2819 495 2860 550 l.

3646 499 3752 554 £06

2183 617 2286 672 sibi
2309 615 2467 670 ﬁdem
2495 615 2633 668 circa
2663 614 2775 667 luce
2803 627 2906 666 non
2937 613 3228 666 habendam
3255 627 3372 666 esse
3399 626 3748 683 exspectaret,

2181 707 2296 762 haec
2321 705 2575 776 praemisit
2607 723 2620 757 :
2654 703 2924 758 Veritatem
2949 704 3061 757 dico
3085 704 3137 756 in
3161 702 3378 767 Christo,
3402 721 3502 757 non
3519 709 3748 773 mentior,
3820 749 3827 755 .

2183 801 2520 856 testimonium
2553 801 2676 853 milii
2704 797 2990 868 perhibente
3014 799 3314 852 conscientia
3347 815 3456 852 mea
3479 799 3531 851 in
3557 799 3754 868 Spiritu

2182 906 2356 949 sancto
2378 893 2553 965 (Rom.
2583 895 2637 950 9.
2663 894 2746 963 l).
2764 895 3014 947 Attamen
3027 891 3113 945 his
3141 891 3359 960 adjectis
3378 892 3756 960 advocatisque

2183 988 2375 1041 talibus
2395 987 2731 1040 conscientia:
2756 1001 2865 1040 sua:
2894 983 3132 1045 testibus.
3161 985 3318 1037 etiam
3345 1001 3482 1039 nunc
3508 1001 3610 1039 non
3638 1002 3759 1039 cre-

2181 1075 2484 1142 diturQuid
2506 1076 2660 1144 igitur
2679 1077 2788 1130 vult
2806 1075 3021 1130 dicere?
3039 1074 3195 1128 Audi.
3213 1074 3494 1143 Postquam
3513 1076 3577 1128 de
3599 1077 3757 1138 hujus

2185 1164 2367 1219 mundi
2401 1164 2652 1217 mrumnis
2677 1165 2922 1219 disseruit
2950 1180 3012 1218 ac
3035 1164 3166 1219 dixit
3199 1181 3211 1217 :
3239 1164 3362 1230 Quis
3387 1182 3476 1218 nos
3504 1167 3755 1234 separabit

2182 1275 2213 1310 a
2227 1258 2436 1310 caritate
2448 1255 2631 1310 Christi
2648 1257 2959 1322 ?tribulatio,
2974 1274 3039 1310 an
3057 1258 3308 1327 angustia,
3329 1274 3393 1310 an
3415 1257 3754 1326 persequutio,

2185 1367 2252 1403 an
2277 1352 2454 1418 fames,
2479 1367 2545 1403 an
2563 1351 2784 1411 nuditas,
2807 1365 2873 1402 an
2890 1349 3189 1418 periculum,
3209 1367 3271 1403 an
3288 1350 3493 1419 gladius
3508 1349 3679 1418 (Rom.
3700 1350 3753 1402 3.

2183 1441 2268 1493 55.
2287 1440 2373 1495 38.
2390 1440 2507 1509 '59)?
2533 1450 2587 1495 et
2614 1440 2860 1495 omnibus
2885 1456 3000 1510 qua:
3013 1441 3065 1495 in
3089 1449 3226 1494 terra
3252 1449 3372 1492 sunt
3393 1439 3757 1501 recensitis,in

2184 1533 2370 1584 czelum
2392 1532 2628 1588 ascendit
2658 1550 2672 1588 :
2719 1543 2879 1603 utque
2905 1531 3166 1595 ostendat,
3200 1546 3302 1585 non
3337 1546 3580 1599 magnum
3607 1528 3759 1598 quid-

2187 1623 2323 1689 piam
2345 1639 2462 1678 esse
2484 1625 2640 1693 hujus
2666 1625 2787 1678 vita:
2817 1626 3088 1680 cruciatus
3123 1631 3340 1691 propter
3365 1620 3633 1674 Christum
3661 1621 3758 1674 de-

2186 1713 2410 1781 spicere,
2438 1714 2514 1767 sic
2541 1714 2702 1767 infert
2738 1731 2752 1766 :
2797 1713 2972 1780 Neque
2993 1714 3178 1780 angeli,
3221 1728 3380 1780 neque
3414 1711 3759 1779 Principattts,

2186 1819 2344 1872 neque
2398 1802 2632 1865 Virtutes,
2679 1818 2836 1870 neque
2879 1802 3135 1862 instantia,
3177 1817 3333 1870 neque
3362 1804 3555 1870 futura,
3606 1818 3762 1870 neque

2185 1894 2423 1958 altitudo,
2455 1911 2613 1963 neque
2642 1894 2973 1964 profundum,
3007 1909 3164 1961 neque
3184 1903 3415 1946 creatura
3453 1893 3555 1945 alia
3581 1895 3760 1961 poterit

2185 2004 2277 2039 nos
2317 2005 2554 2057 separare
2593 2005 2625 2040 a
2665 1990 2875 2041 caritate
2920 1985 3034 2052 Dei,
3079 2002 3192 2056 qua:
3217 1996 3290 2040 est
3330 1987 3382 2040 in
3415 1985 3613 2040 C/tristo
3638 1985 3762 2037 Jesu

2190 2078 2408 2131 Domino
2445 2088 2636 2131 nostra.
2661 2078 2812 2146 Quod
2839 2087 3014 2132 autem
3041 2078 3170 2132 dicit
3195 2079 3298 2132 tale
3327 2087 3426 2132 est.
3453 2077 3566 2132 Non
3591 2077 3762 2130 solum

2191 2167 2434 2220 homines
2463 2184 2548 2221 me
2577 2185 2680 2221 non
2711 2176 2962 2238 poterunt
2991 2167 3059 2221 ab
3096 2167 3198 2220 hoc
3225 2181 3405 2221 amore
3433 2167 3760 2230 abstrahere,

2197 2256 2294 2309 sed
2318 2273 2486 2324 neque
2514 2258 2706 2325 angeli,
2759 2273 2928 2326 neque
2971 2258 3018 2312 si
3058 2273 3244 2312 omnes
3268 2257 3511 2312 caelestes
3534 2258 3766 2312 Virtutes

2193 2347 2244 2401 in
2277 2348 2377 2402 hoc
2410 2350 2797 2417 conspirarent,
2837 2350 2890 2403 id
2915 2350 3131 2404 efﬁcere
3174 2359 3412 2419 possent.
3441 2350 3575 2416 Quid
3604 2350 3765 2404 dico?

2193 2454 2363 2507 neque
2388 2439 2432 2494 si
2456 2454 2488 2493 e
2516 2454 2681 2508 regno
2705 2439 2972 2505 excidere,
3003 2455 3176 2508 neque
3199 2440 3242 2493 si
3274 2441 3324 2492 in
3352 2439 3646 2508 gehennam
3681 2441 3764 2493 in-

2192 2529 2373 2584 cidere
2399 2541 2613 2598 propter
2638 2531 2905 2584 Christum
2927 2538 3213 2599 oporteret,
3264 2529 3314 2583 id
3355 2531 3483 2583 mihi
3509 2531 3760 2584 formida-

2193 2618 2296 2673 bile
2324 2628 2486 2674 esset.
2518 2618 2648 2672 Natn
2673 2619 2893 2673 altitudo
2921 2629 2974 2673 et
3003 2619 3340 2688 profundum,
3383 2619 3488 2673 vita
3515 2630 3568 2672 et
3597 2635 3761 2682 mors,

2193 2708 2318 2761 nihil
2367 2709 2508 2762 aliud
2548 2724 2706 2777 quam
2752 2708 2853 2762 hoc
2903 2708 3190 2762 declarant.
3240 2709 3292 2762 Id
3323 2711 3337 2740 ¹
3367 2724 3494 2763 vero
3537 2710 3766 2773 diccbat,

2191 2814 2296 2853 non
2334 2799 2476 2869 quod
2502 2800 2676 2870 angeli
2709 2800 2959 2854 tentaturi
2984 2809 3162 2855 essent
3189 2801 3358 2869 ipsum
3385 2816 3414 2854 a
3439 2801 3650 2856 Christo
3679 2817 3768 2856 se-

2194 2908 2414 2961 parare;
2470 2893 2564 2946 sed
2595 2908 2654 2947 ea
2682 2909 2799 2963 quze
2838 2908 3125 2962 numquam
3169 2894 3476 2962 contingere
3521 2906 3765 2962 possunt,

2195 2983 2357 3035 verbo
2409 2991 2565 3037 tenus
2605 2984 2872 3052 proponit,
2917 2993 2976 3037 ut
3011 2983 3426 3051 magnitudinem
3465 2987 3662 3040 amoris
3688 2987 3770 3039 sui

2194 3071 2486 3134 declarare,
2508 3072 2856 3143 omnibusque
2873 3073 3044 3140 palam
3063 3071 3236 3127 facere
3257 3072 3442 3142 possit.
3461 3074 3604 3128 Talis
3622 3089 3771 3128 nam-

2195 3175 2296 3227 que
2319 3161 2607 3215 amantium
2628 3177 2744 3216 mos
2767 3170 2849 3216 est
2879 3179 2892 3216 :
2923 3177 3028 3215 non
3055 3171 3272 3229 possunt
3292 3161 3504 3217 silentio
3529 3179 3767 3218 amorem

2194 3265 2346 3302 suum
2375 3259 2569 3318 tegere,
2597 3251 2689 3305 sed
2717 3251 3059 3306 familiaribus
3085 3252 3330 3306 omnibus
3352 3252 3615 3308 flammam
3643 3255 3770 3309 etl‘e-

2195 3347 2336 3403 runt,
2385 3350 2441 3393 ut
2481 3340 2787 3395 assiduitate
2825 3343 3075 3396 narrandi
3115 3346 3350 3398 animum
3396 3345 3660 3399 desiderio
3691 3347 3771 3400 in—

2193 3430 2334 3496 genti
2366 3429 2674 3498 ﬂagrantem
2721 3431 2962 3502 mitigent
3013 3447 3076 3488 ac
3118 3444 3377 3488 recreent.
3417 3435 3568 3502 Quod
3598 3437 3768 3504 ipsum

2198 3529 2322 3575 tunc
2350 3520 2473 3576 fecit
2499 3522 2682 3577 beatus
2713 3524 2818 3589 ille,
2856 3525 3138 3594 omniaque
3167 3541 3413 3582 sermone
3436 3530 3763 3597 complexus,

2199 3614 2496 3681 praesentia,
2535 3615 2731 3681 futura,
2765 3617 3052 3684 praeterita,
3083 3633 3202 3686 qua:
3244 3634 3529 3689 numquam
3555 3621 3766 3675 contin—

2197 3719 2322 3773 gere
2351 3715 2614 3774 poterant,
2646 3708 2870 3762 visibilia
2899 3719 2954 3764 et
2977 3710 3281 3776 invisibilia,
3319 3728 3530 3767 omnem
3557 3715 3767 3768 crucia-

2200 3805 2330 3860 tum,
2361 3812 2574 3851 onmem
2591 3799 2854 3866 quietem;
2883 3799 3034 3868 quasi
3065 3800 3178 3855 haec
3204 3816 3310 3855 non
3338 3803 3439 3856 sibi
3467 3802 3774 3858 sufficerent

2199 3884 2264 3938 ad
2310 3885 2554 3940 allectum
2589 3901 2742 3941 suum
2786 3888 3183 3954 declarandum,
3226 3899 3502 3960 postquam
3554 3902 3630 3946 tot
3669 3895 3772 3946 alia

2201 3989 2307 4028 non
2337 3975 2644 4030 exsistentia
2673 3979 2949 4047 supposuit
2974 3989 3026 4033 et
3047 3982 3235 4034 extulit
3265 3981 3407 4048 (nam
3436 3982 3584 4046 illud,
3626 4000 3772 4038 crea-

2204 4077 2317 4119 tura
2349 4067 2474 4132 alia,
2521 4067 2587 4122 de
2633 4084 2738 4123 non
2783 4070 3162 4126 exsistentibus
3191 4071 3443 4140 dicitur);
3486 4074 3562 4127 sic
3599 4074 3776 4130 intulit

2203 4160 2489 4215 ostendens
2518 4160 2647 4214 nihil
2671 4177 2828 4231 supra
2857 4162 3120 4216 dictorum
3151 4179 3307 4232 posse
3343 4180 3439 4218 nos
3463 4179 3710 4234 separare
3743 4183 3772 4221 a

2203 4252 2421 4306 imitate
2450 4251 2564 4317 Dei,
2591 4268 2710 4321 quze
2736 4263 2817 4307 est
2843 4253 2894 4307 in
2915 4253 3126 4309 Christo
3157 4255 3285 4310 Jesu
3319 4255 3540 4310 Domino
3567 4267 3770 4312 nostro.

2205 4341 2270 4392 Et
2291 4342 2378 4395 ille
2398 4342 2608 4409 quidem
2636 4357 2868 4398 amorem
2897 4359 3048 4398 suum
3077 4345 3128 4397 in
3171 4354 3366 4399 tantam
3396 4346 3772 4402 sublimitatem

2202 4431 2431 4485 extulit:
2464 4446 2560 4486 nos
2585 4442 2784 4499 autem,
2832 4435 2918 4503 qui
2958 4434 3088 4502 jussi
3126 4449 3308 4490 sumus
3340 4438 3454 4505 ejus
3482 4439 3774 4496 imitatores

2201 4535 2340 4584 esse,
2377 4537 2442 4575 ne
2470 4521 2590 4575 vita:
2615 4522 2826 4590 quidem
2856 4523 3010 4592 hujus
3038 4539 3303 4578 :crumnas
3351 4525 3504 4580 facile
3531 4527 3768 4592 ferimus,

2203 4613 2297 4667 sed
2321 4629 2424 4666 non
2452 4615 2645 4678 minus,
2665 4630 2821 4684 quam
2839 4614 3216 4679 febricitantes,
3240 4631 3546 4681 maeremus,
3565 4627 3618 4672 et
3634 4619 3772 4674 indi-

2204 4720 2444 4772 gnamur.
2470 4704 2601 4759 Nam
2629 4705 2814 4774 longus
2848 4704 2933 4759 hic
2960 4706 3194 4772 morbus,
3225 4707 3313 4775 qui
3339 4707 3540 4761 animas
3567 4719 3776 4764 nostras

2204 4796 2500 4863 occupavit,
2517 4795 2859 4849 diuturnitate
2879 4794 3182 4849 insanabilis
3206 4797 3392 4859 evasit,
3418 4806 3474 4849 ut
3495 4797 3563 4850 ita
3579 4796 3770 4864 dicam,

2205 4902 2267 4940 ac
2292 4886 2579 4955 perfectam
2608 4886 2962 4940 valetudinem
2994 4900 3060 4941 ne
3089 4886 3320 4954 cogitare
3345 4887 3560 4956 quidem
3587 4903 3771 4957 possu-

2207 4991 2326 5029 mus
2355 4994 2369 5030 :
2403 4977 2510 5030 imo
2539 4976 2697 5030 etiam
2726 4976 2879 5030 nobis
2905 4992 2967 5030 ea
2993 4993 3098 5031 non
3124 4978 3257 5032 ultra
3291 4981 3588 5049 recuperari
3619 4997 3772 5048 posse

2205 5064 2429 5118 videtur.
2483 5065 2538 5120 Si
2582 5081 2712 5120 vero
2745 5067 3046 5136 quempiam
3093 5069 3366 5122 audiamus
3408 5071 3676 5139 apostolos
3721 5072 3774 5124 in

2206 5155 2436 5209 medium
2465 5157 2842 5225 proferenlem,
2873 5167 2928 5212 et
2954 5173 3135 5213 eorum
3161 5159 3411 5227 prmclara
3449 5174 3610 5230 opera
3650 5176 3775 5214 nar-

2205 5260 2434 5316 rantem,
2481 5266 2598 5306 cum
2627 5252 2802 5306 statim
2844 5252 3022 5321 lugere
3051 5252 3390 5320 deberemus,
3442 5253 3580 5322 quod
3607 5269 3776 5320 usque

2205 5341 2341 5396 adeo
2371 5343 2471 5396 illis
2498 5341 2776 5396 inferiores
2795 5343 2978 5406 simus,
3013 5357 3080 5396 ne
3110 5351 3380 5410 peccatum
3407 5343 3616 5411 quidem
3657 5359 3774 5396 eam

2206 5449 2319 5488 rem
2353 5449 2471 5488 esse
2502 5443 2760 5502 putamus,
2786 5434 2879 5487 sed
2907 5433 3056 5502 quasi
3087 5451 3190 5487 non
3221 5435 3383 5503 possit
3410 5435 3620 5490 culmen
3648 5436 3774 5488 illud

2205 5525 2412 5592 attingi,
2457 5526 2526 5576 ita
2567 5524 2788 5577 remisse
2825 5523 3087 5592 degimus.
3133 5525 3187 5579 Si
3225 5525 3339 5592 quis
3369 5539 3580 5577 causam
3611 5533 3774 5594 petat,

2207 5617 2383 5668 Statim
2420 5617 2648 5683 ineptam
2695 5615 2827 5669 hanc
2853 5617 3251 5670 excusationem
3291 5615 3648 5684 proferimus:
3684 5616 3776 5669 llle

2210 5706 2402 5759 Paulus
2430 5715 2564 5769 erat,
2612 5705 2698 5758 ille
2731 5705 2934 5767 Petrus,
2972 5708 3055 5759 ille
3085 5706 3333 5760 Joannes.
3379 5707 3511 5774 Quid
3542 5707 3638 5758 sibi
3663 5705 3776 5757 vult

2210 5795 2356 5859 illud,
2388 5795 2476 5850 llle
2505 5797 2693 5851 Paulus
2719 5807 2854 5863 erat,
2909 5798 2995 5851 ille
3025 5798 3210 5852 Petrus
3236 5800 3388 5852 erat?
3436 5800 3644 5861 Annon,
3690 5797 3776 5851 dic

2273 5910 2286 5936 ⁸
2325 5905 2474 5956 ηοω..
2523 5901 2641 5954 nihil
2666 5904 2800 5954 aliud
2825 5919 2965 5968 quam
2990 5905 3089 5956 lucc
3108 5913 3212 5956 sunt
3241 5944 3250 5954 .
3279 5915 3342 5954 Ea
3366 5917 3498 5964 rem,
3525 5914 3628 5956 etc.
