4532 6704
847 572 950 628 607

845 688 996 752 mihi,
1042 685 1278 756 ejusdem
1329 685 1400 740 illi
1444 693 1647 739 natura:
1675 695 1951 740 consortes
1999 684 2191 740 erant?
2238 698 2414 738 annon

843 778 1030 834 eadem
1061 781 1142 831 via
1188 779 1238 830 in
1281 777 1414 830 hanc
1450 776 1610 829 vitam
1639 776 1984 845 prodierant?
2013 791 2188 830 annon
2229 776 2414 829 iisdem

844 869 977 923 cibis
1022 869 1207 921 nutriti
1238 866 1492 921 fuerant?
1532 881 1710 921 annon
1754 867 1998 920 eumdem
2027 868 2417 937 respiraverant

843 959 1066 1012 aerem?
1093 975 1268 1012 nonne
1309 958 1492 1011 iisdem
1535 959 1693 1012 rebus
1722 958 2043 1012 utebantur?
2091 973 2266 1012 nonne
2293 959 2414 1027 qui-

842 1050 962 1102 dam
989 1050 1220 1118 ipsorum
1252 1064 1445 1103 uxores
1466 1048 1726 1104 duxerant
1753 1057 1807 1104 et
1833 1049 2033 1104 liberos
2073 1059 2416 1118 susceperant

841 1139 930 1192 alii
962 1155 1089 1192 vero
1122 1148 1266 1192 artes
1293 1139 1577 1194 saeculares
1602 1138 1940 1206 exercebant,
1993 1141 2082 1194 alii
2119 1141 2329 1194 demum
2363 1142 2412 1196 in

844 1231 1014 1297 ipsum
1032 1230 1277 1297 nequitia:
1298 1230 1603 1285 barathrum
1621 1230 1820 1299 delapsi
1847 1231 2093 1286 fuerant?
2115 1243 2180 1287 At
2205 1250 2408 1302 magna,

841 1321 1066 1389 inquies,
1098 1318 1409 1375 fruebantur
1433 1322 1524 1376 Dei
1549 1323 1732 1391 gratia.
1757 1321 1863 1376 Sed
1889 1323 1934 1376 si
1960 1325 2172 1393 quidem
2195 1325 2412 1393 jubere-

840 1426 963 1464 mur
1007 1419 1245 1466 mortuos
1309 1414 1587 1478 suscitare,
1642 1428 1903 1468 caecorum
1949 1416 2135 1470 oculos
2181 1417 2410 1484 aperire,

842 1502 1384 1568 leprosos*mundare,
1409 1505 1624 1558 claudos
1644 1505 1865 1574 erigere,
1899 1505 2170 1562 daemones
2197 1508 2408 1577 ejicere,

838 1592 1078 1659 aliosque
1100 1592 1301 1644 similes
1321 1593 1536 1646 morbos
1549 1608 1756 1658 sanare,
1786 1606 2084 1664 opportune
2103 1608 2278 1666 posset
2299 1597 2411 1652 hare

836 1685 1108 1734 excusatio
1135 1680 1358 1750 proferri
1395 1699 1407 1734 :
1447 1683 1526 1736 sin
1555 1691 1800 1738 accurata
1832 1687 1952 1740 vitae
1981 1689 2115 1741 ratio
2145 1704 2409 1757 propona-

837 1784 923 1826 tur
957 1782 1010 1827 et
1036 1773 1394 1842 obsequentia:
1439 1774 1716 1842 exhibitio,
1743 1791 1861 1846 qua:
1891 1781 2232 1833 consonantia
2275 1781 2411 1834 inter

835 1863 938 1916 hoc
965 1873 1020 1918 ct
1049 1863 1214 1917 illud?

907 1954 974 2009 In
1003 1956 1247 2024 baptismo
1275 1957 1491 2027 gratiam
1523 1967 1567 2010 et
1589 1957 1838 2026 Spiritum
1863 1969 2090 2012 sanctum
2117 1961 2405 2027 recipimus.

834 2076 906 2087 —-
923 2047 1128 2102 Etenim
1158 2057 1212 2101 tu
1238 2049 1396 2102 etiam
1429 2049 1480 2101 in
1509 2047 1769 2116 baptismo
1787 2048 1962 2103 divina
1992 2050 2189 2120 potitus
2214 2067 2270 2106 es
2289 2067 2410 2122 gra-

835 2139 906 2192 tia
926 2177 941 2203 ,
971 2151 1033 2192 ac
1058 2138 1274 2207 spiritus
1295 2138 1558 2208 particeps
1583 2137 1728 2192 fuisti
1748 2179 1763 2204 ,
1793 2139 2004 2194 etiamsi
2035 2157 2140 2195 non
2167 2151 2224 2196 ut
2253 2143 2402 2210 signa

833 2232 1019 2289 ederes
1043 2275 1057 2299 ,
1087 2232 1180 2288 sed
1204 2245 1458 2304 quantum
1480 2235 1606 2288 satis
1634 2243 1749 2290 erat
1772 2234 1838 2288 ad
1865 2245 2067 2289 rectum
2111 2243 2167 2289 et
2193 2249 2408 2288 accura-

834 2334 946 2379 tum
973 2325 1094 2379 vitae
1122 2325 1419 2379 institutum
1446 2343 1458 2378 :
1484 2325 1554 2378 ita
1585 2334 1642 2378 ut
1664 2325 1930 2394 pernicies
1957 2340 2022 2379 ex
2052 2324 2164 2378 sola
2184 2323 2408 2392 segnitie

833 2427 1014 2472 nostra
1039 2417 1311 2486 procedat.
1344 2416 1485 2472 Sane
1510 2418 1755 2474 Christus
1787 2420 1839 2473 in
1860 2419 1944 2473 die
1974 2419 2062 2472 illa
2107 2433 2216 2472 non
2257 2420 2407 2488 signa

834 2509 1113 2565 edentibus
1141 2511 1455 2581 simpliciter
1497 2526 1715 2566 munera
1745 2511 1870 2574 dat,
1913 2510 2006 2565 sed
2049 2512 2114 2566 iis
2138 2511 2227 2581 qui
2259 2526 2409 2565 man-

834 2602 956 2654 data
982 2617 1075 2656 sua
1103 2611 1227 2656 sunt
1255 2602 1562 2671 exsequuti:
1595 2617 1713 2655 nam
1739 2643 1754 2667 ,
1795 2601 1968 2657 Venite
1990 2643 2004 2667 ,
2039 2603 2228 2671 inquit,
2259 2604 2407 2656 bene-

839 2692 962 2746 dicti
992 2692 1161 2747 Patris
1182 2694 1280 2746 mei
1301 2735 1314 2758 ,
1359 2693 1606 2762 possidete
1631 2703 1973 2763 pratparatum
1999 2693 2131 2747 vobis
2151 2710 2359 2763 regnum
2377 2709 2408 2745 a

838 2784 1188 2837 constitutione
1212 2784 1384 2837 mundi
1410 2823 1424 2847 ,
1455 2798 1562 2838 non
1590 2783 1711 2852 quia
1738 2784 1990 2838 miracula
2021 2783 2282 2845 edidistis,
2312 2782 2406 2836 sed

836 2877 954 2945 quia
979 2877 1158 2929 esurioi
1187 2918 1202 2940 ,
1229 2885 1274 2930 et
1299 2877 1506 2930 dedistis
1534 2877 1658 2928 mihi
1682 2876 1986 2928 manducare
2008 2892 2025 2938 ;
2053 2876 2183 2928 sitivi
2206 2915 2221 2940 ,
2249 2885 2296 2928 et
2320 2876 2408 2928 de-

836 2969 980 3021 distis
1008 2969 1130 3020 mihi
1159 2967 1320 3022 bibere
1343 2983 1362 3030 ,°
1390 2969 1569 3035 hospes
1608 2983 1765 3032 erant,
1789 2977 1834 3020 ct
1859 2968 2126 3036 collegistis
2153 2982 2230 3019 me
2257 2983 2276 3030 ;
2306 2983 2405 3018 nu-

836 3058 954 3124 dus,
985 3067 1031 3110 et
1056 3058 1319 3126 operuistis
1343 3074 1420 3111 me
1442 3075 1460 3122 ;
1481 3057 1710 3124 inﬁrmus
1741 3057 1816 3125 fui
1840 3097 1855 3118 ,
1887 3066 1932 3109 et
1951 3057 2188 3110 visitastis
2212 3071 2330 3118 me;
2354 3057 2408 3110 in

833 3167 1032 3206 carcere
1053 3167 1208 3215 eram,
1227 3160 1272 3204 et
1297 3151 1498 3205 venistis
1525 3151 1592 3203 ad
1613 3165 1691 3202 me
1739 3149 1757 3217 (
1791 3148 1973 3202 Matth.
1995 3148 2086 3202 25.
2109 3148 2178 3202 54
2198 3149 2238 3217 ).
2261 3149 2328 3202 Ει
2356 3149 2406 3202 in

834 3241 1250 3298 beatitudinibus
1290 3255 1548 3309 nusquam
1595 3241 1743 3310 signa
1769 3248 2050 3309 operantes
2079 3239 2269 3307 ponit,
2311 3238 2406 3294 sed

834 3333 924 3404 qui
952 3333 1111 3386 vitam
1138 3331 1305 3402 probe
1324 3331 1542 3386 ducunt.

905 3425 960 3479 9.
990 3425 1169 3494 Itaque
1188 3425 1310 3478 licet
1332 3424 1420 3478 illa
1442 3424 1609 3493 gratia
1640 3438 1783 3479 nunc
1811 3431 2082 3478 contracta
2105 3423 2175 3477 sit
2206 3464 2220 3488 ,
2254 3423 2306 3476 id
2335 3424 2407 3477 ni-

835 3517 911 3572 hil
930 3517 1082 3572 nobis
1099 3517 1334 3572 nocebit:
1361 3529 1533 3585 neque
1559 3514 1680 3570 inde
1699 3528 1797 3569 nos
1821 3529 2074 3568 excusare
2090 3513 2402 3584 poterimus,

832 3608 1042 3680 quando
1069 3607 1361 3662 facinorum
1390 3615 1692 3660 nostrorum
1719 3606 1977 3660 rationem
2020 3605 2285 3659 dabimus.
2330 3603 2407 3660 Si-

832 3699 1048 3770 quidem
1077 3698 1260 3752 beatos
1282 3698 1402 3750 illos
1428 3711 1534 3752 non
1571 3697 1640 3751 ob
1680 3696 1830 3767 signa
1858 3695 2146 3749 miramur:
2178 3710 2298 3749 nam
2318 3695 2404 3749 illa

834 3789 905 3844 ad
931 3789 1162 3844 divinam
1199 3802 1416 3856 prorsus
1451 3788 1744 3858 potentiam
1779 3788 1795 3819 ⁸
1829 3787 2114 3854 pertinent,
2152 3785 2243 3839 sed
2264 3786 2404 3854 quod

831 3881 998 3934 vitam
1009 3877 1300 3947 angelicam
1322 3876 1658 3932 exhibuerint
1680 3893 1693 3928 :
1714 3876 1817 3930 hoc
1839 3884 2016 3930 autem
2037 3890 2157 3929 cum
2174 3889 2407 3943 superno

833 3978 989 4036 nutu,
1020 3969 1177 4024 etiam
1217 3969 1425 4023 illorum
1454 3967 1710 4037 propositi
1738 3981 1870 4036 opus
1907 3975 2008 4021 est.
2061 3966 2129 4020 Et
2156 3965 2257 4020 hoc
2297 3980 2404 4020 non

835 4077 936 4133 ego
961 4061 1104 4128 dico,
1129 4060 1221 4116 sed
1263 4062 1307 4115 is
1333 4063 1446 4130 ipse
1471 4059 1669 4115 Christi
1714 4060 1965 4114 imitator.
2014 4058 2240 4126 Quando
2263 4059 2406 4113 enim

837 4153 1111 4222 discipulis
1136 4152 1376 4208 scribens
1403 4161 1589 4206 contra
1616 4150 2086 4220 pseudoapostolos
2113 4150 2406 4205 contende-

833 4243 923 4298 bat
953 4283 968 4308 ,
1001 4251 1056 4297 ut
1082 4243 1366 4298 discrimen
1398 4243 1534 4296 inter
1554 4241 1830 4310 probatum
1875 4248 1931 4295 et
1977 4240 2272 4308 improbum
2300 4240 2404 4294 mi-

836 4335 1116 4388 nisterium
1144 4333 1458 4396 declararet,
1492 4346 1596 4385 non
1621 4345 1648 4383 a
1673 4331 1837 4400 signis
1858 4371 1874 4396 ,
1915 4329 2010 4384 sed
2049 4330 2116 4384 ab
2153 4330 2406 4397 operibus

832 4425 887 4480 id
917 4425 1138 4480 faciebat
1167 4425 1248 4478 his
1274 4424 1448 4478 verbis
1478 4441 1492 4477 :
1525 4421 1748 4475 Ministri
1775 4422 1960 4475 Christi
1989 4423 2146 4476 sunt?
2166 4431 2218 4474 ut
2239 4421 2406 4475 minus

835 4518 1036 4586 sapiens
1057 4517 1188 4578 dico,
1222 4516 1334 4585 plus
1356 4530 1444 4585 ego
1474 4529 1491 4567 .'
1516 4515 1568 4566 in
1598 4513 1852 4566 laboribus
1872 4513 2122 4582 plurimis,
2153 4513 2205 4567 in
2229 4527 2404 4566 carce-

833 4606 972 4660 ribus
996 4606 1350 4669 abundantius,
1380 4606 1433 4657 in
1464 4605 1626 4674 plagis
1651 4620 1806 4672 supra
1829 4602 2057 4668 modum,
2086 4604 2139 4656 in
2166 4602 2408 4657 mortibus

836 4700 1120 4766 frequenter
1147 4711 1165 4748 :
1185 4712 1217 4748 a
1240 4694 1434 4748 Iudaeis
1455 4695 1715 4764 quinquies
1742 4694 2092 4763 quadragenas
2117 4711 2217 4747 una
2238 4695 2407 4748 minus

834 4787 1026 4856 accepi,
1056 4797 1128 4840 ter
1155 4787 1306 4855 virgis
1327 4803 1484 4840 cwsus
1509 4803 1621 4839 sum
1644 4827 1660 4851 ,
1684 4787 1835 4840 semel
1865 4787 2120 4854 lapidatus
2143 4804 2253 4841 sum
2287 4829 2302 4852 ,
2334 4798 2410 4842 ter

836 4877 1162 4946 naufragium
1189 4877 1283 4946 feci
1308 4917 1322 4940 ,
1351 4887 1494 4931 nocte
1517 4885 1561 4930 ct
1583 4875 1663 4929 die
1682 4877 1734 4928 in
1757 4877 2010 4945 profundo
2037 4878 2190 4930 maris
2213 4879 2288 4948 fui
2309 4894 2328 4931 :
2352 4879 2406 4931 in

833 4966 1094 5020 itineribus
1121 4971 1403 5036 frequenter
1425 5008 1440 5033 ,
1464 4967 1698 5036 periculis
1732 4967 1999 5035 ﬂuminum
2023 5008 2042 5034 ,
2075 4969 2306 5035 periculis
2331 4969 2406 5020 la-

839 5065 1062 5120 tronum,
1087 5057 1320 5126 periculis
1347 5074 1408 5112 ex
1428 5073 1622 5128 genere,
1645 5056 1880 5126 periculis
1900 5073 1963 5111 ea:
1981 5056 2210 5127 gentibus
2239 5098 2254 5120 .
2283 5059 2409 5127 peri.

831 5148 962 5204 culis
989 5148 1042 5201 in
1083 5149 1279 5200 civitate
1304 5188 1318 5212 ,
1362 5148 1592 5216 periculis
1628 5149 1680 5202 in
1725 5149 1995 5204 solitudine
2017 5191 2032 5214 ,
2081 5151 2317 5219 periculis
2353 5152 2408 5206 in

835 5241 987 5303 mari,
1014 5237 1246 5306 periculis
1267 5238 1318 5289 in
1345 5237 1488 5306 falsis
1514 5239 1752 5307 fratribus
1772 5254 1791 5292 :
1818 5240 1870 5292 in
1894 5239 2063 5294 labore
2084 5249 2130 5294 et
2159 5255 2403 5307 (erumna,

841 5328 897 5381 in
925 5329 1108 5396 vigiliis
1147 5331 1463 5396 frequenter,
1493 5326 1546 5378 in
1571 5330 1704 5395 fame
1742 5338 1788 5381 et
1817 5328 1900 5381 siti
1927 5369 1942 5393 ,
1976 5330 2028 5382 in
2062 5331 2277 5399 jejuniis
2305 5331 2405 5398 fre-

837 5427 1072 5486 quenter,
1104 5417 1156 5468 in
1199 5417 1386 5487 frigore
1407 5424 1454 5468 et
1475 5416 1720 5469 nuditate.
1747 5415 1944 5472 Prcter
1965 5418 2056 5472 illa
2084 5435 2196 5488 qua:
2216 5422 2405 5474 extrin-

839 5523 982 5561 secus
1000 5517 1132 5567 sunt,
1151 5507 1391 5559 instantia
1411 5522 1520 5560 mea
1537 5506 1851 5576 quotidiana,
1873 5510 2156 5565 sollicitudo
2181 5514 2405 5567 omnium

847 5597 1212 5651 Ecclesiarum.
1246 5597 1370 5663 Quis
1408 5597 1733 5665 inﬁrmatur,
1765 5609 1812 5652 et
1855 5616 1944 5670 ego
1986 5617 2086 5655 non
2125 5603 2355 5670 inﬁrmor
2379 5605 2405 5658 2

840 5692 949 5757 quis
969 5689 1360 5757 scandalizatur,
1382 5697 1530 5760 etego
1553 5707 1653 5745 non
1677 5707 1798 5745 uror
1821 5691 1896 5763 (2.
1921 5693 2037 5747 Cor.
2064 5695 2148 5749 II.
2171 5695 2364 5768 25-29)
2379 5699 2404 5751 ’ἶ

845 5776 971 5832 Ideo
996 5791 1094 5847 ego
1121 5780 1393 5848 apostolos
1415 5779 1671 5850 admiror,
1702 5789 1882 5852 utpote
1913 5785 1998 5853 qui
2026 5785 2140 5841 sine
2152 5788 2400 5856 operibus

903 5953 919 5986 ³
944 5955 1152 6015 quidam,
1170 5956 1387 6019 gratiam.

1550 572 1606 628 S.
1646 571 1924 628 JOANNIS
1960 570 2426 627 CllliYSOSTOMI
2465 571 2776 630 ARCHILI’.
2817 581 3340 648 CONSTANTINOP.

3985 609 4091 665 408

2528 703 2622 756 per
2639 690 3086 760 dispenSationem
3101 705 3378 772 quamdam
3409 707 3554 778 signa
3581 713 3832 771 exhibere
3848 726 4090 779 concessi

2524 789 2668 878 sunt,
2697 796 2798 835 non
2826 787 2985 841 modo
3015 806 3117 845 non
3143 794 3478 852 admirabiles
3509 839 3523 861 ,
3552 800 3645 854 sed
3677 805 3834 858 etiam
3869 813 4088 878 reprobi

2524 867 2719 926 fuerint
2745 914 2759 937 ,
2792 883 2847 927 ut
2869 876 3105 935 declarat
3129 884 3370 942 Christus
3393 889 3474 943 his
3497 891 3669 945 verbis
3699 911 3712 946 :
3741 894 3892 948 Multi
3915 867 4086 956 dicent

2524 963 2647 1014 mihi
2681 965 2731 1016 in
2761 964 2843 1018 die
2875 968 2964 1020 illa
2989 1010 3003 1033 ,
3031 970 3245 1029 Domine
3275 1019 3289 1041 ,
3339 978 3553 1034 Domine
3579 1023 3594 1046 ,
3624 998 3786 1037 nonne
3812 986 3862 1038 in
3889 993 4092 1046 nomine

2521 1065 2606 1107 tuo
2628 1058 3045 1127 prop/tetavimus,
3069 1075 3116 1117 et
3147 1069 3198 1120 in
3225 1071 3424 1126 nomine
3448 1083 3531 1126 tuo
3557 1074 3802 1129 dtemonia
3826 1079 4085 1148 ejecimus,

2521 1157 2569 1199 et
2595 1150 2648 1201 in
2677 1152 2875 1205 nomine
2915 1163 2998 1206 tuo
3050 1158 3254 1213 virtutes
3294 1165 3478 1219 multas
3525 1168 3784 1236 fecimus?
3831 1168 3897 1222 Et
3919 1171 4088 1225 dicam

2520 1238 2622 1292 illis
2645 1257 2661 1292 :
2685 1241 2915 1295 Recedite
2941 1260 2970 1294 a
2993 1259 3070 1297 me
3097 1262 3268 1302 omnes
3308 1253 3394 1320 qui
3418 1258 3698 1323 operamini
3724 1259 4037 1325 iniquitatem
4065 1279 4088 1326 ;

2520 1343 2790 1420 numquam
2820 1333 2933 1385 novi
2960 1349 3044 1388 vos
3072 1335 3280 1404 (Matth.
3301 1343 3354 1394 7.
3375 1343 3464 1396 22.
3491 1345 3601 1416 25).
3638 1348 3834 1404 Idcirco
3857 1351 4089 1420 discipu-

2521 1417 2598 1471 los
2627 1421 2703 1474 sic
2742 1423 2986 1477 monebat
3015 1442 3025 1476 :
3083 1425 3258 1480 Nolite
3283 1433 3504 1498 gaudere
3531 1437 3647 1503 quia
3675 1439 3921 1493 dtemonia
3947 1417 4090 1496 tabis

2517 1510 2870 1578 subjiciuntur,
2899 1513 2984 1565 sed
3011 1516 3129 1582 quia
3157 1519 3361 1571 nomina
3377 1533 3537 1575 vestra
3557 1527 3743 1593 scripta
3764 1539 3877 1581 sunt
3903 1531 3954 1582 in
3981 1545 4084 1584 cc-

2518 1599 2579 1649 lis
2601 1599 2751 1669 (Luc.
2786 1603 2872 1658 I0.
2907 1604 3015 1672 20).
3037 1604 3149 1658 Vita
3171 1608 3309 1660 enim
3338 1613 3500 1678 proba
3517 1616 3673 1667 etiam
3705 1617 4083 1683 illisdestituta,

2515 1703 2742 1744 coronas
2773 1693 2989 1762 accipiet
3015 1735 3030 1759 ,
3079 1711 3174 1750 nec
3202 1700 3468 1768 quidpiam
3500 1704 3674 1758 minus
3702 1705 3910 1760 habebit
3935 1709 4078 1776 quod

2517 1779 2618 1834 illis
2645 1795 2824 1839 careat
2848 1805 2860 1839 :
2904 1787 3006 1839 vita
3035 1797 3211 1842 autem
3231 1791 3406 1861 iniqua
3432 1809 3496 1848 ne
3523 1811 3642 1849 cum
3670 1796 3833 1865 signis
3860 1799 4078 1865 quidem

2515 1874 2829 1940 supplicium
2861 1877 3088 1946 effugere
3124 1882 3337 1948 poterit.
3370 1882 3550 1954 Itaque
3573 1901 3959 1955 supervacanea
4001 1897 4088 1943 est

2515 1962 2600 2017 illa
2633 1966 2876 2036 loquendi
2913 1971 3087 2033 ratio;
3140 1988 3237 2026 nec
3281 1985 3478 2030 tantum
3507 1992 3893 2047 supervacanea
3922 2021 3938 2046 ,
3987 1980 4085 2035 sed

2513 2055 2672 2110 etiam
2703 2061 3015 2125 periculosa,
3045 2077 3162 2130 qua:
3179 2066 3360 2120 multis
3385 2067 3754 2123 haereticorum
3780 2085 3933 2125 ansas
3949 2088 4086 2140 pra:-

2513 2143 2644 2199 bere
2702 2151 2885 2216 possit.
2926 2151 3052 2203 Nam
3102 2153 3146 2205 si
3194 2154 3270 2206 illi
3315 2171 3419 2209 non
3471 2171 3533 2210 ex
3567 2160 3837 2225 preposito
3878 2175 3975 2214 suo
4004 2161 4086 2216 sic

2513 2239 2784 2293 mirabiles
2812 2245 3120 2308 evasissent,
3154 2244 3244 2297 sed
3269 2261 3362 2313 per
3387 2246 3582 2300 Christi
3605 2252 3825 2316 gratiam
3850 2259 4078 2316 tantum,

2514 2330 2639 2397 quid
2668 2330 2920 2399 impediat
2945 2336 3225 2402 quominus
3253 2352 3438 2390 omnes
3467 2338 3597 2390 tales
3624 2337 3917 2393 efficiantur
3944 2344 3968 2393 ’ρ

2587 2420 2764 2475 Gratia
2801 2439 3001 2493 Operam
3046 2435 3266 2478 nostram
3293 2428 3513 2496 requirit.
3539 2457 3609 2468 --
3631 2428 3810 2485 Gratia
3845 2447 4076 2500 namque

2513 2513 2612 2566 nisi
2659 2529 2873 2582 operam
2905 2524 3136 2570 nostram
3175 2518 3320 2585 prius
3363 2518 3657 2586 requireret
3681 2559 3696 2585 ,
3723 2520 3997 2576 confertim
4027 2524 4084 2578 in

2513 2605 2748 2657 omnium
2787 2606 2990 2658 animas
3015 2607 3178 2661 elI'usa
3222 2619 3398 2662 esset:
3429 2625 3599 2678 neque
3640 2611 3782 2664 enim
3829 2628 4088 2681 persona.

2511 2707 2628 2746 rum
2675 2703 2922 2762 acceptor
2959 2704 3041 2749 est
3091 2697 3248 2750 Deus.
3297 2697 3400 2753 Sed
3439 2700 3559 2768 quia
3589 2715 3801 2770 operam
3849 2712 4083 2756 nostram

2511 2784 2731 2853 requirit
2756 2825 2770 2848 ,
2801 2785 2919 2839 ideo
2943 2786 3076 2840 alios
3100 2788 3312 2856 quidem
3341 2791 3577 2859 sequitur
3601 2801 3651 2845 et
3675 2807 3793 2846 cum
3827 2793 3928 2846 illis
3956 2809 4083 2860 per-

2511 2884 2692 2929 manet
2717 2917 2730 2939 ,
2761 2877 2828 2931 ab
2853 2877 2970 2931 aliis
2999 2879 3173 2933 evolat
3193 2921 3208 2944 ,
3249 2881 3480 2951 reliquos
3505 2892 3678 2936 autem
3709 2898 3774 2937 ne
3821 2898 3852 2936 a
3885 2885 4082 2952 princi-

2511 2966 2600 3035 pio
2644 2966 2857 3035 quidem
2905 2969 3132 3038 attingit.
3183 2971 3333 3037 Quod
3385 2987 3511 3025 vero
3557 2973 3876 3040 propositum
3932 2975 4084 3042 prius

2510 3065 2806 3123 scrutatus,
2834 3059 2910 3112 sic
2929 3061 3153 3128 gratiam
3181 3059 3384 3115 dederit
3424 3063 3562 3116 Deus
3583 3103 3598 3126 ,
3631 3071 3912 3131 antequam
3947 3064 4077 3117 bea-

2512 3154 2598 3198 tus
2625 3146 2716 3200 ille
2740 3147 3012 3216 quidpiam
3038 3147 3278 3203 mirabile
3317 3151 3675 3214 exhibuisset,
3706 3152 3826 3205 audi
3855 3152 3979 3220 quid
4009 3153 4083 3208 de

2511 3238 2604 3294 illo
2624 3239 2809 3294 dicat:
2866 3239 2963 3294 Vas
3005 3240 3254 3294 electionis
3285 3251 3358 3296 est
3403 3243 3563 3307 mihi,
3594 3253 3648 3295 ut
3689 3253 3846 3311 portet
3897 3259 4078 3296 nomen

2509 3347 2676 3383 meum
2705 3347 2873 3384 coram
2895 3332 3123 3400 gentibus
3151 3342 3200 3385 et
3223 3333 3417 3402 regibus
3451 3341 3496 3386 et
3531 3334 3665 3385 omni
3707 3349 3883 3403 genere
3908 3331 4081 3386 Israel

2511 3423 2647 3491 (Act.
2673 3422 2724 3478 9.
2749 3422 2860 3491 15).
2891 3423 3013 3477 Haec
3037 3425 3200 3492 gratia
3229 3423 3461 3477 nondum
3479 3432 3739 3492 pratsente
3763 3423 4074 3477 testificatus

2509 3524 2592 3570 est
2621 3515 2694 3580 is,
2721 3513 2809 3582 qui
2831 3513 2991 3567 corda
3018 3523 3197 3568 nostra
3219 3522 3500 3568 scrutatur.
3531 3513 3604 3566 Ne
3635 3513 3809 3581 itaque
3837 3522 4073 3566 nosmet-

2509 3607 2657 3676 ipsos
2681 3606 3029 3675 deeipiamus,
3061 3605 3273 3669 dilecti,
3303 3607 3540 3660 dicentes
3571 3620 3674 3658 non
3705 3619 3859 3673 posse
3887 3621 4075 3674 quem-

2509 3697 2647 3765 piam
2666 3695 2816 3751 Pauli
2839 3696 3062 3750 similem
3089 3709 3226 3751 esse.
3249 3696 3457 3751 Etenim
3485 3705 3734 3765 quantum
3761 3696 3824 3748 ad
3849 3697 4071 3764 gratiam

2507 3789 2720 3857 quidem
2757 3798 2812 3842 et
2857 3790 3001 3856 signa
3050 3803 3154 3842 non
3199 3789 3333 3844 alter
3371 3789 3564 3844 Paulus
3607 3795 3787 3854 postea
3826 3788 3945 3852 erit,
3977 3788 4072 3842 sed

2508 3889 2762 3949 quantum
2797 3879 2863 3932 ad
2901 3879 3021 3932 vita:
3050 3879 3376 3950 diligentiam
3403 3921 3417 3944 ,
3449 3879 3687 3947 quisquis
3714 3879 3933 3932 voluerit
3968 3879 4072 3932 hu-

2505 3969 2731 4038 jusmodi
2773 3985 2896 4024 esse
2941 3971 3133 4038 poterit
3165 3989 3178 4023 :
3206 3970 3343 4040 quod
3391 3970 3437 4023 si
3482 3969 3613 4022 tales
3634 3984 3886 4038 nusquam
3927 3971 4071 4025 exsi-

2511 4070 2688 4125 stant,
2715 4077 2780 4115 ex
2810 4076 2876 4116 eo
2899 4061 3040 4130 quod
3069 4061 3237 4116 nolint
3263 4069 3467 4113 tantum
3489 4059 3761 4123 contingit.
3786 4063 3853 4114 At
3889 4061 4072 4113 nescio

2510 4151 2776 4220 quomodo
2801 4153 2852 4205 in
2880 4152 3016 4206 hanc
3035 4151 3412 4206 absurditatem
3437 4149 3683 4218 delapsus
3704 4151 3892 4213 sim,ut
3922 4151 4071 4206 Pauli

2509 4243 2712 4298 similes
2755 4258 2894 4298 nunc
2937 4243 3223 4313 requiram,
3251 4256 3368 4294 cum
3415 4255 3512 4293 nec
3553 4241 3707 4294 tertio
3749 4257 3844 4295 nec
3887 4251 4072 4310 quarto

2509 4343 2632 4402 post
2658 4335 2800 4387 illum
2830 4333 2995 4403 gradu
3039 4332 3243 4402 positos
3273 4329 3452 4384 videre
3477 4345 3684 4399 queam.
3722 4332 3842 4385 Ideo
3882 4345 4072 4398 nempe

2509 4427 2816 4498 lugendum,
2841 4425 3230 4481 lamentandum
3257 4431 3306 4478 et
3348 4421 3692 4492 plangendum
3735 4433 3942 4478 estnon
3969 4436 4070 4475 una

2511 4519 2595 4573 vel
2622 4519 2788 4571 altera
2809 4519 2896 4571 die
2921 4559 2935 4583 ,
2964 4517 3060 4571 sed
3084 4531 3180 4585 per
3207 4523 3367 4568 totam
3393 4515 3551 4567 vitam
3577 4533 3590 4568 :
3614 4530 3730 4569 nam
3753 4517 3796 4569 si
3825 4515 3941 4583 quis
3969 4512 4072 4565 hoc

2511 4621 2573 4661 se
2614 4607 2773 4660 modo
2815 4607 3063 4660 alI'cctum
3106 4605 3436 4673 praestiterit,
3483 4619 3584 4660 non
3633 4606 3784 4661 facile
3824 4606 4072 4669 deinceps

2513 4697 2771 4765 peccabit.
2797 4695 2947 4762 Quod
3000 4698 3044 4748 si
3095 4695 3179 4748 his
3227 4709 3332 4748 non
3363 4695 3544 4750 credas
3598 4697 3788 4760 dictis,
3836 4696 4072 4762 lugentes

2514 4785 2791 4841 considera
2831 4799 2944 4850 eos,
2973 4785 3061 4855 qui
3086 4785 3229 4838 luctu
3258 4786 3491 4840 szeculari
3522 4789 3854 4849 cruciantur;
3880 4799 3979 4836 non
4006 4799 4072 4837 ex

2515 4877 2870 4932 multitudinis
2893 4892 3115 4932 numero
3137 4919 3152 4942 ,
3199 4893 3367 4946 neque
3392 4895 3570 4934 eorum
3597 4922 3610 4942 ,
3639 4882 3725 4949 qui
3756 4876 4069 4931 laboriosam

2513 4970 2674 5023 vitam
2709 4969 2932 5032 ducunt,
2961 4966 3053 5021 sed
3097 4982 3161 5020 ex
3199 4983 3417 5022 numero
3458 4969 3796 5022 delicatorum
3821 4965 4069 5029 illorum,

2514 5058 2604 5129 qui
2627 5057 2756 5112 nihil
2786 5057 2928 5112 aliud
2972 5064 3202 5121 norunt,
3237 5070 3393 5124 quam
3436 5058 3671 5113 delicias.
3718 5055 3776 5106 lli
3804 5053 3939 5105 enim
3970 5094 3984 5113 ,
4018 5054 4072 5106 ιιι

2513 5149 2602 5218 qui
2631 5147 2873 5203 ebrietati
2898 5155 2951 5198 et
2977 5145 3147 5198 ventri
3177 5145 3409 5214 student,
3440 5148 3529 5216 qui
3557 5143 3770 5212 prandia
3813 5157 3974 5208 usque
4004 5143 4072 5196 ad

2511 5254 2795 5309 vesperum
2840 5236 3172 5307 producunt,
3204 5246 3257 5292 et
3302 5253 3482 5293 coenas
3524 5236 3587 5288 ad
3630 5233 3854 5286 mediam
3906 5249 4074 5302 usque

2514 5338 2726 5384 noctem
2753 5369 2769 5393 ,
2801 5326 2889 5396 qui
2919 5325 3092 5379 aliena
3115 5328 3358 5396 rapiunt,
3391 5329 3477 5397 qui
3502 5337 3670 5391 neque
3694 5324 3939 5390 pauperi,
3975 5343 4071 5377 ne-

2513 5435 2618 5489 que
2639 5419 2830 5482 viduas,
2861 5430 3029 5485 neque
3058 5416 3198 5486 inopi
3229 5426 3484 5488 parcunt,
3512 5413 3601 5482 qui
3642 5425 3877 5478 magnam
3921 5415 4075 5468 eahi-

2515 5510 2644 5564 bent
2659 5505 3046 5572 crudelitatem,
3063 5508 3108 5562 si
3133 5508 3342 5578 quando
3368 5509 3508 5559 luctu
3534 5502 3675 5568 gravi
3701 5505 4073 5573 corripiantur,

2515 5599 2602 5668 qui
2633 5596 2801 5666 possit
2843 5596 3071 5650 animam
3115 5595 3355 5651 funditus
3399 5605 3612 5646 movere
3649 5598 3702 5644 et
3737 5594 4070 5660 perturbare,

2515 5698 2640 5743 tunc
2669 5687 2846 5742 missis
2871 5688 2974 5744 illis
3001 5689 3328 5759 voluptuosis
3353 5683 3611 5752 iniquisve
3633 5685 4034 5754 cogitationibus
4053 5723 4071 5750 ,

2515 5779 2569 5832 in
2601 5777 3036 5848 philosophorum
3065 5781 3222 5833 vitam
3249 5790 3306 5830 se
3339 5776 3677 5843 transferunt,
3708 5779 4071 5840 severitatem,

2501 5868 2750 5937 vigilias,
2782 5870 2925 5924 humi
2975 5868 3308 5924 eubationem
3334 5905 3348 5930 ,
3380 5865 3706 5922 tolerantiam
3727 5909 3742 5933 ,
3769 5869 4022 5938 jejunium
4051 5905 4069 5928 ,

2518 5959 2803 6029 silentium,
2837 5958 3169 6024 modestiam,
3192 5955 3556 6026 humilitatem,
3586 5958 4069 6022 humanitatemque
