4454 6736
164 524 279 579 «107

160 639 458 706 ).ἐγοντες⁹
511 633 748 700 Ἐκεῖνος
796 635 1008 702 Παῦλος
1061 633 1149 704 ἦν,
1185 633 1453 703 ,κάκεῖνος
1500 631 1707 703 Πέτρος
1757 627 1849 703 ἦν,

167 719 428 779 κακεῖνος
456 717 730 788 Ἰωάννης.
747 718 814 770 Τί
835 713 1006 780 ἐστιν,
1034 715 1272 774 Ἐκεῖνος
1297 709 1507 774 Παῦλος
1531 706 1622 780 ἦν,
1649 712 1855 788 ἐκεῖνος

170 799 382 869 Πέτρος
421 792 520 868 ἦν;
563 797 625 851 ού
653 785 753 869 τῆς
797 797 969 865 αὐτῆς
1010 790 1402 863 φύσεως,ἐίπέ
1434 805 1546 861 μοι,
1577 790 1673 844 καὶ
1708 785 1854 848 οὗτοι

170 878 463 944 patet/‘0‘“
501 877 562 930 ού
608 877 696 930 διά
730 875 828 944 τῆς
862 871 1037 940 αὐτῆς
1064 869 1186 923 ὁδοῦ
1235 869 1598 940 παρήχθησαν
1638 871 1720 933 είς
1762 869 1855 924 τὸν

171 953 291 1023 βίον
326 957 489 1026 ἡμῖν,
525 956 584 1008 οὐ
615 957 735 1017 ταῖς
763 954 955 1012 αὑταῖς
993 950 1307 1021 ἐτράφησαν
1343 953 1611 1020 τροφαῖς;
1662 950 1724 1002 ού
1764 949 1855 1004 τὸν

166 1035 338 1088 αὑτὸν
386 1037 723 1090 ἀνέπνευσαν
777 1032 952 1101 ἁέρα;
1003 1031 1065 1083 ού
1126 1032 1448 1103 πράγμασιν
1501 1032 1854 1102 ἐχρήσαντοει

167 1116 290 1177 τοῖς
323 1116 542 1178 αύτοῖςς
581 1114 643 1166 ού
650 1131 682 1181 χ
725 1109 774 1163 οἱ
811 1109 908 1178 μὲν
939 1108 1117 1162 αὐτῶν
1163 1112 1257 1164 καὶ
1289 1113 1553 1180 γυναῖκας
1591 1105 1737 1181 εἶχον
1763 1110 1858 1163 καὶ

171 1195 391 1259 παῖδας,
423 1196 471 1247 οί
505 1193 562 1246 δέ
591 1191 685 1244 καὶ
722 1188 918 1258 τέχνας
945 1188 1225 1260 βιωτικάς,
1259 1191 1435 1262 ἕτεροι
1457 1190 1512 1242 δὲ
1534 1189 1628 1242 καὶ
1651 1190 1732 1250 είς
1760 1187 1859 1239 αύ-

169 1273 238 1324 τδ
264 1274 362 1343 τῆς
387 1271 586 1333 κακίας
606 1268 668 1322 τὸ
693 1267 965 1340 βάραθρον
987 1269 1434 1340 κατηνέχθησαν;
1468 1266 1630 1321 Ἀλλά
1655 1264 1860 1332 πολλῆς

175 1352 522 1421 ἀπήλαυσαν,
555 1348 710 1417 φησὶ,
744 1349 844 1420 τῆς
892 1350 987 1404 τοῦ
1018 1349 1154 1404 Θεοῦ
1199 1352 1444 1421 χάριτος.
1497 1345 1638 1399 Ἀλλ’
1676 1345 1726 1397 εί
1757 1343 1858 1413 μὲν

170 1432 406 1501 νεκροὺς
443 1427 744 1498 ἀναστῆσαι
790 1429 1174 1500 ἐκελευόμεθα,
1211 1429 1246 1498 ἢ
1297 1424 1612 1494 ὀφθαλμοὺς
1650 1421 1859 1488 ἀνοῖξαι

170 1509 420 1578 τυφλῶν,
465 1507 499 1577 ἢ
539 1508 830 1581 καθαρίσαι
873 1508 1182 1578 λεπροῦς,ἢ
1231 1505 1438 1575 χωλοὺς
1473 1503 1500 1543 ι)
1530 1502 1858 1575 ἀνορθῶσαι,

173 1589 210 1658 ἢ
240 1586 502 1658 δαίμονας
525 1587 792 1651 ἐκϐαλεῖν,
820 1589 914 1643 καὶ
934 1587 1033 1651 τὰς
1065 1586 1230 1648 ἄλλας
1260 1583 1359 1646 τὰς
1389 1583 1647 1647 τοιαύτας
1679 1581 1861 1636 ἰᾶσθαι

177 1675 390 1731 νόσους,
423 1668 608 1740 καιρὸν
643 1668 709 1722 ἂν
744 1664 857 1739 εἶχε
896 1667 966 1720 τὰ
1009 1667 1108 1734 τῆς
1147 1664 1445 1732 ἀπολογίας
1473 1662 1679 1732 ταύτης
1705 1664 1858 1733 ἡμῖν·

180 1750 230 1800 εἰ
270 1747 327 1799 δὲ
378 1748 652 1812 πολιτείας
691 1747 938 1812 ἐξέτασις
985 1745 1268 1815 πρόκειται
1309 1742 1427 1803 νῦν.
1468 1742 1564 1796 καὶ
1615 1742 1864 1813 ὑπακοῆς

180 1825 462 1893 ἐπίδειξις,
499 1830 650 1880 ποῖον
692 1825 868 1879 ταῦτα
905 1824 1043 1893 πρὸς
1069 1825 1276 1877 ἐκεῖνον
1301 1823 1366 1878 ἂν
1394 1823 1505 1894 ἔχοι
1539 1821 1730 1891 λόγον;

253 1907 365 1960 Καὶ
381 1909 489 1980 γάρ
507 1908 599 1962 καὶ
620 1909 683 1961 σὺ
702 1906 853 1967 θείας
869 1904 1188 1974 ἀπήλαυσας
1206 1903 1427 1973 χάριτος
1443 1899 1857 1974 βαπτιζόμενος,

181 1987 278 2040 καὶ
310 1987 626 2057 Πνεύματος
672 1986 952 2057 μετέσχες,
995 1985 1044 2036 εί
1087 1984 1180 2037 καὶ
1213 1985 1286 2054 μὴ
1317 1985 1454 2055 πρὸς
1478 1983 1538 2037 τὸ
1564 1982 1633 2036 τὰ
1659 1982 1860 2052 σημεῖα

182 2070 380 2131 ποιεῖν,
426 2069 540 2121 ἀλλ’
581 2068 703 2120 ὅσον
748 2065 911 2134 ἀρκεῖ
953 2063 1088 2135 πρὸς
1135 2064 1195 2116 τὸ
1232 2063 1507 2116 πολιτείαν
1554 2062 1721 2133 ὀρθὴν
1770 2062 1863 2114 καὶ¹

179 2147 565 2218 ἠκριϐωμένην
587 2144 791 2197 λαϐεῖν’
811 2141 952 2196 ὥστε
984 2143 1254 2213 ῥᾳθυμίας
1287 2142 1445 2210 μόνον
1465 2141 1564 2210 τῆς
1585 2140 1864 2212 ἡμετέρας

184 2226 332 2277 ἐστὶν
377 2228 409 2295 ἡ
442 2223 760 2294 διαστροφή.
795 2221 904 2274 Kal
937 2223 965 2275 6
997 2221 1230 2294 Χριστὸς
1267 2221 1324 2274 δέ
1355 2218 1496 2273 κατά
1523 2219 1620 2287 τὴν
1651 2218 1866 2295 ἡμέραν

188 2293 408 2374 ἐκείνην
441 2305 501 2355 ού
531 2293 642 2362 τοῖς
683 2300 753 2354 τὰ
786 2303 988 2371 σημεῖα
1021 2293 1419 2372 ἐργασαμένοις
1455 2295 1642 2358 ἁπλῶς
1677 2293 1748 2374 τὰ
1770 2294 1869 2374 ἕπε

187 2381 329 2435 αθλα
358 2372 590 2446 δίδωσιν,
621 2379 756 2434 ἀλλὰ
781 2383 896 2443 τοῖς
921 2379 992 2433 τά
1020 2379 1418 2451 προστάγματα
1449 2373 1778 2443 πεποιηκόσι
1798 2372 1868 2428 τὰ

189 2459 375 2515 αὑτοῦ.
399 2460 576 2512 Δεῦτε
600 2459 728 2530 γάρ,
763 2459 948 2529 φησὶν,
979 2462 1032 2513 οί
1064 2453 1461 2525 εὐλογημένοι
1496 2451 1604 2506 τοῦ
1635 2452 1868 2519 Πατρός

185 2557 328 2608 μου,
364 2538 860 2608 κληρονομήσατε
893 2537 1010 2604 τὴν
1033 2532 1488 2604 ἡτοιμασμένην
1511 2530 1656 2600 ὑμῖν
1680 2531 1868 2596 ,ϐασιο

188 2617 367 2671 λείαν
393 2617 512 2671 ἀπὸ
548 2616 891 2685 καταϐολῆς
926 2619 1182 2684 κόσμου,
1232 2613 1332 2683 οὐχ
1367 2613 1452 2666 ὅτι
1488 2610 1868 2682 ἐθαυματουρ-

188 2697 418 2764 γήσατε,
451 2697 565 2751 ἀλλ’
592 2697 674 2750 ὅτι
705 2696 1054 2759 Ἐπείνασα,
1081 2693 1177 2746 καί
1211 2689 1470 2744 ἐδώκατέ
1494 2706 1596 2759 μοι
1632 2687 1864 2759 φαγεῖν·

187 2775 479 2843 ἐδίψησα,
510 2775 608 2830 καὶ
637 2773 956 2829 ἐποτίσατέ
997 2788 1093 2842 με·
1133 2771 1312 2836 ξένος
1358 2768 1539 2838 ἤμην,
1583 2767 1679 2822 καί
1718 2782 1872 2822 συν-

190 2853 441 2922 ηγάγετέ
467 2870 563 2922 με’
595 2854 844 2922 γυμνὸς,
865 2851 964 2905 καί
1003 2847 1383 2918 περιεϐάλετέ
1407 2864 1502 2916 με·
1529 2845 1868 2914 ἠσθένησα,

191 2933 290 2986 καὶ
331 2930 755 2998 ἐπεσκέψασθέ
785 2946 881 2999 με’
914 2929 985 2982 ἐν
1024 2925 1272 2997 φυλακῇ
1303 2925 1485 2995 ἤμην,
1520 2925 1617 2978 καὶ
1653 2924 1872 2992 ἤλθετε

192 3011 344 3079 πρὸς
365 3011 462 3079 μέ.
489 3008 637 3081 [157]
668 3010 778 3063 Kal
797 3012 856 3062 ὲν
873 3010 987 3072 τοῖς
1016 3007 1384 3078 μακαρισμοῖς
1404 3005 1460 3057 δέ
1483 3001 1720 3075 οὐδαμοῦ
1744 3005 1873 3068 τοὺς

193 3089 264 3142 τὰ
295 3088 550 3160 θαύματα
589 3087 875 3152 ποιοῦντας
911 3086 1147 3159 τίθησιν,
1185 3085 1321 3140 ἀλλὰ
1344 3085 1469 3150 τοὺς
1502 3083 1617 3156 βίον
1647 3083 1875 3156 ἔχοντας

195 3166 379 3237 ὀρθόν.

268 3245 333 3298 θ’.
371 3245 533 3299 Ὥστε
559 3245 608 3299 εί
634 3245 729 3300 καὶ
753 3244 938 3317 ἐκείνη
958 3245 1312 3301 συνέσταλται
1330 3244 1425 3301 νῦν
1442 3244 1476 3314 ἡ
1499 3243 1682 3317 χάρις,
1719 3243 1873 3299 οὐδὲν

195 3325 346 3393 ἡμᾶς
393 3325 748 3396 παραϐλάψαι
795 3325 954 3379 τοῦτο
996 3327 1306 3398 δυνήσεται,
1365 3324 1480 3378 ἀλλ’
1513 3325 1636 3378 οὐδὲ
1671 3323 1875 3378 ἀπολο-

198 3403 470 3474 γήσασθαι
504 3404 643 3475 ὑπὲρ
667 3403 847 3475 ήμῶν,
879 3405 1005 3458 ὅταν
1042 3405 1140 3468 τὰς
1167 3403 1396 3470 εὐθύνας
1427 3405 1718 3475 ύπέχωμεν
1767 3402 1876 3456 τῶν

199 3481 621 3553 πεπραγμένων.
654 3484 764 3536 Καὶ
793 3484 902 3556 γάρ
934 3485 1061 3546 τοὺς
1093 3484 1399 3556 μακαρίους
1433 3483 1676 3546 ἐκείνους
1699 3481 1758 3535 ού
1790 3480 1879 3535 διὰ

198 3562 272 3612 τὰ
311 3565 508 3632 σημεῖα
543 3561 916 3634 θαυμάζομεν*
963 3562 1124 3616 τοῦτο
1164 3562 1274 3631 γὰρ
1306 3563 1427 3616 ὅλον
1466 3562 1566 3633 τῆς
1607 3560 1703 3616 τοῦ
1741 3559 1878 3614 Θεοῦ

199 3641 482 3712 δυνάμεως
508 3636 576 3712 ἦν
608 3653 655 3681 θ’
684 3642 803 3696 ἀλλ’
826 3644 910 3696 ὅτι
937 3643 1213 3697 πολιτείαν
1257 3643 1604 3708 ἐπεδείξαντο
1656 3641 1880 3712 ἀγγελι-

202 3721 327 3790 κήνο
383 3720 540 3774 τοῦτο
579 3720 634 3774 δὲ
681 3721 820 3792 μετά
857 3722 962 3792 τῆς
989 3722 1197 3776 ἄνωθεν
1233 3723 1408 3794 ῥοπῆς
1452 3724 1547 3776 καὶ
1573 3721 1674 3792 τῆς
1700 3721 1880 3776 αὐτῶν

205 3799 438 3868 σπουδῆς
475 3801 634 3872 ἔργον
663 3803 799 3856 ἐστί.
835 3803 948 3856 Kal
975 3803 1076 3856 οὐκ
1102 3801 1214 3870 ἐγὼ
1246 3802 1406 3859 τοῦτο
1431 3802 1576 3871 λέγω
1601 3802 1717 3867 νῦν,
1745 3800 1882 3855 ἀλλά

204 3882 298 3935 καὶ
331 3883 494 3946 αὐτὸς
542 3885 749 3946 ἐκεῖνος
792 3883 821 3936 6
851 3883 946 3936 τοῦ
988 3883 1227 3954 Χριστοῦ
1288 3883 1557 3954 μιμητής.
1606 3882 1737 3936 Ὅτε
1772 3881 1884 3952 γάρ

203 3962 344 4033 πρὸς
381 3964 508 4028 τοὺς
540 3962 1008 4034 ψευδαποστόλους
1049 3963 1338 4016 διετείνετο
1367 3962 1597 4034 γράφων
1633 3963 1745 4024 τοῖς
1782 3977 1884 4032 μα-

206 4041 418 4112 θηταῖς,
451 4045 545 4097 καὶ
578 4043 638 4096 τὸ
669 4041 831 4114 μέσον
860 4043 962 4113 τῆς
989 4043 1216 4114 δοκίμου
1252 4060 1311 4095 τε
1352 4043 1446 4096 καὶ⁹
1488 4041 1742 4113 κιϐδήλου
1776 4041 1886 4094 δια-

205 4123 392 4185 κονίας
421 4122 770 4193 παραστῆσαι
794 4122 1066 4186 ἐϐούλετο,
1088 4123 1191 4176 οὐκ
1215 4123 1323 4178 ἀπὸ
1344 4123 1454 4176 τῶν
1479 4122 1742 4195 σημείων,
1767 4120 1884 4174 ἀλλ’

206 4201 318 4255 ἀπὸ
348 4201 456 4256 τῶν
497 4198 937 4274 κατορθωμάτων
977 4201 1141 4257 αὑτοῦ
1175 4202 1333 4256 τοῦτο
1362 4202 1638 4273 ἐποίησεν,
1685 4198 1886 4255 οὑτωσὶ

207 4277 402 4347 λέγων·
431 4282 702 4336 Διάκονοι
749 4280 1010 4351 Χριστοῦ
1046 4282 1203 4348 εἱσι;
1251 4279 1650 4350 παραφρονῶν
1681 4275 1885 4341 λαλῶ;

207 4359 362 4427 ὑπὲρ
389 4360 523 4430 ἐτώο
553 4362 622 4414 ἐν
643 4362 856 4425 κόποις
883 4360 1343 4431 περισσοτέρως,
1364 4361 1436 4415 ἐν
1463 4357 1767 4429 φυλακαῖς
1786 4373 1889 4411 πε-

202 4439 596 4508 ρισσοτέρως,
636 4439 706 4492 ἐν
733 4440 995 4508 πληγαῖς
1024 4440 1546 4507 ὑπερϐαλλόντως,
1595 4439 1667 4492 ἐν
1703 4435 1886 4492 θανά-

208 4533 334 4583 τοις
354 4515 671 4582 πολλάκις”
699 4517 820 4570 ὑπὸ
849 4517 1156 4572 Ἰουδαίων
1177 4517 1462 4582 πεντάκις
1481 4517 1890 4586 τεσσαράκον-

208 4611 284 4646 τα
315 4595 474 4663 παρὰ
504 4595 653 4663 μίαν
683 4595 922 4659 ἔλαϐον,
957 4594 1084 4662 τρὶς
1117 4595 1540 4664 ἐρῤαϐδίσθην,
1567 4595 1730 4661 ἅπαξ
1762 4595 1886 4649 ἐλι-

213 4673 468 4741 θάσθην,
487 4673 614 4742 τρίς
633 4671 1000 4742 ἐναυάγησα,
1023 4671 1403 4742 νυχθήμερον
1423 4674 1494 4728 ἐν
1506 4673 1586 4740 τῷ
1601 4673 1772 4740 ,βυθῷ
1793 4686 1891 4726 πε-

215 4755 457 4820 ποίηκαο
490 4752 853 4821 ὁδοιπορίαις
885 4750 1200 4818 πολλάκις,
1235 4752 1544 4822 κινδύνοις
1584 4752 1886 4822 ποταμῶν,

214 4831 519 4898 κινδύνοις
561 4829 828 4900 λῃστῶν,
869 4829 1172 4896 κινδύνοις
1203 4829 1272 4883 ἐκ
1311 4831 1548 4901 ¹γένους,
1583 4832 1890 4898 κινδύνοις

213 4911 283 4974 ἐξ
318 4911 526 4976 ἐθνῶν,
559 4910 862 4975 κινδύνοις
895 4909 965 4963 ἐν
992 4909 1184 4971 πόλει,
1223 4910 1530 4979 κινδύνοις
1564 4910 1886 4980 ἐνέρημίᾳ,

216 4990 522 5058 κινδύνοις
543 4991 612 5044 ὲν
641 4988 946 5057 θαλάσσῃ,
987 4986 1294 5056 κινδύνοις
1323 4989 1392 5044 ὲν
1419 4990 1887 5060 ψευδαδέλφοις,

216 5067 287 5122 ἐν
318 5071 502 5135 κόπῳ,
528 5069 598 5123 ἐν
620 5071 847 5139 μόχθῳ,
878 5068 950 5121 ὲν
971 5067 1327 5134 ἀγρυπνίαις
1351 5069 1667 5135 πολλάκις.
1700 5069 1770 5121 ἐν
1796 5069 1890 5121 λι-

211 5147 306 5218 μῷ
357 5150 454 5202 καὶ
486 5150 650 5218 δίψει
682 5149 734 5215 ἀ,
778 5150 850 5203 ἐν
887 5147 1197 5214 νηστείαις
1237 5149 1556 5214 πολλάκις,
1606 5149 1676 5201 ἐν
1706 5147 1891 5216 ψύχει

220 5230 317 5282 καὶ
344 5233 686 5298 γυμνότητι.
719 5229 904 5299 Χωρὶς
931 5226 1049 5282 τῶν
1074 5226 1389 5294 παρεκτὸς,
1418 5227 1457 5294 ἡ
1488 5227 1894 5292 ἐπισύστασίς

217 5326 334 5378 μου
368 5310 404 5376 ἡ
440 5311 567 5363 καθ’
595 5309 844 5379 ἡμέραν,
879 5308 918 5376 ή
951 5306 1206 5377 μέριμνα
1246 5305 1462 5360 πασῶν
1493 5307 1611 5360 τῶν
1647 5307 1895 5372 Ἐκκλη-

221 5386 391 5442 σιῶν.
425 5388 519 5453 Τίς
545 5388 807 5456 ἀσθενεῖ,
837 5387 935 5443 καὶ
961 5389 1070 5441 οὐκ
1096 5383 1368 5448 ἀσθενῶ;
1395 5385 1489 5452 τίς
1508 5383 1896 5445 σκανδαλίζε-

222 5484 337 5537 ται,
365 5466 467 5522 καὶ
499 5469 610 5522 οὐκ
643 5468 759 5537 ἐγὼ
783 5468 1116 5539 πυροῦμαι;
1144 5464 1244 5519 Διά
1274 5462 1448 5518 ταῦτα
1475 5464 1740 5536 θαυμάζω
1767 5465 1898 5533 τοὺς

289 5609 468 5686 ξριίὶρ.
495 5608 801 5686 ἐχειρίσαντρ.

287 5671 316 5712 1³
343 5672 476 5734 Colb.
507 5667 816 5734 ἐκελευγὸμεθα
830 5671 912 5717 καὶ
931 5670 1196 5734 ὀφθαλμοὺς
1215 5667 1418 5732 τυφλῶν,
1442 5667 1524 5715 καὶ
1546 5667 1754 5730 χωλούς,
1796 5674 1894 5717 etc.

226 5734 332 5785 Mox
360 5733 492 5782 «τοιδ.
517 5733 632 5795 πρὸς
656 5732 826 5795 ἐκεέια.

290 5799 313 5828 ο
344 5789 658 5853 Ουίᾶαῐη’τῆς
682 5791 768 5840 τοῦ
791 5789 915 5855 Θεοῦ
937 5794 1126 5855 χάριτος
1145 5795 1219 5852 ἢν.

293 5859 318 5896 σι
341 5851 489 5906 Savil.
514 5855 814 5917 (ἶοιμὸίψει,
840 5851 1015 5903 Μοιίειζ
1039 5851 1173 5917 δίψῃ.
1221 5854 1347 5904 Infra
1377 5853 1527 5904 Savil.
1555 5857 1627 5917 et_
1641 5851 1898 5917 C91b._m-

230 5923 328 5970 σῶν
349 5922 442 5968 τῶν
466 5919 594 5965 ἐκκλ.
622 5913 794 5965 Μυτει.
818 5920 953 5963 πᾶσα
988 5916 1082 5961 τῶν
1102 5913 1235 5962 ’ἐκκλὶ
1277 5917 1432 5964 Paulo
1457 5921 1566 5975 post
1597 5913 1734 5963 Cmb.
1781 5914 1894 5974 ἐγώ’

228 5989 273 6033 οι
294 5986 382 6045 γὰρ
413 5980 608 6031 τούτων.
638 5977 766 6052 ξηιλ-α
809 5979 938 6053 ἰάθη]
973 5977 1172 6053 Χριστος
1195 5994 1330 6051 φησι,
1370 5976 1726 6052 πολλοίὲμιῐιίτα
1757 5978 1897 6048 jdem

231 6038 547 6102 ἐπόιῆσαμενς
572 6042 652 6086 καὶ
678 6041 785 6089 τότε
831 6038 1115 6101 ὁμολογήσω
1157 6038 1334 6099 αὐτοῖς,
1377 6041 1450 6088 ὅτι
1476 6039 1709 6101 ⁶οὐδέποτε
1753 6040 1898 6100 ἔγνων

230 6110 370 6171 ὑμᾶς,
393 6103 698 6167 ἀποχωρεῖτε.

1086 515 1793 598 DECOMPCNCTIONE,
1835 513 1927 600 ᾼΙ)
1965 513 2398 572 DEMETRIUM.
2443 514 2570 570 LIB.
2615 514 2653 568 Ι.

3523 511 3631 568 £98

1955 634 2293 697 ἀποστόλους
2337 633 2470 703 ἐγὼο
2496 632 2572 699 ὼς
2599 631 2665 704 ςοῖ
2703 632 2767 699 γε
2790 626 3012 686 τούτων
3051 628 3225 701 χωρὶς
3250 627 3633 694 ’ἐπιδείξασθαι

1961 717 2168 785 σημεῖα
2189 713 2280 767 διά
2298 728 2443 775 τινος
2467 709 2781 780 οἰκονομίας
2800 709 3246 780 συγχωρηθέντες
3273 708 3333 760 ού
3356 707 3517 778 μόνον
3530 708 3634 762 οὐκ

1960 794 2211 862 ἐγένοντο
2249 792 2603 861 θαυμαστοὶ,
2627 790 2766 844 ἁλλά
2812 789 2910 843 καὶ
2947 790 3216 860 ἀδόκιμοι,
3250 786 3438 852 καθὼς
3480 786 3576 841 καὶ
3607 790 3636 840 6

1962 871 2198 944 Χριστὸς
2228 871 2468 923 δείκνυσι
2488 871 2664 939 λέγων
2685 887 2699 900 ’
2724 867 2954 924 Πολλοί
2981 868 3192 935 ἐροῦσί
3211 886 3313 936 μοι
3335 868 3406 922 ἐν
3428 867 3636 934 ἐκείνη

1962 951 2036 1019 τῇ
2071 949 2282 1018 ἡμέρᾳ·
2313 949 2509 1015 Κύριε,
2537 951 2734 1016 Κύριε,
2762 949 2837 1004 οὐ
2862 946 2941 1013 τῷ
2977 944 3070 1011 σῷ
3096 947 3338 1014 ὀνόματι
3370 963 3638 1015 προεμη-

1961 1029 2284 1096 τεύσαμεν,
2315 1026 2414 1080 καὶ
2443 1027 2526 1090 τῷ
2553 1028 2644 1092 σῷ
2674 1031 2919 1097 ὀνόματι
2943 1025 3220 1094 δαιμόνια
3244 1025 3636 1094 ἐξεϐάλομεν,

1964 1105 2064 1159 καὶ
2097 1105 2176 1171 τῷ
2201 1105 2292 1172 σῷ
2321 1106 2566 1174 ὀνόματι
2604 1107 2840 1172 πολλὰς
2886 1105 3174 1175 δυνάμεις
3221 1105 3640 1175 ἐποιήσαμεν;

1963 1185 2078 1241 Καὶ
2111 1184 2226 1253 ἐρῶ
2253 1185 2482 1252 αὐτοῖς’
2524 1185 2912 1254 Ἀποχωρεῖτε
2950 1187 3054 1240 ἀπ’
3098 1185 3272 1255 ἐμοῦ,
3320 1184 3546 1251 πάντες
3585 1187 3640 1238 al

1965 1263 2339 1336 ἐργαζόμενοι
2368 1265 2484 1335 τὴν
2507 1266 2786 1334 ἀνομίαν-⁸
2804 1265 3093 1319 οὐδέποτε
3115 1265 3310 1334 ἔγνων
3341 1263 3516 1334 ὑμᾶς.
3541 1263 3642 1317 Διά

1966 1345 2124 1400 τοῦτο
2169 1349 2265 1401 καὶ
2291 1349 2402 1412 τοῖς
2449 1347 2717 1419 μαθηταῖς
2759 1345 2993 1419 παρῄνει
3032 1344 3226 1412 λέγων’
3276 1344 3371 1410 Μὴ
3407 1344 3643 1414 χαίρετε

1967 1423 2055 1478 ὅτι
2096 1424 2168 1479 τὰ
2211 1418 2486 1496 δαιμόνια
2525 1426 2668 1494 ὑμῖν
2717 1418 3128 1480 ὑποτάσσεται
3159 1434 3203 1486 ε,
3245 1423 3381 1476 ἀλλ’
3439 1421 3528 1474 ὅτι
3572 1421 3648 1474 τὰ

1968 1505 2230 1573 ὀνόματα
2271 1503 2438 1573 ὑμῶν
2487 1504 2806 1574 γέγραπται
2854 1504 2925 1557 ἐν
2963 1503 3089 1569 τοῖς
3139 1500 3438 1570 οὐρανοῖς.
3484 1499 3646 1554 Πολι-

1967 1583 2088 1635 τεία
2129 1583 2229 1652 μὲν
2261 1585 2369 1654 γὰρ
2397 1582 2532 1654 ὀρθὴ
2567 1583 2661 1634 καὶ
2703 1583 2905 1636 τούτων
2939 1584 3107 1654 χωρὶς
3147 1580 3486 1652 ἀπολήψεται
3519 1579 3647 1642 τοὺς

1971 1662 2290 1730 στεφάνους,
2331 1662 2426 1714 καὶ
2458 1661 2612 1715 οὐδὲν
2663 1661 2880 1714 ἔλαττον
2915 1661 3026 1725 ἕξει
3057 1663 3208 1732 παρὰ
3238 1663 3396 1715 τοῦτο
3441 1661 3561 1714 τότε
3596 1658 3646 1699 ίο

1973 1741 2087 1812 βίος
2127 1741 2185 1796 δέ
2227 1743 2544 1813 παράνομος
2586 1743 2707 1799 οὐδέ
2751 1740 2890 1813 μετά
2933 1741 3173 1811 σημείων
3226 1741 3510 1810 δυνήσεται
3547 1739 3648 1813 την

1973 1811 2192 1877 κόλασιν
2239 1811 2520 1892 ἐκφυγεῖν.
2572 1811 2761 1878 ⁴Ὠστε-
2797 1820 3052 1892 περιττὸς
3093 1821 3223 1889 ἡμῖν
3278 1821 3308 1871 6
3348 1819 3505 1887 λόγος
3557 1811 3652 1870 οῦ-

1967 1903 2061 1966 τός
2109 1902 2280 1967 ἐστιν,
2321 1903 2383 1956 ού
2425 1905 2678 1975 περιττὸς
2721 1902 2778 1956 δὲ
2822 1903 3003 1972 μόνον,
3051 1898 3189 1954 ἀλλὰ
3231 1899 3326 1953 καὶ¹
3371 1899 3651 1953 ἐπικίνδυ-

1968 1999 2081 2046 νος,
2137 1983 2234 2036 καὶ
2281 1983 2497 2046 πολλοῖς
2537 1983 2649 2036 τῶν
2701 1982 2994 2053 αίρετικῶν
3048 1981 3303 2050 παρέχων
3348 1978 3540 2043 λαϐάς.
3587 1980 3654 2032 Et

1969 2060 2080 2133 γάρ
2122 2062 2198 2133 μὴ
2243 2063 2333 2117 διά
2370 2064 2470 2132 τὴν
2497 2063 2704 2116 οἰκείαν
2745 2064 2945 2116 ἐκεῖνοι
2979 2060 3298 2131 προαίρεσιν
3326 2057 3500 2123 οὕτως
3530 2057 3656 2128 ἐγέ-

1970 2157 2124 2206 νοντο
2153 2141 2478 2212 θαυμαστοὶ,
2505 2142 2643 2196 ἀλλά
2673 2141 2762 2196 διὰ
2791 2142 2892 2215 τὴν
2915 2139 3008 2194 τοῦ
3030 2139 3266 2212 Χριστοῦ
3302 2141 3328 2180 8
3357 2139 3516 2211 χάριν
3559 2139 3654 2210 μό-

1972 2234 2082 2282 νον,
2118 2219 2170 2270 τί
2198 2219 2259 2273 τὸ
2290 2219 2497 2272 κωλύον
2528 2219 2775 2283 ἅπαντας
2809 2218 3082 2281 τοιούτους
3120 2216 3406 2286 γενέσθαι;

2027 2295 2091 2350 Ἡ
2103 2297 2212 2368 γὰρ
2223 2298 2383 2370 χάρις
2394 2299 2534 2369 εἰμὴ
2549 2296 2620 2351 τὰ
2634 2300 2762 2369 παρ’
2779 2301 2812 2368 ἡ
2822 2299 2936 2368 μῶν
2949 2297 3212 2368 πρότερον
3226 2296 3429 2368 ἐζήτει,
3443 2295 3656 2368 ἀθρόως

1977 2375 2044 2429 ἂν
2059 2377 2139 2439 είς
2159 2376 2532 2439 τὰς-ἀπάντων
2550 2376 2780 2449 ἐξεχύθη
2803 2377 2999 2446 ψυχάς·
3013 2375 3074 2428 οὐ
3091 2376 3200 2448 γάρ
3225 2377 3340 2429 ἐστι
3367 2390 3656 2447 προσωπο-

1975 2455 2192 2526 λήπτης
2211 2456 2240 2509 6
2267 2456 2398 2521 Θεός
2418 2474 2432 2487 ·
2453 2457 2640 2528 ἐπειδὴ
2673 2457 2730 2510 δέ
2760 2455 2828 2509 τὰ
2853 2456 2984 2527 παρ’
3000 2455 3156 2526 ἡμῶν
3179 2455 3352 2526 ζητεῖ,
3382 2454 3470 2509 διὰ
3498 2454 3659 2509 τοῦτο

1975 2537 2088 2600 τοῖς
2113 2536 2212 2606 μὲν
2246 2536 2435 2590 ἕπεται
2462 2537 2557 2591 καὶ
2582 2535 2910 2607 παραμένει,
2930 2535 3039 2589 τῶν
3060 2534 3118 2588 δέ
3153 2534 3479 2605 ἀφίπταται,
3503 2535 3582 2598 εἰς
3601 2535 3659 2590 δὲ

1974 2617 2104 2678 τοὺς
2130 2614 2351 2678 λοιποὺς
2380 2615 2500 2670 οὐδὲ
2525 2615 2622 2686 τὴν
2645 2616 2818 2686 ἀρχὴν
2836 2615 3194 2669 καθικνεῖται.
3217 2616 3340 2669 Ὀτι
3369 2615 3428 2668 δέ
3457 2614 3656 2686 προαί-

1979 2711 2130 2766 ρεσιν
2158 2695 2422 2766 πρότερον
2453 2694 2737 2760 ἐξετάσας,
2759 2692 2912 2766 [158]
2933 2693 3077 2748 οὕτω
3097 2694 3197 2765 τὴν
3225 2693 3386 2764 χάριν
3417 2693 3662 2748 ἓδωκενό

1976 2773 2111 2836 Θεὸς
2151 2776 2282 2846 πρὶν
2328 2775 2363 2846 ἦ
2396 2790 2451 2827 τι
2488 2774 2805 2845 θαυμαστὸν
2841 2771 3210 2837 ἐπιδείξασθαι
3255 2772 3346 2826 τὸν
3391 2772 3664 2842 μακάριον

1978 2853 2185 2906 ἐκεῖνον
2205 2893 2220 2918 ,
2251 2852 2484 2907 ἄκουσον
2502 2853 2555 2907 τί
2583 2854 2714 2925 περὶ
2750 2851 2916 2907 αὐτοῦ
2940 2869 3075 2925 φησι
3103 2869 3116 2883 °
3140 2851 3367 2918 Σκεῦας
3399 2851 3664 2922 ἐκλογῆς

1973 2931 2080 3003 μοί
2139 2931 2274 2986 ἐστι
2294 2971 2310 2998 ,
2357 2932 2464 2986 τοῦ
2512 2931 2826 2998 ,ϐαστάσαι
2869 2934 2939 2987 τὸ
2989 2932 3178 3002 ὄνομά
3215 2949 3336 3002 μου
3364 2928 3665 2986 ἐνώπιονιι

1978 3009 2172 3068 ἐθνῶν
2206 3029 2272 3066 τε
2301 3011 2401 3067 καί
2415 3011 2754 3078 βασιλέων,
2775 3013 2876 3066 καί
2897 3012 3127 3079 παντὸς
3145 3009 3360 3082 γένους
3390 3010 3661 3079 Ἰσραήλ.

1979 3090 2166 3145 Ταῦτα
2203 3091 2357 3146 οῦπω
2396 3095 2499 3164 τῆς
2535 3091 2758 3164 χάριτος
2783 3090 3064 3164 παρούσης
3107 3090 3490 3163 ἐμαρτύρησεν
3512 3090 3542 3142 6
3567 3089 3668 3154 τὰς

1979 3171 2213 3243 καρδίας
2243 3171 2565 3244 ἐμϐατεύων
2604 3171 2782 3243 ήμῶν.
2815 3171 2908 3243 Μὴ
2943 3172 3009 3242 δή
3047 3171 3373 3242 σφάλλωμεν
3417 3171 3663 3236 ἑαυτοὺς,

1978 3252 2278 3322 ἀγαπητοὶ,
2296 3250 2556 3306 ἀδύνατον
2576 3246 2716 3306 εῖναι
2741 3251 2996 3321 λέγοντες
3015 3249 3269 3319 γενέσθαι
3295 3249 3438 3304 κατά
3457 3247 3668 3302 Παῦλον

1980 3348 2124 3388 τινα.
2152 3331 2265 3401 Τῆς
2286 3331 2385 3403 μὲν
2413 3332 2521 3404 γὰρ
2545 3331 2767 3404 χάριτος
2794 3332 2891 3385 καὶ
2919 3330 3026 3384 τῶν
3049 3329 3288 3402 σημείων
3327 3327 3512 3382 ἕνεκεν
3541 3327 3669 3382 οὒκ-

1985 3411 2067 3465 έτι
2104 3410 2318 3475 Παῦλος
2355 3411 2542 3484 ἕτερος
2581 3403 2736 3466 ἔσται
2774 3409 2993 3475 λοιπὸν,
3032 3410 3133 3482 τῆς
3175 3408 3231 3462 δὲ
3264 3407 3552 3478 ἀκριϐείας
3574 3403 3670 3460 τοῦ

1987 3490 2137 3562 βίου,
2153 3491 2266 3544 τῶν
2301 3489 2642 3563 βουλομένων
2669 3490 2902 3555 ἕκαστος
2928 3487 3173 3553 τοιοῦτος
3189 3488 3386 3557 γένοιτ’
3416 3486 3484 3541 ἄν
3504 3505 3517 3519 ’
3543 3486 3671 3563 είδέ

1989 3571 2065 3643 μὴ
2087 3570 2213 3636 εἰσὶ,
2236 3569 2391 3641 παρά
2413 3562 2475 3624 τδ
2491 3569 2568 3643 μὴ
2586 3569 2870 3640 βούλεσθαι
2899 3569 3079 3640 μόνον.
3115 3567 3277 3622 Ἀ).λά
3301 3566 3414 3638 γὰρ
3433 3567 3537 3619 οὐκ
3550 3562 3668 3620 οίδα

1986 3649 2106 3712 πῶς
2129 3650 2212 3712 είς
2247 3643 2406 3703 τοῦτο
2445 3649 2671 3718 ἀλογίας
2700 3649 2957 3717 ἐξέπεσον
2990 3651 3036 3714 ί,
3072 3647 3216 3702 κατά
3242 3646 3456 3700 Παῦλον
3486 3643 3666 3716 ζητῶν

1985 3746 2138 3793 τινας
2157 3727 2267 3782 τῶν
2300 3729 2416 3794 νῦν,
2437 3729 2560 3783 οὐδὲ
2596 3729 2742 3784 κατά
2765 3729 2894 3792 τοῦς
2919 3727 3191 3798 τρίτουςῆ
3219 3726 3344 3790 τοὺς
3373 3725 3666 3796 τετάρτους

1991 3809 2110 3879 μετ’
2149 3809 2358 3863 ἐκεῖνον
2376 3807 2676 3879 δυνάμενος
2713 3807 2864 3864 ίδεῖν.
2889 3807 2990 3862 Διὰ
3019 3807 3195 3861 ταῦτα
3230 3805 3448 3860 πενθεῖν
3473 3805 3539 3878 δὴ
3567 3803 3672 3876 χρὴ

1988 3888 2086 3941 καὶ
2109 3885 2365 3959 δακρύειν
2396 3888 2493 3942 καὶ
2522 3886 2827 3958 ὀδύρεσθαι,
2858 3887 2920 3941 ού
2953 3885 3081 3958 μίαν
3101 3885 3223 3940 ούδέ
3257 3885 3516 3956 δευτέραν
3538 3883 3678 3955 ὴμέ-

1991 3983 2092 4038 ραν
2118 3967 2298 4037 μόνον,
2331 3966 2470 4020 ἀλλά
2501 3965 2594 4021 τὸν
2620 3966 2732 4037 βίον
2760 3966 2978 4021 ἅπαντα
3009 3984 3024 3999 ο
3047 3967 3096 4019 εί
3124 3965 3232 4036 γάρ
3261 3982 3348 4028 τις
3367 3965 3448 4029 είς
3475 3963 3678 4037 ταύτην

1988 4045 2088 4117 τὴν
2118 4045 2232 4110 ἕξιν
2277 4047 2670 4118 καταστήσειεν
2716 4045 2913 4099 ἐαυτὸν
2936 4089 2952 4111 ,
2988 4045 3266 4108 δυσκόλως
3300 4045 3679 4116 ἁμαρτήσεται

1987 4122 2085 4177 τοῦ
2112 4122 2326 4178 λοιποῦ.
2357 4124 2469 4178 Kal
2501 4127 2550 4178 εί
2570 4123 2875 4189 διαπιστεῖς
2906 4123 2984 4196 τῷ
3007 4124 3172 4194 λόγῳ,
3189 4123 3318 4188 τοὺς
3349 4121 3680 4186 πενθοῦντας

1990 4203 2269 4270 ἐξέτασον,
2291 4203 2463 4276 πένθη
2496 4203 2644 4274 λέγω
2683 4202 2756 4257 τὰ
2775 4202 3042 4275 κοσμικὰ,
3079 4202 3156 4274 μὴ
3182 4201 3390 4255 τούτων
3413 4201 3535 4255 τινὰ
3567 4199 3678 4255 τῶν

1991 4282 2206 4336 πολλῶν
2235 4283 2334 4336 καὶ
2359 4282 2452 4336 τὸν
2476 4281 2737 4337 ἐπίπονον
2763 4281 2980 4347 ζώντων
3014 4281 3150 4351 βίον,
3169 4280 3284 4334 ἀλλ’
3321 4279 3548 4334 ἐκείνων
3570 4277 3680 4333 τῶν

1991 4359 2179 4433 ἁϐρῶν
2215 4359 2263 4426 i,
2279 4361 2377 4415 καὶ
2400 4360 2557 4415 οὐδὲν
2582 4360 2770 4433 ἓτερον
2789 4359 3007 4414 εἰδότων
3033 4358 3068 4430 ἢ
3099 4359 3331 4429 τρυφᾷν.
3361 4351 3521 4412 Οὗτοι
3547 4356 3678 4428 γὰρ,

1991 4432 2138 4492 οῦτοι
2166 4440 2215 4492 οἱ
2247 4439 2474 4510 μεθύειν
2501 4432 2834 4512 μελετῶντες
2862 4437 2956 4493 καὶ
2973 4435 3386 4509 γαστρίζεσθαι,
3403 4438 3452 4490 οί
3478 4435 3550 4490 τά
3581 4438 3681 4508 μὲν

1993 4515 2191 4588 ἄριστα
2214 4515 2596 4582 συντελοῦντες
2633 4519 2826 4590 μέχρις
2855 4518 2882 4558 ι
2915 4517 3175 4588 ἑσπέρας,
3195 4516 3264 4570 τὰ
3293 4514 3351 4569 δέ
3378 4516 3570 4570 δεῖπνα
3602 4516 3684 4580 είς

1997 4595 2170 4668 μέσας
2206 4597 2410 4662 νύκτας
2438 4598 2791 4664 ἐκτείνοντες,
2823 4597 2873 4651 οί
2895 4597 2964 4652 τὰ
2983 4596 3092 4651 τῶν
3112 4595 3288 4652 ἀλλων
3321 4595 3680 4668 ἁρπάζοντες,

1994 4675 2230 4730 καὶοῦτε
2256 4679 2456 4750 χήρας,
2482 4675 2605 4731 οὔτε
2636 4678 2887 4748 πένητος,
2905 4674 3030 4730 οὔτε
3059 4676 3320 4731 ἀδυνάτου
3352 4677 3680 4746 φειδόμενοι,

1993 4756 2044 4808 οί
2079 4756 2284 4829 πολλὴν
2325 4756 2583 4827 ὠμότητα
2617 4755 3066 4826 ἐπιδεικνύμενοι,
3097 4756 3151 4808 εί
3191 4772 3321 4809 ποτε
3357 4757 3543 4810 πένθει
3581 4755 3682 4828 λη-

1996 4833 2182 4903 φθεῖεν
2218 4835 2435 4908 σφοδρῷ
2467 4836 2564 4889 καὶ
2605 4835 2890 4906 δυναμένῳ
2915 4832 3162 4890 κάτωθεν
3187 4836 3524 4908 ἀναστρέψαι
3545 4835 3565 4878 ι
3587 4839 3682 4892 καὶ

1995 4911 2318 4983 διαταράξαι
2347 4913 2546 4984 ψυχὴν,
2581 4912 2763 4976 πάσας
2787 4913 3003 4978 ἐκείνας
3027 4913 3126 4978 τάς
3157 4913 3452 4985 βλακώδεις
3490 4917 3680 4971 ἐπιθυ·

2001 4993 2130 5062 μίας
2149 4994 2246 5046 καὶ
2272 4993 2624 5064 παρανόμους
2647 4991 2988 5059 ἐκϐαλόντες,
3011 4995 3092 5058 είς
3114 4996 3208 5049 τὸν
3235 4994 3345 5054 τῶν
3377 4994 3681 5065 φιλοσόφων

2002 5072 2381 5140 μετατίθενται
2419 5071 2566 5144 βίον,
2607 5071 3031 5143 σκληραγωγίαν
3053 5111 3068 5136 ,
3098 5073 3406 5144 ἀγρυπνίαν
3427 5113 3442 5138 ,
3477 5092 3681 5144 χαμευ-

1999 5149 2150 5214 νίαν,
2182 5152 2502 5224 καρτερίαν,
2534 5151 2820 5222 νηστείαν,
2850 5150 3030 5222 σιγὴν,
3067 5153 3388 5216 ἐπιείκειαν,
3426 5154 3682 5208 ταπεινός,

1998 5246 2167 5301 τητα,
2185 5231 2596 5303 φιλανθρωπίαν
2618 5228 3049 5302 ἐπιδεικνύμενοι
3077 5230 3298 5305 πολλήν.
3319 5232 3512 5288 Καίτοι
3529 5249 3594 5302 γε
3611 5231 3683 5289 τὰ

2068 5375 2092 5402 θ
2115 5363 2252 5415 Colb.
2273 5366 2382 5430 ὑμῖν
2400 5363 2737 5414 ὑπακούουσιν.

2071 5425 2093 5464 ί
2121 5426 2257 5478 COIb.
2282 5429 2418 5477 πότε.

2068 5490 2093 5556 ἕ
2114 5487 2366 5556 (ἱοίδητοῦ
2389 5486 2535 5556 Θεοῦ.
2555 5485 2712 5538 Paulo
2729 5491 2844 5550 post
2864 5489 2998 5556 idem
3025 5489 3514 5556 πρότερον-ἐξήταζεν.
3546 5490 3676 5556 Ἅθρ.

2006 5546 2139 5615 ίιιζι-ιι⁸
2155 5551 2237 5612 μὲν
2260 5551 2415 5615 ἔπεισι
2431 5553 2514 5615 καὶ
2530 5566 2711 5613 παραμ.
2731 5546 2794 5599 ει
2817 5564 2930 5601 mox
2952 5546 3102 5615 ἀρχήν
3125 5546 3371 5602 καθιεῖται.

2066 5609 2094 5648 h
2127 5609 2364 5659 Ἐναντίον
2383 5611 2522 5663 Colb.

2074 5673 2088 5710 ί
2117 5672 2255 5738 Coll):
2280 5674 2495 5738 ἐξέπεσα.
2526 5674 2669 5738 ῨῙάεῐῐι
2690 5673 2982 5738 τρίτουςᾲκαὶ
3004 5673 3256 5738 τετάρτους
3280 5675 3380 5738 μετῖ
3403 5671 3579 5738 ἐκεῖνον
3601 5676 3681 5725 δν-

2005 5735 2347 5799 ammissva
2367 5734 2426 5799 In
2445 5737 2622 5786 eodem
2641 5734 2752 5784 mo'x
2782 5737 2839 5793 δή
2865 5736 3026 5784 deest.
3053 5734 3178 5786 lbi'd.
3204 5734 3339 5787 Col‘b.
3363 5736 3580 5799 δακρύειν
3601 5741 3684 5789 καὶ

2007 5797 2280 5854 κόπτεσθαι,
2301 5797 2356 5843 ού
2374 5798 2502 5882 μίαν.

2079 5860 2091 5882 ὅ
2123 5857 2240 5882 Γηιι.
2286 5857 2365 5882 2.\\
2414 5859 2502 5882 1-._‘.

2076 5860 2091 5922 ᾗ
2285 5857 2392 5922 cm:
2413 5859 2592 5922 ἐκεῖνον
2613 5858 2695 5907 τὸν
2711 5857 2872 5922 ἁϐρόν.

2045 5919 2097 5993 "II
2123 5917 2259 5994 golb.
2287 5925 2339 5994 et;
2365 5919 2516 5970 Savil.
2558 5922 2731 5985 ἄριστα
2753 5917 3039 5982 μελετῶντες
3061 5921 3233 5984 μέχρις.
3263 5918 3372 5969 Mox
3402 5919 3539 5973 Colb.
3564 5925 3608 5971 οῑ
3625 5931 3682 5974 τα

2008 5983 2104 6029 τῶν
2126 5981 2298 6042 ἑτέρων
2317 5981 2428 6043 ἁρπ.
2596 5981 2605 5985 ’
2759 5981 2762 5982 7
3064 5981 3071 5983 “

2081 6043 2098 6080 ι
2157 6041 2489 6106 ’Λναστρέψαι.
2518 6043 2601 6106 Sic
2636 6057 2665 6091 e
2699 6043 2852 6106 εει-ξι.
2888 6047 2939 6091 ct
2968 6042 3102 6092 Colb.
3126 6045 3478 6106 rescripsimus.
3505 6043 3660 6100 lore!

2008 6105 2061 6159 in
2091 6111 2228 6154 lexlu
2250 6105 2523 6167 ἀνατρέψαι,
2547 6105 2697 6154 Sam.
2725 6105 2772 6154 in
2800 6120 2954 6167 marg.
2976 6105 3294 6170 ἀντιστρέψαιζ
3321 6108 3454 6156 lion.
