4532 6712
570 557 670 614 109

567 678 842 746 plurimam
861 687 1109 735 exerccnt
1129 694 1145 732 :
1165 691 1226 732 ac
1251 677 1376 730 licet
1402 675 1568 729 aliena
1591 689 1776 744 rapere
1792 671 2018 735 soleant,
2039 685 2130 724 sua

566 779 688 822 tunc
722 770 925 838 placide
951 771 1246 839 largiuntur
1272 784 1285 822 :
1316 767 1524 822 etiamsi
1545 767 1661 835 quis
1690 779 1876 819 eorum
1906 761 2060 815 bonis
2083 770 2135 815 et

564 859 742 914 domui
785 862 878 915 toti
911 861 1085 929 ignem
1111 858 1376 928 subjicere
1401 857 1546 922 velit,
1580 873 1684 911 non
1708 863 2130 910 commoventur.

559 949 750 1004 Multos
796 965 895 1020 ego
944 951 1066 1004 novi
1121 959 1240 1017 post
1293 949 1685 1003 carissimorum
1751 947 2129 1010 amissionem,

557 1046 740 1100 relicta
785 1048 918 1102 urbe
959 1046 1179 1115 ejusque
1228 1046 1540 1109 commodis,
1568 1046 1620 1099 in
1666 1057 1794 1113 agro
1843 1040 1998 1095 sedes
2039 1055 2132 1109 po-

557 1145 728 1194 suisse
750 1183 763 1204 ,
798 1141 1034 1209 aliosque
1063 1154 1225 1208 prope
1250 1138 1620 1194 defunctorum
1663 1133 1944 1204 sepulchra
1988 1141 2129 1186 stru-

557 1235 658 1287 ctis
681 1233 912 1296 a-dibus,
942 1233 1011 1286 ibi
1052 1233 1213 1287 vitam
1254 1232 1531 1288 clausisse.
1563 1229 1756 1284 Verum
1782 1225 1850 1280 de
1877 1225 1959 1279 his
1978 1224 2127 1277 alias.

559 1324 726 1378 Porro
769 1324 937 1379 donec
982 1325 1154 1379 luctus
1197 1322 1658 1394 perseveraverit,
1694 1319 1833 1372 nulla
1885 1317 2012 1386 ipsis
2048 1326 2131 1371 est

556 1414 898 1485 prmsentium
947 1416 963 1447 ⁸
995 1417 1167 1482 ratio;
1220 1430 1404 1468 verum
1459 1413 1698 1466 insanam
1753 1411 1895 1462 illam
1936 1409 2128 1462 sollici-

558 1503 792 1557 tudinem
817 1545 832 1567 ,
861 1520 1015 1575 quam
1045 1505 1111 1560 de
1137 1503 1408 1558 servandis
1436 1512 1491 1558 et
1518 1499 1827 1570 colligendis
1863 1499 2122 1569 pecuniis,

555 1593 622 1648 de
642 1595 956 1663 acquirenda
985 1596 1216 1664 potentia
1243 1605 1297 1649 et
1321 1595 1485 1664 gloria
1531 1592 1671 1662 apud
1709 1590 2122 1658 multitudinem,

553 1700 650 1741 ceu
674 1685 934 1754 quoddam
984 1688 1180 1741 fmnum
1211 1697 1299 1740 aut
1331 1686 1452 1741 fmni
1499 1685 1684 1739 florem
1734 1684 1979 1737 mceroris
2006 1685 2123 1750 igne

552 1776 932 1831 comburentes
955 1817 970 1841 ,
1001 1778 1068 1830 ab
1095 1778 1272 1830 animo
1314 1792 1410 1830 suo
1452 1776 1768 1844 rcpudiant;
1800 1775 1851 1827 iu
1873 1783 2124 1827 tantam-

551 1885 656 1939 que
685 1877 812 1922 tunc
842 1867 1229 1937 philo50phiam
1280 1884 1428 1922 mens
1452 1883 1635 1922 eorum
1664 1882 1722 1921 se
1750 1864 2000 1920 transfert
2023 1907 2036 1928 ,
2066 1873 2126 1919 ut

552 1963 619 2017 de
644 1963 766 2017 vitae
812 1960 1168 2030 voluptatibus
1203 1974 1268 2013 ne
1295 1961 1452 2014 verba
1488 1961 1702 2030 quidem
1741 1959 1914 2011 facere
1938 1971 2124 2027 quem-

551 2053 690 2123 piam
742 2053 1044 2122 patiantur;
1085 2049 1179 2104 sed
1222 2050 1396 2103 omnia
1423 2091 1436 2114 ,
1466 2066 1583 2119 qua:
1627 2050 1678 2103 in
1714 2048 1920 2102 deliciis
1966 2057 2122 2101 antea

550 2152 736 2206 erant,
782 2142 967 2198 odiosa
1012 2149 1137 2195 tunc
1189 2147 1242 2193 et
1287 2141 1474 2193 acerba
1503 2139 1822 2193 videantur:
1856 2151 2122 2206 nemoque

554 2244 677 2288 tunc
729 2237 842 2290 sive
879 2234 1315 2296 domesticorum,
1347 2232 1459 2285 sive
1505 2231 1796 2285 amicorum
1845 2230 1915 2286 de
1959 2231 2120 2285 rebus

552 2325 710 2393 hujus
737 2325 938 2389 mundi,
963 2325 1048 2381 vel
1081 2323 1372 2379 admodum
1398 2323 1726 2390 urgentibus,
1749 2336 1931 2376 vocem
1958 2323 2118 2376 emit-

548 2422 660 2468 tere
687 2412 910 2478 audeat;
938 2413 1030 2468 sed
1058 2413 1234 2468 omnia
1261 2412 1624 2480 repudiantur,
1655 2419 1708 2466 et
1735 2409 2117 2480 philosophicis

546 2505 880 2560 sermonibus
907 2506 1135 2561 cedunt:
1158 2506 1436 2575 animaque
1465 2516 1589 2559 tunc
1607 2547 1623 2570 ,
1654 2503 1908 2575 magistro
1935 2504 2076 2559 luctu
2097 2546 2112 2570 ,

544 2611 642 2650 ceu
675 2595 727 2649 in
759 2609 913 2650 sacro
936 2597 1165 2665 quodam
1207 2597 1326 2650 loco
1368 2595 1590 2650 docetur
1629 2597 1873 2649 humana:
1915 2604 2114 2650 natura:

541 2687 796 2741 vilitatem
822 2727 838 2753 ,
866 2689 1144 2758 prasentis
1177 2688 1356 2743 szeculi
1399 2688 1712 2743 brevitatem
1732 2729 1746 2753 ,
1779 2687 2113 2742 saecularium

543 2795 719 2833 rerum
759 2781 1253 2848 corruptibilitatem
1306 2792 1360 2836 et
1403 2781 1840 2849 instabilitatem,
1888 2797 2062 2836 scenm
2092 2783 2112 2814 ³

540 2884 716 2922 rerum
739 2885 858 2938 quzc
894 2881 1153 2940 geruntur
1181 2869 1529 2925 histrioniam.
1573 2872 1721 2926 Tunc
1767 2887 1988 2942 magnus
2017 2868 2127 2942 pc-'

539 2959 815 3013 cuniarutn
864 2969 1238 3030 contemptus,
1278 2961 1355 3016 ira
1406 2963 1642 3030 tollitur,
1672 2964 1888 3018 ambitio
1931 2965 2112 3035 despi-

537 3050 676 3104 citur
705 3068 719 3105 :
751 3066 846 3106 nec
873 3052 1008 3106 livor
1030 3068 1292 3124 occupare
1315 3094 1330 3119 ,
1363 3069 1461 3108 nec
1503 3056 1800 3126 arrogantia
1825 3058 1958 3110 ultra
1987 3073 2106 3111 mo-

534 3142 660 3197 dum
689 3145 952 3201 extollere
976 3155 1151 3216 potest
1200 3163 1322 3203 eum
1342 3188 1358 3213 ,
1383 3148 1471 3219 qui
1513 3148 1658 3203 luctu
1685 3151 1930 3205 atteritur
1955 3169 1968 3204 :
2000 3167 2104 3206 non

533 3235 955 3304 concupiscentia
983 3237 1233 3293 lascivum
1277 3239 1546 3306 incendit;
1577 3239 1672 3296 sed
1721 3240 1823 3295 illis
1861 3243 2105 3300 omnibus

532 3325 727 3398 fugatis
750 3369 766 3394 ,
811 3344 912 3382 una
950 3331 1124 3384 solum
1167 3331 1417 3402 cogitatio
1448 3333 1686 3399 obtinet,
1716 3349 1835 3402 qua:
1871 3334 2105 3391 defuncti

530 3417 816 3490 imaginem
870 3422 1229 3478 indesinenter
1276 3425 1434 3479 offert
1481 3443 1494 3480 :
1542 3427 1644 3480 hoc
1687 3429 1869 3490 cibus,
1903 3439 2059 3498 potus
2087 3471 2102 3495 ,

530 3522 748 3563 somnus
770 3549 786 3574 ,
813 3511 1058 3580 voluptas
1081 3553 1098 3578 ,
1153 3513 1362 3582 requies
1385 3555 1400 3578 ,
1432 3515 1728 3570 consolatio
1767 3518 1932 3574 multa
1957 3535 1970 3571 :
2001 3519 2103 3576 hoc

528 3597 694 3668 gloria
720 3639 736 3665 ,
769 3600 965 3655 divitim
985 3642 998 3666 ,
1027 3603 1259 3672 potentia
1282 3645 1295 3668 ,
1330 3603 1592 3673 voluptas.
1997 3671 2008 3684 ‘

600 3689 686 3743 10.
727 3690 815 3744 Sic
841 3707 938 3745 nos
975 3701 1244 3761 oporteret
1273 3694 1516 3749 amissam
1562 3695 1742 3765 lugere
1767 3697 1989 3752 salutem
2031 3713 2097 3753 ne

526 3778 650 3848 quid
692 3781 918 3849 amplius
944 3781 1115 3836 dicam
1148 3801 1162 3839 :
1189 3783 1303 3838 desi
1327 3785 1457 3839 lerio
1505 3785 1596 3839 illo
1627 3796 1775 3840 tanto
1819 3800 1873 3841 et
1905 3788 2097 3843 alacri-

527 3875 634 3922 tate
675 3883 808 3938 opus
860 3872 1051 3926 esset‘
1093 3888 1279 3929 omnes
1305 3874 1516 3929 oculum
1557 3879 1748 3930 mentis
1790 3877 1916 3932 illuc
1963 3877 2094 3932 diri-

527 3971 686 4026 gere,
717 3959 938 4028 ejusque
976 3964 1287 4018 memoriam
1332 3975 1385 4019 et
1429 3966 1653 4021 formam
1699 3970 1936 4023 omnium
1978 3969 2098 4026 loco

525 4048 676 4103 nobis
698 4064 831 4103 esse.
857 4050 1006 4105 Nunc
1028 4061 1204 4107 autem
1226 4055 1313 4124 qui
1342 4055 1478 4109 filios
1494 4067 1547 4112 et
1567 4074 1762 4115 uxores
1780 4063 2092 4131 amiserunt,

525 4136 653 4190 nihil
697 4138 835 4192 aliud
877 4139 928 4192 iu
979 4150 1159 4196 mente
1207 4154 1455 4210 versant,
1485 4162 1644 4216 quam
1693 4159 1749 4205 ut
1792 4153 2092 4209 ablatorum

523 4226 778 4297 imagines
825 4229 926 4284 sibi
966 4233 1266 4302 confingant
1295 4252 1308 4286 :
1339 4250 1436 4289 nos
1473 4247 1685 4306 autem,
1730 4244 1818 4312 qui
1869 4259 2087 4313 regnum

521 4320 773 4373 calorum
803 4320 1127 4391 perdidimus
1161 4364 1175 4388 ,
1205 4325 1380 4380 omnia
1421 4328 1593 4395 potius
1617 4371 1632 4396 ,
1660 4346 1816 4400 quam
1845 4333 1971 4387 illud
1997 4350 2088 4390 co-

521 4407 770 4474 gitamus.
799 4414 876 4466 Ac
905 4413 1111 4467 illorum
1139 4415 1350 4486 quidem
1379 4433 1534 4473 nemo
1573 4421 1672 4474 etsi
1733 4422 1880 4495 regio
1903 4425 2082 4499 sitge-

521 4512 678 4562 nere,
708 4501 774 4554 de
814 4503 956 4558 luctu
1000 4507 1155 4561 solito
1189 4509 1502 4575 erubescet;
1534 4511 1628 4566 sed
1657 4511 1801 4566 humi
1841 4514 2085 4580 sedebit,

519 4586 707 4641 acerbe
737 4588 970 4657 lugebit,
1002 4604 1203 4649 vestem
1228 4599 1450 4653 mutabit
1475 4641 1490 4664 ,
1515 4601 1718 4672 aliaque
1746 4604 1945 4672 omnia,
1971 4620 2088 4676 qua:

521 4675 820 4746 hujusmodi
843 4683 1133 4738 cruciatum
1163 4690 1505 4758 comitantur,
1535 4709 1723 4764 magna
1752 4711 1871 4751 cum
1900 4675 2087 4754 alacri-

519 4776 626 4823 tate
653 4769 784 4824 feret
813 4787 828 4825 :
859 4787 962 4827 non
992 4777 1241 4845 cogitabit
1268 4779 1335 4834 de
1374 4784 1687 4842 educatione
1707 4831 1721 4854 ,
1751 4789 1818 4844 de
1846 4793 2085 4860 corporis

520 4856 719 4926 habitu,
742 4875 846 4913 non
867 4861 933 4917 de
955 4864 1158 4920 morbis
1183 4868 1272 4937 qui
1302 4870 1370 4923 ab
1398 4873 1659 4941 ejusmodi
1679 4881 1927 4936 aerumnis
1943 4856 2084 4937 acci-

518 4948 649 5005 dere
675 4961 926 5022 possunt,
959 4953 1050 5009 sed
1092 4958 1266 5010 omnia
1313 4959 1596 5019 admodum
1643 4966 1794 5023 facile
1833 4969 1985 5026 feret.
2019 4972 2082 5026 Et

518 5040 633 5097 hmc
661 5059 764 5098 non
791 5046 947 5101 modo
973 5047 1088 5113 viri,
1119 5049 1209 5103 sed
1238 5051 1394 5105 etiam
1423 5057 1804 5124 mulieres,etsi
1826 5064 1976 5120 valde
1996 5066 2077 5120 in-

519 5135 706 5199 firmze,
730 5139 999 5207 exhibent,
1023 5142 1207 5214 hisque
1231 5145 1386 5200 etiam
1418 5149 1762 5219 majora.Nos
1789 5167 1962 5213 autem
1990 5160 2078 5229 qui

518 5240 623 5280 non
647 5228 785 5283 filios
807 5271 821 5295 ,
857 5247 962 5285 non
993 5249 1185 5290 uxores
1209 5277 1222 5298 ,
1255 5236 1348 5292 sed
1382 5239 1569 5294 anima:
1612 5245 1900 5312 perniciem
1933 5228 2081 5320 luge-

517 5332 655 5382 mus,
688 5324 891 5390 anima,
921 5326 1134 5396 inquam
1159 5371 1171 5392 ,
1200 5347 1306 5388 non
1344 5333 1549 5401 alienae,
1578 5337 1668 5392 sed
1711 5350 1926 5405 nostrzn,
1954 5359 2078 5400 cor-

516 5409 660 5472 poris
700 5415 1115 5473 imbecillitatem
1169 5422 1434 5492 fingimus,
1462 5429 1734 5500 victusque
1776 5434 2074 5489 mollitiem.

517 5497 688 5568 Atque
733 5508 932 5564 utinam
972 5511 1058 5567 hic
1101 5522 1204 5567 stet
1247 5518 1444 5572 malum
1476 5539 1488 5574 :
1516 5533 1570 5577 at
1619 5497 1685 5580 ne
1733 5525 1820 5580 illa
1867 5527 2077 5598 quidem

574 5649 595 5743 ξ
622 5655 738 5732 "0x3
761 5662 1082 5763 micantium,
1108 5664 1248 5716 deest
1271 5667 1318 5715 in
1338 5666 1470 5718 Colb.

629 5717 674 5760 In
697 5721 758 5760 (ιο
814 5752 847 5763 ..
872 5734 1060 5763 nmnnm
1084 5740 1236 5763 unum

629 5717 674 5785 in
697 5717 847 5785 Colb.,
872 5734 1060 5785 magnae
1071 5717 1252 5777 'scenw.

513 5837 560 5886 η
575 5771 798 5885 ἓῶἰιέἓε,
821 5771 937 5840 dpus
951 5771 1280 5851 2&:,‘&Esﬁiii
1300 5789 1349 5841 in
1369 5789 1518 5854 Colb.,
1539 5800 1589 5843 et
1611 5807 1740 5857 mox,
1762 5798 1911 5860 nobis,
1940 5801 2084 5855 deest

1448 560 1534 615 DE
1563 549 2104 620 COMPUNCTIONE,
2141 551 2235 607 AD
2273 552 2696 613 DEMETRIUM.
2723 558 2847 614 LIB.
2888 561 2929 616 Ι.

3711 569 3815 626 HO

2244 667 2469 724 facimus
2493 712 2506 735 ,
2535 671 2586 728 in
2609 674 2800 744 quibus
2829 677 3066 748 corporis
3094 693 3257 749 opere
3283 695 3387 734 non
3411 695 3646 751 egemus.
3675 684 3813 752 Quid

2239 763 2415 822 enim.
2445 764 2530 817 dic
2559 767 2685 821 mibi
2710 807 2726 832 ,
2752 771 2993 838 corporis
3024 772 3228 825 viribus
3274 787 3409 842 cpus
3447 785 3529 828 est
3550 816 3565 840 ,
3599 779 3811 844 quando

2238 866 2334 906 cor
2360 864 2636 911 conterere
2660 858 2919 914 debemus
2940 903 2954 927 ,
2987 876 3104 916 cum
3137 864 3323 932 vigiles
3346 866 3548 934 precari
3579 877 3809 936 oportet,

2236 958 2357 998 Cum
2385 957 2597 1014 peccata
2625 950 2944 1019 rCCogitare,
2976 954 3330 1022 arrogantiam
3357 966 3404 1008 et
3436 965 3695 1011 tumorem
3721 959 3813 1012 dc-

2237 1049 2437 1103 ponere
2456 1076 2470 1101 ,
2505 1049 2734 1094 mentem
2765 1041 3104 1110 deprimere?
3136 1046 3258 1100 llzec
3287 1048 3483 1116 quippe
3511 1059 3668 1114 sunt,
3694 1067 3812 1119 qure

2236 1124 2403 1178 Deum
2433 1128 2582 1181 nobis
2609 1131 2848 1199 placant,
2878 1145 2975 1186 nec
3003 1136 3166 1190 multo
3197 1148 3355 1206 egent
3383 1139 3584 1194 labore.
3631 1140 3812 1207 Neque

2235 1223 2414 1270 tamen
2456 1218 2568 1274 lure
2608 1224 2848 1277 facimus.
2879 1223 3060 1294 Neque
3104 1228 3244 1282 enim
3295 1230 3378 1283 hic
3423 1232 3570 1286 solus
3605 1241 3686 1286 est
3732 1233 3810 1285 lu-

2231 1307 2390 1376 gendi
2414 1309 2617 1374 modus,
2643 1316 2685 1366 si
2715 1329 2870 1368 sacco
2890 1318 3244 1386 accingamur,
3275 1320 3326 1373 in
3355 1322 3679 1377 domuncula
3711 1338 3808 1376 nos

2232 1401 2540 1458 claudamus
2565 1446 2579 1468 ,
2611 1407 2693 1460 vel
2719 1409 2768 1461 in
2800 1409 3038 1464 tenebris
3063 1410 3343 1466 sedeamus
3365 1455 3380 1478 ,
3409 1415 3503 1468 sed
3525 1416 3568 1468 si
3595 1416 3810 1471 assidue

2233 1493 2544 1548 memoriam
2572 1497 2883 1554 delictorum
2921 1502 3358 1557 circumferamus
3381 1545 3395 1568 ,
3424 1507 3806 1560 conscientiam

2230 1586 2632 1654 cxaminemus,
2691 1591 2790 1644 viae
2837 1591 3220 1663 longitudinem
3273 1597 3577 1667 frequenter
3621 1599 3806 1652 metia-

2233 1692 2374 1742 mur,
2397 1690 2650 1747 quantum
2681 1682 2885 1737 scilicet
2911 1699 2940 1736 a
2970 1700 3134 1754 regno
3160 1688 3413 1742 ca-lorum
3435 1689 3714 1744 distemus.
3745 1691 3805 1746 Et

2229 1768 2500 1838 quomodo
2518 1811 2533 1834 ,
2560 1772 2765 1840 inquies
2781 1813 2796 1838 ,
2825 1773 2928 1828 hoc
2951 1775 3065 1829 fieri
3086 1779 3320 1845 poterit?
3345 1780 3458 1844 Qua
3488 1781 3695 1835 ratione
3711 1781 3736 1832 ἲ
3759 1781 3804 1835 si

2226 1859 2524 1928 gehennam
2570 1875 2783 1931 semper
2823 1879 2934 1934 pra:
2975 1867 3143 1920 oculis
3187 1867 3512 1935 habeamus,
3543 1886 3643 1924 nec
3698 1887 3803 1926 non

2225 1951 2443 2018 angelos
2469 1951 2665 2022 ubique
2697 1955 2930 2009 locorum
2970 1965 3094 2012 tunc
3116 1958 3510 2025 discurrentes,
3543 1970 3702 2028 atque
3739 1978 3803 2018 ex

2226 2042 2472 2096 universo
2514 2044 2646 2097 orbe
2684 2057 3067 2114 congregantes
3117 2063 3210 2101 eos
3260 2052 3350 2118 qui
3401 2052 3452 2103 in
3502 2053 3802 2119 gehennam

2225 2128 2516 2186 abducendi
2540 2143 2663 2187 sunt
2687 2151 2700 2186 :
2733 2135 2776 2188 si
2799 2137 3094 2205 cogitemus
3118 2137 3277 2191 etiam
3305 2147 3557 2208 quantum
3581 2141 3800 2205 malum,

2225 2218 2462 2288 geheuna
2486 2225 2748 2291 seposita,
2780 2226 2989 2282 excludi
3021 2243 3048 2279 a
3075 2243 3239 2298 regno
3272 2230 3548 2284 cazlorum.
3593 2232 3799 2288 Etenim

2224 2313 2429 2366 etiamsi
2473 2317 2614 2370 nulla
2663 2329 2806 2372 esset
2849 2321 2988 2390 ignis
3014 2322 3157 2376 illius
3183 2325 3559 2390 comminatio,
3589 2328 3799 2383 etiamsi

2225 2403 2541 2460 immortalia
2571 2411 2825 2478 supplicia
2857 2426 2962 2465 non
2993 2428 3093 2466 nos
3131 2427 3430 2483 manerent,
3461 2418 3593 2472 illud
3623 2419 3797 2473 solum

2219 2496 2359 2564 quod
2399 2496 2733 2554 abalienandi
2779 2517 3019 2558 essemus
3060 2519 3088 2556 a
3114 2503 3348 2572 Christo,
3379 2517 3656 2562 mansueto
3687 2511 3797 2577 illo,

2217 2598 2272 2642 et
2313 2588 2588 2643 hominum
2642 2602 2917 2660 amatore,
2966 2596 3056 2664 qui
3091 2596 3326 2666 scipsum
3376 2614 3471 2668 pro
3520 2603 3674 2654 nobis
3729 2605 3794 2656 ad

2217 2691 2444 2736 mortem
2474 2683 2709 2750 tradidit,
2739 2693 2795 2738 et
2835 2687 3012 2740 omnia
3043 2703 3230 2757 passus
3255 2699 3357 2755 est,
3389 2699 3447 2744 ut
3485 2707 3585 2746 nos
3609 2693 3677 2747 ab
3703 2695 3795 2748 illo

2216 2774 2474 2842 supplicio
2495 2775 2766 2843 liberaret,
2790 2787 2842 2830 et
2863 2777 3008 2831 Patri
3035 2792 3132 2832 suo
3155 2781 3547 2847 reconciliaret,
3574 2783 3663 2852 qui
3701 2799 3795 2851 per

2215 2863 2407 2918 delicta
2439 2876 2616 2920 nostra
2649 2869 2813 2937 ipsius
2838 2869 3034 2923 inimici
3066 2887 3282 2925 eramus
3303 2914 3316 2936 ,
3349 2874 3555 2928 etiamsi
3586 2889 3614 2927 a
3640 2875 3793 2930 bonis

2218 2955 2321 3009 illis
2349 2959 2664 3026 pr0positis,
2695 2959 3048 3014 incfl‘abilibus
3089 2971 3144 3016 et
3187 2962 3579 3019 immortalibus
3601 3005 3617 3031 ,
3648 2967 3791 3019 exci-

2212 3045 2341 3100 dere
2392 3062 2498 3102 non
2552 3048 2907 3116 deberemus;
2939 3051 3065 3105 illud
3087 3093 3102 3118 ,
3131 3053 3344 3122 inquam
3369 3097 3384 3120 ,
3414 3056 3587 3110 solum
3643 3059 3788 3113 omni

2208 3136 2474 3205 supplicio
2496 3138 2666 3208 majus
2681 3151 2781 3204 est,
2808 3139 3107 3210 suflicitque
3133 3142 3196 3196 ad
3219 3144 3554 3199 excitandum
3583 3147 3789 3202 animas

2209 3235 2442 3292 nostras,
2473 3237 2527 3282 et
2557 3230 2980 3297 persuadendum
3026 3241 3082 3284 ut
3111 3247 3326 3300 semper
3371 3235 3605 3302 vigilent.
3651 3235 3784 3290 Nam

2208 3317 2254 3371 si
2295 3317 2379 3372 vel
2421 3332 2542 3372 cum
2595 3319 2822 3389 legimus
2859 3321 3164 3391 exemplum
3209 3323 3441 3393 quinque
3485 3325 3782 3394 virginum,

2208 3423 2340 3478 quas
2369 3408 2471 3463 olci
2505 3410 2721 3476 penuria
2747 3419 2897 3465 extra
2923 3412 3104 3480 sponsi
3131 3412 3430 3467 cubiculum
3451 3415 3694 3480 exclusit,
3715 3415 3784 3470 de

2209 3499 2422 3553 illarum
2453 3501 2746 3555 infortunio
2771 3501 2990 3570 perinde
3018 3512 3178 3572 atque
3209 3504 3314 3558 illae
3338 3503 3579 3560 dolemus
3620 3515 3783 3576 atque

2207 3591 2521 3651 turbamur;
2573 3593 2615 3645 si
2672 3592 2968 3661 cogitemus
3022 3607 3119 3646 nos
3171 3592 3316 3662 ipsos
3366 3595 3436 3648 ub
3497 3596 3778 3664 segnitiem

2202 3690 2436 3736 nostram
2469 3681 2696 3750 idipsum
2719 3697 2970 3751 passuros
2996 3697 3135 3746 esse,
3167 3685 3284 3753 quis
3311 3685 3381 3738 ita
3406 3685 3646 3755 lapideus
3673 3687 3780 3742 erit

2200 3781 2281 3838 ut,
2309 3773 2483 3826 anima
2510 3786 2724 3841 semper
2754 3772 2857 3827 hoc
2898 3774 3143 3842 exemplo
3183 3777 3476 3841 conCitata,
3508 3777 3560 3830 in
3605 3779 3776 3848 neglio

2198 3863 2432 3932 gentiam
2486 3864 2683 3917 cadat?
2725 3863 3040 3919 Poteramus
3068 3865 3282 3934 quidem
3311 3881 3615 3922 sermonem
3655 3871 3776 3924 lon-

2198 3957 2317 4025 gius
2352 3955 2677 4024 producere,
2709 3954 2804 4010 scd
2831 3956 2952 4024 quia
2983 3955 3297 4011 obedientia:
3344 3960 3511 4027 gratia
3554 3961 3726 4015 Solum
3756 4003 3774 4028 ,

2200 4054 2251 4100 et
2280 4060 2384 4097 non
2405 4045 2504 4097 alia
2522 4044 2589 4098 de
2617 4058 2773 4098 causa
2798 4044 2909 4098 hac
2924 4058 2954 4097 a
2977 4045 3130 4099 nobis
3146 4045 3284 4100 dicta
3305 4058 3450 4113 sunt,
3477 4049 3596 4117 plus
3616 4067 3773 4119 quam

2199 4133 2330 4188 satis
2357 4143 2533 4188 erunt.
2567 4134 2695 4187 Nam
2728 4134 2891 4202 probe
2919 4136 3042 4189 novi
3073 4144 3124 4190 te
3152 4138 3578 4205 compunctionis
3605 4141 3772 4194 virtu-

2195 4233 2302 4279 tem
2338 4222 2572 4292 perfecte
2607 4234 2790 4280 tenere
2812 4265 2828 4290 ,
2857 4234 2914 4280 et
2945 4226 3063 4280 aliis
3089 4241 3206 4281 eam
3236 4241 3391 4295 posse
3412 4229 3493 4282 vel
3524 4231 3773 4286 silentem

2194 4315 2425 4378 tradere,
2455 4317 2497 4368 si
2523 4317 2721 4371 vellent
2749 4325 2950 4370 tantum
2977 4317 3043 4370 ad
3074 4319 3236 4372 breve
3273 4328 3480 4388 tempus
3504 4336 3626 4376 cum
3659 4326 3772 4392 pie-

2190 4413 2297 4458 tate
2347 4413 2434 4459 tua
2479 4406 2688 4468 vivere,
2720 4406 2985 4474 vitamque
3013 4407 3154 4460 illam
3207 4409 3516 4464 crucilixam
3563 4413 3764 4471 videre.

2191 4496 2264 4551 Ita
2292 4506 2349 4551 ut
2370 4538 2382 4562 ,
2409 4498 2452 4551 si
2485 4498 2647 4551 velint
2675 4499 2739 4561 ii,
2766 4498 2854 4568 qui
2886 4514 3027 4552 nunc
3055 4501 3242 4554 vivunt
3263 4541 3278 4565 ,
3304 4505 3767 4571 compunctionem

2189 4587 2462 4655 ediscere,
2521 4587 2587 4642 ad
2637 4588 2992 4643 habitaculum
3037 4599 3184 4644 tuum
3233 4592 3626 4655 seconft-rant;
3674 4601 3766 4664 qui

2190 4696 2318 4736 vero
2359 4691 2480 4750 post
2518 4681 2680 4736 futuri
2712 4690 2865 4747 sunt,
2896 4690 3042 4751 gesta
3075 4690 3161 4735 tua
3197 4681 3442 4749 audiant,
3475 4695 3719 4752 oporteat
3746 4704 3762 4742 :

2189 4787 2432 4841 magnam
2489 4774 2628 4826 enim
2689 4772 2754 4824 ad
2812 4773 2860 4825 id
2903 4787 3056 4840 opem
3111 4771 3390 4826 allaturam
3459 4789 3580 4829 esse
3636 4787 3764 4844 puto

2186 4865 2268 4917 vel
2308 4864 2428 4917 vita:
2476 4872 2580 4917 tute
2639 4865 3018 4919 narrationem.
3063 4864 3422 4932 Quamobrem
3449 4910 3465 4934 ,
3508 4869 3756 4936 obsecro,

2185 4955 2330 5009 vices
2384 4953 2514 5008 mihi
2573 4955 2873 5024 rependas,
2926 4972 3218 5028 precesque
3277 4970 3394 5016 tuas
3444 4964 3499 5019 in
3559 4977 3763 5022 merce-

2183 5046 2305 5101 dem
2351 5047 2586 5114 tribuas;
2619 5049 2690 5103 ita
2730 5059 2790 5104 ut
2817 5065 2924 5106 non
2976 5053 3136 5108 modo
3165 5055 3233 5110 de
3260 5060 3662 5126 compunctione
3685 5061 3762 5113 lo-

2183 5152 2339 5209 quar,
2368 5139 2462 5195 sed
2487 5151 2542 5195 et
2561 5156 2673 5196 rem
2716 5143 2885 5212 ipsam
2917 5146 3167 5214 operibus
3189 5146 3486 5202 exhibeam.
3510 5151 3759 5214 Quando-

2187 5231 2400 5301 quidem
2429 5231 2671 5287 doctrina
2697 5235 2813 5290 sine
2831 5251 2994 5305 opere
3021 5252 3124 5290 non
3147 5237 3304 5290 modo
3327 5239 3458 5292 nihil
3485 5241 3639 5308 lucri,
3665 5243 3759 5297 sed

2187 5326 2347 5380 etiam
2377 5325 2750 5380 detrimentum
2795 5344 3040 5397 magnum
3068 5338 3121 5383 et
3147 5331 3649 5388 condemnationem
3677 5335 3757 5389 af-

2192 5416 2293 5472 fert
2316 5418 2363 5472 ei
2387 5459 2400 5481 ,
2433 5417 2662 5486 quicum
2695 5427 2838 5472 tanta
2865 5420 3109 5475 socordia
3136 5421 3296 5476 vitam
3327 5424 3541 5479 ordinat
3581 5440 3754 5480 suam.

2194 5508 2210 5540 ⁸
2252 5507 2371 5560 Νοη
2397 5507 2550 5573 enim,
2602 5508 2804 5577 inquit,
2840 5511 3002 5566 omnis
3043 5513 3127 5582 qui
3161 5513 3282 5566 dicit
3311 5517 3470 5581 mihi,
3499 5515 3754 5584 Domine,

2197 5599 2409 5652 Domine
2431 5639 2444 5662 ,
2473 5600 2558 5650 sed
2586 5601 2670 5669 qui
2701 5602 2866 5656 fecerit
2895 5613 2940 5658 et
2966 5606 3187 5659 docuerit
3206 5649 3220 5670 ,
3251 5607 3333 5661 hic
3368 5625 3579 5677 magnus
3605 5625 3754 5663 voca-

2197 5691 2326 5743 bitur
2355 5691 2406 5742 in
2431 5707 2582 5760 regno
2613 5694 2851 5748 cazlorum
2877 5697 3084 5768 (Matth.
3106 5702 3258 5759 7.21.
3276 5710 3329 5757 et
3353 5701 3405 5754 5.
3427 5699 3545 5768 19).

2253 5860 2268 5891 ι
2304 5864 2412 5907 Haec
2433 5871 2590 5924 usque
2609 5859 2666 5908 ad
2689 5859 2832 5910 ﬁnem
2854 5859 3031 5910 desunt
3053 5861 3101 5911 tn
3121 5858 3258 5912 saviL
