4532 6706
835 440 931 497 Ill

839 573 2781 600 Μ

1573 443 1631 502 S.
1669 445 1946 507 JOANNIS
1980 450 2453 507 CHltYSOSTOlll
2492 453 2807 513 ARClliEP.
2848 458 3379 520 CONSTANTINOP.

1621 587 3335 856 Wﬁtﬁ:

3988 475 4100 531 Hi

1987 881 2094 943 ET
2134 882 2240 943 DE
2282 881 2941 959 COMPUNCTIONE,

1702 1027 2185 1134 LIBER
2264 1024 3067 1138 SECUNDUS
3114 1034 3187 1136 ‘.

2211 1230 2694 1310 mo...—

894 1410 949 1466 ι.
988 1408 1057 1464 Ει
1083 1406 1349 1479 quomodo
1372 1404 1486 1461 fieri
1517 1404 1701 1474 possit,
1732 1411 1914 1459 sancte
1942 1401 2037 1457 Dei
2062 1401 2246 1467 homo,
2272 1398 2394 1454 Ste-

822 1500 982 1565 lecbi,
1011 1499 1147 1570 quod
1173 1498 1423 1566 imperas,
1452 1504 1509 1550 ut
1530 1495 1597 1550 ab
1618 1494 1791 1549 anima
1814 1495 1884 1549 ita
1906 1493 2112 1548 infirma
2138 1502 2194 1549 et
2213 1491 2399 1563 frigida

824 1591 890 1645 de
917 1587 1323 1657 compunctione
1348 1600 1625 1640 sermones
1652 1585 1916 1640 edantur?
1943 1585 2077 1640 Puto
2103 1585 2245 1640 enim
2267 1600 2399 1654 opus

820 1698 939 1737 esse
953 1697 1098 1747 eum,
1115 1680 1207 1752 qui
1235 1680 1287 1735 in
1311 1679 1411 1734 hac
1434 1681 1656 1735 materia
1680 1680 1877 1750 aliquid
1894 1680 2019 1735 boni
2038 1679 2277 1733 dicturus
2293 1688 2395 1745 est,

820 1786 931 1841 pra:
972 1772 1219 1825 omnibus
1258 1771 1376 1826 aliis
1417 1770 1519 1823 hoc
1557 1769 1733 1823 studio
1762 1770 1783 1801 ³
1814 1771 2016 1822 fervere
2051 1776 2102 1821 et
2144 1767 2394 1833 incendi,

821 1862 893 1917 ita
920 1871 975 1915 ut
997 1861 1156 1915 verba
1174 1876 1291 1929 qua:
1311 1860 1583 1928 proferunt
1602 1858 1848 1912 candenti
1870 1857 2009 1912 ferro
2026 1856 2395 1912 vehementius

820 1956 871 2007 iu
903 1953 1198 2007 auditorum
1239 1950 1445 2004 animos
1492 1948 1725 2003 incidere
1766 1948 1994 2003 valeant.
2022 1947 2186 2003 Nobis
2214 1957 2391 2002 autem

819 2045 953 2113 ignis
982 2040 1282 2112 hujusmodi
1314 2056 1416 2093 non
1456 2039 1645 2101 adest,
1677 2038 1772 2094 sed
1803 2039 1980 2093 omnia
2009 2040 2263 2093 interiora
2292 2053 2391 2093 no-

817 2144 923 2187 stra
961 2138 1084 2185 sunt
1121 2131 1253 2185 cinis
1282 2138 1337 2184 et
1369 2128 1558 2199 pulvis.
1591 2126 1869 2183 Undenam
1894 2169 1909 2194 ,
1940 2127 2026 2183 dic
2058 2128 2187 2183 mibi
2210 2168 2226 2192 ,
2255 2127 2395 2182 unde

820 2224 1085 2278 tlzunmam
1106 2221 1459 2276 accendamus
1480 2220 1647 2282 illam,
1665 2234 1786 2274 cum
1803 2234 1974 2290 neque
1995 2219 2219 2274 scintilla
2236 2218 2393 2286 adsit,

820 2332 889 2370 ne
910 2331 992 2383 jue
1025 2314 1166 2385 ligna
1190 2313 1502 2383 subjaceant
1523 2354 1540 2378 ,
1571 2327 1743 2382 neque
1767 2312 1985 2381 spiritus
2007 2311 2073 2366 ad
2102 2312 2244 2365 illam
2275 2326 2397 2381 per-

818 2404 1043 2459 llandam
1057 2403 1322 2463 adveniat,
1337 2401 1405 2457 ob
1415 2400 1692 2471 caliginem
1704 2400 1725 2431 '
1737 2415 1929 2470 nempe
1942 2401 2084 2455 illam
2103 2402 2393 2470 ingentem,

815 2511 973 2565 quam
1015 2496 1092 2549 vis
1136 2503 1475 2563 peccatorum
1517 2492 1708 2545 anima:
1748 2500 1942 2545 nostra:
1975 2490 2394 2561 obtenditiEgo

816 2586 1027 2656 quidem
1057 2599 1161 2638 non
1192 2583 1333 2649 novi,
1364 2581 1459 2636 sed
1489 2588 1636 2635 tuum
1667 2589 1749 2635 est
1775 2580 1973 2648 dicere,
2003 2580 2092 2650 qui
2119 2580 2350 2649 imperas
2372 2620 2388 2648 ,

815 2692 922 2748 quo
943 2685 1094 2746 pacto
1110 2675 1314 2745 jussum
1338 2684 1484 2727 tuum
1506 2672 1558 2726 in
1576 2686 1709 2741 opus
1729 2670 2001 2741 procedat,
2022 2678 2076 2725 et
2093 2685 2393 2741 congruen-

818 2779 920 2824 tem
955 2768 1110 2822 lincm
1141 2773 1471 2834 asscquatur.
1506 2762 1614 2819 Nos
1648 2772 1795 2818 certe
1821 2762 2009 2832 lingua:
2034 2760 2391 2833 praebebimus

816 2858 1205 2921 ministerium;
1239 2865 1294 2909 tu
1322 2870 1447 2909 vero
1474 2868 1695 2923 precare
1719 2868 1863 2919 eum,
1892 2852 1981 2923 qui
2009 2861 2162 2907 sanat
2189 2852 2390 2908 contri-

817 2958 903 3004 tus
942 2947 1105 3003 corde
1124 2989 1140 3013 ,
1165 2947 1253 3017 qui
1280 2946 1372 3001 dat
1407 2945 1758 3015 pusillanimis
1786 2943 2237 3013 longanimitatem
2258 2984 2273 3008 ,
2303 2943 2394 3013 qui

815 3041 1034 3096 suscitat
1053 3040 1119 3094 de
1148 3050 1286 3094 terra
1313 3053 1621 3107 pauperem,
1645 3047 1701 3091 ut
1725 3036 1867 3091 hunc
1887 3036 1940 3091 in
1970 3037 2122 3091 nobis
2146 3036 2395 3091 incendat

813 3136 1010 3206 ignem,
1033 3133 1121 3203 qui
1144 3131 1427 3186 humanam
1455 3144 1669 3185 omnem
1692 3129 2053 3184 infirmitatem
2079 3129 2217 3184 solet
2234 3128 2395 3184 absu-

814 3240 987 3286 mere,
1010 3238 1072 3278 ac
1092 3238 1362 3287 somnum,
1385 3221 1663 3291 segnitiem
1690 3220 2104 3290 gravitatemque
2123 3218 2393 3274 carnalem

815 3315 1171 3386 prmscindere
1197 3354 1211 3378 ,
1238 3313 1533 3382 animmque
1557 3312 1668 3366 alas
1696 3311 1762 3366 ad
1788 3311 1975 3366 cazlum
2005 3311 2258 3366 sublimes
2282 3311 2392 3367 eri-

812 3422 940 3477 gere
968 3424 981 3460 :
1012 3407 1079 3461 ab
1114 3408 1201 3460 illa
1228 3415 1407 3460 autem
1445 3405 1629 3474 apside
1647 3446 1664 3471 ,
1693 3420 1792 3460 ceu
1819 3421 1884 3461 ex
1913 3406 2142 3476 quodam
2179 3406 2394 3462 excelso

814 3499 1045 3562 vertice,
1073 3511 1286 3551 omnem
1314 3494 1336 3527 ’⁵
1358 3495 1591 3551 ostendit
1628 3495 1905 3564 praesentis
1944 3495 2066 3549 vita:
2108 3497 2390 3551 vanitatem

813 3587 1229 3656 ementitamque
1249 3586 1502 3654 speciem.
1527 3585 1625 3651 Qui
1648 3585 1790 3640 enim
1816 3585 2129 3655 nequeilluc
2152 3586 2389 3656 avolare,

814 3696 985 3749 neque
1009 3679 1062 3733 in
1091 3679 1176 3732 illa
1205 3677 1416 3746 specula
1441 3676 1630 3731 sedere
1655 3680 1859 3744 potuit,
1888 3680 1934 3730 is
1962 3692 2129 3745 neque
2158 3687 2386 3744 terram,

813 3784 986 3839 neque
1026 3777 1236 3823 terrena
1278 3766 1488 3836 negotia
1517 3765 1561 3832 ⁸,
1610 3773 1669 3820 ιιι
1703 3764 1883 3820 videre
1920 3780 2016 3834 par
2054 3775 2175 3833 est,
2212 3767 2391 3821 videre

813 3869 1010 3933 potest.
1036 3859 1169 3927 Quia
1196 3859 1337 3914 enim
1362 3858 1526 3912 multa
1556 3865 1710 3925 sunt,
1736 3873 1857 3928 qua:
1883 3858 2018 3913 visui
2046 3858 2290 3913 tenebras
2312 3857 2393 3912 of-

817 3953 1065 4019 fundunt,
1096 3951 1261 4005 multa
1287 3966 1406 4020 quae
1427 3950 1662 4004 auditum
1693 3949 1927 4016 turbant,
1958 3950 2127 4004 multa
2150 3965 2267 4019 quae
2293 3951 2393 4005 lin-

817 4058 971 4113 guam
998 4040 1346 4111 praepediant,
1380 4048 1591 4109 oportet
1614 4053 1757 4104 eum,
1782 4039 1851 4094 ab
1878 4039 2023 4095 omni
2052 4040 2280 4094 tumultu
2307 4048 2393 4094 at-

816 4150 921 4205 que
946 4133 1091 4188 fumo
1108 4132 1448 4199 subductum,
1475 4130 1543 4186 ad
1569 4131 1710 4186 illam
1751 4131 2086 4188 solitudinem
2110 4131 2389 4199 secedere,

814 4228 903 4282 ubi
932 4242 1119 4297 magna
1147 4223 1523 4295 tranquillitas,
1547 4238 1677 4293 pura
1699 4225 1977 4291 serenitas,
1995 4227 2249 4282 tumultus
2269 4227 2393 4281 nul-

814 4320 933 4374 lus:
960 4319 1053 4373 sed
1079 4318 1214 4371 oculi
1243 4318 1297 4372 in
1318 4332 1481 4372 unum
1514 4316 1605 4372 Dei
1634 4330 1873 4371 amorem
1895 4316 1917 4349 ⁸
1938 4318 2123 4373 intenti
2152 4334 2256 4374 non
2286 4320 2393 4377 alio

816 4410 1111 4475 declinant,
1142 4423 1297 4462 aures
1324 4424 1450 4462 vero
1475 4408 1823 4473 inconcussas,
1855 4409 1945 4463 uni
1976 4417 2176 4464 tantum
2200 4413 2276 4466 rei
2301 4427 2394 4467 va-

819 4508 962 4563 cant,
985 4514 1177 4569 nempe
1196 4498 1494 4553 divinorum
1516 4497 1844 4569 eloquiorum
1864 4499 2087 4565 auditui,
2113 4511 2167 4556 et
2187 4504 2392 4560 suavis-

818 4591 968 4644 sima:
993 4589 1357 4659 spiritualique
1380 4588 1660 4644 audienda:
1685 4590 2034 4660 symphonia},
2062 4608 2179 4661 qua:
2204 4596 2389 4660 semel,

815 4691 971 4750 capto
998 4682 1177 4735 animo
1199 4721 1215 4747 ,
1244 4689 1389 4735 tanta
1424 4681 1474 4735 vi
1509 4682 1813 4737 dominatur
1833 4724 1849 4749 ,
1881 4693 1937 4738 ut
1975 4684 2061 4738 illa
2102 4696 2393 4755 pertractus

818 4770 1046 4825 melodia
1078 4786 1247 4840 neque
1271 4771 1446 4826 cibum
1464 4815 1479 4839 ,
1510 4788 1682 4843 neque
1709 4784 1908 4845 potum,
1944 4791 2119 4847 neque
2147 4792 2391 4834 somnum

819 4878 939 4916 cum
969 4862 1233 4931 voluptate
1259 4864 1451 4934 capiat.
1474 4865 1653 4935 itaque
1676 4883 1772 4923 nec
1798 4872 2130 4927 saecularium
2155 4876 2395 4946 negotio-

820 4970 936 5007 rum
964 4954 1241 5018 tumultus,
1267 4971 1436 5025 neque
1460 4959 1813 5025 corporalium
1839 4962 1991 5017 turba
2016 4980 2213 5031 rerum,
2241 4976 2390 5022 teno-

823 5059 936 5096 rem
978 5044 1122 5097 illum
1157 5044 1397 5101 relaxare
1432 5048 1619 5104 valeat.
1650 5050 1733 5105 Ad
1762 5059 1961 5106 tantam
1987 5056 2125 5109 enim
2152 5058 2171 5088 "
2198 5058 2389 5114 animae

820 5134 1191 5189 sublimitatem
1222 5136 1413 5192 infima:
1448 5139 1605 5209 hujus
1642 5145 1968 5213 tempestatis
1999 5150 2249 5217 strepitus
2281 5168 2387 5209 non

880 5300 905 5377 ξ
926 5300 1117 5377 fitulus
1137 5306 1191 5377 in
1228 5306 1360 5377 C_(_)lb.
1385 5310 1471 5377 sic,
1498 5312 1721 5377 Eiusde
1760 5319 1825 5368 ad
1848 5318 2128 5372 steleclrium
2150 5326 2213 5375 de
2254 5336 2388 5377 Corn-

812 5368 1079 5474 sir’rzgiggg.
1106 5373 1153 5414 In
1170 5369 1328 5432 Savil.,
1354 5368 1675 5438 chryso'swmi
1709 5380 1772 5427 ad
1795 5368 2234 5437 swzeziima‘éfae
2251 5368 2388 5440 ἑῦἓὶἱ-

955 5440 969 5473 1
1064 5460 1077 5473 ο

879 5488 896 5575 .'.
920 5487 1524 5575 32,,ἒιίὶτηθὲτηὲξξῑειέιιὶξιξρ,
1552 5497 1641 5550 "oc
1662 5500 1853 5567 δικαίας
1882 5507 1969 5555 sed
1997 5508 2127 5559 σουλ
2150 5518 2203 5561 et
2223 5512 2382 5575 εενίιυ

824 5549 839 5588 ι
873 5559 896 5615 ς
920 5549 1149 5615 pulchro;
1172 5549 1559 5615 subaudi,sens'u.

873 5608 891 5674 ξ
924 5616 971 5656 tn
988 5608 1139 5674 colu,
1157 5608 1401 5674 pudorem.

875 5666 896 5737 ξ
930 5673 1056 5732 Apud
1077 5666 1225 5735 (Idib,
1253 5690 1436 5729 onmem
1459 5681 1589 5733 nobis
1609 5686 1830 5737 oslendt't.

870 5731 892 5812 ξ
925 5731 1221 5812 ιιέιιξεμγρτικιέ
1240 5751 1390 5801 neque
1404 5731 1593 5812 terrena
1615 5731 1830 5810 ὶιὲξιὸἷίὲἱξ
1845 5750 1991 5803 habet
2012 5754 2142 5807 Solus
2155 5758 2318 5812 Morel.

867 5790 891 5868 ς
925 5798 970 5868 tu
990 5790 1368 5868 Colb._legi_tttus,
1395 5790 1441 5853 in
1461 5790 1953 5865 melii"???'éBEbHJEJI

865 5852 889 5887 τ
929 5862 1042 5918 Vox,
1061 5852 1367 5925 euimfdcest'
1383 5868 1431 5917 in
1454 5852 1584 5920 celi).

2503 1405 2754 1475 pertingit
2774 1424 2789 1473 ;
2807 1424 2990 1465 vermn
3004 1413 3447 1482 quemadmodum
3464 1416 3520 1483 ii,
3534 1420 3623 1489 qui
3639 1419 3702 1475 ad
3724 1424 4010 1485 altissunos
4024 1447 4088 1489 se

2510 1498 2785 1555 contulere
2807 1512 3037 1571 montes,
3061 1507 3191 1562 nihil
3209 1525 3391 1565 eorum
3415 1512 3592 1568 vident
3610 1514 3691 1569 vel
3706 1516 3942 1582 audiunt,
3960 1538 4086 1591 qua

2516 1586 2569 1641 in
2595 1588 2725 1643 urbe
2752 1603 3009 1660 geruntur
3032 1596 3116 1651 vel
3140 1597 3409 1667 dicuntur,
3441 1603 3533 1658 sed
3557 1604 3835 1660 obscurum
3863 1586 4084 1664 demta-

2512 1687 2604 1732 xat
2639 1688 2695 1735 et
2728 1681 3069 1751 injucundum
3093 1688 3109 1721 ¹
3131 1689 3419 1755 clamorem
3451 1695 3702 1762 audiunt,
3737 1698 4083 1755 stridentibus

2515 1770 2690 1839 vespis
2721 1773 2888 1828 nihilo
2916 1777 3235 1846 suaviorem,
3263 1782 3340 1836 sic
3366 1783 3421 1847 ii,
3452 1786 3541 1853 qui
3570 1801 3598 1838 a
3627 1788 3959 1849 saecularibus
3987 1806 4080 1846 re-

2506 1857 2607 1913 bus
2651 1874 2770 1914 esse
2816 1863 3147 1919 abduxerunt
3192 1878 3249 1922 et
3289 1870 3355 1924 ad
3398 1876 3689 1940 spiritualis
3736 1879 4081 1949 philosophiae

2501 1960 2754 2002 cacumen
2782 1950 3130 2018 advolarunt,
3163 1958 3292 2011 nihil
3327 1974 3512 2015 eorum
3543 1980 3661 2032 quae
3687 1969 3825 2036 apud
3853 1984 3949 2024 nos
3976 1986 4079 2040 ge-

2501 2049 2692 2094 runtur
2730 2056 2891 2097 sensu
2939 2047 3269 2115 percipiunt;
3317 2065 3512 2120 corpus
3559 2057 3699 2112 enim
3745 2069 3799 2114 et
3837 2064 4081 2130 corporis

2506 2142 2713 2195 sensus,
2735 2130 2906 2188 donec
2926 2136 3100 2191 anima
3120 2138 3259 2193 circa
3283 2148 3475 2195 terram
3500 2156 3761 2213 versatur,
3786 2149 4081 2206 innumeris

2506 2219 2651 2273 illam
2693 2222 2916 2279 vinculis
2958 2228 3363 2298 constringunt,
3407 2233 3771 2301 gravissimam
3815 2236 4077 2294 ﬂuxarum

2510 2310 2835 2380 voluptatum
2867 2323 3234 2385 tempestatem
3259 2320 3487 2390 undique
3512 2323 3838 2394 colligentes.
3865 2328 4077 2382 Etenim

2501 2401 2733 2469 auditus,
2752 2404 2916 2472 visus,
2940 2414 3130 2473 tactus,
3153 2409 3403 2465 odoratus
3428 2420 3480 2466 et
3504 2412 3702 2483 lingua,
3733 2426 4075 2472 externorum

2502 2491 2761 2547 malorum
2780 2495 3005 2570 plurima
3022 2497 3078 2551 in
3097 2498 3236 2553 illam
3255 2499 3525 2557 inducunt.
3543 2502 3675 2557 Cum
3693 2520 3818 2559 vero
3832 2507 4077 2563 sublimis

2497 2580 2748 2649 efficitur,
2779 2592 2834 2638 et
2857 2587 3025 2644 otium
3051 2604 3205 2643 suum
3232 2590 3301 2645 ad
3324 2592 3617 2662 spiritualis
3642 2598 3919 2663 convertit,
3945 2605 4076 2653 tunc

2497 2670 2754 2741 malignas
2782 2674 3133 2743 cogitationes
3157 2678 3400 2749 ingressu
3426 2692 3607 2738 arcet:
3630 2700 3734 2739 non
3763 2700 3952 2742 sensus
3971 2688 4075 2743 ob—

2498 2768 2703 2829 turaus,
2727 2763 2821 2817 sed
2843 2779 3029 2820 eorum
3051 2771 3419 2837 operationem
3447 2774 3514 2828 ad
3534 2774 3905 2832 sublimitatem
3927 2779 4072 2835 illam

2502 2850 2803 2907 traducens.
2825 2853 3285 2920 Quemadmodum
3305 2861 3448 2917 enim
3469 2862 3682 2918 domina
3702 2867 3941 2935 quadam
3961 2868 4075 2924 for-

2504 2942 2767 2997 midabilis
2787 2952 2841 2999 et
2860 2960 3066 3013 severa,
3088 2963 3207 3017 qua:
3224 2962 3546 3020 unguentum
3563 2955 3741 3009 condit
3761 2958 4071 3026 pretiosum,

2501 3032 2809 3102 magnisque
2824 3036 3118 3104 sumptibus
3137 3053 3199 3093 ac
3220 3041 3507 3096 multorum
3529 3045 3770 3100 manibus
3799 3046 3864 3101 ad
3890 3048 4075 3102 condi-

2500 3131 2675 3177 turam
2714 3138 2848 3194 0pus
2886 3126 3076 3194 habet,
3108 3131 3325 3186 ancillas
3364 3136 3628 3191 suscitans
3662 3147 3717 3192 et
3749 3152 4024 3195 accersens
4050 3181 4068 3208 ,

2502 3211 2660 3267 aliam
2695 3213 2845 3283 jubet
2879 3227 3113 3271 aromata
3142 3220 3373 3276 nondum
3401 3224 3452 3278 in
3480 3238 3613 3295 opus
3641 3226 3867 3283 admissa
3893 3230 4073 3285 cribro

2476 3318 2813 3369 secernere,
2845 3306 3000 3360 aliam
3029 3319 3239 3380 arrepta
3281 3311 3485 3369 bilancc
3510 3323 3566 3370 et
3594 3324 3789 3371 statera
3825 3328 4072 3376 accurato

2497 3394 2759 3465 dispicere
2782 3412 2851 3452 ne
2879 3398 2997 3467 plus
3026 3400 3109 3454 vel
3137 3402 3310 3456 minus
3334 3420 3488 3473 quam
3515 3421 3611 3476 par
3639 3417 3720 3461 est
3748 3409 3799 3462 in
3826 3410 4070 3465 conditu-

2496 3500 2609 3539 ram
2649 3486 2939 3542 admissum
2974 3489 3172 3559 justam
3211 3508 3508 3549 mensuram
3549 3498 3765 3566 perdat,
3793 3500 3948 3555 aliam
3976 3515 4069 3556 eo.

2493 3591 2657 3645 quere
2681 3593 2800 3647 qua:
2825 3581 3100 3650 coquenda
3129 3594 3273 3651 sunt,
3302 3585 3457 3640 aliam
3487 3595 3656 3644 terere
3682 3605 3797 3660 quae
3826 3594 4065 3659 terenda,

2494 3664 2637 3720 illam
2655 3667 2758 3721 alia
2783 3669 2902 3724 aliis
2923 3672 3294 3739 commiscere,
3314 3675 3458 3729 illam
3480 3693 3599 3732 cum
3618 3680 3881 3737 alabastro
3898 3694 4064 3750 stare,

2492 3755 2648 3811 aliam
2675 3774 2795 3813 cum
2823 3760 2935 3814 alio
2956 3775 3085 3816 vase
3102 3801 3119 3830 ,
3144 3762 3304 3817 aliam
3333 3765 3475 3821 aliud
3501 3768 3765 3838 quidpiam
3800 3781 4024 3829 tractare
4042 3791 4061 3804 ο

2494 3846 2674 3917 sicque
2700 3864 2883 3905 earum
2910 3861 3117 3908 mentes
3142 3854 3301 3909 simul
3324 3865 3378 3911 et
3400 3872 3587 3914 manus
3605 3862 3753 3929 operi
3774 3864 4064 3933 applicans,

2494 3937 2625 3992 nihil
2655 3943 2922 4013 corrumpi
2963 3944 3126 4011 sinit,
3159 3960 3372 4016 semper
3404 3948 3689 4018 insistens,
3718 3967 3822 4007 non
3848 3957 4067 4025 pemiit-

2502 4038 2617 4083 tcns
2644 4040 2792 4109 extra
2821 4035 3019 4104 vagari,
3037 4046 3129 4092 aut
3154 4037 3259 4094 alio
3284 4050 3556 4109 aspectum
3585 4042 3847 4100 divertere
3871 4062 3885 4099 :
3911 4047 3990 4101 sic
4012 4056 4067 4103 et

2496 4121 2669 4175 anima
2700 4106 2987 4191 pretiosum
3015 4125 3117 4183 hoc
3154 4139 3479 4200 unguentum
3510 4147 3847 4203 praeparans,
3875 4150 4067 4206 nempe

2497 4216 2955 4282 compunctionem
2978 4259 2993 4285 ,
3034 4234 3223 4277 sensus
3260 4222 3327 4277 ad
3366 4223 3594 4295 scipsam
3624 4235 3845 4293 evocat,
3880 4242 4063 4282 eorum

2498 4305 2858 4371 prmscindens
2893 4311 3192 4379 segnitiem.
3236 4313 3294 4368 Si
3334 4314 3546 4383 quando
3582 4326 3759 4373 autem
3795 4321 4065 4390 contingat

2496 4395 2640 4450 illam
2674 4397 2725 4450 in
2756 4412 2813 4452 se
2838 4413 3147 4456 conversam
3183 4403 3449 4473 quidpiam
3475 4421 3658 4463 eorum
3686 4411 3916 4481 cogitare
3943 4428 4063 4483 qua:

2494 4486 2560 4539 ad
2588 4486 2906 4554 probitatem
2935 4497 2989 4543 et
3017 4489 3108 4544 Dei
3138 4491 3385 4561 placitum
3415 4503 3689 4564 spectant,
3718 4513 3905 4555 sensus
3929 4516 4061 4570 ope—

2494 4579 2699 4633 ratione
2720 4592 2815 4633 sua
2836 4594 3033 4635 vacuos
3052 4584 3355 4651 constituit;
3382 4600 3450 4640 ne
3471 4587 3594 4657 quid
3612 4604 4062 4659 supervacaneum

2495 4669 2865 4753 intempestive
2915 4671 3224 4731 indecentes
3252 4717 3268 4743 ,
3319 4677 3580 4735 internam
3632 4684 4062 4753 tranquillitatem

2494 4745 2820 4829 perturbent.
2848 4763 3027 4829 Quare
3050 4763 3093 4817 si
3120 4780 3279 4821 voces
3302 4768 3548 4837 auribus,
3575 4774 3871 4840 spectacula
3894 4775 4064 4829 oculis

2495 4851 2769 4918 accidant,
2818 4852 2949 4906 nihil
2995 4853 3389 4925 intromittitur,
3433 4859 3654 4929 singulis
3698 4862 4060 4918 membrorum

2496 4942 2890 5009 Operationibus
2918 4942 2985 4997 ad
3011 4944 3238 5001 animam
3274 4950 3565 5003 conversis.
3595 4950 3798 5021 Ecquid
3828 4968 3984 5007 voces
4010 4964 4063 5009 et

2493 5035 2789 5102 spectacula
2811 5049 3072 5102 memoro,
3090 5052 3209 5091 cum
3230 5040 3380 5094 multi
3401 5040 3454 5094 in
3475 5040 3573 5095 hoc
3596 5043 3752 5109 positi
3774 5052 3935 5111 statu,
3955 5060 4059 5099 non

2494 5124 2654 5178 modo
2682 5134 3064 5194 praetereuntes
3090 5143 3266 5184 coram
3287 5172 3301 5197 ,
3333 5132 3427 5186 sed
3457 5134 3617 5187 etiam
3648 5148 3707 5189 se
3735 5135 4059 5205 exagitantes

2493 5228 2596 5267 non
2625 5216 2895 5270 sentiant?
2922 5216 3089 5270 Tanta
3113 5221 3303 5290 quippe
3330 5230 3412 5276 est
3438 5223 3629 5278 anima:
3657 5224 3846 5290 virtus,
3880 5236 3935 5279 ut
3961 5244 4057 5282 vo-

2492 5305 2619 5359 lenti
2646 5305 2800 5360 facile
2827 5307 2896 5361 sit
2924 5307 2977 5361 in
3005 5316 3142 5363 terra
3172 5311 3383 5382 quidem
3412 5316 3612 5371 versari
3636 5355 3652 5381 ,
3684 5317 3775 5371 sed
3800 5358 3815 5384 ,
3843 5333 3904 5372 ac
3928 5320 3972 5374 si
4003 5320 4055 5375 in

2490 5396 2625 5449 carlo
2654 5394 2857 5461 sedeat,
2885 5396 3017 5453 nihil
3037 5412 3218 5455 eorum
3240 5418 3357 5473 qua:
3382 5405 3434 5459 in
3465 5415 3602 5461 terra
3625 5416 3875 5476 geruntur
3895 5425 4057 5469 sensu

2488 5484 2785 5552 percipere.

2558 5573 2613 5625 ‘2.
2656 5573 2797 5628 Talis
2824 5584 2936 5631 erat
2963 5576 3147 5634 beatus
3173 5580 3399 5649 Paulus,
3431 5583 3521 5653 qui
3548 5585 3730 5642 mediis
3758 5589 3811 5644 in
3839 5591 4055 5648 urbibus

2487 5677 2741 5729 versans,
2781 5673 2983 5721 tantum
3018 5683 3048 5722 a
3086 5670 3439 5737 praesentibus
3480 5675 3701 5747 aberat,
3736 5693 3986 5751 quantum
4024 5698 4052 5736 a

2487 5768 2814 5812 mortuorum
2857 5760 3204 5815 Cadaveribus
3246 5762 3515 5823 absumus.
3544 5768 3675 5827 Cum
3712 5773 3853 5827 enim
3883 5771 4053 5843 dicit,

2554 5892 2570 5919 ⁸
2604 5895 2677 5938 διο
2697 5891 2857 5951 Savil.,
2880 5891 2967 5941 sed
2990 5891 3144 5957 Coll»,
3167 5894 3387 5949 debilem.
