4454 6682
276 535 380 595 με

1213 533 1301 589 DE
1338 528 1902 594 COMPUNCTIONE,
1944 529 2032 585 AD
2073 529 2530 588 STELECHIUM.
2572 532 2701 589 LIB.
2746 533 2807 590 ll.

3636 533 3750 593 £12

1239 756 1707 892 ΠΡΟΣ
1784 753 2784 909 ΣΤΕΛΕΧΙΟΝ,

1570 947 1693 1003 ΚΑΙ
1723 944 1883 1000 ΠΕΡΙ
1915 946 2375 1001 ΚΑΤΛΝΥΞΕΩΣ
2404 958 2431 987 α

1478 1072 1847 1161 ΛΟΓΟΣ
1923 1068 2514 1159 ΔΕΥΤΕΡΟΣ.

340 1350 411 1400 α’.
431 1340 541 1396 Καὶ
562 1337 679 1401 πῶς
702 1336 781 1390 ενι
799 1334 1053 1405 γενέσθαι
1067 1335 1224 1389 τοῦτο
1245 1336 1384 1407 ὅπερ
1406 1331 1700 1398 ἐπέταξας,
1720 1331 1841 1399 ἃγιε
1855 1329 1950 1382 τοῦ

266 1425 407 1480 Θεοῦ
432 1421 707 1492 ἄνθρωπε,
734 1419 978 1491 Στελέχιε
1001 1459 1016 1483 ,
1050 1420 1144 1474 καὶ
1177 1416 1329 1488 παρὰ
1369 1415 1549 1486 ψυχῆς
1579 1414 1752 1476 οὕτως
1786 1412 1951 1466 ἀσθε-

265 1509 397 1572 νοῦς
422 1506 515 1560 καὶ
546 1504 758 1574 ψυχρᾶς
780 1504 906 1567 τοὺς
926 1504 1053 1574 περί
1090 1498 1435 1564 κατανύξεως
1464 1495 1831 1567 ἀποτεχθῆναι
1871 1493 1954 1548 λό-

266 1608 402 1659 γους
429 1603 443 1653 ;
472 1588 564 1639 Δεῖ
588 1587 716 1657 γὰρ,
759 1580 934 1656 οἶμαι,
969 1586 1060 1638 τὸν
1088 1581 1351 1655 μέλλοντά
1381 1598 1431 1634 τι
1467 1581 1712 1649 γενναῖον
1745 1580 1825 1642 εἰς
1852 1577 1952 1649 τὴν

266 1673 527 1727 ὑπόθεσιν
547 1669 751 1738 ταύτην
771 1671 935 1738 ἐρεῖν,
949 1667 1108 1721 αὑτὸν
1126 1667 1230 1738 πρὸ
1249 1665 1359 1719 τῶν
1376 1663 1550 1718 ἄλλων
1573 1661 1825 1716 ἁπάντων
1849 1662 1953 1733 μά-

265 1756 429 1809 λιστα
452 1770 595 1806 πεπυ
603 1751 806 1822 ρῶσθαι
823 1750 899 1821 τῷ
918 1750 1061 1821 ζήλῳ
1082 1748 1398 1820 τούτῳῇκαὶ
1423 1742 1808 1810 ἀναζεῖν,ῶστε
1824 1745 1950 1807 τοὺς

267 1839 402 1911 περὶ
432 1836 638 1890 τούτων
664 1834 1104 1907 προφερομένους
1124 1834 1318 1901 λόγους
1343 1830 1543 1893 παντὸς
1578 1845 1948 1911 πεπυρακτω-

271 1924 434 1991 μένου
459 1922 679 1991 σιδήρου
714 1917 1067 1988 σφοδρότερον
1101 1918 1181 1979 εἰς
1206 1916 1305 1979 1&;
1336 1914 1443 1968 τῶν
1465 1913 1810 1967 ἀκουόντωνέ
1820 1910 1950 1981 μπί-

267 2021 428 2057 πτειν
447 2004 646 2074 ψυχάς.
666 1999 819 2074 [Mi]
851 2000 1012 2069 Ἡμῖν
1034 1998 1089 2050 δέ
1108 1998 1262 2050 τοῦτο
1290 1997 1351 2049 οὑ
1377 1997 1610 2074 πάρεστι
1632 1993 1694 2046 τὸ
1715 1992 1846 2062 πῦρ,
1860 1992 1955 2046 ἀλ-

266 2086 339 2140 λά
365 2073 556 2140 πάντα
574 2086 641 2139 τά
661 2073 810 2137 ἐνδον
832 2082 1008 2151 τέφρα
1038 2080 1134 2133 καὶ
1152 2080 1321 2143 κόνις.
1340 2080 1513 2133 Πόθεν
1543 2073 1659 2142 οῦν,
1692 2076 1951 2145 είπέεμοι,

267 2171 433 2224 πόθεν
458 2169 556 2241 τὴν
606 2167 779 2238 φλόγα
815 2164 1018 2233 ταύτην
1064 2164 1438 2233 ἀνακαύσομεν
1470 2171 1493 2199 ο
1514 2202 1529 2227 ,
1559 2161 1695 2231 μήτε
1726 2158 1954 2230 σπινθῆ-

268 2270 362 2323 ρος
385 2253 536 2316 ὄντος
554 2254 709 2323 ἡμῖν,
736 2251 873 2322 μήτε
905 2248 1038 2318 ὕλης
1056 2245 1438 2316 ὑποκειμένης,
1472 2245 1608 2314 μήτε
1640 2241 1953 2313 πνεύματος

262 2335 364 2387 τοῦ
396 2335 602 2406 ταύτην
633 2331 1087 2405 ἀναρριπίζοντος
1108 2328 1565 2399 παραγινομένου,
1590 2324 1681 2379 διὰ
1707 2326 1806 2396 τὴν
1823 2325 1953 2378 πολ-

264 2417 369 2484 λὴν
402 2418 571 2487 ἀχλὺν
599 2418 666 2487 ἢν
702 2416 763 2468 τὸ
788 2414 897 2469 τῶν
927 2412 1349 2485 ἁμαρτημάτων
1377 2409 1582 2481 πλῆθος
1616 2408 1949 2461 κατεσκέδαο

267 2516 364 2552 σεν
397 2498 557 2568 ήμῶν
591 2499 691 2568 τῆς
712 2499 922 2569 ψυχῆς;
968 2496 1112 2567 Ἐγὼ
1146 2496 1246 2567 μέν
1275 2495 1375 2547 οὐκ
1401 2488 1552 2546 οῖδα⁶
1580 2491 1671 2543 σὺν
1694 2489 1738 2542 δ’
1768 2490 1832 2544 ἂν
1862 2490 1949 2562 εἴη

264 2581 455 2635 λοιπὸν
478 2581 571 2633 τοῦ
607 2582 1035 2653 προστάττοντος
1064 2581 1240 2633 εἰπεῖν
1262 2579 1411 2641 ὅπως
1432 2578 1513 2641 εἰς
1540 2576 1700 2647 ἔργον
1722 2573 1863 2629 ἔλθοι
1890 2574 1949 2628 τὸ

267 2662 574 2733 ἐπίταγμα,
610 2662 788 2715 καὶτὸ
814 2663 1092 2734 προσῆκον
1131 2660 1397 2715 ἀπολάϐοι
1432 2660 1614 2721 τέλος·
1644 2660 1809 2729 ἡμεῖς
1851 2656 1948 2727 μὲν

264 2745 379 2816 γάρ
402 2745 502 2815 τὴν
541 2745 650 2798 ἀπὸ
676 2744 776 2815 τῆς
794 2745 1040 2816 γλώττης
1080 2743 1433 2815 παρεξόμεθα
1466 2741 1764 2795 διακονίαν.
1793 2740 1867 2793 Σὺ
1891 2740 1949 2793 δὲ

265 2828 578 2899 παρακάλει
601 2828 692 2881 τὸν
728 2827 954 2899 ἰώμενον
980 2829 1108 2892 τοὺς
1149 2826 1644 2897 συντετριμμένους
1679 2825 1779 2895 τὴν
1812 2841 1951 2896 καρ-

264 2911 405 2975 δίαν,
430 2910 522 2963 τὸν
538 2910 748 2963 διδόντα
772 2912 881 2973 τοῖς
902 2909 1239 2981 ὀλιγοψύχοις
1263 2908 1667 2981 μακροθυμίαν,
1690 2907 1782 2962 τὸν
1802 2907 1950 2976 ἐγεί-

268 3008 435 3062 ροντα
465 2991 573 3044 ἀπὸ
599 2991 700 3061 τῆς
729 2991 834 3061 7?};
864 2990 1100 3062 πτωχὸν,
1130 2992 1334 3060 ἀνάψαι
1359 2990 1420 3043 τὸ
1464 2989 1574 3062 πῦρ
1605 2992 1783 3043 ἐκεῖνο
1816 2988 1947 3060 παρ’

265 3078 420 3146 ἡμῖν,
453 3074 480 3127 ὃ
499 3076 678 3127 πᾶσαν
701 3074 801 3144 μὲν
825 3074 1167 3145 ἀνθρωπίνην
1184 3073 1467 3128 ἀσθένειαν
1493 3072 1808 3127 ἀναλίσκειν
1823 3071 1950 3125 εἴω-

266 3161 349 3225 θε,
384 3159 562 3214 πάντα
582 3159 637 3212 δὲ
674 3157 841 3212 ὕπνον
872 3159 967 3213 καὶ
996 3156 1225 3227 ἀκηδίαν
1247 3158 1340 3210 καὶ
1367 3155 1648 3228 βαρύτητα
1674 3157 1946 3227 σαρκικὴν

264 3246 582 3318 περικόψαι,
604 3244 925 3317 μετεωρίζει
949 3244 1046 3315 μὲν
1066 3244 1164 3315 τῆς
1178 3242 1359 3314 ψυχῆς
1380 3243 1441 3295 τὸ
1463 3243 1661 3314 πτερὸν
1692 3242 1829 3313 πρὸς
1853 3243 1948 3294 οὑ·

264 3329 451 3397 ρανὸν,
467 3328 711 3381 δείκνυσι
729 3328 787 3380 δέ
808 3328 916 3380 ἀπὸ
932 3326 960 3366 ἀ
992 3328 1091 3399 τῆς
1114 3327 1303 3396 ἁψῖδος
1330 3325 1569 3396 ἐκείνης,
1598 3325 1848 3396 καθάπερ
1880 3325 1945 3379 ἐκ

261 3426 411 3474 τινος
445 3412 690 3465 ἀπόπτου
730 3411 996 3484 κορυφῆς,
1039 3411 1258 3465 ἃπασαν
1284 3408 1378 3463 τοῦ
1410 3410 1674 3480 παρόντος
1699 3408 1814 3478 βίου
1844 3409 1943 3479 τὴν

266 3493 567 3560 φαντασίαν
589 3493 682 3545 καὶ
703 3494 802 3563 τὴν
819 3493 1129 3563 ὑπόκρισιν.
1155 3492 1257 3545 Τὸν
1274 3491 1383 3562 γὰρ
1402 3491 1477 3561 μὴ
1497 3490 1793 3562 δυνηθέντα
1814 3491 1943 3545 ἀνα-

263 3576 468 3645 πτῆναι
493 3577 627 3639 ἐκεῖ,
654 3577 790 3647 μηδὲ
812 3577 871 3629 ἐν
894 3576 1068 3648 ταύτῃ
1103 3575 1325 3629 καθίσαι
1354 3577 1421 3645 τῇ
1444 3578 1723 3646 περιωπῇ,
1745 3576 1844 3628 οὑκ
1864 3574 1944 3628 ἕνι

262 3659 364 3730 τὴν
383 3659 488 3729 γῆν
516 3658 664 3724 ἰδεῖν,
688 3658 809 3711 οὑδὲ
828 3660 897 3711 τὰ
922 3661 980 3713 ἐν
998 3662 1064 3730 τῇ
1082 3660 1153 3729 γῇ
1182 3657 1504 3729 πράγματα,
1524 3658 1696 3721 οὕτως
1713 3658 1788 3720 ὡς
1817 3658 1944 3712 ἰδεῖν

263 3744 433 3809 ἀξιον.
477 3744 630 3797 Ἐπεὶ
670 3742 779 3814 γάρ
813 3743 987 3797 πολλὰ
1020 3746 1118 3815 μὲν
1146 3744 1215 3798 1&
1253 3742 1645 3797 ἐπισκοτοῦντα
1693 3745 1761 3812 τῇ
1798 3742 1941 3812 ὄψει,

266 3825 440 3879 πολλά
477 3825 534 3878 δὲ
564 3826 633 3879 τά
662 3825 999 3897 θορυϐοῦντα
1046 3826 1145 3899 τὴν
1191 3825 1385 3897 ἀκοὴν,
1428 3825 1524 3879 καὶ
1561 3826 1660 3896 τὴν
1698 3824 1945 3893 γλῶτταν

265 3909 710 3973 ὑποσκελίζοντα,
729 3909 810 3960 δεῖ
833 3908 1015 3979 πάσης
1045 3909 1239 3964 ἐαυτὸν
1272 3907 1691 3977 ὑπεξαγαγόντα
1718 3908 1819 3977 τῆς
1850 3926 1947 3961 τα-

269 3994 442 4064 ραχῆς
473 3994 568 4046 καὶ
616 3991 711 4045 τοῦ
763 3990 995 4057 καπνοῦ,
1028 3992 1168 4063 πρὸς
1207 3992 1422 4063 ἐκείνην
1458 3991 1815 4062 ἀναχωρῆσαι
1847 3990 1947 4063 τὴν

265 4076 524 4147 ἐρημίαν,
556 4077 686 4131 ἔνθα
714 4077 881 4147 πολλὴ
906 4076 1005 4147 μὲν
1035 4077 1069 4147 ἡ
1096 4075 1233 4146 γαλή
1246 4094 1325 4146 νη,
1356 4075 1587 4146 λαμπρά
1607 4075 1711 4145 δέή
1737 4074 1943 4148 αἰθρία,

266 4158 492 4229 θόρυϐος
512 4161 569 4213 δὲ
594 4161 791 4226 οὐδεὶς,
813 4158 949 4213 ἀλλά
972 4160 1256 4230 πεπήγασι
1276 4158 1375 4229 μὲν
1398 4156 1639 4216 άκλινεῖς
1670 4159 1719 4209 οἰ
1741 4158 1945 4226 ὀφθαλ-

268 4244 363 4311 μοὶ
388 4243 523 4314 πρὸς
556 4245 649 4298 τὸν
681 4245 775 4298 τοῦ
807 4243 941 4297 Θεοῦ
974 4243 1138 4296 πόθον
1159 4254 1184 4282 ο
1218 4242 1515 4312 ἐνορῶντες
1549 4241 1759 4303 ἀτενὲς,
1783 4243 1945 4312 ἐστή-

266 4342 395 4378 κασι
422 4327 478 4380 δὲ
508 4328 770 4398 ἀτρεμεῖς
805 4329 861 4381 αἰ
896 4326 1078 4394 ἀκοαὶ,
1113 4325 1252 4397 πρὸς
1273 4325 1329 4378 ἒν
1362 4325 1521 4395 μόνον
1546 4322 1937 4393 ὴσχολημέναι,

264 4409 364 4468 τὴν
393 4408 503 4459 τῶν
534 4408 695 4463 θείων
744 4410 943 4479 λογίων
994 4408 1279 4480 ἀκρόασιν,
1306 4407 1402 4461 καὶ
1434 4406 1535 4476 τῆς
1565 4404 1938 4476 παναρμονίου

266 4489 357 4541 καὶ
409 4492 791 4561 πνευματικῆς
819 4491 1188 4545 ἐπακούουσαι
1218 4489 1557 4561 συμφωνίας,
1590 4483 1659 4560 ἦς
1682 4490 1715 4559 ή
1740 4505 1939 4559 τυραν-

267 4572 348 4634 νὶς
371 4570 513 4623 οὕτω
534 4576 728 4638 κρατεῖ
754 4574 855 4643 τῆς
881 4574 1031 4639 ἅπαξ
1054 4575 1291 4645 ἀλούσης
1310 4573 1510 4645 ψυχῆς,
1536 4572 1611 4635 ὡς
1638 4574 1773 4644 μήτε
1797 4575 1935 4635 σῖτα,

269 4655 403 4725 μήτε
438 4653 620 4718 ποτὸν,
656 4654 796 4723 μήτε
846 4654 1013 4709 ὕπνον
1045 4657 1321 4727 αἱρεῖσθαι
1358 4655 1474 4725 μεθ’
1506 4654 1696 4725 ἡδονῆς
1735 4653 1825 4708 τὸν
1846 4654 1937 4706 ὑπ’

264 4738 478 4809 ἐκείνης
518 4736 920 4806 ἐφελκυσθέντα
947 4738 1048 4807 τῆς
1073 4740 1361 4810 μελῳδίας.
1395 4740 1603 4793 Οὑκοῦν
1633 4738 1755 4791 οὕτε
1800 4756 1942 4810 πρα-

263 4823 488 4889 γμάτων
520 4819 743 4891 θόρυϐος
772 4818 1059 4889 βιωτικῶν,
1090 4820 1213 4872 οὕτε
1244 4822 1572 4892 σωματικῶν
1604 4822 1759 4892 ὖχλος
1806 4823 1939 4876 πολ-

262 4902 387 4967 λῶν,
419 4904 649 4974 χαλάσαι
682 4902 771 4955 τὸν
793 4902 943 4955 τόνον
967 4903 1172 4954 ἐκεῖνον
1209 4904 1479 4973 ἰσχύσειεν
1507 4906 1593 4961 ἄν.
1628 4905 1762 4958 Οὐδὲ
1784 4906 1890 4977 7&9
1914 4906 1934 4945 τ

263 4986 551 5050 ἐξικνεῖται
596 4986 728 5058 πρὸς
756 4984 914 5039 τοῦτο
934 4986 1030 5057 1?};
1048 4985 1226 5055 ψυχῆς
1254 4985 1315 5037 τὸ
1348 4986 1481 5055 ὕψος
1504 4991 1537 5059 ή
1563 4992 1626 5041 ἐκ
1655 4989 1756 5060 1?};
1786 4990 1937 5043 κάτω

263 5070 550 5142 γινομένης
581 5071 747 5143 ζάλης
763 5069 987 5124 ἀνιοῦσα
1016 5070 1229 5140 κραυγή
1252 5085 1264 5097 ·
1290 5068 1405 5121 ἀλλ’
1423 5070 1612 5142 ῶσπερ
1635 5075 1683 5125 οἱ
1711 5074 1845 5143 πρὸς
1862 5072 1933 5125 τὰ

264 5150 574 5221 ὑψηλότατα
602 5152 709 5207 τῶν
734 5153 875 5227 ὀρῶν
901 5152 1355 5225 μεταναστάντες,
1389 5154 1541 5207 οὐδὲν
1562 5155 1629 5208 ἂν
1657 5155 1735 5208 ἔτι
1759 5154 1925 5207 ἀκού-

264 5248 434 5299 σαιεν,
460 5236 579 5290 οὑδὲ
611 5237 894 5292 θεάσαιντο
907 5238 1015 5292 τῶν
1044 5241 1101 5292 ἐν
1117 5241 1183 5310 τῇ
1206 5237 1355 5291 πόλει
1385 5238 1741 5311 γινομένωνῆ
1771 5238 1928 5306 λεγο-

296 5379 309 5393 Ι
319 5320 352 5393 ξ
375 5320 574 5393 Tilglug
597 5325 806 5393 in__Coll_)_.
830 5328 903 5377 sic
929 5341 940 5371 :
968 5326 1066 5393 T00
1089 5325 1235 5393 αὐτοῦ
1254 5325 1369 5393 πρὸς
1393 5326 1636 5393 Στελέχιον
1651 5327 1756 5393 περί
1777 5341 1929 5373 κατα-

261 5381 442 5452 ντξξεως.
466 5383 521 5452 ῂι
544 5387 695 5452 S_avil.
724 5404 735 5438 :
760 5389 1103 5452 Χρυσοστόμου
1116 5391 1232 5452 πρὸς
1264 5381 1633 5452 Σῇλέχιονξόιαί
1655 5381 1760 5452 περί
1782 5404 1929 5437 κατα-

260 5442 632 5514 νύξειεξςηΡθυιο
647 5456 758 5510 post
780 5442 970 5499 iilitium
1004 5442 1054 5499 in
1078 5442 1319 5501 Col'bfmi
1340 5442 1484 5500 de'ésl
1499 5442 1614 5514 άηιε
1634 5442 1779 5514 παρά.

321 5503 348 5542 ι’
372 5505 507 5579 C9“).
531 5514 581 5579 (εἰ
605 5503 1099 5579 βρνίἰπεπυρῶσθαι
1121 5514 1190 5576 τῷ
1213 5513 1347 5576 καλῷ
1365 5514 1538 5579 τούτῳ,
1560 5503 1731 5563 Morel'.
1753 5513 1823 5577 τῷ
1847 5512 1930 5572 ζή-

258 5564 516 5639 λῳᾼτούτιρ.
541 5567 663 5639 1mg.
691 5575 825 5639 gon),
844 5564 1129 5639 καῖ’άναζῇν.

320 5628 344 5658 α
370 5628 602 5700 $avi|._el
623 5630 759 5700 ροιο.
802 5628 1161 5700 ἀνακαύσωμεν.
1202 5633 1332 5683 Infra
1363 5636 1505 5700 [301b,
1532 5638 1610 5687 διὰ
1645 5639 1731 5696 τήν
1750 5638 1931 5697 πολλὴν

260 5688 502 5761 αἶσζλῇνηγι
525 5690 781 5761 ἣγκνὲυιρ
807 5706 918 5761 post
938 5688 1100 5747 λοιπόν
1125 5698 1269 5747 deest.
1288 5697 1490 5761 inColb.

317 5749 505 5822 J_Q9‘b-
525 5752 583 5822 ,δὲ
604 5753 715 5822 ἡμῖν
740 5749 853 5822 ἀπῦ.
881 5762 944 5809 El
984 5775 1097 5810 mox
1118 5761 1240 5816 τινὸς
1275 5760 1468 5822 θεάτρου
1508 5766 1731 5822 κορυφῆς.
1779 5761 1929 5811 Paulo

259 5819 369 5886 Ppst
389 5813 723 5886 Moyelksglus.
744 5817 870 5886 005é_
890 5822 950 5869 τὰ
976 5824 1023 5886 ἐν
1041 5829 1097 5884 τῇ
1122 5828 1179 5886 γῇ
1212 5813 1478 5886 πρᾶγμά-ια.
1510 5813 1755 5886 Ρὸειᾚιοο
1774 5825 1928 5886 ,τοι-Μ

259 5874 793 5957 ἓὲῗεὲιεὲξέτέἷγιδίηρ
816 5874 1553 5957 εδτφεκωίδ-ῧοιὲί-,τέὲλΡ-ἀμὲν
1574 5884 1663 5957 γάρ
1683 5885 1742 5956 ῖά
1765 5885 1922 5957 έῖτισνε.

257 5936 412 6007 Pam?
435 5936 705 6007 νοεῖ-(3οη).
752 5936 1138 6007 ὕποσκλελίζρντα·
1166 5946 1245 6007 καὶ
1277 5947 1344 5995 δεῖ
1376 5936 1563 6003 άπάὴς
1586 5936 1746 5993 ἀὑτὸν
1788 5948 1927 6000 ὑπεξ-

259 6003 492 6057 αγσγοντα
512 6003 596 6054 τῆς
614 6004 924 6069 ταραχῆς-καὶ
944 6005 1029 6053 τοῦ
1055 6006 1223 6069 λοιμοῦ
1247 6010 1377 6070 πρόςι

321 6059 345 6085 ⁸
366 6059 497 6108 (Loth.
524 6060 604 6105 τὸν
624 6074 709 6107 του
731 6066 856 6109 ωεου
885 6065 1026 6113 006?"
1055 6070 1131 6116 ναὶ
1160 6072 1314 6116 πάθω.

388 6084 497 6108 ,mu.
525 6084 603 6105 *συν
624 6084 709 6107 ῖυυ
731 6084 856 6109 ι-νευυ
885 6084 1026 6113 600?"
1055 6085 1131 6116 ναι
1160 6084 1314 6118 πονοι.

323 6117 342 6159 ί
370 6122 467 6171 Γάο
501 6121 640 6170 deest
668 6125 717 6172 iu
740 6124 858 6174 L‘Hl'u

2063 1331 2259 1400 μένων,
2287 1330 2405 1385 ἀλλ’
2427 1331 2644 1403 ἀσήμου
2675 1330 2824 1395 τινὸς
2853 1331 3011 1401 μόνον
3056 1328 3146 1384 καί
3180 1333 3452 1403 ἀτερποῦς
3494 1334 3740 1392 ὑπακού-

2063 1431 2210 1467 σαιεν
2237 1417 2263 1456 Β
2297 1415 2566 1487 κραυγῆς,
2594 1415 2689 1469 καὶ
2725 1414 2954 1487 σφηκῶν
2997 1412 3346 1487 βομϐούντων
3370 1418 3522 1472 οὐδὲν
3551 1421 3737 1491 ἥδιον·

2059 1496 2229 1560 οὕτως
2257 1499 2308 1551 οἰ
2329 1498 2436 1551 τῶν
2463 1497 2733 1568 βιωτικῶν
2753 1499 2982 1562 ἐαυτοὺς
3002 1498 3383 1570 ἐξαγαγόντες,
3405 1501 3501 1556 καὶ
3524 1502 3659 1573 πρὸς
3680 1504 3744 1556 τὸ

2062 1577 2195 1648 ὕψος
2229 1580 2326 1650 τῆς
2360 1583 2739 1653 πνευματικῆς
2782 1582 3126 1648 ἀναπτάντες
3156 1584 3498 1654 φιλοσοφίας,
3526 1585 3743 1648 οὐδενὸς

2059 1663 2481 1717 ἐπαισθάνονται
2503 1664 2611 1717 τῶν
2640 1666 2768 1735 παρ’
2793 1666 2946 1735 ἡμιν.
2972 1665 3048 1719 Τδ
3080 1666 3193 1739 γάρ
3221 1666 3404 1737 σῶμα,
3435 1669 3532 1722 καὶ
3557 1669 3613 1722 αἰ
3644 1666 3742 1721 τοῦ

2059 1744 2314 1815 σώματος
2336 1746 2639 1816 αἰσθήσεις,
2675 1747 2779 1810 ἓως
2814 1747 2914 1817 μὲν
2945 1747 3011 1800 ἂν
3040 1750 3172 1820 περὶ
3198 1750 3303 1820 γῆν
3336 1751 3369 1820 ή
3400 1750 3547 1822 ψυχὴ
3580 1751 3741 1822 στρέ-

2059 1844 2227 1898 φηται
2249 1828 2298 1890 ιι,
2326 1829 2543 1900 μυρίοις
2565 1829 2736 1900 αὑτὴν
2762 1829 3149 1901 περιϐάλλουσι
3187 1834 3301 1896 τοῖς
3330 1832 3570 1905 δεσμοῖς,
3605 1833 3744 1887 πάν-

2055 1909 2213 1962 τοθεν
2252 1910 2347 1963 τὸν
2395 1910 2633 1980 χαλεπὸν
2657 1911 2764 1965 τῶν
2785 1914 3065 1985 ἐπικήρων
3091 1914 3337 1986 τέρψεων
3359 1916 3602 1986 χειμῶνα
3621 1933 3745 1968 συν-

2058 1992 2306 2061 ἀγουσαι⁹
2331 1996 2426 2048 καὶ
2450 1995 2560 2065 7&9
2580 1994 2716 2066 ἀκοὴ
2733 1996 2824 2048 καὶ
2844 1997 2965 2065 ὄψις
2989 1998 3083 2050 καὶ
3108 1997 3219 2069 ἁφὴ
3243 1998 3337 2051 καὶ
3362 1998 3629 2069 ὄσφρησις
3650 1999 3747 2052 καὶ

2058 2076 2271 2144 γλῶττα
2298 2078 2469 2133 πολλά
2494 2078 2604 2131 τῶν
2622 2077 2823 2144 ἔξωθεν
2856 2080 2934 2141 είς
2964 2079 3135 2149 αὑτὴν
3161 2079 3615 2134 ἐναποτίθενταιί
3646 2097 3747 2133 κα-

2060 2158 2190 2212 κῶν.
2215 2160 2384 2214 Ὅταν
2422 2161 2479 2214 δὲ
2510 2160 2787 2232 μετέωρος
2817 2161 3065 2232 γένηται,
3109 2161 3205 2215 καὶ
3239 2163 3376 2235 πρὸς
3403 2163 3472 2216 τὰ
3499 2180 3745 2233 πνευμα-

2059 2242 2185 2296 τικὰ
2206 2245 2302 2314 τὴν
2324 2244 2476 2317 [ΜΞ]
2500 2244 2701 2316 ἐαυτῆς
2730 2245 3016 2316 μεταγάγῃ
3041 2244 3259 2316 σχολὴν,
3284 2245 3599 2316 ἀπετείχισε
3624 2249 3747 2310 ταῖς

2058 2330 2324 2398 πονηραῖς
2358 2328 2681 2397 φαντασίαις
2708 2327 2809 2398 τὴν
2847 2327 3081 2394 εἴσοδον,
3129 2329 3231 2381 οὑκ
3282 2330 3612 2400 ἐμφράξασα
3644 2329 3747 2393 τὰς

2057 2410 2363 2481 αἰσθήσεις,
2383 2412 2523 2467 ἀλλὰ
2542 2412 2641 2482 τὴν
2665 2409 3027 2481 ἀκολούθησιν
3054 2411 3233 2464 αὑτῶν
3267 2413 3404 2484 πρὸς
3433 2415 3611 2467 ἐκεῖνο
3642 2430 3744 2483 με-

2055 2495 2377 2566 ταγαγοῦσα
2411 2495 2473 2549 τδ
2503 2494 2658 2565 ὕψος.
2695 2491 2967 2564 Καθάπερ
3002 2492 3113 2564 7&9
3139 2495 3398 2549 δέσποινα
3437 2495 3646 2567 φοϐερά
3684 2512 3745 2549 τε

2056 2580 2153 2659 κα)
2183 2578 2474 2659 ἐμϐριθὴς,
2518 2576 2689 2659 μύρον
2713 2573 3073 2659 ἐργαζομένη
3101 2576 3363 2659 ποικίλον,
3398 2576 3735 2659 βαρύτιμονί

2054 2649 2149 2702 καὶ
2180 2646 2493 2711 πολυτελὲς,
2515 2646 2611 2700 καῖ
2641 2646 2851 2700 πολλῶν
2876 2647 2956 2710 εἰς
2982 2646 3143 2700 τοῦτο
3170 2646 3400 2718 δεομένη
3430 2646 3539 2700 τῶν
3557 2646 3745 2703 διακο-

2053 2733 2369 2803 νησομένων
2394 2730 2617 2801 χειρῶν,
2648 2730 2749 2794 τάς
2791 2729 3130 2801 θεραπαίνας
3167 2730 3341 2800 αὑτῆς
3365 2732 3742 2804 ἀναστήσασα,

2055 2817 2148 2868 καὶ
2178 2816 2314 2886 πρὸς
2337 2816 2535 2886 ἐαυτὴν
2565 2813 2870 2883 ἀγαγοῦσα,
2895 2812 2997 2885 τὴν
3030 2815 3129 2885 μὲν
3162 2815 3402 2887 κοσκίνῳ
3430 2816 3492 2869 τὸ
3518 2816 3745 2888 μηδέπω

2055 2898 2519 2969 κατειργασμένον
2536 2897 2646 2949 τῶν
2669 2897 2979 2966 ἀρωμάτων
3000 2897 3317 2969 ἀποκρίνειν
3346 2898 3624 2964 ἐκέλευσε,
3641 2899 3744 2971 τὴν

2054 2980 2099 3032 δ’
2122 2976 2188 3035 αῦ
2207 2979 2346 3049 ζυγά
2375 2980 2471 3034 καὶ
2497 2979 2628 3032 σταθ
2638 2979 2714 3049 μά
2736 2978 3012 3032 λαϐοῦσαν
3044 2983 3274 3034 σκοπεῖν
3309 2981 3575 3052 ἀκριϐῶς,
3594 2983 3744 3047 ὅπως

2059 3063 2196 3134 μήτε
2225 3062 2468 3128 ἔλαττον,
2492 3062 2629 3132 μήτε
2654 3060 2814 3115 πλέον
2832 3061 2926 3115 τοῦ
2953 3062 3164 3127 δέοντος
3193 3064 3508 3119 ἐπεισελθὸν
3528 3066 3625 3137 τῆς
3645 3064 3740 3120 τοῦ

2056 3146 2258 3210 παντὸς
2286 3146 2629 3216 κατασκευῆς
2648 3145 2674 3184 ¹ί
2694 3147 2792 3217 τὴν
2816 3146 3160 3218 συμμετρίαν
3184 3146 3512 3220 λυμήνηται,
3532 3150 3626 3203 καὶ
3640 3150 3732 3221 τὴι

2058 3232 2157 3301 μὲν
2187 3229 2338 3300 ἕψειν
2366 3230 2436 3284 τά
2457 3228 2649 3282 τούτου
2674 3229 2924 3300 δεόμενα,
2950 3231 3049 3302 τὴν
3074 3230 3130 3285 δέ
3166 3231 3377 3301 τρίϐειν
3405 3233 3507 3287 ὅσα
3532 3235 3607 3306 μὴ
3638 3253 3712 3290 κα

2052 3314 2161 3378 λῶς
2192 3313 2324 3385 ἔχει,
2360 3312 2459 3382 τὴν
2492 3312 2550 3368 δὲ
2574 3313 2739 3384 ἐτερα
2771 3312 2963 3383 φύρειν
2993 3313 3089 3367 καὶ
3108 3313 3478 3385 ἀναμιγνύναι
3506 3320 3619 3382 τοῖς
3642 3319 3710 3374 ἀλ

2051 3397 2186 3461 λοις,
2222 3398 2323 3468 τὴν
2358 3396 2414 3449 δὲ
2440 3394 2781 3466 ἀλάϐαστρον
2807 3394 3039 3464 ἔχουσαν
3066 3395 3291 3450 ἑστάναι
3312 3413 3327 3428 ·
3358 3399 3459 3469 τὴν
3481 3399 3539 3453 δὲ
3569 3402 3740 3470 ἄγγος

2050 3479 2261 3550 ἕτερον,
2288 3479 2385 3532 καὶ
2413 3479 2583 3549 ἀλλην
2611 3476 2629 3517 ι
2662 3478 2790 3532 ἄλλο
2816 3494 2871 3530 τι
2897 3478 3315 3549 μεταχειρίζειν,
3335 3484 3429 3536 καὶ
3445 3482 3620 3550 οὕτως
3638 3486 3740 3541 αὑ-

2049 3560 2159 3613 τῶν
2181 3561 2281 3630 τήν
2309 3576 2371 3612 τε
2390 3558 2632 3613 διάνοιαν
2648 3560 2744 3612 καὶ
2765 3558 2866 3621 τὰς
2897 3561 3087 3629 χεῖρας
3109 3560 3303 3631 ἐκείνῳ
3330 3564 3738 3634 προσηλώσασα

2049 3642 2129 3713 τῷ
2151 3641 2317 3712 ἔργῳ,
2347 3642 2447 3693 οὑκ
2484 3642 2552 3710 ἐᾷ
2589 3638 2959 3709 διαφθαρῆναι
2995 3656 3050 3692 τι
3086 3643 3151 3711 τῇ
3194 3643 3423 3714 σπουδῇ,
3451 3645 3737 3713 ἐφεστῶσά

2048 3723 2244 3788 διόλου,
2271 3724 2366 3776 καὶ
2397 3724 2472 3794 μὴ
2505 3721 2868 3792 συγχωροῦσα
2904 3721 3213 3778 πλανᾶσθαι
3246 3724 3352 3792 ἔξω
3384 3728 3479 3781 καὶ⁵
3506 3732 3736 3802 κεχηνέ-

2050 3825 2139 3862 ναι
2164 3809 2262 3870 τὰς
2287 3807 2442 3876 ὄψεις
2459 3822 2472 3835 °
2505 3804 2650 3858 οὕτω
2674 3806 2771 3858 καὶ
2796 3807 2831 3877 ή
2865 3805 3015 3877 ψυχὴ
3036 3807 3097 3860 τὸ
3126 3808 3415 3873 πολυτελὲς
3441 3811 3599 3867 τοῦτο
3625 3814 3733 3885 μύ-

2048 3907 2141 3962 ρον
2161 3888 2676 3952 κατασκευάζουσα,
2702 3888 2803 3959 τὴν
2830 3888 3122 3953 κατάνυξιν
3149 3888 3311 3958 λέγω,
3331 3892 3432 3956 τάς
3450 3894 3735 3967 αἰσθήσεις

2046 3976 2169 4042 ἀγει
2215 3974 2353 4045 πρὸς
2384 3972 2605 4043 ἐαυτὴν,
2631 3970 2731 4042 τὴν
2766 3970 3040 4042 ρᾳθυμίαν
3065 3972 3244 4027 αὑτῶν
3298 3976 3730 4045 περικόπτουσα.

2046 4056 2255 4110 Αὐτίκα
2279 4054 2409 4125 γοῦν
2434 4056 2487 4108 εῖ
2507 4071 2637 4108 ποτε
2665 4053 2908 4125 συμϐαίη
2939 4054 3327 4125 συστρέψασαν
3353 4057 3553 4131 ἑαυτὴν
3585 4060 3735 4130 λογί-

2046 4138 2235 4204 ζεσθαί
2288 4156 2344 4192 τι
2400 4138 2508 4192 τῶν
2541 4137 2769 4191 δεόντων
2810 4139 2906 4191 καὶ
2949 4136 3211 4207 θεοφιλῶν
3230 4148 3294 4205 ω,
3332 4142 3573 4214 ἐρήμους
3620 4146 3735 4201 τῶν

2044 4220 2337 4293 ἐνεργειῶν
2370 4220 2471 4282 τάς
2504 4219 2787 4290 αἰσθήσεις
2826 4218 3153 4289 καθίστησιν
3173 4260 3188 4286 ,
3240 4219 3384 4275 ὥστε
3420 4225 3586 4295 μηδὲν
3619 4227 3730 4282 τῶν

2043 4303 2316 4374 περιττῶν
2372 4302 2775 4369 ἐπεισαγούσας
2815 4302 3058 4373 ἀκαίρως
3090 4302 3416 4373 διαταράξαι
3445 4308 3544 4378 τὴν
3575 4308 3729 4366 ἔνδον

2038 4387 2329 4455 γινομένην
2350 4386 2582 4455 ήσυχίαν
2603 4386 2763 4454 αὐτῇ.
2783 4383 2874 4437 Διὸ
2895 4386 2988 4438 καὶ
3015 4387 3417 4455 προσπίπτουσι
3439 4390 3539 4461 μὲν
3552 4396 3729 4461 φωναὶ

2036 4471 2156 4530 ταῖς
2199 4469 2410 4531 ἀκοαῖς,
2445 4467 2541 4519 καὶ
2572 4466 2799 4538 θεωρίαι
2837 4470 2959 4530 ταῖς
2986 4467 3174 4538 ἀρεσισ
3205 4474 3646 4544 παραπέμπεται
3667 4477 3726 4532 δὲ

2037 4550 2186 4603 ἔνδον
2214 4549 2390 4615 οὑδέν,
2430 4547 2530 4619 τῆς
2568 4550 2803 4604 ἐκάστου
2843 4550 3051 4604 τούτων
3086 4552 3372 4625 ἐνεργείας
3396 4558 3509 4613 τῶν
3543 4561 3725 4631 μελῶν

2037 4632 2425 4704 ἐστραμμένης
2461 4635 2600 4705 πρὸς
2623 4634 2723 4705 τὴν
2768 4634 2968 4706 ψυχήν.
3010 4636 3122 4689 Καὶ
3148 4638 3203 4690 τί
3234 4638 3378 4707 λέγω
3401 4644 3587 4709 φωνάς
3618 4645 3714 4700 καὶ

2040 4717 2295 4790 θεωρίας,
2314 4719 2449 4771 ὅπου
2469 4736 2533 4785 γε
2563 4718 2750 4771 πολλοὶ
2776 4718 2884 4772 τῶν
2913 4721 2972 4772 ἐν
2999 4720 3168 4791 ταύτῃ
3196 4724 3506 4792 γενομένων
3525 4729 3593 4798 τῇ
3616 4746 3720 4783 κα-

2038 4801 2319 4865 ταστάσει,
2351 4800 2410 4853 οὑ
2445 4802 2606 4871 μόνον
2635 4802 2763 4863 τοὺς
2802 4802 3097 4870 παριόντας
3124 4802 3231 4873 πρὸ
3257 4803 3367 4857 τῶν
3395 4805 3717 4879 ὀφθαλμῶν,

2039 4883 2176 4938 ἀλλὰ
2204 4884 2447 4947 καὶτοὺς
2486 4882 2820 4945 ἐνωθοῦντας
2854 4883 3037 4947 αὑτοῖς
3069 4884 3317 4955 ἀπῆλθον
3352 4888 3429 4961 μὴ
3465 4892 3721 4965 αἰσθόμε-

2037 4986 2117 5052 νοι
2136 4986 2151 5052 ς
2171 4968 2416 5052 Τοσαύτη
2446 4967 2553 5052 γὰρ
2568 4966 2675 5052 τῆς
2695 4966 2872 5052 ψυχῆς
2894 4969 2927 5038 ή
2950 4970 3143 5042 ἀρετὴ,
3167 4972 3243 5037 ὡς
3271 4971 3409 5028 εἶναι
3440 4978 3620 5047 ῥᾴδιον
3639 4980 3720 5052 τῷ

2037 5050 2345 5119 βουλομένῳ
2372 5049 2668 5121 διατρίϐειν
2702 5051 2800 5119 μὲν
2841 5052 2935 5105 ἐπὶ
2963 5056 3064 5126 τῆς
3092 5057 3216 5128 γῆς,
3249 5057 3439 5130 ῶσπερ
3461 5061 3517 5113 δὲ
3540 5064 3598 5115 ἐν
3621 5049 3715 5117 οὑλι

2036 5132 2181 5204 ρανῴ
2209 5133 2504 5204 καθημένῳ
2551 5134 2781 5206 μηδενὸς
2816 5136 3242 5193 ἐπαισθάνεσθαι
3282 5143 3391 5194 τῶν
3418 5146 3716 5215 γινομένων

2028 5218 2122 5271 ἐπὶ
2147 5219 2246 5289 τῆς
2274 5218 2400 5289 γῆς.

2103 5299 2170 5372 β’.
2209 5301 2459 5366 Τοιοῦτος
2487 5301 2516 5355 ὁ
2566 5302 2837 5375 μακάριος
2873 5302 3083 5366 Παῦλος
3112 5296 3199 5372 ἦν,
3235 5304 3294 5368 ὃς
3322 5310 3577 5366 τοσοῦτον
3609 5315 3713 5385 ἀφ-

2031 5386 2274 5458 ειστήκει
2299 5385 2409 5439 τῶν
2432 5386 2715 5459 παρόντων
2761 5388 3014 5441 ἁπάντων
3039 5389 3096 5441 ἐν
3125 5389 3319 5459 μέσαις
3348 5397 3712 5468 στρεφόμενος

2031 5471 2274 5538 πόλεσιν,
2303 5473 2426 5526 ὅσον
2452 5472 2561 5526 τῶν
2583 5471 2790 5543 νεκρῶν
2813 5472 3204 5543 άφεστήκαμεν
3238 5478 3509 5549 σωμάτων
3528 5483 3708 5554 ἡμεῖς.

2098 5572 2282 5644 εβοιὶ),
2306 5572 2387 5644 καὶ
2418 5569 2639 5644 ἀσθενοῦς
2678 5570 3042 5644 ὑπακούσαιενζ
3057 5574 3211 5644 SaV‘jl.
3250 5577 3333 5625 καὶ
3358 5578 3585 5644 ἀτερποῦς
3619 5583 3713 5632 ὑπ.

2034 5635 2305 5703 ἀκούσαιεν.
2321 5633 2587 5703 Μοῖρικαὶ
2610 5633 2841 5703 ἀτερποῦς
2861 5633 3133 5703 ὑπακοῦσαι
3146 5637 3201 5685 ἐκ
3218 5633 3709 5703 κραυγῆςξωθιιξωω.

2032 5695 2155 5758 Ibid.
2182 5695 2312 5747 Colb.
2336 5695 2469 5741 οὐδὲν
2483 5695 2813 5758 ῖσχυρότερον,
2832 5696 3001 5758 οὕτως.

2095 5756 2123 5826 ξι
2149 5758 2297 5826 ξδχίι.
2315 5762 2374 5826 _el
2397 5754 2836 5826 (ἶριὺζστρέφηται,
2867 5757 3039 5809 Morel.
3065 5763 3328 5826 στρέφεται.

2097 5820 2111 5891 i_
2307 5817 2616 5891 ἀνατίθενται..

2100 5881 2113 5930 i
2146 5879 2408 5941 Βαρύτιμον
2427 5879 2571 5927 deest
2592 5882 2640 5929 in
2667 5881 2802 5931 Colb.

2094 5942 2119 6015 ξι
2146 5940 2227 6015 §jc
2249 5940 2492 6015 θηὸαχὶιὶο
2514 5944 2869 6015 rfsgripgimus:
2896 5944 3062 6015 M090.
3087 5951 3544 6015 13...__ga1an_axe0ﬁ.
3567 5952 3704 6007 Ευιτ,

2096 6001 2127 6081 _l_
2146 6001 2497 6081 §i0JISaiiLuel
2523 6001 2685 6081 Clo|9.;
2708 6001 3152 6081 M‘ogntfz'oglhqucf.
3192 6009 3331 6081 άλλη.
3362 6011 3432 6061 Ιυ.

2092 6074 2128 6137 τα
2154 6064 2301 6137 Sayilﬂ.
2328 6070 2382 6134 ct_
2412 6064 2585 6137 λίψ-ει.
2612 6068 2851 6137 θεοφιλῶν.
2875 6070 3005 6117 ίξηΙι).
3034 6072 3142 6131 Θεῷ
3165 6072 3266 6132 φίὶνι
3286 6064 3327 6131 εἶ,
3351 6076 3607 6137 11.ρΙίιιδ,ιιι
3630 6078 3708 6131 νί-

2031 6128 2191 6176 ιίειυι.
2219 6125 2344 6177 luﬁa
2371 6130 2421 6177 in
2446 6128 2585 6179 Colb.
2610 6129 2683 6177 διο
2701 6125 2817 6180 λιιιιε
2850 6136 2923 6179 ναξ
2952 6125 3127 6195 ﬁgi/17.:
3153 6125 3483 6187 desxdéulur.
