4532 6708
475 512 578 567 ιιτ.

477 622 608 677 Mihi
638 628 851 683 mundus
877 631 1148 699 crucifixus
1172 643 1243 686 est
1270 634 1290 701 (
1314 634 1486 689 Gatat.
1514 636 1568 691 6.
1602 639 1662 692 l4
1682 639 1700 711 )
1724 681 1740 706 ,
1770 639 1907 694 hanc
1935 655 2046 695 me-

473 724 647 769 morat
669 717 1143 788 insensibilitatem,
1176 724 1286 778 imo
1313 726 1485 793 petius
1513 744 1615 783 non
1645 730 1778 786 hanc
1806 740 2043 801 tantum,

470 805 564 860 sed
584 808 739 864 aliam
766 812 942 877 talem,
973 826 1030 867 ut
1053 813 1246 883 duplex
1270 815 1357 868 illa
1380 815 1553 872 fuerit.
1576 821 1688 876 Non
1710 824 1851 876 enim
1873 823 2045 877 solum

413 955 415 959 η
470 894 622 964 dixit,
644 899 774 953 Mihi
793 903 1009 955 mundus
1026 904 1299 971 cruciﬁxus
1320 916 1412 972 est,
1433 908 1503 962 ita
1525 920 1579 964 ut
1603 923 1783 981 postea
1802 914 2041 981 tacuerit,

467 988 559 1042 sed
589 1006 687 1060 per
722 993 1030 1061 adjunctum
1069 993 1225 1048 aliam
1265 997 1577 1067 signiﬁcavit
1608 1004 1790 1058 dicens
1810 1045 1825 1071 ,
1858 1004 1925 1057 Et
1954 1023 2043 1076 ego

466 1082 677 1135 mundo.
704 1082 892 1151 Magna
918 1091 1065 1137 certe
1092 1085 1423 1159 philosophia
1450 1101 1547 1158 est,
1577 1104 1762 1162 putare
1789 1094 2039 1148 mundum

464 1185 585 1224 esse
612 1179 899 1236 mortuum,
933 1173 1028 1227 sed
1059 1174 1211 1244 longe
1241 1178 1429 1247 major,
1458 1196 1581 1253 erga
1609 1184 1863 1237 mundum
1891 1185 2040 1254 quasi

463 1270 731 1314 mortuum
761 1262 1009 1317 aﬂ'ectum
1039 1279 1179 1319 esse.
1210 1269 1360 1333 Quod
1388 1271 1563 1342 itaque
1585 1273 1785 1328 Paulus
1804 1273 2042 1329 declara-

462 1350 538 1403 vit
564 1351 867 1420 bujusmodi
892 1363 974 1409 est
997 1374 1012 1411 :
1034 1355 1162 1411 dicit
1186 1358 1328 1413 enim
1357 1376 1459 1416 non
1484 1377 1543 1419 se
1574 1375 1775 1419 tantum
1802 1366 1987 1420 abesse
2008 1383 2036 1420 a
2077 1408 2088 1419 .

463 1442 815 1509 prmsentibus
834 1484 851 1510 ,
879 1454 1133 1514 quantum
1167 1448 1401 1505 viventes
1425 1466 1453 1505 a
1478 1455 1722 1519 mortuis,
1753 1455 1846 1509 sed
1873 1472 2039 1525 quan-

463 1541 573 1585 tum
614 1534 807 1587 mortui
837 1549 867 1588 a
895 1537 1143 1590 mortuis.
1174 1537 1270 1604 Qui
1303 1542 1442 1595 enim
1469 1544 1628 1607 vivit,
1656 1544 1863 1598 etiamsi
1893 1562 2035 1599 mor-

458 1631 605 1677 tuum
631 1639 735 1678 non
761 1626 1120 1694 concupiscat,
1143 1636 1197 1680 at
1223 1629 1327 1683 alio
1351 1633 1507 1686 modo
1535 1636 1719 1700 sentit,
1748 1636 1859 1689 sive
1880 1638 2038 1691 mire-

457 1721 545 1767 tur
568 1718 814 1782 prostrati
844 1715 1315 1784 pulcbritudinem,
1339 1721 1449 1776 sive
1476 1724 1647 1793 ipsum
1670 1727 1951 1780 miseretur
1973 1744 2034 1783 ac

455 1802 697 1873 deploret
728 1822 741 1858 :
774 1816 1012 1859 mortuus
1036 1816 1212 1861 autem
1238 1826 1360 1879 erga
1397 1823 1663 1869 mortuum
1694 1832 1760 1869 ne
1792 1819 1878 1870 tali
1908 1820 2028 1887 qui-

455 1891 575 1946 dem
598 1893 790 1948 aﬂ‘ectu
811 1904 910 1949 est.
933 1896 1043 1950 Hoc
1063 1897 1222 1965 igitur
1240 1900 1510 1957 declarare
1529 1920 1651 1960 cum
1676 1908 1853 1973 vellet,
1881 1919 2026 1978 post-

454 1997 610 2049 quam
638 1983 863 2049 dixerat,
894 1985 1025 2038 Mihi
1051 1988 1265 2041 mundus
1291 1995 1559 2060 cruciﬁxus
1588 2006 1686 2061 est,
1713 1997 1932 2064 addidit,
1963 2000 2027 2053 Et

454 2087 543 2140 ego
558 2075 763 2128 mundo.
784 2074 945 2130 Vides
966 2093 1122 2146 quam
1141 2078 1295 2147 longe
1314 2083 1497 2137 aberat
1513 2086 1578 2138 ab
1595 2089 1743 2153 orbe,
1764 2093 2028 2158 quomodo

459 2161 513 2213 in
543 2173 679 2217 terra
702 2166 952 2234 gradiens
973 2169 1040 2223 ad
1070 2170 1240 2238 ipsum
1266 2175 1580 2229 transilierat
1600 2179 1713 2230 caeli
1740 2181 2028 2235 verticem?

528 2255 684 2309 Pauli
714 2276 831 2328 erga
861 2260 1118 2315 Christum
1146 2279 1289 2317 (inter
1320 2267 1469 2319 cwlos
1497 2284 1665 2322 omnes
1701 2274 2025 2325 transcendit.

452 2348 623 2402 -—Ne
668 2350 795 2403 mihi
840 2367 1233 2410 commemores
1279 2359 1538 2412 montium
1582 2364 1879 2427 cacumina,
1925 2380 2026 2418 non

452 2440 636 2505 saltus,
682 2457 787 2495 non
826 2444 1009 2510 valles,
1054 2463 1157 2501 non
1197 2449 1536 2503 solitudinem
1584 2450 1808 2517 inviam;
1857 2470 2028 2523 neque

450 2534 591 2586 enim
624 2534 737 2588 haec
780 2536 892 2588 sola
921 2539 1049 2591 satis
1082 2549 1202 2593 sunt
1240 2541 1304 2594 ad
1332 2543 1524 2596 anima:
1567 2545 1847 2597 tumultum
1877 2548 2024 2599 aule-

456 2624 698 2690 rendum,
731 2627 824 2681 sed
864 2627 949 2680 illa
980 2644 1115 2697 opus
1144 2640 1223 2685 est
1257 2632 1488 2698 ﬂannna,
1520 2651 1675 2704 quam
1704 2638 1944 2692 Christus
1971 2640 2022 2694 in

454 2716 601 2770 Pauli
632 2719 804 2771 anima
828 2719 1091 2783 incendit;
1128 2721 1311 2777 beatus
1339 2736 1514 2779 autem
1546 2727 1633 2781 ille
1662 2744 1758 2796 per
1778 2730 2023 2797 spiritua-

450 2805 552 2859 lem
588 2808 721 2862 hanc
747 2810 1122 2877 cogitationem
1152 2812 1315 2880 ipsam
1336 2815 1482 2880 fovit,
1502 2826 1554 2870 et
1570 2817 1634 2870 ad
1669 2828 1864 2871 tantam
1892 2820 2019 2873 sub-

449 2896 723 2951 limitatem
768 2900 994 2965 extulit,
1052 2911 1110 2956 ut
1150 2918 1269 2956 cum
1316 2919 1344 2956 a
1394 2914 1531 2959 terra
1584 2906 1908 2977 incepisset,
1954 2910 2018 2963 ad

453 2987 621 3055 ipsum
646 2990 830 3043 czelum
861 2992 1157 3061 pertigerit,
1189 2995 1295 3048 imo
1334 3003 1389 3050 et
1424 2997 1488 3050 ad
1515 3000 1700 3053 czelum
1748 3002 1836 3054 illo
1863 3017 2020 3071 supe-

448 3079 578 3145 rius,
608 3089 661 3135 et
690 3081 755 3135 ad
786 3083 926 3137 aliud
960 3084 1151 3138 iterum
1184 3103 1197 3138 :
1228 3087 1339 3155 ipse
1367 3104 1594 3158 namque
1625 3106 1788 3160 usque
1815 3092 1880 3146 ad
1910 3101 2018 3146 ter-

448 3172 575 3224 tium
612 3173 798 3227 caelum
841 3185 1021 3245 raptus
1058 3185 1139 3230 est
1176 3195 1187 3229 :
1222 3193 1375 3232 amor
1416 3189 1594 3234 autem
1636 3182 1753 3251 ejus
1797 3192 1851 3237 et
1894 3198 2020 3253 erga

445 3262 712 3316 Christum
754 3263 965 3319 dilectio
994 3282 1097 3319 non
1142 3276 1250 3321 tres
1286 3270 1483 3333 solum,
1517 3271 1610 3324 sed
1640 3287 1825 3326 omnes
1862 3273 2019 3326 etiam

445 3354 605 3407 earlos
631 3354 973 3409 transcendit.
994 3356 1122 3410 Nam
1145 3373 1368 3427 corpore
1396 3360 1606 3428 quidem
1635 3364 1857 3430 pusillus
1881 3374 2018 3430 erat,

446 3446 681 3514 nihilque
709 3448 938 3515 amplius
975 3463 1131 3517 quam
1171 3465 1266 3502 nos
1294 3451 1344 3503 in
1386 3451 1484 3504 hac
1520 3467 1578 3505 re
1606 3452 1789 3507 habuit
1819 3471 1830 3505 :
1865 3456 2021 3523 spiri-

446 3536 571 3589 tnali
614 3545 790 3590 autem
840 3536 1031 3591 aﬂ‘ectu
1085 3553 1271 3593 omnes
1319 3542 1407 3610 qui
1462 3542 1512 3594 in
1558 3551 1695 3595 terra
1740 3553 2019 3597 versantur

446 3626 689 3680 homines
720 3628 877 3696 longo
907 3628 1188 3682 intervallo
1219 3632 1501 3699 superavit.
1536 3633 1715 3702 Neque
1742 3636 1940 3689 errabit
1971 3638 2014 3689 si

443 3717 561 3783 quis
607 3726 847 3771 sanctum
880 3719 1025 3772 illum
1056 3721 1196 3774 circa
1238 3738 1346 3776 rem
1379 3723 1513 3776 hanc
1543 3726 1765 3794 imagine
1792 3728 1879 3780 tali
1920 3743 2016 3781 ex-

444 3808 640 3875 primat
682 3827 695 3863 :
737 3811 1179 3879 quemadmodum
1226 3814 1270 3866 si
1319 3812 1529 3868 ﬂamma
1571 3817 1818 3885 quaedam
1851 3827 2013 3872 totam

445 3907 598 3951 terra:
617 3900 947 3969 superﬁciem
976 3916 1260 3971 occupans,
1285 3913 1332 3957 et
1364 3905 1413 3957 in
1438 3906 1599 3958 altum
1626 3908 1759 3961 elata
1787 3909 2015 3977 undique

443 3989 711 4044 cmlestem
743 3992 981 4060 apsidem
1023 4002 1319 4061 pnetereat,
1369 4004 1421 4047 et
1467 4012 1644 4050 aerem
1684 4014 1841 4067 supra
1875 3999 2015 4053 illam

448 4082 678 4147 positum
709 4083 1026 4151 pervadens,
1057 4086 1169 4137 sive
1196 4101 1289 4138 aer
1316 4085 1404 4138 ille
1431 4088 1529 4152 sit,
1562 4090 1673 4142 sive
1703 4090 1844 4143 aliud
1866 4091 2017 4160 quid-

444 4172 592 4235 libet,
650 4174 1019 4229 intermedium
1061 4176 1283 4230 tluorum
1323 4179 1570 4231 catlorum
1615 4180 1735 4247 igne
1777 4181 2013 4248 repleat;

444 4278 612 4331 neque
639 4264 723 4318 hic
743 4279 957 4320 cursum
979 4269 1149 4331 sistat,
1175 4268 1264 4322 sed
1290 4268 1353 4321 ad
1381 4270 1590 4323 tertium
1614 4272 1772 4323 etiam
1796 4282 2014 4340 repente

441 4362 747 4418 trausmcet,
780 4357 1064 4427 omniaque
1096 4374 1254 4412 unum
1286 4375 1471 4428 rogum
1507 4358 1721 4425 eﬂiciat,
1752 4367 1908 4412 tanta:
1937 4360 2010 4411 la-

443 4442 680 4495 titudinis
707 4456 955 4512 quantam
987 4448 1146 4502 habet
1176 4450 1417 4502 universa
1450 4458 1608 4513 terra,
1641 4457 1796 4502 tantm.
1828 4449 2009 4503 altitu—

441 4534 599 4599 dinis,
630 4544 883 4603 quantum
914 4541 1068 4607 spatii
1096 4555 1123 4592 a
1154 4541 1310 4594 tertio
1338 4541 1469 4593 caelo
1498 4540 1562 4593 ad
1594 4555 1693 4594 nos
1713 4554 1876 4609 usque
1906 4549 2007 4595 est.

441 4624 514 4680 Ne
537 4628 612 4679 sic
636 4628 849 4696 quidem
882 4639 1008 4699 puto
1034 4633 1118 4685 vel
1159 4642 1361 4700 partem
1403 4633 1776 4702 aliquantulam
1814 4633 2010 4687 amoris

440 4718 553 4786 ejus
592 4734 674 4772 me
714 4723 1061 4787 expressisse.
1093 4722 1242 4785 Quod
1272 4736 1448 4777 autem
1493 4724 1605 4777 hmc
1646 4741 1749 4778 non
1777 4726 1883 4777 sint
1920 4740 2013 4793 per

442 4810 760 4881 hyperbolen
793 4811 952 4875 dicta,
987 4814 1167 4866 videre
1209 4816 1404 4882 poterit
1433 4819 1671 4887 quisquis
1706 4834 1766 4871 ea
1801 4818 2008 4888 legerit,

440 4920 555 4972 qme
598 4904 661 4957 ad
722 4904 1043 4958 Demetrium
1094 4905 1277 4958 eadem
1331 4907 1396 4961 de
1444 4925 1501 4962 re
1550 4912 1877 4980 scripsimus.
1927 4914 2013 4967 Sic

438 5005 648 5065 Oportet
672 4994 937 5049 Christum
966 5010 1163 5058 amare.
1196 4997 1273 5050 sic
1301 5012 1330 5050 a
1358 4999 1517 5053 rebus
1545 5004 1893 5069 prmsentibus
1920 5005 2010 5057 ab-

439 5088 645 5142 sistere.
681 5088 833 5141 Tales
859 5096 1007 5141 erant
1036 5096 1336 5141 sanctorum
1367 5090 1748 5157 pmphetarum
1776 5094 1969 5146 anima!
1991 5133 2005 5156 ,

438 5179 663 5247 ideoque
684 5182 814 5234 alios
834 5190 1151 5250 acceperunt
1171 5181 1373 5234 oculos.
1399 5182 1536 5235 Sane
1559 5185 1697 5251 quod
1723 5186 1792 5237 illi
1820 5200 1847 5236 a
1871 5200 2007 5253 pra:-

436 5269 675 5323 sentibus
714 5285 773 5324 se
806 5281 1167 5340 segregarem,
1209 5272 1257 5326 id
1301 5273 1506 5327 illorum
1550 5273 1833 5342 diligentia:
1875 5290 2007 5344 opus

435 5368 549 5410 erat
577 5378 589 5411 :
618 5361 759 5429 quod
786 5376 915 5415 vero
944 5371 1122 5429 postea
1149 5363 1238 5417 alii
1280 5363 1378 5417 sibi
1408 5363 1739 5431 aperirentur
1777 5363 1841 5416 ad
1872 5363 2011 5417 iutu-

436 5462 614 5504 rorum
661 5454 1159 5523 contemplationem
1197 5456 1365 5521 oculi,
1406 5456 1529 5509 illud
1567 5456 1776 5511 demum
1811 5456 2007 5510 divince

437 5538 619 5605 gratia:
644 5552 779 5595 erat.
810 5544 951 5598 Talis
990 5552 1107 5598 erat
1132 5543 1373 5605 Elisaeus,
1404 5547 1491 5613 qui
1526 5556 1800 5616 postquam
1830 5546 2006 5600 omnia

435 5629 709 5684 smcularia
745 5634 1011 5705 despexit,
1041 5636 1193 5705 regni
1226 5635 1452 5689 cmlestis
1483 5654 1665 5693 amore
1692 5648 1873 5709 captus
1902 5647 2005 5705 est,

442 5720 827 5789 prmsentiaque
854 5728 1030 5780 omnia
1071 5728 1291 5797 rCSpuit,
1323 5742 1543 5796 regnum
1572 5744 1782 5798 nempe,
1819 5739 2006 5798 poten-

437 5811 583 5876 tiam,
621 5811 843 5881 gloriam
890 5827 945 5871 et
985 5821 1241 5875 honorem
1286 5820 1351 5875 ab
1389 5820 1635 5873 omnibus
1674 5820 2001 5887 exhibitum;

434 5902 565 5956 vidit
596 5920 656 5960 ea
684 5920 797 5977 qua:
828 5908 1001 5964 nullus
1030 5927 1278 5982 umquam
1318 5912 1551 5980 viderat,
1594 5921 1828 5967 montem
1860 5922 2001 5968 intc-

1356 525 1444 580 DE
1481 526 2023 599 COMPUNCTIONE,
2065 532 2153 587 AD
2191 532 2643 591 STELECHIUM.
2684 535 2812 591 LIB.
2853 535 2917 591 11.

3625 544 3731 601 ιιι

2152 658 2331 712 grum,
2361 658 2613 714 equorum
2645 646 2947 717 igneorum.
2976 662 3226 706 curruum
3249 690 3265 716 .
3296 651 3623 724 militumque
3649 658 3729 712 si-

2149 732 2352 788 milium
2377 735 2609 789 exercitu
2635 745 2902 806 opertum.
2925 737 3056 793 Nam
3077 741 3166 811 qui
3192 743 3475 811 praesentia
3494 743 3727 801 admira-

2150 833 2268 891 tur,
2325 824 2619 881 l'uturorum
2674 828 3124 897 contemplatione
3184 848 3472 903 numquam
3532 835 3726 906 dignus

2149 915 2428 971 habebitur
2456 932 2470 969 :
2503 918 2591 987 qui
2621 928 2797 973 autem
2829 920 2915 974 illa
2945 920 3191 992 despicit,
3222 932 3278 980 et
3304 924 3473 981 nihilo
3496 928 3722 985 meliora

2147 1015 2297 1074 putat
2334 1006 2520 1061 umbra
2563 1017 2615 1062 et
2653 1011 2887 1077 somnio,
2923 1012 3032 1065 cito
3070 1027 3257 1083 magna
3302 1015 3391 1070 illa
3429 1016 3721 1086 spirituth

2144 1108 2518 1167 consequetur.
2541 1100 2976 1173 Quandoquidem
3003 1115 3057 1159 et
3081 1119 3179 1159 nos
3203 1106 3413 1163 divitias
3436 1109 3565 1166 viris
3591 1124 3721 1166 con-

2142 1196 2389 1256 gruentes
2411 1187 2529 1243 ﬁliis
2546 1191 2741 1245 nostris
2767 1194 3098 1263 exhibemus,
3122 1210 3245 1251 cum
3264 1196 3383 1253 illos
3410 1199 3555 1254 viros
3574 1214 3717 1268 esse.

2142 1285 2196 1330 et
2220 1279 2441 1346 puerilia
2472 1280 2650 1333 omnia
2680 1280 2953 1349 despicere
2977 1284 3224 1341 videmus
3249 1303 3266 1341 :
3295 1286 3547 1357 quamdiu
3576 1290 3721 1347 enim

2145 1367 2229 1420 illa
2272 1369 2553 1435 mirantur,
2598 1371 2681 1425 his
2721 1372 2841 1425 illos
2878 1373 3119 1443 indignos
3156 1377 3495 1434 arbitramur.
3524 1380 3721 1437 Anima

2141 1457 2333 1526 quippe
2362 1474 2478 1527 qua:
2508 1475 2668 1530 parva
2690 1469 2745 1515 et
2774 1462 3051 1518 saecularia
3074 1463 3353 1533 despicere
3374 1482 3480 1522 non
3506 1467 3713 1535 didicit,

2141 1547 2369 1601 cmlestia
2416 1550 2595 1605 mirari
2643 1567 2749 1605 non
2797 1554 3024 1622 poterit;
3076 1555 3299 1625 parique
3335 1555 3496 1611 modo
3538 1558 3584 1612 si
3624 1558 3717 1614 illa

2140 1638 2381 1705 miretur,
2410 1656 2515 1694 non
2539 1643 2730 1710 poterit
2757 1642 2871 1699 haec
2900 1660 3004 1699 non
3035 1645 3281 1702 irridere.
3312 1646 3425 1702 lloc
3451 1656 3506 1703 et
3530 1648 3718 1705 beatus

2139 1728 2335 1783 Paulus
2374 1731 2585 1786 dicebat
2631 1752 2646 1787 :
2681 1750 2998 1805 quamquam
3039 1739 3184 1793 enim
3228 1737 3427 1794 dictum
3472 1740 3603 1797 illud
3645 1742 3719 1799 de

2137 1818 2478 1888 dogmatibus
2520 1822 2780 1890 prolatum
2811 1833 2915 1890 est,
2953 1836 3250 1894 opportune
3287 1838 3463 1885 tamen
3499 1831 3566 1886 de
3590 1847 3715 1886 mo-

2136 1909 2283 1963 ribus
2309 1909 2451 1964 etde
2476 1911 2631 1966 donis
2652 1912 2859 1967 dicatur
2886 1932 2901 1968 :
2925 1915 3174 1970 Animalia
3201 1918 3353 1972 homo
3375 1935 3477 1973 non
3505 1922 3717 1993 percipit

2131 2017 2192 2054 ea
2212 2016 2324 2067 qua:
2349 2010 2465 2055 sunt
2485 2000 2709 2070 Spiritus
2732 2003 2827 2059 Dei
2847 2006 2921 2077 (i.
2952 2006 3070 2062 Cor.
3101 2007 3157 2062 2.
3187 2008 3299 2079 14).

2202 2093 2254 2147 '5.
2286 2090 2456 2146 David
2498 2094 2752 2149 Christum
2796 2099 3025 2151 ardenter
3066 2102 3283 2154 amabat.
3310 2133 3382 2142 -
3413 2103 3483 2159 Ut
3528 2106 3706 2175 itaque

2131 2180 2393 2249 dicebam,
2438 2184 2855 2241 sollicitudinem
2894 2190 3264 2258 requiramus,
3313 2207 3420 2247 non
3468 2194 3708 2249 locorum

2133 2280 2358 2337 tantum,
2389 2275 2483 2328 sed
2521 2277 2679 2331 etiam
2711 2280 2966 2347 propositi
3000 2296 3013 2332 :
3044 2289 3203 2349 atque
3230 2292 3354 2337 ante
3380 2286 3557 2338 omnia
3588 2286 3710 2341 ani-

2133 2376 2273 2413 mam
2301 2360 2555 2417 ducamus
2582 2365 2634 2419 in
2665 2366 2833 2435 ipsam
2865 2384 2969 2422 non
2999 2369 3288 2424 habitatam
3321 2381 3541 2428 terram.
3571 2377 3711 2433 Cum

2134 2451 2223 2504 tali
2246 2467 2474 2522 namque
2503 2455 2664 2508 animi
2695 2456 2885 2511 aﬂ'eelu
2912 2458 3097 2515 beatus
3124 2461 3310 2527 David,
3340 2466 3523 2519 urbem
3558 2466 3708 2522 inco-

2132 2539 2247 2594 lens
2269 2551 2324 2594 et
2351 2558 2570 2612 regnum
2599 2544 2974 2601 administrans
3004 2549 3328 2621 inﬁnitisque
3352 2554 3709 2611 circumdatus

2129 2633 2291 2698 curis,
2318 2634 2590 2689 ardentius
2610 2653 2766 2706 quam
2791 2638 2845 2702 ii,
2874 2640 2962 2709 qui
2988 2642 3331 2698 solitudinem
3353 2658 3709 2715 occuparunt,

2127 2725 2294 2776 amori
2326 2724 2523 2779 Christi
2565 2728 2890 2783 adlizerebat.
2936 2731 3225 2805 Lacrymas
3252 2738 3393 2790 enim
3424 2738 3576 2803 illas,
3604 2754 3702 2809 ge-

2127 2813 2323 2877 mitus,
2383 2825 2434 2869 et
2486 2816 2642 2871 fletus
2694 2819 2781 2874 die
2832 2831 3094 2892 nocteque
3144 2825 3361 2893 eﬂ‘usos,
3410 2829 3498 2883 vix
3537 2846 3705 2885 unum

2126 2903 2326 2957 duosve
2352 2920 2560 2973 eorum,
2591 2909 2681 2977 qui
2713 2926 2851 2965 nunc
2875 2913 3113 2968 crueiﬂxi
3144 2926 3299 2983 sunt,
3330 2916 3588 2974 exhibere
3616 2921 3701 2974 vi-

2125 2994 2364 3059 deamus,
2396 2998 2439 3050 si
2482 3008 2656 3054 tamen
2688 3003 2945 3070 quispia’m
2988 3008 3301 3074 reperiatur.
3334 3009 3515 3079 Neque
3556 3015 3706 3069 enim

2123 3086 2281 3141 ﬂetus
2310 3099 2511 3144 tantum
2544 3093 2917 3150 considerandi
2945 3108 3087 3161 sunt.
3122 3100 3213 3154 sed
3244 3102 3362 3171 quis
3387 3103 3510 3159 illos
3537 3107 3699 3163 emit-

2126 3185 2258 3232 teret
2282 3178 2565 3249 diligenter
2604 3186 3007 3253 perspieiamus.
3039 3189 3155 3244 Non
3188 3192 3327 3248 idem
3357 3203 3438 3249 est
3468 3196 3520 3251 in
3552 3206 3706 3255 tanta:

2126 3266 2378 3336 dignitate
2402 3272 2651 3340 positum,
2677 3275 2743 3329 ab
2768 3276 3014 3331 omnibus
3040 3279 3227 3336 honori
3256 3283 3515 3352 habitum,
3540 3304 3705 3357 quem

2126 3373 2284 3412 nemo
2328 3360 2599 3429 increpare
2642 3375 2841 3432 posset,
2891 3366 3179 3433 humiliari,
3228 3375 3497 3429 incurvari
3536 3391 3706 3447 seque

2125 3450 2297 3517 ipsum
2326 3468 2619 3518 macerare,
2649 3465 2807 3524 atque
2845 3458 2947 3512 hoc
2989 3459 3158 3527 ipsum
3200 3462 3375 3518 facere
3414 3465 3582 3529 illum,
3610 3467 3703 3522 cui

2122 3542 2251 3595 nihil
2291 3543 2480 3598 horum
2524 3558 2809 3615 competat.
2853 3548 3129 3617 Siquidem
3170 3552 3334 3607 multa
3373 3570 3467 3608 rex
3514 3556 3703 3620 habet,

2120 3650 2237 3703 quin
2268 3635 2439 3703 ipsum
2477 3637 2543 3690 ad
2586 3653 2705 3693 sese
2739 3640 3119 3697 eﬂ‘undendum
3156 3644 3444 3713 adducant,
3472 3664 3701 3718 quzeque

2120 3724 2413 3792 impediant
2440 3729 2723 3795 quominus
2766 3731 2996 3785 animam
3036 3733 3251 3803 colligat
3279 3750 3450 3789 suam.
3485 3738 3701 3793 Diurnis

2120 3830 2349 3884 namque
2375 3816 2581 3871 deliciis
2611 3826 2665 3873 et
2692 3821 2952 3876 conviviis
2976 3822 3311 3893 dissolvitur,
3336 3842 3398 3879 ac
3424 3829 3600 3882 mollis
3624 3829 3700 3883 ef-

2121 3903 2313 3966 ﬁcitur,
2349 3906 2565 3961 inﬂatur
2590 3912 2827 3977 potentia
2858 3926 2951 3966 sua
2987 3924 3040 3967 et
3068 3916 3118 3967 in
3149 3910 3506 3985 arrogantiam
3534 3919 3703 3973 eﬂer-

2121 4002 2205 4045 tur
2234 4010 2247 4046 :
2282 3995 2425 4047 illum
2449 3997 2633 4065 gloriae
2662 4015 2813 4054 amor
2842 4004 2964 4064 urit,
3014 4020 3111 4057 nec
3161 4006 3336 4059 minus
3380 4021 3700 4077 corporum,

2121 4086 2353 4152 potentia
2399 4090 2627 4155 genitus,
2657 4099 2709 4143 et
2737 4093 2964 4146 nutritus
3002 4093 3229 4148 deliciis.
3262 4096 3343 4150 Ad
3377 4097 3491 4152 huic
3535 4109 3691 4153 cura-

2120 4191 2235 4229 rum
2268 4178 2505 4233 turbines
2544 4180 2715 4248 ipsum
2746 4182 2977 4253 undique
3015 4185 3327 4241 invadentes
3366 4204 3468 4241 non
3497 4190 3700 4255 minus,

2118 4281 2275 4334 quam
2322 4268 2397 4321 illi
2440 4270 2528 4323 alii
2571 4270 2811 4336 allectus,
2860 4275 3023 4343 ipsius
3063 4277 3298 4331 animum
3340 4281 3646 4347 perturbant
3676 4299 3697 4335 :

2115 4372 2279 4423 quare
2306 4374 2373 4411 ne
2404 4362 2681 4415 minimum
2708 4363 2919 4429 quidem
2948 4370 3287 4435 compunctio
3316 4370 3517 4425 aditum
3540 4373 3691 4426 inve-

2115 4446 2230 4501 nire
2258 4450 2450 4516 poterit
2480 4459 2555 4503 tot
2584 4453 2965 4509 munitionibus
2996 4456 3207 4524 repulsa
3236 4474 3249 4510 :
3281 4474 3426 4529 (egre
3463 4477 3700 4531 namque

2113 4538 2193 4591 vel
2236 4539 2287 4591 in
2328 4540 2503 4592 anima
2541 4540 2622 4595 his
2660 4542 2899 4597 obicibus
2944 4544 3107 4599 libera
3150 4546 3254 4601 hoc
3289 4548 3483 4603 bonum
3529 4552 3700 4605 inseri:

2117 4639 2311 4698 potest.
2362 4631 2605 4686 Privatus
2650 4642 2829 4688 autem
2872 4634 3032 4689 homo
3082 4636 3381 4705 bujusmodi
3431 4640 3701 4693 tumultus

2117 4735 2308 4790 expers
2347 4724 2567 4777 omnino
2614 4732 2715 4786 est,
2769 4724 2871 4778 nisi
2922 4725 2989 4779 sit
3037 4725 3321 4781 admodum
3374 4744 3693 4798 perversos;

2117 4814 2460 4884 quamobrem
2488 4829 2606 4867 eum
2634 4814 2822 4867 minori
2852 4814 3161 4871 difﬁcultate
3190 4821 3383 4886 poterit
3409 4821 3542 4874 hanc
3574 4836 3694 4874 rem:

2117 4908 2288 4970 adire,
2326 4922 2481 4976 quam
2516 4908 2559 4958 is
2588 4907 2676 4973 qui
2710 4906 2761 4959 in
2805 4910 3060 4976 potentia,
3093 4909 3317 4978 imperio
3342 4921 3391 4965 et
3421 4912 3567 4966 cultu
3597 4912 3695 4966 tali-

2114 4998 2276 5064 degit.
2311 5000 2386 5049 Ac
2412 4996 2855 5065 quemadmodum
2887 4997 3125 5065 difﬁcile,
3157 5001 3266 5054 imo
3287 5002 3469 5071 potius
3492 5004 3694 5071 impos-

2113 5088 2265 5141 sibile
2295 5098 2373 5140 est
2406 5088 2579 5157 ignem
2603 5103 2725 5142 cum
2754 5104 2887 5159 aqua
2926 5090 3170 5155 miseere,
3207 5094 3272 5145 ita
3308 5108 3409 5146 non
3440 5102 3565 5161 puto
3594 5093 3690 5147 de-

2112 5180 2260 5233 licias
2288 5188 2340 5233 et
2367 5181 2830 5250 compunctionem
2860 5183 3014 5235 simul
3043 5198 3161 5236 es-e
3191 5198 3344 5251 posse
3375 5200 3387 5234 :
3420 5198 3539 5235 nam
3570 5183 3685 5240 hzec

2116 5274 2378 5327 contraria
2424 5282 2569 5339 sunt,
2610 5283 2664 5327 et
2710 5289 2868 5326 unmn
2914 5274 2981 5327 ab
3026 5272 3191 5327 altero
3234 5274 3544 5327 destruitur.
3591 5274 3686 5329 [lla

2116 5366 2256 5419 enim
2304 5376 2472 5419 mater
2520 5374 2602 5418 est
2642 5364 2988 5433 lacrymarum
3044 5372 3096 5416 et
3141 5366 3531 5432 temperantize,
3572 5366 3686 5421 haec

2115 5458 2253 5511 risus
2280 5468 2332 5511 et
2372 5456 2628 5510 insaniae:
2663 5456 2745 5507 illa
2770 5456 2939 5508 levem
2969 5463 3022 5509 et
3048 5455 3146 5508 alis
3176 5456 3495 5511 instructam
3524 5458 3689 5513 eﬂicit

2114 5550 2363 5611 animam,
2394 5548 2476 5601 lue
2504 5562 2628 5600 vero
2663 5546 2884 5617 plumbo
2914 5547 3210 5615 graviorem
3238 5550 3583 5602 constituunt.
3618 5552 3685 5603 At

2114 5638 2345 5692 tuendum
2376 5637 2424 5689 id
2454 5635 2590 5705 quod
2618 5637 2792 5705 majus
2819 5646 2904 5692 est
2930 5636 3057 5702 dixi,
3090 5638 3345 5691 Davidem.
3364 5638 3563 5692 scilicet
3588 5639 3682 5692 illo

2115 5739 2350 5797 tempore
2381 5727 2594 5792 vixisse,
2627 5744 2734 5798 quo
2760 5744 2865 5782 non
2892 5738 3032 5782 tanta
3062 5730 3425 5799 postulabatur
3449 5730 3569 5782 vita:
3594 5729 3681 5783 di-

2114 5818 2361 5889 ligentia;
2396 5835 2491 5872 nos
2526 5828 2701 5873 autem
2734 5836 2874 5875 nunc
2915 5822 2965 5874 in
2995 5831 3261 5876 certamen
3289 5819 3684 5886 descendimus,

2116 5929 2234 5967 cum
2277 5929 2381 5968 non
2428 5913 2531 5968 alia
2577 5913 2733 5967 modo
2761 5913 2970 5979 delicta,
3013 5912 3105 5967 sed
3149 5912 3261 5982 ipse
3304 5911 3443 5966 risus
3483 5915 3690 5983 magnis
