4532 6708
833 502 933 558 MS

831 614 1099 669 obnoxius
1146 618 1228 666 est
1266 608 1468 678 poenis,
1512 607 1606 661 sed
1648 608 1821 662 luctus
1854 614 1909 660 et
1942 604 2159 659 afﬂictio
2204 602 2397 669 ubique

832 703 1094 759 laudatur.
1137 701 1384 754 Attamen
1434 699 1620 754 beatus
1666 697 1753 751 ille
1797 696 1879 749 his
1926 695 2175 749 omnibus
2220 690 2399 746 fractis

833 792 1091 852 obicibus,
1122 788 1199 843 sic
1224 788 1365 842 illam
1396 786 1603 842 fortiter
1629 785 1877 854 suscepit,
1907 786 2061 854 quasi
2089 798 2223 839 unus
2254 789 2400 835 esset

831 897 894 933 ex
920 880 1288 941 multitudine,
1325 893 1387 932 ac
1415 894 1481 931 ne
1521 892 1613 946 per
1640 876 1903 930 somnium
1936 874 2147 943 quidem
2181 885 2400 942 regnum

833 973 1099 1039 regiamve
1156 970 1598 1037 magnificentiam
1651 966 1870 1019 vidisset
1922 983 1936 1019 :
1990 976 2295 1033 tantamque
2346 961 2399 1014 in

834 1077 1095 1130 purpura,
1126 1061 1176 1113 in
1207 1057 1502 1111 diademate
1531 1067 1583 1110 et
1620 1056 1672 1109 in
1702 1056 1848 1124 regio
1870 1056 2005 1110 solio
2030 1052 2399 1122 cotnpunctio-

837 1168 955 1205 nctn
988 1149 1252 1213 exhibuit,
1283 1156 1534 1216 quantam
1563 1148 1606 1199 is
1636 1148 1725 1215 qui
1754 1147 1806 1199 in
1832 1159 2009 1209 sacco,
2042 1144 2094 1197 in
2122 1142 2320 1206 cinere,
2350 1149 2406 1195 et

836 1240 887 1292 in
919 1236 1204 1291 solitudine
1243 1235 1413 1291 sedet.
1456 1236 1690 1292 Atenim
1713 1234 1799 1304 iis,
1831 1232 2022 1303 quibus
2064 1232 2166 1285 hoc
2205 1230 2403 1284 bonum

837 1346 962 1385 vere
1002 1330 1395 1400 supervenerit,
1430 1336 1630 1381 tantum
1675 1325 1839 1380 robur
1875 1324 2118 1387 exhibet,
2148 1329 2403 1391 quantum

834 1422 971 1491 ignis
1017 1421 1071 1475 in
1113 1420 1303 1489 spinis.
1358 1419 1469 1473 lloc
1510 1418 1751 1485 quamvis
1799 1414 2067 1468 hominem
2113 1411 2405 1466 innumeris

838 1511 1178 1581 pra'fucatum
1220 1509 1372 1563 malis
1400 1508 1650 1577 reperiat,
1678 1506 1919 1576 quamvis
1950 1504 2132 1559 multis
2162 1510 2405 1574 peccato-

837 1620 958 1657 rum
1013 1601 1261 1656 funiculis
1312 1599 1696 1662 constrictum,
1750 1597 1992 1668 quamvis
2040 1597 2406 1651 vehementem

834 1691 1069 1748 oﬂ'endat
1095 1692 1649 1761 concupiscentiarum
1677 1689 1964 1755 ﬂammam,
1994 1690 2233 1758 quamvis
2271 1686 2409 1741 mul-

837 1794 949 1839 tum
970 1785 1402 1839 circumstantem
1424 1784 1753 1839 saecularium
1776 1798 1951 1835 rerum
1976 1780 2276 1842 tumultum,
2298 1779 2412 1832 lucc

838 1874 1016 1928 omnia
1043 1872 1218 1926 subito
1248 1887 1344 1926 ceu
1369 1870 1597 1939 quodam
1632 1869 1841 1937 ﬂagello
1868 1867 2104 1937 depellit,
2145 1876 2199 1920 et
2224 1866 2407 1935 procul

838 1964 998 2032 abigit
1026 1963 1091 2016 ab
1119 1962 1313 2014 anima.
1344 1961 1421 2014 Ac
1450 1957 1892 2028 quemadmodum
1914 1967 2097 2009 contra
2126 1957 2231 2010 vim
2264 1955 2406 2009 venti

838 2052 1165 2107 vehementis
1194 2065 1479 2120 numquam
1503 2050 1674 2104 tenuis
1699 2049 1868 2117 pulvis
1888 2046 2115 2112 steterit,
2142 2047 2212 2099 ita
2235 2061 2408 2114 neque

836 2141 1385 2210 concupiscentiarum
1407 2138 1691 2193 multitudo
1715 2137 2137 2207 compunctionis
2160 2135 2409 2205 ingruen-

837 2240 945 2286 tem
970 2233 1073 2285 vim
1099 2230 1363 2286 sustinere
1390 2230 1606 2299 poterit,
1634 2228 1730 2284 sed
1757 2229 1846 2283 illa
1875 2228 2187 2294 destruitur,
2217 2226 2411 2298 pulve-

838 2337 1003 2392 reqne
1038 2336 1102 2375 ac
1143 2319 1291 2376 fumo
1330 2318 1488 2374 citius
1532 2320 1840 2390 dissipatur.
1873 2319 2004 2373 Nam
2045 2320 2091 2373 si
2129 2333 2414 2389 corporum

837 2428 990 2468 amor
1036 2412 1268 2467 animam
1313 2412 1384 2466 ita
1428 2413 1691 2480 captivam
1735 2411 1918 2473 efficit,
1965 2420 2023 2465 ut
2059 2411 2128 2466 ab
2169 2411 2415 2465 omnibus

840 2503 984 2557 illam
1014 2501 1262 2568 abducat,
1281 2501 1475 2571 unique
1502 2501 1686 2554 amicae
1708 2501 1969 2571 tyrannidi
1998 2498 2263 2568 subjiciat,
2288 2498 2414 2567 quid

840 2606 950 2647 non
979 2590 1178 2647 efﬁciat
1200 2605 1351 2646 amor
1381 2590 1601 2656 Christi,
1630 2600 1908 2661 metusque
1930 2605 1998 2645 ne
2026 2590 2116 2643 ille
2140 2589 2356 2643 secedat
2380 2603 2411 2642 a

839 2680 1038 2735 nobis?
1062 2680 1215 2748 Quod
1243 2689 1528 2750 utrumque
1564 2681 1634 2733 ita
1668 2679 1941 2750 prephetze
1971 2679 2206 2733 animum
2240 2679 2410 2748 agita-

841 2770 950 2835 bat,
993 2779 1051 2825 ut
1087 2770 1374 2840 aliquando
1410 2770 1613 2824 diceret
1642 2789 1655 2822 :
1690 2769 2125 2836 Quemadmodum
2160 2769 2413 2822 desiderat

840 2877 1014 2916 cervus
1038 2862 1105 2914 ad
1140 2864 1302 2932 fontes
1327 2877 1597 2931 aquarum,
1624 2862 1695 2913 ita
1722 2860 1975 2913 desiderat
2003 2861 2176 2912 anima
2214 2876 2321 2912 mea
2346 2860 2414 2912 ad

842 2965 913 3023 te,
958 2954 1093 3010 Deus
1119 2955 1288 3025 (Psat.
1312 2956 1403 3009 41.
1448 2956 1540 3026 1);
1583 2970 1647 3009 ac
1688 2969 1891 3017 rursus,
1926 2954 2107 3005 Anima
2141 2969 2253 3006 mea
2287 2953 2417 3005 sicut

845 3054 978 3099 terra
1002 3046 1109 3099 sine
1146 3062 1277 3116 aqua
1304 3045 1429 3111 tibi;
1457 3053 1531 3111 et,
1576 3046 1801 3099 Adhaesit
1838 3045 2008 3096 anima
2034 3059 2145 3096 mea
2182 3052 2292 3113 post
2333 3052 2417 3106 te;

840 3136 1128 3207 aliquando
1151 3146 1349 3202 autem,
1381 3138 1614 3203 Domine,
1642 3151 1705 3189 ne
1734 3138 1784 3189 in
1805 3141 1979 3207 furore
2004 3145 2089 3188 tuo
2111 3152 2296 3207 arguas
2319 3151 2415 3199 me,

843 3243 1001 3296 neque
1039 3228 1092 3281 in
1120 3228 1198 3281 ira
1238 3237 1325 3281 tua
1358 3228 1602 3297 corripias
1628 3243 1707 3280 me
1736 3225 1903 3297 (Psat.
1939 3224 2059 3280 162.
2088 3224 2141 3279 6.
2174 3234 2219 3279 et
2243 3224 2332 3279 62.
2359 3224 2413 3280 9.

842 3318 1076 3389 a6.2).

919 3429 975 3483 ι.
1015 3427 1287 3497 Inscriptio
1314 3429 1513 3498 psalmi,
1540 3428 1645 3484 Pro
1673 3438 1877 3494 octava,
1908 3429 2026 3499 quid
2048 3429 2318 3498 signiﬁcat.
2346 3456 2419 3468 —

847 3518 959 3574 Nec
972 3520 1103 3573 mihi
1132 3519 1392 3589 quispiam
1424 3518 1750 3589 dicatipsum
1771 3561 1786 3585 ,
1813 3529 1868 3573 ut
1895 3529 2168 3590 peccatum
2211 3519 2418 3588 lugeret

844 3624 998 3663 suum
1018 3649 1033 3674 ,
1057 3608 1197 3663 hunc
1220 3608 1496 3677 scripsisse
1517 3610 1795 3679 psalmum:
1813 3626 1984 3681 neque
2003 3611 2143 3665 enim
2169 3611 2297 3665 illud
2326 3625 2417 3665 ve-

846 3711 966 3753 rum
982 3705 1082 3761 est,
1115 3711 1287 3766 neque
1304 3697 1356 3750 id
1382 3698 1633 3767 suspicari
1665 3700 2071 3768 permittuntea,
2101 3714 2221 3769 qua:
2250 3700 2301 3752 in
2329 3700 2413 3753 in-

845 3786 1132 3855 Ict'iptione
1151 3795 1435 3855 ponuntur.
1451 3787 1560 3842 Nisi
1588 3788 1727 3842 enim
1744 3798 1920 3857 posset
1948 3801 2312 3859 argumentum
2335 3790 2415 3843 in-

846 3877 1101 3946 scriptum
1117 3877 1344 3943 ostendi,
1369 3877 1509 3932 hunc
1524 3879 1783 3947 psalmum
1801 3880 1985 3935 liceret
2010 3882 2085 3935 illi
2110 3881 2189 3935 rei
2211 3882 2413 3935 adscri-

847 3965 974 4020 bere
1002 3966 1117 4020 :sin
1135 3981 1262 4021 vero
1289 3967 1336 4021 is
1353 3968 1441 4036 qui
1471 3982 1566 4036 pro
1594 3976 1816 4038 peccato
1840 3968 2014 4025 dictus
2039 3978 2142 4036 est,
2172 3972 2417 4027 omnibus

847 4064 931 4111 est
958 4056 1285 4119 manifestus,
1302 4056 1388 4111 hic
1404 4066 1579 4111 autem
1599 4059 1757 4112 aliam
1781 4058 1946 4114 habet
1962 4060 2277 4131 hypothesin
2298 4079 2309 4115 :
2328 4078 2413 4127 ne,

846 4158 1045 4214 quaso,
1064 4159 1131 4200 ne
1150 4146 1325 4200 divina
1341 4144 1744 4215 confundamus,
1761 4164 1893 4204 neve
1906 4150 2238 4221 dogmatibus
2250 4167 2277 4203 a
2300 4152 2419 4220 Spi-

844 4235 946 4289 ritu
965 4235 1182 4306 prolatis
1194 4236 1669 4291 accommodatiora
1687 4251 1804 4293 esse
1819 4247 1997 4293 nostra
2014 4241 2287 4294 ratiocinia
2306 4256 2419 4308 pro-

846 4327 1164 4382 nuntiemus.
1190 4328 1440 4393 Quaenam
1466 4327 1628 4399 igitur
1650 4337 1733 4384 est
1756 4330 2066 4401 inscriptio?
2088 4330 2195 4385 Pro
2240 4342 2416 4385 octava

845 4417 1014 4482 (.Psat.
1039 4419 1092 4473 6.
1113 4418 1187 4489 l).
1204 4419 1455 4485 Quanam
1471 4436 1597 4475 vero
1618 4430 1699 4476 est
1715 4431 1920 4486 octava,
1940 4424 2038 4476 nisi
2058 4423 2170 4477 dies
2196 4425 2280 4478 illa
2311 4424 2416 4479 Do-

844 4509 974 4563 mini
992 4524 1177 4579 magna
1194 4519 1247 4565 et
1276 4510 1579 4579 conspicua,
1610 4521 1669 4565 ut
1692 4514 1929 4568 clibanus
1942 4514 2290 4585 ardens,quae
2319 4534 2413 4571 su-

842 4614 1037 4669 pernas
1055 4600 1285 4654 Virtutes
1309 4609 1535 4655 tremere
1556 4602 1677 4657 facit
1695 4601 1959 4671 (Virtutes,
1976 4604 2158 4673 inquit,
2177 4605 2413 4659 malorum

843 4694 1168 4747 movebuntur
1213 4690 1424 4764 [Matt/t.
1460 4693 1549 4747 24.
1596 4692 1689 4765 29]
1708 4691 1750 4764 ),
1799 4709 1917 4762 qua:
1972 4696 2145 4763 ignem
2197 4698 2411 4752 exhibet

841 4784 970 4852 Regi
1006 4792 1130 4838 tunc
1160 4784 1234 4838 illi
1255 4785 1703 4854 prtecurrentem?
1728 4783 1977 4839 Octavam
2006 4795 2180 4840 autem
2210 4789 2413 4842 vocavit

841 4873 1017 4936 illam,
1046 4882 1212 4927 status
1241 4875 1581 4928 mutationem
1624 4874 1930 4939 declarans,
1966 4890 2170 4930 necnon
2219 4876 2411 4930 futurae

842 4966 962 5017 vita:
987 4964 1403 5039 renovatipnem.
1427 4964 1665 5018 Praesens
1689 4978 1914 5033 namque
1946 4967 2047 5019 vita
2097 4966 2223 5019 nihil
2267 4967 2411 5020 aliud

843 5065 925 5109 est
944 5095 959 5120 ,
988 5070 1145 5123 quam
1191 5054 1482 5109 hebdomas
1524 5068 1661 5120 una,
1689 5070 1806 5123 qua:
1836 5056 1941 5108 vita
1972 5057 2151 5125 incipit
2180 5072 2208 5110 a
2242 5058 2407 5126 prima

839 5144 962 5209 die,
988 5144 1180 5198 desinit
1225 5144 1277 5197 in
1324 5146 1640 5213 septimam:
1671 5159 1735 5197 ac
1773 5160 1980 5198 rursum
2030 5146 2213 5201 iisdem
2243 5152 2406 5201 inter-

841 5234 993 5288 vallis
1042 5236 1321 5300 circumit,
1350 5246 1404 5289 et
1427 5236 1494 5291 ad
1518 5237 1659 5292 idem
1707 5235 2021 5307 principium
2062 5242 2321 5305 recurrit,
2353 5251 2405 5294 et

838 5326 889 5377 in
939 5326 1096 5380 tinem
1137 5326 1429 5381 descendit.
1454 5330 1626 5393 Quare
1654 5339 1893 5384 octavam
1916 5329 2055 5383 diem
2081 5346 2236 5385 nemo
2261 5332 2407 5385 dixe-

835 5422 902 5472 rit
930 5436 1049 5475 esse
1076 5422 1420 5487 Dominicam,
1448 5422 1544 5477 sed
1591 5424 1832 5492 primam.
1865 5423 2045 5494 Neque
2084 5424 2224 5478 enim
2275 5426 2403 5480 heb-

838 5509 1082 5564 domadis
1122 5511 1347 5566 circulus
1382 5514 1433 5567 in
1477 5522 1718 5568 octavum
1759 5530 2037 5571 numerum
2078 5515 2401 5571 extenditur.

832 5599 970 5654 Cum
998 5611 1173 5656 autem
1203 5603 1314 5660 haec
1340 5606 1518 5661 omnia
1547 5608 1870 5662 cessaverint
1904 5617 1958 5662 et
1985 5607 2240 5662 dissoluta
2284 5606 2401 5661 fue-

836 5696 961 5761 rint,
1011 5707 1135 5753 tuuc
1175 5696 1426 5768 ogdoadis
1477 5714 1664 5755 cursus
1712 5701 1763 5754 in
1804 5701 2035 5757 medium
2084 5700 2397 5755 adducitur:

836 5801 1004 5855 neque
1041 5790 1182 5844 enim
1236 5806 1444 5845 rursum
1510 5791 1576 5845 ad
1630 5793 1943 5862 principium
2000 5794 2261 5858 recurrit,
2307 5792 2403 5847 sed

834 5880 1176 5945 sequentibus
1202 5881 1492 5939 intervallis
1514 5881 1698 5939 hazret.
1729 5883 1986 5956 Propheta
2011 5884 2167 5956 igitur
2182 5884 2229 5938 vi
2247 5898 2399 5938 com-

1560 495 1617 551 S.
1654 493 1934 551 JOANNIS
1974 484 2438 547 CllRYSOS'lOMI
2478 486 2792 543 AllClllEP.
2833 486 3364 544 CONSTANTINOP.

3970 487 4081 543 ιισ

2510 600 2805 668 punctionis
2832 604 3138 673 inscriptam
3163 618 3372 673 semper
3408 601 3590 671 judicii
3634 607 3942 660 memoriam
3976 611 4081 661 ha-

2508 692 2620 744 buit
2639 733 2654 753 ,
2679 690 2926 761 diemque
2952 695 3097 748 illam
3123 696 3175 749 in
3203 704 3349 749 tanto
3377 692 3521 748 cultu
3546 734 3564 758 ,
3592 692 3645 746 in
3674 696 3833 747 tantis
3869 698 4080 751 divitiis

2506 780 2714 834 assidue
2740 780 2919 835 animo
2947 784 3227 851 versabat,
3257 800 3413 854 quam
3439 798 3536 839 nos
3584 782 3664 836 vel
3716 783 3769 836 in
3820 788 4085 841 arumnis

2507 871 2777 925 constituti
2820 871 2905 924 vix
2936 872 2988 925 in
3038 875 3351 930 memoriam
3394 889 3701 932 revocamus
3738 888 3844 929 :ac
3876 876 4082 942 judicia

2507 961 2621 1029 ejus
2660 960 2961 1030 frequenter
3010 963 3288 1017 revolvens
3334 966 3474 1021 hunc
3527 966 3738 1035 scripsit
3782 965 4073 1033 psalmum.

2511 1052 2708 1121 Ecquid
2734 1050 2898 1106 dicit?
2927 1050 3169 1115 Domine,
3198 1068 3259 1105 ne
3297 1053 3350 1106 in
3394 1056 3568 1122 furore
3607 1068 3691 1111 tuo
3734 1070 3916 1125 arguas
3960 1071 4077 1118 me,

2509 1158 2667 1213 neque
2711 1144 2764 1195 in
2819 1143 2895 1197 ira
2946 1152 3033 1197 tua
3080 1142 3323 1213 corripias
3378 1162 3489 1210 me,
3548 1147 3780 1204 furorem
3831 1159 3885 1203 et
3937 1148 4075 1202 iram

2510 1232 2778 1300 appellans
2799 1232 3041 1302 supplicii
3072 1232 3490 1289 vehementiam:
3517 1250 3736 1293 noverat
3774 1241 3914 1294 enim
3963 1255 4071 1295 nu-

2510 1337 2631 1376 men
2662 1338 2880 1391 prorsus
2900 1339 3019 1381 esse
3042 1326 3260 1381 aﬂ'cctus
3282 1340 3511 1395 expers;
3545 1344 3864 1402 quamquam
3898 1342 4080 1388 tamen

2512 1413 2609 1468 sibi
2636 1414 2881 1470 conscius
2911 1425 3025 1469 erat
3046 1456 3062 1481 ,
3090 1432 3193 1471 non
3223 1431 3431 1488 pcenam
3457 1425 3509 1471 et
3534 1418 3845 1489 supplicium
3894 1425 4085 1479 deberi

2510 1504 2647 1569 sibi,
2679 1506 2775 1559 sed
2805 1505 3061 1562 honorem
3087 1518 3142 1563 et
3184 1525 3426 1565 coronas.
3450 1509 3720 1579 Siquidem
3767 1514 3899 1569 ﬂdes
3920 1558 3935 1580 ,
3986 1533 4085 1586 per

2511 1612 2667 1666 quam
2702 1598 3114 1669 alienigenarum
3138 1603 3325 1657 turrim
3366 1603 3654 1666 destruxit,
3683 1611 3738 1658 et
3781 1607 4084 1663 universam

2512 1688 2814 1745 Judteorum
2840 1700 3050 1761 gentem
3080 1707 3144 1746 ex
3165 1694 3293 1762 ipsis
3321 1696 3483 1763 portis
3502 1696 3687 1750 mortis
3724 1696 3916 1765 eripuit
3936 1738 3951 1759 ,
3980 1698 4083 1753 bc-

2513 1781 2758 1836 neﬂcium
2787 1782 2998 1837 inimico
3027 1798 3125 1838 suo
3153 1788 3339 1849 semel.
3371 1788 3453 1843 bis
3471 1797 3524 1843 et
3552 1788 3743 1857 pluries
3760 1789 4079 1856 prtestitum,

2511 1884 2575 1924 ac
2594 1886 2702 1939 pra:
2729 1872 2974 1926 omnibus
2990 1873 3166 1927 divina
3196 1876 3263 1930 de
3286 1878 3403 1945 ipso
3440 1878 3636 1947 prolata
3686 1880 3972 1941 sententia,
4000 1890 4085 1932 to-

2514 1967 2617 2011 tam
2648 1960 2745 2013 viri
2767 1961 3014 2016 virtutem
3043 1964 3175 2017 satis
3208 1965 3547 2034 declarabat,
3579 1970 3837 2039 etiamque
3875 1971 4044 2039 magis
4064 2012 4080 2033 ,

2510 2065 2667 2119 quam
2693 2050 2806 2121 ipsa
2836 2053 3088 2120 pneclare
3108 2064 3279 2123 gesta.
3301 2056 3475 2127 Opera
3505 2059 3697 2130 quippe
3747 2062 4083 2129 quantumvis

2513 2156 2701 2210 magna
2731 2150 2787 2197 et
2806 2142 3113 2198 admiranda
3142 2144 3194 2198 in
3218 2148 3344 2202 mali
3371 2152 3724 2220 suspicionem
3754 2152 3927 2206 vocari
3952 2166 4082 2220 pos-

2515 2241 2670 2298 sunt,
2693 2232 2794 2287 etsi
2820 2242 2876 2288 ut
2899 2234 3182 2303 plurimum
3202 2238 3349 2292 omni
3390 2241 3691 2309 suspicione
3711 2242 3871 2297 libera
3901 2250 4085 2296 essent

2513 2320 2643 2390 justi
2665 2322 2806 2377 illius
2833 2339 3031 2393 opera:
3061 2340 3180 2381 cum
3222 2337 3400 2383 autem
3425 2328 3568 2385 Deus
3609 2332 3723 2401 ipse
3772 2334 3917 2387 testis
3963 2342 4085 2399 est,

2520 2423 2645 2469 tunc
2688 2416 2863 2471 nullus
2910 2426 2991 2472 est
3019 2419 3303 2489 suspicioni
3344 2421 3491 2476 locus
3523 2440 3536 2476 :
3565 2423 3663 2478 nisi
3702 2425 3841 2479 enim
3870 2440 4086 2480 accura-

2524 2509 2792 2564 tissimam
2830 2509 3049 2568 virtutis
3088 2514 3462 2586 probationem
3536 2513 3895 2579 exhibuisset,
3925 2530 4083 2568 num—

2515 2609 2673 2662 quam
2723 2606 2864 2650 esset
2907 2599 3121 2652 czeleste
3159 2603 3481 2669 praeconium
3536 2616 3910 2672 consequutus.
3945 2605 4085 2672 Quid

2515 2685 2674 2752 igitur
2698 2684 2765 2740 de
2806 2687 2897 2741 illo
2932 2687 3061 2743 dicit
3088 2689 3263 2744 Deus?
3284 2690 3461 2745 Inveni
3504 2692 3668 2748 David
3712 2696 3869 2761 ﬁlium
3890 2694 4047 2748 Jessa:
4067 2734 4084 2759 .

2515 2778 2677 2829 uirum
2719 2778 2995 2831 secundum
3018 2796 3106 2833 cor
3150 2798 3313 2835 meum
3333 2783 3405 2855 (1.
3428 2782 3554 2855 Reg.
3580 2786 3667 2840 15.
3700 2786 3809 2855 14).
3840 2789 4087 2840 Attamen

2516 2878 2636 2936 post
2664 2869 2769 2923 tale
2788 2869 3042 2937 judicium
3062 2912 3078 2935 ,
3106 2880 3225 2940 post
3270 2882 3413 2927 tanta
3444 2875 3696 2945 prteclare
3723 2887 3864 2945 gesta
3886 2918 3899 2938 ,
3931 2876 4087 2929 dant-

2519 2966 2761 3014 natorum
2788 2970 2841 3015 et
2870 2961 3064 3016 nullam
3106 2978 3230 3032 erga
3276 2964 3442 3019 Deum
3490 2966 3730 3021 fiduciam
3781 2968 4086 3021 habentium

2520 3049 2682 3103 verba
2711 3050 2957 3118 protulit,
2985 3061 3043 3104 ut
3067 3054 3429 3121 evangelicum
3466 3056 3594 3111 illud
3640 3058 3909 3126 impleret:
3960 3058 4089 3111 Cum

2521 3142 2689 3193 omnia
2720 3141 2961 3209 feceritis,
3001 3142 3150 3197 dicite
3170 3183 3187 3210 ,
3219 3143 3367 3197 Servi
3393 3146 3595 3200 inutiles
3630 3164 3799 3200 sumus
3828 3147 3971 3219 (Luc.
3996 3150 4085 3201 17.

2522 3230 2633 3303 10).
2680 3232 2816 3299 Quid
2857 3234 3080 3303 amplius
3129 3234 3263 3288 dixit
3310 3236 3621 3304 publicanus
3660 3238 3748 3292 ille
3798 3238 4088 3293 innumeris

2520 3322 2675 3375 malis
2726 3332 2969 3389 onustus,
3018 3326 3104 3393 qui
3134 3340 3199 3378 ne
3240 3326 3289 3378 in
3336 3329 3522 3379 emtum
3569 3326 3780 3395 quidem
3823 3329 4090 3395 respicere

2519 3412 2781 3479 audebat,
2837 3429 3010 3483 neque
3059 3414 3264 3483 longum
3312 3426 3490 3470 texere
3532 3432 3865 3481 sermonem,
3917 3432 4093 3486 neque

2520 3518 2683 3572 prope
2708 3502 3036 3558 Pharisaeum
3070 3504 3243 3558 stare?
3269 3504 3358 3559 llle
3380 3506 3637 3575 siquidem
3657 3507 4009 3575 exprobrabat
4033 3508 4089 3562 ei

2518 3597 2737 3651 dicens:
2766 3595 2887 3649 Non
2909 3614 3018 3649 sum
3047 3597 3174 3650 sicut
3201 3600 3364 3650 ctetcri
3403 3600 3660 3652 hominum
3684 3641 3699 3665 ,
3738 3609 3981 3668 raptores,
4009 3602 4091 3653 in.

2510 3688 2668 3755 justi,
2693 3687 2913 3739 adulleri
2934 3727 2947 3749 ,
2982 3696 3069 3738 aut
3104 3688 3231 3739 sicut
3258 3686 3340 3739 hic
3363 3689 3655 3756 publicanus
3682 3689 3829 3757 (Luc.
3860 3690 3942 3744 18.
3962 3691 4047 3759 11)
4071 3707 4089 3745 :

2520 3778 2604 3831 hic
2630 3792 2754 3832 vero
2783 3791 2845 3830 ac
2870 3778 2914 3830 si
2945 3777 3077 3831 nihil
3115 3778 3303 3832 durum
3332 3780 3564 3833 audiSset
3584 3821 3598 3841 ,
3621 3781 3816 3834 dictum
3844 3782 4085 3849 excepit,

2519 3883 2580 3922 ac
2610 3884 2713 3922 non
2746 3869 2904 3923 modo
2946 3869 3250 3938 indignatus
3283 3883 3387 3923 non
3434 3879 3549 3933 est,
3594 3871 3687 3924 sed
3735 3872 3889 3923 etiam
3937 3872 4087 3923 illum

2518 3960 2617 4013 sibi
2639 3960 3083 4014 contumeliosum
3113 3969 3164 4013 et
3186 3970 3521 4029 arrogantem
3544 4002 3560 4025 ,
3587 3969 3733 4014 tanto
3771 3961 3944 4013 aﬂ‘ecit
3991 3960 4089 4013 ho.

2518 4065 2680 4114 nore,
2713 4059 2772 4103 ut
2809 4065 2874 4103 ne
2910 4059 3049 4104 terra
3096 4050 3340 4120 quidem,
3387 4067 3543 4119 quam
3592 4052 3679 4105 ille
3729 4051 3998 4117 calcabat,
4024 4066 4088 4106 se

2518 4140 2732 4209 dignum
2764 4141 3127 4196 existimaret:
3151 4156 3213 4194 ac
3242 4141 3462 4195 verbum
3494 4139 3706 4209 quidem
3734 4140 3932 4193 nullum
3963 4155 4087 4211 pro-

2521 4231 2638 4284 tulit
2657 4231 2791 4295 ,nisi
2814 4240 2870 4285 ut
2890 4233 3235 4286 confiteretur
3262 4240 3477 4301 peccata
3520 4245 3612 4284 sua
3638 4247 3654 4296 ;
3684 4238 3868 4299 peetus
3906 4241 4086 4284 autem

2519 4321 2825 4391 frequenter
2882 4325 3213 4392 percutiens,
3269 4325 3347 4377 sic
3394 4324 3609 4392 rogabat
3660 4324 3757 4377 sibi
3801 4324 4085 4392 pr0pitium

2518 4427 2635 4467 esse
2659 4413 2845 4467 Deum.
2868 4414 2974 4468 Sed
3000 4415 3137 4482 quod
3166 4415 3278 4467 tunc
3306 4423 3516 4484 ageret,
3547 4415 3677 4468 nihil
3706 4416 3926 4469 mirum:
3959 4430 4081 4468 nam

2516 4512 2854 4572 peccatorum
2876 4502 3155 4555 multitudo
3181 4502 3330 4555 illum
3352 4542 3366 4567 ,
3405 4503 3563 4557 vellet
3582 4504 3778 4569 nollet,
3810 4503 3951 4557 humi
3994 4521 4083 4557 re-

2516 4595 2725 4662 spicere
2750 4594 2972 4662 cogebat
2994 4610 3007 4645 :
3027 4592 3165 4660 quod
3182 4602 3356 4646 autem
3376 4594 3548 4662 justus
3568 4603 3620 4648 et
3643 4596 3904 4648 nullorum
3930 4594 4082 4647 sitni-

2516 4685 2643 4738 lium
2688 4686 2786 4739 sibi
2814 4683 3088 4747 conscius,
3116 4698 3234 4737 cum
3280 4683 3461 4738 eadem
3502 4700 3602 4752 qua
3651 4685 3952 4752 publicanus
3997 4684 4081 4735 sui

2515 4775 2903 4843 improbatione
2946 4772 3193 4838 accedat,
3234 4774 3359 4827 illud
3397 4789 3525 4827 sane
3578 4774 3817 4828 mirabile
3866 4782 3983 4836 est,
4029 4782 4081 4827 tt

2515 4870 2675 4922 animi
2702 4884 2827 4922 vere
2854 4866 3068 4919 contriti
3093 4867 3319 4934 signum.
3360 4867 3442 4920 Ab
3472 4866 3562 4919 illo
3615 4868 3755 4920 enim
3778 4907 3792 4927 ,
3820 4864 4075 4931 Propitius

2515 4970 2617 5013 esto
2652 4961 2783 5014 mihi
2836 4957 3098 5028 peccaturi
3135 4955 3442 5029 (IbidJi’i),
3468 4957 3520 5009 in
3549 4972 3654 5024 quo
3694 4954 3868 5008 diﬂ'ert
3911 4954 4069 5017 illud,

2515 5050 2748 5113 Domine,
2776 5052 2910 5106 nein
2925 5057 3097 5116 lurore
3131 5056 3215 5100 tuo
3239 5064 3425 5117 arguas
3466 5064 3574 5111 me,
3622 5063 3778 5113 neque
3804 5047 3853 5097 in
3897 5047 3971 5096 ira
3997 5058 4080 5097 tua

2513 5141 2758 5210 corripias
2784 5155 2862 5191 me
2882 5136 3052 5209 (Psal.
3081 5138 3134 5192 6.
3166 5138 3259 5208 2)?
3289 5139 3400 5192 lmo
3431 5139 3601 5205 potius
3628 5138 3729 5190 hoc
3758 5152 3911 5204 quam
3952 5138 4077 5188 illud

2515 5233 2667 5301 longe
2687 5232 2861 5297 majus
2885 5239 2986 5283 est.
3005 5228 3135 5282 Nam
3158 5230 3465 5298 publicanus
3483 5243 3549 5281 ne
3573 5227 3638 5280 ad
3661 5227 3848 5281 ett-lum
3870 5228 4074 5293 quidem

2511 5322 2774 5391 respicere
2798 5318 3060 5382 audebat;
3084 5319 3258 5389 justus
3289 5330 3468 5373 autem
3499 5318 3673 5384 majus
3702 5315 3966 5384 quidpiam
3999 5320 4074 5370 fa-

2512 5412 2708 5465 ciebat.
2743 5410 2835 5463 llle
2857 5409 3085 5475 dicebat,
3118 5408 3381 5478 Propitius
3406 5418 3507 5460 esto
3533 5407 3688 5470 nti/ti;
3718 5406 3800 5458 hic
3843 5422 3909 5460 ne
3947 5407 4074 5462 illud

2509 5504 2722 5570 quidem
2774 5502 2954 5557 dicere
3003 5503 3249 5557 audebat.
3308 5500 3487 5567 Neque
3530 5498 3670 5551 enim
3716 5499 3949 5565 diccbat,
3997 5500 4073 5554 Νι

2508 5609 2693 5664 arguas
2737 5609 2815 5645 me
2836 5594 2874 5659 ⁸,
2906 5593 3021 5657 sed,
3062 5592 3143 5646 Ne
3171 5593 3223 5643 in
3270 5595 3440 5658 furore
3468 5600 3588 5652 tuo;
3618 5604 3782 5656 neque
3804 5630 3818 5653 ,
3848 5589 3925 5641 Nc
3964 5606 4072 5641 cor-

2508 5684 2665 5753 ripias
2694 5699 2788 5748 me,
2812 5684 2907 5738 sed
2927 5725 2942 5749 ,
2977 5682 3057 5736 Ne
3086 5685 3137 5734 in
3158 5682 3235 5733 ira
3262 5690 3387 5731 tua:
3411 5693 3512 5730 non
3543 5693 3722 5746 paruas
3769 5696 3871 5731 non
3928 5680 4070 5733 lin-rc

2516 5772 2818 5842 postulans,
2847 5774 2942 5829 sed
2988 5788 3096 5827 non
3128 5781 3233 5825 tam
3258 5768 3624 5823 vehementes:
3656 5771 3721 5822 ita
3755 5780 3811 5821 ut
3842 5770 4071 5837 nudique

2571 5889 2585 5918 ¹
2620 5888 2691 5937 sic
2721 5888 2847 5939 Colh.
2878 5898 2926 5937 et
2944 5884 3081 5936 Savil.
3114 5892 3160 5934 in
3184 5880 3341 5934 Morel.
3369 5886 3584 5945 quzrdam
3606 5883 3825 5932 det-rant.
