4532 6718
447 530 551 587 H7

443 639 605 695 animi
631 640 748 712 ejus
769 643 1038 702 humilitas
1064 657 1347 717 appareat,
1380 657 1433 701 et
1463 647 1603 716 quod
1626 662 1684 702 se
1713 659 1859 706 tanto
1884 667 2012 722 snp-

444 735 602 803 plicio
654 736 872 807 dignum
926 751 1170 809 putaret,
1202 747 1258 793 et
1281 737 1421 808 quod
1453 754 1559 793 non
1591 742 1814 798 auderet
1864 754 2027 800 totam

440 827 651 882 veniam
682 845 711 884 a
738 832 845 886 Deo
869 833 1168 901 postulare;
1202 829 1359 898 idque
1389 846 1518 887 sane
1539 847 1724 890 eorum
1749 838 1941 907 estqui
1970 852 2029 893 se

443 917 730 975 admodum
746 921 1076 976 damnandos
1094 927 1337 984 censent,
1358 930 1413 976 et
1430 938 1736 993 persuasum
1754 925 1949 983 habent
1970 944 2030 983 se

438 1013 673 1066 onmium
729 1013 1005 1067 hominum
1056 1010 1411 1080 nequissimos
1464 1031 1605 1073 esse.
1652 1017 1804 1085 Quod
1849 1029 2026 1074 autem

439 1102 608 1169 majus
624 1110 725 1165 est,
745 1102 847 1153 hoc
867 1101 1037 1168 ipsum
1061 1114 1167 1155 non
1189 1102 1553 1162 vehementius
1572 1108 1844 1178 puniri,ex
1867 1109 2030 1163 mise-

437 1190 661 1244 ricordia
681 1198 734 1243 et
752 1189 1034 1243 clementia
1052 1189 1165 1256 Dei,
1186 1202 1367 1263 utpote
1393 1195 1657 1264 infirmus,
1681 1196 1783 1252 sibi
1804 1196 2026 1253 concedi

435 1280 687 1348 rogabat:
720 1276 963 1332 Miserere
993 1282 1111 1347 mei,
1144 1283 1348 1355 inquit,
1375 1287 1616 1355 quoniam
1637 1288 1875 1356 inﬁrmus
1909 1303 2021 1340 sum

436 1368 605 1437 (l’sal.
630 1367 685 1421 6.
702 1368 779 1437 3).
798 1369 933 1436 Quid
961 1373 1183 1444 hoc?qui
1209 1377 1297 1430 tali
1322 1378 1622 1432 testimonio
1647 1378 1894 1447 dignatus
1921 1386 2024 1444 est,

433 1470 487 1513 et
496 1458 690 1529 judicia
711 1460 804 1515 Dei
828 1478 933 1518 non
958 1465 1155 1521 oblitus
1180 1477 1293 1523 erat
1306 1470 1450 1540 (nam
1473 1470 1568 1535 ait,
1590 1468 1798 1522 Iudicia
1815 1479 1903 1523 tua
1923 1488 2023 1525 non

432 1567 546 1604 sum
589 1550 773 1606 oblitas
801 1553 974 1626 [PsaL
1010 1559 1132 1614 H8.
1168 1557 1305 1630 50]),
1337 1560 1426 1627 qui
1458 1559 1574 1627 ipso
1628 1558 1742 1613 sole
1785 1560 2022 1629 splendi-

431 1642 553 1695 dius
580 1642 749 1710 lttcet,
774 1645 860 1702 hic
883 1649 1004 1704 talia
1036 1649 1235 1719 profert
1260 1650 1455 1703 verba?
1482 1648 1677 1703 Etiam.
1722 1650 1833 1706 lIoc
1879 1656 2019 1707 enim

431 1733 674 1791 mirabile
698 1747 812 1804 est,
857 1740 997 1809 quod
1039 1749 1147 1794 tam
1195 1753 1385 1809 magna
1426 1749 1705 1809 operatus,
1740 1740 1872 1797 nihil
1902 1760 2020 1797 um-

430 1839 589 1895 quam
616 1830 787 1899 magni
809 1829 877 1885 de
901 1845 961 1886 se
987 1830 1067 1885 vel
1092 1830 1289 1884 dixerit
1307 1829 1389 1883 vel
1420 1832 1679 1894 senserit,
1708 1832 1803 1889 sed
1822 1849 1881 1889 se
1905 1849 2022 1889 om-

429 1918 576 1973 nium
602 1922 949 1978 novissimum
979 1930 1252 1991 reputaret
1272 1962 1286 1986 ,
1319 1929 1373 1976 et
1391 1937 1457 1977 ex
1486 1923 1600 1978 sola
1625 1925 1716 1979 Dei
1734 1926 2017 1983 clementia

429 2011 653 2066 salutem
685 2014 941 2085 consequi
968 2021 1215 2083 rogaret,
1245 2027 1308 2067 ac
1337 2014 1383 2068 si
1414 2013 1649 2072 diceret:
1679 2018 1879 2088 Dignus
1902 2021 2019 2090 qui-

434 2100 557 2155 dem
579 2118 695 2157 sum
711 2104 973 2174 supplicio
996 2104 1374 2174 indeprecabili
1390 2116 1471 2173 ,et
1491 2107 1873 2166 immortalibus
1899 2128 2016 2182 pm-

427 2196 538 2260 nis;
566 2206 621 2249 at
645 2197 784 2266 quod
807 2198 859 2252 id
885 2213 990 2253 non
1019 2198 1251 2268 amplius
1279 2198 1419 2256 ferre
1444 2204 1644 2271 possim
1661 2244 1676 2267 ,
1709 2221 1839 2275 rogo
1866 2208 2017 2262 solu-

429 2287 624 2341 tionem
643 2304 671 2341 a
692 2291 1044 2359 przcsentibus
1062 2290 1217 2347 malis
1237 2309 1251 2345 :
1270 2295 1715 2363 quemadmodum
1746 2299 1926 2353 famuli
1943 2303 2016 2355 tui

424 2377 513 2445 qui
536 2377 814 2434 innumera
837 2380 1044 2436 scelera
1072 2392 1472 2452 perpetrarent,
1506 2402 1798 2458 numquam
1827 2388 2011 2445 dicere

426 2476 649 2536 possunt
672 2484 730 2522 se
757 2484 862 2524 non
886 2485 1143 2540 peccasse
1168 2490 1182 2539 ;
1209 2475 1331 2544 quia
1358 2485 1535 2531 autem
1564 2477 1896 2548 ﬂagellorum
1924 2479 2021 2534 do-

433 2559 516 2614 lor
544 2561 891 2619 intolerabilis
928 2574 1042 2635 est,
1073 2577 1262 2636 rogant
1302 2567 1514 2623 demum
1556 2571 1785 2641 mitigari
1817 2571 2014 2642 plagas.

428 2649 543 2721 Ego
579 2661 755 2708 autem
800 2664 929 2724 puto
981 2656 1130 2711 illum
1172 2658 1331 2714 aliam
1383 2675 1595 2731 quoque
1650 2662 2014 2719 infirmitatem

425 2742 783 2800 subindicare.
815 2745 983 2814 Quam
1021 2763 1151 2803 vero
1177 2749 1364 2804 illam?
1410 2767 1528 2807 eam
1578 2768 1699 2822 qua:
1735 2752 1806 2807 ab
1853 2753 2015 2809 animi

426 2848 657 2889 maerore
676 2844 730 2890 ct
754 2851 783 2889 a
809 2839 1091 2906 gemitibus
1112 2841 1450 2909 procedebat.
1475 2842 1625 2900 Solet
1646 2844 1791 2898 enim
1815 2844 2016 2902 doloris

422 2938 698 2992 excessus,
720 2942 840 2982 cum
864 2928 1147 2985 violentior
1167 2931 1350 2998 instat,
1380 2942 1546 2990 totam
1563 2936 1755 2990 animae
1769 2937 1876 2991 vim
1892 2953 2014 2993 cor-

425 3017 637 3073 rodere.
661 3018 823 3089 quue
844 3030 970 3090 puto
1010 3032 1255 3079 sanctum
1285 3026 1456 3080 virum
1486 3041 1606 3082 esse
1640 3042 1855 3096 passum
1874 3030 2012 3101 quod

424 3122 542 3165 sese
562 3109 846 3167 admodum
867 3112 1164 3180 damnaret,
1182 3126 1238 3171 et
1256 3117 1399 3187 quod
1419 3133 1708 3190 numquam
1727 3136 1853 3192 spes
1875 3124 2009 3179 bona

423 3210 759 3271 suppeteret,
797 3204 892 3259 sed
918 3205 1143 3261 adversa
1166 3221 1380 3279 semper
1403 3213 1746 3281 exspectatio.
1789 3214 1857 3269 Et
1908 3214 2012 3272 hoc

424 3307 488 3346 ex
512 3295 852 3363 sequentibus
877 3297 1053 3366 palam
1074 3297 1199 3355 facit
1230 3318 1243 3355 :
1268 3316 1390 3357 nam
1406 3302 1645 3360 Miserere
1663 3306 1778 3372 mei,
1805 3307 2007 3377 adjicit,

424 3383 657 3451 quoniam
698 3386 934 3454 inﬁmas
965 3405 1077 3443 sum
1100 3406 1121 3444 :
1158 3407 1287 3446 sana
1328 3410 1441 3461 me,
1491 3395 1725 3465 Domine,
1768 3401 2011 3469 quoniam

426 3474 723 3529 conturbata
753 3488 872 3532 sunt
901 3496 1019 3535 ossa
1065 3499 1208 3550 mea,
1239 3495 1285 3539 ct
1324 3487 1495 3540 anima
1543 3504 1654 3542 mea
1692 3489 1890 3546 turbata
1935 3502 2010 3547 est

424 3564 570 3618 valde
590 3581 611 3621 :
637 3582 757 3622 cum
788 3570 935 3638 prius
959 3571 1209 3638 dixisset,
1234 3574 1474 3643 Domine,
1504 3594 1566 3632 ne
1594 3581 1649 3633 in
1695 3582 1869 3651 furore
1923 3592 2008 3638 tuo

423 3669 608 3724 arguas
629 3673 707 3711 me
735 3657 904 3730 (Psal.
932 3661 986 3716 6.
1018 3664 1094 3732 5).
1124 3663 1272 3731 Quod
1294 3664 1339 3719 si
1369 3666 1460 3721 ille
1496 3668 1587 3737 qui
1624 3672 2006 3728 conscientiam

423 3743 493 3797 ita
519 3760 703 3813 puram
727 3748 989 3819 habebat,
1022 3764 1172 3824 rogat
1198 3769 1266 3809 ne
1293 3770 1514 3826 operum
1541 3774 1765 3816 examen
1787 3777 2007 3818 accura-

423 3842 535 3890 tum
562 3837 655 3893 fiat
687 3857 701 3893 :
736 3842 863 3910 quid
909 3857 1007 3898 nos
1057 3843 1311 3901 faciemus
1351 3848 1442 3917 qui
1481 3857 1560 3904 tot
1587 3851 1740 3906 malis
1787 3853 2007 3910 involuti

423 3940 638 3997 sumus,
668 3940 717 3986 et
743 3940 945 3986 tantum
974 3934 1041 3988 ab
1068 3934 1187 4004 ejus
1225 3936 1417 3992 fiducia
1470 3938 1627 4010 longe
1670 3956 1889 4007 sumus,
1942 3960 2005 4001 ac

424 4036 528 4077 nec
585 4024 1124 4096 quantulamcumque
1161 4027 1278 4094 ejus
1307 4028 1657 4087 confessionis
1686 4044 1887 4102 partem
1915 4050 2010 4091 ex-

424 4111 733 4167 hibuimus?
755 4114 931 4181 Quare
952 4115 1107 4186 igitur
1136 4117 1323 4174 beatus
1352 4120 1441 4175 ille
1490 4121 1569 4177 sic
1609 4125 2005 4182 confitebatur?

423 4200 689 4256 Didicerat
717 4203 921 4259 scilicet
942 4205 1207 4259 neminem
1229 4205 1509 4276 jnstificari
1539 4226 1725 4268 coram
1776 4216 1887 4271 Deo
1908 4258 1923 4282 ,
1950 4227 2008 4272 et

419 4291 614 4361 justum
636 4294 718 4348 vix
736 4295 957 4351 salutem
978 4298 1617 4368 consequi.Quamobrem
1637 4320 1777 4360 nunc
1794 4308 2005 4378 quidem

421 4395 570 4455 rogat
588 4385 792 4452 dicens,
830 4387 951 4442 Non
974 4388 1128 4443 intres
1166 4390 1219 4443 in
1246 4390 1498 4459 judicium
1542 4410 1660 4448 eam
1689 4412 1832 4452 servo
1873 4408 1960 4453 tuo
1988 4402 2005 4433 ⁸

421 4475 592 4543 (Psot.
622 4477 745 4531 142.
770 4478 853 4545 2);
878 4494 1022 4534 nunc
1038 4495 1189 4548 vero,
1218 4481 1457 4537 Miserere
1475 4486 1591 4551 mei,
1622 4486 1860 4559 Domine,
1879 4508 2005 4562 qna-

421 4566 558 4618 niam
586 4566 820 4634 inﬁrmas
836 4585 967 4622 sum.

491 4656 547 4711 5.
576 4656 688 4711 Hoc
715 4660 856 4712 enim
886 4675 983 4729 par
1010 4669 1095 4715 est
1119 4661 1315 4731 ubique
1339 4665 1707 4732 considerare.
1733 4674 2004 4741 quomodo

422 4764 681 4819 nusquam
724 4751 976 4819 praeclara
1023 4764 1174 4821 gesta
1217 4769 1313 4808 sua
1353 4771 1640 4827 memoret,
1682 4763 1779 4818 sed
1827 4766 1878 4820 in
1911 4767 2003 4823 Dei

422 4840 853 4895 misericordiam
901 4843 1126 4897 salutem
1172 4858 1323 4898 suam
1366 4849 1635 4917 conjiciat.
1682 4853 1815 4910 Illud
1858 4860 2001 4913 enim

422 4933 636 4987 contriti
665 4940 748 4987 est
798 4932 997 4997 animi,
1026 4933 1155 4988 illud
1202 4935 1462 4992 humiliati
1508 4943 1755 5009 spiritus,
1788 4946 1917 5002 illud
1949 4950 2002 5003 in

420 5040 579 5079 causa
630 5034 743 5080 erat
767 5025 907 5096 quod
952 5041 1141 5095 magna
1171 5037 1420 5096 Operatus
1468 5032 1586 5099 plus
1614 5052 1773 5104 quam
1815 5056 2003 5108 pecca-

417 5123 565 5170 tores
588 5117 800 5172 timeret
838 5131 901 5171 ae
935 5124 1208 5173 tremeret.
1238 5117 1389 5185 Quod
1416 5128 1593 5177 autem
1640 5134 1895 5184 tremeret
1937 5146 2000 5186 ac

420 5215 682 5261 metueret
710 5208 831 5262 audi
859 5208 1031 5278 ipsum
1062 5206 1328 5263 dicentem
1361 5228 1374 5264 :
1418 5211 1480 5266 Si
1503 5212 1793 5281 iniquitates
1834 5220 2003 5273 obser-

418 5298 628 5357 vaveris,
645 5297 1130 5365 Domine;Domine,
1146 5300 1257 5367 quis
1275 5301 1537 5357 sustinebit
1558 5304 1732 5375 (Psal.
1758 5310 1883 5366 19.9.
1902 5314 1957 5382 ὅ)
1976 5313 2000 5367 ?

419 5386 650 5444 Noverat
677 5393 841 5458 enim,
870 5402 926 5447 et
951 5394 1095 5448 clare
1124 5404 1360 5459 noverat,
1390 5409 1489 5449 nos
1509 5411 1632 5452 esse
1671 5398 1786 5456 Deo
1817 5404 1998 5459 multis

417 5474 611 5530 debitis
631 5479 892 5536 obnoxios
912 5524 927 5547 ,
958 5492 1013 5537 et
1045 5482 1259 5536 minima
1283 5493 1497 5552 peccata
1528 5501 1774 5557 magnam
1804 5495 1995 5548 mereri

420 5578 652 5634 poenam.
685 5570 914 5627 Noverat
960 5573 1048 5627 diu
1077 5582 1201 5628 ante
1243 5574 1519 5643 praescius,
1553 5591 1685 5645 quas
1729 5579 1875 5651 leges
1901 5598 1997 5653 po.

416 5654 612 5710 siturus
636 5669 779 5713 esset
801 5660 1048 5720 Christus
1074 5675 1329 5720 venturus
1354 5682 1367 5717 :
1412 5682 1518 5721 non
1558 5669 1783 5725 caedium
1810 5674 1993 5742 modo,

415 5748 506 5800 sed
536 5748 696 5802 etiam
722 5756 1184 5823 contumeliarum,
1203 5759 1586 5826 conviciorum,
1614 5763 1875 5818 malarum
1905 5781 1997 5821 co-

415 5840 758 5907 gitationum,
788 5841 946 5909 risus,
996 5850 1153 5903 otiosi
1198 5852 1491 5916 sermonis,
1520 5853 1863 5909 scurrilitatis
1884 5898 1898 5922 ,
1929 5874 1991 5913 ac

476 5930 598 6010 35‘?
630 5930 959 6010 PBFEFF_CPFP:»
993 5948 1212 6010 serente
1232 5943 1407 6010 sciebat
1447 5944 1748 6010 ηυοιυιιδιιιδ
1786 5943 1889 6010 ipse
1912 5946 1995 5999 νίτ

412 5990 618 6043 solvatur
632 5990 659 6040 ξ
683 5990 970 6056 (ιῐιαρνοριεν
995 5990 1201 6061 dicebat,
1220 5990 1444 6056 inserere
1460 5990 1578 6058 iiii.

728 6090 999 6153 Parnm.
1049 6090 1165 6153 Gs.
1216 6096 1463 6158 XLVII.

1332 538 1416 592 DE
1444 534 1993 607 COMPUNCTIONE,
2034 543 2124 597 AD
2162 543 2614 606 STELECIIIUM.
2656 554 2782 610 LIB.
2825 559 2887 613 II.

3613 579 3713 633 HR

2138 657 2403 713 minortnn
2450 664 2608 719 ctiam
2659 682 2834 723 rerum
2885 687 3099 742 gravem
3141 678 3257 736 fore
3297 684 3551 744 ultionem
3598 707 3713 747 crn-

2134 748 2316 802 dcbat.
2345 750 2680 827 Quapropter
2708 759 2935 829 Paulus,
2966 770 3065 823 etsi
3094 772 3289 828 nullius
3316 775 3419 831 sibi
3445 783 3711 851 conscius,

2134 838 2350 893 dicebat.
2370 883 2386 904 ,
2420 841 2567 901 Nihil
2594 850 2720 903 mihi
2746 855 2976 909 conscius
3012 875 3123 914 sum
3142 903 3156 925 ,
3187 867 3277 919 sed
3301 884 3400 923 non
3428 871 3480 925 in
3506 872 3603 926 hoc
3625 838 3715 940 ,ἰαί

2133 931 2378 999 stiﬁcatus
2398 951 2509 990 sum
2531 940 2605 1011 (I.
2636 942 2755 998 Car.
2774 946 2829 1001 4.
2850 947 2929 1016 4).
2956 948 3064 1006 Cur
3090 960 3304 1011 autem?
3324 961 3478 1029 Quia,
3505 931 3716 1024 etiamsi

2135 1022 2263 1075 nihil
2292 1026 2414 1080 mali
2441 1028 2686 1102 fecisset,
2724 1054 2896 1109 neque
2924 1045 3069 1100 enim
3112 1047 3332 1119 fecerat,
3361 1055 3574 1111 modum
3620 1060 3716 1112 ho-

2136 1116 2282 1169 noris
2338 1116 2449 1172 Deo
2496 1123 2758 1183 referendi
2830 1132 3135 1203 implevisse
3183 1155 3243 1196 se
3314 1116 3422 1199 non
3473 1150 3713 1216 putabat.

2134 1202 2357 1262 Etiamsi
2387 1211 2529 1266 enim
2568 1222 2867 1276 sexcenties
2897 1230 3219 1297 moriamur,
3248 1236 3456 1292 etiamsi
3499 1253 3714 1295 omnem

2132 1297 2479 1388 exhibeamus
2508 1305 2758 1363 virtutem
2779 1352 2793 1375 ,
2823 1314 2954 1369 nihil
2997 1318 3213 1388 dignum
3239 1326 3513 1385 reddimus
3539 1331 3715 1388 hono-

2132 1386 2299 1455 ribus,
2326 1394 2519 1462 quibus
2544 1412 2574 1452 a
2603 1399 2712 1457 Deo
2732 1403 2908 1460 affecti
2933 1386 3138 1465 sumus.

2199 1482 2297 1539 Dei
2334 1491 2648 1557 providentia
2670 1513 2788 1569 erga
2822 1501 3090 1560 hominem.
3116 1536 3188 1547 —
3208 1506 3341 1566 Vide
3383 1514 3527 1569 enim
3574 1534 3708 1587 quo-

2128 1575 2309 1643 modo,
2341 1594 2461 1635 cum
2492 1585 2640 1639 nullo
2664 1603 2729 1643 ex
2757 1596 2954 1650 nostris
2974 1607 3177 1668 egeret,
3209 1601 3304 1656 sed
3333 1603 3431 1658 sibi
3462 1606 3575 1676 ipse
3602 1610 3711 1663 suf-

2130 1666 2334 1734 ficeret,
2371 1688 2477 1727 non
2520 1678 2809 1735 existentes
2857 1700 2954 1741 nos
2996 1690 3225 1748 existere
3274 1693 3431 1759 fecit,
3476 1701 3708 1755 animant

2130 1755 2407 1827 inspiravit
2431 1765 2643 1832 qualem
2674 1771 2806 1826 nulli
2835 1789 2901 1829 ex
2931 1783 3157 1835 terrenis
3181 1784 3518 1855 animalibus,
3551 1806 3709 1860 para-

2126 1847 2300 1906 disum
2328 1853 2607 1924 plantavit,
2636 1863 2826 1920 caelum
2864 1871 3121 1936 extendit,
3154 1883 3346 1932 terram
3392 1847 3704 1953 substravit,

2129 1940 2407 2001 lmninaria
2436 1952 2679 2007 accendit
2722 1956 3023 2026 Splendida,
3054 1970 3251 2019 terram
3296 1970 3518 2039 stagnis,
3545 1940 3707 2029 fonti:

2124 2033 2243 2096 Ιηις,
2290 2035 2619 2109 fluminibus,
2665 2044 2888 2104 floribus
2928 2061 2982 2106 et
3028 2055 3223 2123 plantis
3259 2063 3487 2128 ornavit,
3517 2067 3707 2122 czelum

2123 2127 2269 2181 vario
2308 2140 2574 2187 astrorum
2629 2136 2796 2193 choro
2824 2140 3104 2214 distinxit,
3138 2159 3349 2207 noctem
3395 2171 3500 2211 non
3531 2159 3710 2215 minus

2122 2232 2280 2285 quam
2309 2219 2451 2275 diem
2499 2223 2684 2280 utilem
2732 2228 2857 2285 fecit
2902 2244 3119 2304 propter
3143 2240 3376 2308 quietem
3424 2253 3480 2300 et
3505 2249 3646 2304 vires
3676 2266 3705 2304 a

2123 2319 2313 2362 somno
2340 2324 2633 2380 reparatas.
2663 2318 2793 2373 Nam
2821 2336 3042 2380 somnus
3069 2344 3175 2383 non
3207 2332 3384 2389 minus
3407 2350 3563 2405 quam
3593 2340 3701 2395 cibi

2122 2410 2349 2466 corpora
2375 2412 2558 2458 nostra
2580 2407 2695 2473 alit,
2721 2420 2778 2464 ut
2792 2413 2877 2466 vel
2908 2414 3031 2470 inde
3058 2418 3231 2486 palam
3257 2430 3360 2488 est,
3386 2427 3525 2494 quod
3554 2427 3710 2483 famis

2124 2491 2338 2559 quidem
2389 2496 2586 2553 multas
2608 2512 2753 2570 satpe
2781 2501 2898 2559 dies
2924 2506 3138 2564 tolerari
3189 2491 3464 2571 videamus
3508 2519 3709 2591 absque

2123 2594 2312 2637 somno
2334 2594 2511 2641 autem
2547 2589 2635 2644 vix
2675 2606 2891 2660 paucas.
2923 2596 3018 2654 Ille
3047 2603 3236 2672 estqui
3262 2604 3367 2661 diei
3394 2589 3661 2666 flammam
3687 2654 3703 2679 ,

2121 2674 2233 2729 sive
2260 2691 2326 2731 ex
2379 2679 2530 2734 radio
2573 2683 2756 2754 solari,
2787 2689 2900 2746 sive
2925 2706 2994 2745 ex
3024 2692 3230 2750 diurnis
3268 2697 3539 2755 laboribus
3578 2719 3704 2773 pro-

2120 2769 2316 2832 veniat.
2342 2771 2625 2844 refrigerat
2649 2789 2703 2833 et
2729 2779 3007 2851 dissolvit,
3036 2786 3220 2859 sicque
3246 2805 3345 2845 nos
3372 2769 3592 2865 vegetos
3618 2813 3707 2854 re-

2120 2860 2294 2916 stituit
2320 2873 2374 2918 et
2396 2866 2659 2925 adeundis
2698 2872 2890 2929 iterum
2933 2877 3207 2936 laboribus
3234 2896 3394 2951 pares
3421 2860 3703 2959 :vhyberua

2118 2970 2247 3010 vero
2274 2965 2589 3028 tempestate
2615 2979 2717 3020 nox
2742 2966 2982 3039 longiore
3001 2986 3161 3028 cursu
3184 2975 3303 3045 plus
3327 2977 3483 3034 nobis
3500 2983 3707 3038 confert

2117 3045 2319 3115 requiei
2349 3056 2403 3102 et
2428 3049 2629 3119 solatii,
2676 3054 2805 3111 dum
2836 3072 2935 3113 nos
2979 3060 3079 3115 sub
3105 3071 3245 3119 tecto
3281 3082 3499 3125 manere
3540 3074 3702 3144 eogit.

2117 3134 2379 3194 Tenebrae
2404 3150 2579 3197 autem
2622 3158 2726 3199 non
2756 3146 2949 3204 frustra
2976 3167 3075 3208 nec
3098 3163 3298 3213 temere
3327 3158 3451 3215 huic
3480 3167 3700 3234 tempori

2116 3225 2385 3296 deputata:
2405 3240 2531 3286 sunt
2553 3234 2667 3300 ,sed
2690 3252 2785 3307 pro
2808 3240 2996 3310 majori
3019 3244 3219 3313 quiete.
3242 3225 3699 3314 Quemadmodum

2116 3318 2263 3372 enim
2291 3330 2489 3378 matres
2513 3326 2678 3393 prolis
2705 3341 2946 3388 amantes
2965 3375 2982 3401 ,
3017 3350 3141 3391 cum
3174 3341 3451 3410 vagientes
3476 3345 3703 3403 infantes

2115 3409 2182 3463 ad
2222 3409 2456 3481 quietem
2506 3428 2816 3488 provocant,
2852 3423 2995 3481 ulnis
3038 3409 3368 3499 complexos,
3417 3437 3701 3507 tunicaque

2115 3501 2302 3556 oculos
2354 3519 2539 3560 eorum
2585 3512 2890 3579 operientes
2943 3514 3184 3574 dormire
3234 3520 3487 3578 faciunt:
3542 3527 3619 3581 sic
3643 3538 3699 3582 ct

2118 3593 2260 3650 Deus
2296 3605 2564 3668 tamquam
2603 3604 2845 3660 velamen
2874 3609 3142 3678 quoddam
3189 3613 3440 3671 tenebras
3490 3633 3585 3688 per
3612 3635 3700 3674 or-

2116 3684 2238 3740 bem
2264 3691 2595 3757 expandens,
2627 3692 2870 3753 homines
2892 3714 2923 3754 a
2952 3700 3228 3760 laboribus
3251 3684 3527 3776 quiescere
3553 3709 3697 3767 facit.

2113 3776 2223 3832 Nisi
2252 3780 2394 3834 enim
2427 3783 2497 3836 ita
2524 3795 2703 3852 esset,
2734 3788 2917 3845 nimiis
2943 3794 3173 3864 negotiis
3210 3797 3298 3852 vel
3340 3802 3579 3868 pecuniae
3607 3818 3699 3858 co-

2112 3869 2300 3937 genda:
2320 3872 2613 3942 cupiditate
2643 3892 2830 3935 omnes
2855 3881 3316 3943 distraheremur:
3348 3906 3491 3947 nunc
3518 3903 3696 3950 autem

2114 3975 2212 4015 nos
2259 3962 2345 4018 vel
2376 3966 2570 4023 invitos
2606 3972 2885 4028 remittere
2926 3976 3150 4033 sudores
3194 3978 3356 4047 facit;
3388 3998 3489 4038 nec
3531 3985 3694 4041 modo

2112 4055 2429 4123 corporibus
2446 4097 2462 4125 ,
2492 4060 2585 4115 sed
2615 4062 2777 4119 etiam
2802 4065 3018 4134 animis,
3046 4084 3154 4125 non
3192 4073 3370 4129 minus
3390 4091 3551 4146 quam
3576 4092 3698 4132 cor-

2113 4146 2358 4214 poribus,
2407 4151 2644 4221 quietem
2692 4155 2780 4211 hic
2823 4173 3007 4214 rerum
3055 4161 3192 4218 ordo
3239 4176 3512 4235 procurat.
3558 4169 3694 4237 Quid

2113 4240 2256 4293 enim
2277 4240 2490 4297 dicatur
2503 4244 2571 4299 de
2594 4249 2849 4317 temporis
2870 4250 3030 4321 hujus
3046 4254 3224 4323 quiete
3240 4266 3291 4311 et
3312 4260 3695 4329 tranquillitate

2112 4340 2169 4386 et
2212 4336 2481 4402 quomodo
2510 4340 2688 4392 omnia
2732 4341 2947 4399 silentio
2994 4345 3148 4415 plena
3175 4356 3231 4402 et
3273 4351 3500 4405 tumultu
3529 4367 3692 4407 vacua

2112 4423 2237 4488 sint,
2268 4424 2573 4497 nulliusque
2600 4446 2700 4485 vox
2729 4434 2975 4490 audiatur
2997 4439 3141 4493 velut
3170 4439 3223 4494 in
3254 4440 3363 4507 die,
3392 4443 3480 4497 ubi
3508 4445 3594 4499 alii
3626 4446 3693 4499 dc.

2112 4525 2850 4591 paupertateconqueruntur,
2879 4527 2966 4581 alii
2994 4528 3247 4587 damnum
3277 4533 3378 4589 sibi
3416 4536 3689 4606 importari

2111 4609 2361 4674 clamant,
2392 4611 2481 4665 alii
2514 4614 2731 4669 morbos
2757 4618 3055 4690 mutilaque
3078 4636 3303 4693 corpora
3333 4626 3534 4695 lugent.
3566 4643 3691 4698 pars

2111 4698 2529 4767 propinquorum
2559 4714 2819 4773 mortem,
2852 4724 2977 4779 pars
3017 4710 3275 4781 jacturam
3316 4717 3685 4785 pecuniarum,

2109 4790 2197 4842 alii
2221 4789 2482 4847 lmmanas
2502 4794 2634 4850 alias
2657 4811 2943 4863 aerumnas,
2970 4816 3087 4871 quae
3112 4816 3239 4858 sane
3262 4804 3507 4873 plurimae
3531 4821 3649 4864 sunt
3676 4830 3688 4863 :

2108 4896 2173 4934 ex
2196 4881 2388 4949 quibus
2413 4885 2662 4939 omnibus
2679 4888 2839 4942 veluti
2863 4892 3108 4959 procellis
3123 4894 3379 4964 eripiens,
3403 4898 3690 4955 lmmannm

2107 4985 2271 5038 genus
2294 4971 2359 5025 ad
2386 4983 2596 5041 portum
2624 4990 2776 5031 suum
2798 4994 2900 5035 nox
2932 4984 3139 5053 recipit.
3166 4985 3289 5042 Haec
3313 4989 3466 5045 nobis
3485 5006 3513 5044 a
3537 5005 3691 5048 nocte

2107 5061 2243 5115 bona
2296 5064 2675 5135 conferuntur,
2724 5086 2755 5125 a
2804 5070 2894 5128 die
2948 5084 3126 5131 autem
3178 5078 3300 5146 illa,
3330 5096 3449 5151 qua:
3491 5084 3691 5139 scimus

2106 5154 2361 5209 universi.
2392 5156 2528 5225 Quid
2556 5176 2685 5216 vero
2711 5163 2922 5219 dicatur
2958 5166 3026 5221 de
3051 5172 3359 5226 commercii
3402 5172 3691 5231 facultate?

2105 5245 2313 5300 Etenitn
2346 5264 2411 5303 ne
2434 5250 2682 5307 itinerum
2713 5254 2989 5325 longitudo
3016 5273 3114 5312 nos
3142 5274 3172 5312 a
3202 5272 3389 5317 mutuo
3412 5269 3691 5323 consortio

2103 5346 2391 5405 averteret,
2423 5341 2719 5399 breviorem
2743 5347 2894 5401 nobis
2916 5349 3056 5403 viam
3088 5367 3235 5409 mare
3261 5355 3465 5412 scilicet
3492 5357 3689 5432 ubique

2104 5444 2200 5499 per
2227 5431 2412 5487 orbem
2434 5435 2571 5490 Deus
2590 5435 2817 5503 diffudit,
2846 5449 2903 5493 ut
2927 5441 2978 5495 in
3003 5444 3131 5499 orbe
3153 5454 3264 5501 toto
3282 5449 3429 5518 quasi
3457 5450 3507 5503 in
3524 5452 3687 5506 domo

2104 5536 2205 5575 una
2252 5522 2584 5594 habitantes,
2631 5529 2708 5583 sic
2750 5528 3059 5601 frequenter
3098 5536 3364 5605 possimus
3416 5539 3505 5594 alii
3554 5543 3682 5597 alios

2103 5616 2272 5680 adire,
2307 5628 2368 5672 ut
2395 5632 2488 5672 sua
2518 5623 2715 5693 quique
2741 5627 3018 5681 commoda
3061 5631 3319 5697 proximis
3348 5637 3460 5691 suis
3490 5636 3679 5707 singuli

2104 5706 2393 5776 tradentes,
2416 5710 2587 5766 aliena
2635 5723 2820 5769 mutuo
2864 5718 3141 5786 recipiant,
3171 5730 3226 5776 et
3269 5738 3483 5792 parvam
3527 5735 3682 5781 terrm

2105 5800 2398 5867 portionem
2431 5815 2777 5875 occupantes,
2812 5808 3059 5864 omnibus
3086 5813 3281 5884 ubique
3310 5818 3499 5885 positis
3528 5819 3679 5873 bonis

2101 5893 2250 5961 quasi
2295 5894 2495 5950 domini
2552 5900 2823 5967 potiantur
2869 5921 2882 5957 :
2938 5909 3383 5973 quemadmodum
3434 5912 3487 5967 in
3541 5914 3675 5968 lauta

2103 6000 2282 6041 mensa
2310 5988 2527 6058 singulis
2557 5994 2812 6062 convivis,
2838 6010 2955 6065 qua:
2980 6010 3101 6056 ante
3132 6017 3189 6056 se
3222 6004 3385 6069 posita
3414 6015 3537 6060 sunt
3566 6008 3675 6062 aliis

3237 6109 3315 6170 21s
