4532 6702
881 635 984 695 H9

889 762 1044 832 longe
1069 760 1287 817 remotis
1307 759 1456 825 dare,
1484 766 1538 813 et
1566 757 1633 813 ab
1663 757 1786 823 illis,
1817 771 1934 825 qua:
1961 769 2124 826 penes
2151 768 2210 808 se
2234 751 2451 810 habent,

889 861 1106 908 extensa
1133 850 1300 905 solum
1329 865 1489 902 manu
1516 849 1758 917 accipere
1781 845 1922 899 licet.
1957 844 2110 911 Quod
2137 845 2180 898 si
2210 841 2326 912 quis
2353 838 2457 893 alia

891 957 1137 996 sermone
1159 939 1405 1009 persequi
1427 939 1728 1000 (exulaverit,
1761 934 2208 1004 inlongitudinem
2236 931 2460 985 immen-

890 1046 1003 1084 sam
1049 1030 1265 1092 incidet.
1302 1043 1400 1083 nec
1427 1029 1508 1082 vel
1557 1028 1798 1096 exiguam
1839 1035 2043 1092 partem
2074 1023 2330 1090 attingere
2366 1032 2458 1088 po-

891 1122 1055 1176 terit:
1081 1119 1347 1190 quomodo
1386 1119 1527 1173 enim
1549 1158 1563 1182 ,
1596 1118 1754 1170 homo
1781 1130 1900 1169 cum
1952 1116 2054 1181 sit,
2084 1115 2339 1168 infinitam
2367 1109 2461 1164 Dei

892 1210 1202 1280 sapientiam
1229 1208 1404 1262 metiri
1441 1205 1815 1276 aggrediatur?
1839 1205 2022 1275 Cogita
2063 1204 2271 1258 interim
2315 1201 2464 1269 plan—

895 1309 1067 1355 tarum
1115 1299 1461 1363 varietatem,
1510 1296 1926 1361 fructiferarum,
1981 1295 2460 1356 infructuosarum,

894 1406 1076 1445 earum
1102 1405 1221 1459 quze
1251 1389 1305 1443 in
1333 1388 1562 1443 desertis
1583 1430 1597 1454 ,
1627 1403 1746 1458 qua:
1776 1388 1829 1442 in
1853 1388 1996 1456 agris
2024 1386 2196 1449 cultis,
2235 1383 2287 1436 in
2313 1397 2466 1435 mon-

900 1480 1063 1544 tibus,
1097 1479 1148 1532 in
1169 1479 1387 1547 planitie
1419 1496 1432 1532 :
1464 1479 1741 1533 considera
1772 1477 2131 1531 diversitatem
2168 1475 2220 1528 in
2247 1473 2466 1528 semini-

897 1571 1019 1636 bus,
1051 1569 1102 1622 in
1133 1569 1385 1632 oleribus,
1418 1568 1471 1622 in
1497 1568 1749 1633 floribus,
1775 1567 1825 1619 in
1859 1565 2177 1618 animalibus
2203 1566 2470 1618 terrestri—

898 1663 1030 1727 bus,
1061 1662 1112 1714 in
1135 1660 1416 1729 amphibiis
1439 1701 1453 1724 ,
1488 1661 1539 1712 in
1567 1659 1873 1712 natatilibus
1902 1675 1915 1710 :
1941 1656 2209 1726 perpende
2235 1657 2460 1712 visibilia

899 1753 1075 1806 omnia
1105 1763 1320 1820 propter
1363 1767 1459 1804 nos
1487 1750 1623 1804 facta
1645 1792 1660 1817 ,
1687 1750 1895 1815 czelum,
1927 1758 2124 1804 terram
2145 1791 2160 1816 ,
2200 1764 2366 1813 mare,
2415 1757 2472 1802 et

900 1846 1077 1898 omnia
1108 1859 1226 1914 qua:
1272 1844 1324 1897 in
1350 1844 1428 1898 eis
1453 1853 1594 1897 sunt.
1623 1841 2076 1910 Quemadmodum
2103 1841 2244 1895 enim
2275 1840 2317 1892 si
2351 1841 2470 1910 quis

900 1934 1100 2005 regiam
1144 1934 1474 2003 splendidam
1528 1933 1918 1995 construxerit,
1965 1931 2132 1986 multo
2185 1929 2467 2000 fulgentem

900 2040 1032 2079 auro
1053 2066 1066 2090 ,
1095 2027 1260 2079 multo
1286 2041 1610 2094 gemmarum
1655 2025 1827 2078 nitore
1858 2042 1870 2075 :
1905 2025 1974 2076 ita
2015 2021 2266 2076 mundum
2307 2021 2468 2073 fabri-

900 2125 1048 2169 catus
1080 2115 1240 2177 Deus,
1283 2115 1550 2168 hominem
1595 2114 1902 2177 introduxit,
1930 2120 1988 2165 ut
2033 2113 2084 2166 in
2133 2111 2248 2164 lucc
2291 2110 2467 2163 omnia

901 2222 1120 2276 regnum
1146 2207 1428 2261 obtineret.
1461 2206 1715 2275 Quodque
1755 2206 1910 2274 longe
1945 2205 2237 2258 mirabilius
2273 2205 2325 2257 in
2371 2202 2470 2258 hac

903 2297 1064 2350 domo
1090 2308 1190 2360 est,
1214 2313 1317 2351 non
1345 2314 1410 2351 ex
1452 2297 1714 2366 lapidibus
1754 2305 1948 2350 tectum
1979 2296 2341 2359 concinnavit,
2375 2294 2471 2348 sed

904 2401 971 2440 ex
1006 2387 1108 2439 alia
1140 2388 1452 2455 pretiosiore
1481 2388 1700 2443 materia
1737 2387 1994 2454 condidit,
2023 2401 2195 2456 neque
2219 2386 2470 2440 candela-

903 2473 987 2529 bri
1025 2477 1170 2530 aurei
1197 2476 1464 2531 flammam
1499 2478 1780 2544 accendit,
1809 2478 1902 2533 sed
1946 2492 2174 2548 superne
2203 2477 2474 2546 lampadas

903 2578 1131 2632 ponens,
1159 2581 1251 2620 eas
1279 2582 1370 2635 per
1415 2566 1603 2620 domus
1629 2576 1824 2621 tectum
1853 2569 2152 2622 discurrere
2175 2567 2352 2636 jussit,
2403 2566 2473 2619 ita

906 2666 964 2710 ut
989 2657 1040 2710 id
1072 2672 1174 2710 non
1206 2657 1332 2711 utile
1359 2658 1518 2712 modo
1546 2669 1708 2724 esset,
1737 2658 1828 2711 sed
1861 2673 2102 2727 magnam
2132 2659 2291 2712 etiam
2324 2657 2475 2710 nobis

911 2758 1120 2815 pareret
1148 2748 1492 2817 voluptatem,
1545 2749 1900 2816 pavimentum
1942 2755 2119 2801 autem
2165 2749 2331 2800 instar
2360 2747 2474 2816 opi-

906 2849 1052 2904 parte
1082 2851 1280 2890 mensre
1306 2836 1588 2889 adornavit
1614 2854 1626 2888 :
1657 2845 1710 2890 et
1735 2836 1849 2889 hmc
1874 2835 2098 2904 praabuit
2128 2837 2197 2902 ei,
2226 2837 2314 2905 qui
2345 2835 2476 2889 nihil

908 2925 1081 2980 adhuc
1101 2926 1226 2980 boui
1252 2926 1581 2979 exhibuerat.
1603 2925 1976 2980 Verumtamen
2004 2934 2124 2995 post
2149 2934 2294 2979 tanta
2316 2925 2474 2990 dona,

909 3031 1030 3068 cum
1058 3031 1178 3084 erga
1222 3016 1512 3070 beneficum
1538 3015 1696 3070 homo
1739 3031 1796 3071 se
1825 3017 2087 3086 ingratum
2133 3017 2474 3086 praebuisset,

908 3120 1015 3157 non
1045 3104 1163 3158 ideo
1202 3105 1349 3158 illum
1391 3104 1596 3160 honore
1638 3107 1892 3174 privavit,
1923 3107 2018 3161 sed
2047 3107 2247 3176 expulit
2275 3116 2475 3161 tantum

909 3211 976 3251 ex
1001 3197 1265 3266 paradiso,
1291 3206 1450 3267 atque
1471 3198 1549 3252 sic
1574 3198 1867 3267 castigavit,
1889 3208 1944 3252 ut
1967 3199 2227 3268 ingratum
2245 3198 2479 3252 animum

913 3291 1051 3344 ultra
1074 3289 1363 3359 procedere
1387 3290 1682 3354 cohiberet,
1711 3299 1764 3345 et
1782 3290 1854 3344 ad
1883 3291 2062 3360 pejora
2089 3290 2356 3346 declinare
2378 3291 2478 3343 im-

913 3379 1137 3448 pediret.
1169 3378 1294 3432 Haec
1333 3394 1490 3448 porro
1517 3379 1695 3432 omnia
1715 3419 1731 3445 ,
1763 3379 1949 3448 hisque
1979 3380 2158 3449 plura,
2187 3394 2366 3434 secum
2395 3395 2479 3434 re-

911 3477 1103 3537 putans
1138 3469 1430 3539 apostolus,
1458 3476 1642 3539 utpote
1671 3470 1854 3524 divino
1895 3480 2071 3524 motus
2100 3470 2330 3538 Spiritu,
2361 3485 2479 3539 qua:

911 3559 978 3612 ab
1027 3559 1198 3624 initio,
1251 3574 1372 3628 qua:
1413 3559 1674 3628 quotidie,
1702 3575 1822 3629 qua:
1865 3559 1917 3614 in
1959 3559 2216 3629 singulos,
2261 3574 2381 3629 quae
2423 3560 2477 3613 in

912 3663 1100 3702 omnes
1139 3647 1315 3713 simul,
1361 3663 1479 3719 quae
1526 3649 1723 3719 palam,
1770 3665 1887 3719 qua:
1933 3649 2264 3714 clanculum,
2314 3650 2480 3705 multo

912 3739 1062 3810 plura
1094 3739 1174 3805 iis,
1205 3754 1324 3809 quae
1364 3740 1642 3795 manifesta
1673 3750 1829 3807 sunt;
1859 3742 1986 3796 item
2030 3756 2148 3811 qua:
2186 3740 2478 3795 secundum

918 3831 1269 3886 oeconomiam
1297 3832 1554 3902 unigeniti
1580 3832 1698 3887 Filii
1729 3834 1843 3898 Dei,
1874 3834 2048 3887 futura
2078 3849 2287 3904 quoque
2316 3833 2476 3897 bona,

912 3930 967 3975 et
991 3921 1166 3974 omnia
1191 3921 1401 3976 demum
1424 3923 1877 3993 circumspiciens,
1901 3933 2058 3994 atque
2077 3924 2480 3980 inenarrabilem

919 4011 1011 4066 Dei
1037 4022 1272 4066 amorem
1319 4014 1551 4083 undique
1577 4016 1832 4085 colligens
1861 4026 1915 4071 et
1955 4016 2222 4086 cogitans,
2250 4017 2399 4085 quasi
2427 4018 2480 4071 in

919 4104 1235 4158 immensum
1278 4105 1495 4176 pelagus
1542 4107 1824 4177 delapsus,
1878 4108 1956 4162 sic
1998 4108 2216 4162 edidicit
2265 4115 2393 4176 quot
2431 4117 2485 4162 et

920 4195 1130 4264 quantis
1157 4205 1298 4251 esset
1325 4198 1618 4252 rationibus
1643 4198 1927 4252 reddendis
1953 4198 2232 4261 obnoxius,
2261 4212 2482 4266 quarum

921 4300 991 4339 ne
1033 4285 1303 4340 minimam
1353 4296 1556 4355 partem
1605 4288 1857 4343 exhibere
1885 4296 2111 4356 poterat.
2153 4288 2487 4356 QuaprOpter

923 4378 1046 4431 talia
1069 4377 1400 4447 loquebatur,
1435 4388 1488 4433 et
1514 4380 1732 4434 minima
1777 4380 1988 4450 quidem
2033 4389 2249 4449 peccata
2297 4394 2487 4449 magna

920 4483 1040 4524 cum
1082 4470 1356 4540 diligentia
1382 4473 1737 4538 scrutabatur,
1769 4484 1915 4529 recte
1957 4473 2092 4528 facta
2134 4481 2309 4528 autem
2355 4474 2490 4528 obli-

922 4560 1064 4614 vioni
1093 4561 1390 4614 mandabat.
1424 4562 1528 4617 Sed
1555 4579 1660 4618 non
1687 4564 1903 4633 perinde
1920 4581 2038 4628 nos,
2059 4565 2146 4635 qui
2174 4565 2490 4619 delictorum

925 4649 1159 4720 quidem,
1207 4650 1330 4706 licet
1373 4653 1534 4706 multa
1583 4670 1877 4724 magnaque
1917 4657 2038 4720 sint,
2084 4672 2184 4710 nec
2224 4658 2488 4711 rationem

928 4740 1205 4808 habemus,
1238 4756 1336 4796 nec
1351 4743 1676 4796 mentionem
1705 4744 1924 4797 facimus
1949 4762 1962 4797 :
1989 4747 2031 4798 si
2056 4746 2180 4814 quid
2207 4756 2382 4801 autem
2403 4747 2489 4802 vel

925 4833 1201 4886 minimum
1227 4833 1351 4888 boni
1375 4834 1677 4900 fecerimus,
1701 4834 1753 4888 id
1781 4834 1918 4888 ultro
1947 4836 2184 4905 citroque
2204 4839 2487 4905 jactamus,

925 4941 1024 4980 nec
1058 4927 1202 4994 prius
1227 4926 1459 4996 jaCtandi
1488 4937 1543 4983 et
1569 4927 1832 4998 gloriandi
1873 4927 2032 4982 finem
2061 4926 2302 4993 facimus,
2336 4943 2494 4997 quam

926 5033 1149 5088 parvum
1194 5019 1317 5073 illud
1349 5035 1441 5088 per
1487 5023 1840 5090 arrogantiam
1880 5021 2174 5079 deleamus.
2206 5020 2330 5075 Hmc
2368 5023 2494 5076 item

935 5108 1267 5179 perpendens
1307 5108 1468 5162 David
1498 5110 1514 5140 ¹
1558 5109 1804 5165 dicebat:
1851 5111 1986 5178 Quid
2028 5123 2099 5166 est
2148 5113 2317 5178 homo,
2361 5112 2496 5181 quod

930 5217 1120 5253 memor
1144 5216 1193 5253 ea
1218 5200 1326 5269 ejus
1359 5197 1525 5270 (Psal.
1551 5201 1603 5255 8.
1622 5201 1700 5269 5).
1727 5201 1908 5270 Neque
1933 5203 1984 5256 id
2015 5206 2209 5270 solum,
2239 5205 2332 5258 sed
2360 5207 2380 5236 ³
2409 5205 2492 5259 in-

928 5301 1135 5359 gratum
1183 5291 1419 5345 animum
1463 5291 1578 5359 ejus
1617 5291 1864 5346 incusans
1908 5293 2160 5347 dicebat:
2195 5296 2362 5349 Homo
2384 5314 2496 5350 cum

930 5383 983 5433 in
1005 5381 1195 5435 honore
1220 5391 1364 5448 esset,
1393 5397 1494 5435 non
1515 5382 1755 5436 intellexit
1781 5398 1799 5436 :
1825 5394 2140 5453 comparatus
2163 5396 2236 5438 est
2253 5387 2497 5454 jumentis

930 5471 1275 5540 insipientibus
1294 5513 1308 5538 ,
1340 5483 1385 5526 et
1411 5473 1588 5527 similis
1615 5476 1776 5545 factus
1805 5484 1875 5529 est
1899 5477 1970 5529 eis
1993 5474 2163 5544 (Psal.
2193 5477 2282 5530 48.
2317 5479 2427 5550 15).

1003 5561 1057 5614 6.
1087 5560 1214 5615 Illud
1242 5563 1372 5632 grati
1414 5561 1595 5617 famuli
1623 5573 1740 5629 est,
1762 5565 2014 5620 beneficia
2062 5565 2308 5619 omnibus
2346 5568 2502 5623 simul

932 5650 1123 5704 collata
1145 5692 1160 5715 ,
1191 5653 1286 5706 sibi
1320 5654 1528 5722 propria
1556 5654 1859 5709 existimare
1882 5695 1896 5718 ,
1926 5664 2084 5725 atque
2111 5656 2178 5708 ita
2222 5655 2500 5710 sollicitum

932 5756 1052 5796 esse
1076 5756 1139 5797 ac
1167 5742 1212 5795 si
1244 5744 1478 5799 omnium
1507 5743 1713 5801 debitor
1735 5754 1893 5801 esset.
1933 5747 2085 5814 Quod
2110 5747 2269 5802 etiam
2311 5742 2505 5801 Paulus

999 5965 1020 6037 ξ
1051 5963 1558 6037 εἰίξὴυονςιζτνοῐθβθνίι..
1582 5965 1672 6018 sed
1700 5965 1849 6030 Colb.,
1875 5963 1978 6019 hcc
1994 5967 2291 6032 perpendens
2303 5968 2480 6032 justus.

999 6033 1027 6072 ³
1053 6030 1178 6087 oath.
1201 6030 1346 6091 addit,
1369 6030 1541 6081 iterm

1688 627 1746 683 S.
1789 627 1980 684 JOAN.
2013 623 2401 684 CHRYSOST.
2443 623 2761 680 ARCll'EP.
2794 617 3339 680 CONSTANTINOP.

4023 617 4141 672 ἁΞο

2561 746 2786 803 faciebat
2814 748 2831 818 (
2859 764 2888 802 e
2914 763 2972 800 rc
3000 762 3225 817 namque
3246 743 3400 798 fuerit
3429 741 3572 797 illum
3600 740 3772 796 denuo
3797 756 4140 798 commemo-

2558 839 2722 909 rare),
2745 854 2864 895 cum
2883 837 3298 891 dicitDominum
3323 853 3416 904 pro
3435 849 3493 889 se
3515 842 3773 887 mortuum
3797 847 3914 888 esse
3939 852 3953 886 :
3983 834 4145 897 Quod

2559 939 2748 992 autem,
2771 929 2958 998 inquit,
2981 943 3111 979 nunc
3135 928 3240 978 vivo
3261 927 3311 978 in
3337 942 3503 990 carne,
3535 925 3586 977 in
3613 923 3712 990 ﬁde
3736 923 3840 974 uiuo
3868 922 3992 974 Filii
4016 922 4142 980 Dei.

2561 1022 2648 1087 qui
2664 1023 2837 1076 dilexit
2853 1036 2946 1082 me,
2969 1028 3014 1072 et
3028 1017 3233 1069 tradidit
3246 1020 3413 1070 temeti
3418 1034 3556 1084 psunt
3576 1031 3664 1084 pro
3680 1030 3755 1066 me
3773 1010 3913 1081 (Gal.
3937 1013 3995 1064 2.
4013 1012 4140 1079 20).

2564 1109 2691 1165 Haec
2729 1126 2886 1180 porro
2914 1107 3120 1164 dicebat
3148 1120 3253 1159 non
3284 1117 3340 1159 ut
3366 1105 3562 1160 Christi
3601 1105 3796 1158 donum
3837 1102 4142 1156 contrahe—

2563 1209 2666 1266 ret,
2693 1201 2786 1255 sed
2814 1210 2872 1255 ut
2893 1198 3066 1271 quoad
3088 1205 3274 1262 totum,
3303 1211 3360 1250 se
3381 1197 3665 1250 obnoxium
3688 1195 4056 1254 constitueret,
4080 1200 4147 1244 et

2564 1291 2789 1359 singulis
2817 1301 2875 1345 ut
2899 1291 2975 1346 sic
3001 1288 3173 1345 affecti
3210 1294 3390 1340 essent
3420 1287 3777 1353 persuaderet.
3805 1284 3935 1339 Nam
3961 1283 4008 1336 si
4042 1295 4147 1350 pro

2565 1397 2673 1436 uno
2701 1389 2903 1435 tantum
2934 1381 3145 1436 homine
3172 1376 3400 1430 venisset
3436 1375 3675 1428 Christus
3698 1416 3712 1440 ,
3745 1389 3849 1428 non
3890 1373 4012 1426 ideo
4041 1371 4144 1424 mi-

2567 1479 2817 1526 nueretur
2841 1470 3059 1536 donum,
3083 1469 3173 1525 sed
3200 1467 3366 1536 majus
3385 1478 3500 1519 esse
3519 1465 3970 1533 comprobaretur.
3995 1463 4149 1527 Quo-

2568 1562 2760 1616 modo?
2779 1561 2910 1627 Quia
2948 1577 3043 1629 pro
3077 1576 3181 1613 uno
3206 1567 3404 1612 tantam
3432 1551 3842 1607 sollicitudinem
3885 1553 4147 1606 habuisse

2567 1652 2852 1713 videretur,
2874 1659 3120 1718 quantam
3149 1649 3256 1714 ille,
3277 1645 3366 1715 qui
3388 1658 3540 1698 unam
3562 1655 3713 1694 ovem
3735 1656 3997 1708 quzerens,
4021 1640 4151 1693 ideo

2572 1740 2878 1796 turbabatur
2911 1746 2965 1793 et
3005 1737 3184 1792 flebat.
3216 1737 3271 1791 Si
3299 1736 3438 1789 enim
3464 1733 3526 1799 ii,
3555 1729 3641 1800 qui
3674 1729 3924 1798 pecunias
3951 1741 4152 1782 mutuo

2570 1837 2922 1903 acceperunt,
2955 1843 3053 1882 nec
3079 1827 3332 1882 solvendo
3352 1837 3504 1896 pares
3546 1829 3670 1876 sunt
3696 1861 3711 1886 ,
3739 1818 3830 1873 sed
3864 1819 3914 1872 in
3945 1835 4152 1887 magno

2569 1926 2691 1980 acris
2737 1922 2896 1978 alieni
2943 1920 3206 1990 profundo
3247 1919 3508 1980 demersi,
3552 1929 3653 1970 nec
3686 1911 4004 1973 comedunt,
4040 1927 4153 1966 nec

2569 2015 2858 2079 dormiunt,
2887 2012 3240 2067 sollicitudine
3266 2009 3547 2066 excruciati
3576 2026 3588 2061 :
3609 2009 3781 2077 justus
3804 2005 3890 2074 qui
3916 2003 4061 2056 videt
4083 2019 4154 2057 se

2571 2122 2674 2160 non
2706 2121 2800 2175 pro
2822 2105 3077 2174 pecuniis.
3102 2103 3192 2158 sed
3222 2118 3320 2170 pro
3344 2099 3662 2155 facinoribus
3681 2111 3798 2151 esse
3818 2095 4150 2157 debitorem,

2569 2197 2695 2267 quid
2723 2212 2826 2251 non
2852 2194 3110 2264 patiatur?
3135 2193 3239 2248 Sed
3261 2207 3358 2247 nos
3379 2207 3480 2245 non
3500 2191 3590 2254 ita;
3612 2202 3732 2242 nam
3760 2188 3800 2239 si
3824 2201 4005 2254 parum
4034 2187 4155 2239 sol-

2570 2303 2759 2344 vamus
2785 2328 2800 2353 ,
2831 2288 2902 2341 ita
2929 2286 3104 2342 affecti
3146 2299 3330 2340 sumus
3353 2323 3369 2348 ,
3399 2296 3460 2336 ac
3484 2281 3526 2334 si
3559 2287 3724 2332 totum
3753 2277 4099 2331 solvissemus
4132 2293 4152 2340 ;

2573 2383 2681 2436 imo
2699 2423 2714 2448 ,
2742 2380 2881 2450 quod
2910 2380 3065 2449 longe
3090 2377 3322 2433 deterius
3343 2384 3451 2434 est,
3482 2387 3549 2426 ne
3584 2385 3802 2439 parvum
3832 2369 4045 2439 quidem
4073 2371 4154 2423 il-

2572 2473 2661 2528 lud
2689 2488 2809 2528 cum
2835 2487 2894 2526 ea
2923 2471 3215 2535 alacritate,
3235 2483 3350 2538 qua:
3379 2465 3570 2519 liberos
3590 2463 3759 2526 decet,
3784 2461 4021 2524 facimus,
4044 2463 4155 2516 sed

2574 2567 2720 2637 prius
2767 2564 3110 2634 inquirimus,
3137 2563 3181 2615 si
3233 2557 3528 2614 mercedem
3573 2555 3791 2618 habeat,
3835 2554 3880 2608 si
3919 2555 4155 2607 multam

2575 2661 2797 2726 habeat,
2821 2661 2864 2713 si
2889 2658 2939 2712 id
2968 2658 3118 2711 nobis
3145 2663 3413 2724 reputetur
3433 2693 3446 2714 ,
3479 2665 3540 2704 ac
3569 2649 3904 2704 illiberalium
3931 2662 4154 2701 mercc-

2575 2750 2948 2817 nariorumque
2973 2746 3130 2800 verba
3162 2742 3495 2812 proferimus.
3522 2739 3658 2805 Quid
3684 2740 3783 2804 ais,
3805 2753 3838 2791 o
3859 2738 4017 2790 homo
4046 2751 4156 2804 pu-

2578 2841 2856 2896 sillanimis
2902 2847 2956 2893 et
3002 2835 3217 2890 infelix?
3257 2847 3345 2888 res
3401 2833 3510 2886 Deo
3555 2831 3743 2900 placita
3795 2827 3996 2898 agenda
4045 2826 4152 2879 tibi

2579 2931 2920 3001 pr0pouitur,
2949 2937 3002 2980 et
3047 2937 3098 2981 tu
3139 2926 3205 2980 de
3245 2923 3492 2978 mercede
3520 2922 3773 2976 sollicitus
3800 2921 3895 2975 es?
3921 2919 3975 2973 Si
4020 2925 4155 2985 post

2580 3031 2843 3090 peractam
2890 3033 3000 3072 rem
3029 3017 3080 3070 in
3122 3015 3419 3085 gehennam
3465 3010 3827 3081 conjiciendus
3849 3023 3993 3063 esses
4017 3047 4034 3072 ,
4071 3021 4150 3058 an

2580 3110 2975 3167 detrectandum
3019 3107 3198 3163 esset?
3225 3119 3403 3160 nonne
3430 3113 3554 3157 tunc
3579 3103 3737 3155 etiam
3785 3113 3969 3168 magna
4013 3111 4147 3150 cum

2580 3204 2848 3258 alacritate
2869 3214 3079 3254 manum
3107 3197 3261 3253 bonis
3281 3193 3531 3265 operibus
3552 3191 3832 3244 admovere
3853 3203 3946 3256 par
3965 3185 4150 3240 esset?

2583 3293 2715 3349 IIem
2746 3292 2852 3346 Deo
2879 3299 3147 3359 acceptam
3172 3287 3302 3342 facis
3325 3327 3341 3353 ,
3367 3293 3421 3340 et
3448 3284 3604 3337 aliam
3640 3279 3931 3336 mercedem
3961 3276 4151 3346 requi-

2579 3385 2691 3440 ris?
2717 3384 2854 3438 Vere
2881 3383 3091 3452 ignoras
3113 3389 3363 3450 quantum
3393 3372 3813 3441 bonisitplaeere
3841 3369 3946 3422 Deo
3974 3370 4056 3422 :si
4088 3367 4147 3421 id

2579 3492 2807 3547 namque
2834 3477 3018 3539 scires,
3050 3473 3254 3527 nullum
3285 3467 3425 3522 aliud
3452 3467 3573 3520 huic
3598 3479 3691 3535 par
3719 3461 3987 3531 praemium
4018 3473 4149 3513 esse

2579 3579 2815 3642 putares.
2848 3567 3030 3623 Nescis
3055 3565 3149 3619 tibi
3187 3559 3484 3616 mercedem
3509 3597 3524 3621 ,
3553 3555 3764 3624 augeri,
3791 3551 4001 3621 quando
4031 3564 4144 3602 non

2580 3639 2676 3730 spe
2723 3658 2988 3714 mercedis
3014 3669 3132 3725 qua:
3157 3652 3349 3706 decent
3384 3646 3653 3718 operaris?
3675 3643 3957 3712 lgnorasne
3999 3639 4144 3709 apud

2582 3729 2825 3808 homines
2853 3763 2947 3804 eos
2986 3744 3214 3801 maxime
3239 3742 3290 3794 in
3321 3740 3519 3793 honore
3545 3737 3609 3790 ab
3635 3734 3878 3788 omnibus
3915 3729 4098 3782 haberi
4123 3768 4143 3789 ,

2580 3843 2669 3913 qui
2696 3851 2818 3896 ante
2842 3835 3145 3893 mercedem
3170 3831 3234 3885 ad
3264 3830 3345 3883 sui
3377 3827 3617 3898 placitum
3649 3823 3972 3892 respiciunt,
3999 3828 4054 3872 et
4077 3817 4148 3870 de

2581 3908 2769 3991 eodem
2800 3932 2995 4001 placito
3023 3925 3190 3995 magis
3213 3920 3421 3977 solliciti
3446 3927 3587 3981 sunt,
3609 3931 3765 3985 quam
3789 3914 3856 3968 de
3881 3910 4101 3982 praemio
4121 3908 4148 3960 Τ

2582 4025 2728 4080 Itane
2752 3997 2998 4077 homines
3028 4030 3152 4084 erga
3179 4024 3465 4068 conservos
3492 4021 3617 4062 suos
3646 4015 3753 4060 tam
3783 4015 4038 4074 generose
4068 3997 4150 4051 af-

2583 4117 2708 4172 fecti
2738 4122 2890 4177 sunt;
2915 4122 2970 4164 tu
3001 4122 3126 4162 vero
3157 4113 3233 4159 tot
3260 4102 3526 4159 beneficiis
3559 4116 3590 4154 a
3633 4099 3854 4152 Domino
3887 4101 4105 4148 ornatus
4127 4131 4145 4154 ,

2583 4215 2768 4275 totque
2789 4207 3104 4270 exspectans
3131 4195 3197 4248 ab
3228 4195 3314 4247 illo
3341 4193 3474 4245 bona
3492 4231 3508 4255 ,
3531 4204 3650 4245 cum
3674 4184 3873 4257 aliquid
3911 4183 3977 4236 ad
4003 4181 4153 4234 salu-

2587 4306 2692 4349 tem
2723 4292 2998 4363 pertinens
3024 4296 3167 4340 tuam
3197 4282 3451 4353 agendum
3477 4288 3578 4343 est,
3611 4287 3889 4345 antequam
3917 4284 4048 4339 opus
4068 4276 4152 4320 at-

2589 4388 2778 4455 tingas,
2800 4383 2868 4437 de
2892 4378 3136 4435 mercede
3160 4377 3363 4430 curiose
3380 4371 3640 4444 inquiris?
3659 4369 3782 4424 ldeo
3805 4375 3985 4420 sumus
4001 4374 4150 4414 sem-

2590 4451 2690 4547 per
2729 4475 2902 4544 frigidi
2926 4514 2941 4538 ,
2969 4469 3295 4524 miserabiles
3317 4508 3331 4533 ,
3360 4481 3462 4521 nec
3485 4465 3549 4518 ad
3593 4459 3862 4532 quidpiam
3904 4451 4149 4522 generosi

2591 4565 2852 4635 agendum
2903 4560 3070 4631 parati
3105 4578 3118 4613 :
3148 4559 3264 4612 ideo
3311 4558 3361 4611 in
3413 4552 3819 4623 compunctione
3862 4555 4150 4610 numquam

2592 4631 2786 4725 degere
2806 4695 2821 4719 ,
2851 4666 3022 4722 neque
3055 4649 3283 4703 animam
3309 4658 3543 4703 nostram
3569 4643 3651 4696 vel
3691 4637 3960 4692 minimum
3999 4631 4154 4685 colli-

2591 4723 2720 4819 gere
2747 4759 3047 4815 possumus.
3075 4741 3282 4796 Etenim
3309 4747 3517 4810 peccata
3547 4741 3723 4788 nostra
3752 4741 3857 4780 non
3877 4723 4154 4819 diligenter

2593 4810 2993 4896 consideramus
3015 4874 3029 4898 ,
3055 4833 3144 4886 Dei
3174 4831 3424 4890 beneficia
3455 4841 3558 4881 non
3589 4826 3903 4876 scrutamur,
3924 4810 3992 4864 ad
4010 4811 4154 4864 Viros

2595 4929 2848 5001 praeclara
2894 4939 3052 4994 opera
3082 4924 3297 4977 edentes
3323 4935 3428 4973 non
3474 4912 3801 4982 reSpicimus.
3829 4902 4026 4956 Idcirco
4068 4901 4158 4954 bo-

2598 5036 2783 5076 norum
2816 5032 3034 5085 operum
3057 5013 3445 5075 obliviscimur,
3468 5007 3590 5075 quia
3617 5008 3895 5068 ρτυερθτοε
3933 5001 4156 5085 ενεξῖξψδ

2597 5125 2702 5165 non
2745 5106 3011 5162 moderate
3047 5104 3263 5161 ferimus
3287 5141 3302 5167 ,
3324 5110 3496 5165 neque
3519 5133 3534 5157 ,
3560 5097 3618 5144 ut
3671 5086 3969 5153 frequenter
4004 5079 4114 5133 dixi
4139 5119 4156 5143 ,

2595 5198 2809 5268 quando
2829 5214 2925 5252 nos
2956 5206 3262 5269 peccatores
3291 5199 3567 5247 vocamus,
3597 5194 3716 5233 cum
3743 5176 3960 5269 verita-te
3989 5172 4160 5269 loqui-

2598 5263 2734 5349 mur.
2765 5291 2818 5345 ld
2843 5263 2976 5344 inde—
2993 5289 3157 5357 liquet
3179 5325 3193 5348 ,
3217 5279 3357 5350 quod
3382 5289 3502 5330 cum
3530 5271 3752 5338 idipsum
3778 5265 3848 5357 ab
3870 5264 3982 5357 aliis
4006 5263 4162 5357 audi-

2598 5399 2738 5449 mus,
2761 5353 3218 5439 excandescimus,
3245 5368 3546 5427 efferamur,
3569 5354 3938 5414 contumeliam
3970 5353 4019 5406 id
4038 5367 4162 5408 esse

2599 5478 2843 5534 dicimus.
2866 5474 2943 5527 Ita
2963 5467 3100 5537 apud
3121 5475 3220 5517 nos
3241 5457 3415 5513 omnia
3437 5451 3699 5526 hypocrisi
3731 5449 3880 5518 plena
3903 5454 4043 5512 sunt,
4061 5460 4164 5500 nec

2602 5573 2869 5627 imitamur
2907 5562 3242 5634 publicanum
3267 5596 3282 5622 ,
3309 5553 3398 5624 qui
3427 5548 3648 5606 alterius
3687 5544 3785 5598 sibi
3827 5551 4164 5613 peccatorum

2604 5657 2993 5716 multitudinem
3016 5646 3386 5720 exprobrantis
3413 5637 3784 5696 contumeliam
3806 5634 4030 5688 libenter
4054 5645 4168 5685 Sus-

2605 5751 2808 5819 cipiens
2832 5789 2849 5812 ,
2883 5761 2974 5817 per
3011 5757 3172 5813 Opera
3221 5740 3424 5794 lucrum
3471 5725 3973 5786 retulitzdescendit
4021 5721 4165 5775 enim

2603 5817 2919 5915 iustificatus
2965 5834 3139 5906 potius
3179 5841 3338 5900 quam
3381 5821 3690 5877 Pharisaeus.
3734 5817 3842 5874 Nos
3881 5825 4054 5870 autem
4099 5824 4168 5910 ne

2609 5901 2804 5992 scimus
2823 5901 3172 6002 quidemquid
3193 5919 3263 5973 sit
3279 5914 3538 5970 confessio
3553 5912 3701 5985 (Luc.
3723 5913 3810 5966 ιε.
3831 5910 3936 5974 υ),
3959 5901 4167 6002 auulsi

2613 5993 3008 6084 inﬁnitis'malis
3032 5993 3218 6085 repleti
3234 6009 3398 6067 simus
3417 6025 3428 6063 :
3448 6023 3565 6064 cum
3592 6011 3859 6076 oporteret
3875 6014 3975 6053 non
3995 5993 4169 6048 solum
