4454 6688
836 558 937 613 αἱ

830 674 949 727 Καὶ
964 672 1123 743 δῆλον
1146 671 1355 727 ἐκεῖθεν
1375 687 1387 700 ’
1430 673 1557 725 ὅταν
1590 669 1698 741 7&9
1724 673 1855 744 παρ’
1885 672 2087 743 ἐτέρων
2109 671 2281 728 ταῦτα
2305 684 2331 713 ι
2359 670 2523 725 ἀκού-

841 769 1048 823 σωμεν,
1101 752 1481 822 ἀγριαίνομεν,
1512 749 1937 822 ἐκθηριούμεθα,
1998 751 2157 823 ὕϐριν
2185 752 2246 805 :0
2290 752 2525 822 πρᾶγμα

841 829 985 887 εἷναί
1003 849 1201 902 φαμεν.
1228 830 1386 886 Οῦτω
1414 830 1591 885 πάντα
1612 831 1901 901 ὑπόκρισις
1933 832 2001 885 τά
2038 833 2169 902 παρ’
2200 832 2381 904 ήμῶν,
2432 833 2523 885 καὶ

836 912 959 965 οὐδὲ
981 912 1071 965 τὸν
1100 911 1339 983 τελώνην
1369 910 1705 981 μιμούμεθα,
1739 912 1819 975 0;,
1844 911 2031 983 ἐτέρου
2059 911 2121 964 :0
2144 912 2252 965 τῶν
2279 913 2525 982 ἀμαρτη·

841 992 1029 1062 μάτων
1085 990 1439 1055 ὀνειδίζοντος
1479 989 1627 1061 αύτῷ
1689 991 1915 1061 πλῆθος,
1968 991 2401 1063 καταδεξάμενος
2452 989 2524 1043 τὰ

839 1072 1042 1141 ὀνείδη,
1067 1071 1158 1126 διά
1180 1071 1290 1125 τῶν
1324 1070 1501 1142 ἐργων
1526 1071 1589 1124 :0
1622 1072 1814 1143 κέρδος
1858 1072 2221 1144 ἐκαρπώσατο
2240 1089 2252 1100 ⁸
2285 1070 2523 1141 κατῆλθε

841 1152 952 1222 7&9
977 1150 1395 1220 δεδικαιωμένος
1449 1150 1648 1220 μᾶλλον
1694 1150 1836 1220 ὑπὲρ
1866 1151 1957 1203 τὸν
1990 1153 2315 1221 Φαρισαῖονο
2364 1153 2524 1221 ήμεῖς

841 1233 901 1286 δὲ
958 1232 1081 1285 οὐδὲ
1106 1232 1134 1284 ὃ
1169 1230 1223 1283 τί
1249 1232 1380 1285 ποτέ
1413 1233 1561 1284 ἐστιν
1594 1230 1982 1303 ἐξομολόγησις
2021 1232 2200 1301 ἴσμεν,
2229 1229 2524 1284 καὶταῦτα

848 1310 1059 1381 μυρίων
1086 1311 1349 1382 γέμοντες
1373 1310 1579 1364 κακῶν.
1613 1309 1762 1361 Ἔδει
1795 1309 1851 1362 δὲ
1886 1310 1960 1379 μὴ
2012 1311 2171 1380 μόνον
2232 1309 2524 1362 πεπεῖσθαι

841 1390 925 1443 ὅτι
980 1392 1150 1463 μυρία
1181 1394 1313 1461 ήμῖν
1344 1389 1829 1461 πεπλημμέληται.
1860 1390 1997 1442 ἀλλά
2038 1391 2131 1443 καί
2158 1389 2334 1442 πάντα
2367 1389 2524 1459 ἡμῶν

840 1469 910 1522 τά
934 1470 1330 1540 ἁμαρτήματα,
1363 1470 1434 1524 τά
1453 1485 1516 1523 τε
1555 1470 1750 1540 μικρά,
1786 1469 1857 1522 τά
1893 1487 1951 1522 τε
1989 1468 2220 1538 μεγάλα,
2247 1468 2437 1538 ὥσπερ
2467 1470 2525 1521 ἐν

840 1548 1007 1619 βίϐλῳ
1029 1551 1096 1620 τῇ
1128 1548 1329 1621 καρδίᾳ
1356 1550 1667 1619 γράφοντας
1692 1549 1856 1617 ἔχειν,
1886 1549 1981 1601 καὶ
2019 1548 2095 1609 ὡς
2140 1549 2337 1601 νεωστί
2365 1566 2520 1617 γεγε-

838 1630 1048 1699 νημένα
1079 1629 1320 1683 πενθεῖν.
1356 1628 1513 1681 Οὕτω
1537 1628 1647 1697 γάρ
1678 1628 1745 1680 ἂν
1778 1628 1873 1681 καί
1916 1627 1979 1681 :0
2004 1628 2262 1698 φρόνημα
2288 1628 2387 1698 τῆς
2422 1629 2527 1699 ψυ-

838 1708 942 1779 χῆς
971 1708 1396 1779 κατεστείλαμεν
1421 1719 1471 1772 π,
1522 1708 1762 1778 συνεχῶς
1788 1708 1928 1779 αὐτῇ
1954 1707 2063 1761 τῶν
2086 1709 2303 1763 οἰκείων
2330 1711 2527 1781 ἀναμι-

839 1789 1175 1860 μνήσκοντες
1204 1787 1413 1842 κακῶν.
1445 1787 1716 1842 Τοσοῦτόν
1751 1790 1898 1843 ἐστιν
1924 1789 2129 1858 ἀγαθὸν
2165 1791 2526 1860 μνημονεύειν

835 1868 1251 1940 ἁμαρτημάτων
1267 1866 1506 1931 οἰκείων,
1525 1869 1601 1933 ὼς
1618 1869 1712 1923 καὶ
1735 1867 1805 1922 τά
1821 1869 2188 1938 ἀφανισθέντα
2204 1870 2526 1938 ἐγκλήματα

838 1950 1078 2020 συνεχῶς
1108 1949 1295 2020 φέρειν
1319 1951 1400 2013 εἰς
1421 1952 1585 2020 μέσον
1620 1950 1709 2002 τὸν
1746 1950 2018 2020 μακάριον
2043 1948 2274 2002 Παῦλον.
2305 1949 2523 2019 Ἐπειδὴ

836 2030 947 2099 γάρ
978 2030 1047 2083 τά
1073 2031 1319 2101 πρότερα
1343 2030 1649 2099 ἀπενίψατο
1678 2030 1857 2083 πάντα
1887 2030 1974 2082 διὰ
2006 2029 2099 2081 τοῦ
2124 2028 2521 2099 βαπτίσματος,

836 2108 933 2162 καὶ
958 2108 1096 2179 μετὰ
1122 2109 1295 2164 ταῦτα
1320 2109 1468 2163 ἐϐίου
1509 2108 1769 2180 καθαρῶς
1787 2149 1801 2172 ,
1843 2108 2015 2172 οὕτως
2052 2108 2127 2171 ὡς
2150 2108 2316 2178 μηδὲν
2347 2108 2526 2179 ἐαυτῷ

838 2186 1157 2253 συνειδέναι,
1182 2190 1277 2242 καὶ
1294 2189 1394 2241 οὐκ
1424 2183 1568 2259 εἶχεν
1595 2188 1737 2260 ὑπὲρ
1765 2181 1841 2239 ὧν
1861 2188 2164 2253 στενάξειεν
2192 2189 2523 2259 ἁμαρτημάο

835 2284 967 2332 των,
990 2267 1101 2321 τῶν
1126 2269 1231 2339 7:90
1249 2267 1345 2321 τοῦ
1374 2266 1752 2339 βαπτίσματος
1784 2264 2197 2336 ἐξηλειμμένων
2248 2266 2528 2338 ἐμέμνητο

835 2345 1033 2412 λέγων,
1068 2347 1150 2400 ὅτι
1194 2346 1249 2399 '0
1289 2346 1544 2415 Χριστὸς
1572 2346 1808 2413 Ἰησοῦς
1832 2342 2023 2415 ἦλθεν
2048 2347 2136 2411 είς
2156 2347 2264 2399 τὸν
2293 2348 2527 2415 κόσμον

837 2426 1226 2495 ἁμαρτωλοὺς
1246 2425 1466 2490 σῶσαι,
1493 2419 1582 2479 ὧν
1613 2424 1845 2493 πρῶτός
1879 2428 1998 2493 ειμι
2032 2423 2173 2493 ἐγώ·
2202 2425 2299 2478 καί
2338 2426 2522 2490 πάλιν,

837 2507 1065 2559 Πιστόν
1086 2521 1164 2575 με
1198 2504 1476 2575 ἡγήσατο
1500 2503 1749 2573 θέμενος
1770 2506 1857 2569 είς
1888 2504 2222 2569 διακονίαν,
2252 2505 2361 2558 τὸν
2381 2507 2527 2574 πρό-

836 2599 1010 2652 τερον
1037 2584 1065 2625 δ
1083 2585 1228 2638 ὄντα
1244 2584 1623 2653 βλάσφημον
1660 2584 1758 2637 καὶ
1793 2582 2054 2651 διώκτην
2076 2585 2175 2637 καὶ
2195 2586 2490 2653 ὑϐριστήν
2506 2602 2519 2615 ·

838 2663 1324 2731 καθ’ὐπερϐολὴν
1360 2662 1471 2733 γὰρ
1524 2662 1777 2716 ἐδίωκον
1828 2662 1945 2731 τὴν
1991 2664 2369 2731 Ἐκκλησίαν
2416 2665 2523 2719 τοῦ

839 2743 1010 2805 Θεοῦ,
1037 2743 1135 2797 καὶ
1158 2743 1458 2811 ἐπόρθουν
1478 2742 1675 2811 αὐτήν
1697 2757 1711 2771 '
1742 2744 1838 2796 καὶ
1870 2743 2052 2807 πάλιν,
2084 2746 2205 2797 Οὐκ
2220 2744 2333 2813 είμί
2354 2744 2524 2810 ἄξιος

837 2823 1154 2879 καλεῖσθαι
1220 2824 1589 2888 ἀπόστολος.
1653 2823 1717 2875 Εἰ
1757 2824 1867 2893 γὰρ
1890 2823 1986 2875 καί
2014 2823 2341 2887 ἀνευθύνους
2374 2826 2523 2895 ἡμᾶς

838 2902 1064 2975 ἀφίησιν
1090 2905 1273 2957 ἐκεῖνα
1296 2903 1365 2956 τά
1399 2902 1619 2973 ἀμαρτή
1629 2919 1801 2971 ματα·
1856 2900 1971 2954 ἀλλ’
2000 2901 2151 2971 ὅμως
2188 2904 2336 2956 ἐστὶν
2361 2904 2525 2958 ἰκανά

836 2982 1016 3057 ψυχὴν
1040 2983 1316 3055 ἐντρέψαι,
1362 2985 1456 3036 καί
1480 2984 1665 3035 πεῖσαι
1719 2980 1969 3051 σφοδρῶς
2005 2983 2225 3054 ἀγαπᾷν
2246 2983 2337 3037 τὸν
2364 2985 2517 3038 Θεόν.

839 3064 950 3117 Καὶ
986 3062 1096 3135 γάρ
1125 3062 1423 3135 ἐρωτηθεὶς
1468 3063 1497 3115 ὁ
1536 3061 1719 3131 Σίμων
1760 3060 1866 3113 ὑπὸ
1897 3060 1990 3113 τοῦ
2027 3062 2259 3132 Κυρίου,
2293 3062 2377 3127 τίς
2414 3064 2524 3117 τῶν

839 3140 933 3196 δύο
954 3141 1364 3213 χρεωφειλετῶν
1389 3140 1481 3194 τὸν
1502 3139 1849 3213 δεδανεικότα
1870 3139 2146 3209 ἀγαπήσει
2165 3138 2316 3213 [152]
2340 3142 2520 3207 πλέον,

839 3210 1188 3284 καίἕίπῶν,
1246 3220 1330 3273 ὅτι
1367 3217 1595 3288 Νομίζω
1636 3217 1664 3258 ἀ
1687 3258 1703 3284 ,
1754 3210 1804 3284 ᾧ
1834 3217 1900 3272 τὸ
1941 3218 2132 3272 πλέον
2167 3210 2520 3289 ἐχαρίσατο,

840 3298 1097 3370 ἧκουσεν·
1147 3298 1369 3369 ὀρθῶς
1398 3297 1668 3367 ἔκρινας.

909 3380 975 3445 ζ’.
1001 3381 1166 3434 Ὅταν
1185 3378 1297 3451 γάρ
1324 3379 1670 3450 ἐννοήσωμεν
1698 3376 1759 3430 :0
1780 3374 1985 3447 πλῆθος
2006 3375 2117 3431 τῶν
2140 3376 2522 3447 παρελθόντων

840 3459 1274 3531 ἁμαρτημάτων,
1296 3458 1417 3510 τότε
1456 3456 1715 3527 εἰσόμεθα
1747 3456 1845 3527 τῆς
1872 3457 1967 3511 τοῦ
1998 3455 2136 3509 Θεοῦ
2166 3457 2390 3527 χάριτος
2422 3459 2522 3530 τὴν

839 3539 1169 3611 ὑπερϐολὴν,
1204 3539 1327 3591 τότε
1360 3536 1510 3590 κάτω
1540 3534 1826 3605 νεύσομεν,
1875 3536 1996 3590 τότε
2048 3536 2519 3607 συσταλησὸμεθα.

842 3619 993 3689 Ὅσῳ
1014 3617 1123 3689 γὰρ
1147 3615 1409 3686 μειζόνων
1438 3614 1606 3686 ἐσμὲν
1642 3625 1666 3653 ο
1696 3613 1987 3668 ὑπεύθυνοι
2006 3613 2519 3684 πλημμελημάτων,

838 3696 1078 3767 τοσούτῳ
1113 3695 1312 3767 μᾶλλον
1340 3693 1819 3765 ἐντραπησόμεθα.
1845 3693 2059 3756 Παῦλος
2102 3694 2201 3763 μὲν
2224 3689 2316 3747 οὖν
2335 3695 2524 3748 κάκεί-

838 3792 947 3830 νων
980 3776 1289 3846 ἐμέμνητοο
1324 3776 1489 3845 ἡμεῖς
1531 3773 1590 3827 δὲ
1644 3773 1766 3826 οὐδὲ
1826 3772 1896 3826 τά
1947 3772 2085 3843 μετά
2136 3772 2198 3825 τὸ
2238 3771 2522 3845 βάπτισμα

839 3854 1254 3927 ἀναμνησθῆναι
1292 3851 1594 3924 βουλόμεθα
1617 3891 1632 3917 ,
1674 3852 1741 3905 τά
1783 3851 2025 3905 κίνδυνον
2058 3850 2271 3921 ἔχοντα,
2301 3852 2395 3907 καί
2424 3853 2523 3924 τῆς

840 3936 929 3990 ἐπ’
957 3936 1137 3999 αὐτοῖς
1173 3934 1476 3999 ἐξετάσεως
1533 3931 1870 3996 ὑπευθύνους
1925 3932 2073 4003 ἡμᾶς
2137 3931 2517 3996 καθιστῶντα,

840 4017 979 4072 ἀλλά
1013 4016 1117 4070 κάν
1149 4016 1229 4078 εἰς
1267 4015 1479 4070 ἐννοιαν
1523 4013 1769 4068 τοιούτου
1812 4013 1955 4078 τινός
1994 4029 2127 4066 ποτε
2161 4013 2519 4083 ἐμπέσωμεν,

842 4097 1043 4160 εὐθέως
1066 4095 1518 4167 ἀπεπηδήσαμεν,
1572 4094 1692 4147 ούδέ
1732 4092 1795 4147 :0
1826 4093 1961 4163 7:90;
2014 4092 2189 4164 βραχὺ
2236 4094 2303 4162 τῇ
2332 4093 2524 4164 μνήμῃ

842 4175 1083 4246 λυπῆσαι
1118 4173 1432 4245 βουλόμενοι
1468 4173 1568 4241 τὴν
1601 4172 1802 4242 ψυχήν.
1842 4171 2134 4240 Τοιγάρτοι
2190 4170 2362 4241 μυρία
2414 4172 2524 4223 ἀπὸ

841 4255 1047 4326 ταύτης
1081 4254 1179 4325 τῆς
1214 4250 1530 4321 ἀνωφελοῦς
1558 4251 1781 4322 χάριτος
1812 4251 1946 4321 ἡμῖν
1970 4250 2215 4303 τίκτεται
2242 4249 2312 4302 τά
2352 4249 2521 4305 κακά.

844 4334 1001 4389 Οῦτω
1027 4335 1135 4405 γάρ
1172 4332 1493 4403 ἀναλγήτως
1546 4331 1763 4401 ἔχοντες
1790 4330 1886 4383 καί
1916 4328 2200 4399 μαλακῶς,
2232 4327 2357 4381 οῦτε
2382 4327 2525 4398 ὑπὲρ

841 4412 952 4466 τῶν
969 4413 1230 4483 πρότερον
1258 4408 1759 4481 ἐξομολογήσασθαι
1816 4406 2095 4479 δυνάμεθα
2128 4406 2148 4445 ί
2171 4446 2185 4469 ,
2220 4406 2363 4474 (πῶς
2390 4407 2520 4478 7&9,

841 4485 918 4545 ὧν
945 4491 1066 4545 ούδέ
1093 4490 1191 4561 τὴν
1226 4491 1445 4560 μνήμην
1483 4487 1774 4559 ἀνέχεσθαι
1805 4485 2057 4558 ἐθίζομεν
2081 4487 2309 4549 ἑαυτούς
2330 4488 2369 4555 ς)
2428 4486 2523 4538 καὶ

843 4570 977 4641 πρὸς
1006 4570 1074 4623 τά
1100 4568 1362 4641 μέλλοντα
1392 4567 1695 4639 προχείρως
1723 4564 2168 4636 καταφερόμεθα.
2211 4564 2524 4635 Ἀγαπητδν

841 4652 954 4721 7&9
972 4651 1070 4721 τῆς
1090 4648 1313 4720 μνήμης
1340 4646 1554 4715 ἐκείνης
1584 4644 2002 4715 ἐνακμαζούσης
2027 4644 2161 4713 ήμῖν
2180 4643 2286 4706 ἀεὶ,
2306 4643 2400 4697 καὶ
2428 4642 2521 4695 τοῦ

844 4729 1010 4797 φόϐου
1048 4726 1428 4789 κατασείοντος
1470 4724 1570 4795 τήν
1614 4722 1875 4787 διάνοιαν,
1915 4721 2212 4792 δυνηθῆναι
2241 4722 2302 4775 :0
2328 4721 2524 4792 χαῦνον

844 4810 1014 4879 αὐτῆς
1047 4809 1140 4860 καὶ
1165 4805 1554 4876 διακεχυμένον
1582 4803 1786 4869 ἐξελεῖν
1807 4818 1822 4833 ·
1861 4802 1909 4855 εἰ
1956 4800 2012 4854 δέ
2040 4803 2137 4854 καὶ
2184 4801 2374 4854 τοῦτον
2420 4802 2527 4870 ἀφ-

844 4887 986 4951 έλοις
1010 4889 1034 4929 κ
1059 4885 1149 4940 τδν
1166 4884 1399 4956 χαλινὸν,
1426 4885 1508 4948 τίς
1524 4885 1693 4955 αὐτὴν
1737 4882 1957 4946 καθέξει
1991 4880 2175 4935 λοιπὸν
2195 4880 2365 4945 ἀδεῶς
2384 4880 2525 4934 κατά

907 5010 933 5038 ⁸
954 5007 1089 5060 COIb.
1113 5007 1175 5055 τά
1195 5006 1332 5055 αῦτά.

903 5069 932 5109 δ
953 5070 1086 5121 Coll).
1110 5068 1495 5128 καταστείλωμεν

910 5135 933 5163 °
962 5132 1099 5182 (Iulb.
1122 5132 1178 5178 τὸ
1198 5122 1443 5193 πρότερον..
1476 5130 1526 5193 l0
1567 5129 1743 5193 eodm!)
1777 5127 1889 5193 γάρ.
1912 5122 2125 5193 §equ_ens
2146 5122 2327 5193 0095}.
2365 5122 2523 5193 Ρξιυίο

847 5199 957 5253 post
978 5193 1113 5245 Colb.
1138 5186 1361 5253 ἐπόρθουν
1385 5190 1557 5253 αὐτὴν,
1586 5191 1668 5238 καὶ
1689 5189 1777 5237 οὐκ
1801 5186 1895 5249 εἰμὶ
1918 5187 2077 5241 ἱκανὸς
2114 5186 2359 5234 καλεῖσθαι
2400 5186 2522 5234 ἀπό-

847 5252 1029 5316 στολος·
1058 5254 1098 5303 εἰ
1122 5254 1212 5316 γὰρ
1233 5252 1314 5316 καί
1338 5252 1689 5316 ἀνυίιτευθύνουςἶ

906 5315 933 5354 ά
967 5309 1083 5365 Haec
1108 5309 1379 5375 ὅτι’νομίζω
1398 5314 1580 5375 desunt
1602 5316 1650 5361 in
1669 5309 1805 5363 Colb.

911 5379 929 5400 ‘
961 5377 1097 5427 Coll).
1126 5368 1270 5438 ἦμεν]
1295 5373 1423 5423 Infra
1444 5374 1574 5423 idem
1598 5376 1658 5421 τὰ
1682 5374 1763 5421 καὶ
1781 5372 1995 5420 κίνδυνον
2019 5370 2205 5433 ἔχοντα.
2230 5368 2358 5419 Infra
2390 5370 2522 5419 idem

850 5441 956 5489 οὐδὲ
976 5439 1091 5493 πρὸς
1109 5436 1275 5493 βραχύ.

916 5441 956 5489 δὲ
976 5440 1091 5501 πρὸς
1109 5440 1275 5501 βραχύ.

916 5501 933 5539 ί
960 5500 1094 5561 Coll).
1122 5500 1218 5561 τῶν
1235 5500 1475 5561 προτέρων
1501 5531 1535 5543 ..
1560 5495 1869 5561 δυνησόμεθα.

912 5566 937 5603 ε
958 5560 1091 5614 Colb.
1119 5565 1172 5609 el
1189 5553 1340 5608 Saiil.
1376 5553 1424 5609 in
1450 5564 1589 5609 textu
1612 5553 1794 5621 ἀφέλοι,
1827 5557 1999 5607 Morel.
2034 5559 2089 5607 et
2108 5553 2262 5609 Savil.
2288 5555 2341 5606 in
2361 5567 2516 5617 marg.

847 5627 1055 5690 ἀφίλοις.

1500 5105 1510 5115 .
1540 5065 1651 5115 Mox
1675 5065 1805 5114 idem
1828 5061 2060 5112 τοσοῦτον
2079 5062 2169 5126 γάρ
2192 5063 2335 5111 ἐστιν.

1638 555 1695 613 S.
1737 552 2026 613 JOANMS
2063 553 2560 612 CHRYSOSTOMI
2596 552 2927 612 ARCHIEP.
2966 552 3521 613 CONSTANTINOP.
4227 557 4307 614 ἐξ

2625 671 2891 744 κρημνῶν
2934 672 3276 743 φερομένην,
3312 671 3407 725 καί
3458 672 3538 734 εἰς
3574 670 3647 724 τά
3682 670 3786 741 τῆς
3836 672 4140 737 ﬁnalem;
4176 676 4303 744 ἐμτέο

2622 769 2864 806 πτουσαν
2888 750 3139 823 βάραθρα
3161 769 3177 817 ;
3208 752 3307 807 Διά
3322 751 3494 806 ταῦτα
3514 754 3543 806 ό
3570 751 3782 814 δίκαιος
3806 753 4041 812 ἐκεῖνος
4072 756 4173 824 τὴν

2622 834 2817 889 λουσαν
2842 833 3131 902 ὑπέγραφε
3154 835 3379 889 κόλασιν
3399 851 3414 865 ο
3449 835 3539 889 διὰ
3568 835 3745 888 ταῦτα
3766 834 4031 905 ἐθρήνει,
4053 834 4145 887 διὰ
4166 837 4305 891 ταῦπ

2622 912 2829 977 ἐστενε,
2860 907 3033 965 ταῦτα
3058 914 3123 965 ἐκ
3172 915 3493 985 περιουσίας
3537 914 3726 968 ποιῶν.
3762 915 3897 975 Τοῖς
3927 913 4041 982 μὲν
4077 914 4307 978 μεγάλης

2624 993 2752 1062 ὑμῖν
2795 992 2956 1063 ἀρκεῖ
3003 990 3139 1061 7:90;
3164 992 3227 1045 :0
3285 996 3659 1066 κατανυγῆναι
3704 994 3766 1047 τὸ
3811 992 3931 1045 τῶν
3998 992 4307 1059 εῦεργεςιέδ

2623 1071 3032 1144 ἀναμνησθῆναι
3082 1070 3176 1122 τοῦ
3222 1070 3382 1138 Θεοῦ,
3409 1075 3470 1127 τὸ
3516 1075 3592 1147 μὴ
3625 1073 3949 1145 μεμνῆσθαι
3980 1070 4099 1123 τῶν
4124 1073 4307 1124 οἰκεὺεγ.

2624 1151 3086 1223 κατορθωμάτων,
3136 1150 3197 1202 τὸ
3229 1152 3367 1219 μετά
3395 1154 3594 1225 πολλῆς
3622 1155 3917 1227 ἀκριϐείας
3948 1151 4239 1218 ἐξετάζειν
4278 1155 4312 1205 εἴ

2625 1234 2728 1287 πού
2758 1251 2809 1287 τι
2858 1234 2953 1287 καί
3004 1231 3199 1301 μικρὸν
3245 1232 3375 1302 ὑμῖν
3425 1234 3580 1304 τύχοι
3614 1233 4057 1306 πλημμεληθέν,
4106 1232 4168 1284 :0
4203 1234 4309 1301 τρίς

2624 1316 2751 1377 τοὺς
2799 1313 3065 1384 μεγάλους
3098 1312 3297 1384 ἄνδρας
3345 1313 3476 1383 όρᾷν
3506 1317 3599 1367 καί
3637 1318 3845 1387 σφόδρα
3877 1313 4311 1383 εῦηρεστηκίτξ

2625 1392 2764 1462 Θεῷ,
2805 1394 2865 1446 :0
2897 1392 3032 1463 μετὰ
3084 1391 3257 1445 ταῦτα
3312 1392 3527 1445 ἅπαντα
3572 1393 3777 1447 ἐννοεῖν
3806 1396 3873 1447 :0
3904 1393 4010 1446 τοῦ
4046 1394 4311 1462 μέλλοντες

2626 1472 2839 1542 ἄδηλον,
2861 1473 2921 1526 :0
2949 1472 3085 1543 πρὸς
3109 1471 3207 1541 τὴν
3230 1472 3585 1524 κατάπτωσιν
3608 1474 3703 1525 καὶ
3727 1474 3827 1539 τὴν
3856 1473 4163 1543 ἁμαρτίαν

2628 1554 2812 1622 ροπον,
2838 1553 2974 1623 ὅπερ
3003 1553 3097 1605 καὶ
3126 1553 3154 1604 ὁ
3192 1548 3404 1614 Παῦλος
3432 1549 3721 1603 ἐδεδοίκει·
3748 1552 3830 1604 διδ
3863 1555 3967 1605 καὶ
4006 1555 4201 1621 ἔλεγε·
4233 1554 4311 1605 4*;-

2627 1632 2840 1701 ϐοῦμαι
2876 1632 2963 1701 μή
2999 1648 3123 1696 πως
3154 1630 3367 1695 ἄλλοις
3394 1630 3666 1697 κηρύξας
3690 1632 3880 1697 αὐτὸς
3906 1634 4215 1701 ἀδόκιμος
4243 1638 4312 1699 τέ.

2625 1727 2845 1780 νωμαι·
2883 1711 2978 1763 καὶ
3012 1710 3092 1773 τὸ,
3136 1709 3198 1761 Ὅ
3230 1708 3431 1762 δοκῶν
3460 1710 3731 1773 ἑστάναι,
3770 1711 4083 1775 βλεπέτω
4119 1713 4205 1780 μὴ
4235 1714 4313 1763 ,τέο

2627 1808 2734 1860 σῃ.
2787 1791 2945 1846 Οῦτω
2973 1792 3067 1845 καί
3094 1792 3122 1843 0
3145 1789 3313 1843 Δαυῖδ
3344 1790 3521 1844 ταῦτα
3553 1794 3730 1845 πάντα
3775 1790 4027 1861 ἔστρεφε
4061 1792 4197 1859 παρ’
4222 1794 4316 1843 i2.-

2628 1870 2708 1941 τῷ
2731 1873 2759 1912 h
2781 1889 2793 1903 ο
2825 1872 2922 1935 τὰς
2952 1872 3049 1941 μὲν
3083 1870 3193 1941 7&9
3229 1870 3552 1941 εὐεργεσίας
3600 1870 3695 1924 τοῦ
3733 1871 3876 1925 Θεοῦ
3931 1871 4315 1939 λογιζόμεθα.

2629 1952 2781 2020 ἔλεγε
2808 1968 2820 1980 ·
2887 1952 2947 2005 Τί
2972 1955 3142 2004 ἐστιν
3170 1950 3504 2017 ἄνθρωπος,
3540 1951 3629 2003 ὅτι
3669 1950 4003 2021 μιμνήσκῃ
4059 1951 4313 2015 αὑτοῦ-ἧ

2627 2033 2758 2097 υίὸς
2793 2031 3133 2101 ἀνθρώπου,
3164 2028 3253 2081 ὅτι
3295 2029 3628 2097 ἐπισκέπτῃ
3683 2031 3911 2095 αὐτόν;
3950 2029 4313 2091 Ὴλάττιυσςς

2628 2112 2818 2165 αὑτὸν
2844 2110 3046 2179 βραχύ
3078 2125 3133 2161 τι
3162 2108 3299 2175 παρ’
3326 2108 3643 2178 ἀγγέλους,
3675 2109 3825 2176 δόξῃ
3858 2108 3964 2162 καὶ
3996 2108 4154 2177 τιμῇ
4176 2110 4317 2160 ἐστε-

2628 2190 2915 2258 φάνωσας
2942 2188 3148 2241 αὐτόν.
3181 2187 3304 2239 Τῶν
3334 2186 3391 2240 δὲ
3423 2186 3872 2257 κατορθωμάτων
3921 2186 4120 2249 οὕτως
4159 2188 4318 2237 ἐπελε-

2627 2268 2792 2339 ληστο
2837 2268 2944 2322 τῶν
2996 2266 3187 2332 αὑτοῦ,
3241 2266 3318 2331 ὼς
3392 2266 3530 2337 μετὰ
3592 2264 3694 2336 τὴν
3743 2266 3959 2337 μυρίαν
4011 2266 4317 2334 φιλοπςίτι

2628 2347 2842 2418 ἐκείνην
2882 2348 3088 2399 εἰπεῖν’
3126 2346 3225 2410 Τίς
3267 2348 3383 2415 ειμι
3422 2344 3557 2415 ἐγὼ,
3588 2344 3765 2412 Κύριέ
3794 2364 3949 2413 μου,
3980 2346 4202 2413 Κύριε,
4245 2362 4317 2395 2:0.

2627 2428 2720 2494 τίς
2758 2430 2791 2482 ὀ
2826 2422 2993 2491 οἶκος
3037 2424 3143 2479 τοῦ
3178 2426 3404 2492 πατρός
3440 2442 3584 2495 μου,
3611 2422 3701 2477 ὅτι
3750 2424 4109 2493 ἠγάπησάς
4134 2441 4213 2493 με

2626 2508 2892 2570 τούτων;
2943 2504 3041 2558 καί
3076 2505 3585 2573 κατεσμίκρυνται
3625 2503 3813 2559 ταῦτα
3864 2503 4157 2556 ἐνώπιόν
4208 2521 4319 2567 (τι,

2626 2584 2803 2652 Κύριέ
2827 2602 2969 2653 μου,
3003 2583 3104 2636 καὶ
3124 2582 3440 2650 ἐλάλησας
3462 2583 3613 2651 ὑπὲρ
3631 2582 3736 2636 τοῦ
3764 2582 3947 2637 οἴκου
3972 2582 4101 2635 τοῦ
4118 2582 4318 2633 δειτλίτ

2626 2680 2741 2717 σου
2765 2666 2852 2729 εἰς
2875 2663 3140 2732 μακράν.
3190 2658 3384 2729 Οὗτος
3426 2664 3495 2716 δὲ
3520 2667 3553 2719 ό
3592 2667 3776 2734 νόμος
3824 2662 3941 2715 τοῦ
3984 2661 4317 2728 ἀνθρὼετίῖκ

2624 2743 2802 2812 Κύριέ
2819 2761 2957 2813 μου,
2990 2745 3189 2812 Κύριε,
3216 2744 3369 2812 πρὸς
3406 2744 3499 2798 σέ.
3531 2745 3640 2800 Καὶ
3679 2745 3736 2797 τί
3759 2740 4129 2809 προσθήσει
4164 2740 4319 2791 Aaz‘r.‘

2624 2823 2713 2876 ἔτι
2739 2821 2847 2876 τοῦ
2869 2820 3138 2890 λαλῆσαι
3169 2822 3321 2891 πρὸς
3342 2822 3417 2877 σέ
3430 2840 3450 2887 ;
3482 2823 3593 2875 Καὶ
3612 2822 3718 2875 τῶν
3741 2820 4047 2892 προγόνων
4098 2818 4319 2885 συνεχίς

2623 2903 2722 2974 τὴν
2752 2902 2956 2973 ἀρετὴν
3004 2902 3221 2964 ἐννοῶν,
3272 2901 3333 2953 :0
3370 2901 3536 2971 μηδὲν
3561 2900 3695 2971 πρὸς
3736 2897 3990 2958 ἐκείνους
4019 2896 4231 2965 ἑαυτὸν
4254 2896 4319 2957 ἐξ-

2626 2980 2835 3044 ετάζων
2862 2976 3002 3033 εἶναι
3028 2978 3268 3048 ἐνόμιζε.
3296 2978 3451 3032 Μετά
3476 2978 3583 3046 γάρ
3608 2977 3667 3029 :0
3694 2977 3893 3039 εἰπεῖν,
3932 2974 4081 3027 Ἐπὶ
4111 2976 4212 3028 σοὶ
4236 2974 4319 3039 ἧλ-

2627 3075 2817 3113 πισαν
2854 3063 2906 3113 οὶ
2934 3058 3184 3124 πατέρες
3212 3056 3399 3126 ἡμῶν,
3430 3056 3559 3123 περί
3586 3053 3777 3109 ἐαυτοῦ
3804 3054 3991 3120 λέγων
4022 3055 4317 3123 ἐπήγαγεν,

2617 3133 2766 3202 Ἐγὼ
2780 3133 3231 3205 δέείμισκώληξ
3240 3130 3372 3200 ,καὶ
3391 3135 3500 3187 οὐκ
3529 3133 3857 3202 ἅνθρωπος.
3888 3132 3969 3185 T0
3992 3133 4062 3186 δὲ
4094 3133 4191 3185 τοῦ
4217 3134 4319 3201 μέμ

2628 3213 2813 3277 λοντος
2836 3212 3028 3284 ἄδηλον
3051 3212 3224 3276 οῦτως
3248 3210 3359 3283 εἶχε
3386 3210 3493 3282 πρὸ
3525 3211 3631 3265 τῶν
3647 3210 3970 3281 ὀφθαλμῶν,
4010 3211 4100 3273 ὡς
4122 3211 4317 3279 λέγειν’

2630 3294 2899 3347 Φώτισον
2920 3293 3059 3359 τοὺς
3076 3293 3423 3361 ὀφθαλμούς
3469 3310 3610 3363 μου,
3636 3290 3721 3359 μή
3758 3307 3909 3344 ποτε
3943 3292 4228 3343 ὐπνώσω
4252 3296 4319 3356 εἰς

2631 3370 2910 3425 θάνατον.
2969 3370 3082 3423 Καὶ
3138 3371 3554 3443 ἁμαρτημάτων
3602 3367 3756 3442 [155]
3799 3371 3855 3424 δὲ
3910 3368 4073 3422 οὕτω
4128 3373 4319 3423 πολλῶν

2632 3449 2931 3513 ὑπεύθυνον
2973 3451 3165 3506 ἐαυτὸν
3195 3447 3334 3505 εἶναι
3358 3448 3630 3521 ἐνόμιζεν,
3652 3447 3727 3511 ὡς
3752 3447 3939 3515 λέγειν
3963 3465 3978 3478 ο
4014 3448 4319 3515 Ἰλάσθητι

2630 3528 2705 3598 τῇ
2732 3530 2986 3599 ἁμαρτίᾳ
2999 3547 3142 3597 μου,
3164 3531 3370 3597 πολλὴ
3388 3530 3500 3599 γάρ
3521 3529 3713 3583 ἐστιν.
3756 3526 3923 3597 Ὑμῖν
3956 3526 4071 3598 μὲν
4102 3525 4199 3583 οὖν
4229 3538 4321 3594 τιῑς

2634 3609 2890 3679 μεγάλοις
2927 3610 3089 3680 ἀρκεῖ
3124 3610 3219 3663 καὶ
3258 3609 3462 3663 ταῦτα·
3514 3610 3649 3678 ἡμῖν
3676 3607 3734 3660 δὲ
3765 3608 3860 3661 καὶ
3924 3612 4080 3680 μετά
4131 3614 4319 3664 τούτω,

2630 3687 2737 3740 τῶν
2760 3688 3068 3759 φαρμάκων
3103 3690 3251 3742 ἐστὶν
3286 3687 3501 3756 ἀνάγκη
3531 3686 3727 3756 ἰσχυρά
3746 3687 3839 3740 καὶ
3869 3689 4047 3762 ἰκανὴ
4087 3692 4319 3746 καθεᾶεξν.

2627 3766 2689 3819 :0
2724 3766 2979 3837 φρόνημα
3010 3768 3105 3822 καὶ
3152 3768 3253 3836 τὴν
3292 3762 3611 3827 ἀλαζονείαν
3649 3764 3887 3819 ἃπασαν.
3940 3770 4012 3822 Τί
4063 3771 4135 3842 δὴ
4179 3774 4321 3825 τοίτό

2628 3845 2746 3899 ἐστι
2778 3846 2839 3911 i;
2883 3846 2957 3899 T0
3012 3846 3123 3899 τῶν
3181 3842 3595 3914 ἁμαρτημάτων
3610 3842 3832 3913 πλῆθος,
3888 3844 3954 3898 :0
3992 3849 4247 3911 συνειᾶὶς
4274 3852 4321 3901 τὸ

2630 3923 2903 3995 πονηρόν
2943 3924 3081 3993 ὅπερ
3139 3922 3361 3974 ἐπειδάν
3412 3920 3571 3992 ἡμῶν
3597 3922 3945 3995 ἐπιλάϐηται.
3986 3924 4125 3977 οὐδὲ
4182 3927 4319 3977 Exi:-

2628 4018 2728 4065 τας
2778 4002 3000 4073 ἀφίησιν
3039 4000 3270 4071 ἀρθῆναι
3304 4000 3439 4071 7:90;
3487 3999 3549 4053 :0
3583 3999 3734 4069 ὕψος.
3764 4003 3855 4055 Διδ
3895 4002 3963 4074 δὴ
3998 4003 4209 4073 δέομαι
4241 4006 4320 4056 καὶ

2630 4080 2894 4133 ἀντιϐολῶ
2929 4078 3065 4150 πρὸς
3093 4078 3191 4149 τῆς
3213 4077 3523 4149 παρρησίας
3553 4078 3739 4149 αὐτῆς,
3757 4075 3825 4152 ἦς
3850 4078 3945 4133 διὰ
3975 4081 4099 4134 τῶν
4135 4100 4319 4151 κατερ-

2632 4159 2898 4229 θωμάτων
2924 4158 3138 4227 ἐκτήσω
3174 4159 3311 4225 πρὸς
3340 4158 3429 4211 τὸν
3453 4157 3604 4223 Θεὸν,
3628 4161 3783 4230 χεῖρα
3817 4160 3954 4230 ἡμῖν
3976 4162 4187 4232 ὀρέξαι
4220 4181 4320 4215 cra.

2632 4238 2771 4308 εχῶς
2806 4236 3098 4306 δεομένοις,
3125 4234 3266 4288 ὥστε
3305 4235 3594 4307 δυνηθῆναι
3635 4238 3728 4291 καὶ
3765 4238 4050 4309 πενθῆσαι
4084 4241 4180 4292 τὸν
4208 4244 4318 4309 φόρ-

2630 4338 2722 4373 τον
2748 4317 2855 4371 τῶν
2898 4314 3167 4369 τοσούτων
3200 4315 3386 4369 κακῶν
3408 4317 3527 4370 κατ’
3556 4316 3711 4382 ἀξίαν
3732 4360 3745 4385 ,
3797 4318 3894 4372 καὶ
3935 4318 4317 4393 πενθήσαντιξ

2633 4396 2989 4452 ἐπιλαϐέσθαι
3030 4394 3175 4457 τινὸς
3218 4393 3337 4447 ὁδοῦ
3386 4395 3577 4468 φίλης,
3627 4398 3721 4450 καὶ
3764 4398 3903 4469 πρὸς
3943 4398 4047 4453 τὸν
4104 4402 4317 4472 ούρα·.ὲι

2627 4475 2903 4551 φερούσης
2934 4475 3105 4545 ἡμᾶς.
3157 4472 3243 4551 ἵνα
3276 4473 3351 4551 μὴ
3376 4474 3701 4539 ἀπελθόντες
3749 4478 3827 4539 εἰς
3862 4476 3960 4530 τὸν
4006 4478 4178 4551 ᾅδην,
4208 4483 4315 4531 ἕνα

2623 4549 2797 4617 οὐδεὶς
2831 4549 3267 4621 ἐξομολογεῖσθαι
3321 4550 3562 4620 δύναται,
3599 4554 3667 4606 τὰ
3727 4552 3837 4607 τῶν
3890 4565 3905 4603 J
3948 4549 4313 4629 ἠτιμῶμένιι.

2626 4634 2912 4703 πάθωμεν,
2941 4630 3152 4705 οὐδενὸς
3198 4630 3339 4699 ἡμᾶς
3366 4630 3753 4703 ἐξαιρουμένου
3787 4633 4002 4689 λοιπόν.
4042 4637 4202 4699 Ἕως
4231 4642 4313 4705 μὲι

2624 4716 2733 4785 7&9
2752 4701 2817 4767 ἂν
2839 4708 3026 4763 ἐνθάδε
3058 4701 3229 4778 ὦμεν,
3260 4710 3353 4763 καὶ
3377 4701 3539 4781 ἡμεῖς
3570 4701 3698 4783 παρ’
3732 4715 3886 4785 ὑμῶν
3922 4716 4155 4784 μεγάλα
4196 4701 4313 4784 χέε-

2626 4789 2913 4845 πώσασθαι
2973 4787 3337 4857 δυνησόμεθα,
3385 4791 3479 4844 καί
3536 4792 3694 4861 ὑμεῖς
3747 4795 3896 4865 ἡμᾶς
3956 4796 4311 4864 εὐεργετῆτιι

2633 4871 2702 4924 τά
2756 4868 3021 4941 μέγιστα’
3050 4865 3267 4919 ἐπειδὰν
3309 4866 3365 4921 δὲ
3397 4870 3716 4942 ἀπέλθωμεν
3741 4873 3876 4935 ἐκεῖ,
3900 4871 4039 4923 ἔνθα
4069 4875 4214 4942 μήτε
4241 4893 4309 4940 ς--

2632 4948 2744 5013 λος,
2773 4947 2911 5017 μήτε
2933 4942 3176 5012 ἀδελφὸς,
3216 4946 3351 5015 μήτε
3386 4948 3566 5019 πατὴρ
3594 4950 3897 5019 ἐπαρκέσαι
3938 4950 3966 4988 ιι
4006 4949 4275 5020 δυνήσετα
4298 4992 4311 5011 ,

2636 5029 2773 5097 μήτε
2802 5022 3147 5093 παραστῆναι
3182 5024 3561 5096 κολαζομένοις
3591 5029 3743 5097 ἡμῖν,
3785 5027 4013 5097 ἀνάγκη
4045 5028 4237 5083 λοιπὸν
4270 5050 4311 5085 ξι

2632 5104 2837 5176 ἀπορία
2858 5104 2953 5155 καὶ
2978 5102 3153 5173 σκότῳ
3184 5103 3335 5172 βαθεῖ
3364 5109 3459 5159 καὶ
3498 5107 3666 5177 πολλῇ
3700 5107 3809 5158 τῶν
3837 5108 4310 5180 παραμυθησαί-

2632 5202 2738 5237 νων
2767 5183 2973 5263 ἐρημίᾳ
2996 5182 3096 5251 τήν
3120 5182 3379 5238 ἀθάνατον
3408 5185 3574 5239 τίνειν
3597 5186 3775 5255 δίκην,
3807 5186 4102 5241 ἀνάλωτον
4122 5206 4151 5241 τ
4160 5209 4311 5263 ροεξητ

2630 5264 2695 5332 τῇ
2720 5262 3005 5332 παμφάγῳ
3026 5263 3344 5333 γινομένους
3372 5265 3551 5335 φλογί.

2688 5451 2715 5516 ἢ
2742 5454 2878 5504 ουκ).
2904 5454 3047 5516 πέσῃ,
3074 5455 3173 5504 ἐπεὶ
3191 5459 3271 5506 καὶ
3295 5460 3321 5507 ὁ
3347 5462 3442 5506 Δ...
3464 5457 3575 5516 παρ’
3594 5457 3763 5513 ἐαυτῷ.

2696 5515 2709 5552 ί
2743 5516 2879 5579 Colb.
2906 5518 2951 5579 τί
2971 5518 3022 5564 δὲ
3043 5516 3184 5566 τοῦτό
3208 5521 3321 5567 ἐστι
3350 5520 3473 5569 Infra
3501 5515 3628 5566 idem
3650 5518 3759 5563 οὐδε
3783 5518 4011 5579 ἀπιόντας,

2697 5586 2710 5624 ι
2741 5578 3055 5644 ιμίοιὺηούδείς
3074 5580 3469 5644 ἐξομολογήσεται
3489 5579 3640 5641 αὐτῷ,
3662 5582 3723 5625 τά
3746 5582 3861 5628 των.

2693 5644 2719 5680 ll
2753 5639 2803 5689 Ἀ
2811 5640 2977 5703 ρκέσαι
2996 5641 3133 5693 Colb.
