4532 6712
463 553 562 599 4⁵21

479 670 757 719 persuasus
785 675 903 716 esse
944 663 1218 719 innumera
1259 681 1354 720 nos
1390 666 1526 718 mala
1559 676 1924 737 perpetrasse,
1951 670 2045 726 sed

476 757 631 798 etiam
657 762 864 816 peccata
885 765 1062 808 nostra
1081 757 1253 808 omnia
1283 765 1389 806 tum
1415 771 1594 822 parva,
1619 766 1727 810 tum
1753 773 1959 826 magna,
1991 760 2042 815 in

482 838 634 894 corde
656 855 752 896 ceu
769 844 820 896 in
841 844 976 898 libro
1003 845 1264 910 descripta
1289 843 1504 907 habere,
1522 855 1594 908 et,
1615 862 1676 901 ac
1701 849 1745 902 si
1775 865 1941 917 nuper
1955 852 2048 905 ad.

476 926 632 981 missa
657 940 854 994 essent,
885 934 1080 1000 lugere.
1100 930 1171 982 lta
1195 932 1334 984 enim
1352 934 1511 987 animi
1531 938 1882 1006 arrogantiam
1901 939 2047 994 cohi-

475 1019 652 1075 berem
662 1040 742 1089 us,
761 1025 804 1077 si
824 1025 1125 1091 frequenter
1140 1023 1210 1074 illi
1231 1026 1438 1093 propria
1458 1027 1594 1080 mala
1606 1043 2048 1086 commemorare-

475 1127 612 1166 tnus.
640 1112 865 1167 Tantum
896 1121 981 1165 est
1021 1112 1214 1164 bonum
1257 1125 1592 1181 peccatorum
1624 1120 1920 1175 recordatio
1942 1163 1958 1188 ,
1991 1131 2048 1174 ut

474 1201 658 1256 beatus
686 1203 879 1254 Paulus
900 1201 1008 1268 jam
1040 1202 1210 1256 deleta
1241 1203 1460 1259 crimina
1495 1206 1800 1277 frequenter
1836 1211 1888 1264 in
1931 1225 2046 1264 me-

476 1291 620 1344 dium
649 1290 955 1344 adduceret.
983 1290 1114 1357 Quia
1140 1294 1279 1349 enim
1319 1298 1494 1366 priora
1535 1300 1710 1353 omnia
1737 1316 1833 1369 per
1872 1300 2046 1368 bapti-

475 1396 646 1433 smum
675 1380 935 1447 abluerat,
965 1391 1018 1436 et
1049 1395 1228 1452 postea
1265 1402 1394 1456 pure
1423 1389 1648 1455 vixerat,
1673 1391 1742 1442 ita
1771 1399 1826 1443 ut
1851 1390 2047 1444 nullius

474 1470 575 1521 sibi
614 1470 858 1524 conscius
882 1483 1053 1538 esset,
1083 1491 1180 1530 nec
1209 1479 1438 1546 peccatis
1463 1488 1605 1533 esset
1637 1478 1923 1534 obstrictus
1951 1495 2048 1548 pro

471 1560 664 1628 quibus
694 1561 1060 1631 ingemisceret
1080 1610 1094 1632 ,
1127 1585 1187 1623 ea
1214 1585 1331 1638 qua:
1362 1577 1485 1623 ante
1512 1569 1830 1636 baptismum
1874 1570 2046 1625 admi-

475 1660 649 1716 serat,
686 1652 795 1722 jam
841 1653 1012 1711 deleta
1057 1660 1508 1713 commemorabat
1558 1660 1745 1714 dicens
1776 1677 1789 1713 :
1819 1660 2045 1717 Christus

473 1743 620 1797 Jesus
645 1748 774 1800 venit
802 1749 854 1802 in
880 1751 1121 1804 mundum
1146 1761 1428 1820 peccatores
1453 1751 1678 1817 salvere,
1704 1768 1915 1820 quorum
1941 1756 2047 1823 pri-

474 1849 584 1885 mus
611 1851 698 1904 ego
725 1853 836 1890 sum
861 1839 938 1908 (1.
964 1838 1097 1893 Tim.
1128 1841 1181 1894 1.
1206 1837 1316 1908 15);
1348 1852 1410 1892 ac
1437 1854 1669 1907 rursum,
1702 1839 1932 1896 Fidelem
1969 1859 2048 1897 me

473 1926 787 1992 existimavit,
818 1947 1006 1999 ponens
1033 1932 1084 1983 in
1113 1930 1388 1982 ministerio
1412 1931 1531 2000 :qui
1560 1932 1699 1998 prius
1726 1931 2047 2002 blasphemus

475 2018 568 2084 fui,
599 2027 646 2071 et
673 2030 954 2086 persecutor
980 2019 1363 2074 contumeliosus
1395 2021 1469 2092 (1.
1501 2021 1638 2077 Tim.
1686 2025 1737 2078 1.
1787 2025 1876 2081 12.
1911 2026 1996 2095 15)
2027 2043 2040 2078 :

432 2122 624 2174 vsupra
651 2111 853 2164 modum
878 2111 1008 2164 enim
1035 2109 1362 2178 persequebar
1388 2110 1666 2167 Ecclesiam
1696 2114 1805 2182 Dei,
1837 2125 1882 2170 et
1903 2117 2046 2170 deva-

470 2197 659 2250 stabam
687 2215 795 2252 eam
816 2200 832 2261 l
853 2199 966 2253 Gal.
997 2201 1049 2254 1.
1084 2198 1180 2269 15)
1206 2215 1220 2264 ;
1251 2210 1303 2254 et
1329 2201 1547 2269 iterum,
1579 2203 1696 2258 Non
1723 2221 1832 2259 sum
1864 2207 2044 2276 dignus

471 2289 634 2340 vocari
661 2289 919 2354 apostolus
944 2290 1021 2358 (1.
1049 2289 1166 2342 Cor.
1191 2291 1277 2343 15.
1299 2290 1376 2360 9).
1403 2292 1550 2347 Licet
1570 2295 1711 2348 enim
1740 2311 1838 2350 nos
1864 2312 1892 2348 a
1923 2312 2046 2363 pec-

468 2379 598 2432 catis
628 2378 728 2431 illis
756 2379 1027 2433 absolutos
1051 2378 1316 2445 dimittat,
1350 2392 1571 2450 possunt
1601 2393 1780 2437 tamen
1809 2384 1896 2437 illa
1926 2390 2043 2439 ani-

469 2483 608 2521 mam
651 2468 717 2522 ad
759 2471 1129 2523 verecundiam
1161 2485 1450 2539 provocare
1477 2483 1532 2527 et
1569 2473 1636 2527 ad
1665 2474 1758 2528 Dei
1805 2489 2041 2530 amorem

467 2559 808 2612 vehementer
835 2559 1102 2614 inducere.
1133 2561 1342 2616 Etenim
1389 2562 1742 2633 interrogatus
1782 2565 1967 2620 Simon
2013 2581 2044 2621 a

469 2651 726 2716 Domino,
765 2653 883 2720 quis
925 2667 992 2707 ex
1038 2653 1242 2709 duobus
1293 2656 1619 2711 debitoribus
1666 2656 2040 2713 fmneratorcm

468 2741 584 2809 plus
611 2741 870 2812 diligeret,
897 2758 1018 2797 cum
1046 2745 1425 2812 respondisset,
1453 2745 1701 2801 Existimo
1745 2750 1762 2780 ³
1792 2753 1911 2818 quia
1959 2751 2000 2803 is
2022 2791 2035 2815 ,

465 2833 546 2885 cui
588 2833 700 2901 plus
744 2834 990 2902 donavit,
1019 2835 1253 2902 audivit,
1292 2836 1443 2892 Recte
1473 2838 1724 2908 judicasti
1784 2840 1932 2911 (Luc.
1985 2842 2036 2894 7.

465 2925 535 2977 ιδ
559 2923 597 2993 ).

540 3014 591 3065 7.
621 3013 750 3067 Cum
779 3014 919 3068 enim
950 3016 1358 3086 recogitabimus
1388 3018 1608 3088 pristina
1637 3031 1849 3090 peccata
1868 3059 1889 3088 ,
1914 3030 2040 3078 tunc

465 3117 844 3172 cognoscemus
871 3105 1061 3160 divina:
1090 3108 1271 3176 gratia:
1301 3110 1657 3177 praestantiam
1681 3152 1696 3177 ,
1728 3120 1854 3166 tunc
1891 3113 2038 3168 humi

465 3195 806 3263 respiciemus
828 3236 844 3261 ,
873 3205 997 3250 tunc
1042 3213 1140 3252 nos
1177 3199 1242 3252 ad
1280 3201 1553 3255 meliorem
1592 3202 1794 3272 frugem
1820 3205 2042 3274 recipie-

465 3297 602 3338 mus.
627 3287 834 3350 Quanto
857 3287 996 3341 enim
1025 3289 1313 3356 majoribus
1335 3289 1549 3345 obnoxii
1577 3294 1776 3348 erimus
1802 3296 2037 3350 crimini-

463 3374 561 3428 bus
584 3414 600 3440 ,
632 3385 776 3431 tanto
811 3378 998 3446 majori
1047 3379 1248 3448 pudore
1292 3381 1603 3439 afficiemur.
1626 3385 1820 3441 Paulus
1859 3387 2034 3458 itaque

461 3471 620 3521 etiam
648 3469 990 3536 pristinorum
1018 3471 1226 3526 illorum
1251 3474 1658 3541 recordabatur;
1690 3492 1787 3533 nos
1818 3493 1885 3533 ne
1911 3480 2033 3534 illo-

462 3575 579 3614 rum
608 3562 818 3630 quidem
838 3603 854 3630 ,
882 3578 1000 3632 qua:
1043 3573 1160 3633 post
1207 3565 1524 3635 baptismum
1571 3569 1911 3638 admisimus,
1943 3587 2031 3626 re-

461 3651 664 3706 cordari
682 3653 942 3720 volumus,
965 3671 1083 3725 qua:
1102 3656 1252 3710 nobis
1269 3657 1556 3726 periculum
1571 3668 1769 3724 creant,
1794 3676 1910 3730 qua:
1933 3677 2030 3716 nos

460 3747 685 3799 examini
715 3747 971 3802 obnoxios
999 3749 1323 3802 constituunt
1346 3766 1360 3814 ;
1386 3750 1480 3804 sed
1507 3750 1713 3806 etiamsi
1739 3753 2031 3822 cujuspiam

460 3835 690 3904 ipsorum
717 3839 964 3907 cogitatio
991 3840 1141 3894 nobis
1162 3839 1418 3907 inciderit,
1436 3841 1713 3896 confestim
1739 3843 2024 3910 resilimus,

458 3942 524 3980 ne
571 3927 715 3982 brevi
761 3928 974 3998 quidem
1013 3938 1250 3997 tempore
1289 3929 1518 3984 animam
1562 3945 1624 3984 ea
1666 3933 2032 3989 recordatione

458 4033 690 4074 mmrore
736 4021 948 4075 allicere
997 4021 1257 4075 volentes.
1300 4021 1458 4091 Atqui
1498 4021 1773 4079 innumera
1816 4040 1879 4081 ex
1932 4027 2032 4083 hac

456 4110 630 4165 inutili
657 4113 822 4181 gratia
855 4114 1004 4168 nobis
1032 4114 1168 4167 mala
1206 4113 1496 4182 pariuntur.
1525 4114 1634 4171 Hac
1660 4117 1801 4171 enim
1829 4117 2033 4174 doloris

458 4203 718 4257 vacuitate
757 4218 820 4258 ac
865 4205 1084 4259 mollitie
1127 4204 1400 4269 instructi,
1432 4207 1652 4274 pristina
1700 4217 1915 4276 peccata
1963 4224 2032 4265 ne

453 4293 691 4348 confiteri
721 4295 932 4364 quidem
963 4310 1239 4365 possumus
1259 4313 1271 4349 :
1290 4296 1553 4365 quomodo
1583 4312 1879 4366 possemus,
1911 4314 2030 4354 cum

454 4399 520 4438 ne
567 4387 877 4440 memoriam
924 4386 1138 4456 quidem
1181 4401 1366 4441 eorum
1406 4386 1685 4443 admittere
1728 4389 2030 4443 soleamus?

455 4472 645 4540 Sicque
677 4483 855 4543 postea
884 4477 933 4528 iu
964 4486 1176 4545 peccata
1202 4475 1403 4532 facilius
1423 4476 1665 4531 labimur.
1692 4478 1822 4532 Nam
1849 4479 1892 4533 si
1916 4479 2029 4532 illo-

454 4577 569 4615 rum
602 4566 851 4617 memoria
874 4567 1011 4633 apud
1039 4581 1135 4620 nos
1165 4581 1374 4636 semper
1398 4567 1588 4636 vigeat,
1624 4577 1767 4623 metu
1796 4568 2026 4622 animam

455 4655 787 4721 exagitante,
817 4655 867 4707 in
918 4667 1163 4723 promptu
1189 4667 1269 4712 est
1319 4658 1433 4724 ejus
1459 4659 1735 4714 mollitiem
1784 4669 1838 4714 et
1879 4660 2025 4713 incu-

453 4744 582 4796 riam
611 4752 873 4797 excutere.
897 4743 1048 4811 Quod
1073 4747 1117 4798 si
1143 4746 1243 4801 hoc
1259 4747 1475 4801 fraenutn
1500 4748 1731 4816 auferas,
1747 4749 1862 4818 quis
1885 4750 2026 4803 illam

455 4846 633 4904 postea
663 4835 1111 4900 cobibebit,cum
1154 4838 1307 4904 pulso
1346 4849 1488 4892 metu
1532 4855 1591 4894 se
1637 4841 1688 4894 in
1737 4841 2027 4910 praecipitia

453 4928 714 4996 conjicict,
745 4937 798 4979 et
824 4926 876 4979 in
909 4929 1155 4994 perniciei
1186 4928 1433 4982 barathra
1461 4931 1757 4986 delabetur.
1790 4932 1912 4986 Ideo
1935 4932 2023 5001 ju-

452 5029 566 5072 stus
605 5019 690 5072 ille
725 5019 953 5071 futurum
995 5018 1094 5071 sibi
1142 5020 1457 5088 supplicium
1503 5023 1819 5093 depingebat
1847 5063 1864 5088 ,
1906 5023 2025 5078 ideo

454 5110 613 5162 flebat
640 5117 694 5162 et
720 5108 961 5178 gemebat
987 5125 999 5160 :
1027 5117 1184 5177 atque
1211 5111 1287 5163 sic
1307 5126 1371 5165 ex
1390 5113 1674 5168 abundanti
1701 5130 1758 5170 se
1785 5115 2019 5185 gerebat.

460 5198 618 5253 Vobis
664 5214 792 5252 sane
832 5197 1033 5268 magnis
1075 5199 1202 5253 viris
1229 5201 1296 5254 ad
1334 5207 1795 5273 compunctionem
1829 5205 2023 5262 suﬂicit

518 5329 533 5358 ί
571 5328 740 5390 verba,
765 5329 982 5381 eaistinw
1003 5329 1132 5394 quia,
1156 5332 1277 5392 apud
1300 5333 1427 5386 Oolb.
1452 5335 1647 5388 desunt.

1301 567 1388 614 tu;
1419 564 1956 622 (LUMPUNCTIONE
1995 568 2083 622 AD
2112 567 2577 628 STELECIIIUM.
2619 574 2746 632 LIB.
2792 579 2854 633 ll.

3616 593 3724 648 422

2150 677 2418 733 recordari
2458 680 2832 740 beneﬁciorum
2861 687 2973 757 Dei,
2997 702 3138 752 recte
3163 696 3418 754 factorum
3444 701 3678 758 oblivisci
3705 747 3720 768 .

2151 777 2396 823 accurate
2423 775 2646 829 scrutari
2675 791 2743 831 ne
2770 779 2895 847 quid
2924 784 3004 836 vel
3032 786 3303 842 minimum
3329 788 3508 844 delicti
3551 792 3722 845 admi-

2152 858 2328 912 seritis
2351 901 2364 923 ,
2396 878 2612 933 magnos
2640 868 2783 923 viros
2808 872 2896 939 qui
2934 873 3217 933 admodum
3248 881 3358 935 Deo
3383 883 3629 952 placuere
3657 886 3726 937 ob

2151 949 2335 1003 oculos
2363 952 2555 1010 habere
2585 974 2598 1008 :
2627 969 2746 1026 post
2771 959 2889 1017 lucc
2909 965 3085 1018 omnia
3108 949 3444 1026 considerare
3470 975 3726 1029 incertam

2153 1037 2313 1092 futuri
2343 1045 2700 1104 conditionem
2723 1091 2737 1115 ,
2769 1055 3004 1110 animum
3028 1057 3096 1111 ad
3130 1059 3333 1128 lapsum
3359 1072 3412 1117 et
3439 1064 3504 1117 ad
3541 1080 3725 1132 pecca-

2151 1137 2262 1219 mm
2281 1133 2594 1199 proclivem:
2613 1143 2752 1210 quod
2769 1154 2822 1198 et
2836 1145 3028 1203 Paulus
3049 1152 3336 1219 metuebat,
3351 1169 3472 1210 etun
3490 1155 3688 1211 diceret
3705 1175 3719 1212 :

2153 1217 2320 1318 Timeo
2346 1241 2407 1278 ne
2431 1228 2543 1281 aliis
2566 1233 2863 1302 praedicans,
2894 1238 3001 1302 ipse
3022 1241 3260 1311 reprobus
3287 1217 3471 1316 e/ﬁciar
3495 1245 3572 1318 (1.
3601 1248 3700 1300 Cor

2150 1309 2211 1409 Si:
2232 1311 2354 1409 2‘71;
2450 1357 2464 1383 ,
2495 1318 2596 1383 Qui
2632 1321 2825 1377 videtur
2860 1335 3008 1392 stare,
3031 1309 3193 1386 videat
3219 1351 3282 1387 ne
3312 1309 3462 1389 cadat
3499 1309 3575 1409 ξι.
3603 1336 3722 1392 Cor.

2150 1400 2235 1456 10.
2263 1401 2369 1476 12).
2385 1405 2472 1461 Sic
2495 1418 2549 1463 et
2569 1410 2730 1466 David
2752 1412 2866 1470 hzec
2880 1419 3054 1472 omnia
3070 1435 3246 1476 secum
3269 1400 3536 1482 volvebat:
3557 1428 3723 1484 bene-

2149 1494 2264 1549 ficia
2293 1499 2486 1568 quippe
2506 1501 2597 1555 Dei
2613 1503 2866 1572 cogitans,
2891 1507 3129 1564 dicebat:
3151 1511 3284 1576 Quid
3307 1525 3377 1568 est
3397 1517 3565 1583 homo,
3589 1521 3723 1588 quod

2148 1603 2337 1642 memor
2356 1607 2407 1644 es
2424 1595 2550 1661 ejus,
2573 1605 2659 1647 aut
2687 1597 2824 1664 ﬁlius
2852 1600 3088 1670 hominis,
3117 1605 3354 1674 quoniam
3378 1608 3545 1662 visitas
3571 1627 3682 1664 eum
3699 1613 3724 1665 ?

2149 1677 2381 1732 Minuisti
2407 1697 2520 1734 eum
2551 1686 2704 1753 paulo
2739 1689 2902 1743 minus
2928 1692 2990 1745 ab
3022 1692 3216 1763 angelis
3237 1711 3256 1750 :
3277 1695 3442 1766 gloria
3466 1708 3512 1750 et
3537 1699 3725 1755 honore

2149 1773 2398 1823 coronasti
2449 1788 2563 1826 eum
2612 1776 2804 1846 (Psal.
2842 1781 2896 1835 8.
2944 1783 2996 1837 5.
3024 1784 3119 1855 6).
3151 1785 3225 1840 Ita
3279 1803 3405 1844 vero
3449 1801 3591 1846 recte
3637 1793 3718 1847 fa-

2149 1873 2352 1918 ctorum
2380 1867 2575 1923 oblitus
2602 1880 2743 1935 erat,
2772 1881 2832 1926 ut
2861 1885 3134 1944 postquam
3171 1879 3451 1936 innumera
3487 1883 3722 1952 philoso-

2148 1956 2287 2026 phiae
2308 1961 2548 2029 exempla
2573 1961 2813 2031 dederat,
2836 1965 3036 2022 diceret
3063 1983 3077 2020 :
3103 1967 3229 2034 Quis
3247 1987 3360 2025 sum
3373 1989 3484 2043 ego,
3509 1973 3723 2029 Domine

2148 2052 2236 2118 mi,
2261 2049 2495 2120 Domine,
2524 2064 2570 2108 et
2591 2072 2705 2125 qua:
2729 2057 2908 2113 domus
2931 2061 3088 2129 patris
3111 2063 3228 2130 mei,
3253 2063 3372 2132 quia
3399 2064 3620 2120 dilexisti
3645 2084 3723 2121 me

2146 2161 2203 2199 eo
2231 2162 2384 2215 usque
2400 2147 2426 2200 ?
2453 2158 2499 2200 et
2525 2165 2679 2217 parva
2706 2152 2813 2204 visa
2829 2162 2947 2206 sunt
2973 2154 3078 2208 lucc
3106 2155 3158 2208 in
3183 2167 3449 2224 conspectu
3478 2167 3582 2224 tuo,
3610 2158 3723 2213 Do-

2146 2236 2277 2288 mine
2299 2238 2366 2289 mi
2383 2254 2402 2292 :
2419 2246 2464 2291 et
2486 2237 2679 2294 locutus
2699 2257 2748 2295 es
2771 2258 2860 2310 pro
2879 2242 3028 2297 domo
3051 2245 3177 2299 servi
3198 2247 3272 2299 tui
3294 2246 3347 2300 in
3371 2249 3719 2318 longinquum.

2148 2322 2275 2376 Haec
2302 2336 2374 2378 est
2402 2327 2534 2380 enim
2558 2328 2640 2381 lea:
2667 2331 2900 2396 hominis,
2929 2332 3143 2387 Domine
3163 2336 3252 2399 mi,
3274 2336 3487 2391 Domine
3510 2379 3525 2404 ,
3557 2340 3624 2391 ad
3650 2349 3718 2394 te.

2146 2411 2217 2466 Et
2235 2415 2356 2483 quid
2373 2417 2520 2469 addet
2542 2417 2705 2473 David
2718 2421 2882 2474 adhuc
2900 2420 3034 2492 loqui
3061 2425 3127 2476 ad
3143 2434 3189 2478 te
3202 2423 3278 2495 (2.
3293 2424 3420 2494 Reg.
3439 2428 3492 2481 7.
3511 2429 3720 2497 18-20)?

2148 2503 2358 2560 Etcum
2385 2508 2642 2578 majorum
2659 2524 2874 2566 suorum
2899 2514 3145 2570 virtutem
3171 2517 3448 2584 recoleret,
3472 2534 3590 2574 sese
3616 2521 3722 2576 illis

2145 2612 2479 2668 comparans,
2499 2602 2628 2656 nihil
2656 2603 2930 2674 reputabat
2953 2621 3090 2662 esse.
3114 2607 3244 2663 Nam
3271 2619 3545 2681 postquam
3567 2612 3723 2667 dixe:

2143 2699 2263 2757 rat,
2294 2689 2362 2746 In
2388 2704 2434 2746 te
2460 2706 2784 2764 speraverant
2819 2706 2986 2766 patres
3024 2699 3183 2753 nostri
3208 2699 3381 2770 (Psal.
3411 2701 3501 2757 21.
3530 2705 3621 2774 6),
3649 2703 3719 2760 do

2143 2784 2319 2854 seipse
2348 2785 2569 2856 loquens
2605 2788 2782 2844 intulit
2809 2807 2823 2842 :
2856 2788 2968 2860 Ego
2993 2801 3160 2845 autem
3183 2808 3295 2846 sum
3332 2796 3512 2848 vermis
3539 2805 3585 2848 et
3613 2813 3718 2849 non

2143 2876 2311 2930 hanto.
2340 2876 2600 2934 Incertam
2629 2895 2756 2934 vero
2783 2880 2942 2936 futuri
2972 2882 3330 2940 conditionem
3356 2885 3426 2940 ita
3451 2901 3562 2957 pra:
3585 2902 3718 2942 ocu-

2140 2967 2208 3022 lis
2232 2967 2411 3023 habuit
2436 3010 2453 3034 ,
2483 2978 2544 3024 ut
2579 2970 2779 3026 diceret
2810 2989 2824 3026 :
2854 2971 3099 3026 lllumina
3128 2974 3300 3028 oculos
3325 2991 3481 3044 meos,
3508 2993 3573 3032 ne
3607 2993 3707 3030 um-

2141 3072 2292 3125 quam
2329 3057 2642 3114 obdormiam
2682 3061 2737 3114 in
2776 3072 2935 3115 morte
2962 3061 3132 3132 (Psal.
3181 3063 3267 3120 12.
3308 3065 3388 3136 4).
3416 3067 3591 3136 Seque
3640 3077 3717 3124 tot

2141 3159 2477 3218 peccatorum
2519 3167 2670 3206 reum
2715 3153 3104 3222 arbitrabatur,
3148 3165 3208 3210 ut
3248 3156 3326 3212 sic
3362 3157 3714 3228 loqueretur:

2140 3239 2400 3310 PrOpitius
2424 3251 2528 3296 esto
2559 3253 2760 3307 peccato
2789 3261 2918 3312 meo,
2943 3246 3156 3299 multum
3175 3255 3248 3302 est
3264 3249 3395 3303 enim
3417 3249 3435 3320 (
3445 3248 3588 3306 Psal.
3622 3249 3714 3306 24.

2141 3331 2203 3386 ii
2229 3330 2270 3400 ).
2303 3331 2467 3388 Vobis
2504 3334 2682 3405 itaque
2719 3335 2925 3406 magnis
2953 3337 3068 3392 lucc
3092 3339 3221 3392 satis
3247 3350 3370 3395 sunt
3397 3356 3411 3393 :
3441 3341 3593 3395 nobis
3617 3355 3716 3394 au-

2137 3429 2244 3476 tem
2273 3436 2392 3477 cum
2425 3431 2501 3477 tot
2527 3423 2775 3480 remediis
2798 3428 3086 3481 necessitas
3112 3439 3358 3496 superest
3379 3428 3574 3496 valida,
3593 3444 3716 3499 quas

2137 3515 2304 3584 possit
2341 3515 2643 3584 superbiam
2682 3525 2738 3572 et
2777 3516 3133 3588 arrogantiam
3172 3532 3385 3573 omnem
3427 3518 3493 3574 de
3537 3519 3717 3575 medio

2137 3604 2344 3661 tollere.
2375 3606 2552 3676 Ecqua
2596 3605 2685 3662 illa
2723 3607 2842 3663 est?
2867 3607 3214 3663 Peccatorum
3238 3607 3518 3664 multitudo
3537 3651 3553 3678 ,
3581 3625 3714 3666 con-

2135 3698 2354 3753 scientia
2402 3699 2540 3753 mala
2563 3738 2578 3766 ,
2603 3714 2721 3770 qua:
2756 3708 3032 3769 postquam
3059 3715 3156 3755 nos
3194 3703 3500 3770 occupavit,
3527 3718 3595 3757 ne
3619 3717 3714 3757 vo-

2136 3789 2306 3845 lentes
2327 3790 2540 3859 quidem
2567 3790 2688 3845 sinit
2727 3789 2793 3844 ad
2817 3789 3060 3845 sublimia
3096 3790 3247 3860 erigi.
3277 3791 3452 3858 Quare
3488 3792 3713 3848 obsecro

2135 3887 2191 3934 et
2214 3893 2343 3950 rogo
2368 3894 2463 3950 per
2492 3880 2739 3934 fiduciam
2767 3879 2912 3935 illam
2935 3919 2952 3945 ,
2977 3895 3137 3951 quam
3165 3894 3234 3936 ex
3267 3881 3423 3937 bonis
3460 3883 3711 3952 operibus

2134 3971 2275 4041 apud
2303 3972 2467 4026 Deum
2496 3972 2842 4041 acquisivisti,
2865 3973 3021 4028 nobis
3046 3971 3349 4042 frequenter
3371 3974 3711 4042 precantibus

2136 4077 2348 4117 manum
2392 4062 2630 4134 porrigas
2654 4105 2670 4131 ,
2698 4078 2805 4134 quo
2841 4063 3107 4133 possimus
3134 4071 3401 4118 tantorum
3447 4064 3709 4118 malorum

2135 4154 2395 4209 sarcinam
2437 4168 2534 4224 pro
2561 4154 2749 4209 merito
2772 4154 3054 4223 deplorare
3073 4194 3090 4221 ,
3119 4161 3176 4209 et
3197 4161 3320 4223 post
3345 4153 3543 4208 luctum
3569 4154 3710 4209 viam

2134 4244 2419 4315 quamdam
2461 4245 2685 4300 amicam
2709 4255 2764 4300 et
2791 4244 2859 4299 ad
2883 4245 3071 4300 caelum
3109 4258 3208 4300 nos
3239 4243 3522 4300 ducentem
3562 4257 3709 4298 asse-

2094 4359 2102 4364 -
2133 4335 2225 4404 qui
2248 4375 2262 4402 ,
2286 4349 2354 4388 ne
2391 4334 2442 4388 in
2482 4334 2744 4389 infernum
2783 4333 3017 4401 deducti,
3045 4334 3133 4390 ubi
3158 4349 3316 4388 nemo
3341 4333 3581 4389 conﬁteri
3610 4348 3706 4403 po-

2135 4431 2256 4487 test,
2287 4437 2348 4477 ea
2375 4423 2657 4492 patiamur,
2682 4438 2801 4492 qua:
2829 4425 3098 4493 patiuntur
3119 4422 3350 4492 reprobi,
3374 4423 3585 4477 nemine
3604 4437 3704 4477 nos

2132 4513 2384 4582 deinceps
2408 4514 2664 4582 eripiente
2689 4512 2858 4582 (Psal.
2883 4509 2970 4564 l9.
2991 4508 3102 4578 22.)
3124 4506 3302 4564 Donec
3326 4513 3468 4567 enim
3492 4513 3580 4568 hic
3599 4513 3706 4566 eri-

2131 4619 2248 4658 mus
2271 4645 2286 4671 ,
2315 4613 2370 4659 et
2393 4619 2490 4659 nos
2519 4619 2552 4659 a
2577 4602 2728 4659 vobis
2771 4617 3015 4672 magnum
3053 4601 3324 4672 percipere
3351 4600 3575 4655 fructum
3605 4614 3703 4668 po-

2132 4695 2351 4750 terimus
2377 4736 2397 4762 ,
2425 4703 2480 4750 et
2527 4708 2626 4750 vos
2663 4693 2817 4748 nobis
2859 4690 3116 4748 beneﬁcia
3169 4690 3416 4747 conferre
3469 4691 3701 4744 maxima

2129 4784 2393 4839 valebitis.
2445 4784 2580 4838 Cum
2629 4791 2808 4840 autem
2853 4783 2946 4838 illo
2992 4782 3362 4838 advenerimns
3389 4821 3406 4847 ,
3460 4781 3549 4836 ubi
3603 4795 3704 4834 nec

2127 4879 2354 4944 amicus,
2380 4892 2479 4932 nec
2505 4875 2687 4944 frater,
2713 4890 2811 4931 nec
2838 4882 2987 4943 pater
3003 4874 3194 4944 juvare
3215 4880 3462 4943 poterunt
3483 4914 3497 4937 ,
3527 4886 3702 4941 neque

2129 4970 2282 5024 nobis
2307 4985 2492 5040 pcenas
2537 4969 2780 5023 dantibus
2829 4966 3038 5032 adesse,
3084 4979 3304 5020 necesse
3352 4963 3563 5018 demum
3599 4963 3703 5016 erit

2128 5061 2181 5115 in
2225 5061 2489 5115 anxietate
2525 5068 2579 5114 et
2617 5058 2800 5114 densis
2822 5057 3089 5122 tenebris,
3115 5054 3286 5111 omnis
3326 5054 3702 5110 consolationis

2126 5160 2378 5220 expertes
2415 5150 2718 5205 immortale
2755 5148 3069 5219 supplicium
3114 5147 3261 5201 luere
3283 5186 3299 5211 ,
3329 5145 3503 5200 omnia
3532 5143 3698 5197 devo-

2125 5242 2292 5296 rantis
2319 5240 2545 5298 ﬂamma:
2581 5255 2756 5298 escam
2797 5252 3079 5309 numquam
3121 5235 3531 5294 consumendam
3569 5231 3697 5288 elle-

2132 5341 2266 5389 ClOS.
