4532 6718
1612 590 1668 645 S.
1708 586 1988 647 JOANNIS
2029 583 2510 643 CHRYSOSTOMI
2553 582 2874 639 ARCIIIEP.
2916 580 3462 638 CONSTANTlNOP.

4035 588 4136 644 HJ

1527 1311 1609 1370 ΙΝ
1644 1308 1927 1370 LIBROS
1961 1309 2069 1369 AD
2113 1305 2553 1368 STAGIRIUM
2586 1311 2635 1369 A
2681 1303 3043 1366 DJEMONE
3083 1304 3481 1369 VEXATUM

961 1673 1139 1730 llosce
1160 1672 1326 1726 libros
1356 1667 1829 1740 Clirysostomum,
1860 1679 1985 1719 cum
2015 1663 2283 1720 diaconus
2303 1675 2470 1728 esset,

890 1781 1130 1839 edidisse
1180 1777 1435 1833 Socrates
1475 1774 1572 1842 ait,
1607 1773 1702 1829 lib.
1735 1789 1811 1838 vr,
1849 1790 1899 1831 c.
1927 1772 1964 1826 ὅ
1985 1814 2000 1838 ,
2031 1769 2281 1826 videlicet
2326 1777 2476 1839 post-

891 1903 1058 1960 quam
1080 1886 1307 1941 adversa
1339 1881 1648 1938 valetudine
1670 1879 1946 1947 laborans,
1977 1895 2044 1936 ex
2076 1892 2294 1935 secessu
2319 1890 2476 1929 mon-

896 1996 1034 2050 tium
1089 1993 1143 2046 in
1200 1990 1389 2046 urbem
1437 1987 1614 2044 redire
1655 1996 1880 2042 coactus
1917 1994 2019 2052 est,
2075 1983 2221 2054 quod
2279 1979 2478 2036 accidit

895 2116 1044 2157 anno
1069 2096 1197 2164 380,
1235 2104 1295 2152 ut
1326 2093 1578 2166 pluribus
1611 2093 1667 2148 in
1708 2091 1828 2146 Vita
1855 2092 2031 2147 sancti
2072 2089 2314 2146 doctoris
2342 2103 2474 2142 nar-

896 2216 1070 2260 ratur.
1104 2201 1205 2258 Hic
1254 2208 1436 2256 autem
1477 2199 1654 2254 obiter
1685 2211 2012 2261 monemus,
2055 2195 2299 2259 titulum,
2331 2194 2476 2266 Πρὸς

893 2303 1228 2374 Σταγείρων,
1261 2315 1542 2371 perperam
1587 2299 1723 2356 verti
1749 2299 1818 2354 ab
1857 2299 1923 2354 Η.
1956 2298 2194 2364 Valesio,
2233 2296 2476 2354 Socratis

894 2412 1207 2480 interprete,
1237 2405 1501 2461 Adversus
1549 2404 1866 2476 Stagirium.
1902 2403 2018 2459 Etsi
2053 2418 2185 2458 vero
2223 2401 2475 2458 Socrates

894 2516 954 2571 ln
1005 2514 1073 2570 iis
1120 2512 1358 2569 maxime
1408 2526 1531 2580 quae
1575 2510 1643 2565 ad
1690 2508 2140 2579 Chrysostomum
2181 2507 2472 2578 pertinent,

894 2621 1214 2692 frequenter
1257 2618 1525 2674 calculum
1581 2617 1722 2671 male
1778 2625 1966 2686 ponat,
2029 2615 2118 2670 hic
2156 2623 2360 2678 tamen,
2416 2612 2472 2666 in

893 2729 1016 2798 ipso
1052 2726 1178 2781 libri
1213 2724 1420 2792 limine,
1470 2722 1685 2778 videtur
1726 2721 1804 2776 illi
1847 2719 2276 2792 Chrysostomus
2339 2717 2469 2774 asti-

892 2835 1072 2907 pulari
1101 2851 1114 2888 :
1149 2832 1492 2902 Oportuerat,
1522 2830 1718 2900 inquit,
1747 2844 1841 2883 nos
1867 2827 1960 2881 tibi
1993 2841 2132 2881 nunc
2167 2825 2370 2889 adesse,
2398 2832 2478 2878 at-

892 2954 994 3010 que
1021 2940 1077 2992 in
1116 2951 1473 2990 aerumnarum
1513 2942 1726 2987 tuarum
1769 2931 2092 2985 consortium
2129 2929 2376 2994 transire,
2410 2943 2475 2981 ac

892 3043 1060 3099 verbis
1092 3040 1442 3106 exhortando,
1480 3053 1631 3108 opere
1655 3030 1912 3107 juvando,
1948 3044 2240 3101 cunctaque
2268 3033 2474 3103 reliqua

891 3167 990 3222 pro
1029 3148 1174 3204 uirili
1219 3155 1403 3202 nostra
1446 3153 1596 3214 parte
1631 3143 1904 3213 inferendo
1953 3142 2222 3211 obsequia,
2268 3148 2472 3208 partem

893 3257 1134 3326 aliquam
1181 3253 1345 3309 lenire
1384 3250 1621 3305 maeroris
1646 3264 1665 3302 :
1689 3249 1938 3318 quoniam
1987 3263 2104 3301 vero
2143 3254 2194 3300 et
2231 3245 2471 3314 corporis

890 3361 1034 3418 mala
1061 3357 1326 3422 valetudo,
1369 3365 1420 3411 et
1463 3357 1693 3410 invectus
1737 3355 1796 3407 in
1842 3365 1999 3420 caput
2037 3362 2277 3406 nostrum
2298 3349 2469 3416 dolor,

889 3465 1036 3520 domi
1073 3480 1166 3517 nos
1187 3477 1402 3516 manere
1428 3460 1812 3530 compulerunt,
1828 3461 1966 3512 οῐκοι
1993 3458 2174 3528 μένειν
2201 3456 2474 3526 κατηνάγ-

892 3584 1091 3634 κασαν,
1123 3565 1375 3636 nobisque
1401 3564 1536 3618 tanti
1561 3562 1698 3615 lucri
1724 3561 2077 3615 ministerium
2106 3558 2472 3621 abstulerunt;

887 3676 1006 3745 jam
1043 3674 1179 3745 quod
1212 3672 1469 3742 reliquum
1503 3677 1580 3723 est
1620 3683 1714 3736 pro
1741 3665 2102 3720 consolatione
2143 3672 2256 3726 tua,
2292 3671 2344 3716 et
2377 3676 2472 3731 pro

893 3778 1127 3832 utilitate
1157 3785 1358 3839 nostra,
1393 3775 1508 3839 hoc,
1552 3782 1610 3826 ut
1641 3770 1870 3841 facultas
1905 3779 2089 3823 nostra
2132 3768 2282 3836 feret,
2307 3767 2466 3820 indu-

894 3897 1011 3936 cere
1039 3896 1141 3934 non
1165 3879 1504 3949 negligemus.
1553 3875 1649 3931 llis
1694 3873 1990 3945 alloquitur
2032 3871 2328 3942 Stagirium
2356 3871 2469 3924 An-

895 3983 1114 4038 tiochia:
1147 3993 1277 4036 tunc
1320 3981 1602 4051 degentem
1633 3995 1647 4032 :
1673 3977 1914 4048 dumque
1956 3977 2033 4030 ait
2077 3989 2135 4031 se
2175 3974 2323 4028 domi
2353 3988 2470 4028 ma-

891 4101 1024 4142 nere
1068 4094 1315 4141 coactum
1360 4085 1431 4140 ab
1474 4081 1792 4138 inﬁrmitate
1846 4080 2111 4151 corporis,
2169 4092 2272 4134 nec
2309 4090 2470 4148 posse

897 4188 1198 4257 Stagirium
1229 4187 1400 4252 adire,
1427 4185 1737 4242 subindicat
1777 4199 1837 4240 se
1864 4185 2050 4240 eadem
2078 4184 2131 4237 in
2156 4181 2293 4237 urbe
2311 4195 2461 4236 com-

2579 1681 2686 1720 non
2709 1671 2844 1720 erat.
2873 1664 2927 1719 Si
2955 1664 3094 1718 hanc
3123 1668 3384 1736 temporis
3414 1678 3598 1724 notam
3626 1685 3941 1742 sequamur,
3968 1678 4146 1736 libros

2577 1771 2646 1824 ad
2695 1769 2989 1841 Stagiritem
3036 1771 3318 1843 scripserit
3369 1792 3510 1833 anno
3547 1777 3651 1832 330
3695 1780 3778 1834 vel
3819 1779 3944 1847 581,
3993 1797 4149 1853 post-

2575 1889 2741 1944 quam
2769 1889 2835 1929 ex
2865 1874 3129 1943 asperiori
3167 1878 3294 1934 vita:
3332 1895 3546 1951 genere,
3573 1882 3718 1953 quod
3748 1883 3958 1942 duobus
3980 1889 4150 1944 annis

2577 1981 2632 2036 in
2663 1981 2916 2051 spelunca
2943 1992 3206 2052 gesserat,
3239 1985 3295 2040 in
3326 1989 3572 2058 corporis
3597 1990 3963 2048 inﬁrmitatem
3998 1994 4150 2049 dela-

2577 2100 2726 2156 psus,
2754 2084 2808 2140 in
2824 2086 3011 2141 urbem
3034 2087 3211 2145 redire
3227 2101 3449 2147 coactus
3464 2099 3549 2147 est
3572 2092 3674 2147 sub
3689 2093 3845 2149 finem
3868 2096 3996 2149 anni
4017 2096 4149 2163 580,

2576 2188 2669 2242 ubi
2724 2191 2938 2246 tantillo
2981 2191 3168 2262 elapso
3201 2204 3442 2264 tempore
3487 2196 3752 2253 diaconus
3791 2199 4080 2258 ordinatur
4119 2220 4151 2258 a

2575 2294 2805 2350 Meletio.

2645 2397 2925 2454 Obnititur
2958 2398 3357 2466 Tillemontius,
3386 2410 3439 2457 et
3473 2417 3541 2456 ex
3562 2402 3932 2476 Chrysostomi
3967 2409 4151 2465 verbis

2575 2500 2743 2557 infert
2791 2503 2990 2573 ipsum,
3059 2504 3374 2574 priusquam
3417 2519 3486 2561 ex
3528 2509 3805 2565 montibus
3854 2511 3907 2563 in
3951 2512 4152 2567 urbem

2574 2605 2795 2671 rediret,
2855 2607 2955 2663 hos
2998 2608 3281 2677 scripsisse
3327 2609 3516 2666 libros.
3573 2610 3731 2679 Nam,
3786 2614 3978 2684 inquit,
4035 2617 4152 2672 haec

2575 2711 2945 2786 Chrysostomi
2995 2716 3193 2770 verba:
3227 2714 3398 2769 Tanta
3431 2718 3570 2772 enim
3616 2719 3778 2772 audio
3831 2721 3923 2772 tibi
3964 2736 4150 2776 acces-

2576 2820 2709 2874 sisse
2737 2821 2947 2890 pietatis
2975 2821 3331 2886 incrementa;
3371 2820 3525 2894 [154]
3559 2823 3684 2878 item
3713 2825 3842 2879 illud
3872 2842 3885 2877 :
3919 2826 4015 2878 καὶ
4040 2826 4151 2896 γὰρ

2578 2923 2687 2979 τῶν
2728 2925 2932 2979 ἐκεῖθεν
2959 2926 3269 2996 ἐρχομένων
3316 2928 3502 2982 ἀκούω
3541 2929 3904 3000 διηγουμένων
3932 2930 4014 2984 ὅτι
4066 2948 4150 2986 σοι

2579 3032 2685 3093 πᾶς
2705 3033 2733 3084 ὁ
2761 3032 2948 3101 καιρὸς
2973 3034 3052 3094 εἰς
3081 3032 3246 3102 εὐχὰς
3279 3033 3373 3085 καὶ
3397 3033 3607 3104 δάκρυα
3634 3034 3976 3089 ἀναλίσκεται
4004 3052 4021 3089 :
4059 3055 4134 3091 au

2576 3136 2666 3189 dio
2691 3151 2757 3191 ea:
2781 3138 2848 3190 iis
2871 3138 2961 3206 qui
2990 3138 3181 3192 isthinc
3214 3138 3519 3202 adveniunt,
3560 3139 3653 3192 tibi
3681 3155 3830 3193 omne
3856 3149 4063 3208 tempus
4091 3144 4150 3196 in

2575 3239 2825 3309 lacrymis
2849 3243 3213 3312 perpetuisque
3234 3243 3560 3297 orationibus
3589 3245 3864 3309 consumi;
3913 3246 4148 3301 iterum-

2571 3359 2700 3413 que,
2720 3345 3080 3416 plurimosque
3120 3345 3226 3411 hic,
3261 3347 3387 3402 dum
3433 3356 3527 3401 tua
3566 3359 3842 3401 narrarent
3872 3349 4147 3415 instituta,

2574 3459 3029 3518 compunxerunl;
3052 3450 3186 3514 hac,
3219 3450 3394 3520 inquit
3435 3450 3544 3517 ille,
3581 3465 3686 3506 non
3711 3459 3838 3506 sunt
3865 3452 4010 3507 dicta
4046 3453 4147 3508 ho.

2573 3553 2737 3608 minis
2787 3553 2977 3609 eadem
3023 3553 3079 3608 in
3119 3553 3254 3608 urbe
3299 3553 3705 3611 commorantis.
3760 3551 3912 3610 Unde
3977 3556 4146 3613 infert

2575 3655 2870 3728 Stagirium
2899 3657 3118 3728 quidem
3147 3657 3445 3712 Antiochiae
3467 3657 3657 3722 fuisse,
3691 3655 4145 3728 Cbrysostomum

2572 3778 2700 3820 vero
2721 3764 2778 3819 in
2807 3763 3074 3818 montium
3103 3763 3491 3827 secessu,unde
3517 3762 3676 3833 paulo
3704 3771 3847 3832 post,
3884 3778 4144 3831 premen-

2573 3867 2718 3923 tibus
2745 3849 3022 3937 corporeis
3043 3868 3471 3938 infirmitatibus,
3507 3870 3562 3923 in
3586 3867 3772 3923 urbem
3797 3869 3972 3924 redire
3993 3884 4144 3925 com-

2571 3970 2762 4041 pulsus
2795 3981 2899 4027 est.

2643 4074 2767 4132 Haec
2794 4091 2956 4146 porro
2979 4085 3296 4148 argumenta
3317 4090 3426 4132 non
3459 4075 3594 4130 tanti
3622 4076 3877 4131 momenti
3899 4092 4021 4132 esse
4049 4080 4124 4134 vi.

2569 4180 2786 4248 dentur,
2825 4191 2883 4236 ut
2917 4196 3017 4236 nos
3054 4197 3086 4237 a
3126 4183 3307 4253 priore
3342 4180 3612 4236 sententia
3659 4180 3963 4242 abducant:
4005 4197 4140 4238 nam

893 4294 1133 4362 morari;
1170 4307 1294 4349 nam
1325 4293 1373 4349 si
1409 4302 1537 4348 tunc
1564 4292 1618 4346 in
1660 4291 1878 4346 deserto
1917 4298 1971 4344 et
2005 4288 2058 4343 in
2082 4287 2350 4343 montium
2380 4301 2466 4342 re-
2566 4299 2689 4356 quae
2721 4283 2974 4354 superius
3012 4300 3077 4339 ex
3121 4283 3514 4354 Chrysostomo
3555 4282 3874 4349 afferuntur,
3929 4286 4142 4354 optime

895 4400 1148 4458 cassibus
1168 4399 1428 4472 degisset,
1469 4399 1572 4456 hoc
1608 4397 1807 4470 ipsum,
1857 4405 1915 4452 ut
1953 4394 2189 4461 videtur,
2217 4392 2464 4450 dicturus
2565 4401 2798 4462 possunt
2818 4393 3088 4463 quadrare
3119 4391 3187 4447 ad
3231 4389 3508 4446 hominem
3554 4388 3608 4443 in
3633 4390 3819 4446 eadem
3849 4391 4136 4461 degentem

889 4736 4111 4781 Μ

1240 5062 1874 5186 EJUSDEM
1990 5066 2534 5180 ORATIO
2636 5061 3758 5179 ADHORTATORIA

1643 5310 1735 5366 AD
1773 5309 2150 5368 STAGIRIUM
2191 5310 2513 5367 ASCETAM
2555 5311 2598 5365 Α
2640 5305 2974 5365 ΒᾸΞΜΟΝΙΟ
3009 5306 3366 5367 VEXATUM.

2016 5489 2374 5577 LIBER
2463 5487 2913 5579 PRIMUS
2943 5470 3036 5573 ¹.·

958 5658 1012 5714 Ι.
1029 5655 1355 5730 Oportuerat
1367 5662 1607 5734 quidem,
1626 5677 1660 5717 ο
1673 5662 1954 5718 carissime
1969 5662 2211 5718 omnium
2233 5660 2458 5732 Stagiri,

887 5762 991 5808 llos
1018 5749 1114 5805 tibi
1145 5763 1290 5804 nunc
1322 5751 1534 5818 adesse,
1566 5761 1729 5821 atque
1761 5753 1817 5808 in
1845 5767 2214 5808 aerumnarum
2236 5761 2456 5807 tuarum

949 5878 1187 5944 '_Titulus
1203 5875 1274 5928 sic
1294 5878 1444 5930 habet
1468 5879 1516 5930 in
1545 5883 1718 5942 Savil.,
1745 5883 2070 5944 Cln'ysostomi
2094 5885 2158 5932 ad
2182 5882 2451 5942 Stagirimn

889 5951 921 5990 II
957 5941 1172 5992 dwmone
1207 5949 1450 6006 vexatum,
1494 5941 1866 5997 consolatbrius"
1884 5948 2058 5997 Sermo
2099 5947 2136 5996 l.
2177 5949 2228 5997 ln
2257 5941 2450 6002 Morcl.,

2567 5661 2902 5715 consortium
2921 5663 3172 5728 transire,
3197 5671 3251 5718 et
3267 5676 3429 5730 opere
3440 5656 3703 5727 jnvnndo,
3721 5658 3898 5714 verbis
3927 5659 4126 5715 exhor-

2567 5750 2750 5814 tando,
2781 5760 3083 5822 cunctaque
3117 5752 3325 5818 reliqua
3351 5762 3449 5816 pro
3481 5745 3620 5801 virili
3656 5757 3838 5805 nostra
3863 5760 4014 5818 parte
4044 5750 4124 5800 in-

2565 5880 2794 5995 Ejustltcm
2816 5884 3178 5998 gdlwrtaltorius
3207 5883 3271 5932 ad
3308 5878 3573 5946 Stagirium
3597 5889 3806 5936 ascetant
3839 5894 3872 5933 a
3897 5882 4120 5932 dwmoue

2565 5958 2682 5997 t‘cxa
2705 5961 2784 5997 um
2852 5961 2986 5997 ermo
3041 5988 3046 5993 .

2565 5958 2784 5997 vexatum
2816 5958 2986 5997 sermo
3014 5958 3046 5996 l.
