4532 6708
381 573 485 626 425

1248 567 1337 622 ΑΙ)
1379 562 1752 622 STAGIRIUM
1791 564 1835 621 Α
1873 561 2182 620 ΒΔΕΜΟΝΕ
2222 560 2558 622 νΕΧΑτυΜ
2596 564 2724 620 ΙΛΒ.
2765 565 2806 620 1.

3528 570 3631 627 424

1760 1281 2253 1349 ADMONITIO.

384 1626 541 1690 urbe,
583 1626 883 1696 praesertim
932 1633 1096 1682 tanta;
1129 1622 1543 1694 amplitudimis,
1581 1635 1795 1697 quanta:
1833 1638 1955 1685 erat

384 1730 667 1786 Antiochia
692 1746 816 1786 cum
860 1727 1159 1786 suburbiis.
1196 1725 1279 1781 Ad
1324 1726 1439 1783 haec
1478 1730 1637 1786 annis
1660 1734 1954 1801 postremis

384 1834 598 1889 duobus
621 1849 870 1890 secessus
920 1832 1029 1895 sui,
1082 1827 1333 1887 videlicet
1376 1833 1484 1888 379
1522 1843 1579 1891 et
1601 1836 1729 1903 380,
1751 1838 1955 1908 quibus

384 1932 681 1987 secundum
704 1928 1030 1986 Tillemontii
1076 1927 1345 1985 calculum
1388 1932 1486 1987 hos
1532 1932 1705 1991 libros
1734 1936 1955 2008 scripsit

381 2036 827 2108 Chrysostomus,
857 2034 914 2087 in
939 2033 1197 2103 spelunca
1234 2034 1325 2090 ille
1362 2036 1511 2094 solus
1550 2037 1801 2109 degebat,
1833 2040 1953 2111 τρὶς

381 2141 523 2197 ὀκτὼ
545 2144 739 2214 μῆνας,
767 2148 845 2194 ter
875 2149 991 2194 octo
1034 2140 1318 2205 mensibus,
1365 2149 1425 2196 ut
1447 2142 1525 2198 ait
1554 2141 1854 2210 Palladius,
1898 2146 1953 2202 id

381 2255 487 2312 est,
512 2245 727 2300 duobus
759 2243 942 2307 annis,
988 2257 1056 2298 ex
1100 2258 1207 2313 qua
1243 2244 1501 2314 spelunca
1548 2246 1619 2301 ob
1667 2248 1952 2304 adversam

381 2350 626 2422 corporis
651 2346 1011 2402 valetudinem
1034 2346 1087 2400 in
1114 2346 1301 2401 urbem
1324 2346 1501 2401 redire
1521 2350 1840 2418 compulsus
1872 2360 1956 2407 est

383 2461 487 2518 sub
520 2458 679 2512 ﬁnem
715 2452 843 2508 anni
870 2450 994 2507 580.
1027 2451 1109 2505 An
1144 2465 1274 2504 vero
1306 2450 1362 2502 in
1392 2450 1651 2519 spelunca
1674 2453 1823 2510 solus
1846 2454 1958 2510 de-

384 2576 515 2631 gens
536 2558 739 2611 diceret
758 2570 817 2610 se
842 2553 1089 2623 corporis
1130 2550 1448 2606 inﬁrmitate
1480 2551 1653 2618 domi,
1674 2556 1834 2621 οῐκοι,
1863 2557 1958 2613 de-

386 2672 593 2718 tentum
622 2674 731 2713 non
773 2672 933 2728 posse
972 2654 1266 2723 Stagirium
1303 2654 1491 2709 adire?
1528 2657 1633 2723 An,
1677 2658 1867 2715 eadem
1899 2661 1956 2717 in

384 2764 641 2835 spelunca
663 2762 1133 2825 inclusus,tantam
1166 2755 1571 2814 adventantium
1593 2759 1952 2832 frequentiam

383 2868 677 2937 exciperet,
702 2873 964 2933 quantam
994 2860 1237 2915 indicant
1271 2860 1391 2916 loca
1439 2862 1556 2932 ipsa
1601 2880 1632 2919 a
1662 2864 1955 2923 Tillemon-

386 2972 463 3026 tio
488 2969 686 3026 allata?
713 2967 839 3023 Haec
862 2965 1165 3037 praesertim
1206 2981 1294 3021 me
1339 2976 1559 3023 movent
1587 2978 1648 3023 ut
1670 2967 1951 3027 Socratem

386 3088 604 3143 sequar,
635 3080 689 3127 et
716 3071 882 3126 hosce
913 3067 1083 3122 libros
1110 3066 1340 3122 referam
1369 3068 1425 3122 in
1458 3084 1663 3124 annum
1687 3071 1815 3137 381,
1846 3088 1956 3142 quo

388 3181 629 3242 ineunte,
662 3185 721 3231 ut
742 3182 1019 3245 putamus,
1064 3187 1096 3226 a
1139 3172 1353 3228 Meletio
1384 3172 1648 3231 diaconus
1675 3176 1958 3233 ordinatus

387 3288 471 3334 est
495 3279 938 3348 Chrysostomus.
984 3272 1109 3329 llaec
1145 3274 1212 3329 de
1260 3281 1506 3344 tempore
1537 3286 1958 3349 :argumentum

390 3390 569 3435 autem
600 3377 911 3449 huiusmodi
930 3384 1033 3431 est.

458 3482 747 3553 Stagirius,
786 3480 955 3535 nobili
989 3479 1110 3534 loco
1152 3491 1336 3544 natus,
1383 3494 1414 3533 a
1458 3481 1660 3535 tenentis
1704 3481 1760 3536 in
1807 3482 1961 3539 Chri-

390 3588 565 3641 stiana
583 3584 685 3641 ﬁde
700 3584 984 3647 educatus,
1001 3581 1269 3653 principio
1294 3580 1513 3650 quidem
1534 3586 1767 3641 terrenis
1792 3586 1954 3643 rebus

402 3690 649 3744 addictus
671 3696 823 3755 erat;
859 3686 952 3741 sed
987 3685 1133 3740 brevi
1168 3694 1353 3754 postea
1386 3684 1654 3741 abdicatis
1680 3686 1957 3743 facultati-

390 3792 494 3850 bus
546 3792 844 3862 mundique
889 3789 1119 3853 deliciis,
1168 3788 1334 3841 vitam
1384 3790 1764 3858 monasticam,
1790 3793 1960 3849 invito

389 3897 515 3953 licet
540 3898 945 3966 reluctanteque
967 3904 1135 3966 patre,
1160 3894 1443 3964 amplexus
1455 3903 1557 3951 est.
1586 3894 1746 3953 lnitio
1778 3906 1959 3954 tamen

392 4017 500 4056 non
533 4002 609 4057 ita
648 4001 957 4072 diligenter,
1010 4008 1072 4055 ut
1115 4013 1214 4068 par
1256 4009 1396 4061 erat,
1440 3999 1537 4055 sed
1584 4000 1879 4057 oscitanter
1905 4010 1959 4057 et

394 4105 763 4176 perfunctorie
784 4121 874 4161 res
918 4103 1178 4161 asceticas
1209 4102 1480 4158 tractabat
1508 4142 1522 4166 ,
1547 4106 1867 4175 generisque
1897 4106 1960 4161 ti-

391 4208 550 4264 ducia
580 4208 770 4277 fretus,
805 4214 1087 4262 monentes
1112 4219 1170 4260 se
1198 4217 1339 4274 aegre
1391 4202 1731 4258 admittebat.
1757 4202 1957 4258 Verum

397 4313 761 4383 prospiciente
785 4310 1041 4375 Numine,
1097 4324 1165 4364 ne
1206 4316 1328 4377 post
1367 4316 1646 4377 peractum
1688 4316 1959 4363 tantarum

391 4431 560 4485 opum
590 4417 921 4473 sacriﬁcium
954 4414 1127 4471 levius
1170 4410 1453 4483 praemium
1496 4409 1765 4485 Stagirius
1786 4411 1958 4468 refer-

2061 1643 2162 1701 ret,
2189 1649 2219 1689 a
2243 1634 2489 1693 daemone
2513 1637 2804 1708 corripitur
2838 1646 2895 1695 et
2926 1640 3253 1713 exagitetur,
3284 1657 3349 1700 ac
3379 1647 3625 1716 repetitis

2061 1738 2375 1809 frequenter
2402 1740 2614 1797 vicibus
2636 1758 2806 1812 usque
2826 1744 2962 1801 adeo
2996 1756 3245 1813 vexatur,
3269 1756 3329 1803 ut
3351 1749 3405 1805 in
3435 1751 3632 1824 despc-

2062 1852 2209 1901 ratas
2242 1845 2348 1902 sibi
2382 1854 2616 1903 mortem
2657 1848 3032 1905 consciscendi
3083 1853 3633 1921 cogitationcsinter-

2064 1948 2195 2004 dum
2217 1950 2444 2007 veniret.
2484 1950 2625 2008 Hinc
2670 1967 2880 2007 maeror
2916 1962 2973 2008 et
3020 1954 3239 2011 tristitia
3273 1957 3464 2029 ingens
3493 1979 3508 2017 :
3538 1965 3638 2019 viae

2059 2067 2252 2110 omnes
2311 2054 2559 2123 placandi
2614 2054 2711 2111 Dei
2762 2065 3081 2127 tentantur,
3157 2062 3308 2116 nulla
3368 2066 3635 2134 prolicit:

2060 2164 2378 2212 sanctorum
2426 2172 2620 2229 preces
2663 2158 3009 2229 adhibentur,
3058 2179 3158 2220 nec
3207 2168 3517 2227 vexationis
3574 2171 3640 2226 li-

2061 2274 2186 2313 nem
2223 2260 2534 2330 impetrant.
2568 2262 2667 2318 Hic
2709 2273 2891 2319 tamen
2924 2281 2991 2320 ex
3031 2282 3274 2324 asrnmna
3321 2271 3639 2343 huiusmodi

2061 2360 2274 2418 fruetus
2300 2365 2570 2434 provenit,
2606 2377 2664 2422 ut
2707 2370 2803 2437 qui
2850 2368 2982 2423 olim
3032 2371 3360 2431 oscitantius
3395 2391 3454 2432 se
3483 2394 3643 2449 gere-

2062 2465 2177 2529 bat,
2203 2466 2315 2536 jam
2360 2466 2661 2525 ferventius
2699 2471 2788 2541 pia
2831 2474 3090 2530 exercitia
3129 2476 3324 2533 adiret.
3368 2478 3644 2541 Evocatur

2063 2570 2131 2624 ad
2163 2580 2326 2627 tanta:
2348 2572 2670 2631 calamitatis
2690 2577 2941 2634 solatium
2954 2579 3380 2653 Chrysostomus
3403 2590 3634 2659 amicus,

2061 2678 2176 2746 qui,
2211 2691 2335 2732 cum
2364 2680 2554 2736 morbo
2598 2683 2850 2739 detentus
2878 2684 3044 2740 domo
3067 2689 3328 2746 excedere
3357 2708 3466 2749 non
3495 2697 3642 2752 vale--

2060 2792 2165 2850 ret,
2200 2792 2311 2840 tres
2338 2786 2506 2840 hosce
2544 2786 2717 2841 libros
2759 2788 2909 2843 misit
2942 2789 3196 2847 leniendo
3230 2794 3406 2850 dolori
3441 2812 3641 2869 oppor-

2064 2894 2247 2952 tunos,
2275 2888 2370 2943 ubi
2396 2889 2647 2960 exemplo
2671 2899 2986 2948 sanctorum
3002 2896 3288 2966 utriusque
3305 2897 3638 2959 Testamenti

2062 2992 2259 3060 probat
2282 2990 2450 3047 Deum
2473 2994 2555 3048 vel
2573 2995 2914 3052 cltarissimis
2937 2999 3040 3053 sibi
3071 3000 3204 3056 viris
3230 3004 3497 3060 atrociora
3518 3008 3640 3065 ideo

2065 3094 2362 3151 immisisse
2393 3098 2557 3163 mala,
2602 3109 2661 3154 ut
2707 3101 2919 3171 majora
2960 3105 3182 3173 praemia
3220 3108 3642 3176 splendidiores-

2062 3213 2171 3268 que
2218 3214 2451 3255 coronas
2495 3201 2781 3259 tribueret.
2827 3204 3084 3262 Animum
3120 3208 3198 3265 ait
3236 3212 3642 3276 calamitatibus

2064 3302 2340 3370 allectum,
2378 3306 2679 3362 ferventius
2714 3306 2827 3363 Deo
2859 3308 3171 3381 divinisque
3201 3315 3367 3370 rebus
3407 3317 3636 3388 haerere,

2062 3410 2310 3463 maculas
2340 3423 2532 3465 omnes
2557 3419 2612 3465 et
2644 3410 2774 3465 vitia
2812 3411 2917 3467 hac
2935 3414 3145 3472 ratione
3164 3417 3328 3474 citius
3358 3422 3633 3495 abstergi;

2062 3522 2121 3567 ut
2142 3512 2315 3581 ipsius
2346 3511 2569 3584 Stagirii
2604 3516 2858 3585 exemplo
2898 3520 3246 3588 comprobari
3269 3532 3505 3593 poterat,
3538 3531 3634 3600 qui

2060 3614 2371 3680 oscitantia,
2418 3626 2658 3685 torpore,
2702 3625 2921 3675 tumore
2964 3622 3283 3694 eliminatis,
3327 3627 3443 3699 jam
3494 3632 3639 3689 inter

2061 3717 2419 3776 ferventiores
2455 3721 2660 3779 Christi
2708 3724 2942 3782 athletas
2988 3727 3197 3797 primas
3236 3740 3465 3790 teneret.
3513 3735 3641 3794 Haec

2061 3823 2153 3878 ille
2184 3826 2298 3879 fuse
2323 3832 2377 3879 et
2403 3824 2719 3897 παθητικῶς
2750 3842 2849 3897 pro
2873 3844 3026 3885 more
3053 3846 3155 3887 suo
3180 3839 3550 3907 prosequitur,
3574 3856 3640 3897 ac

2059 3926 2283 3982 cuilibet
2323 3926 2576 3984 leniendo
2612 3931 2837 3987 maerori
2883 3934 3183 3993 remedium
3217 3938 3379 3996 on‘ert
3413 3942 3633 4014 legenti.

2133 4030 2639 4102 interpretationem
2710 4050 2841 4092 vero
2902 4038 3094 4096 incerti
3156 4043 3441 4114 cujusdam
3500 4050 3637 4117 viri,

2059 4147 2182 4203 quae
2205 4134 2259 4188 in
2290 4134 2608 4193 Morelliana
2662 4139 2903 4196 editione
2949 4144 3125 4213 posita
3158 4146 3353 4217 fuerat,
3386 4152 3640 4209 innumeo

2062 4235 2140 4290 ris
2169 4237 2223 4289 in
2248 4237 2384 4294 locis
2410 4240 2756 4297 emendatam
2803 4257 2833 4299 e
2865 4246 3086 4317 regione
3125 4248 3297 4308 Graeci
3330 4262 3509 4312 textus
3538 4272 3639 4329 po-

2060 4352 2291 4394 ευιωιιε.

399 4678 3611 4735 MM

612 5119 758 5194 μευ
782 5129 1079 5247 ΤΟΥ
1132 5134 1619 5259 ΑΥΤΟΥ
1674 5140 2197 5265 ΛΟΓΟΣ
2256 5152 3398 5282 ΠΑΡΑΙΝΕΤΙΚΟΣ

1247 5395 1426 5450 ΠΡΟΣ
1465 5400 1868 5459 ΣΤΑΙῈΙΡΙΟΝ
1907 5406 2249 5463 ΔΣΚΗΤΗΝ
2286 5411 2748 5469 ΔΑΙΜΟΝΩΝΤΑ.

1490 5591 1854 5680 ΛΟΓΟΣ
1910 5596 2349 5686 ΠΡΩΤΟΣ
2397 5603 2454 5684 ⁸.

357 5698 424 5745 α’.
452 5692 597 5783 "Fiet
619 5695 717 5783 risv
736 5698 904 5783 ἡμεῖς,
928 5694 985 5783 ὧῗ
1004 5702 1226 5783 φίλτᾳτε
1250 5701 1464 5783 πάντων
1489 5708 1611 5775 ἐμοὶ
1640 5710 1945 5783 Σταγείριε,

287 5775 381 5825 καὶ
409 5774 659 5843 παρεῖναί
688 5792 768 5828 σοι
794 5777 889 5830 νῦν
906 5782 1001 5832 καὶ
1030 5774 1701 5855 συνδιαταλαιπωρείίσοαι,
1732 5774 1946 5845 κάἵλόλ

345 5916 368 5943 α
391 5916 585 5988 Titulus
607 5916 677 5994 sic
699 5918 850 5965 habet
874 5920 921 5966 in
954 5920 1109 5994 savii.
1128 5940 1145 5994 _:
1178 5929 1518 5994 Χροσοστρμου
1539 5928 1652 5991 πρὸς
1671 5930 1937 5994 Στριγεῐριον

282 5979 574 6039 δαιμονὼντα
616 5982 747 6039 Mm
788 5985 1168 6042 παραμυθητιχὸς
1208 5979 1263 6033 ά’
1323 5990 1371 6036 In
1397 5979 1603 6038 M'urelx:
1642 5979 1746 6039 ’Τοῦ
1776 5979 1934 6042 ἀδτοῦ

280 6041 415 6099 nive;
454 6043 774 6103 παραινετικὸς
819 6041 932 6105 πρὸς
959 6043 1225 6103 Σιαϐείειον
1270 6050 1478 6106 ἐοκητὴν
1520 6055 1809 6113 Edmundum
1852 6057 1932 6102 λό-

2053 5733 2134 5784 γῳ
2166 5718 2604 5790 παρακαλοῦντα,
2667 5722 2763 5775 καὶ
2821 5724 2968 5796 ἔργῳ
3019 5724 3457 5799 διακονούμενον,
3485 5729 3580 5783 καὶ
3635 5738 3704 5788 τᾶ

2052 5794 2186 5848 ἄλλα
2239 5798 2415 5852 πάντα
2465 5794 2949 5871 συλλαμϐάνονίὲαί
2997 5805 3162 5878 μέρος
3212 5794 3288 5861 τί
3318 5812 3415 5881 τῆς
3466 5809 3703 5881 ἀθυμίας

2045 5998 2210 6077 yoaa'.
2230 6027 2297 6077 _-'—
2321 5999 2459 6049 Nota
2483 6007 2533 6049 et
2563 6003 2704 6077 variae
2728 6002 3042 6077 lectioncsﬂin
3072 6012 3171 6057 tres
3196 6008 3342 6059 libros
3361 6010 3419 6062 ad
3440 6011 3702 6077 Stagirium

2043 6071 2105 6106 ex
2133 6058 2279 6108 bavil.
2306 6071 2353 6112 et
2381 6076 2443 6113 ex
2470 6078 2566 6115 uno
2591 6065 2872 6119 Culbertino
2894 6070 3059 6120 codice
3086 6058 3337 6132 petuntur.
