4454 6698
796 533 903 588 ιεο

799 646 1205 717 ἐπικουφίζειν,
1241 646 1366 700 ὅσον
1396 646 1528 717 ἡμῖν
1569 645 1793 699 δυνατόν
1837 641 1933 715 ἦν·
1978 646 2166 715 ἐπειδὴ
2200 646 2256 697 δὲ
2293 647 2324 714 ὴ
2374 644 2469 696 τοῦ

800 728 1052 805 σώματος
1082 733 1333 787 ἀσθένεια
1350 774 1364 797 ,
1389 735 1482 786 καὶ
1499 734 1561 786 rb
1594 732 1953 802 κατασκῆψαν
1978 736 2043 804 τῇ
2074 735 2282 803 κεφαλῇ
2306 732 2474 784 κακὸν

800 824 940 877 οἴκοι
981 822 1160 893 μένειν
1188 819 1637 889 καταναγκάσειν,
1666 820 1944 874 διακονίαν
1967 820 2221 874 τοσοῦτον
2244 820 2475 889 ἔχουσαν

800 908 988 980 κέρδος
1025 898 1172 979 ἡμᾶς
1216 908 1489 978 ἀφείλετο,
1523 908 1659 976 ὅπερ
1696 907 1841 958 ἐστὶν
1876 906 2027 977 [155]
2065 907 2354 960 ὑπόλοιπον
2382 906 2476 958 καὶ

800 996 936 1067 πρὸς
956 994 1309 1067 παραμυθίαν
1331 996 1429 1065 τὴν
1456 995 1575 1064 σὴν,
1593 994 1688 1047 καὶ
1713 992 1849 1063 πρὸς
1866 992 2133 1060 ὠφέλειαν
2156 995 2253 1063 τὴν
2276 993 2478 1063 ήμετέ-

803 1100 925 1154 ραν,
961 1082 1119 1136 τοῦτο
1170 1081 1313 1134 κατά
1339 1081 1570 1151 δύναμιν
1604 1081 1937 1147 εἰσενεγκεῖν
1967 1082 2069 1133 οὑκ
2095 1082 2397 1150 όκνήσομεν
2425 1093 2472 1133 ο.

804 1173 965 1236 Ἴσως
999 1170 1096 1241 μὲν
1121 1167 1231 1240 γὰρ
1260 1167 1412 1221 ἔσται
1438 1186 1491 1221 τι
1522 1166 1705 1230 πλέον,
1744 1167 1882 1238 πρὸς
1907 1168 1968 1221 rb
2006 1169 2075 1221 τά
2126 1168 2370 1238 παρόντα
2415 1185 2475 1220 σε

799 1259 987 1329 φέρειν
1008 1256 1267 1326 γενναίως
1288 1268 1303 1284 ⁶
1333 1255 1401 1308 ἂν
1428 1255 1485 1308 δὲ
1505 1255 1615 1325 άρα
1634 1255 1799 1325 μηδέν
1832 1273 1885 1308 τι
1907 1256 2148 1309 τοιοῦτον
2166 1255 2473 1325 ἁνύσωμεν,

799 1347 861 1400 rb
886 1345 1017 1415 γοῦν
1037 1344 1145 1397 τῶν
1166 1344 1246 1407 εἰς
1275 1344 1424 1414 ἡμᾶς
1464 1344 1709 1414 ἡκόντων
1742 1343 2085 1414 ἐλλειφθῆναι
2117 1343 2303 1413 μηδὲν,
2347 1345 2477 1414 ῥᾷον

800 1435 945 1505 ἡμᾶς
1004 1432 1310 1485 διακεῖσθαι
1358 1433 1575 1503 ποιήσει
1618 1431 1710 1483 τοῦ
1750 1430 1960 1484 λοιποῦ.
2014 1432 2072 1484 '0
2117 1432 2225 1502 γὰρ
2256 1431 2474 1485 ἅπαντα

798 1519 1235 1590 ἀναπληρώσας,
1287 1518 1499 1588 ὅσαπερ
1532 1518 1597 1571 ἂν
1631 1518 1809 1587 οἴηται
1844 1518 1871 1557 b
1910 1518 2045 1587 πρὸς
2084 1518 2239 1572 λύσιν
2288 1518 2474 1590 φέρειν

795 1610 907 1664 τῶν
945 1609 1284 1678 κατεχόντων
1320 1606 1579 1677 ἀνιαρῶν,
1606 1606 1709 1658 κᾶν
1745 1605 1914 1676 μηδὲν
1954 1606 2187 1679 περάνῃ,
2220 1607 2319 1677 τῆς
2346 1606 2477 1676 γοῦν

797 1698 909 1753 ἀπὸ
930 1697 1039 1750 τῶν
1057 1693 1332 1765 λογισμῶν
1362 1694 1543 1755 αἰτίας
1567 1694 1808 1761 ἀφεῖται,
1838 1694 1932 1747 καὶ
1957 1693 2020 1746 τὸ
2064 1694 2175 1747 τῶν
2200 1695 2478 1765 ἐγκλημά-

798 1801 905 1837 των
936 1782 1099 1853 ἄχθος
1125 1780 1484 1852 ἀποθέμενος,
1500 1780 1562 1832 rb
1578 1779 1679 1849 τῆς
1709 1780 1950 1851 ἀθυμίας
1970 1781 2155 1852 φέρειν
2167 1783 2477 1850 ἀναγκάζε-

795 1888 887 1925 ται
906 1870 1088 1942 μόνον.
1119 1870 1182 1922 Εί
1206 1868 1303 1940 μὲν
1330 1862 1424 1922 οὖν
1444 1867 1554 1921 τῶν
1580 1866 2013 1938 εὐδοκιμούντων
2044 1870 2194 1939 παρά
2229 1868 2347 1938 Θεῷ
2382 1869 2477 1923 καὶ

800 1958 1011 2030 μεγάλα
1042 1956 1356 2027 δυναμένων
1372 1955 1669 2026 ἐτύγχανον
1686 1955 1781 2020 ὢν,
1801 1957 1901 2009 οὑκ
1930 1955 1996 2009 ἂν
2033 1955 2271 2008 διέλιπον
2289 1956 2478 2027 δεόμε-

795 2065 884 2111 νος
916 2047 1008 2100 καὶ
1044 2045 1301 2100 ἱκετεύων
1326 2046 1466 2115 ὑπὲρ
1496 2044 1596 2115 τῆς
1615 2044 1801 2115 τιμίας
1830 2045 1953 2114 ἐμοὶ
1975 2045 2221 2115 κεφαλῆς
2240 2061 2254 2075 ·
2284 2046 2474 2117 ἐπειδὴ

793 2135 851 2189 δέ
892 2153 959 2207 με
1015 2133 1115 2203 τὴν
1162 2134 1475 2204 παρρησίαν
1509 2132 1725 2203 ἐκείνην
1760 2132 1855 2185 καὶ
1906 2132 2004 2204 τὴν
2046 2134 2198 2204 ἰσχὺν
2257 2132 2316 2186 rb
2366 2135 2477 2189 τῶν

794 2219 1209 2293 ἁμαρτημάτων
1234 2218 1440 2289 πλῆθος
1475 2216 1817 2290 παρῄρηται,
1839 2218 1940 2290 τὴν
1960 2219 2048 2273 διά
2080 2219 2342 2291 ῥημάτων
2373 2240 2480 2277 πα-

798 2309 1070 2381 ράκλησιν
1118 2305 1454 2377 πειράσομαί
1498 2321 1583 2358 σοι
1640 2308 2033 2377 προσαγαγεῖν.
2076 2308 2188 2361 Καὶ
2241 2307 2352 2380 γὰρ
2384 2310 2479 2364 ἐπὶ

794 2396 904 2451 τῶν
939 2396 1011 2451 τά
1034 2393 1262 2466 σώματα
1297 2392 1638 2464 καμνόντων,
1694 2393 1893 2466 ἰατρῶν
1930 2394 2027 2464 μὲν
2077 2396 2340 2464 ἀφανίσαι
2378 2398 2479 2462 τάς

796 2484 1094 2557 ἀλγηδόνας
1134 2484 1229 2537 καὶ
1262 2481 1470 2536 παῦσαι
1498 2481 1597 2553 τὴν
1618 2480 1792 2545 νόσον,
1817 2482 1880 2534 τὸ
1903 2482 1961 2535 δὲ
1991 2484 2333 2553 παρακαλεῖν
2356 2485 2477 2539 οὑδὲ

796 2574 905 2629 τῶν
941 2569 1167 2626 οἰκετῶν
1204 2570 1254 2623 οἱ
1288 2569 1418 2641 περὶ
1458 2569 1558 2639 τὴν
1602 2568 1899 2639 θεραπείαν
1938 2568 2091 2634 ὄντες
2123 2572 2474 2643 ἀφῄρηνται,

797 2661 912 2716 ἀλλ’
938 2652 1083 2714 οὗτοι
1115 2656 1352 2729 μάλιστά
1391 2657 1526 2709 εἰσιν
1573 2656 1624 2710 οἱ
1674 2658 1803 2719 τοὺς
1835 2656 2065 2721 πολλοὺς
2102 2657 2243 2730 ὑπὲρ
2269 2658 2476 2713 τούτων

796 2747 1180 2809 ἀναλίσκοντες
1233 2743 1448 2812 λόγους,
1512 2743 1643 2796 ὅταν
1701 2742 1850 2797 εὖνοι
1889 2754 1914 2783 ο
1968 2747 2085 2807 τοῖς
2117 2745 2475 2817 κεκτημένοις

798 2836 997 2898 αὑτοὺς
1025 2834 1264 2903 τύχωσιν
1301 2831 1476 2894 ὄντες.
1510 2832 1608 2884 Ἂν
1640 2831 1740 2901 μὲν
1774 2832 1885 2900 γάρ
1910 2849 1962 2885 τι
1987 2832 2150 2903 λεχθῇ
2170 2834 2474 2904 παρ’ήμῶν

797 2923 859 2977 rb
887 2922 1187 2990 δυνάμενον
1220 2918 1411 2972 σϐέσαι
1433 2918 1533 2990 τὴν
1563 2918 1802 2989 ἄμετρον
1828 2918 2033 2989 ταύτην
2077 2920 2302 2990 ὀδύνην,
2330 2920 2476 2992 άπερ

798 3008 1070 3080 εὐχόμεθα
1104 3006 1342 3077 γέγονεν’
1364 3003 1430 3059 ἂν
1454 3005 1512 3059 δὲ
1538 3005 1707 3077 μηδὲν
1737 3004 1988 3077 εὕρωμεν
2002 3006 2339 3075 φθέγξασθαι
2360 3025 2473 3061 τοι-

797 3098 923 3152 οῦτο
947 3097 998 3162 ἀ,
1030 3097 1131 3166 τῆς
1156 3094 1287 3163 γοῦν
1312 3092 1625 3165 προθυμίας
1662 3095 1810 3165 ἡμᾶς
1839 3094 2160 3160 ἀποδέξεται
2198 3096 2416 3159 πάντως
2447 3096 2477 3148 ό

799 3186 1059 3249 κελεύσας
1080 3183 1168 3237 διὰ
1188 3180 1282 3237 τοῦ
1310 3181 1581 3253 μακαρίου
1611 3182 1824 3235 Παύλου
1856 3182 2067 3237 κλαίειν
2097 3183 2239 3253 μετὰ
2271 3183 2478 3237 κλαιόν‹

798 3290 911 3329 ’θέον
938 3273 1032 3327 καὶ¹
1059 3267 1472 3337 συναπάγεσθαι
1505 3269 1619 3331 τοῖς
1642 3272 1937 3333 ταπεινοῖς.

868 3376 1032 3429 Δοκεῖ
1057 3374 1155 3445 μὲν
1184 3370 1279 3427 οὖν
1307 3372 1407 3443 μία
1452 3387 1534 3425 σοι
1557 3372 1658 3442 τῆς
1678 3370 1920 3443 ἀθυμίας
1932 3372 2191 3436 ὑπόθεσις
2221 3368 2475 3426 εἷναιτοῦ

797 3462 1033 3534 πονηροῦ
1054 3460 1244 3515 τούτου
1259 3459 1511 3530 δαίμονος
1539 3459 1574 3531 ἡ
1617 3459 1812 3530 μανία·
1846 3458 2019 3514 πολλά
2038 3461 2095 3514 δὲ
2115 3460 2181 3515 ἂν
2212 3461 2363 3532 εὖροι
2390 3478 2475 3523 τις

798 3550 998 3622 ἑφεξῆς
1015 3549 1085 3603 τά
1106 3548 1215 3602 ἀπὸ
1240 3548 1339 3618 τῆς
1376 3547 1531 3619 ῥίζης
1553 3546 1756 3616 ταύτης
1773 3547 2070 3618 τικτόμενα
2101 3547 2341 3618 λυπηρά.
2364 3548 2478 3601 Καὶ

796 3638 969 3694 ταῦτα
999 3639 1100 3691 οὑκ
1132 3635 1227 3690 ἀπ’
1262 3634 1502 3704 ἐμαυτοῦ
1534 3633 1679 3702 λέγω
1699 3634 1816 3699 νῦν,
1848 3633 1965 3687 ἀλλ’
2004 3634 2062 3699 ἐξ
2104 3628 2180 3687 ὧν
2216 3634 2479 3705 ἀποδυροο

802 3726 968 3798 μένου
998 3740 1093 3776 σου
1121 3719 1381 3783 πολλάκις
1409 3720 1621 3789 ηκουσα
1648 3718 1788 3790 πρὸς
1820 3720 1991 3789 ἡμᾶς,
2016 3718 2184 3790 ήνίκα
2209 3721 2307 3773 σὺν
2341 3720 2475 3789 ἡμῖν

796 3809 941 3885 ἦσθα
960 3829 973 3843 ·
994 3811 1088 3864 καὶ
1114 3808 1333 3880 πρῶτον
1360 3807 1458 3877 μὲν
1475 3806 1537 3859 τὸ
1554 3804 1852 3876 βιωτικιὲπε
1859 3822 1951 3877 ρον
1965 3804 2143 3870 ζῶντα
2158 3806 2250 3859 τὸν
2265 3804 2476 3876 ἔμπρο-

800 3900 924 3955 σθεν
943 3898 1134 3969 χρόνον
1159 3894 1322 3967 μηδὲν
1339 3892 1552 3947 τοιοῦτο
1567 3892 1782 3958 παθεῖν,
1801 3893 1915 3946 ἀλλ’
1938 3892 2100 3965 ἡνίκα
2122 3893 2286 3947 ὲσταύ
2296 3909 2477 3964 ρωσας

797 3987 876 4057 τῷ
920 3986 1113 4056 κόσμῳ
1142 3983 1359 4045 σαυτὸν,
1388 3980 1691 4053 τηνικαῦτα
1746 3978 2001 4051 αἴσθησιν
2048 3980 2143 4050 τῆς
2182 3979 2340 4033 νόσου
2376 3980 2476 4032 λα-

798 4075 937 4141 ϐεῖν,
984 4073 1163 4127 ἱκανὸν
1191 4070 1491 4143 θορυϐῆσαι
1526 4080 1550 4109 ε
1586 4069 1682 4122 καὶ
1706 4069 1787 4131 είς
1819 4068 2131 4138 ἀμηχανίαν
2184 4067 2472 4139 ἐμϐαλεῖν·

798 4162 1050 4231 δεύτερον
1072 4160 1129 4212 δὲ
1152 4159 1212 4211 rb
1239 4158 1466 4220 πολλοὺς
1503 4156 1601 4227 μὲν
1633 4156 1728 4209 καὶ
1746 4154 2070 4227 τρυφῶντας
2096 4154 2204 4208 τῶν
2236 4155 2303 4208 τά
2337 4154 2478 4207 αὑτά

801 4249 886 4303 σοὶ
914 4246 1301 4317 νενοσηκότων,
1325 4244 1518 4314 μικρὸν
1553 4244 2004 4314 καρτερήσαντας
2051 4243 2244 4314 χρόνον
2266 4284 2283 4310 ,
2338 4243 2473 4297 ταύ-

797 4354 898 4407 της
922 4333 1303 4402 ἀπαλλαγῆναι
1325 4332 1423 4402 τῆς
1449 4329 1781 4401 ἀρρωστίας,
1834 4330 1927 4383 καὶ
1958 4328 2132 4393 οὕτως
2159 4331 2238 4393 είς
2261 4330 2473 4385 τελείαν

800 4424 1009 4493 ὑγίειαν
1038 4420 1376 4482 ἐπανελθεῖν,
1398 4419 1475 4481 ὡς
1502 4418 1595 4471 καὶ
1624 4417 1885 4488 ὁμιλῆσαι
1917 4416 2137 4488 γάμοις,
2180 4418 2275 4471 καὶ
2305 4418 2473 4471 πατέ-

802 4509 1169 4584 ραςγενέσθαι
1207 4508 1411 4561 παίδων
1443 4506 1674 4570 πολλῶν,
1707 4505 1938 4559 καὶτῶν
1979 4506 2155 4575 ἡδέων
2198 4506 2291 4558 τοῦ
2329 4524 2472 4578 παρ-

800 4599 954 4661 όντος
992 4595 1299 4651 ἀπολαῦσαι
1340 4594 1489 4664 βίου,
1529 4593 1625 4644 καὶ
1659 4593 1825 4662 μηδὲν
1846 4591 2056 4644 τοιοῦτο
2079 4592 2241 4645 πάλιν
2256 4592 2469 4646 παθεῖν·

803 4686 863 4739 σὲ
881 4685 938 4738 δὲ
954 4681 1206 4737 τοσοῦτον
1226 4680 1451 4733 ἕλκοντα
1467 4679 1657 4750 χρόνον
1674 4680 1732 4730 ὲν
1758 4676 2037 4747 νηστείαις
2064 4679 2159 4730 καὶ
2182 4680 2472 4748 παννυχίσι

803 4774 895 4825 καὶ
925 4774 991 4842 τῇ
1024 4770 1185 4839 λοιπῇ
1229 4764 1648 4837 σκληραγωγίᾳ,
1700 4763 1971 4835 μηδεμίαν
2018 4763 2172 4815 λύσιν
2217 4764 2475 4832 εὑρέσθαι

802 4867 911 4923 τῶν
967 4865 1301 4936 κατεχόντων
1355 4862 1575 4917 δεινῶν·
1627 4861 1810 4930 τρίτον
1866 4860 2003 4932 πρὸς
2049 4858 2357 4923 τούτοις,τὸ
2384 4860 2474 4912 τὸν

804 4970 959 5038 ἆγιον
971 4969 1175 5019 ἐκεῖνον
1190 4962 1457 5033 τοσαύτην
1484 4965 1539 5015 ὲν
1558 4962 1738 5025 ἄλλοις
1766 4960 1992 5028 ἀνδράσι
2021 4959 2251 5029 δύναμιν
2279 4958 2474 5012 ἐπιδει-

804 5061 1059 5134 ξάμενον,
1096 5059 1262 5131 μηδὲν
1291 5058 1385 5111 ἐπὶ
1418 5058 1517 5126 τῆς
1543 5056 1643 5125 σῆς
1670 5056 1886 5126 ἀγάπης
1917 5053 2207 5125 δυνηθῆναι
2266 5054 2472 5125 πρᾶξαι

800 5158 1038 5224 τοιοῦτο,
1078 5156 1216 5229 μήτε
1259 5156 1486 5215 ἐκεῖνον,
1546 5154 1685 5222 μήτε
1735 5149 1860 5213 τοὺς
1903 5150 2019 5218 μετ’
2052 5148 2261 5201 ἐκείνου
2288 5149 2333 5212 ί,
2377 5149 2472 5203 καὶ

802 5254 977 5310 ταῦτα
1016 5249 1417 5321 δυνατωτέρους
1456 5248 1613 5310 ὄντας
1642 5245 1826 5309 αὑτοῦ,
1878 5243 2014 5298 ἀλλά
2062 5242 2208 5315 [156]
2262 5245 2467 5310 πάντας

802 5350 1003 5421 ὁμοίως
1040 5347 1467 5420 ὲρυθριάσαντας
1502 5340 1780 5396 ἀπελθεῖν.
1828 5337 1984 5392 Μετά
2021 5337 2078 5390 δὲ
2125 5337 2329 5391 τούτων
2376 5338 2470 5391 καὶ

802 5446 1001 5517 ἑτέρως
1022 5444 1224 5515 σφόδρα,
1242 5441 1380 5513 ἔφης
1418 5440 1626 5509 ἀλγεῖν,
1657 5438 1740 5491 ὅτι
1771 5433 1914 5488 οῦτω
1948 5450 2041 5486 σου
2079 5432 2175 5504 τῆς
2205 5433 2381 5505 ψυχῆς
2429 5436 2463 5508 ἡ

862 5628 890 5656 ⁸
914 5624 1064 5675 Savil.
1090 5626 1227 5671 notat
1244 5622 1295 5669 in
1316 5632 1466 5679 marg.
1493 5617 1579 5679 οῦκ
1597 5615 1895 5679 ὀκνήσωμεν.

860 5685 891 5728 δ
911 5687 1045 5738 (Iulb.
1073 5692 1125 5734 et
1149 5685 1299 5732 Smil.
1342 5677 1509 5743 οἶοῐτο,
1534 5677 1705 5743 Μοτοὶ.
1732 5678 1905 5743 οἱηταιΖ

864 5752 886 5780 ε
912 5734 1085 5805 ᾖσι-ει.
1109 5746 1251 5805 εὖνοι,
1276 5743 1427 5805 Ξανῇι.
1451 5734 1620 5805 εὔνοοι,
1646 5736 1863 5805 ἰιςπιειιιε
1888 5734 2024 5804 Con}.
2050 5738 2225 5792 codex.

861 5808 891 5849 ἀ
909 5794 1055 5857 ἔπ’γίὶῖ.
1076 5794 1320 5863 τοιοῦτον,
1340 5801 1421 5868 ὶιρίρ
1432 5808 1485 5849 ει
1503 5800 1642 5868 infra.
1668 5794 1837 5868 ῐξὶοτεξὶ.
1871 5794 2079 5846 τοιοῦτο.

861 5872 881 5894 ⁸
904 5870 987 5920 Sic
1010 5872 1160 5920 Savil.
1181 5860 1336 5917 reclé.
1364 5863 1539 5914 Morel.
1561 5860 1873 5922 θορυϐεῖσθαι.

866 5931 887 5971 ί
916 5917 1087 5982 πότὲῑ.
1108 5917 1158 5979 ἰὴ
1182 5935 1321 5979 textu
1348 5933 1399 5976 et
1419 5925 1568 5974 Savil.
1607 5917 1656 5968 ἱίι
1695 5933 1845 5982 [ηιμ-ε.
1887 5919 1985 5981 μετ’
2010 5919 2206 5968 ἐκείνου.
2233 5917 2384 5982 Savi).
2413 5918 2461 5966 in

800 5980 939 6044 texti)
960 5995 1059 6055 μετ’
1086 5993 1275 6041 ἐκεῖνον.
1301 5989 1425 6040 Infra
1456 5985 1629 6035 Morel.
1656 5991 1711 6055 et,
1740 5980 1897 6055 δείλη.
1915 5984 2137 6055 ill-marg.
2170 5980 2460 6055 περιεγένετο

1034 6040 1181 6118 Βιδγίί.
1204 6055 1249 6101 in
1278 6057 1414 6118 Ifxtu
1453 6065 1506 6095 π.
1529 6043 1756 6114 τυραννίς.
1800 6043 1908 6092 Mox
1937 6040 2111 6092 Morel:
2134 6040 2360 6096 πολλάκις
2385 6040 2457 6087 ἐπὶ

801 6111 970 6182 βρόχον
1002 6116 1145 6166 mea
1192 6114 1422 6163 Sm‘ilium
1444 6111 1710 6172 sequimur.

1556 530 1614 587 S.
1654 527 1943 586 JOANNIS
1980 527 2469 585 CHRYSOSTOMI
2512 527 2838 587 ARCHIEP.
2878 530 3435 591 CONSTANTINOP.

4170 542 4265 600 426

2579 644 2678 715 τῆς
2706 643 2943 716 ἀθυμίας
2968 650 3317 720 περιεγένετο
3340 650 3595 721 δύναμις,
3640 653 3716 717 ὡς
3763 661 3970 729 μικροῦ
4002 662 4261 728 πολλάκις

2578 742 2671 794 καὶ
2690 743 2781 795 ἐπὶ
2810 741 3003 813 βρόχον
3027 747 3270 818 ὁρμῆσαι
3297 748 3492 811 ἐλθεῖν,
3518 750 3611 802 καὶ
3649 752 3740 803 ἐπὶ
3771 760 4032 826 ποταμὸν
4051 762 4153 814 καὶ
4184 762 4264 814 ἐπὶ

2576 838 2840 908 κρημνόν.
2864 839 3022 893 Ἐστι
3048 842 3106 894 δέ
3146 861 3197 897 τι
3221 846 3316 898 καὶ
3355 845 3606 915 πέμπτον
3635 845 3728 898 ἐπὶ
3766 848 4013 915 τούτοις,
4050 855 4119 906 τὸ
4148 859 4264 920 τοὺς

2581 936 2678 1005 μὲν
2716 934 2987 1007 ὁμήλικας
3022 938 3116 990 καὶ
3151 941 3291 1009 μετά
3329 940 3425 994 σοῦ
3466 940 3670 1013 ταύτης
3700 942 4024 1013 ήργμένους
4048 950 4155 1018 τῆς
4180 969 4266 1004 πο-

2576 1031 2803 1098 λιτείας,
2836 1034 2969 1103 όρᾷν
2996 1034 3054 1086 έν
3081 1035 3319 1108 εὑθυμίᾳ
3355 1039 3662 1108 διάγοντας,
3699 1042 3896 1094 σαυτὸν
3932 1042 3997 1095 δὲ
4029 1046 4092 1096 ἐν
4117 1050 4267 1115 χαλε-

2577 1129 2814 1200 πωτάτῳ
2830 1129 3061 1182 κλύδωνι
3075 1138 3103 1176 8
3122 1132 3374 1201 κείμενον
3389 1136 3470 1189 ἔτι
3494 1140 3586 1192 καὶ
3607 1138 3991 1210 δεσμωτήριον
4014 1141 4267 1199 οἰκοῦντι

2576 1226 2639 1279 rb
2677 1226 2897 1279 πάντων
2937 1224 3320 1297 ἐλεεινότερον.
3362 1231 3437 1284 Οὑ
3465 1233 3575 1304 γὰρ
3610 1235 3751 1288 οὕτω
3783 1238 3910 1299 τοὺς
3940 1236 4265 1305 δεδεμένους

2581 1321 2785 1394 σιδήρῳ
2812 1320 3070 1393 δακρύειν
3092 1320 3229 1392 ἔφης
3247 1322 3380 1386 δεῖν.
3426 1326 3503 1388 ὡς
3541 1330 3669 1393 τοὺς
3705 1331 3914 1402 ταύτην
3944 1336 4269 1403 περικειμέ.

2578 1434 2701 1483 νους
2752 1419 2851 1491 τὴν
2880 1419 3090 1474 ἅλυσιν.
3134 1419 3362 1487 Ἐλεγες
3401 1420 3458 1473 δέ
3490 1441 3581 1492 μοι
3602 1427 3695 1479 καὶ
3717 1426 3908 1499 ἕτερον
3954 1426 4107 1483 εἶναι
4141 1432 4268 1500 πρὶς

2577 1517 2792 1580 τούτοις
2815 1515 2876 1569 τό
2899 1515 3137 1586 μάλιστά
3163 1533 3222 1567 σε
3247 1516 3539 1587 θορυϐοῦν·
3571 1520 3872 1578 δεδοικέναι
3913 1525 4031 1597 γὰρ
4064 1525 4214 1595 (ad;
4244 1529 4268 1566 ι

2578 1612 2669 1665 τοῦ
2707 1613 2913 1683 πατρὸς
2945 1612 3040 1666 καὶ
3087 1611 3336 1682 τρέμειν,
3392 1615 3605 1685 μήποτε
3645 1619 3997 1691 αἰσθόμενος,
4054 1622 4272 1691 μεγάλα

2576 1709 2705 1772 τοὺς
2753 1710 3189 1779 ὑποδεξαμένους
3248 1726 3308 1762 σε
3344 1711 3445 1782 τὴν
3491 1713 3665 1784 ἀρχὴν
3714 1717 3901 1785 ἁγίους
3957 1719 4271 1788 ἐργάσηται

2578 1802 2747 1859 δεινά·
2777 1808 2842 1875 τῇ
2865 1821 2926 1856 τε
2953 1803 3063 1873 γάρ
3084 1803 3314 1875 δυνάμει
3332 1806 3427 1859 καὶ
3461 1807 3541 1879 τῷ
3564 1808 3782 1881 πλούτῳ
3800 1811 4149 1883 θαρροῦντα,
4184 1814 4274 1867 καὶ

2580 1902 2686 1954 ὑπὸ
2726 1902 2827 1971 τῆς
2871 1899 3109 1969 ἀθυμίας
3150 1902 3524 1972 κρατούμενον
3552 1945 3568 1969 ,
3627 1908 3807 1961 πάντα
3838 1908 4154 1978 τολμήσειν
4201 1912 4274 1974 ei;

2579 1999 2799 2063 αὑτοὺς,
2835 1998 2929 2051 καὶ
2958 1997 3177 2062 οὐδενὸς
3203 1998 3503 2068 ἀφέξεσθαι
3531 2001 3642 2055 τῶν
3666 2003 4063 2072 ἐμπιπτόντων
4101 2005 4272 2075 αὐτῷ.

2578 2093 2690 2149 Καὶ
2730 2093 2893 2164 μέχρι
2922 2092 3021 2162 μὲν
3048 2091 3145 2145 τοῦ
3171 2094 3441 2166 παρόντος
3478 2093 3771 2163 δυνηθῆναι
3796 2096 3897 2165 τὴν
3920 2096 4159 2167 μητέρα
4185 2101 4277 2153 καὶ

2580 2188 2922 2258 συγκαλύψαι
2984 2187 3046 2240 rb
3096 2190 3343 2257 γεγονὸς,
3400 2189 3495 2244 καὶ
3540 2188 3905 2261 ἐπιζητοῦντά
3954 2207 4020 2243 σε
4094 2210 4277 2264 παραρ

2579 2282 2914 2358 κρούσασθαι
2962 2283 3228 2347 πολλάκις
3269 2286 3430 2338 αὑτόν
3462 2299 3477 2313 ·
3519 2286 3567 2337 εἰ
3613 2284 3671 2336 δὲ
3726 2286 3917 2356 χρόνος
3970 2289 4276 2360 ἐγγένηται

2581 2382 2802 2447 πλείων,
2843 2380 3273 2453 φωραθήσεσθαι
3305 2385 3405 2453 τῆς
3430 2380 3637 2453 μητρὸς
3664 2382 3763 2453 τὴν
3794 2384 4128 2457 ὑπόκρισιν,
4184 2390 4279 2445 καὶ

2578 2480 2851 2550 ἀφόρητον
2877 2476 3041 2532 αὑτὸν
3070 2477 3257 2550 ἐκείνῃ
3282 2495 3339 2531 τε
3367 2476 3587 2531 ἔσεσθαι
3615 2476 3709 2530 καὶ
3737 2479 3851 2542 τοῖς
3883 2483 4184 2550 μοναχοῖς.
4220 2482 4278 2537 ’0

2577 2576 2636 2630 δὲ
2679 2575 2793 2629 τῶν
2825 2573 3010 2628 κακῶν
3039 2572 3285 2645 κολοφὼν
3319 2573 3379 2627 rb
3435 2573 3570 2644 μηδὲ
3609 2574 3751 2647 ὑπὲρ
3798 2576 3908 2629 τῶν
3948 2576 4279 2646 μελλόντων

2579 2670 2722 2742 ἔχειν
2752 2671 2998 2743 θαρρεῖν,
3032 2673 3167 2744 μηδὲ
3191 2672 3390 2725 εἰδέναι
3433 2669 3641 2737 σαφῶς,
3669 2670 3723 2723 εῖ
3767 2687 3897 2724 ποτε
3930 2672 4097 2725 ἔσται
4121 2672 4280 2737 λύσις

2578 2771 2676 2839 τῆς
2710 2768 2867 2822 νόσου
2906 2768 3110 2838 ταύτης
3129 2768 3222 2821 καὶ
3254 2764 3562 2835 ἀπαλλαγὴ,
3590 2764 3679 2818 διὰ
3703 2766 3764 2818 rb
3791 2766 4061 2831 πολλάκις
4113 2766 4279 2821 τοῦτο

2580 2867 3031 2938 προσδοκήσαντα
3086 2864 3247 2918 πάλιν
3292 2865 3407 2926 τοῖς
3448 2862 3638 2924 αὑτοῖς
3667 2866 4014 2933 περιπεσεῖν.
4080 2863 4275 2916 Ἱκανά

2578 2963 2713 3034 γοῦν
2748 2962 2926 3017 ταῦτα
2987 2963 3290 3035 θορυϐῆσαι
3316 2960 3517 3032 ψυχὴν,
3564 2962 3662 3014 καὶ
3713 2960 3917 3031 πολλῆς
3972 2962 4275 3033 ἐμπλῆσαι

2579 3059 2850 3132 ταραχῆς,
2896 3058 3031 3113 ἀλλά
3061 3056 3238 3128 ψυχὴν
3264 3056 3362 3127 τὴν
3404 3054 3748 3126 παρειμένην
3802 3057 3895 3109 καὶ
3928 3056 4275 3113 ἀπαίδευτον

2580 3158 2677 3210 καὶ
2704 3155 2922 3227 νωθράν
2939 3173 2955 3187 ·
2990 3155 3152 3226 ἡμεῖς
3179 3154 3238 3207 δὲ
3256 3154 3324 3223 ἢν
3346 3151 3694 3225 ὲθελήσωμεν
3725 3151 4014 3221 διαϐλέψαι
4039 3154 4273 3225 μικρὸν,

2580 3252 2676 3305 καὶ
2706 3250 3005 3320 λογισμοὺς
3054 3247 3382 3317 ἀνακινῆσαι
3438 3248 3566 3309 τοὺς
3615 3245 3881 3309 εὐσεϐεῖς,
3908 3245 4114 3316 ὥσπερ
4146 3246 4277 3299 τινὰ

2580 3350 2729 3403 κόνιν
2747 3346 2952 3417 λεπτὴν
2971 3384 2987 3409 ,
3032 3344 3238 3408 ταύτας
3263 3340 3705 3412 ἀποτιναξόμεθα
3730 3340 3833 3411 τῆς
3872 3339 4134 3411 ἀθυμίας
4173 3342 4276 3403 τὰς

2580 3446 2887 3509 ὑποθέσεις.
2903 3444 3097 3499 Καίτοι
3117 3443 3191 3513 μή
3221 3459 3289 3513 με
3321 3441 3552 3512 νομίσῃς
3583 3437 3673 3492 διά
3707 3438 3770 3490 rb
3800 3436 3905 3502 ἔξω
3947 3435 4047 3490 τοῦ
4100 3439 4275 3491 πόνου

2578 3546 2675 3599 καὶ
2708 3543 2809 3613 τῆς
2834 3540 3007 3609 ζάλης
3048 3537 3252 3608 ταύτης
3294 3537 3553 3597 ἑστάναι,
3597 3531 3769 3585 ταῦτα
3818 3533 4276 3601 ἐπαγγέλλεσθαι

2578 3646 2663 3683 σοι
2711 3626 2828 3698 μετ’
2874 3623 3127 3687 εὐκολίας
3174 3621 3290 3674 νῦν.
3318 3620 3382 3674 El
3412 3618 3522 3688 γὰρ
3559 3617 3652 3669 καὶ
3686 3617 3890 3670 ἄπιστα
3910 3618 4051 3682 δόξω
4080 3618 4274 3685 λέγειν

2577 3723 2738 3789 τισὶν,
2766 3722 2882 3775 ἀλλ’
2909 3721 3059 3791 ὅμως
3081 3718 3190 3789 ὲρῶ
3221 3734 3235 3747 ·
3274 3716 3336 3769 οὑ
3370 3714 3480 3784 γὰρ
3512 3712 3577 3782 δή
3606 3711 3745 3783 μετά
3792 3711 3902 3765 τῶν
3938 3712 4132 3767 ἀλλων
4178 3716 4276 3766 καὶ

2578 3822 2741 3887 αὑτὸς
2777 3820 3101 3891 ἀπιστήσεις
3147 3818 3301 3888 ἡμῖν.

2661 4030 2880 4102 Ἐπειδὴ
2905 4030 3013 4101 γὰρ
3051 4025 3366 4097 ὲπεπήδησέ
3405 4041 3496 4078 σου
3519 4026 3583 4094 τῇ
3608 4023 3748 4096 ψυχῇ
3776 4025 3932 4095 παρά
3958 4026 4063 4095 τὴν
4086 4026 4274 4099 ἀρχὴν

2577 4130 2605 4182 ό
2634 4127 2828 4198 μιαρὸς
2844 4125 3051 4197 δαίμων
3078 4125 3308 4184 ἐκεῖνος,
3340 4120 3432 4172 καὶ
3467 4120 3667 4189 μεταξὺ
3702 4121 3920 4173 πάντων
3957 4120 4274 4190 εὐχόμενον

2578 4220 3012 4285 κατέϐαλεν,οὑκ
3028 4220 3218 4288 ἔτυχον
3240 4216 3337 4287 μὲν
3351 4214 3541 4285 παρὼν
3576 4214 3691 4285 (καὶ
3712 4216 3871 4285 χάριν
3890 4216 4003 4285 ἔχω
4033 4217 4122 4287 τῷ
4148 4217 4273 4284 φιλ-

2576 4316 2848 4389 ανθρώπῳ
2905 4316 3077 4387 Θεῷ),
3117 4312 3319 4384 ἔμαθον
3371 4310 3429 4363 δὲ
3482 4309 3697 4365 ἅπαντα
3739 4312 3878 4381 μετά
3936 4311 4267 4380 ἀκριϐείας,

2572 4413 2882 4482 ὡσπερανεὶ
2906 4409 3117 4481 παρών.
3164 4410 3224 4460 '0
3256 4405 3365 4477 γάρ
3390 4406 3519 4477 ἐμὸς
3548 4405 3700 4475 φίλος
3732 4406 3825 4459 καὶ
3859 4405 3951 4467 σὸς
3993 4404 4269 4471 Θεόφιλος

2573 4510 2602 4560 ὁ
2638 4508 2883 4575 Ἐφέσιος
2934 4503 3125 4567 ἐλθὼν,
3158 4502 3373 4555 ἅπαντὰ
3407 4518 3496 4571 μοι
3556 4501 3741 4569 σαφῶς
3785 4499 4118 4566 διηγήσατο,
4167 4500 4268 4569 τὴν

2578 4601 2908 4674 στρέϐλωσιν
2930 4599 3039 4651 τῶν
3071 4596 3291 4667 χειρῶν,
3308 4598 3406 4667 τὴν
3430 4597 3761 4668 διαστροφὴν
3785 4595 3894 4649 τῶν
3925 4592 4265 4662 ὀφθαλμῶν,

2575 4698 2668 4749 τὸν
2722 4696 2830 4748 ἀπὸ
2889 4694 2984 4746 τοῦ
3041 4693 3306 4762 στόματος
3347 4694 3549 4765 ἀφρὸν,
3594 4694 3693 4766 τὴν
3732 4689 4118 4759 ἀποτρόπαιον
4175 4692 4268 4742 καὶ

2576 4791 2788 4861 ἄσημον
2842 4788 3056 4857 εκείνην
3094 4788 3314 4858 φωνὴν,
3358 4790 3449 4843 τὸν
3474 4789 3568 4842 τοῦ
3614 4788 3867 4858 σώματος
3887 4783 4128 4853 τρόμον,
4165 4788 4267 4857 τὴν

2575 4884 2935 4955 ἀναισθησίαν
2952 4885 3051 4953 τὴν
3085 4884 3178 4935 ἐπὶ
3217 4884 3368 4950 πολὺ,
3404 4886 3464 4939 rb
3498 4886 3628 4956 ϐναρ
3660 4884 3722 4935 rb
3775 4879 3914 4932 κατὰ
3947 4879 4053 4948 τήν
4083 4881 4267 4935 νύκτα

2573 4982 2791 5051 ἐκείνην
2824 4980 3020 5051 φανέν·
3056 4980 3245 5051 ἄγριον
3265 4983 3371 5053 γάρ
3401 5000 3523 5036 τινα
3544 4974 3607 5034 ὗν
3636 4976 3877 5048 βορϐόρῳ
3913 4974 4265 5043 μολυνθέντα

2574 5081 2757 5151 πολλῷ
2800 5077 3039 5149 συνεχῶς
3090 5078 3356 5150 ἐπιπηδᾷν
3401 5096 3484 5133 σοι
3526 5077 3621 5130 καὶ
3664 5069 4063 5143 προσπαλαίειν
4116 5076 4262 5147 ἔφη·

2572 5176 2694 5232 εἷτα
2730 5176 2820 5229 τὸν
2867 5174 3344 5248 παρακαθεύδοντα
3388 5176 3494 5227 ὑπὸ
3528 5173 3630 5240 τῆς
3667 5168 3842 5237 ὅψεως
3873 5173 4264 5240 ταραχθέντα,

2572 5270 2917 5342 διεγερθῆναί
2961 5288 3044 5337 τε,
3085 5272 3177 5325 καὶ
3201 5272 3361 5326 πάλιν
3398 5287 3457 5324 σε
3487 5264 3804 5334 κινούμενον
3838 5262 3942 5318 ὑπὸ
3994 5268 4098 5321 τοῦ
4138 5272 4265 5325 δαίς

2577 5388 2739 5442 μονος
2777 5370 2978 5441 εὑρεῖν.

2649 5465 2713 5537 β’.
2765 5465 2980 5537 Ἐπειδὴ
3011 5461 3105 5519 οὖν
3145 5467 3319 5520 ταῦτα
3345 5456 3678 5531 ἀπήγγειλεν
3710 5458 3940 5524 ἐκεῖνος,
3965 5465 4265 5534 τοσαύτην

2573 5564 2706 5632 ἡμῖν
2747 5562 2973 5633 κατέχεε
3012 5563 3110 5634 τὴν
3141 5563 3332 5633 ἀχλὺν,
3370 5559 3501 5626 ὅσην
3528 5557 3555 5608 ό
3586 5554 3793 5625 δαίμων
3817 5548 3975 5621 οὗτος
3991 5563 4060 5630 τῇ
4102 5560 4265 5634 [157]

2572 5660 2760 5732 ἀγάπῃ
2780 5664 2844 5731 τῇ
2870 5664 2955 5732 σῇ.
2997 5661 3082 5724 Ὧς
3097 5661 3153 5714 δὲ
3181 5657 3320 5729 μετά
3354 5651 3520 5705 πολὺν
3553 5651 3823 5723 ἀνήνεγκα
3851 5656 4072 5725 χρόνον,
4096 5658 4266 5710 οὐδὲν

2568 5755 2691 5825 ἐμοὶ
2716 5756 2901 5812 λοιπὸν
2927 5757 3037 5810 τῶν
3067 5758 3126 5810 ἐν
3156 5752 3235 5822 τῷ
3263 5751 3453 5820 κόσμῳ
3478 5748 3653 5821 τούτῳ
3673 5750 3864 5806 δεινῶν
3894 5752 4081 5805 ἐδόκει
4112 5750 4267 5807 εἶναι

2628 5967 2653 6005 8
2677 5964 2759 6013 Sic
2793 5965 3138 6025 rescripsimus
3175 5972 3205 6009 ο
3248 5960 3428 6021 Savil.;
3474 5960 3640 6014 Monlf.
3684 5964 3732 6011 ἐν
3776 5962 3978 6027 χαλεπῷ
4023 5962 4097 6027 τῷ
4145 5965 4267 6015 κλύ-

2569 6028 2697 6075 δωνι.
2723 6027 2858 6073 Em‘r.
3450 6064 3460 6070 .

2635 6086 2666 6125 Ιι
2690 6087 2825 6137 Colb.
2851 6090 2900 6135 cl
2925 6085 3073 6135 Sam.
3111 6085 3244 6150 ὑπέρ,
3268 6084 3439 6136 Morel.
3466 6099 3582 6138 ιρι-ο
3600 6086 3711 6135 ὑπό.
