  <div class='ocr_page' id='page_1' title='image "/cluster/home/n/w/nwhite01/storage/ocr_20150623/47/hvd.32044025239690/386.png"; bbox 0 0 4532 6744; ppageno 0'>
   <div class='ocr_carea' id='block_1_1' title="bbox 448 573 551 628">
    <p class='ocr_par' dir='ltr' id='par_1_1' title="bbox 448 573 551 628">
     <span class='ocr_line' id='line_1_1' title="bbox 448 573 551 628; baseline -0.029 0"><span class='ocrx_word' id='word_1_1' title='bbox 448 573 551 628; x_wconf 60' lang='grc'><strong>693</strong></span> 
     </span>
    </p>
   </div>
   <div class='ocr_carea' id='block_1_2' title="bbox 446 687 2027 760">
    <p class='ocr_par' dir='ltr' id='par_1_2' title="bbox 446 687 2027 760">
     <span class='ocr_line' id='line_1_2' title="bbox 446 687 2027 760; baseline -0.001 -17"><span class='ocrx_word' id='word_1_2' title='bbox 446 687 667 743; x_wconf 80' lang='lat' dir='ltr'><strong>ferendo</strong></span> <span class='ocrx_word' id='word_1_3' title='bbox 696 688 949 759; x_wconf 87' lang='lat' dir='ltr'><strong>obsequia</strong></span> <span class='ocrx_word' id='word_1_4' title='bbox 975 731 989 755; x_wconf 93' lang='lat'><strong>,</strong></span> <span class='ocrx_word' id='word_1_5' title='bbox 1019 698 1225 760; x_wconf 87' lang='lat' dir='ltr'><strong>partem</strong></span> <span class='ocrx_word' id='word_1_6' title='bbox 1255 690 1485 757; x_wconf 91' lang='lat' dir='ltr'><strong>aliquam</strong></span> <span class='ocrx_word' id='word_1_7' title='bbox 1525 689 1693 743; x_wconf 89' lang='lat' dir='ltr'><strong>lenire</strong></span> <span class='ocrx_word' id='word_1_8' title='bbox 1735 689 1983 743; x_wconf 76' lang='lat' dir='ltr'><strong>tnmroris</strong></span> <span class='ocrx_word' id='word_1_9' title='bbox 2015 706 2027 741; x_wconf 88' lang='lat'><strong>:</strong></span> 
     </span>
    </p>
   </div>
   <div class='ocr_carea' id='block_1_3' title="bbox 446 779 2034 849">
    <p class='ocr_par' dir='ltr' id='par_1_3' title="bbox 446 779 2034 849">
     <span class='ocr_line' id='line_1_3' title="bbox 446 779 2034 849; baseline 0.001 -18"><span class='ocrx_word' id='word_1_10' title='bbox 446 781 697 849; x_wconf 87' lang='lat' dir='ltr'><strong>quoniam</strong></span> <span class='ocrx_word' id='word_1_11' title='bbox 721 796 847 834; x_wconf 88' lang='lat' dir='ltr'><strong>vero</strong></span> <span class='ocrx_word' id='word_1_12' title='bbox 872 791 927 835; x_wconf 92' lang='lat' dir='ltr'><strong>et</strong></span> <span class='ocrx_word' id='word_1_13' title='bbox 951 780 1193 848; x_wconf 89' lang='lat' dir='ltr'><strong>corporis</strong></span> <span class='ocrx_word' id='word_1_14' title='bbox 1221 779 1359 831; x_wconf 91' lang='lat' dir='ltr'><strong>mala</strong></span> <span class='ocrx_word' id='word_1_15' title='bbox 1390 780 1635 833; x_wconf 93' lang='lat' dir='ltr'><strong>valetudo</strong></span> <span class='ocrx_word' id='word_1_16' title='bbox 1662 822 1676 843; x_wconf 92' lang='lat'><strong>,</strong></span> <span class='ocrx_word' id='word_1_17' title='bbox 1709 788 1760 834; x_wconf 89' lang='lat' dir='ltr'><strong>et</strong></span> <span class='ocrx_word' id='word_1_18' title='bbox 1790 780 2034 833; x_wconf 85' lang='lat' dir='ltr'><strong>invectus</strong></span> 
     </span>
    </p>
   </div>
   <div class='ocr_carea' id='block_1_4' title="bbox 447 870 2032 942">
    <p class='ocr_par' dir='ltr' id='par_1_4' title="bbox 447 870 2032 942">
     <span class='ocr_line' id='line_1_4' title="bbox 447 870 2032 942; baseline 0 -19"><span class='ocrx_word' id='word_1_19' title='bbox 447 872 497 925; x_wconf 92' lang='lat' dir='ltr'><strong>in</strong></span> <span class='ocrx_word' id='word_1_20' title='bbox 528 884 681 942; x_wconf 85' lang='lat' dir='ltr'><strong>caput</strong></span> <span class='ocrx_word' id='word_1_21' title='bbox 714 884 952 928; x_wconf 87' lang='lat' dir='ltr'><strong>nostrum</strong></span> <span class='ocrx_word' id='word_1_22' title='bbox 982 872 1137 925; x_wconf 89' lang='lat' dir='ltr'><strong>dolor</strong></span> <span class='ocrx_word' id='word_1_23' title='bbox 1160 911 1175 934; x_wconf 85' lang='lat'><strong>,</strong></span> <span class='ocrx_word' id='word_1_24' title='bbox 1223 870 1366 924; x_wconf 89' lang='lat' dir='ltr'><strong>domi</strong></span> <span class='ocrx_word' id='word_1_25' title='bbox 1394 886 1491 925; x_wconf 90' lang='lat' dir='ltr'><strong>nos</strong></span> <span class='ocrx_word' id='word_1_26' title='bbox 1516 888 1731 927; x_wconf 90' lang='lat' dir='ltr'><strong>manere</strong></span> <span class='ocrx_word' id='word_1_27' title='bbox 1757 870 2032 938; x_wconf 81' lang='lat' dir='ltr'><strong>compule-</strong></span> 
     </span>
    </p>
   </div>
   <div class='ocr_carea' id='block_1_5' title="bbox 448 962 2031 1033">
    <p class='ocr_par' dir='ltr' id='par_1_5' title="bbox 448 962 2031 1033">
     <span class='ocr_line' id='line_1_5' title="bbox 448 962 2031 1033; baseline -0.003 -14"><span class='ocrx_word' id='word_1_28' title='bbox 448 976 567 1019; x_wconf 93' lang='lat' dir='ltr'><strong>runt</strong></span> <span class='ocrx_word' id='word_1_29' title='bbox 594 1008 608 1027; x_wconf 82' lang='lat'><strong>,</strong></span> <span class='ocrx_word' id='word_1_30' title='bbox 637 966 899 1033; x_wconf 91' lang='lat' dir='ltr'><strong>nobisque</strong></span> <span class='ocrx_word' id='word_1_31' title='bbox 926 963 1053 1017; x_wconf 91' lang='lat' dir='ltr'><strong>tanti</strong></span> <span class='ocrx_word' id='word_1_32' title='bbox 1100 962 1233 1016; x_wconf 93' lang='lat' dir='ltr'><strong>lucri</strong></span> <span class='ocrx_word' id='word_1_33' title='bbox 1274 962 1625 1017; x_wconf 81' lang='lat' dir='ltr'><strong>ministerium</strong></span> <span class='ocrx_word' id='word_1_34' title='bbox 1657 962 2031 1029; x_wconf 90' lang='lat' dir='ltr'><strong>abstulerunt,</strong></span> 
     </span>
    </p>
   </div>
   <div class='ocr_carea' id='block_1_6' title="bbox 442 1055 2033 1127">
    <p class='ocr_par' dir='ltr' id='par_1_6' title="bbox 442 1055 2033 1127">
     <span class='ocr_line' id='line_1_6' title="bbox 442 1055 2033 1127; baseline -0.003 -18"><span class='ocrx_word' id='word_1_35' title='bbox 442 1057 549 1127; x_wconf 87' lang='lat' dir='ltr'><strong>jam</strong></span> <span class='ocrx_word' id='word_1_36' title='bbox 577 1057 717 1127; x_wconf 88' lang='lat' dir='ltr'><strong>quod</strong></span> <span class='ocrx_word' id='word_1_37' title='bbox 750 1056 1012 1123; x_wconf 89' lang='lat' dir='ltr'><strong>reliquum</strong></span> <span class='ocrx_word' id='word_1_38' title='bbox 1056 1062 1138 1106; x_wconf 92' lang='lat' dir='ltr'><strong>est</strong></span> <span class='ocrx_word' id='word_1_39' title='bbox 1166 1068 1262 1121; x_wconf 91' lang='lat' dir='ltr'><strong>pro</strong></span> <span class='ocrx_word' id='word_1_40' title='bbox 1292 1055 1659 1108; x_wconf 93' lang='lat' dir='ltr'><strong>consolatione</strong></span> <span class='ocrx_word' id='word_1_41' title='bbox 1690 1063 1778 1106; x_wconf 91' lang='lat' dir='ltr'><strong>tua</strong></span> <span class='ocrx_word' id='word_1_42' title='bbox 1803 1094 1817 1117; x_wconf 93' lang='lat'><strong>,</strong></span> <span class='ocrx_word' id='word_1_43' title='bbox 1851 1061 1904 1106; x_wconf 89' lang='lat' dir='ltr'><strong>et</strong></span> <span class='ocrx_word' id='word_1_44' title='bbox 1938 1068 2033 1120; x_wconf 89' lang='lat' dir='ltr'><strong>pro</strong></span> 
     </span>
    </p>
   </div>
   <div class='ocr_carea' id='block_1_7' title="bbox 445 1143 2032 1211">
    <p class='ocr_par' dir='ltr' id='par_1_7' title="bbox 445 1143 2032 1211">
     <span class='ocr_line' id='line_1_7' title="bbox 445 1143 2032 1211; baseline -0.003 -9"><span class='ocrx_word' id='word_1_45' title='bbox 445 1150 675 1203; x_wconf 91' lang='lat' dir='ltr'><strong>utilitate</strong></span> <span class='ocrx_word' id='word_1_46' title='bbox 706 1156 888 1199; x_wconf 86' lang='lat' dir='ltr'><strong>nostra</strong></span> <span class='ocrx_word' id='word_1_47' title='bbox 914 1186 928 1208; x_wconf 91' lang='lat'><strong>,</strong></span> <span class='ocrx_word' id='word_1_48' title='bbox 964 1144 1065 1197; x_wconf 87' lang='lat' dir='ltr'><strong>hoc</strong></span> <span class='ocrx_word' id='word_1_49' title='bbox 1092 1151 1147 1197; x_wconf 94' lang='lat' dir='ltr'><strong>ut</strong></span> <span class='ocrx_word' id='word_1_50' title='bbox 1184 1143 1405 1200; x_wconf 85' lang='lat' dir='ltr'><strong>facultas</strong></span> <span class='ocrx_word' id='word_1_51' title='bbox 1441 1144 1614 1211; x_wconf 88' lang='lat' dir='ltr'><strong>feret,</strong></span> <span class='ocrx_word' id='word_1_52' title='bbox 1646 1145 1897 1198; x_wconf 87' lang='lat' dir='ltr'><strong>inducere</strong></span> <span class='ocrx_word' id='word_1_53' title='bbox 1928 1158 2032 1198; x_wconf 93' lang='lat' dir='ltr'><strong>non</strong></span> 
     </span>
    </p>
   </div>
   <div class='ocr_carea' id='block_1_8' title="bbox 444 1233 2033 1307">
    <p class='ocr_par' dir='ltr' id='par_1_8' title="bbox 444 1233 2033 1307">
     <span class='ocr_line' id='line_1_8' title="bbox 444 1233 2033 1307; baseline -0.003 -14"><span class='ocrx_word' id='word_1_54' title='bbox 444 1240 795 1307; x_wconf 87' lang='lat' dir='ltr'><strong>negligemus.</strong></span> <span class='ocrx_word' id='word_1_55' title='bbox 828 1233 1094 1289; x_wconf 83' lang='lat' dir='ltr'><strong>Profuerit</strong></span> <span class='ocrx_word' id='word_1_56' title='bbox 1122 1236 1261 1290; x_wconf 92' lang='lat' dir='ltr'><strong>enim</strong></span> <span class='ocrx_word' id='word_1_57' title='bbox 1291 1236 1343 1291; x_wconf 94' lang='lat' dir='ltr'><strong>id</strong></span> <span class='ocrx_word' id='word_1_58' title='bbox 1375 1237 1469 1290; x_wconf 86' lang='lat' dir='ltr'><strong>tibi</strong></span> <span class='ocrx_word' id='word_1_59' title='bbox 1514 1236 1745 1289; x_wconf 78' lang='lat' dir='ltr'><strong>fortasse</strong></span> <span class='ocrx_word' id='word_1_60' title='bbox 1771 1235 1938 1304; x_wconf 89' lang='lat' dir='ltr'><strong>magis</strong></span> <span class='ocrx_word' id='word_1_61' title='bbox 1966 1234 2033 1289; x_wconf 90' lang='lat' dir='ltr'><strong>ad</strong></span> 
     </span>
    </p>
   </div>
   <div class='ocr_carea' id='block_1_9' title="bbox 445 1325 2032 1399">
    <p class='ocr_par' dir='ltr' id='par_1_9' title="bbox 445 1325 2032 1399">
     <span class='ocr_line' id='line_1_9' title="bbox 445 1325 2032 1399; baseline -0.003 -16"><span class='ocrx_word' id='word_1_62' title='bbox 445 1338 742 1399; x_wconf 68' lang='lat' dir='ltr'><strong>praesentes</strong></span> <span class='ocrx_word' id='word_1_63' title='bbox 781 1326 1035 1381; x_wconf 89' lang='lat' dir='ltr'><strong>adversos</strong></span> <span class='ocrx_word' id='word_1_64' title='bbox 1074 1342 1229 1383; x_wconf 90' lang='lat' dir='ltr'><strong>casus</strong></span> <span class='ocrx_word' id='word_1_65' title='bbox 1278 1328 1568 1383; x_wconf 75' lang='lat' dir='ltr'><strong>fortissime</strong></span> <span class='ocrx_word' id='word_1_66' title='bbox 1616 1326 1882 1381; x_wconf 91' lang='lat' dir='ltr'><strong>ferendos.</strong></span> <span class='ocrx_word' id='word_1_67' title='bbox 1938 1325 2032 1379; x_wconf 86' lang='lat' dir='ltr'><strong>Sin</strong></span> 
     </span>
    </p>
   </div>
   <div class='ocr_carea' id='block_1_10' title="bbox 443 1416 2034 1487">
    <p class='ocr_par' dir='ltr' id='par_1_10' title="bbox 443 1416 2034 1487">
     <span class='ocr_line' id='line_1_10' title="bbox 443 1416 2034 1487; baseline 0 -17"><span class='ocrx_word' id='word_1_68' title='bbox 443 1435 571 1473; x_wconf 88' lang='lat' dir='ltr'><strong>vero</strong></span> <span class='ocrx_word' id='word_1_69' title='bbox 602 1417 730 1471; x_wconf 88' lang='lat' dir='ltr'><strong>nihil</strong></span> <span class='ocrx_word' id='word_1_70' title='bbox 765 1418 870 1471; x_wconf 88' lang='lat' dir='ltr'><strong>tale</strong></span> <span class='ocrx_word' id='word_1_71' title='bbox 897 1418 1276 1487; x_wconf 86' lang='lat' dir='ltr'><strong>perfecerimus</strong></span> <span class='ocrx_word' id='word_1_72' title='bbox 1304 1461 1321 1484; x_wconf 93' lang='lat'><strong>,</strong></span> <span class='ocrx_word' id='word_1_73' title='bbox 1350 1429 1497 1473; x_wconf 90' lang='lat' dir='ltr'><strong>certe</strong></span> <span class='ocrx_word' id='word_1_74' title='bbox 1530 1418 1614 1472; x_wconf 92' lang='lat' dir='ltr'><strong>vel</strong></span> <span class='ocrx_word' id='word_1_75' title='bbox 1647 1416 1701 1470; x_wconf 91' lang='lat' dir='ltr'><strong>in</strong></span> <span class='ocrx_word' id='word_1_76' title='bbox 1742 1417 1893 1470; x_wconf 91' lang='lat' dir='ltr'><strong>nullo</strong></span> <span class='ocrx_word' id='word_1_77' title='bbox 1934 1430 2034 1470; x_wconf 91' lang='lat' dir='ltr'><strong>nos</strong></span> 
     </span>
    </p>
   </div>
   <div class='ocr_carea' id='block_1_11' title="bbox 442 1508 2035 1581">
    <p class='ocr_par' dir='ltr' id='par_1_11' title="bbox 442 1508 2035 1581">
     <span class='ocr_line' id='line_1_11' title="bbox 442 1508 2035 1581; baseline -0.003 -15"><span class='ocrx_word' id='word_1_78' title='bbox 442 1511 678 1566; x_wconf 82' lang='lat' dir='ltr'><strong>officium</strong></span> <span class='ocrx_word' id='word_1_79' title='bbox 737 1509 1083 1577; x_wconf 87' lang='lat' dir='ltr'><strong>deseruisse,</strong></span> <span class='ocrx_word' id='word_1_80' title='bbox 1136 1512 1375 1581; x_wconf 82' lang='lat' dir='ltr'><strong>nihilque</strong></span> <span class='ocrx_word' id='word_1_81' title='bbox 1436 1509 1689 1564; x_wconf 87' lang='lat' dir='ltr'><strong>omisisse</strong></span> <span class='ocrx_word' id='word_1_82' title='bbox 1742 1508 2035 1577; x_wconf 67' lang='lat' dir='ltr'><strong>diligentia:</strong></span> 
     </span>
    </p>
   </div>
   <div class='ocr_carea' id='block_1_12' title="bbox 442 1601 2032 1673">
    <p class='ocr_par' dir='ltr' id='par_1_12' title="bbox 442 1601 2032 1673">
     <span class='ocr_line' id='line_1_12' title="bbox 442 1601 2032 1673; baseline -0.003 -14"><span class='ocrx_word' id='word_1_83' title='bbox 442 1619 542 1659; x_wconf 92' lang='lat' dir='ltr'><strong>nos</strong></span> <span class='ocrx_word' id='word_1_84' title='bbox 569 1603 937 1659; x_wconf 88' lang='lat' dir='ltr'><strong>consolabitur</strong></span> <span class='ocrx_word' id='word_1_85' title='bbox 961 1645 977 1670; x_wconf 91' lang='lat'><strong>,</strong></span> <span class='ocrx_word' id='word_1_86' title='bbox 1007 1604 1323 1673; x_wconf 88' lang='lat' dir='ltr'><strong>melioriqne</strong></span> <span class='ocrx_word' id='word_1_87' title='bbox 1347 1604 1530 1657; x_wconf 90' lang='lat' dir='ltr'><strong>animo</strong></span> <span class='ocrx_word' id='word_1_88' title='bbox 1554 1615 1673 1656; x_wconf 77' lang='lat' dir='ltr'><strong>esse</strong></span> <span class='ocrx_word' id='word_1_89' title='bbox 1695 1601 1747 1654; x_wconf 91' lang='lat' dir='ltr'><strong>in</strong></span> <span class='ocrx_word' id='word_1_90' title='bbox 1772 1601 2032 1668; x_wconf 87' lang='lat' dir='ltr'><strong>reliquum</strong></span> 
     </span>
    </p>
   </div>
   <div class='ocr_carea' id='block_1_13' title="bbox 442 1690 2035 1763">
    <p class='ocr_par' dir='ltr' id='par_1_13' title="bbox 442 1690 2035 1763">
     <span class='ocr_line' id='line_1_13' title="bbox 442 1690 2035 1763; baseline -0.003 -16"><span class='ocrx_word' id='word_1_91' title='bbox 442 1694 620 1749; x_wconf 80' lang='lat' dir='ltr'><strong>faciet.</strong></span> <span class='ocrx_word' id='word_1_92' title='bbox 652 1694 701 1749; x_wconf 90' lang='lat' dir='ltr'><strong>Is</strong></span> <span class='ocrx_word' id='word_1_93' title='bbox 728 1693 873 1749; x_wconf 90' lang='lat' dir='ltr'><strong>enim</strong></span> <span class='ocrx_word' id='word_1_94' title='bbox 901 1735 916 1757; x_wconf 91' lang='lat'><strong>,</strong></span> <span class='ocrx_word' id='word_1_95' title='bbox 940 1694 1029 1762; x_wconf 90' lang='lat' dir='ltr'><strong>qui</strong></span> <span class='ocrx_word' id='word_1_96' title='bbox 1054 1703 1243 1747; x_wconf 90' lang='lat' dir='ltr'><strong>cuncta</strong></span> <span class='ocrx_word' id='word_1_97' title='bbox 1265 1694 1564 1763; x_wconf 85' lang='lat' dir='ltr'><strong>impleverit</strong></span> <span class='ocrx_word' id='word_1_98' title='bbox 1586 1734 1602 1758; x_wconf 96' lang='lat'><strong>,</strong></span> <span class='ocrx_word' id='word_1_99' title='bbox 1625 1707 1744 1761; x_wconf 75' lang='lat' dir='ltr'><strong>qua:</strong></span> <span class='ocrx_word' id='word_1_100' title='bbox 1765 1690 1831 1745; x_wconf 88' lang='lat' dir='ltr'><strong>ad</strong></span> <span class='ocrx_word' id='word_1_101' title='bbox 1854 1691 2035 1745; x_wconf 82' lang='lat' dir='ltr'><strong>levan-</strong></span> 
     </span>
    </p>
   </div>
   <div class='ocr_carea' id='block_1_14' title="bbox 441 1784 2031 1848">
    <p class='ocr_par' dir='ltr' id='par_1_14' title="bbox 441 1784 2031 1848">
     <span class='ocr_line' id='line_1_14' title="bbox 441 1784 2031 1848; baseline -0.004 -7"><span class='ocrx_word' id='word_1_102' title='bbox 441 1787 539 1842; x_wconf 92' lang='lat' dir='ltr'><strong>dos</strong></span> <span class='ocrx_word' id='word_1_103' title='bbox 560 1786 775 1840; x_wconf 86' lang='lat' dir='ltr'><strong>dolores</strong></span> <span class='ocrx_word' id='word_1_104' title='bbox 796 1785 1026 1839; x_wconf 78' lang='lat' dir='ltr'><strong>maxime</strong></span> <span class='ocrx_word' id='word_1_105' title='bbox 1040 1784 1285 1840; x_wconf 91' lang='lat' dir='ltr'><strong>conferre</strong></span> <span class='ocrx_word' id='word_1_106' title='bbox 1301 1786 1589 1840; x_wconf 84' lang='lat' dir='ltr'><strong>arbitratus</strong></span> <span class='ocrx_word' id='word_1_107' title='bbox 1611 1784 1801 1848; x_wconf 88' lang='lat' dir='ltr'><strong>fuerit,</strong></span> <span class='ocrx_word' id='word_1_108' title='bbox 1823 1784 2031 1837; x_wconf 91' lang='lat' dir='ltr'><strong>etiamsi</strong></span> 
     </span>
    </p>
   </div>
   <div class='ocr_carea' id='block_1_15' title="bbox 442 1876 2034 1947">
    <p class='ocr_par' dir='ltr' id='par_1_15' title="bbox 442 1876 2034 1947">
     <span class='ocr_line' id='line_1_15' title="bbox 442 1876 2034 1947; baseline -0.003 -15"><span class='ocrx_word' id='word_1_109' title='bbox 442 1878 573 1932; x_wconf 83' lang='lat' dir='ltr'><strong>nihil</strong></span> <span class='ocrx_word' id='word_1_110' title='bbox 624 1876 765 1931; x_wconf 84' lang='lat' dir='ltr'><strong>aliud</strong></span> <span class='ocrx_word' id='word_1_111' title='bbox 814 1885 1073 1947; x_wconf 88' lang='lat' dir='ltr'><strong>peragat,</strong></span> <span class='ocrx_word' id='word_1_112' title='bbox 1122 1876 1206 1930; x_wconf 85' lang='lat' dir='ltr'><strong>vel</strong></span> <span class='ocrx_word' id='word_1_113' title='bbox 1248 1876 1586 1946; x_wconf 84' lang='lat' dir='ltr'><strong>cogitationis</strong></span> <span class='ocrx_word' id='word_1_114' title='bbox 1636 1876 1825 1930; x_wconf 84' lang='lat' dir='ltr'><strong>saltem</strong></span> <span class='ocrx_word' id='word_1_115' title='bbox 1875 1884 2034 1943; x_wconf 90' lang='lat' dir='ltr'><strong>atque</strong></span> 
     </span>
    </p>
   </div>
   <div class='ocr_carea' id='block_1_16' title="bbox 441 1967 2034 2036">
    <p class='ocr_par' dir='ltr' id='par_1_16' title="bbox 441 1967 2034 2036">
     <span class='ocr_line' id='line_1_16' title="bbox 441 1967 2034 2036; baseline -0.002 -12"><span class='ocrx_word' id='word_1_116' title='bbox 441 1969 785 2024; x_wconf 81' lang='lat' dir='ltr'><strong>conscientia:</strong></span> <span class='ocrx_word' id='word_1_117' title='bbox 861 1967 1201 2022; x_wconf 81' lang='lat' dir='ltr'><strong>accusatione</strong></span> <span class='ocrx_word' id='word_1_118' title='bbox 1274 1967 1570 2034; x_wconf 85' lang='lat' dir='ltr'><strong>liberatur,</strong></span> <span class='ocrx_word' id='word_1_119' title='bbox 1643 1967 2034 2036; x_wconf 88' lang='lat' dir='ltr'><strong>criminumque</strong></span> 
     </span>
    </p>
   </div>
   <div class='ocr_carea' id='block_1_17' title="bbox 441 2054 2034 2129">
    <p class='ocr_par' dir='ltr' id='par_1_17' title="bbox 441 2054 2034 2129">
     <span class='ocr_line' id='line_1_17' title="bbox 441 2054 2034 2129; baseline -0.001 -16"><span class='ocrx_word' id='word_1_120' title='bbox 441 2074 606 2114; x_wconf 90' lang='lat' dir='ltr'><strong>onere</strong></span> <span class='ocrx_word' id='word_1_121' title='bbox 636 2059 879 2129; x_wconf 87' lang='lat' dir='ltr'><strong>deposito</strong></span> <span class='ocrx_word' id='word_1_122' title='bbox 904 2100 920 2125; x_wconf 92' lang='lat'><strong>,</strong></span> <span class='ocrx_word' id='word_1_123' title='bbox 967 2059 1137 2112; x_wconf 89' lang='lat' dir='ltr'><strong>solam</strong></span> <span class='ocrx_word' id='word_1_124' title='bbox 1177 2059 1444 2113; x_wconf 72' lang='lat' dir='ltr'><strong>maestitia:</strong></span> <span class='ocrx_word' id='word_1_125' title='bbox 1484 2058 1749 2113; x_wconf 89' lang='lat' dir='ltr'><strong>sarcinam</strong></span> <span class='ocrx_word' id='word_1_126' title='bbox 1793 2054 2034 2126; x_wconf 88' lang='lat' dir='ltr'><strong>perferre</strong></span> 
     </span>
    </p>
   </div>
   <div class='ocr_carea' id='block_1_18' title="bbox 440 2148 2033 2221">
    <p class='ocr_par' dir='ltr' id='par_1_18' title="bbox 440 2148 2033 2221">
     <span class='ocr_line' id='line_1_18' title="bbox 440 2148 2033 2221; baseline -0.001 -16"><span class='ocrx_word' id='word_1_127' title='bbox 440 2153 665 2220; x_wconf 87' lang='lat' dir='ltr'><strong>cogitur.</strong></span> <span class='ocrx_word' id='word_1_128' title='bbox 698 2153 751 2206; x_wconf 91' lang='lat' dir='ltr'><strong>Si</strong></span> <span class='ocrx_word' id='word_1_129' title='bbox 781 2152 942 2221; x_wconf 81' lang='lat' dir='ltr'><strong>igitur</strong></span> <span class='ocrx_word' id='word_1_130' title='bbox 968 2167 1035 2205; x_wconf 92' lang='lat' dir='ltr'><strong>ex</strong></span> <span class='ocrx_word' id='word_1_131' title='bbox 1062 2150 1273 2204; x_wconf 90' lang='lat' dir='ltr'><strong>illorum</strong></span> <span class='ocrx_word' id='word_1_132' title='bbox 1301 2165 1475 2205; x_wconf 91' lang='lat' dir='ltr'><strong>essem</strong></span> <span class='ocrx_word' id='word_1_133' title='bbox 1504 2166 1728 2205; x_wconf 85' lang='lat' dir='ltr'><strong>numero</strong></span> <span class='ocrx_word' id='word_1_134' title='bbox 1755 2191 1770 2216; x_wconf 92' lang='lat'><strong>,</strong></span> <span class='ocrx_word' id='word_1_135' title='bbox 1800 2149 1887 2219; x_wconf 91' lang='lat' dir='ltr'><strong>qui</strong></span> <span class='ocrx_word' id='word_1_136' title='bbox 1919 2148 2033 2203; x_wconf 87' lang='lat' dir='ltr'><strong>Deo</strong></span> 
     </span>
    </p>
   </div>
   <div class='ocr_carea' id='block_1_19' title="bbox 444 2242 2029 2313">
    <p class='ocr_par' dir='ltr' id='par_1_19' title="bbox 444 2242 2029 2313">
     <span class='ocr_line' id='line_1_19' title="bbox 444 2242 2029 2313; baseline -0.002 -17"><span class='ocrx_word' id='word_1_137' title='bbox 444 2242 758 2297; x_wconf 81' lang='lat' dir='ltr'><strong>familiarius</strong></span> <span class='ocrx_word' id='word_1_138' title='bbox 787 2244 1056 2313; x_wconf 78' lang='lat' dir='ltr'><strong>conjuncti</strong></span> <span class='ocrx_word' id='word_1_139' title='bbox 1092 2243 1377 2312; x_wconf 88' lang='lat' dir='ltr'><strong>plurimum</strong></span> <span class='ocrx_word' id='word_1_140' title='bbox 1405 2242 1543 2312; x_wconf 93' lang='lat' dir='ltr'><strong>apud</strong></span> <span class='ocrx_word' id='word_1_141' title='bbox 1576 2243 1724 2295; x_wconf 90' lang='lat' dir='ltr'><strong>illum</strong></span> <span class='ocrx_word' id='word_1_142' title='bbox 1767 2249 2029 2309; x_wconf 89' lang='lat' dir='ltr'><strong>possunt,</strong></span> 
     </span>
    </p>
   </div>
   <div class='ocr_carea' id='block_1_20' title="bbox 443 2332 2033 2404">
    <p class='ocr_par' dir='ltr' id='par_1_20' title="bbox 443 2332 2033 2404">
     <span class='ocr_line' id='line_1_20' title="bbox 443 2332 2033 2404; baseline -0.002 -17"><span class='ocrx_word' id='word_1_143' title='bbox 443 2348 733 2403; x_wconf 83' lang='lat' dir='ltr'><strong>numquam</strong></span> <span class='ocrx_word' id='word_1_144' title='bbox 764 2334 1005 2404; x_wconf 90' lang='lat' dir='ltr'><strong>profecto</strong></span> <span class='ocrx_word' id='word_1_145' title='bbox 1034 2349 1189 2389; x_wconf 89' lang='lat' dir='ltr'><strong>orare</strong></span> <span class='ocrx_word' id='word_1_146' title='bbox 1209 2342 1264 2389; x_wconf 87' lang='lat' dir='ltr'><strong>et</strong></span> <span class='ocrx_word' id='word_1_147' title='bbox 1284 2334 1568 2389; x_wconf 88' lang='lat' dir='ltr'><strong>obsecrare</strong></span> <span class='ocrx_word' id='word_1_148' title='bbox 1596 2348 1692 2402; x_wconf 93' lang='lat' dir='ltr'><strong>pro</strong></span> <span class='ocrx_word' id='word_1_149' title='bbox 1716 2332 1846 2386; x_wconf 92' lang='lat' dir='ltr'><strong>mihi</strong></span> <span class='ocrx_word' id='word_1_150' title='bbox 1868 2333 2033 2385; x_wconf 88' lang='lat' dir='ltr'><strong>caris-</strong></span> 
     </span>
    </p>
   </div>
   <div class='ocr_carea' id='block_1_21' title="bbox 442 2426 2032 2497">
    <p class='ocr_par' dir='ltr' id='par_1_21' title="bbox 442 2426 2032 2497">
     <span class='ocr_line' id='line_1_21' title="bbox 442 2426 2032 2497; baseline -0.001 -16"><span class='ocrx_word' id='word_1_151' title='bbox 442 2426 579 2481; x_wconf 90' lang='lat' dir='ltr'><strong>simo</strong></span> <span class='ocrx_word' id='word_1_152' title='bbox 604 2428 775 2495; x_wconf 90' lang='lat' dir='ltr'><strong>capite</strong></span> <span class='ocrx_word' id='word_1_153' title='bbox 816 2427 1132 2482; x_wconf 89' lang='lat' dir='ltr'><strong>desisterem</strong></span> <span class='ocrx_word' id='word_1_154' title='bbox 1164 2445 1177 2480; x_wconf 93' lang='lat'>:</span> <span class='ocrx_word' id='word_1_155' title='bbox 1220 2428 1471 2497; x_wconf 90' lang='lat' dir='ltr'><strong>quoniam</strong></span> <span class='ocrx_word' id='word_1_156' title='bbox 1509 2436 1690 2482; x_wconf 89' lang='lat' dir='ltr'><strong>autem</strong></span> <span class='ocrx_word' id='word_1_157' title='bbox 1728 2426 2032 2496; x_wconf 85' lang='lat' dir='ltr'><strong>hujusmodi</strong></span> 
     </span>
    </p>
   </div>
   <div class='ocr_carea' id='block_1_22' title="bbox 442 2518 2036 2589">
    <p class='ocr_par' dir='ltr' id='par_1_22' title="bbox 442 2518 2036 2589">
     <span class='ocr_line' id='line_1_22' title="bbox 442 2518 2036 2589; baseline -0.001 -17"><span class='ocrx_word' id='word_1_158' title='bbox 442 2521 585 2573; x_wconf 87' lang='lat' dir='ltr'><strong>vires</strong></span> <span class='ocrx_word' id='word_1_159' title='bbox 611 2528 769 2589; x_wconf 91' lang='lat' dir='ltr'><strong>atque</strong></span> <span class='ocrx_word' id='word_1_160' title='bbox 788 2519 1167 2572; x_wconf 86' lang='lat' dir='ltr'><strong>confidentiam</strong></span> <span class='ocrx_word' id='word_1_161' title='bbox 1189 2518 1319 2572; x_wconf 90' lang='lat' dir='ltr'><strong>mihi</strong></span> <span class='ocrx_word' id='word_1_162' title='bbox 1341 2518 1604 2573; x_wconf 91' lang='lat' dir='ltr'><strong>scelerum</strong></span> <span class='ocrx_word' id='word_1_163' title='bbox 1634 2534 1871 2572; x_wconf 90' lang='lat' dir='ltr'><strong>meorum</strong></span> <span class='ocrx_word' id='word_1_164' title='bbox 1900 2518 2036 2572; x_wconf 92' lang='lat' dir='ltr'><strong>mul-</strong></span> 
     </span>
    </p>
   </div>
   <div class='ocr_carea' id='block_1_23' title="bbox 442 2607 2036 2675">
    <p class='ocr_par' dir='ltr' id='par_1_23' title="bbox 442 2607 2036 2675">
     <span class='ocr_line' id='line_1_23' title="bbox 442 2607 2036 2675; baseline -0.002 -11"><span class='ocrx_word' id='word_1_165' title='bbox 442 2610 615 2664; x_wconf 89' lang='lat' dir='ltr'><strong>titudo</strong></span> <span class='ocrx_word' id='word_1_166' title='bbox 639 2608 896 2675; x_wconf 91' lang='lat' dir='ltr'><strong>abstulit,</strong></span> <span class='ocrx_word' id='word_1_167' title='bbox 928 2610 1212 2664; x_wconf 84' lang='lat' dir='ltr'><strong>verborum</strong></span> <span class='ocrx_word' id='word_1_168' title='bbox 1238 2609 1661 2664; x_wconf 90' lang='lat' dir='ltr'><strong>consolationem</strong></span> <span class='ocrx_word' id='word_1_169' title='bbox 1705 2609 1799 2664; x_wconf 90' lang='lat' dir='ltr'><strong>tibi</strong></span> <span class='ocrx_word' id='word_1_170' title='bbox 1842 2607 2036 2662; x_wconf 77' lang='lat' dir='ltr'><strong>afferre</strong></span> 
     </span>
    </p>
   </div>
   <div class='ocr_carea' id='block_1_24' title="bbox 443 2699 2033 2771">
    <p class='ocr_par' dir='ltr' id='par_1_24' title="bbox 443 2699 2033 2771">
     <span class='ocr_line' id='line_1_24' title="bbox 443 2699 2033 2771; baseline 0.001 -16"><span class='ocrx_word' id='word_1_171' title='bbox 443 2701 701 2756; x_wconf 89' lang='lat' dir='ltr'><strong>conabor.</strong></span> <span class='ocrx_word' id='word_1_172' title='bbox 730 2699 861 2754; x_wconf 87' lang='lat' dir='ltr'><strong>Nam</strong></span> <span class='ocrx_word' id='word_1_173' title='bbox 896 2710 951 2755; x_wconf 92' lang='lat' dir='ltr'><strong>et</strong></span> <span class='ocrx_word' id='word_1_174' title='bbox 979 2700 1029 2754; x_wconf 91' lang='lat' dir='ltr'><strong>in</strong></span> <span class='ocrx_word' id='word_1_175' title='bbox 1062 2702 1126 2755; x_wconf 90' lang='lat' dir='ltr'><strong>iis</strong></span> <span class='ocrx_word' id='word_1_176' title='bbox 1154 2700 1246 2771; x_wconf 90' lang='lat' dir='ltr'><strong>qui</strong></span> <span class='ocrx_word' id='word_1_177' title='bbox 1276 2715 1531 2771; x_wconf 89' lang='lat' dir='ltr'><strong>corporea</strong></span> <span class='ocrx_word' id='word_1_178' title='bbox 1558 2700 1696 2755; x_wconf 92' lang='lat' dir='ltr'><strong>mala</strong></span> <span class='ocrx_word' id='word_1_179' title='bbox 1727 2700 2033 2756; x_wconf 84' lang='lat' dir='ltr'><strong>valetudine</strong></span> 
     </span>
    </p>
   </div>
   <div class='ocr_carea' id='block_1_25' title="bbox 443 2792 2030 2864">
    <p class='ocr_par' dir='ltr' id='par_1_25' title="bbox 443 2792 2030 2864">
     <span class='ocr_line' id='line_1_25' title="bbox 443 2792 2030 2864; baseline -0.001 -18"><span class='ocrx_word' id='word_1_180' title='bbox 443 2793 730 2859; x_wconf 90' lang='lat' dir='ltr'><strong>laborant,</strong></span> <span class='ocrx_word' id='word_1_181' title='bbox 760 2809 883 2847; x_wconf 92' lang='lat' dir='ltr'><strong>cum</strong></span> <span class='ocrx_word' id='word_1_182' title='bbox 912 2792 1240 2848; x_wconf 91' lang='lat' dir='ltr'><strong>medicorum</strong></span> <span class='ocrx_word' id='word_1_183' title='bbox 1280 2794 1349 2848; x_wconf 89' lang='lat' dir='ltr'><strong>sit</strong></span> <span class='ocrx_word' id='word_1_184' title='bbox 1384 2793 1567 2864; x_wconf 85' lang='lat' dir='ltr'><strong>fugare</strong></span> <span class='ocrx_word' id='word_1_185' title='bbox 1594 2793 1808 2849; x_wconf 92' lang='lat' dir='ltr'><strong>dolores</strong></span> <span class='ocrx_word' id='word_1_186' title='bbox 1831 2834 1847 2860; x_wconf 96' lang='lat'><strong>,</strong></span> <span class='ocrx_word' id='word_1_187' title='bbox 1880 2792 2030 2846; x_wconf 88' lang='lat' dir='ltr'><strong>infir-</strong></span> 
     </span>
    </p>
   </div>
   <div class='ocr_carea' id='block_1_26' title="bbox 443 2883 2031 2955">
    <p class='ocr_par' dir='ltr' id='par_1_26' title="bbox 443 2883 2031 2955">
     <span class='ocr_line' id='line_1_26' title="bbox 443 2883 2031 2955; baseline -0.001 -16"><span class='ocrx_word' id='word_1_188' title='bbox 443 2887 789 2953; x_wconf 84' lang='lat' dir='ltr'><strong>mitatemque</strong></span> <span class='ocrx_word' id='word_1_189' title='bbox 829 2898 1212 2955; x_wconf 83' lang='lat' dir='ltr'><strong>compescere,</strong></span> <span class='ocrx_word' id='word_1_190' title='bbox 1258 2900 1364 2939; x_wconf 91' lang='lat' dir='ltr'><strong>non</strong></span> <span class='ocrx_word' id='word_1_191' title='bbox 1406 2893 1583 2939; x_wconf 88' lang='lat' dir='ltr'><strong>tamen</strong></span> <span class='ocrx_word' id='word_1_192' title='bbox 1629 2883 1842 2938; x_wconf 88' lang='lat' dir='ltr'><strong>famulis</strong></span> <span class='ocrx_word' id='word_1_193' title='bbox 1868 2923 1885 2949; x_wconf 98' lang='lat'><strong>,</strong></span> <span class='ocrx_word' id='word_1_194' title='bbox 1940 2883 2031 2952; x_wconf 91' lang='lat' dir='ltr'><strong>qui</strong></span> 
     </span>
    </p>
   </div>
   <div class='ocr_carea' id='block_1_27' title="bbox 443 2973 2029 3040">
    <p class='ocr_par' dir='ltr' id='par_1_27' title="bbox 443 2973 2029 3040">
     <span class='ocr_line' id='line_1_27' title="bbox 443 2973 2029 3040; baseline -0.001 -12"><span class='ocrx_word' id='word_1_195' title='bbox 443 2984 567 3028; x_wconf 87' lang='lat' dir='ltr'><strong>sunt</strong></span> <span class='ocrx_word' id='word_1_196' title='bbox 596 2975 649 3027; x_wconf 88' lang='lat' dir='ltr'><strong>in</strong></span> <span class='ocrx_word' id='word_1_197' title='bbox 670 2975 967 3030; x_wconf 82' lang='lat' dir='ltr'><strong>ministerio</strong></span> <span class='ocrx_word' id='word_1_198' title='bbox 987 3015 1003 3040; x_wconf 93' lang='lat'><strong>,</strong></span> <span class='ocrx_word' id='word_1_199' title='bbox 1029 2974 1365 3029; x_wconf 90' lang='lat' dir='ltr'><strong>interdicitur</strong></span> <span class='ocrx_word' id='word_1_200' title='bbox 1388 2974 1670 3029; x_wconf 88' lang='lat' dir='ltr'><strong>verborum</strong></span> <span class='ocrx_word' id='word_1_201' title='bbox 1692 2973 1990 3028; x_wconf 90' lang='lat' dir='ltr'><strong>consolatio</strong></span> <span class='ocrx_word' id='word_1_202' title='bbox 2013 2988 2029 3038; x_wconf 89' lang='lat'><strong>;</strong></span> 
     </span>
    </p>
   </div>
   <div class='ocr_carea' id='block_1_28' title="bbox 445 3062 2034 3135">
    <p class='ocr_par' dir='ltr' id='par_1_28' title="bbox 445 3062 2034 3135">
     <span class='ocr_line' id='line_1_28' title="bbox 445 3062 2034 3135; baseline -0.001 -17"><span class='ocrx_word' id='word_1_203' title='bbox 445 3065 555 3119; x_wconf 93' lang='lat' dir='ltr'><strong>imo</strong></span> <span class='ocrx_word' id='word_1_204' title='bbox 581 3080 709 3119; x_wconf 86' lang='lat' dir='ltr'><strong>vero</strong></span> <span class='ocrx_word' id='word_1_205' title='bbox 731 3064 782 3117; x_wconf 91' lang='lat' dir='ltr'><strong>hi</strong></span> <span class='ocrx_word' id='word_1_206' title='bbox 806 3065 1039 3120; x_wconf 88' lang='lat' dir='ltr'><strong>maxime</strong></span> <span class='ocrx_word' id='word_1_207' title='bbox 1066 3073 1193 3118; x_wconf 93' lang='lat' dir='ltr'><strong>sunt</strong></span> <span class='ocrx_word' id='word_1_208' title='bbox 1218 3107 1232 3131; x_wconf 93' lang='lat'><strong>,</strong></span> <span class='ocrx_word' id='word_1_209' title='bbox 1256 3066 1343 3135; x_wconf 92' lang='lat' dir='ltr'><strong>qui</strong></span> <span class='ocrx_word' id='word_1_210' title='bbox 1369 3064 1610 3135; x_wconf 91' lang='lat' dir='ltr'><strong>plurimis</strong></span> <span class='ocrx_word' id='word_1_211' title='bbox 1632 3064 1683 3118; x_wconf 91' lang='lat' dir='ltr'><strong>in</strong></span> <span class='ocrx_word' id='word_1_212' title='bbox 1705 3062 2034 3118; x_wconf 90' lang='lat' dir='ltr'><strong>consolando</strong></span> 
     </span>
    </p>
   </div>
   <div class='ocr_carea' id='block_1_29' title="bbox 444 3153 2029 3226">
    <p class='ocr_par' dir='ltr' id='par_1_29' title="bbox 444 3153 2029 3226">
     <span class='ocr_line' id='line_1_29' title="bbox 444 3153 2029 3226; baseline -0.001 -18"><span class='ocrx_word' id='word_1_213' title='bbox 444 3156 620 3210; x_wconf 88' lang='lat' dir='ltr'><strong>verbis</strong></span> <span class='ocrx_word' id='word_1_214' title='bbox 646 3166 865 3210; x_wconf 92' lang='lat' dir='ltr'><strong>utuntur</strong></span> <span class='ocrx_word' id='word_1_215' title='bbox 886 3197 901 3222; x_wconf 96' lang='lat'><strong>,</strong></span> <span class='ocrx_word' id='word_1_216' title='bbox 930 3172 1053 3210; x_wconf 91' lang='lat' dir='ltr'><strong>cum</strong></span> <span class='ocrx_word' id='word_1_217' title='bbox 1085 3172 1211 3226; x_wconf 87' lang='lat' dir='ltr'><strong>erga</strong></span> <span class='ocrx_word' id='word_1_218' title='bbox 1240 3156 1488 3211; x_wconf 87' lang='lat' dir='ltr'><strong>dominos</strong></span> <span class='ocrx_word' id='word_1_219' title='bbox 1514 3154 1653 3209; x_wconf 90' lang='lat' dir='ltr'><strong>bene</strong></span> <span class='ocrx_word' id='word_1_220' title='bbox 1680 3153 1853 3209; x_wconf 77' lang='lat' dir='ltr'><strong>affecti</strong></span> <span class='ocrx_word' id='word_1_221' title='bbox 1882 3162 2029 3208; x_wconf 90' lang='lat' dir='ltr'><strong>sunt.</strong></span> 
     </span>
    </p>
   </div>
   <div class='ocr_carea' id='block_1_30' title="bbox 445 3247 2035 3318">
    <p class='ocr_par' dir='ltr' id='par_1_30' title="bbox 445 3247 2035 3318">
     <span class='ocr_line' id='line_1_30' title="bbox 445 3247 2035 3318; baseline 0 -17"><span class='ocrx_word' id='word_1_222' title='bbox 445 3247 502 3302; x_wconf 88' lang='lat' dir='ltr'><strong>Si</strong></span> <span class='ocrx_word' id='word_1_223' title='bbox 534 3248 659 3317; x_wconf 91' lang='lat' dir='ltr'><strong>quid</strong></span> <span class='ocrx_word' id='word_1_224' title='bbox 691 3250 865 3315; x_wconf 91' lang='lat' dir='ltr'><strong>itaque</strong></span> <span class='ocrx_word' id='word_1_225' title='bbox 892 3248 1092 3303; x_wconf 84' lang='lat' dir='ltr'><strong>dictum</strong></span> <span class='ocrx_word' id='word_1_226' title='bbox 1120 3248 1279 3304; x_wconf 89' lang='lat' dir='ltr'><strong>fuerit</strong></span> <span class='ocrx_word' id='word_1_227' title='bbox 1305 3264 1336 3303; x_wconf 93' lang='lat' dir='ltr'><strong>a</strong></span> <span class='ocrx_word' id='word_1_228' title='bbox 1366 3249 1524 3304; x_wconf 89' lang='lat' dir='ltr'><strong>nobis</strong></span> <span class='ocrx_word' id='word_1_229' title='bbox 1546 3289 1562 3313; x_wconf 88' lang='lat'><strong>,</strong></span> <span class='ocrx_word' id='word_1_230' title='bbox 1592 3247 1735 3318; x_wconf 91' lang='lat' dir='ltr'><strong>quod</strong></span> <span class='ocrx_word' id='word_1_231' title='bbox 1763 3247 1907 3302; x_wconf 91' lang='lat' dir='ltr'><strong>hunc</strong></span> <span class='ocrx_word' id='word_1_232' title='bbox 1936 3247 2035 3301; x_wconf 85' lang='lat' dir='ltr'><strong>im-</strong></span> 
     </span>
    </p>
   </div>
   <div class='ocr_carea' id='block_1_31' title="bbox 446 3340 2032 3412">
    <p class='ocr_par' dir='ltr' id='par_1_31' title="bbox 446 3340 2032 3412">
     <span class='ocr_line' id='line_1_31' title="bbox 446 3340 2032 3412; baseline 0.001 -18"><span class='ocrx_word' id='word_1_233' title='bbox 446 3356 689 3395; x_wconf 91' lang='lat' dir='ltr'><strong>mensum</strong></span> <span class='ocrx_word' id='word_1_234' title='bbox 730 3340 969 3397; x_wconf 87' lang='lat' dir='ltr'><strong>dolorem</strong></span> <span class='ocrx_word' id='word_1_235' title='bbox 1013 3348 1161 3395; x_wconf 90' lang='lat' dir='ltr'><strong>tuum</strong></span> <span class='ocrx_word' id='word_1_236' title='bbox 1203 3343 1374 3412; x_wconf 87' lang='lat' dir='ltr'><strong>possit</strong></span> <span class='ocrx_word' id='word_1_237' title='bbox 1415 3343 1795 3412; x_wconf 84' lang='lat' dir='ltr'><strong>exstinguere,</strong></span> <span class='ocrx_word' id='word_1_238' title='bbox 1837 3341 2032 3395; x_wconf 90' lang='lat' dir='ltr'><strong>factum</strong></span> 
     </span>
    </p>
   </div>
   <div class='ocr_carea' id='block_1_32' title="bbox 444 3433 2035 3502">
    <p class='ocr_par' dir='ltr' id='par_1_32' title="bbox 444 3433 2035 3502">
     <span class='ocr_line' id='line_1_32' title="bbox 444 3433 2035 3502; baseline 0 -14"><span class='ocrx_word' id='word_1_239' title='bbox 444 3435 547 3488; x_wconf 89' lang='lat' dir='ltr'><strong>erit</strong></span> <span class='ocrx_word' id='word_1_240' title='bbox 573 3445 630 3487; x_wconf 94' lang='lat' dir='ltr'><strong>ut</strong></span> <span class='ocrx_word' id='word_1_241' title='bbox 658 3444 943 3502; x_wconf 90' lang='lat' dir='ltr'><strong>optamus:</strong></span> <span class='ocrx_word' id='word_1_242' title='bbox 972 3434 1055 3487; x_wconf 91' lang='lat' dir='ltr'><strong>sin</strong></span> <span class='ocrx_word' id='word_1_243' title='bbox 1094 3448 1224 3487; x_wconf 92' lang='lat' dir='ltr'><strong>vero</strong></span> <span class='ocrx_word' id='word_1_244' title='bbox 1262 3433 1570 3502; x_wconf 87' lang='lat' dir='ltr'><strong>hujusntodi</strong></span> <span class='ocrx_word' id='word_1_245' title='bbox 1614 3433 1745 3488; x_wconf 86' lang='lat' dir='ltr'><strong>nihil</strong></span> <span class='ocrx_word' id='word_1_246' title='bbox 1794 3434 2035 3488; x_wconf 87' lang='lat' dir='ltr'><strong>invenire</strong></span> 
     </span>
    </p>
   </div>
   <div class='ocr_carea' id='block_1_33' title="bbox 446 3524 2031 3593">
    <p class='ocr_par' dir='ltr' id='par_1_33' title="bbox 446 3524 2031 3593">
     <span class='ocr_line' id='line_1_33' title="bbox 446 3524 2031 3593; baseline 0.001 -18"><span class='ocrx_word' id='word_1_247' title='bbox 446 3533 537 3577; x_wconf 88' lang='lat' dir='ltr'><strong>aut</strong></span> <span class='ocrx_word' id='word_1_248' title='bbox 567 3524 711 3593; x_wconf 90' lang='lat' dir='ltr'><strong>loqui</strong></span> <span class='ocrx_word' id='word_1_249' title='bbox 740 3524 1075 3593; x_wconf 90' lang='lat' dir='ltr'><strong>potuerimus</strong></span> <span class='ocrx_word' id='word_1_250' title='bbox 1098 3564 1113 3589; x_wconf 95' lang='lat'><strong>,</strong></span> <span class='ocrx_word' id='word_1_251' title='bbox 1144 3524 1472 3578; x_wconf 88' lang='lat' dir='ltr'><strong>voluntatem</strong></span> <span class='ocrx_word' id='word_1_252' title='bbox 1523 3533 1700 3577; x_wconf 89' lang='lat' dir='ltr'><strong>tamen</strong></span> <span class='ocrx_word' id='word_1_253' title='bbox 1744 3534 1985 3577; x_wconf 85' lang='lat' dir='ltr'><strong>nostram</strong></span> <span class='ocrx_word' id='word_1_254' title='bbox 2015 3565 2031 3591; x_wconf 95' lang='lat'><strong>,</strong></span> 
     </span>
    </p>
   </div>
   <div class='ocr_carea' id='block_1_34' title="bbox 446 3614 2035 3684">
    <p class='ocr_par' dir='ltr' id='par_1_34' title="bbox 446 3614 2035 3684">
     <span class='ocr_line' id='line_1_34' title="bbox 446 3614 2035 3684; baseline 0 -17"><span class='ocrx_word' id='word_1_255' title='bbox 446 3628 510 3667; x_wconf 88' lang='lat' dir='ltr'><strong>ac</strong></span> <span class='ocrx_word' id='word_1_256' title='bbox 539 3615 869 3683; x_wconf 87' lang='lat' dir='ltr'><strong>propositum</strong></span> <span class='ocrx_word' id='word_1_257' title='bbox 899 3615 987 3668; x_wconf 89' lang='lat' dir='ltr'><strong>ille</strong></span> <span class='ocrx_word' id='word_1_258' title='bbox 1015 3615 1328 3683; x_wconf 88' lang='lat' dir='ltr'><strong>approbabit</strong></span> <span class='ocrx_word' id='word_1_259' title='bbox 1350 3654 1366 3678; x_wconf 89' lang='lat'><strong>,</strong></span> <span class='ocrx_word' id='word_1_260' title='bbox 1408 3615 1497 3683; x_wconf 85' lang='lat' dir='ltr'><strong>qui</strong></span> <span class='ocrx_word' id='word_1_261' title='bbox 1530 3629 1625 3684; x_wconf 91' lang='lat' dir='ltr'><strong>per</strong></span> <span class='ocrx_word' id='word_1_262' title='bbox 1653 3614 1866 3668; x_wconf 92' lang='lat' dir='ltr'><strong>beatum</strong></span> <span class='ocrx_word' id='word_1_263' title='bbox 1900 3615 2035 3668; x_wconf 86' lang='lat' dir='ltr'><strong>Pau-</strong></span> 
     </span>
    </p>
   </div>
   <div class='ocr_carea' id='block_1_35' title="bbox 448 3703 2033 3776">
    <p class='ocr_par' dir='ltr' id='par_1_35' title="bbox 448 3703 2033 3776">
     <span class='ocr_line' id='line_1_35' title="bbox 448 3703 2033 3776; baseline 0.003 -20"><span class='ocrx_word' id='word_1_264' title='bbox 448 3703 557 3757; x_wconf 88' lang='lat' dir='ltr'><strong>lum</strong></span> <span class='ocrx_word' id='word_1_265' title='bbox 606 3704 740 3759; x_wconf 83' lang='lat' dir='ltr'><strong>ﬂere</strong></span> <span class='ocrx_word' id='word_1_266' title='bbox 786 3720 908 3760; x_wconf 91' lang='lat' dir='ltr'><strong>cum</strong></span> <span class='ocrx_word' id='word_1_267' title='bbox 958 3704 1246 3771; x_wconf 85' lang='lat' dir='ltr'><strong>ﬂentibus,</strong></span> <span class='ocrx_word' id='word_1_268' title='bbox 1298 3704 1690 3776; x_wconf 88' lang='lat' dir='ltr'><strong>humilibusque</strong></span> <span class='ocrx_word' id='word_1_269' title='bbox 1742 3706 2033 3762; x_wconf 91' lang='lat' dir='ltr'><strong>condolere</strong></span> 
     </span>
    </p>
   </div>
   <div class='ocr_carea' id='block_1_36' title="bbox 443 3793 1113 3867">
    <p class='ocr_par' dir='ltr' id='par_1_36' title="bbox 443 3793 1113 3867">
     <span class='ocr_line' id='line_1_36' title="bbox 443 3793 1113 3867; baseline 0.003 -20"><span class='ocrx_word' id='word_1_270' title='bbox 443 3793 647 3864; x_wconf 88' lang='lat' dir='ltr'><strong>jussit(</strong></span> <span class='ocrx_word' id='word_1_271' title='bbox 676 3794 829 3850; x_wconf 85' lang='lat' dir='ltr'><strong>Rom.</strong></span> <span class='ocrx_word' id='word_1_272' title='bbox 866 3796 953 3851; x_wconf 71' lang='grc'><strong>12.</strong></span> <span class='ocrx_word' id='word_1_273' title='bbox 983 3798 1051 3850; x_wconf 80' lang='grc'>15</span> <span class='ocrx_word' id='word_1_274' title='bbox 1071 3794 1113 3867; x_wconf 90' lang='grc'><strong>).</strong></span> 
     </span>
    </p>
   </div>
   <div class='ocr_carea' id='block_1_37' title="bbox 523 3885 2034 3957">
    <p class='ocr_par' dir='ltr' id='par_1_37' title="bbox 523 3885 2034 3957">
     <span class='ocr_line' id='line_1_37' title="bbox 523 3885 2034 3957; baseline 0.003 -18"><span class='ocrx_word' id='word_1_275' title='bbox 523 3885 780 3955; x_wconf 77' lang='lat' dir='ltr'><strong>Stagirius</strong></span> <span class='ocrx_word' id='word_1_276' title='bbox 804 3904 834 3941; x_wconf 90' lang='lat' dir='ltr'><strong>a</strong></span> <span class='ocrx_word' id='word_1_277' title='bbox 866 3888 1093 3941; x_wconf 63' lang='lat' dir='ltr'><strong>daemone</strong></span> <span class='ocrx_word' id='word_1_278' title='bbox 1120 3896 1349 3941; x_wconf 76' lang='lat' dir='ltr'><strong>vexatur.</strong></span> <span class='ocrx_word' id='word_1_279' title='bbox 1382 3916 1451 3927; x_wconf 92' lang='lat'><strong><em>—</em></strong></span> <span class='ocrx_word' id='word_1_280' title='bbox 1472 3886 1693 3942; x_wconf 79' lang='lat' dir='ltr'><strong>Videtur</strong></span> <span class='ocrx_word' id='word_1_281' title='bbox 1724 3888 1899 3957; x_wconf 82' lang='lat' dir='ltr'><strong>itaque</strong></span> <span class='ocrx_word' id='word_1_282' title='bbox 1929 3903 2034 3943; x_wconf 87' lang='lat' dir='ltr'><strong>una</strong></span> 
     </span>
    </p>
   </div>
   <div class='ocr_carea' id='block_1_38' title="bbox 450 3978 2036 4048">
    <p class='ocr_par' dir='ltr' id='par_1_38' title="bbox 450 3978 2036 4048">
     <span class='ocr_line' id='line_1_38' title="bbox 450 3978 2036 4048; baseline 0.003 -19"><span class='ocrx_word' id='word_1_283' title='bbox 450 3988 571 4029; x_wconf 90' lang='lat' dir='ltr'><strong>esse</strong></span> <span class='ocrx_word' id='word_1_284' title='bbox 624 3991 783 4031; x_wconf 91' lang='lat' dir='ltr'><strong>causa</strong></span> <span class='ocrx_word' id='word_1_285' title='bbox 829 3978 1078 4032; x_wconf 74' lang='lat' dir='ltr'><strong>mmroris</strong></span> <span class='ocrx_word' id='word_1_286' title='bbox 1122 3979 1239 4045; x_wconf 91' lang='lat' dir='ltr'><strong>tui,</strong></span> <span class='ocrx_word' id='word_1_287' title='bbox 1281 3979 1593 4047; x_wconf 88' lang='lat' dir='ltr'><strong>nequissimi</strong></span> <span class='ocrx_word' id='word_1_288' title='bbox 1633 3979 1839 4033; x_wconf 88' lang='lat' dir='ltr'><strong>scilicet</strong></span> <span class='ocrx_word' id='word_1_289' title='bbox 1880 3978 2036 4048; x_wconf 90' lang='lat' dir='ltr'><strong>hnjns</strong></span> 
     </span>
    </p>
   </div>
   <div class='ocr_carea' id='block_1_39' title="bbox 452 4065 2037 4138">
    <p class='ocr_par' dir='ltr' id='par_1_39' title="bbox 452 4065 2037 4138">
     <span class='ocr_line' id='line_1_39' title="bbox 452 4065 2037 4138; baseline 0.003 -19"><span class='ocrx_word' id='word_1_290' title='bbox 452 4065 711 4120; x_wconf 73' lang='lat' dir='ltr'><strong>daemonis</strong></span> <span class='ocrx_word' id='word_1_291' title='bbox 734 4070 939 4123; x_wconf 89' lang='lat' dir='ltr'><strong>insania</strong></span> <span class='ocrx_word' id='word_1_292' title='bbox 964 4086 979 4134; x_wconf 90' lang='lat'><strong>;</strong></span> <span class='ocrx_word' id='word_1_293' title='bbox 1008 4084 1189 4123; x_wconf 87' lang='lat' dir='ltr'><strong>verum</strong></span> <span class='ocrx_word' id='word_1_294' title='bbox 1214 4070 1281 4123; x_wconf 93' lang='lat' dir='ltr'><strong>ab</strong></span> <span class='ocrx_word' id='word_1_295' title='bbox 1305 4070 1404 4124; x_wconf 92' lang='lat' dir='ltr'><strong>hac</strong></span> <span class='ocrx_word' id='word_1_296' title='bbox 1428 4069 1589 4123; x_wconf 90' lang='lat' dir='ltr'><strong>veluti</strong></span> <span class='ocrx_word' id='word_1_297' title='bbox 1610 4070 1788 4125; x_wconf 89' lang='lat' dir='ltr'><strong>radice</strong></span> <span class='ocrx_word' id='word_1_298' title='bbox 1809 4069 2037 4138; x_wconf 84' lang='lat' dir='ltr'><strong>plurima</strong></span> 
     </span>
    </p>
   </div>
   <div class='ocr_carea' id='block_1_40' title="bbox 454 4158 2035 4230">
    <p class='ocr_par' dir='ltr' id='par_1_40' title="bbox 454 4158 2035 4230">
     <span class='ocr_line' id='line_1_40' title="bbox 454 4158 2035 4230; baseline 0.003 -20"><span class='ocrx_word' id='word_1_299' title='bbox 454 4158 623 4211; x_wconf 87' lang='lat' dir='ltr'><strong>tristia</strong></span> <span class='ocrx_word' id='word_1_300' title='bbox 648 4158 775 4212; x_wconf 90' lang='lat' dir='ltr'><strong>oriri</strong></span> <span class='ocrx_word' id='word_1_301' title='bbox 801 4200 815 4223; x_wconf 94' lang='lat'><strong>,</strong></span> <span class='ocrx_word' id='word_1_302' title='bbox 840 4161 883 4213; x_wconf 91' lang='lat' dir='ltr'><strong>si</strong></span> <span class='ocrx_word' id='word_1_303' title='bbox 908 4161 1027 4230; x_wconf 89' lang='lat' dir='ltr'><strong>quis</strong></span> <span class='ocrx_word' id='word_1_304' title='bbox 1052 4169 1195 4215; x_wconf 89' lang='lat' dir='ltr'><strong>recte</strong></span> <span class='ocrx_word' id='word_1_305' title='bbox 1218 4161 1587 4229; x_wconf 85' lang='lat' dir='ltr'><strong>perspexerit,</strong></span> <span class='ocrx_word' id='word_1_306' title='bbox 1612 4161 2035 4215; x_wconf 87' lang='lat' dir='ltr'><strong>animadvertet:</strong></span> 
     </span>
    </p>
   </div>
   <div class='ocr_carea' id='block_1_41' title="bbox 452 4248 2031 4321">
    <p class='ocr_par' dir='ltr' id='par_1_41' title="bbox 452 4248 2031 4321">
     <span class='ocr_line' id='line_1_41' title="bbox 452 4248 2031 4321; baseline 0.003 -20"><span class='ocrx_word' id='word_1_307' title='bbox 452 4248 594 4318; x_wconf 89' lang='lat' dir='ltr'><strong>quod</strong></span> <span class='ocrx_word' id='word_1_308' title='bbox 627 4264 729 4301; x_wconf 89' lang='lat' dir='ltr'><strong>non</strong></span> <span class='ocrx_word' id='word_1_309' title='bbox 756 4264 821 4302; x_wconf 91' lang='lat' dir='ltr'><strong>ex</strong></span> <span class='ocrx_word' id='word_1_310' title='bbox 849 4253 1055 4319; x_wconf 88' lang='lat' dir='ltr'><strong>tneipso</strong></span> <span class='ocrx_word' id='word_1_311' title='bbox 1078 4252 1235 4306; x_wconf 91' lang='lat' dir='ltr'><strong>modo</strong></span> <span class='ocrx_word' id='word_1_312' title='bbox 1259 4252 1479 4321; x_wconf 91' lang='lat' dir='ltr'><strong>colligo,</strong></span> <span class='ocrx_word' id='word_1_313' title='bbox 1502 4252 1594 4306; x_wconf 81' lang='lat' dir='ltr'><strong>Sed</strong></span> <span class='ocrx_word' id='word_1_314' title='bbox 1619 4268 1686 4305; x_wconf 89' lang='lat' dir='ltr'><strong>ex</strong></span> <span class='ocrx_word' id='word_1_315' title='bbox 1718 4253 1823 4306; x_wconf 90' lang='lat' dir='ltr'><strong>illis</strong></span> <span class='ocrx_word' id='word_1_316' title='bbox 1842 4294 1854 4315; x_wconf 93' lang='lat'><strong>,</strong></span> <span class='ocrx_word' id='word_1_317' title='bbox 1880 4269 1998 4321; x_wconf 77' lang='lat' dir='ltr'><strong>qua:</strong></span> <span class='ocrx_word' id='word_1_318' title='bbox 2015 4294 2031 4318; x_wconf 90' lang='lat'><strong>,</strong></span> 
     </span>
    </p>
   </div>
   <div class='ocr_carea' id='block_1_42' title="bbox 454 4338 2029 4412">
    <p class='ocr_par' dir='ltr' id='par_1_42' title="bbox 454 4338 2029 4412">
     <span class='ocr_line' id='line_1_42' title="bbox 454 4338 2029 4412; baseline 0.001 -19"><span class='ocrx_word' id='word_1_319' title='bbox 454 4338 580 4393; x_wconf 88' lang='lat' dir='ltr'><strong>dum</strong></span> <span class='ocrx_word' id='word_1_320' title='bbox 608 4338 823 4392; x_wconf 86' lang='lat' dir='ltr'><strong>adesses</strong></span> <span class='ocrx_word' id='word_1_321' title='bbox 848 4354 1029 4394; x_wconf 90' lang='lat' dir='ltr'><strong>coram</strong></span> <span class='ocrx_word' id='word_1_322' title='bbox 1054 4382 1070 4407; x_wconf 94' lang='lat'><strong>,</strong></span> <span class='ocrx_word' id='word_1_323' title='bbox 1101 4352 1153 4397; x_wconf 94' lang='lat' dir='ltr'><strong>te</strong></span> <span class='ocrx_word' id='word_1_324' title='bbox 1180 4342 1373 4412; x_wconf 71' lang='lat' dir='ltr'><strong>smpius</strong></span> <span class='ocrx_word' id='word_1_325' title='bbox 1395 4353 1807 4411; x_wconf 89' lang='lat' dir='ltr'><strong>conquerentem</strong></span> <span class='ocrx_word' id='word_1_326' title='bbox 1830 4341 2029 4395; x_wconf 89' lang='lat' dir='ltr'><strong>audivi.</strong></span> 
     </span>
    </p>
   </div>
   <div class='ocr_carea' id='block_1_43' title="bbox 456 4432 2037 4499">
    <p class='ocr_par' dir='ltr' id='par_1_43' title="bbox 456 4432 2037 4499">
     <span class='ocr_line' id='line_1_43' title="bbox 456 4432 2037 4499; baseline 0.001 -13"><span class='ocrx_word' id='word_1_327' title='bbox 456 4432 635 4486; x_wconf 85' lang='lat' dir='ltr'><strong>Primo</strong></span> <span class='ocrx_word' id='word_1_328' title='bbox 662 4438 713 4485; x_wconf 92' lang='lat' dir='ltr'><strong>te</strong></span> <span class='ocrx_word' id='word_1_329' title='bbox 734 4446 905 4499; x_wconf 89' lang='lat' dir='ltr'><strong>nuper</strong></span> <span class='ocrx_word' id='word_1_330' title='bbox 924 4448 1046 4486; x_wconf 90' lang='lat' dir='ltr'><strong>cum</strong></span> <span class='ocrx_word' id='word_1_331' title='bbox 1070 4434 1314 4489; x_wconf 68' lang='lat' dir='ltr'><strong>smculari</strong></span> <span class='ocrx_word' id='word_1_332' title='bbox 1336 4450 1483 4489; x_wconf 90' lang='lat' dir='ltr'><strong>more</strong></span> <span class='ocrx_word' id='word_1_333' title='bbox 1504 4436 1711 4488; x_wconf 87' lang='lat' dir='ltr'><strong>viveres</strong></span> <span class='ocrx_word' id='word_1_334' title='bbox 1732 4475 1748 4498; x_wconf 93' lang='lat'><strong>,</strong></span> <span class='ocrx_word' id='word_1_335' title='bbox 1776 4433 1907 4487; x_wconf 86' lang='lat' dir='ltr'><strong>nihil</strong></span> <span class='ocrx_word' id='word_1_336' title='bbox 1934 4434 2037 4488; x_wconf 90' lang='lat' dir='ltr'><strong>tale</strong></span> 
     </span>
    </p>
   </div>
   <div class='ocr_carea' id='block_1_44' title="bbox 458 4524 2037 4596">
    <p class='ocr_par' dir='ltr' id='par_1_44' title="bbox 458 4524 2037 4596">
     <span class='ocr_line' id='line_1_44' title="bbox 458 4524 2037 4596; baseline 0 -17"><span class='ocrx_word' id='word_1_337' title='bbox 458 4539 672 4593; x_wconf 88' lang='lat' dir='ltr'><strong>passum</strong></span> <span class='ocrx_word' id='word_1_338' title='bbox 698 4538 853 4588; x_wconf 92' lang='lat' dir='ltr'><strong>esse;</strong></span> <span class='ocrx_word' id='word_1_339' title='bbox 885 4524 980 4578; x_wconf 88' lang='lat' dir='ltr'><strong>sed</strong></span> <span class='ocrx_word' id='word_1_340' title='bbox 1014 4540 1136 4579; x_wconf 94' lang='lat' dir='ltr'><strong>cum</strong></span> <span class='ocrx_word' id='word_1_341' title='bbox 1177 4527 1403 4596; x_wconf 83' lang='lat' dir='ltr'><strong>teipsutn</strong></span> <span class='ocrx_word' id='word_1_342' title='bbox 1448 4525 1647 4580; x_wconf 89' lang='lat' dir='ltr'><strong>mundo</strong></span> <span class='ocrx_word' id='word_1_343' title='bbox 1690 4525 1995 4581; x_wconf 78' lang='lat' dir='ltr'><strong>cruciﬁxisti</strong></span> <span class='ocrx_word' id='word_1_344' title='bbox 2021 4565 2037 4590; x_wconf 93' lang='lat'><strong>,</strong></span> 
     </span>
    </p>
   </div>
   <div class='ocr_carea' id='block_1_45' title="bbox 462 4616 2043 4689">
    <p class='ocr_par' dir='ltr' id='par_1_45' title="bbox 462 4616 2043 4689">
     <span class='ocr_line' id='line_1_45' title="bbox 462 4616 2043 4689; baseline 0 -18"><span class='ocrx_word' id='word_1_345' title='bbox 462 4627 587 4673; x_wconf 91' lang='lat' dir='ltr'><strong>tunc</strong></span> <span class='ocrx_word' id='word_1_346' title='bbox 614 4618 667 4671; x_wconf 92' lang='lat' dir='ltr'><strong>in</strong></span> <span class='ocrx_word' id='word_1_347' title='bbox 693 4616 860 4670; x_wconf 89' lang='lat' dir='ltr'><strong>morbi</strong></span> <span class='ocrx_word' id='word_1_348' title='bbox 890 4630 1107 4670; x_wconf 90' lang='lat' dir='ltr'><strong>sensum</strong></span> <span class='ocrx_word' id='word_1_349' title='bbox 1134 4620 1347 4674; x_wconf 85' lang='lat' dir='ltr'><strong>venisse</strong></span> <span class='ocrx_word' id='word_1_350' title='bbox 1370 4660 1387 4686; x_wconf 90' lang='lat'><strong>,</strong></span> <span class='ocrx_word' id='word_1_351' title='bbox 1416 4634 1534 4689; x_wconf 71' lang='lat' dir='ltr'><strong>qua:</strong></span> <span class='ocrx_word' id='word_1_352' title='bbox 1576 4634 1705 4673; x_wconf 86' lang='lat' dir='ltr'><strong>sane</strong></span> <span class='ocrx_word' id='word_1_353' title='bbox 1750 4634 1834 4675; x_wconf 89' lang='lat' dir='ltr'><strong>res</strong></span> <span class='ocrx_word' id='word_1_354' title='bbox 1877 4618 2043 4687; x_wconf 87' lang='lat' dir='ltr'><strong>possit</strong></span> 
     </span>
    </p>
   </div>
   <div class='ocr_carea' id='block_1_46' title="bbox 462 4707 2041 4780">
    <p class='ocr_par' dir='ltr' id='par_1_46' title="bbox 462 4707 2041 4780">
     <span class='ocr_line' id='line_1_46' title="bbox 462 4707 2041 4780; baseline 0.001 -18"><span class='ocrx_word' id='word_1_355' title='bbox 462 4708 514 4762; x_wconf 94' lang='lat' dir='ltr'><strong>in</strong></span> <span class='ocrx_word' id='word_1_356' title='bbox 565 4707 1017 4777; x_wconf 82' lang='lat' dir='ltr'><strong>perturbationem</strong></span> <span class='ocrx_word' id='word_1_357' title='bbox 1069 4707 1229 4776; x_wconf 90' lang='lat' dir='ltr'><strong>inque</strong></span> <span class='ocrx_word' id='word_1_358' title='bbox 1278 4710 1705 4780; x_wconf 85' lang='lat' dir='ltr'><strong>desperationem</strong></span> <span class='ocrx_word' id='word_1_359' title='bbox 1752 4711 2041 4780; x_wconf 83' lang='lat' dir='ltr'><strong>conjicere.</strong></span> 
     </span>
    </p>
   </div>
   <div class='ocr_carea' id='block_1_47' title="bbox 457 4796 2043 4867">
    <p class='ocr_par' dir='ltr' id='par_1_47' title="bbox 457 4796 2043 4867">
     <span class='ocr_line' id='line_1_47' title="bbox 457 4796 2043 4867; baseline 0.003 -15"><span class='ocrx_word' id='word_1_360' title='bbox 457 4796 705 4852; x_wconf 88' lang='lat' dir='ltr'><strong>Secundo</strong></span> <span class='ocrx_word' id='word_1_361' title='bbox 724 4838 740 4863; x_wconf 91' lang='lat'><strong>,</strong></span> <span class='ocrx_word' id='word_1_362' title='bbox 763 4797 902 4867; x_wconf 92' lang='lat' dir='ltr'><strong>quod</strong></span> <span class='ocrx_word' id='word_1_363' title='bbox 922 4812 1077 4867; x_wconf 90' lang='lat' dir='ltr'><strong>quam</strong></span> <span class='ocrx_word' id='word_1_364' title='bbox 1104 4798 1361 4865; x_wconf 88' lang='lat' dir='ltr'><strong>plurimos</strong></span> <span class='ocrx_word' id='word_1_365' title='bbox 1388 4802 1601 4856; x_wconf 85' lang='lat' dir='ltr'><strong>noveris</strong></span> <span class='ocrx_word' id='word_1_366' title='bbox 1624 4844 1639 4867; x_wconf 93' lang='lat'><strong>,</strong></span> <span class='ocrx_word' id='word_1_367' title='bbox 1667 4804 1794 4856; x_wconf 90' lang='lat' dir='ltr'><strong>dum</strong></span> <span class='ocrx_word' id='word_1_368' title='bbox 1818 4802 2043 4857; x_wconf 87' lang='lat' dir='ltr'><strong>delicate</strong></span> 
     </span>
    </p>
   </div>
   <div class='ocr_carea' id='block_1_48' title="bbox 456 4891 2033 4965">
    <p class='ocr_par' dir='ltr' id='par_1_48' title="bbox 456 4891 2033 4965">
     <span class='ocr_line' id='line_1_48' title="bbox 456 4891 2033 4965; baseline 0.005 -24"><span class='ocrx_word' id='word_1_369' title='bbox 456 4891 737 4956; x_wconf 90' lang='lat' dir='ltr'><strong>viverent,</strong></span> <span class='ocrx_word' id='word_1_370' title='bbox 769 4891 869 4945; x_wconf 88' lang='lat' dir='ltr'><strong>hac</strong></span> <span class='ocrx_word' id='word_1_371' title='bbox 894 4900 1042 4960; x_wconf 88' lang='lat' dir='ltr'><strong>peste</strong></span> <span class='ocrx_word' id='word_1_372' title='bbox 1068 4900 1340 4961; x_wconf 89' lang='lat' dir='ltr'><strong>correptos</strong></span> <span class='ocrx_word' id='word_1_373' title='bbox 1364 4934 1378 4956; x_wconf 89' lang='lat'><strong>,</strong></span> <span class='ocrx_word' id='word_1_374' title='bbox 1407 4909 1501 4949; x_wconf 89' lang='lat' dir='ltr'><strong>cos</strong></span> <span class='ocrx_word' id='word_1_375' title='bbox 1526 4906 1701 4951; x_wconf 85' lang='lat' dir='ltr'><strong>tamen</strong></span> <span class='ocrx_word' id='word_1_376' title='bbox 1729 4912 1890 4965; x_wconf 89' lang='lat' dir='ltr'><strong>parvo</strong></span> <span class='ocrx_word' id='word_1_377' title='bbox 1917 4904 2033 4965; x_wconf 73' lang='lat' dir='ltr'><strong>post</strong></span> 
     </span>
    </p>
   </div>
   <div class='ocr_carea' id='block_1_49' title="bbox 460 4985 2041 5059">
    <p class='ocr_par' dir='ltr' id='par_1_49' title="bbox 460 4985 2041 5059">
     <span class='ocr_line' id='line_1_49' title="bbox 460 4985 2041 5059; baseline 0.004 -24"><span class='ocrx_word' id='word_1_378' title='bbox 460 4991 701 5052; x_wconf 89' lang='lat' dir='ltr'><strong>tempore</strong></span> <span class='ocrx_word' id='word_1_379' title='bbox 727 4985 797 5038; x_wconf 91' lang='lat' dir='ltr'><strong>ita</strong></span> <span class='ocrx_word' id='word_1_380' title='bbox 822 5000 885 5039; x_wconf 89' lang='lat' dir='ltr'><strong>ea</strong></span> <span class='ocrx_word' id='word_1_381' title='bbox 915 4985 1216 5039; x_wconf 79' lang='lat' dir='ltr'><strong>infimitate</strong></span> <span class='ocrx_word' id='word_1_382' title='bbox 1243 4985 1516 5053; x_wconf 86' lang='lat' dir='ltr'><strong>liberatos,</strong></span> <span class='ocrx_word' id='word_1_383' title='bbox 1544 4998 1601 5042; x_wconf 92' lang='lat' dir='ltr'><strong>ut</strong></span> <span class='ocrx_word' id='word_1_384' title='bbox 1628 4990 1875 5059; x_wconf 65' lang='lat' dir='ltr'><strong>perfectzc</strong></span> <span class='ocrx_word' id='word_1_385' title='bbox 1903 4990 2041 5042; x_wconf 88' lang='lat' dir='ltr'><strong>inte-</strong></span> 
     </span>
    </p>
   </div>
   <div class='ocr_carea' id='block_1_50' title="bbox 460 5074 2043 5148">
    <p class='ocr_par' dir='ltr' id='par_1_50' title="bbox 460 5074 2043 5148">
     <span class='ocr_line' id='line_1_50' title="bbox 460 5074 2043 5148; baseline 0.004 -23"><span class='ocrx_word' id='word_1_386' title='bbox 460 5074 637 5143; x_wconf 85' lang='lat' dir='ltr'><strong>gritati</strong></span> <span class='ocrx_word' id='word_1_387' title='bbox 666 5076 896 5131; x_wconf 87' lang='lat' dir='ltr'><strong>restituti</strong></span> <span class='ocrx_word' id='word_1_388' title='bbox 923 5086 977 5132; x_wconf 91' lang='lat' dir='ltr'><strong>et</strong></span> <span class='ocrx_word' id='word_1_389' title='bbox 1003 5092 1194 5131; x_wconf 80' lang='lat' dir='ltr'><strong>uxores</strong></span> <span class='ocrx_word' id='word_1_390' title='bbox 1221 5075 1516 5142; x_wconf 89' lang='lat' dir='ltr'><strong>ducerent,</strong></span> <span class='ocrx_word' id='word_1_391' title='bbox 1554 5089 1610 5133; x_wconf 82' lang='lat' dir='ltr'><strong>et</strong></span> <span class='ocrx_word' id='word_1_392' title='bbox 1640 5080 1892 5148; x_wconf 81' lang='lat' dir='ltr'><strong>plurimos</strong></span> <span class='ocrx_word' id='word_1_393' title='bbox 1922 5095 2043 5147; x_wconf 83' lang='lat' dir='ltr'><strong>pro-</strong></span> 
     </span>
    </p>
   </div>
   <div class='ocr_carea' id='block_1_51' title="bbox 459 5166 2043 5237">
    <p class='ocr_par' dir='ltr' id='par_1_51' title="bbox 459 5166 2043 5237">
     <span class='ocr_line' id='line_1_51' title="bbox 459 5166 2043 5237; baseline 0.005 -23"><span class='ocrx_word' id='word_1_394' title='bbox 459 5174 712 5221; x_wconf 89' lang='lat' dir='ltr'><strong>crearent</strong></span> <span class='ocrx_word' id='word_1_395' title='bbox 739 5166 934 5222; x_wconf 91' lang='lat' dir='ltr'><strong>liberos</strong></span> <span class='ocrx_word' id='word_1_396' title='bbox 958 5210 972 5233; x_wconf 94' lang='lat'><strong>,</strong></span> <span class='ocrx_word' id='word_1_397' title='bbox 1001 5169 1351 5237; x_wconf 90' lang='lat' dir='ltr'><strong>omnibusque</strong></span> <span class='ocrx_word' id='word_1_398' title='bbox 1371 5168 1490 5221; x_wconf 80' lang='lat' dir='ltr'><strong>vita:</strong></span> <span class='ocrx_word' id='word_1_399' title='bbox 1514 5173 1788 5237; x_wconf 71' lang='lat' dir='ltr'><strong>prmsentis</strong></span> <span class='ocrx_word' id='word_1_400' title='bbox 1808 5185 2043 5225; x_wconf 89' lang='lat' dir='ltr'><strong>commo-</strong></span> 
     </span>
    </p>
   </div>
   <div class='ocr_carea' id='block_1_52' title="bbox 459 5253 2039 5331">
    <p class='ocr_par' dir='ltr' id='par_1_52' title="bbox 459 5253 2039 5331">
     <span class='ocr_line' id='line_1_52' title="bbox 459 5253 2039 5331; baseline 0.007 -26"><span class='ocrx_word' id='word_1_401' title='bbox 459 5253 543 5307; x_wconf 91' lang='lat' dir='ltr'><strong>dis</strong></span> <span class='ocrx_word' id='word_1_402' title='bbox 572 5257 879 5314; x_wconf 89' lang='lat' dir='ltr'><strong>fruerentur</strong></span> <span class='ocrx_word' id='word_1_403' title='bbox 897 5302 910 5323; x_wconf 89' lang='lat'><strong>,</strong></span> <span class='ocrx_word' id='word_1_404' title='bbox 937 5260 1175 5330; x_wconf 87' lang='lat' dir='ltr'><strong>nihilque</strong></span> <span class='ocrx_word' id='word_1_405' title='bbox 1201 5260 1533 5331; x_wconf 89' lang='lat' dir='ltr'><strong>postmodum</strong></span> <span class='ocrx_word' id='word_1_406' title='bbox 1560 5263 1663 5315; x_wconf 90' lang='lat' dir='ltr'><strong>tale</strong></span> <span class='ocrx_word' id='word_1_407' title='bbox 1690 5273 1996 5331; x_wconf 88' lang='lat' dir='ltr'><strong>paterentur</strong></span> <span class='ocrx_word' id='word_1_408' title='bbox 2025 5280 2039 5316; x_wconf 92' lang='lat'>:</span> 
     </span>
    </p>
   </div>
   <div class='ocr_carea' id='block_1_53' title="bbox 458 5354 2045 5424">
    <p class='ocr_par' dir='ltr' id='par_1_53' title="bbox 458 5354 2045 5424">
     <span class='ocr_line' id='line_1_53' title="bbox 458 5354 2045 5424; baseline 0.008 -28"><span class='ocrx_word' id='word_1_409' title='bbox 458 5356 643 5402; x_wconf 90' lang='lat' dir='ltr'><strong>contra</strong></span> <span class='ocrx_word' id='word_1_410' title='bbox 670 5393 685 5415; x_wconf 95' lang='lat'><strong>,</strong></span> <span class='ocrx_word' id='word_1_411' title='bbox 731 5362 784 5405; x_wconf 91' lang='lat' dir='ltr'><strong>tu</strong></span> <span class='ocrx_word' id='word_1_412' title='bbox 813 5368 934 5407; x_wconf 91' lang='lat' dir='ltr'><strong>cum</strong></span> <span class='ocrx_word' id='word_1_413' title='bbox 967 5362 1168 5407; x_wconf 89' lang='lat' dir='ltr'><strong>tantum</strong></span> <span class='ocrx_word' id='word_1_414' title='bbox 1202 5364 1412 5424; x_wconf 85' lang='lat' dir='ltr'><strong>tempus</strong></span> <span class='ocrx_word' id='word_1_415' title='bbox 1441 5354 1491 5407; x_wconf 91' lang='lat' dir='ltr'><strong>iu</strong></span> <span class='ocrx_word' id='word_1_416' title='bbox 1520 5354 1735 5422; x_wconf 86' lang='lat' dir='ltr'><strong>jcjuniis</strong></span> <span class='ocrx_word' id='word_1_417' title='bbox 1763 5371 1824 5409; x_wconf 87' lang='lat' dir='ltr'><strong>ac</strong></span> <span class='ocrx_word' id='word_1_418' title='bbox 1853 5370 2045 5423; x_wconf 85' lang='lat' dir='ltr'><strong>perno-</strong></span> 
     </span>
    </p>
   </div>
   <div class='ocr_carea' id='block_1_54' title="bbox 458 5438 2041 5514">
    <p class='ocr_par' dir='ltr' id='par_1_54' title="bbox 458 5438 2041 5514">
     <span class='ocr_line' id='line_1_54' title="bbox 458 5438 2041 5514; baseline 0.009 -27"><span class='ocrx_word' id='word_1_419' title='bbox 458 5438 780 5498; x_wconf 90' lang='lat' dir='ltr'><strong>ctationihus</strong></span> <span class='ocrx_word' id='word_1_420' title='bbox 804 5486 819 5509; x_wconf 91' lang='lat'><strong>,</strong></span> <span class='ocrx_word' id='word_1_421' title='bbox 848 5453 903 5499; x_wconf 90' lang='lat' dir='ltr'><strong>et</strong></span> <span class='ocrx_word' id='word_1_422' title='bbox 942 5445 1144 5514; x_wconf 91' lang='lat' dir='ltr'><strong>reliqua</strong></span> <span class='ocrx_word' id='word_1_423' title='bbox 1177 5447 1299 5500; x_wconf 72' lang='lat' dir='ltr'><strong>vita:</strong></span> <span class='ocrx_word' id='word_1_424' title='bbox 1336 5448 1645 5501; x_wconf 89' lang='lat' dir='ltr'><strong>austeritate</strong></span> <span class='ocrx_word' id='word_1_425' title='bbox 1686 5446 2001 5501; x_wconf 86' lang='lat' dir='ltr'><strong>contriveris</strong></span> <span class='ocrx_word' id='word_1_426' title='bbox 2026 5488 2041 5511; x_wconf 92' lang='lat'><strong>,</strong></span> 
     </span>
    </p>
   </div>
   <div class='ocr_carea' id='block_1_55' title="bbox 461 5527 2046 5593">
    <p class='ocr_par' dir='ltr' id='par_1_55' title="bbox 461 5527 2046 5593">
     <span class='ocr_line' id='line_1_55' title="bbox 461 5527 2046 5593; baseline 0.009 -16"><span class='ocrx_word' id='word_1_427' title='bbox 461 5527 665 5580; x_wconf 89' lang='lat' dir='ltr'><strong>nullam</strong></span> <span class='ocrx_word' id='word_1_428' title='bbox 706 5548 1066 5591; x_wconf 83' lang='lat' dir='ltr'><strong>aerumnarum</strong></span> <span class='ocrx_word' id='word_1_429' title='bbox 1115 5544 1324 5591; x_wconf 89' lang='lat' dir='ltr'><strong>tuarum</strong></span> <span class='ocrx_word' id='word_1_430' title='bbox 1376 5538 1743 5593; x_wconf 87' lang='lat' dir='ltr'><strong>liberationem</strong></span> <span class='ocrx_word' id='word_1_431' title='bbox 1792 5537 2046 5593; x_wconf 87' lang='lat' dir='ltr'><strong>hactenus</strong></span> 
     </span>
    </p>
   </div>
   <div class='ocr_carea' id='block_1_56' title="bbox 466 5617 2046 5698">
    <p class='ocr_par' dir='ltr' id='par_1_56' title="bbox 466 5617 2046 5698">
     <span class='ocr_line' id='line_1_56' title="bbox 466 5617 2046 5698; baseline 0.008 -27"><span class='ocrx_word' id='word_1_432' title='bbox 466 5617 754 5674; x_wconf 84' lang='lat' dir='ltr'><strong>inveneris.</strong></span> <span class='ocrx_word' id='word_1_433' title='bbox 787 5624 973 5683; x_wconf 89' lang='lat' dir='ltr'><strong>Tertio</strong></span> <span class='ocrx_word' id='word_1_434' title='bbox 995 5671 1009 5695; x_wconf 92' lang='lat'><strong>,</strong></span> <span class='ocrx_word' id='word_1_435' title='bbox 1036 5626 1177 5698; x_wconf 87' lang='lat' dir='ltr'><strong>quod</strong></span> <span class='ocrx_word' id='word_1_436' title='bbox 1218 5642 1338 5683; x_wconf 90' lang='lat' dir='ltr'><strong>cum</strong></span> <span class='ocrx_word' id='word_1_437' title='bbox 1378 5639 1597 5686; x_wconf 90' lang='lat' dir='ltr'><strong>sanctus</strong></span> <span class='ocrx_word' id='word_1_438' title='bbox 1625 5630 1716 5686; x_wconf 92' lang='lat' dir='ltr'><strong>ille</strong></span> <span class='ocrx_word' id='word_1_439' title='bbox 1743 5632 1825 5686; x_wconf 86' lang='lat' dir='ltr'><strong>vir</strong></span> <span class='ocrx_word' id='word_1_440' title='bbox 1849 5639 2046 5684; x_wconf 89' lang='lat' dir='ltr'><strong>tantam</strong></span> 
     </span>
    </p>
   </div>
   <div class='ocr_carea' id='block_1_57' title="bbox 466 5710 2048 5793">
    <p class='ocr_par' dir='ltr' id='par_1_57' title="bbox 466 5710 2048 5793">
     <span class='ocr_line' id='line_1_57' title="bbox 466 5710 2048 5793; baseline 0.008 -28"><span class='ocrx_word' id='word_1_441' title='bbox 466 5710 519 5766; x_wconf 94' lang='lat' dir='ltr'><strong>in</strong></span> <span class='ocrx_word' id='word_1_442' title='bbox 548 5712 770 5782; x_wconf 87' lang='lat' dir='ltr'><strong>reliquis</strong></span> <span class='ocrx_word' id='word_1_443' title='bbox 794 5717 923 5773; x_wconf 87' lang='lat' dir='ltr'><strong>viris</strong></span> <span class='ocrx_word' id='word_1_444' title='bbox 949 5722 1239 5791; x_wconf 87' lang='lat' dir='ltr'><strong>potentiam</strong></span> <span class='ocrx_word' id='word_1_445' title='bbox 1264 5720 1595 5787; x_wconf 87' lang='lat' dir='ltr'><strong>ostenderit,</strong></span> <span class='ocrx_word' id='word_1_446' title='bbox 1628 5723 1757 5776; x_wconf 91' lang='lat' dir='ltr'><strong>nihil</strong></span> <span class='ocrx_word' id='word_1_447' title='bbox 1785 5721 2048 5793; x_wconf 89' lang='lat' dir='ltr'><strong>ejusmodi</strong></span> 
     </span>
    </p>
   </div>
   <div class='ocr_carea' id='block_1_58' title="bbox 462 5804 2047 5883">
    <p class='ocr_par' dir='ltr' id='par_1_58' title="bbox 462 5804 2047 5883">
     <span class='ocr_line' id='line_1_58' title="bbox 462 5804 2047 5883; baseline 0.007 -26"><span class='ocrx_word' id='word_1_448' title='bbox 462 5805 696 5875; x_wconf 84' lang='lat' dir='ltr'><strong>potuerit</strong></span> <span class='ocrx_word' id='word_1_449' title='bbox 723 5804 775 5859; x_wconf 90' lang='lat' dir='ltr'><strong>iu</strong></span> <span class='ocrx_word' id='word_1_450' title='bbox 803 5814 889 5860; x_wconf 91' lang='lat' dir='ltr'><strong>tua</strong></span> <span class='ocrx_word' id='word_1_451' title='bbox 921 5810 1205 5867; x_wconf 86' lang='lat' dir='ltr'><strong>dilectione</strong></span> <span class='ocrx_word' id='word_1_452' title='bbox 1235 5812 1492 5883; x_wconf 86' lang='lat' dir='ltr'><strong>perlicere</strong></span> <span class='ocrx_word' id='word_1_453' title='bbox 1512 5851 1527 5876; x_wconf 90' lang='lat'><strong>,</strong></span> <span class='ocrx_word' id='word_1_454' title='bbox 1558 5827 1730 5881; x_wconf 90' lang='lat' dir='ltr'><strong>neque</strong></span> <span class='ocrx_word' id='word_1_455' title='bbox 1758 5813 1872 5881; x_wconf 89' lang='lat' dir='ltr'><strong>ipse</strong></span> <span class='ocrx_word' id='word_1_456' title='bbox 1897 5853 1911 5878; x_wconf 90' lang='lat'><strong>,</strong></span> <span class='ocrx_word' id='word_1_457' title='bbox 1949 5828 2047 5867; x_wconf 90' lang='lat' dir='ltr'><strong>ne-</strong></span> 
     </span>
    </p>
   </div>
   <div class='ocr_carea' id='block_1_59' title="bbox 463 5900 2047 5977">
    <p class='ocr_par' dir='ltr' id='par_1_59' title="bbox 463 5900 2047 5977">
     <span class='ocr_line' id='line_1_59' title="bbox 463 5900 2047 5977; baseline 0.008 -29"><span class='ocrx_word' id='word_1_458' title='bbox 463 5916 565 5968; x_wconf 82' lang='lat' dir='ltr'><strong>que</strong></span> <span class='ocrx_word' id='word_1_459' title='bbox 593 5900 627 5954; x_wconf 92' lang='lat' dir='ltr'><strong>ii</strong></span> <span class='ocrx_word' id='word_1_460' title='bbox 657 5915 893 5969; x_wconf 79' lang='lat' dir='ltr'><strong>quicum</strong></span> <span class='ocrx_word' id='word_1_461' title='bbox 920 5903 1013 5955; x_wconf 89' lang='lat' dir='ltr'><strong>illo</strong></span> <span class='ocrx_word' id='word_1_462' title='bbox 1038 5917 1229 5975; x_wconf 83' lang='lat' dir='ltr'><strong>erant,</strong></span> <span class='ocrx_word' id='word_1_463' title='bbox 1275 5909 1364 5964; x_wconf 93' lang='lat' dir='ltr'><strong>illo</strong></span> <span class='ocrx_word' id='word_1_464' title='bbox 1406 5908 1569 5965; x_wconf 86' lang='lat' dir='ltr'><strong>etiam</strong></span> <span class='ocrx_word' id='word_1_465' title='bbox 1616 5908 1667 5962; x_wconf 92' lang='lat' dir='ltr'><strong>in</strong></span> <span class='ocrx_word' id='word_1_466' title='bbox 1712 5906 1814 5962; x_wconf 91' lang='lat' dir='ltr'><strong>hoc</strong></span> <span class='ocrx_word' id='word_1_467' title='bbox 1850 5920 2047 5977; x_wconf 79' lang='lat' dir='ltr'><strong>genere</strong></span> 
     </span>
    </p>
   </div>
   <div class='ocr_carea' id='block_1_60' title="bbox 463 5995 2041 6064">
    <p class='ocr_par' dir='ltr' id='par_1_60' title="bbox 463 5995 2041 6064">
     <span class='ocr_line' id='line_1_60' title="bbox 463 5995 2041 6064; baseline 0.005 -16"><span class='ocrx_word' id='word_1_468' title='bbox 463 5995 826 6064; x_wconf 83' lang='lat' dir='ltr'><strong>potentiores,</strong></span> <span class='ocrx_word' id='word_1_469' title='bbox 890 6010 1073 6051; x_wconf 87' lang='lat' dir='ltr'><strong>verum</strong></span> <span class='ocrx_word' id='word_1_470' title='bbox 1117 6016 1303 6059; x_wconf 89' lang='lat' dir='ltr'><strong>omnes</strong></span> <span class='ocrx_word' id='word_1_471' title='bbox 1346 6020 1406 6060; x_wconf 92' lang='lat' dir='ltr'><strong>re</strong></span> <span class='ocrx_word' id='word_1_472' title='bbox 1452 6003 1644 6060; x_wconf 87' lang='lat' dir='ltr'><strong>infecta</strong></span> <span class='ocrx_word' id='word_1_473' title='bbox 1689 6002 1783 6057; x_wconf 86' lang='lat' dir='ltr'><strong>abs</strong></span> <span class='ocrx_word' id='word_1_474' title='bbox 1825 6010 1877 6057; x_wconf 87' lang='lat' dir='ltr'><strong>te</strong></span> <span class='ocrx_word' id='word_1_475' title='bbox 1918 6014 2041 6056; x_wconf 82' lang='lat' dir='ltr'><strong>cunt</strong></span> 
     </span>
    </p>
   </div>
   <div class='ocr_carea' id='block_1_61' title="bbox 1298 572 2878 633">
    <p class='ocr_par' dir='ltr' id='par_1_61' title="bbox 1298 572 2878 633">
     <span class='ocr_line' id='line_1_61' title="bbox 1298 572 2878 633; baseline 0.004 -6"><span class='ocrx_word' id='word_1_476' title='bbox 1298 573 1389 628; x_wconf 87' lang='lat' dir='ltr'><strong>AD</strong></span> <span class='ocrx_word' id='word_1_477' title='bbox 1426 572 1797 631; x_wconf 78' lang='lat' dir='ltr'><strong>STAGIRIUM</strong></span> <span class='ocrx_word' id='word_1_478' title='bbox 1838 574 1883 629; x_wconf 80' lang='grc' dir='ltr'>Α</span> <span class='ocrx_word' id='word_1_479' title='bbox 1926 572 2228 629; x_wconf 61' lang='grc' dir='ltr'><strong>[ΜΕΜΟΝΕ</strong></span> <span class='ocrx_word' id='word_1_480' title='bbox 2268 573 2627 631; x_wconf 73' lang='lat' dir='ltr'><strong>VEXATUM.</strong></span> <span class='ocrx_word' id='word_1_481' title='bbox 2666 575 2793 632; x_wconf 81' lang='lat' dir='ltr'><strong>LIB.</strong></span> <span class='ocrx_word' id='word_1_482' title='bbox 2836 576 2878 633; x_wconf 85' lang='grc'><strong>1.</strong></span> 
     </span>
    </p>
   </div>
   <div class='ocr_carea' id='block_1_62' title="bbox 3631 579 3738 635">
    <p class='ocr_par' dir='ltr' id='par_1_62' title="bbox 3631 579 3738 635">
     <span class='ocr_line' id='line_1_62' title="bbox 3631 579 3738 635; baseline 0.037 -4"><span class='ocrx_word' id='word_1_483' title='bbox 3631 579 3738 635; x_wconf 68' lang='grc' dir='ltr'><strong>ιὲϐ</strong></span> 
     </span>
    </p>
   </div>
   <div class='ocr_carea' id='block_1_63' title="bbox 2143 686 3735 762">
    <p class='ocr_par' dir='ltr' id='par_1_63' title="bbox 2143 686 3735 762">
     <span class='ocr_line' id='line_1_63' title="bbox 2143 686 3735 762; baseline 0.006 -21"><span class='ocrx_word' id='word_1_484' title='bbox 2143 686 2340 741; x_wconf 88' lang='lat' dir='ltr'><strong>rubore</strong></span> <span class='ocrx_word' id='word_1_485' title='bbox 2366 688 2730 745; x_wconf 87' lang='lat' dir='ltr'><strong>discesserint.</strong></span> <span class='ocrx_word' id='word_1_486' title='bbox 2761 691 2841 745; x_wconf 83' lang='lat' dir='ltr'><strong>Ad</strong></span> <span class='ocrx_word' id='word_1_487' title='bbox 2877 691 2993 747; x_wconf 60' lang='lat' dir='ltr'><strong>haec</strong></span> <span class='ocrx_word' id='word_1_488' title='bbox 3020 691 3122 745; x_wconf 87' lang='lat' dir='ltr'><strong>alia</strong></span> <span class='ocrx_word' id='word_1_489' title='bbox 3149 706 3214 747; x_wconf 86' lang='lat' dir='ltr'><strong>ex</strong></span> <span class='ocrx_word' id='word_1_490' title='bbox 3253 700 3405 762; x_wconf 88' lang='lat' dir='ltr'><strong>parte</strong></span> <span class='ocrx_word' id='word_1_491' title='bbox 3433 694 3653 749; x_wconf 82' lang='lat' dir='ltr'><strong>nimium</strong></span> <span class='ocrx_word' id='word_1_492' title='bbox 3681 707 3735 750; x_wconf 84' lang='lat' dir='ltr'><strong>to</strong></span> 
     </span>
    </p>
   </div>
   <div class='ocr_carea' id='block_1_64' title="bbox 2141 778 3735 852">
    <p class='ocr_par' dir='ltr' id='par_1_64' title="bbox 2141 778 3735 852">
     <span class='ocr_line' id='line_1_64' title="bbox 2141 778 3735 852; baseline 0.006 -21"><span class='ocrx_word' id='word_1_493' title='bbox 2141 779 2263 847; x_wconf 85' lang='lat' dir='ltr'><strong>angi</strong></span> <span class='ocrx_word' id='word_1_494' title='bbox 2302 778 2556 847; x_wconf 88' lang='lat' dir='ltr'><strong>dicebas,</strong></span> <span class='ocrx_word' id='word_1_495' title='bbox 2603 782 2746 852; x_wconf 85' lang='lat' dir='ltr'><strong>quod</strong></span> <span class='ocrx_word' id='word_1_496' title='bbox 2788 782 2859 837; x_wconf 86' lang='lat' dir='ltr'><strong>ita</strong></span> <span class='ocrx_word' id='word_1_497' title='bbox 2900 783 3137 838; x_wconf 90' lang='lat' dir='ltr'><strong>animum</strong></span> <span class='ocrx_word' id='word_1_498' title='bbox 3180 792 3325 838; x_wconf 89' lang='lat' dir='ltr'><strong>tuum</strong></span> <span class='ocrx_word' id='word_1_499' title='bbox 3365 784 3445 839; x_wconf 91' lang='lat' dir='ltr'><strong>vis</strong></span> <span class='ocrx_word' id='word_1_500' title='bbox 3488 788 3735 841; x_wconf 70' lang='lat' dir='ltr'><strong>mmroris</strong></span> 
     </span>
    </p>
   </div>
   <div class='ocr_carea' id='block_1_65' title="bbox 2142 872 3733 945">
    <p class='ocr_par' dir='ltr' id='par_1_65' title="bbox 2142 872 3733 945">
     <span class='ocr_line' id='line_1_65' title="bbox 2142 872 3733 945; baseline 0.003 -20"><span class='ocrx_word' id='word_1_501' title='bbox 2142 872 2519 940; x_wconf 88' lang='lat' dir='ltr'><strong>occupaverit,</strong></span> <span class='ocrx_word' id='word_1_502' title='bbox 2544 884 2598 928; x_wconf 92' lang='lat' dir='ltr'><strong>ut</strong></span> <span class='ocrx_word' id='word_1_503' title='bbox 2625 875 2822 943; x_wconf 62' lang='lat' dir='ltr'><strong>satpins</strong></span> <span class='ocrx_word' id='word_1_504' title='bbox 2845 890 3027 943; x_wconf 86' lang='lat' dir='ltr'><strong>parum</strong></span> <span class='ocrx_word' id='word_1_505' title='bbox 3051 874 3193 930; x_wconf 87' lang='lat' dir='ltr'><strong>absit</strong></span> <span class='ocrx_word' id='word_1_506' title='bbox 3219 875 3345 944; x_wconf 91' lang='lat' dir='ltr'><strong>quin</strong></span> <span class='ocrx_word' id='word_1_507' title='bbox 3369 876 3434 930; x_wconf 91' lang='lat' dir='ltr'><strong>ad</strong></span> <span class='ocrx_word' id='word_1_508' title='bbox 3462 876 3733 945; x_wconf 88' lang='lat' dir='ltr'><strong>laqueum,</strong></span> 
     </span>
    </p>
   </div>
   <div class='ocr_carea' id='block_1_66' title="bbox 2142 963 3737 1039">
    <p class='ocr_par' dir='ltr' id='par_1_66' title="bbox 2142 963 3737 1039">
     <span class='ocr_line' id='line_1_66' title="bbox 2142 963 3737 1039; baseline 0.003 -21"><span class='ocrx_word' id='word_1_509' title='bbox 2142 963 2361 1018; x_wconf 83' lang='lat' dir='ltr'><strong>fluvium</strong></span> <span class='ocrx_word' id='word_1_510' title='bbox 2416 973 2471 1019; x_wconf 86' lang='lat' dir='ltr'><strong>et</strong></span> <span class='ocrx_word' id='word_1_511' title='bbox 2514 968 2868 1038; x_wconf 65' lang='lat' dir='ltr'><strong>praecipitium</strong></span> <span class='ocrx_word' id='word_1_512' title='bbox 2918 983 3187 1023; x_wconf 90' lang='lat' dir='ltr'><strong>accurras.</strong></span> <span class='ocrx_word' id='word_1_513' title='bbox 3239 969 3438 1037; x_wconf 85' lang='lat' dir='ltr'><strong>Quinto</strong></span> <span class='ocrx_word' id='word_1_514' title='bbox 3483 969 3737 1039; x_wconf 87' lang='lat' dir='ltr'><strong>deinceps</strong></span> 
     </span>
    </p>
   </div>
   <div class='ocr_carea' id='block_1_67' title="bbox 2143 1054 3737 1127">
    <p class='ocr_par' dir='ltr' id='par_1_67' title="bbox 2143 1054 3737 1127">
     <span class='ocr_line' id='line_1_67' title="bbox 2143 1054 3737 1127; baseline 0.004 -19"><span class='ocrx_word' id='word_1_515' title='bbox 2143 1056 2262 1108; x_wconf 91' lang='lat' dir='ltr'><strong>loco</strong></span> <span class='ocrx_word' id='word_1_516' title='bbox 2288 1094 2303 1119; x_wconf 92' lang='lat'><strong>,</strong></span> <span class='ocrx_word' id='word_1_517' title='bbox 2334 1054 2476 1123; x_wconf 90' lang='lat' dir='ltr'><strong>quod</strong></span> <span class='ocrx_word' id='word_1_518' title='bbox 2506 1058 2737 1126; x_wconf 70' lang='lat' dir='ltr'><strong>mquales</strong></span> <span class='ocrx_word' id='word_1_519' title='bbox 2762 1068 2881 1112; x_wconf 91' lang='lat' dir='ltr'><strong>tuos</strong></span> <span class='ocrx_word' id='word_1_520' title='bbox 2901 1066 2955 1111; x_wconf 93' lang='lat' dir='ltr'><strong>et</strong></span> <span class='ocrx_word' id='word_1_521' title='bbox 2974 1058 3386 1113; x_wconf 89' lang='lat' dir='ltr'><strong>contubernales</strong></span> <span class='ocrx_word' id='word_1_522' title='bbox 3409 1098 3424 1122; x_wconf 91' lang='lat'><strong>,</strong></span> <span class='ocrx_word' id='word_1_523' title='bbox 3447 1058 3535 1127; x_wconf 91' lang='lat' dir='ltr'><strong>qui</strong></span> <span class='ocrx_word' id='word_1_524' title='bbox 3558 1072 3737 1114; x_wconf 85' lang='lat' dir='ltr'><strong>tecum</strong></span> 
     </span>
    </p>
   </div>
   <div class='ocr_carea' id='block_1_68' title="bbox 2140 1143 3741 1219">
    <p class='ocr_par' dir='ltr' id='par_1_68' title="bbox 2140 1143 3741 1219">
     <span class='ocr_line' id='line_1_68' title="bbox 2140 1143 3741 1219; baseline 0.007 -26"><span class='ocrx_word' id='word_1_525' title='bbox 2140 1145 2305 1198; x_wconf 85' lang='lat' dir='ltr'><strong>vitam</strong></span> <span class='ocrx_word' id='word_1_526' title='bbox 2338 1143 2475 1198; x_wconf 89' lang='lat' dir='ltr'><strong>hanc</strong></span> <span class='ocrx_word' id='word_1_527' title='bbox 2500 1146 2771 1213; x_wconf 90' lang='lat' dir='ltr'><strong>inierunt,</strong></span> <span class='ocrx_word' id='word_1_528' title='bbox 2820 1148 3105 1217; x_wconf 87' lang='lat' dir='ltr'><strong>tranquille</strong></span> <span class='ocrx_word' id='word_1_529' title='bbox 3149 1159 3368 1219; x_wconf 82' lang='lat' dir='ltr'><strong>agentes</strong></span> <span class='ocrx_word' id='word_1_530' title='bbox 3412 1148 3651 1218; x_wconf 82' lang='lat' dir='ltr'><strong>aspicis:</strong></span> <span class='ocrx_word' id='word_1_531' title='bbox 3684 1156 3741 1204; x_wconf 83' lang='lat' dir='ltr'><strong>to</strong></span> 
     </span>
    </p>
   </div>
   <div class='ocr_carea' id='block_1_69' title="bbox 2142 1236 3735 1308">
    <p class='ocr_par' dir='ltr' id='par_1_69' title="bbox 2142 1236 3735 1308">
     <span class='ocr_line' id='line_1_69' title="bbox 2142 1236 3735 1308; baseline 0.003 -19"><span class='ocrx_word' id='word_1_532' title='bbox 2142 1252 2270 1290; x_wconf 88' lang='lat' dir='ltr'><strong>vero</strong></span> <span class='ocrx_word' id='word_1_533' title='bbox 2293 1236 2600 1291; x_wconf 68' lang='lat' dir='ltr'><strong>sanissimaz</strong></span> <span class='ocrx_word' id='word_1_534' title='bbox 2625 1240 2871 1307; x_wconf 65' lang='lat' dir='ltr'><strong>procella:</strong></span> <span class='ocrx_word' id='word_1_535' title='bbox 2886 1240 3060 1293; x_wconf 89' lang='lat' dir='ltr'><strong>adhuc</strong></span> <span class='ocrx_word' id='word_1_536' title='bbox 3080 1243 3379 1308; x_wconf 82' lang='lat' dir='ltr'><strong>expositum</strong></span> <span class='ocrx_word' id='word_1_537' title='bbox 3401 1282 3416 1306; x_wconf 94' lang='lat'><strong>,</strong></span> <span class='ocrx_word' id='word_1_538' title='bbox 3431 1248 3487 1296; x_wconf 91' lang='lat' dir='ltr'><strong>et</strong></span> <span class='ocrx_word' id='word_1_539' title='bbox 3505 1240 3735 1306; x_wconf 90' lang='lat' dir='ltr'><strong>carceri,</strong></span> 
     </span>
    </p>
   </div>
   <div class='ocr_carea' id='block_1_70' title="bbox 2141 1326 3737 1397">
    <p class='ocr_par' dir='ltr' id='par_1_70' title="bbox 2141 1326 3737 1397">
     <span class='ocr_line' id='line_1_70' title="bbox 2141 1326 3737 1397; baseline 0.004 -19"><span class='ocrx_word' id='word_1_540' title='bbox 2141 1326 2233 1394; x_wconf 89' lang='lat' dir='ltr'><strong>qui</strong></span> <span class='ocrx_word' id='word_1_541' title='bbox 2288 1328 2529 1382; x_wconf 91' lang='lat' dir='ltr'><strong>omnium</strong></span> <span class='ocrx_word' id='word_1_542' title='bbox 2582 1331 2825 1392; x_wconf 85' lang='lat' dir='ltr'><strong>profecto</strong></span> <span class='ocrx_word' id='word_1_543' title='bbox 2871 1332 3209 1385; x_wconf 90' lang='lat' dir='ltr'><strong>miserrimus</strong></span> <span class='ocrx_word' id='word_1_544' title='bbox 3258 1340 3384 1397; x_wconf 88' lang='lat' dir='ltr'><strong>est,</strong></span> <span class='ocrx_word' id='word_1_545' title='bbox 3440 1331 3737 1386; x_wconf 87' lang='lat' dir='ltr'><strong>addictum.</strong></span> 
     </span>
    </p>
   </div>
   <div class='ocr_carea' id='block_1_71' title="bbox 2141 1415 3742 1492">
    <p class='ocr_par' dir='ltr' id='par_1_71' title="bbox 2141 1415 3742 1492">
     <span class='ocr_line' id='line_1_71' title="bbox 2141 1415 3742 1492; baseline 0.003 -22"><span class='ocrx_word' id='word_1_546' title='bbox 2141 1415 2325 1486; x_wconf 86' lang='lat' dir='ltr'><strong>Neque</strong></span> <span class='ocrx_word' id='word_1_547' title='bbox 2354 1416 2495 1471; x_wconf 88' lang='lat' dir='ltr'><strong>enim</strong></span> <span class='ocrx_word' id='word_1_548' title='bbox 2526 1418 2607 1474; x_wconf 88' lang='lat' dir='ltr'><strong>his</strong></span> <span class='ocrx_word' id='word_1_549' title='bbox 2637 1421 2727 1492; x_wconf 88' lang='lat' dir='ltr'><strong>qui</strong></span> <span class='ocrx_word' id='word_1_550' title='bbox 2755 1420 2901 1475; x_wconf 90' lang='lat' dir='ltr'><strong>ferro</strong></span> <span class='ocrx_word' id='word_1_551' title='bbox 2929 1420 3089 1475; x_wconf 89' lang='lat' dir='ltr'><strong>vincti</strong></span> <span class='ocrx_word' id='word_1_552' title='bbox 3128 1429 3290 1484; x_wconf 92' lang='lat' dir='ltr'><strong>sunt,</strong></span> <span class='ocrx_word' id='word_1_553' title='bbox 3330 1421 3401 1475; x_wconf 89' lang='lat' dir='ltr'><strong>ita</strong></span> <span class='ocrx_word' id='word_1_554' title='bbox 3435 1421 3742 1492; x_wconf 80' lang='lat' dir='ltr'><strong>lacryman—</strong></span> 
     </span>
    </p>
   </div>
   <div class='ocr_carea' id='block_1_72' title="bbox 2141 1508 3739 1588">
    <p class='ocr_par' dir='ltr' id='par_1_72' title="bbox 2141 1508 3739 1588">
     <span class='ocr_line' id='line_1_72' title="bbox 2141 1508 3739 1588; baseline 0.001 -25"><span class='ocrx_word' id='word_1_555' title='bbox 2141 1508 2267 1563; x_wconf 91' lang='lat' dir='ltr'><strong>dum</strong></span> <span class='ocrx_word' id='word_1_556' title='bbox 2296 1509 2577 1564; x_wconf 86' lang='lat' dir='ltr'><strong>assercbas</strong></span> <span class='ocrx_word' id='word_1_557' title='bbox 2604 1554 2619 1577; x_wconf 97' lang='lat'><strong>,</strong></span> <span class='ocrx_word' id='word_1_558' title='bbox 2646 1521 2706 1567; x_wconf 88' lang='lat' dir='ltr'><strong>ut</strong></span> <span class='ocrx_word' id='word_1_559' title='bbox 2732 1513 2798 1568; x_wconf 89' lang='lat' dir='ltr'><strong>iis</strong></span> <span class='ocrx_word' id='word_1_560' title='bbox 2825 1554 2840 1579; x_wconf 93' lang='lat'><strong>,</strong></span> <span class='ocrx_word' id='word_1_561' title='bbox 2876 1513 2967 1588; x_wconf 88' lang='lat' dir='ltr'><strong>qui</strong></span> <span class='ocrx_word' id='word_1_562' title='bbox 3008 1510 3314 1582; x_wconf 88' lang='lat' dir='ltr'><strong>hujusmodi</strong></span> <span class='ocrx_word' id='word_1_563' title='bbox 3353 1520 3541 1567; x_wconf 88' lang='lat' dir='ltr'><strong>catena</strong></span> <span class='ocrx_word' id='word_1_564' title='bbox 3580 1511 3739 1566; x_wconf 77' lang='lat' dir='ltr'><strong>colli-</strong></span> 
     </span>
    </p>
   </div>
   <div class='ocr_carea' id='block_1_73' title="bbox 2143 1602 3737 1674">
    <p class='ocr_par' dir='ltr' id='par_1_73' title="bbox 2143 1602 3737 1674">
     <span class='ocr_line' id='line_1_73' title="bbox 2143 1602 3737 1674; baseline 0.003 -20"><span class='ocrx_word' id='word_1_565' title='bbox 2143 1603 2245 1671; x_wconf 88' lang='lat' dir='ltr'><strong>gati</strong></span> <span class='ocrx_word' id='word_1_566' title='bbox 2293 1604 2511 1659; x_wconf 89' lang='lat' dir='ltr'><strong>fuerint.</strong></span> <span class='ocrx_word' id='word_1_567' title='bbox 2559 1604 2755 1660; x_wconf 80' lang='lat' dir='ltr'><strong>Aiebas</strong></span> <span class='ocrx_word' id='word_1_568' title='bbox 2798 1613 2853 1664; x_wconf 90' lang='lat' dir='ltr'><strong>et</strong></span> <span class='ocrx_word' id='word_1_569' title='bbox 2897 1604 3043 1660; x_wconf 88' lang='lat' dir='ltr'><strong>aliud</strong></span> <span class='ocrx_word' id='word_1_570' title='bbox 3085 1619 3206 1659; x_wconf 91' lang='lat' dir='ltr'><strong>esse</strong></span> <span class='ocrx_word' id='word_1_571' title='bbox 3246 1611 3508 1674; x_wconf 72' lang='lat' dir='ltr'><strong>prmterea</strong></span> <span class='ocrx_word' id='word_1_572' title='bbox 3535 1644 3551 1671; x_wconf 91' lang='lat'><strong>,</strong></span> <span class='ocrx_word' id='word_1_573' title='bbox 3592 1602 3737 1674; x_wconf 88' lang='lat' dir='ltr'><strong>quod</strong></span> 
     </span>
    </p>
   </div>
   <div class='ocr_carea' id='block_1_74' title="bbox 2144 1694 3737 1760">
    <p class='ocr_par' dir='ltr' id='par_1_74' title="bbox 2144 1694 3737 1760">
     <span class='ocr_line' id='line_1_74' title="bbox 2144 1694 3737 1760; baseline -0.003 -7"><span class='ocrx_word' id='word_1_574' title='bbox 2144 1701 2377 1754; x_wconf 83' lang='lat' dir='ltr'><strong>maxime</strong></span> <span class='ocrx_word' id='word_1_575' title='bbox 2405 1707 2458 1753; x_wconf 93' lang='lat' dir='ltr'><strong>te</strong></span> <span class='ocrx_word' id='word_1_576' title='bbox 2484 1696 2725 1751; x_wconf 77' lang='lat' dir='ltr'><strong>turbaret.</strong></span> <span class='ocrx_word' id='word_1_577' title='bbox 2750 1714 2765 1751; x_wconf 90' lang='lat'>:</span> <span class='ocrx_word' id='word_1_578' title='bbox 2798 1697 2973 1753; x_wconf 91' lang='lat' dir='ltr'><strong>vereri</strong></span> <span class='ocrx_word' id='word_1_579' title='bbox 3000 1696 3144 1751; x_wconf 93' lang='lat' dir='ltr'><strong>enim</strong></span> <span class='ocrx_word' id='word_1_580' title='bbox 3174 1710 3241 1752; x_wconf 89' lang='lat' dir='ltr'><strong>ac</strong></span> <span class='ocrx_word' id='word_1_581' title='bbox 3270 1703 3503 1750; x_wconf 90' lang='lat' dir='ltr'><strong>tremere</strong></span> <span class='ocrx_word' id='word_1_582' title='bbox 3525 1735 3540 1760; x_wconf 90' lang='lat'><strong>,</strong></span> <span class='ocrx_word' id='word_1_583' title='bbox 3582 1710 3651 1749; x_wconf 91' lang='lat' dir='ltr'><strong>ne</strong></span> <span class='ocrx_word' id='word_1_584' title='bbox 3690 1694 3737 1749; x_wconf 90' lang='lat' dir='ltr'><strong>si</strong></span> 
     </span>
    </p>
   </div>
   <div class='ocr_carea' id='block_1_75' title="bbox 2144 1786 3730 1859">
    <p class='ocr_par' dir='ltr' id='par_1_75' title="bbox 2144 1786 3730 1859">
     <span class='ocr_line' id='line_1_75' title="bbox 2144 1786 3730 1859; baseline -0.003 -15"><span class='ocrx_word' id='word_1_585' title='bbox 2144 1792 2244 1844; x_wconf 91' lang='lat' dir='ltr'><strong>ista</strong></span> <span class='ocrx_word' id='word_1_586' title='bbox 2271 1800 2419 1859; x_wconf 86' lang='lat' dir='ltr'><strong>pater</strong></span> <span class='ocrx_word' id='word_1_587' title='bbox 2448 1788 2647 1845; x_wconf 87' lang='lat' dir='ltr'><strong>sentiat</strong></span> <span class='ocrx_word' id='word_1_588' title='bbox 2671 1828 2685 1852; x_wconf 93' lang='lat'><strong>,</strong></span> <span class='ocrx_word' id='word_1_589' title='bbox 2713 1788 2959 1844; x_wconf 80' lang='lat' dir='ltr'><strong>maximis</strong></span> <span class='ocrx_word' id='word_1_590' title='bbox 2986 1787 3195 1857; x_wconf 85' lang='lat' dir='ltr'><strong>injuriis</strong></span> <span class='ocrx_word' id='word_1_591' title='bbox 3231 1795 3391 1858; x_wconf 87' lang='lat' dir='ltr'><strong>atque</strong></span> <span class='ocrx_word' id='word_1_592' title='bbox 3426 1786 3730 1841; x_wconf 89' lang='lat' dir='ltr'><strong>incommo-</strong></span> 
     </span>
    </p>
   </div>
   <div class='ocr_carea' id='block_1_76' title="bbox 2143 1878 3739 1949">
    <p class='ocr_par' dir='ltr' id='par_1_76' title="bbox 2143 1878 3739 1949">
     <span class='ocr_line' id='line_1_76' title="bbox 2143 1878 3739 1949; baseline -0.003 -15"><span class='ocrx_word' id='word_1_593' title='bbox 2143 1881 2226 1936; x_wconf 92' lang='lat' dir='ltr'><strong>dis</strong></span> <span class='ocrx_word' id='word_1_594' title='bbox 2251 1880 2445 1934; x_wconf 83' lang='lat' dir='ltr'><strong>afficiat</strong></span> <span class='ocrx_word' id='word_1_595' title='bbox 2468 1888 2683 1934; x_wconf 91' lang='lat' dir='ltr'><strong>sanctos</strong></span> <span class='ocrx_word' id='word_1_596' title='bbox 2714 1878 2835 1932; x_wconf 86' lang='lat' dir='ltr'><strong>illos</strong></span> <span class='ocrx_word' id='word_1_597' title='bbox 2857 1918 2875 1943; x_wconf 91' lang='lat'><strong>,</strong></span> <span class='ocrx_word' id='word_1_598' title='bbox 2905 1878 2995 1949; x_wconf 92' lang='lat' dir='ltr'><strong>qui</strong></span> <span class='ocrx_word' id='word_1_599' title='bbox 3025 1887 3077 1932; x_wconf 90' lang='lat' dir='ltr'><strong>te</strong></span> <span class='ocrx_word' id='word_1_600' title='bbox 3118 1892 3148 1930; x_wconf 92' lang='lat' dir='ltr'><strong>a</strong></span> <span class='ocrx_word' id='word_1_601' title='bbox 3184 1878 3445 1946; x_wconf 89' lang='lat' dir='ltr'><strong>principio</strong></span> <span class='ocrx_word' id='word_1_602' title='bbox 3487 1890 3739 1946; x_wconf 82' lang='lat' dir='ltr'><strong>suscepe-</strong></span> 
     </span>
    </p>
   </div>
   <div class='ocr_carea' id='block_1_77' title="bbox 2142 1968 3737 2043">
    <p class='ocr_par' dir='ltr' id='par_1_77' title="bbox 2142 1968 3737 2043">
     <span class='ocr_line' id='line_1_77' title="bbox 2142 1968 3737 2043; baseline -0.005 -14"><span class='ocrx_word' id='word_1_603' title='bbox 2142 1982 2265 2029; x_wconf 92' lang='lat' dir='ltr'><strong>runt</strong></span> <span class='ocrx_word' id='word_1_604' title='bbox 2295 1992 2309 2028; x_wconf 91' lang='lat'>:</span> <span class='ocrx_word' id='word_1_605' title='bbox 2344 1976 2534 2043; x_wconf 85' lang='lat' dir='ltr'><strong>quippe</strong></span> <span class='ocrx_word' id='word_1_606' title='bbox 2561 1971 2787 2027; x_wconf 88' lang='lat' dir='ltr'><strong>summis</strong></span> <span class='ocrx_word' id='word_1_607' title='bbox 2834 1970 3036 2026; x_wconf 90' lang='lat' dir='ltr'><strong>viribus</strong></span> <span class='ocrx_word' id='word_1_608' title='bbox 3075 1978 3234 2041; x_wconf 90' lang='lat' dir='ltr'><strong>atque</strong></span> <span class='ocrx_word' id='word_1_609' title='bbox 3275 1968 3467 2039; x_wconf 91' lang='lat' dir='ltr'><strong>opibus</strong></span> <span class='ocrx_word' id='word_1_610' title='bbox 3507 1968 3737 2036; x_wconf 90' lang='lat' dir='ltr'><strong>fretum,</strong></span> 
     </span>
    </p>
   </div>
   <div class='ocr_carea' id='block_1_78' title="bbox 2140 2060 3738 2135">
    <p class='ocr_par' dir='ltr' id='par_1_78' title="bbox 2140 2060 3738 2135">
     <span class='ocr_line' id='line_1_78' title="bbox 2140 2060 3738 2135; baseline -0.005 -14"><span class='ocrx_word' id='word_1_611' title='bbox 2140 2077 2301 2135; x_wconf 91' lang='lat' dir='ltr'><strong>atque</strong></span> <span class='ocrx_word' id='word_1_612' title='bbox 2331 2065 2688 2135; x_wconf 88' lang='lat' dir='ltr'><strong>indignatione</strong></span> <span class='ocrx_word' id='word_1_613' title='bbox 2716 2063 3041 2120; x_wconf 88' lang='lat' dir='ltr'><strong>concitatum</strong></span> <span class='ocrx_word' id='word_1_614' title='bbox 3066 2103 3083 2129; x_wconf 94' lang='lat'><strong>,</strong></span> <span class='ocrx_word' id='word_1_615' title='bbox 3126 2068 3318 2116; x_wconf 86' lang='lat' dir='ltr'><strong>cuncta</strong></span> <span class='ocrx_word' id='word_1_616' title='bbox 3353 2060 3612 2114; x_wconf 86' lang='lat' dir='ltr'><strong>adversus</strong></span> <span class='ocrx_word' id='word_1_617' title='bbox 3644 2073 3738 2113; x_wconf 86' lang='lat' dir='ltr'><strong>eos</strong></span> 
     </span>
    </p>
   </div>
   <div class='ocr_carea' id='block_1_79' title="bbox 2140 2152 3740 2228">
    <p class='ocr_par' dir='ltr' id='par_1_79' title="bbox 2140 2152 3740 2228">
     <span class='ocr_line' id='line_1_79' title="bbox 2140 2152 3740 2228; baseline -0.006 -14"><span class='ocrx_word' id='word_1_618' title='bbox 2140 2175 2417 2226; x_wconf 85' lang='lat' dir='ltr'><strong>ausurum,</strong></span> <span class='ocrx_word' id='word_1_619' title='bbox 2447 2169 2501 2213; x_wconf 90' lang='lat' dir='ltr'><strong>et</strong></span> <span class='ocrx_word' id='word_1_620' title='bbox 2550 2159 2676 2212; x_wconf 90' lang='lat' dir='ltr'><strong>nulli</strong></span> <span class='ocrx_word' id='word_1_621' title='bbox 2728 2157 3053 2228; x_wconf 89' lang='lat' dir='ltr'><strong>parciturum</strong></span> <span class='ocrx_word' id='word_1_622' title='bbox 3098 2154 3363 2221; x_wconf 89' lang='lat' dir='ltr'><strong>vindiciis,</strong></span> <span class='ocrx_word' id='word_1_623' title='bbox 3396 2169 3463 2208; x_wconf 92' lang='lat' dir='ltr'><strong>ex</strong></span> <span class='ocrx_word' id='word_1_624' title='bbox 3514 2152 3619 2207; x_wconf 90' lang='lat' dir='ltr'><strong>illis</strong></span> <span class='ocrx_word' id='word_1_625' title='bbox 3647 2152 3740 2221; x_wconf 91' lang='lat' dir='ltr'><strong>qui</strong></span> 
     </span>
    </p>
   </div>
   <div class='ocr_carea' id='block_1_80' title="bbox 2142 2244 3743 2316">
    <p class='ocr_par' dir='ltr' id='par_1_80' title="bbox 2142 2244 3743 2316">
     <span class='ocr_line' id='line_1_80' title="bbox 2142 2244 3743 2316; baseline -0.006 -12"><span class='ocrx_word' id='word_1_626' title='bbox 2142 2251 2241 2304; x_wconf 90' lang='lat' dir='ltr'><strong>sibi</strong></span> <span class='ocrx_word' id='word_1_627' title='bbox 2287 2248 2608 2305; x_wconf 88' lang='lat' dir='ltr'><strong>occurrerit.</strong></span> <span class='ocrx_word' id='word_1_628' title='bbox 2648 2247 2716 2302; x_wconf 89' lang='lat' dir='ltr'><strong>Et</strong></span> <span class='ocrx_word' id='word_1_629' title='bbox 2761 2248 3017 2302; x_wconf 85' lang='lat' dir='ltr'><strong>hactenus</strong></span> <span class='ocrx_word' id='word_1_630' title='bbox 3068 2246 3285 2316; x_wconf 88' lang='lat' dir='ltr'><strong>quidem</strong></span> <span class='ocrx_word' id='word_1_631' title='bbox 3338 2244 3576 2314; x_wconf 91' lang='lat' dir='ltr'><strong>potuisse</strong></span> <span class='ocrx_word' id='word_1_632' title='bbox 3627 2258 3743 2296; x_wconf 88' lang='lat' dir='ltr'><strong>ma-</strong></span> 
     </span>
    </p>
   </div>
   <div class='ocr_carea' id='block_1_81' title="bbox 2144 2336 3742 2410">
    <p class='ocr_par' dir='ltr' id='par_1_81' title="bbox 2144 2336 3742 2410">
     <span class='ocr_line' id='line_1_81' title="bbox 2144 2336 3742 2410; baseline -0.005 -15"><span class='ocrx_word' id='word_1_633' title='bbox 2144 2351 2276 2396; x_wconf 85' lang='lat' dir='ltr'><strong>trem</strong></span> <span class='ocrx_word' id='word_1_634' title='bbox 2323 2357 2437 2397; x_wconf 91' lang='lat' dir='ltr'><strong>rem</strong></span> <span class='ocrx_word' id='word_1_635' title='bbox 2480 2350 2684 2410; x_wconf 81' lang='lat' dir='ltr'><strong>gestam</strong></span> <span class='ocrx_word' id='word_1_636' title='bbox 2730 2339 2931 2393; x_wconf 84' lang='lat' dir='ltr'><strong>notitiae</strong></span> <span class='ocrx_word' id='word_1_637' title='bbox 2970 2339 3137 2407; x_wconf 89' lang='lat' dir='ltr'><strong>patris</strong></span> <span class='ocrx_word' id='word_1_638' title='bbox 3190 2336 3490 2391; x_wconf 89' lang='lat' dir='ltr'><strong>subducere</strong></span> <span class='ocrx_word' id='word_1_639' title='bbox 3515 2374 3533 2400; x_wconf 86' lang='lat'><strong>,</strong></span> <span class='ocrx_word' id='word_1_640' title='bbox 3578 2348 3742 2403; x_wconf 85' lang='lat' dir='ltr'><strong>repu-</strong></span> 
     </span>
    </p>
   </div>
   <div class='ocr_carea' id='block_1_82' title="bbox 2143 2425 3743 2501">
    <p class='ocr_par' dir='ltr' id='par_1_82' title="bbox 2143 2425 3743 2501">
     <span class='ocr_line' id='line_1_82' title="bbox 2143 2425 3743 2501; baseline -0.005 -14"><span class='ocrx_word' id='word_1_641' title='bbox 2143 2433 2375 2501; x_wconf 90' lang='lat' dir='ltr'><strong>lisseque</strong></span> <span class='ocrx_word' id='word_1_642' title='bbox 2413 2432 2563 2486; x_wconf 90' lang='lat' dir='ltr'><strong>illum</strong></span> <span class='ocrx_word' id='word_1_643' title='bbox 2600 2444 2747 2499; x_wconf 72' lang='lat' dir='ltr'><strong>sazpe</strong></span> <span class='ocrx_word' id='word_1_644' title='bbox 2771 2471 2787 2497; x_wconf 93' lang='lat'><strong>,</strong></span> <span class='ocrx_word' id='word_1_645' title='bbox 2816 2444 2936 2484; x_wconf 92' lang='lat' dir='ltr'><strong>cum</strong></span> <span class='ocrx_word' id='word_1_646' title='bbox 2966 2428 3034 2484; x_wconf 92' lang='lat' dir='ltr'><strong>de</strong></span> <span class='ocrx_word' id='word_1_647' title='bbox 3058 2438 3113 2483; x_wconf 92' lang='lat' dir='ltr'><strong>te</strong></span> <span class='ocrx_word' id='word_1_648' title='bbox 3142 2428 3434 2498; x_wconf 87' lang='lat' dir='ltr'><strong>inquireret</strong></span> <span class='ocrx_word' id='word_1_649' title='bbox 3462 2442 3477 2480; x_wconf 88' lang='lat'><strong>:</strong></span> <span class='ocrx_word' id='word_1_650' title='bbox 3510 2425 3624 2481; x_wconf 91' lang='lat' dir='ltr'><strong>fore</strong></span> <span class='ocrx_word' id='word_1_651' title='bbox 3644 2440 3743 2479; x_wconf 72' lang='grc' dir='ltr'><strong>ειυ-</strong></span> 
     </span>
    </p>
   </div>
   <div class='ocr_carea' id='block_1_83' title="bbox 2146 2515 3740 2593">
    <p class='ocr_par' dir='ltr' id='par_1_83' title="bbox 2146 2515 3740 2593">
     <span class='ocr_line' id='line_1_83' title="bbox 2146 2515 3740 2593; baseline -0.004 -15"><span class='ocrx_word' id='word_1_652' title='bbox 2146 2534 2252 2578; x_wconf 91' lang='lat' dir='ltr'><strong>tem</strong></span> <span class='ocrx_word' id='word_1_653' title='bbox 2293 2532 2351 2577; x_wconf 91' lang='lat' dir='ltr'><strong>ut</strong></span> <span class='ocrx_word' id='word_1_654' title='bbox 2396 2538 2647 2593; x_wconf 88' lang='lat' dir='ltr'><strong>processu</strong></span> <span class='ocrx_word' id='word_1_655' title='bbox 2692 2522 2949 2591; x_wconf 88' lang='lat' dir='ltr'><strong>temporis</strong></span> <span class='ocrx_word' id='word_1_656' title='bbox 2981 2518 3411 2589; x_wconf 89' lang='lat' dir='ltr'><strong>deprehendatur</strong></span> <span class='ocrx_word' id='word_1_657' title='bbox 3437 2526 3591 2572; x_wconf 89' lang='lat' dir='ltr'><strong>cauta</strong></span> <span class='ocrx_word' id='word_1_658' title='bbox 3622 2515 3740 2571; x_wconf 78' lang='lat' dir='ltr'><strong>bace</strong></span> 
     </span>
    </p>
   </div>
   <div class='ocr_carea' id='block_1_84' title="bbox 2145 2606 3741 2681">
    <p class='ocr_par' dir='ltr' id='par_1_84' title="bbox 2145 2606 3741 2681">
     <span class='ocr_line' id='line_1_84' title="bbox 2145 2606 3741 2681; baseline -0.005 -12"><span class='ocrx_word' id='word_1_659' title='bbox 2145 2614 2333 2669; x_wconf 85' lang='lat' dir='ltr'><strong>matris</strong></span> <span class='ocrx_word' id='word_1_660' title='bbox 2376 2614 2682 2678; x_wconf 90' lang='lat' dir='ltr'><strong>simulatio,</strong></span> <span class='ocrx_word' id='word_1_661' title='bbox 2716 2612 2932 2681; x_wconf 90' lang='lat' dir='ltr'><strong>jamque</strong></span> <span class='ocrx_word' id='word_1_662' title='bbox 2978 2611 3069 2665; x_wconf 92' lang='lat' dir='ltr'><strong>ille</strong></span> <span class='ocrx_word' id='word_1_663' title='bbox 3108 2619 3162 2665; x_wconf 94' lang='lat' dir='ltr'><strong>et</strong></span> <span class='ocrx_word' id='word_1_664' title='bbox 3205 2609 3306 2678; x_wconf 81' lang='lat' dir='ltr'><strong>ipsi</strong></span> <span class='ocrx_word' id='word_1_665' title='bbox 3357 2618 3411 2664; x_wconf 91' lang='lat' dir='ltr'><strong>et</strong></span> <span class='ocrx_word' id='word_1_666' title='bbox 3462 2606 3741 2662; x_wconf 83' lang='lat' dir='ltr'><strong>monachis</strong></span> 
     </span>
    </p>
   </div>
   <div class='ocr_carea' id='block_1_85' title="bbox 2142 2699 3743 2770">
    <p class='ocr_par' dir='ltr' id='par_1_85' title="bbox 2142 2699 3743 2770">
     <span class='ocr_line' id='line_1_85' title="bbox 2142 2699 3743 2770; baseline -0.004 -13"><span class='ocrx_word' id='word_1_667' title='bbox 2142 2704 2407 2758; x_wconf 87' lang='lat' dir='ltr'><strong>acerrime</strong></span> <span class='ocrx_word' id='word_1_668' title='bbox 2454 2702 2749 2757; x_wconf 89' lang='lat' dir='ltr'><strong>immineat.</strong></span> <span class='ocrx_word' id='word_1_669' title='bbox 2801 2702 3080 2756; x_wconf 81' lang='lat' dir='ltr'><strong>Postremo</strong></span> <span class='ocrx_word' id='word_1_670' title='bbox 3123 2700 3267 2770; x_wconf 92' lang='lat' dir='ltr'><strong>quod</strong></span> <span class='ocrx_word' id='word_1_671' title='bbox 3332 2699 3573 2754; x_wconf 88' lang='lat' dir='ltr'><strong>omnium</strong></span> <span class='ocrx_word' id='word_1_672' title='bbox 3628 2713 3743 2752; x_wconf 82' lang='lat' dir='ltr'><strong>ma-</strong></span> 
     </span>
    </p>
   </div>
   <div class='ocr_carea' id='block_1_86' title="bbox 2145 2790 3741 2866">
    <p class='ocr_par' dir='ltr' id='par_1_86' title="bbox 2145 2790 3741 2866">
     <span class='ocr_line' id='line_1_86' title="bbox 2145 2790 3741 2866; baseline -0.004 -15"><span class='ocrx_word' id='word_1_673' title='bbox 2145 2796 2320 2851; x_wconf 92' lang='lat' dir='ltr'><strong>lorum</strong></span> <span class='ocrx_word' id='word_1_674' title='bbox 2382 2810 2693 2866; x_wconf 90' lang='lat' dir='ltr'><strong>supremum</strong></span> <span class='ocrx_word' id='word_1_675' title='bbox 2733 2794 2945 2849; x_wconf 87' lang='lat' dir='ltr'><strong>culmen</strong></span> <span class='ocrx_word' id='word_1_676' title='bbox 2990 2802 3109 2859; x_wconf 89' lang='lat' dir='ltr'><strong>est,</strong></span> <span class='ocrx_word' id='word_1_677' title='bbox 3162 2792 3359 2847; x_wconf 90' lang='lat' dir='ltr'><strong>nullam</strong></span> <span class='ocrx_word' id='word_1_678' title='bbox 3404 2790 3496 2845; x_wconf 91' lang='lat' dir='ltr'><strong>tibi</strong></span> <span class='ocrx_word' id='word_1_679' title='bbox 3539 2798 3741 2845; x_wconf 84' lang='lat' dir='ltr'><strong>certam</strong></span> 
     </span>
    </p>
   </div>
   <div class='ocr_carea' id='block_1_87' title="bbox 2144 2883 3741 2951">
    <p class='ocr_par' dir='ltr' id='par_1_87' title="bbox 2144 2883 3741 2951">
     <span class='ocr_line' id='line_1_87' title="bbox 2144 2883 3741 2951; baseline -0.006 -8"><span class='ocrx_word' id='word_1_680' title='bbox 2144 2903 2265 2945; x_wconf 87' lang='lat' dir='ltr'><strong>esse</strong></span> <span class='ocrx_word' id='word_1_681' title='bbox 2316 2885 2615 2941; x_wconf 89' lang='lat' dir='ltr'><strong>futurorum</strong></span> <span class='ocrx_word' id='word_1_682' title='bbox 2660 2884 3039 2941; x_wconf 74' lang='lat' dir='ltr'><strong>confidentiam</strong></span> <span class='ocrx_word' id='word_1_683' title='bbox 3082 2883 3336 2947; x_wconf 86' lang='lat' dir='ltr'><strong>dicebas,</strong></span> <span class='ocrx_word' id='word_1_684' title='bbox 3366 2895 3538 2951; x_wconf 90' lang='lat' dir='ltr'><strong>neque</strong></span> <span class='ocrx_word' id='word_1_685' title='bbox 3580 2895 3741 2950; x_wconf 86' lang='lat' dir='ltr'><strong>aper-</strong></span> 
     </span>
    </p>
   </div>
   <div class='ocr_carea' id='block_1_88' title="bbox 2142 2970 3737 3046">
    <p class='ocr_par' dir='ltr' id='par_1_88' title="bbox 2142 2970 3737 3046">
     <span class='ocr_line' id='line_1_88' title="bbox 2142 2970 3737 3046; baseline -0.005 -14"><span class='ocrx_word' id='word_1_686' title='bbox 2142 2979 2247 3033; x_wconf 92' lang='lat' dir='ltr'><strong>tius</strong></span> <span class='ocrx_word' id='word_1_687' title='bbox 2294 2978 2473 3044; x_wconf 91' lang='lat' dir='ltr'><strong>scire,</strong></span> <span class='ocrx_word' id='word_1_688' title='bbox 2517 2978 2562 3031; x_wconf 93' lang='lat' dir='ltr'><strong>si</strong></span> <span class='ocrx_word' id='word_1_689' title='bbox 2605 2975 2820 3046; x_wconf 89' lang='lat' dir='ltr'><strong>quando</strong></span> <span class='ocrx_word' id='word_1_690' title='bbox 2864 2973 3040 3028; x_wconf 88' lang='lat' dir='ltr'><strong>futura</strong></span> <span class='ocrx_word' id='word_1_691' title='bbox 3082 2973 3151 3027; x_wconf 93' lang='lat' dir='ltr'><strong>sit</strong></span> <span class='ocrx_word' id='word_1_692' title='bbox 3204 2971 3377 3026; x_wconf 90' lang='lat' dir='ltr'><strong>morbi</strong></span> <span class='ocrx_word' id='word_1_693' title='bbox 3434 2970 3595 3041; x_wconf 89' lang='lat' dir='ltr'><strong>hujus</strong></span> <span class='ocrx_word' id='word_1_694' title='bbox 3641 2971 3737 3024; x_wconf 82' lang='lat' dir='ltr'><strong>ab-</strong></span> 
     </span>
    </p>
   </div>
   <div class='ocr_carea' id='block_1_89' title="bbox 2143 3063 3739 3137">
    <p class='ocr_par' dir='ltr' id='par_1_89' title="bbox 2143 3063 3739 3137">
     <span class='ocr_line' id='line_1_89' title="bbox 2143 3063 3739 3137; baseline -0.004 -15"><span class='ocrx_word' id='word_1_695' title='bbox 2143 3068 2339 3122; x_wconf 89' lang='lat' dir='ltr'><strong>solutio</strong></span> <span class='ocrx_word' id='word_1_696' title='bbox 2364 3075 2523 3137; x_wconf 90' lang='lat' dir='ltr'><strong>atque</strong></span> <span class='ocrx_word' id='word_1_697' title='bbox 2552 3067 2795 3121; x_wconf 91' lang='lat' dir='ltr'><strong>liberatio</strong></span> <span class='ocrx_word' id='word_1_698' title='bbox 2820 3107 2835 3131; x_wconf 90' lang='lat'><strong>,</strong></span> <span class='ocrx_word' id='word_1_699' title='bbox 2863 3080 2982 3119; x_wconf 87' lang='lat' dir='ltr'><strong>cum</strong></span> <span class='ocrx_word' id='word_1_700' title='bbox 3007 3105 3024 3131; x_wconf 90' lang='lat'><strong>,</strong></span> <span class='ocrx_word' id='word_1_701' title='bbox 3071 3064 3268 3135; x_wconf 70' lang='lat' dir='ltr'><strong>sacpius</strong></span> <span class='ocrx_word' id='word_1_702' title='bbox 3316 3063 3416 3119; x_wconf 88' lang='lat' dir='ltr'><strong>bac</strong></span> <span class='ocrx_word' id='word_1_703' title='bbox 3458 3070 3739 3132; x_wconf 85' lang='lat' dir='ltr'><strong>exspecta-</strong></span> 
     </span>
    </p>
   </div>
   <div class='ocr_carea' id='block_1_90' title="bbox 2145 3154 3737 3224">
    <p class='ocr_par' dir='ltr' id='par_1_90' title="bbox 2145 3154 3737 3224">
     <span class='ocr_line' id='line_1_90' title="bbox 2145 3154 3737 3224; baseline -0.003 -10"><span class='ocrx_word' id='word_1_704' title='bbox 2145 3158 2289 3214; x_wconf 90' lang='lat' dir='ltr'><strong>tione</strong></span> <span class='ocrx_word' id='word_1_705' title='bbox 2318 3158 2496 3212; x_wconf 90' lang='lat' dir='ltr'><strong>hahita</strong></span> <span class='ocrx_word' id='word_1_706' title='bbox 2521 3198 2536 3224; x_wconf 93' lang='lat'><strong>,</strong></span> <span class='ocrx_word' id='word_1_707' title='bbox 2567 3172 2751 3212; x_wconf 90' lang='lat' dir='ltr'><strong>rursus</strong></span> <span class='ocrx_word' id='word_1_708' title='bbox 2782 3158 2834 3211; x_wconf 93' lang='lat' dir='ltr'><strong>in</strong></span> <span class='ocrx_word' id='word_1_709' title='bbox 2864 3157 3113 3213; x_wconf 87' lang='lat' dir='ltr'><strong>eamdem</strong></span> <span class='ocrx_word' id='word_1_710' title='bbox 3154 3156 3423 3211; x_wconf 90' lang='lat' dir='ltr'><strong>miseriam</strong></span> <span class='ocrx_word' id='word_1_711' title='bbox 3464 3154 3737 3210; x_wconf 88' lang='lat' dir='ltr'><strong>incideris.</strong></span> 
     </span>
    </p>
   </div>
   <div class='ocr_carea' id='block_1_91' title="bbox 2145 3246 3741 3319">
    <p class='ocr_par' dir='ltr' id='par_1_91' title="bbox 2145 3246 3741 3319">
     <span class='ocr_line' id='line_1_91' title="bbox 2145 3246 3741 3319; baseline -0.004 -15"><span class='ocrx_word' id='word_1_712' title='bbox 2145 3249 2292 3304; x_wconf 86' lang='lat' dir='ltr'><strong>Talia</strong></span> <span class='ocrx_word' id='word_1_713' title='bbox 2321 3259 2448 3304; x_wconf 90' lang='lat' dir='ltr'><strong>sunt</strong></span> <span class='ocrx_word' id='word_1_714' title='bbox 2478 3248 2716 3319; x_wconf 85' lang='lat' dir='ltr'><strong>profecto</strong></span> <span class='ocrx_word' id='word_1_715' title='bbox 2747 3248 2847 3303; x_wconf 76' lang='lat' dir='ltr'><strong>ista</strong></span> <span class='ocrx_word' id='word_1_716' title='bbox 2872 3289 2888 3315; x_wconf 95' lang='lat'><strong>,</strong></span> <span class='ocrx_word' id='word_1_717' title='bbox 2921 3264 3039 3316; x_wconf 81' lang='lat' dir='ltr'><strong>qua:</strong></span> <span class='ocrx_word' id='word_1_718' title='bbox 3067 3248 3303 3301; x_wconf 90' lang='lat' dir='ltr'><strong>animum</strong></span> <span class='ocrx_word' id='word_1_719' title='bbox 3344 3246 3578 3301; x_wconf 81' lang='lat' dir='ltr'><strong>maxime</strong></span> <span class='ocrx_word' id='word_1_720' title='bbox 3618 3260 3741 3315; x_wconf 81' lang='lat' dir='ltr'><strong>per-</strong></span> 
     </span>
    </p>
   </div>
   <div class='ocr_carea' id='block_1_92' title="bbox 2143 3334 3740 3411">
    <p class='ocr_par' dir='ltr' id='par_1_92' title="bbox 2143 3334 3740 3411">
     <span class='ocr_line' id='line_1_92' title="bbox 2143 3334 3740 3411; baseline -0.003 -15"><span class='ocrx_word' id='word_1_721' title='bbox 2143 3341 2360 3397; x_wconf 90' lang='lat' dir='ltr'><strong>turbare</strong></span> <span class='ocrx_word' id='word_1_722' title='bbox 2412 3342 2656 3411; x_wconf 80' lang='lat' dir='ltr'><strong>possint,</strong></span> <span class='ocrx_word' id='word_1_723' title='bbox 2701 3341 3009 3411; x_wconf 89' lang='lat' dir='ltr'><strong>ingentique</strong></span> <span class='ocrx_word' id='word_1_724' title='bbox 3048 3340 3268 3408; x_wconf 89' lang='lat' dir='ltr'><strong>implere</strong></span> <span class='ocrx_word' id='word_1_725' title='bbox 3326 3338 3592 3403; x_wconf 89' lang='lat' dir='ltr'><strong>tumultu,</strong></span> <span class='ocrx_word' id='word_1_726' title='bbox 3640 3334 3740 3391; x_wconf 84' lang='lat' dir='ltr'><strong>sed</strong></span> 
     </span>
    </p>
   </div>
   <div class='ocr_carea' id='block_1_93' title="bbox 2142 3426 3742 3499">
    <p class='ocr_par' dir='ltr' id='par_1_93' title="bbox 2142 3426 3742 3499">
     <span class='ocr_line' id='line_1_93' title="bbox 2142 3426 3742 3499; baseline -0.002 -14"><span class='ocrx_word' id='word_1_727' title='bbox 2142 3432 2378 3485; x_wconf 78' lang='lat' dir='ltr'><strong>animant</strong></span> <span class='ocrx_word' id='word_1_728' title='bbox 2410 3432 2691 3486; x_wconf 91' lang='lat' dir='ltr'><strong>remissum</strong></span> <span class='ocrx_word' id='word_1_729' title='bbox 2717 3472 2733 3496; x_wconf 96' lang='lat'><strong>,</strong></span> <span class='ocrx_word' id='word_1_730' title='bbox 2766 3430 3073 3499; x_wconf 93' lang='lat' dir='ltr'><strong>imperitum</strong></span> <span class='ocrx_word' id='word_1_731' title='bbox 3112 3444 3176 3483; x_wconf 91' lang='lat' dir='ltr'><strong>ac</strong></span> <span class='ocrx_word' id='word_1_732' title='bbox 3213 3426 3475 3483; x_wconf 84' lang='lat' dir='ltr'><strong>desidem.</strong></span> <span class='ocrx_word' id='word_1_733' title='bbox 3503 3428 3575 3481; x_wconf 78' lang='lat' dir='ltr'><strong>At</strong></span> <span class='ocrx_word' id='word_1_734' title='bbox 3611 3436 3742 3483; x_wconf 77' lang='lat' dir='ltr'><strong>vero</strong></span> 
     </span>
    </p>
   </div>
   <div class='ocr_carea' id='block_1_94' title="bbox 2146 3521 3740 3593">
    <p class='ocr_par' dir='ltr' id='par_1_94' title="bbox 2146 3521 3740 3593">
     <span class='ocr_line' id='line_1_94' title="bbox 2146 3521 3740 3593; baseline -0.002 -16"><span class='ocrx_word' id='word_1_735' title='bbox 2146 3538 2243 3577; x_wconf 90' lang='lat' dir='ltr'><strong>nos</strong></span> <span class='ocrx_word' id='word_1_736' title='bbox 2273 3523 2315 3577; x_wconf 92' lang='lat' dir='ltr'><strong>si</strong></span> <span class='ocrx_word' id='word_1_737' title='bbox 2345 3524 2647 3593; x_wconf 89' lang='lat' dir='ltr'><strong>perspicere</strong></span> <span class='ocrx_word' id='word_1_738' title='bbox 2674 3522 2947 3593; x_wconf 90' lang='lat' dir='ltr'><strong>paululum</strong></span> <span class='ocrx_word' id='word_1_739' title='bbox 2978 3521 3305 3576; x_wconf 89' lang='lat' dir='ltr'><strong>voluerimus</strong></span> <span class='ocrx_word' id='word_1_740' title='bbox 3324 3564 3337 3585; x_wconf 91' lang='lat'><strong>,</strong></span> <span class='ocrx_word' id='word_1_741' title='bbox 3361 3521 3740 3591; x_wconf 81' lang='lat' dir='ltr'><strong>cogitationes-</strong></span> 
     </span>
    </p>
   </div>
   <div class='ocr_carea' id='block_1_95' title="bbox 2144 3610 3740 3685">
    <p class='ocr_par' dir='ltr' id='par_1_95' title="bbox 2144 3610 3740 3685">
     <span class='ocr_line' id='line_1_95' title="bbox 2144 3610 3740 3685; baseline -0.003 -17"><span class='ocrx_word' id='word_1_742' title='bbox 2144 3631 2248 3685; x_wconf 91' lang='lat' dir='ltr'><strong>que</strong></span> <span class='ocrx_word' id='word_1_743' title='bbox 2278 3615 2390 3685; x_wconf 91' lang='lat' dir='ltr'><strong>pias</strong></span> <span class='ocrx_word' id='word_1_744' title='bbox 2419 3614 2727 3681; x_wconf 85' lang='lat' dir='ltr'><strong>admovere,</strong></span> <span class='ocrx_word' id='word_1_745' title='bbox 2771 3614 2869 3668; x_wconf 90' lang='lat' dir='ltr'><strong>has</strong></span> <span class='ocrx_word' id='word_1_746' title='bbox 2913 3628 3101 3667; x_wconf 92' lang='lat' dir='ltr'><strong>omnes</strong></span> <span class='ocrx_word' id='word_1_747' title='bbox 3132 3612 3377 3667; x_wconf 66' lang='lat' dir='ltr'><strong>maeroris</strong></span> <span class='ocrx_word' id='word_1_748' title='bbox 3406 3626 3595 3664; x_wconf 91' lang='lat' dir='ltr'><strong>causas</strong></span> <span class='ocrx_word' id='word_1_749' title='bbox 3624 3610 3740 3663; x_wconf 84' lang='lat' dir='ltr'><strong>vel-</strong></span> 
     </span>
    </p>
   </div>
   <div class='ocr_carea' id='block_1_96' title="bbox 2144 3702 3741 3775">
    <p class='ocr_par' dir='ltr' id='par_1_96' title="bbox 2144 3702 3741 3775">
     <span class='ocr_line' id='line_1_96' title="bbox 2144 3702 3741 3775; baseline -0.003 -15"><span class='ocrx_word' id='word_1_750' title='bbox 2144 3706 2220 3760; x_wconf 93' lang='lat' dir='ltr'><strong>uti</strong></span> <span class='ocrx_word' id='word_1_751' title='bbox 2268 3706 2635 3760; x_wconf 89' lang='lat' dir='ltr'><strong>tenuissimum</strong></span> <span class='ocrx_word' id='word_1_752' title='bbox 2666 3706 2939 3775; x_wconf 90' lang='lat' dir='ltr'><strong>pulverem</strong></span> <span class='ocrx_word' id='word_1_753' title='bbox 2976 3703 3327 3759; x_wconf 72' lang='lat' dir='ltr'><strong>excutiemus.</strong></span> <span class='ocrx_word' id='word_1_754' title='bbox 3377 3702 3519 3757; x_wconf 88' lang='lat' dir='ltr'><strong>Cave</strong></span> <span class='ocrx_word' id='word_1_755' title='bbox 3560 3710 3741 3756; x_wconf 86' lang='lat' dir='ltr'><strong>autem</strong></span> 
     </span>
    </p>
   </div>
   <div class='ocr_carea' id='block_1_97' title="bbox 2145 3792 3738 3867">
    <p class='ocr_par' dir='ltr' id='par_1_97' title="bbox 2145 3792 3738 3867">
     <span class='ocr_line' id='line_1_97' title="bbox 2145 3792 3738 3867; baseline -0.004 -17"><span class='ocrx_word' id='word_1_756' title='bbox 2145 3805 2298 3867; x_wconf 91' lang='lat' dir='ltr'><strong>putes</strong></span> <span class='ocrx_word' id='word_1_757' title='bbox 2329 3811 2417 3851; x_wconf 91' lang='lat' dir='ltr'><strong>me</strong></span> <span class='ocrx_word' id='word_1_758' title='bbox 2456 3797 2618 3851; x_wconf 92' lang='lat' dir='ltr'><strong>modo</strong></span> <span class='ocrx_word' id='word_1_759' title='bbox 2650 3798 2749 3850; x_wconf 89' lang='lat' dir='ltr'><strong>ista</strong></span> <span class='ocrx_word' id='word_1_760' title='bbox 2780 3796 2979 3851; x_wconf 89' lang='lat' dir='ltr'><strong>idcirco</strong></span> <span class='ocrx_word' id='word_1_761' title='bbox 3010 3804 3151 3849; x_wconf 90' lang='lat' dir='ltr'><strong>tanta</strong></span> <span class='ocrx_word' id='word_1_762' title='bbox 3180 3792 3431 3848; x_wconf 73' lang='lat' dir='ltr'><strong>facilitate</strong></span> <span class='ocrx_word' id='word_1_763' title='bbox 3456 3792 3697 3863; x_wconf 90' lang='lat' dir='ltr'><strong>polliceri</strong></span> <span class='ocrx_word' id='word_1_764' title='bbox 3721 3832 3738 3855; x_wconf 93' lang='lat'><strong>,</strong></span> 
     </span>
    </p>
   </div>
   <div class='ocr_carea' id='block_1_98' title="bbox 2143 3882 3743 3957">
    <p class='ocr_par' dir='ltr' id='par_1_98' title="bbox 2143 3882 3743 3957">
     <span class='ocr_line' id='line_1_98' title="bbox 2143 3882 3743 3957; baseline -0.003 -16"><span class='ocrx_word' id='word_1_765' title='bbox 2143 3886 2285 3957; x_wconf 93' lang='lat' dir='ltr'><strong>quod</strong></span> <span class='ocrx_word' id='word_1_766' title='bbox 2312 3897 2463 3942; x_wconf 82' lang='lat' dir='ltr'><strong>extra</strong></span> <span class='ocrx_word' id='word_1_767' title='bbox 2494 3888 2737 3942; x_wconf 91' lang='lat' dir='ltr'><strong>dolorem</strong></span> <span class='ocrx_word' id='word_1_768' title='bbox 2772 3890 2914 3941; x_wconf 91' lang='lat' dir='ltr'><strong>hunc</strong></span> <span class='ocrx_word' id='word_1_769' title='bbox 2956 3885 3353 3955; x_wconf 88' lang='lat' dir='ltr'><strong>procellamqne</strong></span> <span class='ocrx_word' id='word_1_770' title='bbox 3390 3897 3595 3939; x_wconf 89' lang='lat' dir='ltr'><strong>verser.</strong></span> <span class='ocrx_word' id='word_1_771' title='bbox 3630 3882 3743 3937; x_wconf 86' lang='lat' dir='ltr'><strong>Etsi</strong></span> 
     </span>
    </p>
   </div>
   <div class='ocr_carea' id='block_1_99' title="bbox 2145 3975 3737 4050">
    <p class='ocr_par' dir='ltr' id='par_1_99' title="bbox 2145 3975 3737 4050">
     <span class='ocr_line' id='line_1_99' title="bbox 2145 3975 3737 4050; baseline -0.005 -16"><span class='ocrx_word' id='word_1_772' title='bbox 2145 3979 2286 4034; x_wconf 87' lang='lat' dir='ltr'><strong>enim</strong></span> <span class='ocrx_word' id='word_1_773' title='bbox 2312 3979 2627 4050; x_wconf 88' lang='lat' dir='ltr'><strong>quibusdam</strong></span> <span class='ocrx_word' id='word_1_774' title='bbox 2661 3978 2903 4033; x_wconf 89' lang='lat' dir='ltr'><strong>fortassis</strong></span> <span class='ocrx_word' id='word_1_775' title='bbox 2932 3977 3259 4032; x_wconf 90' lang='lat' dir='ltr'><strong>incredibilia</strong></span> <span class='ocrx_word' id='word_1_776' title='bbox 3287 3975 3468 4031; x_wconf 89' lang='lat' dir='ltr'><strong>dicere</strong></span> <span class='ocrx_word' id='word_1_777' title='bbox 3491 3975 3737 4041; x_wconf 90' lang='lat' dir='ltr'><strong>videbor,</strong></span> 
     </span>
    </p>
   </div>
   <div class='ocr_carea' id='block_1_100' title="bbox 2146 4064 3741 4137">
    <p class='ocr_par' dir='ltr' id='par_1_100' title="bbox 2146 4064 3741 4137">
     <span class='ocr_line' id='line_1_100' title="bbox 2146 4064 3741 4137; baseline -0.005 -11"><span class='ocrx_word' id='word_1_778' title='bbox 2146 4070 2321 4126; x_wconf 86' lang='lat' dir='ltr'><strong>dicam</strong></span> <span class='ocrx_word' id='word_1_779' title='bbox 2354 4079 2530 4123; x_wconf 82' lang='lat' dir='ltr'><strong>tanien</strong></span> <span class='ocrx_word' id='word_1_780' title='bbox 2561 4086 2573 4120; x_wconf 91' lang='lat'><strong>:</strong></span> <span class='ocrx_word' id='word_1_781' title='bbox 2608 4083 2781 4137; x_wconf 91' lang='lat' dir='ltr'><strong>neque</strong></span> <span class='ocrx_word' id='word_1_782' title='bbox 2806 4068 2947 4122; x_wconf 89' lang='lat' dir='ltr'><strong>enim</strong></span> <span class='ocrx_word' id='word_1_783' title='bbox 2969 4081 3091 4122; x_wconf 92' lang='lat' dir='ltr'><strong>cum</strong></span> <span class='ocrx_word' id='word_1_784' title='bbox 3117 4066 3335 4137; x_wconf 89' lang='lat' dir='ltr'><strong>reliquis</strong></span> <span class='ocrx_word' id='word_1_785' title='bbox 3366 4074 3423 4119; x_wconf 95' lang='lat' dir='ltr'><strong>tu</strong></span> <span class='ocrx_word' id='word_1_786' title='bbox 3447 4064 3578 4119; x_wconf 89' lang='lat' dir='ltr'><strong>mihi</strong></span> <span class='ocrx_word' id='word_1_787' title='bbox 3607 4078 3741 4135; x_wconf 83' lang='lat' dir='ltr'><strong>quo-</strong></span> 
     </span>
    </p>
   </div>
   <div class='ocr_carea' id='block_1_101' title="bbox 2148 4161 2849 4234">
    <p class='ocr_par' dir='ltr' id='par_1_101' title="bbox 2148 4161 2849 4234">
     <span class='ocr_line' id='line_1_101' title="bbox 2148 4161 2849 4234; baseline -0.004 -17"><span class='ocrx_word' id='word_1_788' title='bbox 2148 4179 2252 4234; x_wconf 92' lang='lat' dir='ltr'><strong>que</strong></span> <span class='ocrx_word' id='word_1_789' title='bbox 2282 4162 2439 4217; x_wconf 80' lang='lat' dir='ltr'><strong>fidem</strong></span> <span class='ocrx_word' id='word_1_790' title='bbox 2470 4177 2576 4215; x_wconf 91' lang='lat' dir='ltr'><strong>non</strong></span> <span class='ocrx_word' id='word_1_791' title='bbox 2610 4161 2849 4217; x_wconf 87' lang='lat' dir='ltr'><strong>habebis.</strong></span> 
     </span>
    </p>
   </div>
   <div class='ocr_carea' id='block_1_102' title="bbox 2220 4248 3734 4323">
    <p class='ocr_par' dir='ltr' id='par_1_102' title="bbox 2220 4248 3734 4323">
     <span class='ocr_line' id='line_1_102' title="bbox 2220 4248 3734 4323; baseline -0.002 -17"><span class='ocrx_word' id='word_1_792' title='bbox 2220 4252 2434 4306; x_wconf 64' lang='lat' dir='ltr'><strong>Damon</strong></span> <span class='ocrx_word' id='word_1_793' title='bbox 2462 4254 2565 4306; x_wconf 77' lang='lat' dir='ltr'><strong>suis</strong></span> <span class='ocrx_word' id='word_1_794' title='bbox 2591 4255 2811 4323; x_wconf 80' lang='lat' dir='ltr'><strong>formam</strong></span> <span class='ocrx_word' id='word_1_795' title='bbox 2849 4252 3050 4322; x_wconf 78' lang='lat' dir='ltr'><strong>accipit.</strong></span> <span class='ocrx_word' id='word_1_796' title='bbox 3079 4281 3150 4292; x_wconf 89' lang='lat'><strong>—</strong></span> <span class='ocrx_word' id='word_1_797' title='bbox 3173 4248 3305 4304; x_wconf 84' lang='lat' dir='ltr'><strong>Cum</strong></span> <span class='ocrx_word' id='word_1_798' title='bbox 3333 4249 3401 4304; x_wconf 88' lang='lat' dir='ltr'><strong>ab</strong></span> <span class='ocrx_word' id='word_1_799' title='bbox 3432 4248 3586 4303; x_wconf 90' lang='lat' dir='ltr'><strong>initio</strong></span> <span class='ocrx_word' id='word_1_800' title='bbox 3612 4262 3734 4303; x_wconf 89' lang='lat' dir='ltr'><strong>sce-</strong></span> 
     </span>
    </p>
   </div>
   <div class='ocr_carea' id='block_1_103' title="bbox 2146 4342 3739 4409">
    <p class='ocr_par' dir='ltr' id='par_1_103' title="bbox 2146 4342 3739 4409">
     <span class='ocr_line' id='line_1_103' title="bbox 2146 4342 3739 4409; baseline -0.004 -13"><span class='ocrx_word' id='word_1_801' title='bbox 2146 4343 2313 4396; x_wconf 89' lang='lat' dir='ltr'><strong>lestus</strong></span> <span class='ocrx_word' id='word_1_802' title='bbox 2350 4343 2439 4395; x_wconf 91' lang='lat' dir='ltr'><strong>ille</strong></span> <span class='ocrx_word' id='word_1_803' title='bbox 2468 4342 2679 4395; x_wconf 76' lang='lat' dir='ltr'><strong>daanon</strong></span> <span class='ocrx_word' id='word_1_804' title='bbox 2707 4343 2945 4395; x_wconf 88' lang='lat' dir='ltr'><strong>animam</strong></span> <span class='ocrx_word' id='word_1_805' title='bbox 2978 4342 3175 4395; x_wconf 90' lang='lat' dir='ltr'><strong>invasit</strong></span> <span class='ocrx_word' id='word_1_806' title='bbox 3206 4350 3373 4404; x_wconf 89' lang='lat' dir='ltr'><strong>tuam,</strong></span> <span class='ocrx_word' id='word_1_807' title='bbox 3418 4350 3579 4409; x_wconf 90' lang='lat' dir='ltr'><strong>atque</strong></span> <span class='ocrx_word' id='word_1_808' title='bbox 3616 4353 3739 4392; x_wconf 90' lang='lat' dir='ltr'><strong>cum</strong></span> 
     </span>
    </p>
   </div>
   <div class='ocr_carea' id='block_1_104' title="bbox 2146 4431 3739 4502">
    <p class='ocr_par' dir='ltr' id='par_1_104' title="bbox 2146 4431 3739 4502">
     <span class='ocr_line' id='line_1_104' title="bbox 2146 4431 3739 4502; baseline -0.003 -15"><span class='ocrx_word' id='word_1_809' title='bbox 2146 4434 2355 4487; x_wconf 63' lang='lat' dir='ltr'><strong>exteris</strong></span> <span class='ocrx_word' id='word_1_810' title='bbox 2384 4432 2669 4502; x_wconf 86' lang='lat' dir='ltr'><strong>prostravit</strong></span> <span class='ocrx_word' id='word_1_811' title='bbox 2694 4442 2961 4497; x_wconf 86' lang='lat' dir='ltr'><strong>orantem,</strong></span> <span class='ocrx_word' id='word_1_812' title='bbox 3008 4446 3115 4487; x_wconf 91' lang='lat' dir='ltr'><strong>non</strong></span> <span class='ocrx_word' id='word_1_813' title='bbox 3146 4431 3397 4501; x_wconf 85' lang='lat' dir='ltr'><strong>equidem</strong></span> <span class='ocrx_word' id='word_1_814' title='bbox 3428 4440 3555 4485; x_wconf 89' lang='lat' dir='ltr'><strong>tunc</strong></span> <span class='ocrx_word' id='word_1_815' title='bbox 3596 4444 3739 4498; x_wconf 77' lang='lat' dir='ltr'><strong>pra:-</strong></span> 
     </span>
    </p>
   </div>
   <div class='ocr_carea' id='block_1_105' title="bbox 2150 4520 3737 4593">
    <p class='ocr_par' dir='ltr' id='par_1_105' title="bbox 2150 4520 3737 4593">
     <span class='ocr_line' id='line_1_105' title="bbox 2150 4520 3737 4593; baseline -0.003 -15"><span class='ocrx_word' id='word_1_816' title='bbox 2150 4539 2276 4578; x_wconf 90' lang='lat' dir='ltr'><strong>sens</strong></span> <span class='ocrx_word' id='word_1_817' title='bbox 2327 4524 2565 4590; x_wconf 88' lang='lat' dir='ltr'><strong>aderam,</strong></span> <span class='ocrx_word' id='word_1_818' title='bbox 2618 4524 2924 4593; x_wconf 89' lang='lat' dir='ltr'><strong>gratiasque</strong></span> <span class='ocrx_word' id='word_1_819' title='bbox 2969 4538 3070 4592; x_wconf 91' lang='lat' dir='ltr'><strong>ago</strong></span> <span class='ocrx_word' id='word_1_820' title='bbox 3113 4523 3536 4577; x_wconf 87' lang='lat' dir='ltr'><strong>clementissimo</strong></span> <span class='ocrx_word' id='word_1_821' title='bbox 3582 4520 3737 4585; x_wconf 86' lang='lat' dir='ltr'><strong>Deo;</strong></span> 
     </span>
    </p>
   </div>
   <div class='ocr_carea' id='block_1_106' title="bbox 2152 4611 3740 4685">
    <p class='ocr_par' dir='ltr' id='par_1_106' title="bbox 2152 4611 3740 4685">
     <span class='ocr_line' id='line_1_106' title="bbox 2152 4611 3740 4685; baseline -0.003 -15"><span class='ocrx_word' id='word_1_822' title='bbox 2152 4614 2313 4670; x_wconf 89' lang='lat' dir='ltr'><strong>didici</strong></span> <span class='ocrx_word' id='word_1_823' title='bbox 2358 4625 2533 4669; x_wconf 88' lang='lat' dir='ltr'><strong>tamen</strong></span> <span class='ocrx_word' id='word_1_824' title='bbox 2560 4616 2739 4669; x_wconf 86' lang='lat' dir='ltr'><strong>omnia</strong></span> <span class='ocrx_word' id='word_1_825' title='bbox 2769 4615 3196 4685; x_wconf 86' lang='lat' dir='ltr'><strong>diligentissime,</strong></span> <span class='ocrx_word' id='word_1_826' title='bbox 3243 4630 3349 4669; x_wconf 85' lang='lat' dir='ltr'><strong>non</strong></span> <span class='ocrx_word' id='word_1_827' title='bbox 3394 4628 3550 4669; x_wconf 88' lang='lat' dir='ltr'><strong>secus</strong></span> <span class='ocrx_word' id='word_1_828' title='bbox 3592 4627 3654 4666; x_wconf 89' lang='lat' dir='ltr'><strong>ac</strong></span> <span class='ocrx_word' id='word_1_829' title='bbox 3694 4611 3740 4666; x_wconf 91' lang='lat' dir='ltr'><strong>si</strong></span> 
     </span>
    </p>
   </div>
   <div class='ocr_carea' id='block_1_107' title="bbox 2154 4703 3741 4776">
    <p class='ocr_par' dir='ltr' id='par_1_107' title="bbox 2154 4703 3741 4776">
     <span class='ocr_line' id='line_1_107' title="bbox 2154 4703 3741 4776; baseline -0.003 -15"><span class='ocrx_word' id='word_1_830' title='bbox 2154 4708 2268 4776; x_wconf 87' lang='lat' dir='ltr'><strong>ipse</strong></span> <span class='ocrx_word' id='word_1_831' title='bbox 2310 4706 2600 4760; x_wconf 79' lang='lat' dir='ltr'><strong>affuissem.</strong></span> <span class='ocrx_word' id='word_1_832' title='bbox 2630 4705 2762 4760; x_wconf 75' lang='lat' dir='ltr'><strong>Nam</strong></span> <span class='ocrx_word' id='word_1_833' title='bbox 2794 4706 3121 4775; x_wconf 84' lang='lat' dir='ltr'><strong>Tthphilus</strong></span> <span class='ocrx_word' id='word_1_834' title='bbox 3149 4704 3430 4773; x_wconf 83' lang='lat' dir='ltr'><strong>Ephesius,</strong></span> <span class='ocrx_word' id='word_1_835' title='bbox 3465 4703 3741 4770; x_wconf 84' lang='lat' dir='ltr'><strong>utriusque</strong></span> 
     </span>
    </p>
   </div>
   <div class='ocr_carea' id='block_1_108' title="bbox 2153 4796 3741 4865">
    <p class='ocr_par' dir='ltr' id='par_1_108' title="bbox 2153 4796 3741 4865">
     <span class='ocr_line' id='line_1_108' title="bbox 2153 4796 3741 4865; baseline -0.003 -13"><span class='ocrx_word' id='word_1_836' title='bbox 2153 4809 2394 4852; x_wconf 88' lang='lat' dir='ltr'><strong>nostrum</strong></span> <span class='ocrx_word' id='word_1_837' title='bbox 2438 4798 2665 4862; x_wconf 87' lang='lat' dir='ltr'><strong>amicus,</strong></span> <span class='ocrx_word' id='word_1_838' title='bbox 2699 4796 2969 4865; x_wconf 85' lang='lat' dir='ltr'><strong>profectus</strong></span> <span class='ocrx_word' id='word_1_839' title='bbox 2996 4796 3062 4850; x_wconf 91' lang='lat' dir='ltr'><strong>ad</strong></span> <span class='ocrx_word' id='word_1_840' title='bbox 3105 4810 3211 4861; x_wconf 87' lang='lat' dir='ltr'><strong>me,</strong></span> <span class='ocrx_word' id='word_1_841' title='bbox 3253 4806 3445 4849; x_wconf 87' lang='lat' dir='ltr'><strong>cuncta</strong></span> <span class='ocrx_word' id='word_1_842' title='bbox 3482 4796 3613 4850; x_wconf 90' lang='lat' dir='ltr'><strong>mihi</strong></span> <span class='ocrx_word' id='word_1_843' title='bbox 3647 4810 3741 4864; x_wconf 75' lang='lat' dir='ltr'><strong>per</strong></span> 
     </span>
    </p>
   </div>
   <div class='ocr_carea' id='block_1_109' title="bbox 2151 4890 3744 4955">
    <p class='ocr_par' dir='ltr' id='par_1_109' title="bbox 2151 4890 3744 4955">
     <span class='ocr_line' id='line_1_109' title="bbox 2151 4890 3744 4955; baseline -0.001 -11"><span class='ocrx_word' id='word_1_844' title='bbox 2151 4891 2395 4944; x_wconf 90' lang='lat' dir='ltr'><strong>ordinem</strong></span> <span class='ocrx_word' id='word_1_845' title='bbox 2424 4890 2627 4954; x_wconf 89' lang='lat' dir='ltr'><strong>retulit,</strong></span> <span class='ocrx_word' id='word_1_846' title='bbox 2652 4890 2905 4943; x_wconf 75' lang='lat' dir='ltr'><strong>distortos</strong></span> <span class='ocrx_word' id='word_1_847' title='bbox 2932 4905 3145 4955; x_wconf 88' lang='lat' dir='ltr'><strong>manus,</strong></span> <span class='ocrx_word' id='word_1_848' title='bbox 3180 4898 3363 4944; x_wconf 90' lang='lat' dir='ltr'><strong>torvos</strong></span> <span class='ocrx_word' id='word_1_849' title='bbox 3389 4890 3597 4953; x_wconf 90' lang='lat' dir='ltr'><strong>oculos,</strong></span> <span class='ocrx_word' id='word_1_850' title='bbox 3630 4904 3681 4941; x_wconf 86' lang='lat' dir='ltr'><strong>ot</strong></span> <span class='ocrx_word' id='word_1_851' title='bbox 3698 4892 3744 4942; x_wconf 90' lang='lat' dir='ltr'><strong>is</strong></span> 
     </span>
    </p>
   </div>
   <div class='ocr_carea' id='block_1_110' title="bbox 2149 4982 3736 5053">
    <p class='ocr_par' dir='ltr' id='par_1_110' title="bbox 2149 4982 3736 5053">
     <span class='ocr_line' id='line_1_110' title="bbox 2149 4982 3736 5053; baseline -0.004 -14"><span class='ocrx_word' id='word_1_852' title='bbox 2149 4999 2415 5053; x_wconf 84' lang='lat' dir='ltr'><strong>spumam,</strong></span> <span class='ocrx_word' id='word_1_853' title='bbox 2444 4982 2769 5037; x_wconf 88' lang='lat' dir='ltr'><strong>horrendam</strong></span> <span class='ocrx_word' id='word_1_854' title='bbox 2801 4983 2944 5037; x_wconf 89' lang='lat' dir='ltr'><strong>illam</strong></span> <span class='ocrx_word' id='word_1_855' title='bbox 2976 4992 3029 5038; x_wconf 91' lang='lat' dir='ltr'><strong>et</strong></span> <span class='ocrx_word' id='word_1_856' title='bbox 3051 4982 3331 5037; x_wconf 90' lang='lat' dir='ltr'><strong>confusam</strong></span> <span class='ocrx_word' id='word_1_857' title='bbox 3368 4997 3574 5046; x_wconf 87' lang='lat' dir='ltr'><strong>vocem,</strong></span> <span class='ocrx_word' id='word_1_858' title='bbox 3614 4996 3736 5036; x_wconf 82' lang='lat' dir='ltr'><strong>cur-</strong></span> 
     </span>
    </p>
   </div>
   <div class='ocr_carea' id='block_1_111' title="bbox 2150 5074 3738 5147">
    <p class='ocr_par' dir='ltr' id='par_1_111' title="bbox 2150 5074 3738 5147">
     <span class='ocr_line' id='line_1_111' title="bbox 2150 5074 3738 5147; baseline -0.003 -17"><span class='ocrx_word' id='word_1_859' title='bbox 2150 5077 2298 5147; x_wconf 90' lang='lat' dir='ltr'><strong>poris</strong></span> <span class='ocrx_word' id='word_1_860' title='bbox 2337 5087 2645 5141; x_wconf 89' lang='lat' dir='ltr'><strong>tremorem,</strong></span> <span class='ocrx_word' id='word_1_861' title='bbox 2678 5076 2985 5131; x_wconf 90' lang='lat' dir='ltr'><strong>diuturnam</strong></span> <span class='ocrx_word' id='word_1_862' title='bbox 3027 5091 3215 5131; x_wconf 91' lang='lat' dir='ltr'><strong>sensus</strong></span> <span class='ocrx_word' id='word_1_863' title='bbox 3244 5075 3614 5145; x_wconf 87' lang='lat' dir='ltr'><strong>privationem,</strong></span> <span class='ocrx_word' id='word_1_864' title='bbox 3655 5074 3738 5127; x_wconf 87' lang='lat' dir='ltr'><strong>vi-</strong></span> 
     </span>
    </p>
   </div>
   <div class='ocr_carea' id='block_1_112' title="bbox 2151 5163 3735 5237">
    <p class='ocr_par' dir='ltr' id='par_1_112' title="bbox 2151 5163 3735 5237">
     <span class='ocr_line' id='line_1_112' title="bbox 2151 5163 3735 5237; baseline -0.003 -16"><span class='ocrx_word' id='word_1_865' title='bbox 2151 5179 2379 5236; x_wconf 79' lang='lat' dir='ltr'><strong>s&#39;unque</strong></span> <span class='ocrx_word' id='word_1_866' title='bbox 2408 5165 2644 5222; x_wconf 87' lang='lat' dir='ltr'><strong>terribile</strong></span> <span class='ocrx_word' id='word_1_867' title='bbox 2669 5168 2811 5237; x_wconf 86' lang='lat' dir='ltr'><strong>quod</strong></span> <span class='ocrx_word' id='word_1_868' title='bbox 2854 5183 2916 5221; x_wconf 89' lang='lat' dir='ltr'><strong>ea</strong></span> <span class='ocrx_word' id='word_1_869' title='bbox 2946 5177 3098 5221; x_wconf 87' lang='lat' dir='ltr'><strong>nocte</strong></span> <span class='ocrx_word' id='word_1_870' title='bbox 3127 5178 3399 5221; x_wconf 90' lang='lat' dir='ltr'><strong>ostensum</strong></span> <span class='ocrx_word' id='word_1_871' title='bbox 3435 5175 3537 5219; x_wconf 59' lang='lat' dir='ltr'><strong>est.</strong></span> <span class='ocrx_word' id='word_1_872' title='bbox 3571 5163 3735 5219; x_wconf 90' lang='lat' dir='ltr'><strong>Sucm</strong></span> 
     </span>
    </p>
   </div>
   <div class='ocr_carea' id='block_1_113' title="bbox 2154 5252 3735 5328">
    <p class='ocr_par' dir='ltr' id='par_1_113' title="bbox 2154 5252 3735 5328">
     <span class='ocr_line' id='line_1_113' title="bbox 2154 5252 3735 5328; baseline -0.004 -15"><span class='ocrx_word' id='word_1_873' title='bbox 2154 5258 2299 5313; x_wconf 88' lang='lat' dir='ltr'><strong>enim</strong></span> <span class='ocrx_word' id='word_1_874' title='bbox 2328 5258 2609 5328; x_wconf 89' lang='lat' dir='ltr'><strong>quemdam</strong></span> <span class='ocrx_word' id='word_1_875' title='bbox 2652 5258 3035 5313; x_wconf 87' lang='lat' dir='ltr'><strong>ferocissimum</strong></span> <span class='ocrx_word' id='word_1_876' title='bbox 3076 5256 3307 5310; x_wconf 81' lang='lat' dir='ltr'><strong>maxima</strong></span> <span class='ocrx_word' id='word_1_877' title='bbox 3346 5254 3397 5308; x_wconf 93' lang='lat' dir='ltr'><strong>vi</strong></span> <span class='ocrx_word' id='word_1_878' title='bbox 3429 5253 3525 5308; x_wconf 93' lang='lat' dir='ltr'><strong>luti</strong></span> <span class='ocrx_word' id='word_1_879' title='bbox 3556 5252 3735 5323; x_wconf 85' lang='lat' dir='ltr'><strong>inqui-</strong></span> 
     </span>
    </p>
   </div>
   <div class='ocr_carea' id='block_1_114' title="bbox 2155 5350 3737 5421">
    <p class='ocr_par' dir='ltr' id='par_1_114' title="bbox 2155 5350 3737 5421">
     <span class='ocr_line' id='line_1_114' title="bbox 2155 5350 3737 5421; baseline -0.003 -15"><span class='ocrx_word' id='word_1_880' title='bbox 2155 5362 2338 5406; x_wconf 91' lang='lat' dir='ltr'><strong>natum</strong></span> <span class='ocrx_word' id='word_1_881' title='bbox 2381 5353 2432 5406; x_wconf 92' lang='lat' dir='ltr'><strong>in</strong></span> <span class='ocrx_word' id='word_1_882' title='bbox 2467 5361 2517 5406; x_wconf 92' lang='lat' dir='ltr'><strong>te</strong></span> <span class='ocrx_word' id='word_1_883' title='bbox 2546 5351 2749 5407; x_wconf 92' lang='lat' dir='ltr'><strong>insilire</strong></span> <span class='ocrx_word' id='word_1_884' title='bbox 2770 5350 2983 5421; x_wconf 87' lang='lat' dir='ltr'><strong>jugitcr,</strong></span> <span class='ocrx_word' id='word_1_885' title='bbox 3017 5357 3176 5418; x_wconf 89' lang='lat' dir='ltr'><strong>atque</strong></span> <span class='ocrx_word' id='word_1_886' title='bbox 3221 5358 3394 5402; x_wconf 88' lang='lat' dir='ltr'><strong>tecum</strong></span> <span class='ocrx_word' id='word_1_887' title='bbox 3422 5357 3737 5403; x_wconf 88' lang='lat' dir='ltr'><strong>concertare</strong></span> 
     </span>
    </p>
   </div>
   <div class='ocr_carea' id='block_1_115' title="bbox 2155 5441 3738 5514">
    <p class='ocr_par' dir='ltr' id='par_1_115' title="bbox 2155 5441 3738 5514">
     <span class='ocr_line' id='line_1_115' title="bbox 2155 5441 3738 5514; baseline -0.002 -17"><span class='ocrx_word' id='word_1_888' title='bbox 2155 5445 2366 5499; x_wconf 89' lang='lat' dir='ltr'><strong>aiebat:</strong></span> <span class='ocrx_word' id='word_1_889' title='bbox 2394 5460 2622 5513; x_wconf 88' lang='lat' dir='ltr'><strong>cumque</strong></span> <span class='ocrx_word' id='word_1_890' title='bbox 2648 5445 2693 5499; x_wconf 91' lang='lat' dir='ltr'><strong>is</strong></span> <span class='ocrx_word' id='word_1_891' title='bbox 2713 5444 2800 5514; x_wconf 91' lang='lat' dir='ltr'><strong>qui</strong></span> <span class='ocrx_word' id='word_1_892' title='bbox 2826 5444 2972 5512; x_wconf 89' lang='lat' dir='ltr'><strong>juxta</strong></span> <span class='ocrx_word' id='word_1_893' title='bbox 3005 5441 3397 5509; x_wconf 88' lang='lat' dir='ltr'><strong>obdormiebat,</strong></span> <span class='ocrx_word' id='word_1_894' title='bbox 3438 5457 3501 5496; x_wconf 90' lang='lat' dir='ltr'><strong>ea</strong></span> <span class='ocrx_word' id='word_1_895' title='bbox 3534 5441 3738 5494; x_wconf 87' lang='lat' dir='ltr'><strong>visione</strong></span> 
     </span>
    </p>
   </div>
   <div class='ocr_carea' id='block_1_116' title="bbox 2155 5536 3739 5607">
    <p class='ocr_par' dir='ltr' id='par_1_116' title="bbox 2155 5536 3739 5607">
     <span class='ocr_line' id='line_1_116' title="bbox 2155 5536 3739 5607; baseline -0.004 -13"><span class='ocrx_word' id='word_1_896' title='bbox 2155 5539 2418 5603; x_wconf 86' lang='lat' dir='ltr'><strong>turbatus,</strong></span> <span class='ocrx_word' id='word_1_897' title='bbox 2462 5546 2810 5607; x_wconf 87' lang='lat' dir='ltr'><strong>experrectus</strong></span> <span class='ocrx_word' id='word_1_898' title='bbox 2848 5544 3013 5604; x_wconf 87' lang='lat' dir='ltr'><strong>esset,</strong></span> <span class='ocrx_word' id='word_1_899' title='bbox 3057 5536 3326 5591; x_wconf 79' lang='lat' dir='ltr'><strong>invenisse</strong></span> <span class='ocrx_word' id='word_1_900' title='bbox 3372 5543 3424 5591; x_wconf 90' lang='lat' dir='ltr'><strong>te</strong></span> <span class='ocrx_word' id='word_1_901' title='bbox 3454 5547 3665 5589; x_wconf 66' lang='lat' dir='ltr'><strong>rursum</strong></span> <span class='ocrx_word' id='word_1_902' title='bbox 3708 5546 3739 5587; x_wconf 88' lang='lat' dir='ltr'><strong>a</strong></span> 
     </span>
    </p>
   </div>
   <div class='ocr_carea' id='block_1_117' title="bbox 2155 5630 2627 5687">
    <p class='ocr_par' dir='ltr' id='par_1_117' title="bbox 2155 5630 2627 5687">
     <span class='ocr_line' id='line_1_117' title="bbox 2155 5630 2627 5687; baseline -0.011 0"><span class='ocrx_word' id='word_1_903' title='bbox 2155 5632 2398 5687; x_wconf 64' lang='lat' dir='ltr'><strong>daemone</strong></span> <span class='ocrx_word' id='word_1_904' title='bbox 2426 5630 2627 5684; x_wconf 89' lang='lat' dir='ltr'><strong>vexari.</strong></span> 
     </span>
    </p>
   </div>
   <div class='ocr_carea' id='block_1_118' title="bbox 2225 5722 3737 5794">
    <p class='ocr_par' dir='ltr' id='par_1_118' title="bbox 2225 5722 3737 5794">
     <span class='ocr_line' id='line_1_118' title="bbox 2225 5722 3737 5794; baseline -0.003 -17"><span class='ocrx_word' id='word_1_905' title='bbox 2225 5723 2279 5777; x_wconf 75' lang='lat'><strong>2.</strong></span> <span class='ocrx_word' id='word_1_906' title='bbox 2321 5722 2452 5778; x_wconf 89' lang='lat' dir='ltr'><strong>Cum</strong></span> <span class='ocrx_word' id='word_1_907' title='bbox 2477 5724 2634 5794; x_wconf 83' lang='lat' dir='ltr'><strong>igitur</strong></span> <span class='ocrx_word' id='word_1_908' title='bbox 2657 5722 2772 5778; x_wconf 72' lang='lat' dir='ltr'><strong>htec</strong></span> <span class='ocrx_word' id='word_1_909' title='bbox 2792 5722 2881 5779; x_wconf 91' lang='lat' dir='ltr'><strong>ille</strong></span> <span class='ocrx_word' id='word_1_910' title='bbox 2907 5722 3266 5789; x_wconf 87' lang='lat' dir='ltr'><strong>denuntiaret,</strong></span> <span class='ocrx_word' id='word_1_911' title='bbox 3291 5729 3508 5785; x_wconf 89' lang='lat' dir='ltr'><strong>tantam,</strong></span> <span class='ocrx_word' id='word_1_912' title='bbox 3540 5725 3737 5785; x_wconf 77' lang='lat' dir='ltr'><strong>lateor,</strong></span> 
     </span>
    </p>
   </div>
   <div class='ocr_carea' id='block_1_119' title="bbox 2156 5810 3738 5885">
    <p class='ocr_par' dir='ltr' id='par_1_119' title="bbox 2156 5810 3738 5885">
     <span class='ocr_line' id='line_1_119' title="bbox 2156 5810 3738 5885; baseline -0.006 -13"><span class='ocrx_word' id='word_1_913' title='bbox 2156 5816 2402 5872; x_wconf 73' lang='lat' dir='ltr'><strong>nttnroris</strong></span> <span class='ocrx_word' id='word_1_914' title='bbox 2430 5818 2675 5872; x_wconf 88' lang='lat' dir='ltr'><strong>nebulam</strong></span> <span class='ocrx_word' id='word_1_915' title='bbox 2710 5816 2841 5871; x_wconf 91' lang='lat' dir='ltr'><strong>mihi</strong></span> <span class='ocrx_word' id='word_1_916' title='bbox 2868 5814 3074 5881; x_wconf 76' lang='lat' dir='ltr'><strong>offudit,</strong></span> <span class='ocrx_word' id='word_1_917' title='bbox 3098 5824 3346 5885; x_wconf 82' lang='lat' dir='ltr'><strong>quantam</strong></span> <span class='ocrx_word' id='word_1_918' title='bbox 3388 5811 3473 5865; x_wconf 93' lang='lat' dir='ltr'><strong>hic</strong></span> <span class='ocrx_word' id='word_1_919' title='bbox 3499 5811 3612 5879; x_wconf 75' lang='lat' dir='ltr'><strong>ipse</strong></span> <span class='ocrx_word' id='word_1_920' title='bbox 3632 5810 3738 5864; x_wconf 84' lang='lat' dir='ltr'><strong>du-</strong></span> 
     </span>
    </p>
   </div>
   <div class='ocr_carea' id='block_1_120' title="bbox 2154 5908 3737 5972">
    <p class='ocr_par' dir='ltr' id='par_1_120' title="bbox 2154 5908 3737 5972">
     <span class='ocr_line' id='line_1_120' title="bbox 2154 5908 3737 5972; baseline -0.003 -10"><span class='ocrx_word' id='word_1_921' title='bbox 2154 5908 2402 5962; x_wconf 88' lang='lat' dir='ltr'><strong>rissimus</strong></span> <span class='ocrx_word' id='word_1_922' title='bbox 2428 5908 2639 5965; x_wconf 63' lang='lat' dir='ltr'><strong>daatnou</strong></span> <span class='ocrx_word' id='word_1_923' title='bbox 2664 5912 2873 5964; x_wconf 89' lang='lat' dir='ltr'><strong>caritati</strong></span> <span class='ocrx_word' id='word_1_924' title='bbox 2916 5919 3039 5963; x_wconf 67' lang='lat' dir='ltr'><strong>tum.</strong></span> <span class='ocrx_word' id='word_1_925' title='bbox 3082 5909 3268 5962; x_wconf 85' lang='lat' dir='ltr'><strong>Postea</strong></span> <span class='ocrx_word' id='word_1_926' title='bbox 3309 5918 3619 5972; x_wconf 88' lang='lat' dir='ltr'><strong>veroquam</strong></span> <span class='ocrx_word' id='word_1_927' title='bbox 3648 5919 3737 5958; x_wconf 85' lang='lat' dir='ltr'><strong>nte</strong></span> 
     </span>
    </p>
   </div>
   <div class='ocr_carea' id='block_1_121' title="bbox 2156 5994 3737 6067">
    <p class='ocr_par' dir='ltr' id='par_1_121' title="bbox 2156 5994 3737 6067">
     <span class='ocr_line' id='line_1_121' title="bbox 2156 5994 3737 6067; baseline -0.005 -12"><span class='ocrx_word' id='word_1_928' title='bbox 2156 6014 2223 6055; x_wconf 85' lang='lat' dir='ltr'><strong>ex</strong></span> <span class='ocrx_word' id='word_1_929' title='bbox 2251 6000 2445 6059; x_wconf 86' lang='lat' dir='ltr'><strong>acerbo</strong></span> <span class='ocrx_word' id='word_1_930' title='bbox 2474 6016 2538 6058; x_wconf 90' lang='lat' dir='ltr'><strong>ac</strong></span> <span class='ocrx_word' id='word_1_931' title='bbox 2582 6002 2787 6057; x_wconf 88' lang='lat' dir='ltr'><strong>diutino</strong></span> <span class='ocrx_word' id='word_1_932' title='bbox 2828 6000 3011 6057; x_wconf 87' lang='lat' dir='ltr'><strong>dolore</strong></span> <span class='ocrx_word' id='word_1_933' title='bbox 3056 5996 3265 6067; x_wconf 79' lang='lat' dir='ltr'><strong>collegi,</strong></span> <span class='ocrx_word' id='word_1_934' title='bbox 3298 5994 3428 6050; x_wconf 93' lang='lat' dir='ltr'><strong>nihil</strong></span> <span class='ocrx_word' id='word_1_935' title='bbox 3458 5994 3588 6049; x_wconf 88' lang='lat' dir='ltr'><strong>mihi</strong></span> <span class='ocrx_word' id='word_1_936' title='bbox 3624 5994 3737 6061; x_wconf 79' lang='lat' dir='ltr'><strong>jam</strong></span> 
     </span>
    </p>
   </div>
  </div>
