4532 6702
822 548 916 601 $27

815 668 868 717 in
900 659 1101 718 mundo
1120 676 1298 732 grave,
1325 659 1456 715 nihil
1487 660 1640 716 dulce
1666 659 1975 713 videbatur:
1999 658 2091 712 sed
2120 672 2240 711 cum
2262 655 2389 709 olim

813 756 1102 809 vanitatem
1132 753 1309 808 sznculi
1337 752 1661 821 contemptui
1690 750 2051 812 liabuerim,ac
2079 746 2373 817 reprehen-

815 844 945 898 dere
977 844 1165 898 solitns
1193 842 1315 907 sim,
1348 851 1473 897 tunc
1504 843 1732 897 maxime
1758 840 1809 893 id
1838 853 2025 906 passus
2066 852 2208 903 sum,
2253 850 2370 890 ma-

809 936 1001 1002 jorque
1029 933 1256 988 allectus
1283 931 1350 986 ad
1389 931 1711 986 desiderium
1740 928 1900 984 subiit
1921 926 2225 981 dilectionis
2255 934 2389 988 tum;

814 1024 1011 1092 quippe
1034 1038 1096 1077 ea
1125 1032 1209 1078 est
1235 1037 1451 1077 casuum
1474 1021 1702 1075 tristium
1732 1029 1939 1080 natura,
1965 1033 2085 1088 qua:
2105 1018 2392 1072 amicitiam

815 1130 1107 1185 peraugere
1131 1114 1434 1169 consuevit:
1463 1112 1622 1181 idque
1644 1127 1709 1165 ex
1734 1125 1800 1165 eo
1824 1110 2012 1179 liquet,
2044 1109 2187 1180 quod
2217 1106 2393 1162 inimi-

814 1206 970 1260 citias
992 1219 1199 1274 quoque
1224 1204 1377 1257 facile
1408 1217 1660 1257 revocare
1690 1202 1743 1255 in
1769 1201 1995 1271 gratiam
2043 1201 2233 1271 possit.
2260 1197 2392 1253 Nul-

816 1295 901 1349 lus
924 1297 1067 1348 enim
1102 1294 1210 1349 fere
1240 1303 1345 1347 tam
1378 1292 1647 1358 immanis,
1672 1302 1888 1361 tamque
1916 1292 2134 1347 insanus
2164 1299 2266 1355 est,
2304 1287 2394 1357 qui

814 1384 859 1438 si
890 1384 1065 1438 videat
1104 1384 1250 1453 gravi
1292 1384 1469 1454 aliquo
1494 1397 1620 1439 casu
1647 1383 1769 1451 angi
1810 1382 2106 1446 inimicum,
2139 1380 2395 1434 adversus

817 1473 963 1527 illum
984 1488 1201 1529 servare
1221 1474 1399 1529 odium
1428 1473 1615 1543 possit.
1641 1472 1791 1540 Quod
1821 1473 1868 1526 si
1898 1472 2230 1526 inimicorum
2256 1482 2394 1537 quo-

815 1580 920 1633 que
966 1565 1302 1627 miseremur,
1346 1578 1548 1632 eosque
1594 1563 1891 1617 amicorum
1939 1560 2197 1615 habemus
2247 1558 2389 1624 loco,

815 1668 937 1707 cum
961 1668 1123 1721 grave
1149 1652 1347 1720 aliquid
1376 1661 1536 1720 atque
1560 1651 1888 1718 insperatum
1928 1648 2049 1703 illos
2073 1647 2283 1718 perpeti
2310 1650 2392 1701 vi-

813 1741 1038 1796 demus:
1067 1741 1368 1805 considera,
1408 1755 1612 1810 quaeso,
1660 1739 1942 1809 diligenter
1969 1739 2097 1809 quid
2142 1754 2230 1794 me
2258 1740 2391 1808 pati,

815 1847 987 1901 quove
1014 1845 1134 1887 esse
1157 1831 1337 1886 animo
1362 1846 1587 1886 necesse
1613 1830 1793 1896 fuerit,
1824 1830 1953 1884 dum
1978 1844 2123 1896 eum,
2149 1844 2306 1899 quem
2328 1844 2394 1883 ex

814 1922 1065 1977 omnibus
1106 1924 1339 1979 maxime
1378 1923 1559 1993 diligo,
1593 1938 1856 1992 quemque
1894 1936 2001 1975 non
2031 1922 2209 1975 minus
2236 1934 2393 1989 quam

814 2026 905 2065 me
931 2026 1113 2066 carum
1157 2013 1349 2079 habeo,
1377 2012 1558 2067 vexari
1600 2012 1878 2077 acerrime,
1909 2025 1973 2065 ac
2004 2025 2233 2064 mturare
2260 2008 2395 2063 deﬁ-

815 2116 941 2156 cere
968 2101 1227 2156 audirem.
1258 2102 1375 2155 Noli
1416 2101 1593 2170 itaque
1620 2110 1807 2169 putare
1843 2114 1942 2154 nos
1968 2098 2262 2153 vexationis
2289 2107 2393 2152 tua:

814 2191 1101 2255 immunes,
1143 2189 1375 2244 fomenta
1402 2189 1498 2244 tibi
1534 2188 1917 2243 consolationis
1942 2187 2249 2243 admovere.
2279 2186 2391 2241 Etsi

813 2281 956 2336 enim
973 2296 1003 2335 a
1022 2279 1419 2350 perturbatione
1438 2280 1615 2346 illa,ac
1632 2278 1931 2349 dejectione
1947 2277 2142 2332 diaboli
2159 2293 2278 2333 sum
2298 2276 2396 2331 Dei

813 2372 981 2442 gratia
1009 2372 1166 2436 liber,
1205 2371 1364 2440 hujus
1390 2380 1569 2427 tamen
1594 2370 1861 2426 maestitia:
1888 2385 1951 2424 ac
1980 2369 2179 2425 doloris
2215 2382 2396 2438 aequas

815 2472 993 2531 partes
1014 2460 1144 2515 mihi
1161 2470 1336 2516 tecum
1358 2460 1569 2515 vindico
1600 2479 1614 2515 :
1640 2470 1800 2531 atque
1822 2461 1873 2515 in
1896 2460 1998 2514 hoc
2018 2460 2147 2513 mihi
2173 2457 2395 2513 credent

815 2552 907 2620 qui
936 2552 1005 2605 ita
1025 2561 1081 2605 ut
1096 2562 1306 2621 oportet
1334 2552 1553 2620 diligere
1574 2556 1857 2605 noverunt.
1878 2554 1989 2619 Age
2007 2565 2133 2618 ergo
2149 2548 2390 2603 excutia-

814 2657 933 2696 mus
955 2642 1098 2696 hunc
1123 2642 1394 2711 pulverem
1420 2660 1432 2694 :
1459 2642 1530 2696 ita
1557 2642 1700 2696 enim
1727 2642 1829 2697 erit
1856 2639 2148 2695 tolerabilis
2168 2654 2231 2692 ac
2258 2636 2391 2692 levis

817 2729 1035 2799 hujusce
1076 2731 1157 2785 vis
1188 2731 1453 2795 mmroris,
1485 2731 1528 2785 si
1555 2731 1880 2784 uoluerimus
1909 2727 2147 2785 cedendo
2177 2725 2393 2797 tcgritu-

814 2818 923 2874 dini
949 2820 1087 2873 trahi
1114 2819 1180 2873 ad
1206 2820 1516 2889 praacipitia,
1547 2819 1643 2874 sed
1674 2820 1890 2890 vigilare
1930 2819 2129 2889 potius,
2182 2826 2238 2871 et
2265 2815 2392 2886 quid

814 2913 954 2967 facto
980 2927 1114 2981 opus
1142 2914 1211 2966 sit
1236 2913 1493 2982 cogitare.
1524 2911 1759 2966 Plurima
1785 2912 1927 2966 enim
1973 2926 2038 2966 ex
2070 2911 2134 2964 iis
2163 2926 2284 2981 qua:
2310 2911 2393 2963 vi-

812 3003 1005 3057 dentur
1031 3003 1398 3067 acerbissima,
1432 3004 1736 3072 priusquam
1758 3003 2138 3057 examinentur
2166 3003 2393 3071 diligen-

812 3095 942 3159 tius,
972 3095 1151 3164 gravia
1178 3103 1435 3163 putantur
1459 3105 1514 3147 et
1555 3092 1906 3147 intolerabilia
1930 3109 1943 3146 :
1972 3092 2015 3146 si
2061 3092 2181 3162 quis
2210 3100 2388 3146 tamen

809 3200 874 3241 ea
905 3185 1111 3239 ratione
1135 3184 1402 3251 discutiat,
1436 3185 1670 3239 inveniet
1704 3199 1824 3238 esse
1852 3184 2007 3253 longe
2034 3184 2284 3254 opinione
2307 3183 2388 3236 le-

809 3276 981 3340 viora,
1009 3276 1151 3346 quod
1196 3276 1359 3330 modo
1386 3290 1599 3345 quoque
1624 3275 1858 3330 futurum
1903 3290 2008 3330 nou
2029 3276 2274 3344 despero.
2305 3273 2388 3328 Tu

810 3376 1013 3422 tantum
1040 3368 1267 3437 teipsum
1287 3369 1630 3439 erige,neqne
1658 3384 1808 3422 vana:
1826 3384 1889 3423 ac
1908 3368 2082 3423 stulta:
2102 3367 2241 3437 vulgi
2270 3368 2389 3435 opi-

811 3459 960 3513 nioni
1002 3461 1377 3530 acquiescens,
1424 3460 1703 3516 fortiorem
1745 3468 1929 3514 contra
1978 3475 2077 3514 nos
2117 3460 2389 3514 inimicum

810 3560 1033 3605 statuas.
1075 3551 1235 3621 Igitur
1256 3552 1298 3604 si
1324 3551 1539 3621 quidem
1579 3550 1645 3606 ad
1672 3551 1903 3621 aliquem
1930 3549 2226 3605 inﬁdelium
2254 3548 2391 3604 mihi

810 3661 987 3701 sermo
1029 3652 1193 3710 esset,
1219 3644 1304 3700 vel
1332 3657 1520 3698 eorum
1545 3639 1634 3709 qui
1665 3653 1791 3693 casu
1831 3636 1956 3692 ferri
1981 3635 2160 3688 omnia
2210 3634 2398 3687 existi-

810 3746 981 3800 mant,
1010 3736 1097 3790 vel
1141 3748 1327 3790 eorum
1371 3734 1462 3802 qui
1507 3727 1847 3798 aequissimis
1886 3722 2167 3778 daemoniis
2212 3720 2399 3775 mundi

812 3826 1202 3895 providentiam
1245 3824 1539 3893 assignant,
1566 3820 1687 3889 plus
1715 3816 1844 3872 mihi
1888 3817 2093 3887 negotii
2123 3811 2400 3868 incumbe-

815 3925 920 3983 ret,
942 3914 1352 3986 repellendaque
1373 3913 1523 3983 prius
1546 3924 1770 3965 erronea
1798 3906 1983 3978 opinio
2011 3908 2218 3971 fuisset,
2238 3912 2398 3973 atque

813 4006 1036 4062 veritate
1062 4003 1405 4074 providentia:
1432 4010 1667 4065 ostensa,
1701 4008 1814 4054 tum
1856 4000 2071 4054 demum
2101 3992 2396 4050 consolatio

814 4094 1189 4157 subinl’erenda
1218 4101 1361 4148 esset
1392 4109 1406 4145 :
1444 4092 1697 4162 quoniam
1724 4104 1858 4145 vero
1883 4088 2080 4143 Christi
2111 4085 2279 4156 gratia
2313 4083 2399 4136 in-

814 4201 1050 4250 structus
1078 4186 1145 4245 ab
1173 4184 1391 4244 infantia
1412 4197 1592 4240 sacras
1612 4180 1846 4239 didicisti
1872 4180 2072 4242 literas,
2092 4190 2325 4243 veraque
2344 4182 2401 4227 et

814 4283 1066 4338 salutaria
1080 4281 1327 4349 dogmata
1344 4294 1408 4333 ex
1428 4275 1688 4346 majorum
1708 4281 1917 4325 tuorum
1935 4266 2274 4324 successione
2290 4278 2400 4318 sus-

814 4374 1025 4443 cepisti,
1074 4370 1249 4427 credis
1276 4369 1478 4438 absque
1523 4366 1625 4419 ulla
1671 4362 2007 4417 haesitatione
2060 4358 2174 4412 Deo
2215 4369 2397 4410 curam

816 4481 938 4521 esse
966 4464 1034 4517 de
1076 4460 1345 4523 omnibus,
1392 4468 1447 4512 ct
1493 4457 1562 4511 de
1603 4454 1685 4509 his
1724 4452 1959 4507 maxime
2006 4447 2099 4518 qui
2140 4447 2241 4501 sibi
2290 4444 2397 4499 ﬁde

812 4556 983 4627 juncti
1012 4562 1169 4619 sunt;
1201 4552 1398 4606 omissa
1426 4549 1526 4602 hac
1556 4556 1726 4617 parte,
1757 4543 1972 4597 aliunde
2001 4552 2277 4595 sumamus
2318 4537 2399 4590 iii-

818 4649 989 4703 itium.
1016 4644 1286 4713 Principio
1314 4656 1435 4697 cum
1458 4639 1677 4709 angelos
1702 4644 1909 4692 crearet
1929 4635 2073 4687 Deus
2098 4650 2114 4697 ;
2140 4630 2247 4684 imo
2274 4642 2401 4683 vero

818 4750 878 4798 ut
900 4742 1061 4796 altius
1085 4740 1311 4793 ducatur
1339 4733 1549 4790 oratio:
1580 4738 1868 4799 antequam
1896 4726 2115 4796 angelos
2142 4722 2401 4778 conderet

817 4834 1168 4899 cadestesque
1208 4826 1442 4895 reliquas
1468 4823 1728 4883 Virtutes,
1780 4818 1922 4873 Deus
1967 4822 2084 4870 erat
2130 4813 2248 4867 sine
2292 4811 2403 4866 ullo

822 4898 1074 4994 umquam
1119 4916 1409 4974 exsistcndi
1439 4914 1719 4985 principio.
1750 4910 1880 4966 Cum
1922 4923 2055 4964 vero
2084 4906 2281 4962 nullius
2324 4904 2404 4959 rei

822 5030 985 5087 egens
1028 5026 1243 5081 semper
1282 5017 1445 5071 esset,
1478 5006 1530 5060 id
1570 5005 1769 5073 quippe
1796 5002 2067 5071 proprium
2107 4995 2401 5053 divinitatis

823 5116 923 5171 est,
953 5102 1155 5160 creavit
1179 5098 1423 5170 angelos,
1454 5092 1825 5162 archangelos,
1849 5105 2138 5159 omnesque
2167 5088 2401 5157 reliquas

824 5197 1165 5265 incorporeas
1194 5190 1537 5245 substantias.
1582 5183 1797 5239 Crcavit
1824 5196 1951 5235 vero
1978 5181 2048 5234 ob
2071 5180 2213 5233 aliud
2246 5178 2397 5243 nihil,

827 5290 926 5343 nisi
950 5288 1060 5342 sola
1087 5284 1337 5339 bonitatis
1362 5297 1473 5337 sure
1499 5293 1678 5333 causa.
1703 5275 1941 5344 Quorum
1973 5272 2116 5328 enim
2147 5271 2402 5340 obsequio

828 5396 934 5435 non
957 5379 1245 5450 indigebat,
1276 5388 1561 5443 numquam
1588 5386 1681 5427 eos
1704 5367 1944 5439 profecto
1964 5365 2271 5426 crcavisset,
2296 5363 2399 5416 nisi

825 5487 1074 5540 supreme
1100 5473 1271 5525 bonus
1299 5477 1469 5524 esset.
1512 5466 1641 5520 Post
1665 5463 1877 5517 illorum
1915 5474 2045 5514 vero
2071 5456 2401 5512 creationem

826 5564 952 5618 fecit
977 5562 1250 5617 hominem
1277 5563 1392 5630 ipsa
1422 5556 1625 5612 scilicet
1645 5566 1803 5623 atque
1829 5552 2013 5607 eadem
2037 5561 2221 5611 causa,
2251 5562 2404 5599 mun-

826 5655 1059 5724 dumque
1091 5652 1229 5706 hunc
1256 5664 1492 5706 omnem.
1534 5661 1694 5717 quem
1736 5658 1854 5699 cum
1902 5639 2198 5694 innumeris
2246 5635 2402 5691 bonis

827 5745 1172 5815 insigniissct,
1202 5755 1420 5811 parvum
1450 5739 1596 5794 illum
1627 5744 1682 5791 et
1706 5733 2015 5789 vilissimum
2046 5730 2127 5784 his
2155 5726 2404 5783 omnibus

826 5837 1077 5909 prmfecit,
1121 5835 1223 5890 hoc
1271 5832 1417 5889 illum
1461 5832 1512 5886 in
1553 5838 1692 5885 terra
1724 5824 2068 5886 constituens,
2116 5818 2256 5890 quod
2288 5818 2403 5887 ipse

826 5938 966 5987 essm
994 5928 1045 5983 in
1073 5927 1223 5984 cmlo.
1250 5921 1405 5993 Quod
1437 5922 1578 5979 cnim
1605 5921 1708 5976 ait:
1744 5916 2011 5972 Faciamus
2043 5913 2292 5969 hominem
2334 5909 2401 5962 ad

1551 544 1609 601 8.
1649 542 1924 599 JOANNIS
1959 538 2431 597 CHRYSOSTOMI
2476 538 2799 594 ARCHIEP.
2841 540 3371 599 CONSTANTINOP.

3974 550 4083 605 $9.8

2501 652 2769 722 imaginem
2797 664 2842 707 et
2870 656 3248 710 similitudinem
3275 666 3495 710 nostram
3520 654 3670 724 (Gen.
3709 658 3759 710 1.
3788 658 3905 728 26),
3944 665 4083 718 nihil

2503 741 2644 795 aliud
2685 741 2942 811 profecto,
2979 759 3137 812 quam
3167 746 3267 799 sub
3292 745 3491 800 ditione
3523 744 3638 813 ejus
3663 747 3831 813 posita
3860 757 4081 806 terrena

2501 843 2691 886 cuncta
2711 834 2987 903 signiﬁcat.
3008 833 3139 887 Cum
3164 837 3321 904 igitur
3347 838 3414 890 ita
3438 836 3581 890 illum
3603 835 3869 889 conditum
3895 838 3951 891 in
3970 849 4082 893 tan-

2500 929 2555 974 to
2596 922 2798 977 honore
2823 924 3068 989 locasset,
3096 924 3258 977 veluti
3286 927 3396 995 regi
3427 926 3621 996 regiam
3648 924 3945 995 paradisum
3974 926 4079 996 ipsi

2502 1019 2838 1067 terrenarum
2860 1014 3093 1068 omnium
3124 1014 3534 1082 pulcherrimam
3558 1015 3738 1072 sedem
3760 1017 4075 1085 assignavit.

2499 1100 2700 1155 Volens
2729 1113 2987 1172 praeterea
3016 1102 3116 1173 ipsi
3144 1104 3246 1157 alia
3267 1119 3479 1174 quoque
3498 1122 3563 1161 ex
3591 1117 3741 1178 parte
3765 1107 4075 1171 ostendere,

2503 1200 2757 1259 quantum
2787 1194 3087 1249 animantes
3127 1193 3357 1264 reliquas
3401 1194 3607 1253 honore
3654 1198 4075 1264 transcenderet,

2498 1279 2716 1335 adducit
2742 1281 2811 1335 ad
2839 1282 2987 1337 illum
3036 1299 3241 1349 omnes,
3272 1298 3334 1339 ac
3374 1286 3591 1340 nomina
3634 1290 3854 1358 singulis
3898 1290 4077 1360 impo-

2500 1384 2628 1424 nere
2650 1369 2826 1439 jubet;
2860 1372 3175 1444 nullumque
3202 1391 3270 1431 ex
3299 1373 3383 1428 his
3422 1374 3473 1428 in
3504 1375 3824 1444 adjutorium
3848 1380 3940 1434 dat
3975 1380 4076 1445 illi,

2500 1476 2818 1531 causamque
2858 1464 3101 1531 protinus
3129 1466 3417 1536 adjiciens:
3456 1465 3573 1520 Non
3598 1469 3750 1530 enim,
3779 1471 3965 1539 inquit,
3994 1472 4079 1525 in-

2500 1561 2674 1605 uentus
2693 1562 2765 1605 est
2782 1552 2988 1621 adjutor
3013 1554 3192 1610 similis
3209 1557 3258 1610 ei
3279 1556 3429 1627 (Gen.
3450 1556 3506 1610 2.
3531 1555 3644 1627 20).
3667 1556 3800 1611 Cum
3825 1575 3952 1615 vero
3978 1577 4079 1631 per

2501 1642 2616 1698 haec
2641 1644 2817 1697 omnia
2843 1642 3077 1699 medium
3104 1648 3382 1718 utriusque
3423 1658 3623 1703 natura:
3652 1664 3773 1703 eum
3820 1665 3939 1705 esse
3976 1654 4077 1707 do-

2500 1736 2715 1800 cuisset,
2756 1735 3001 1805 quodque
3029 1738 3278 1793 omnibus
3306 1750 3447 1795 esset
3490 1743 3600 1811 ipse
3644 1742 3949 1797 honoratior
3989 1745 4077 1796 ni-

2502 1821 2681 1892 hilque
2707 1834 2850 1879 esset
2876 1824 2947 1878 illi
2977 1826 3171 1890 simile,
3204 1837 3328 1883 tunc
3355 1838 3411 1884 et
3442 1833 3715 1886 mulierem
3742 1840 3907 1897 creat,
3936 1842 3993 1887 et
4022 1834 4077 1888 in

2500 1913 2602 1969 hoc
2644 1916 2791 1969 illum
2821 1930 3003 1970 rursus
3052 1917 3323 1974 bonorans
3369 1923 3809 1993 manifestumque
3849 1923 4075 1990 faciens,

2498 2003 2638 2069 quod
2681 2005 2822 2059 illam
2870 2021 3081 2076 quoque
3124 2007 3293 2076 ipsius
3336 2013 3503 2079 gratia
3539 2022 3792 2078 creasset,
3833 2014 3967 2067 sicut
4019 2025 4078 2068 et

2498 2090 2692 2147 Paulus
2719 2094 2793 2148 ait
2825 2111 2839 2148 :
2873 2094 3015 2162 Non,
3047 2096 3236 2165 inquit,
3268 2110 3465 2154 creatus
3501 2111 3574 2156 est
3614 2104 3689 2156 vir
3730 2114 3931 2172 propter
3953 2120 4076 2156 mu-

2497 2181 2684 2248 lierem,
2714 2185 2801 2238 sed
2827 2187 3005 2238 mulier
3030 2196 3236 2256 propter
3269 2188 3434 2241 virum
3462 2187 3539 2259 (Ι.
3563 2192 3680 2245 Cor.
3723 2194 3811 2248 ll.
3844 2192 3920 2264 9).
3954 2193 4077 2247 Non

2498 2286 2675 2333 autem
2703 2279 2786 2335 his
2814 2288 3018 2334 tantum
3048 2281 3195 2336 illum
3235 2281 3540 2348 honoravit,
3570 2300 3756 2339 verum
3787 2294 3842 2341 et
3865 2302 4079 2341 sermo-

2501 2382 2622 2422 nem
2646 2368 2717 2422 illi
2744 2369 2833 2423 uni
2862 2386 2926 2424 ex
2955 2371 3201 2425 omnibus
3222 2371 3442 2441 largitus
3469 2381 3569 2435 est,
3596 2374 3783 2443 suique
3812 2375 3957 2429 illum
3980 2391 4081 2429 no-

2501 2458 2645 2513 tione
2674 2460 2917 2529 dignatus
2942 2471 3044 2528 est,
3072 2476 3134 2517 ac
3161 2477 3258 2517 suo
3286 2462 3433 2517 dedit
3464 2462 3563 2517 frui
3582 2467 3871 2529 consortio,
3909 2480 4081 2535 quan-

2499 2556 2609 2602 tum
2651 2549 2753 2603 frui
2783 2549 2941 2605 homo
2981 2560 3206 2619 poterat.
3241 2552 3640 2608 lmmortalitate
3680 2564 3935 2623 prmterea
3974 2554 4080 2607 do-

2495 2636 2727 2689 nandum
2759 2640 3022 2705 promisit,
3051 2656 3364 2709 summaque
3386 2642 3627 2710 implevit
3651 2643 3927 2711 sapientia,
3966 2645 4080 2713 Spi-

2494 2726 2736 2781 ritualem
2766 2728 2837 2781 illi
2854 2730 3078 2798 gratiam
3103 2730 3382 2798 adjiciens,
3403 2733 3538 2786 adeo
3558 2741 3615 2786 ut
3637 2735 3887 2788 nonnulla
3913 2736 4079 2791 etiam

2495 2814 2825 2884 prmdiceret.
2867 2818 3096 2887 Haecque
3124 2819 3201 2873 illi
3242 2820 3420 2873 omnia
3451 2821 3666 2890 largitus
3694 2831 3796 2888 est,
3842 2840 3962 2879 cum
3990 2836 4077 2879 ta-

2497 2922 2615 2958 men
2643 2906 2709 2960 ab
2744 2922 2808 2960 eo
2835 2908 2977 2962 nulla
3016 2918 3139 2964 ante
3175 2917 3321 2965 recte
3358 2910 3494 2964 facta
3532 2914 3909 2967 manavissent.
3933 2915 4077 2981 Quid

2498 2994 2655 3062 igitur
2698 2996 2785 3051 ille
2810 2997 2828 3028 ¹
2860 3005 2979 3066 post
3025 3006 3167 3052 tanta
3215 3007 3430 3069 tamque
3463 3001 3748 3070 singularia
3774 3002 4031 3057 beneﬁcia
4052 3006 4079 3058 2

2496 3083 2742 3139 Beneﬁco
2765 3100 2862 3139 suo
2888 3087 2990 3141 ﬁde
3018 3087 3313 3157 digniorem
3348 3089 3619 3144 inimicum
3648 3094 3931 3148 arbitratus
3958 3108 4071 3160 est,

2492 3182 2780 3243 spretoque
2806 3175 3051 3229 mandato
3068 3177 3356 3232 conditoris
3385 3178 3640 3232 fallaciam
3658 3180 3793 3235 illius
3816 3184 4070 3251 prmtulit,

2491 3261 2581 3329 qui
2597 3275 2657 3315 se
2675 3264 2896 3331 perdere
2915 3266 3134 3319 omnino
3151 3266 3407 3335 bonisque
3428 3268 3673 3322 omnibus
3686 3270 3874 3338 ejicere
3889 3274 4078 3341 cupie-

2491 3354 2843 3409 bat.Pr:etulit
2865 3366 3192 3422 autem,cum
3214 3367 3390 3412 tamen
3412 3359 3616 3413 nullum
3634 3375 3800 3427 neque
3822 3376 4073 3431 magnum

2492 3460 2661 3515 neque
2676 3460 2894 3514 parvum
2913 3448 3226 3503 beneficium
3244 3451 3310 3504 ab
3326 3465 3391 3503 eo
3407 3459 3548 3505 esset
3565 3462 3918 3521 consequutus
3935 3455 4077 3509 sola-

2492 3550 2594 3604 que
2607 3536 2826 3592 verbum
2848 3539 2966 3607 ejus
3001 3553 3128 3593 aure
3158 3540 3500 3608 percepisset.
3522 3539 3658 3593 Num
3684 3556 3810 3594 vero
3828 3542 4023 3596 delevit
4050 3547 4075 3578 ³

2503 3621 2647 3677 illum
2677 3624 2836 3687 Deus,
2866 3630 3011 3676 tanta
3038 3621 3229 3691 ingrati
3258 3620 3422 3675 animi
3447 3621 3599 3689 signa
3625 3620 3695 3673 ab
3724 3620 3875 3675 initio
3896 3620 4078 3674 statim

2500 3724 2659 3781 atque
2684 3714 2749 3767 ab
2774 3714 2918 3781 ipsis,
2952 3721 3010 3766 ut
3048 3713 3119 3767 ita
3151 3711 3398 3777 dixerim,
3444 3710 3599 3767 stadii
3628 3710 3927 3765 carceribus
3966 3725 4084 3778 pra:

2501 3818 2560 3857 se
2586 3802 2880 3857 ferentem?
2908 3802 3020 3856 lloc
3048 3803 3190 3857 enim
3216 3802 3435 3870 justitia‘.
3476 3801 3614 3855 ratio
3654 3800 3973 3869 postulabat,
4018 3810 4082 3852 ut

2503 3893 2568 3958 is,
2598 3892 2689 3962 qui
2724 3892 3015 3947 innumeris
3052 3901 3207 3946 antea
3229 3891 3447 3946 affectus
3475 3891 3744 3946 beneﬁciis
3772 3890 3841 3944 ab
3887 3889 4080 3943 inobe-

2501 3982 2699 4037 dientia
2721 3983 2900 4036 statim
2924 3990 3082 4051 atque
3112 3981 3488 4050 ingratitudine
3513 3981 3633 4035 vita:
3654 3981 3799 4035 initia
3822 3980 4079 4050 cepisset,

2502 4073 2772 4129 deleretur
2797 4083 2957 4144 atque
2981 4073 3047 4128 de
3074 4072 3252 4128 medio
3290 4071 3609 4127 auferretur.
3638 4072 3778 4126 Deus
3806 4085 3934 4126 vero
3971 4085 4080 4124 non

2502 4164 2677 4218 minus
2697 4177 2852 4232 quam
2874 4170 3028 4217 antea
3049 4162 3185 4216 bene
3209 4161 3284 4215 illi
3311 4162 3483 4216 facere
3508 4161 3755 4230 perstitit,
3779 4158 4077 4214 ostendens

2502 4267 2599 4323 per
2645 4253 2766 4319 hoc,
2810 4253 2950 4322 quod
2977 4267 3077 4307 nos
3114 4252 3215 4307 etsi
3263 4252 3455 4306 millies
3496 4264 3778 4320 peccemus
3820 4251 4082 4318 illumque

2502 4358 2829 4410 aversemur,
2857 4344 2970 4412 ipse
2992 4352 3167 4398 tamen
3189 4341 3344 4396 saluti
3371 4348 3565 4395 nostrae
3590 4340 3899 4409 prospicere
3926 4354 4078 4393 num-

2503 4450 2660 4503 quam
2681 4434 2908 4500 desistit,
2953 4444 3011 4488 ut
3036 4436 3081 4490 si
3121 4433 3338 4504 quidem
3366 4433 3614 4487 conversi
3640 4431 3915 4499 fuerimus,
3960 4446 4083 4486 ser-

2505 4542 2723 4581 vemur:
2754 4527 2836 4581 sin
2875 4534 3051 4581 autem
3099 4526 3153 4579 in
3199 4525 3342 4579 vitiis
3383 4524 3917 4594 perseveraverimus,
3962 4524 4083 4591 ipse

2505 4627 2685 4671 tamen
2713 4616 2855 4686 quod
2882 4631 3034 4670 suum
3060 4623 3176 4669 erat
3209 4614 3401 4669 fecisse
3428 4614 3753 4668 advertatur.
3794 4613 3973 4683 Itaque
3997 4613 4081 4666 vi-

2507 4707 2701 4761 dentur
2726 4707 2936 4776 quidem
2959 4706 3149 4774 ejectio
3171 4705 3257 4758 illa
3286 4720 3317 4759 e
3344 4704 3610 4774 paradiso,
3644 4704 3875 4774 [ignique
3903 4702 4086 4767 vitalis

2509 4798 2770 4862 inhibitio,
2795 4798 3086 4865 mortisque
3111 4796 3401 4860 mulctatio,
3444 4796 3732 4851 cruciantis
3760 4809 3881 4850 esse
3921 4803 4084 4862 atque

2510 4888 2820 4959 punientis:
2869 4896 2993 4941 sunt
3034 4894 3209 4941 autem
3260 4886 3645 4955 providentiam
3690 4884 3926 4955 gerentis
3970 4895 4080 4935 non

2508 4981 2682 5035 minus
2702 4994 2861 5049 quam
2886 4978 3086 5047 priora.
3113 4975 3227 5032 Etsi
3255 4977 3397 5032 enim
3421 4976 3663 5031 mirabile
3692 4976 3745 5029 id
3783 4972 3922 5041 quod
3944 4971 4080 5026 dici—

2507 5087 2627 5127 mus
2652 5072 2883 5134 videtur,
2910 5068 3245 5124 verissimum
3281 5077 3363 5125 est
3389 5078 3566 5122 tamen
3601 5085 3615 5121 :
3646 5081 3711 5120 ea
3743 5065 3937 5133 quippe
3961 5078 4083 5131 quae

2511 5164 2725 5225 ﬁebant,
2754 5177 2875 5217 cum
2904 5162 3166 5215 contraria
3214 5160 3543 5221 viderentur,
3590 5170 3698 5209 uno
3737 5164 3910 5207 tamen
3948 5168 4082 5205 con-

2506 5256 2762 5325 cordique
2807 5254 2910 5307 fine
2954 5252 3053 5306 sibi
3098 5253 3324 5306 invicem
3372 5248 3797 5304 consentiebant.
3838 5244 4081 5311 Exempli

2506 5363 2666 5403 causa
2708 5364 2720 5400 :
2751 5345 2894 5416 quod
2934 5344 3079 5397 illum
3113 5344 3337 5397 exclusit
3365 5357 3394 5394 a
3426 5339 3690 5409 paradiso,
3722 5334 3861 5405 quod
3896 5343 4078 5388 contra

2509 5440 2813 5511 paradisum
2858 5436 3155 5499 collocavit,
3205 5445 3259 5489 et
3307 5434 3475 5488 vetuit
3520 5431 3717 5501 lignum
3751 5427 3893 5489 vitae,
3939 5426 4080 5494 quod

2512 5531 2794 5585 mortalem
2835 5528 2977 5594 fecit,
3020 5525 3159 5595 quod
3202 5525 3416 5580 interim
3447 5536 3509 5577 ea
3550 5517 3813 5573 sententia
3839 5528 4083 5583 superior

2510 5624 2657 5677 visus
2686 5630 2765 5676 est
2793 5638 2807 5673 :
2848 5619 2980 5685 haec,
3014 5618 3246 5688 inquam,
3279 5614 3480 5679 omnia,
3512 5623 3717 5664 necnon
3758 5622 3873 5677 qua:
3899 5622 3965 5659 ex
3997 5605 4082 5658 bis

2510 5720 2927 5782 consequuntur,
2954 5726 3050 5781 pro
3099 5712 3215 5780 ejus
3241 5707 3415 5763 salute
3459 5713 3513 5760 et
3540 5700 3738 5757 honore
3765 5709 3909 5771 gesta
3935 5710 4079 5752 sunt.

2577 5853 2591 5883 ι
2628 5856 2675 5897 tn
2702 5846 3052 5911 Morcl._dee_s_t,
3077 5843 3181 5911 ilbi},

2577 5914 2598 5945 ⁸
2628 5910 2766 5961 savil.
2793 5909 2937 5969 addit,
2960 5908 3039 5959 dic
3064 5904 3198 5955 uit/ti.
