4454 6686
211 558 316 619 ευ

208 675 403 733 δεινὸν.
445 670 569 726 οὔτε
620 672 730 728 τῶν
764 672 936 745 ἡδέων
990 673 1118 745 ήδύ·
1155 672 1294 726 ἀλλά
1340 672 1538 745 πολλὴν
1577 673 1671 727 καὶ
1715 671 1882 726 πάλαι

208 764 321 819 τῶν
349 765 406 816 ἑν
428 762 507 835 τῷ
535 763 632 836 βίῳ
668 765 1010 837 ματαιότητα
1045 762 1411 832 κατεγνωκὼς
1430 804 1444 827 ,
1491 763 1673 833 πολλῷ
1720 761 1883 814 πλέον

206 852 369 906 τοῦτο
400 852 597 908 ἔπαθον
627 854 779 920 τότε,
834 855 930 907 καὶ
975 852 1176 923 μείζων
1210 869 1276 923 με
1310 853 1471 917 πόθος
1509 863 1528 885 ⁸
1560 852 1736 922 εἰσῄει
1785 850 1883 919 τῆς

208 939 494 1006 εὐλαϐείας
518 943 617 1013 τῆς
651 942 772 1013 σῆς.
816 940 1058 1011 Τοιαύτη
1094 940 1255 1013 γάρή
1289 942 1449 1012 φύσις
1482 943 1591 995 τῶν
1619 939 1879 1009 ἀνιαρῶν·

208 1030 501 1089 ἐπιτείνειν
547 1033 706 1087 εῐωθε
737 1032 837 1097 τάς
883 1031 1068 1101 φιλίας
1112 1033 1218 1099 ἀεὶ,
1254 1035 1348 1088 καὶ
1380 1034 1539 1105 δῆλον
1570 1034 1634 1085 ἐκ
1667 1029 1762 1082 τοῦ
1788 1029 1883 1081 καὶ

208 1118 308 1183 τάς
342 1120 541 1193 ἔχθρας
583 1120 845 1175 δύνασθαι
890 1120 1126 1175 διαλύειν
1165 1122 1423 1185 εὐκόλως.
1459 1120 1594 1175 Οὐδέ
1621 1118 1731 1190 γάρ
1767 1118 1883 1172 ἐστί

206 1224 294 1273 τις
330 1209 501 1274 οὕτως
534 1210 718 1273 ἄθλιος
754 1208 876 1264 οὐδέ
929 1210 1152 1280 ἠλίθιος,
1201 1213 1261 1276 ὃς
1298 1210 1443 1281 ὁρῶν
1479 1208 1751 1277 ἀλγοῦντα
1791 1208 1882 1261 τὸν

205 1296 402 1369 ἐχθρὸν
421 1338 435 1361 ,
470 1299 759 1367 δυνήσεται
790 1297 1018 1367 φυλάξαι
1042 1300 1141 1372 τὴν
1168 1299 1464 1371 ἀπέχθειαν
1492 1298 1591 1368 τὴν
1617 1297 1754 1369 πρὸς
1787 1296 1884 1350 αὐ-

204 1386 321 1439 τόν.
365 1386 427 1438 Εί
462 1384 519 1437 δέ
565 1383 794 1455 ἐχθροὺς
850 1386 1107 1458 ἐλεοῦμεν
1158 1388 1254 1441 καὶ
1301 1386 1490 1454 φίλους
1540 1384 1879 1455 ποιούμεθα,

205 1472 337 1524 ὅταν
365 1488 419 1523 τι
449 1468 559 1523 τῶν
605 1470 915 1544 ἀϐουλήτων
947 1474 1339 1546 ὑπομείναντες
1368 1474 1591 1544 ῖδωμεν,
1628 1474 1884 1544 ἐννόησον

203 1558 263 1611 τί
296 1556 526 1628 πάσχειν
554 1559 699 1623 είκὸς
725 1555 793 1630 ἦν
823 1569 909 1631 μὲ,
944 1562 1036 1617 τὸν
1063 1563 1315 1617 ἀπάντων
1348 1579 1438 1632 μοι
1466 1561 1720 1629 φίλτατον
1739 1602 1753 1627 ,
1787 1562 1881 1616 καὶ

204 1645 269 1699 ὃν
297 1645 409 1698 ἴσον
452 1644 571 1713 ἀγω
596 1645 695 1716 τῆς
741 1648 979 1717 ἐμαυτοῦ
1028 1650 1293 1719 κεφαλῆς,
1323 1650 1383 1704 ἐν
1406 1652 1519 1712 τοῖς
1562 1650 1883 1720 ἀνηκέστοις

203 1732 421 1803 ὁρῶντα
469 1732 611 1785 κατά
654 1734 747 1787 τὸν
780 1737 878 1806 τῆς
918 1737 1157 1807 ἀθυμίας
1184 1738 1364 1807 λόγον.
1398 1736 1555 1806 Μηδέ
1588 1736 1617 1776 δ
1650 1737 1880 1809 νομίσῃς

202 1822 357 1891 ἡμᾶς
383 1820 489 1887 ἔξω
513 1820 612 1890 τῆς
637 1820 867 1890 θλίψεως
906 1825 1125 1879 ἑστάναι
1172 1826 1274 1895 τῆς
1299 1825 1420 1895 σῆς,
1451 1824 1586 1897 μηδὲ
1607 1822 1695 1878 διὰ
1724 1823 1880 1876 τοῦτο

202 1909 306 1979 τὴν
341 1908 688 1979 παράκλησιν
731 1910 1077 1981 ὑποπτεύσῃς
1104 1912 1202 1983 τὴν
1230 1915 1392 1985 ἐμήν.
1424 1912 1490 1966 El
1518 1911 1627 1982 γὰρ
1652 1912 1745 1965 καὶ
1784 1909 1879 1963 τοῦ

204 1998 621 2069 σπαράττεσθαι
680 1998 774 2053 καὶ
809 2000 1238 2056 καταὸάλλεσθαι
1281 2006 1433 2075 παρὰ
1486 2002 1582 2057 τοῦ
1639 2000 1879 2073 πονηροῦ

202 2087 460 2157 δαίμονος
489 2086 577 2140 διά
602 2086 702 2158 τὴν
734 2086 829 2140 τοῦ
850 2086 987 2141 Θεοῦ
1012 2089 1171 2159 χάριν
1191 2090 1571 2162 ἀπήλλαγμαι,
1620 2089 1721 2159 τῆς
1746 2087 1880 2157 γοῦν

202 2173 441 2245 ἀθυμίας
465 2174 561 2245 τῆς
583 2174 670 2228 διά
706 2174 881 2229 ταῦτα
910 2176 1004 2229 καὶ
1036 2176 1134 2246 τῆς
1161 2177 1351 2249 ὀδύνης
1378 2179 1438 2231 τὸ
1468 2180 1582 2232 ῖσον
1617 2195 1699 2231 σοι
1728 2177 1881 2247 φέρω

206 2261 395 2332 μέρος,
429 2262 523 2315 καί
543 2262 719 2326 οὐδεὶς
746 2262 813 2317 ἂν
844 2263 1165 2333 ἀπιστήσειέ
1195 2282 1284 2335 μοι
1315 2264 1424 2317 τῶν
1457 2265 1674 2319 εἰδότων
1703 2264 1880 2335 φιλεῖν

202 2347 281 2411 ὡς
296 2348 403 2419 χρὴ
439 2348 630 2416 φιλεῖν.
660 2350 798 2421 Φέρε
831 2346 925 2404 οῦν
946 2351 1399 2423 ἀποτιναξώμεθα
1412 2353 1511 2425 τὴν
1532 2353 1681 2407 κόνιν
1700 2370 1714 2383 ·
1736 2351 1879 2406 οὕτω

202 2433 314 2505 γάρ
330 2435 481 2487 ἔσται
507 2438 717 2507 φορητὴ
735 2438 827 2490 καὶ
843 2437 1019 2511 κούφη
1042 2441 1143 2510 τῆς
1166 2440 1403 2511 ἀθυμίας
1419 2440 1624 2511 ταύτης
1637 2444 1670 2511 ή
1692 2440 1874 2511 φύσις,

206 2520 374 2590 μόνον
405 2520 470 2591 ἢν
510 2522 585 2592 μὴ
646 2522 963 2597 θελήσωμεν
990 2538 1013 2566 ε
1048 2526 1233 2592 ἁπλῶς
1271 2528 1519 2590 ἐκδόντες
1550 2529 1774 2592 ἑαυτοὺς
1799 2530 1879 2601 τῷ

203 2603 374 2657 πάθει
409 2603 670 2677 σύρεσθαι
700 2608 841 2661 κατά
880 2612 1164 2682 κρημνῶν,
1200 2612 1336 2665 ἀλλά
1366 2612 1463 2665 καὶ
1492 2612 1763 2682 ἀνανῆψαι
1784 2614 1877 2666 καί¹

202 2691 523 2759 λογίσασθαί
565 2710 617 2746 τι
648 2693 757 2749 τῶν
802 2696 1029 2752 δεόντων
1076 2699 1487 2769 σπουδάσωμεν.
1533 2700 1711 2753 Πολλά
1769 2699 1878 2771 γάρ

200 2774 316 2827 τῶν
347 2774 647 2831 δοκούντων
692 2777 828 2833 εἶναι
872 2781 1059 2836 δεινῶν
1096 2782 1309 2853 μεγάλα
1340 2784 1441 2854 μὲν
1491 2784 1739 2853 φαίνεται
1785 2785 1879 2837 καὶ

201 2862 456 2933 ἀφόρητα
488 2864 617 2934 πρὶν
645 2864 996 2939 ἐξετασθῆναι
1024 2871 1207 2934 καλῶς
1228 2886 1242 2901 ⁸
1273 2873 1321 2924 εί
1373 2871 1432 2925 δέ
1482 2889 1570 2937 τις
1620 2872 1761 2927 αὐτά
1799 2871 1879 2942 τῷ

201 2947 455 3019 λογισμῷ
475 2949 851 3022 διασκέψηται,
878 2956 1099 3026 εὑρήσει
1122 2956 1302 3027 πολλῷ
1325 2958 1427 3028 τῆς
1470 2960 1729 3023 ὑπονοίας
1774 2978 1877 3014 κα-

200 3034 566 3106 ταδεέστερα’
618 3037 756 3109 ὅπερ
799 3041 891 3092 καὶ
930 3041 1025 3095 νῦν
1066 3043 1270 3106 ἐλπίζω
1306 3046 1654 3116 γενήσεσθαι.
1716 3045 1875 3099 Ἀλλά

202 3120 566 3193 διανάστησον
595 3126 810 3192 σαυτὸν,
845 3129 940 3181 καὶ
970 3128 1045 3199 μὴ
1079 3133 1145 3201 τῇ
1179 3132 1383 3203 ματαία
1411 3134 1508 3187 καὶ
1548 3134 1730 3205 ἀλόγῳ
1764 3133 1875 3187 τῶν

204 3208 419 3263 πολλῶν
454 3212 720 3282 ἑπόμενος
750 3215 900 3287 δόξῃ,
932 3217 1286 3289 σφοδρότερον
1311 3220 1521 3294 ἐργάσῃ
1547 3220 1669 3275 καθ’
1714 3220 1875 3292 ήμῶν

198 3296 293 3349 τὸν
322 3298 415 3367 ἐχο
423 3299 535 3369 ρόν.
556 3301 618 3353 El
648 3302 747 3372 μὲν
760 3301 856 3357 οὖν
872 3304 1010 3374 πρός
1035 3306 1158 3360 τινά
1182 3323 1271 3376 μοι
1295 3307 1404 3360 τῶν
1419 3308 1663 3362 ἀπίστων
1678 3310 1706 3362 ὁ
1718 3310 1875 3378 λόγος

198 3378 291 3453 ἦν,
327 3384 360 3455 ἢ
404 3386 513 3439 τῶν
543 3388 867 3460 αὐτομάτως
896 3392 1112 3446 ἅπαντα
1150 3394 1412 3464 φέρεσθαι
1436 3396 1795 3467 νομιζόντων,
1840 3397 1875 3469 ἢ

198 3468 307 3522 τῶν
344 3475 602 3543 πονηροῖς
642 3474 940 3546 δαιμονίοις
973 3479 1067 3533 τοῦ
1105 3480 1313 3551 κόσμου
1337 3482 1436 3551 τὴν
1464 3485 1723 3555 πρόνοιαν
1746 3486 1880 3539 ἀνα-

198 3556 481 3624 τιθέντων,
504 3562 708 3634 πολλῆς
729 3566 795 3621 ἀν
826 3585 916 3638 μοι
934 3570 1321 3640 πραγματείας
1336 3572 1575 3641 ἐδέησεν,
1599 3574 1686 3627 ἵνα
1725 3575 1879 3646 πρῶ-

196 3657 292 3695 τον
319 3644 418 3715 τὴν
434 3647 861 3724 πεπλανημένην
880 3654 1035 3721 δόξαν
1063 3657 1327 3721 ἐκϐαλὼν,
1343 3662 1438 3713 καὶ
1467 3661 1660 3725 πείσας
1678 3644 1877 3716 εἰδέναι

197 3729 299 3801 τὴν
314 3732 486 3804 ἀληθῆ
513 3734 606 3789 τοῦ
625 3740 824 3803 παντὸς
845 3742 1123 3813 πρόνοιαν,
1147 3744 1321 3809 οὕτως
1337 3749 1430 3799 ἐπὶ
1448 3749 1511 3801 τὸ
1534 3749 1874 3820 παρακαλεῖν

204 3818 390 3887 τρέψω
418 3820 510 3874 τὸν
541 3821 728 3891 λόγον·
767 3826 954 3899 ἐπειδὴ
988 3832 1045 3885 δὲ
1086 3835 1154 3904 τῇ
1198 3834 1293 3888 τοῦ
1344 3835 1479 3889 Θεοῦ
1538 3818 1721 3907 χάριτι
1764 3838 1873 3891 ἀπὸ

202 3902 438 3974 βρέφους
480 3908 549 3961 τά
600 3910 721 3980 ιερά
770 3916 1079 3987 γράμματα
1125 3902 1306 3989 οἶδας,
1346 3924 1442 3978 καὶ
1470 3902 1743 3995 τάἀληθῆ
1776 3929 1873 3981 καὶ

205 3994 453 4082 σωτήρια
483 3995 728 4066 δόγματα
770 4000 1151 4076 διαδεξάμενος
1175 4011 1239 4064 ἐκ
1286 4013 1566 4082 προγόνων
1594 3994 1874 4082 πιστεύεις

201 4079 449 4175 ἀκριϐῶς
496 4083 578 4139 ὅτι
624 4086 775 4158 μέλει
804 4092 933 4161 περὶ
966 4094 1185 4151 πάντων
1214 4097 1293 4168 τῷ
1324 4079 1475 4172 Θεῷ,
1510 4104 1606 4157 καὶ
1637 4079 1875 4175 μάλιστα

198 4165 311 4219 τῶν
341 4172 703 4227 πιστευόντων
722 4176 889 4248 αὐτῷ,
917 4180 1079 4235 τοῦτο
1119 4165 1349 4253 ἀφέντες
1378 4165 1439 4241 τὸ
1462 4165 1656 4260 νμέροςξ
1678 4192 1875 4265 ἐτέρω-

200 4253 292 4308 θεν
321 4259 677 4333 ποιησώμεθα
731 4266 832 4337 τὴν
882 4269 1079 4341 ἀρχήν.
1142 4273 1358 4346 Ἐπειδὴ
1400 4253 1579 4341 τούςᾶ
1603 4253 1871 4348 ἀγγέλους

197 4343 453 4436 ἐποίησεν
473 4349 501 4401 ό
515 4348 667 4414 Θεόςο
699 4354 894 4423 μᾶλλον
910 4355 965 4410 δέ
990 4358 1245 4431 ἀνωτέρω
1258 4343 1356 4415 τὸν
1372 4362 1526 4432 λόγον
1549 4343 1866 4436 ἀγάγωμενΖ

198 4429 331 4498 πρὶν
356 4433 485 4496 τοὺς
517 4436 783 4505 ἀγγέλους
822 4443 1098 4512 γενέσθαι,
1136 4429 1231 4501 καὶ
1274 4447 1373 4513 τάς
1401 4429 1567 4514 ἀλλας
1598 4429 1869 4523 ⁷δυνάμεις

196 4517 297 4609 τάς
326 4517 384 4569 ἐν
412 4522 525 4582 τοῖς
561 4525 849 4596 οὐρανοῖς,
890 4526 960 4602 ἦν
998 4533 1028 4586 ό
1073 4533 1227 4600 Θεὸς,
1274 4536 1449 4609 ἀρχὴν
1475 4517 1863 4595 οὐδέποτε-τοῦ

197 4597 341 4701 εἶναι
389 4603 588 4701 λαϐὼν.
631 4597 926 4687 ’Δνενδεὴςτ
966 4618 1023 4673 δὲ
1082 4620 1159 4675 ῶν
1190 4597 1612 4696 ίτοιοῦτον
1658 4627 1767 4701 γὰρ
1804 4628 1866 4683 τὸ

197 4689 355 4783 Θεῖον
370 4691 410 4763 ,)
434 4694 688 4783 ἐποίησεν
712 4699 999 4769 ἀγγέλους,
1029 4689 1428 4781 ἀρχαγγέλους,
1456 4714 1551 4768 καὶ
1576 4689 1681 4779 τὰς·
1701 4689 1867 4783 ἄλλας

194 4776 307 4832 τῶν
329 4778 633 4851 ἀσωμάτων
662 4785 870 4874 οὐσίας,
903 4776 1209 4863 ἐποίησεδέ
1226 4776 1307 4851 ’δι’
1327 4776 1513 4872 ἕτερον
1548 4776 1865 4874 μὲν-οὐδὲν,

194 4865 266 4918 δι’
310 4867 621 4961 ἀγαθότητα
656 4870 735 4961 δὲ,
762 4874 950 4961 μόνην.
981 4873 1084 4932 ’Ὧν
1115 4882 1225 4954 γάρ
1272 4889 1372 4957 τῆς
1423 4865 1722 4961 θεραπείας
1768 4865 1868 4947 οὐκ

196 4952 419 5052 ἔχρῃζε,
463 4956 667 5052 τούτων
690 4959 798 5052 οὐδ’
925 4952 1258 5039 δημιουργὸς
1284 4952 1523 5043 ἐγένετο,
1554 4980 1603 5033 εί
1636 4952 1716 5052 μη
1740 4982 1869 5051 σφό-

196 5042 303 5112 δρα
323 5040 392 5115 ἦν
414 5046 619 5115 ἀγαθός
639 5059 683 5103 θ.
701 5050 855 5103 Μετά
875 5051 931 5105 δὲ
956 5054 1053 5125 τὴν
1080 5057 1287 5113 τούτων
1320 5040 1384 5131 δη
1393 5040 1519 5133 μιου
1526 5040 1710 5139 ργίάν’
1727 5040 1871 5125 πόιεῖ

197 5130 397 5185 καὶτὸν
411 5133 693 5206 ἄνθρωπον
703 5136 790 5191 διά
801 5138 899 5209 τὴν
915 5141 1085 5213 αὐτὴν
1098 5148 1303 5218 ταύτην
1316 5148 1364 5220 [ι
1374 5130 1467 5223 38]
1486 5130 1648 5209 πάλιν
1664 5158 1864 5223 αἰτίαν,

195 5217 296 5313 καὶ
333 5220 426 5274 τὸν
455 5224 659 5293 κόσμον
698 5227 912 5281 ἅπαντα
943 5229 1152 5288 τοῦτον.
1196 5217 1551 5310 καὶνμυρίων
1578 5244 1741 5297 αὐτὸν
1768 5217 1865 5313 ἐμλ

196 5301 417 5400 πλήσας
469 5311 690 5380 ἀγαθῶν
740 5316 832 5369 τὸν
885 5318 1081 5390 μικρὸν
1135 5301 1354 5379 ἐκεῖνον’
1392 5301 1486 5380 καὶ
1521 5328 1711 5400 εὐτελῆ
1751 5301 1865 5395 τόῖς

192 5391 471 5488 τοσούτοις
505 5400 689 5472 ἑργοις
715 5404 1005 5478 ἐπέστησε,
1057 5409 1217 5465 τοῦτο
1258 5412 1421 5468 αὐτὸν
1460 5391 1745 5488 ἀποφήνας
1770 5391 1864 5473 ἐπί

192 5475 295 5547 τῆς
316 5480 451 5551 γῆς,
482 5488 621 5563 ὅπερ
653 5494 805 5549 ἐστὶν
847 5475 1005 5561 αὐτὸς
1055 5497 1114 5552 ἐν
1145 5504 1261 5566 τοῖς
1298 5475 1679 5576 οὐρανοῖςίἸζὸ
1725 5475 1861 5582 γὰρ.

258 5674 286 5768 ἒ
558 5686 780 5768 (afﬁgi.
812 5694 1068 5768 Atjiorel.
1084 5698 1237 5761 μεῖζόν
1260 5717 1317 5762 με
1338 5704 1501 5766 πάθος,
1521 5714 1685 5763 minus
1705 5720 1861 5768 recte.

257 5731 384 5817 ἔδειξε
412 5739 560 5817 $9ij
588 5731 948 5817 ιιὸῐιίὲῗμῖδὲιῖ

191 5798 476 5920 ρεζθαῗεινίι.
502 5800 547 5850 in
573 5817 724 5869 marg.
752 5798 1262 5886 μ’ξἾᾶόῇωρήσωμεν,
1300 5828 1353 5872 ει
1392 5840 1502 5877 mox
1534 5834 1602 5897 τῷ
1624 5838 1759 5888 πάθει
1779 5839 1871 5905 φέ-

253 5918 281 6005 (.1
307 5920 662 6005 illincilléln‘el’slﬁ
686 5932 918 6004 yép'roég.
945 5942 1097 5993 Savil.
1128 5948 1286 6005 ἐπειδὴ
1307 5948 1429 6005 τούς.

655 5979 662 5986 ι
697 5979 705 5990 ι
806 5979 918 5993 ε--τ-
945 5979 1097 5993 ’νῚΙΙΙΙι
1128 5979 1237 5995 ῠιιςγ
1264 5979 1273 5994 Ι
1316 5979 1389 5997 ιυυ
1419 5989 1429 5997 ο

256 5982 281 6010 ⁸
306 5979 456 6034 Savil.
486 5995 538 6036 cl
554 5992 687 6041 C015.
715 5979 912 6056 ἐγένετο,
936 6006 999 6062 μή
1021 6009 1193 6071 σφόδρι
1311 5979 1493 6074 ἀγαῧλός.

1134 554 1226 611 AD
1266 552 1647 611 STAGIRIUM
1685 552 1731 608 Α
1769 551 2075 610 ΒᾹΞΜΟΝΕ
2115 554 2478 613 VEXATUM.
2518 557 2649 616 LIB.
2691 560 2732 615 ῐ.

3558 562 3664 619 428

1990 671 2347 741 Ποιήσωμεν
2362 674 2679 744 ἄνθρωπον
2698 677 2827 730 κατ’
2843 677 3047 731 εἰκόνα
3079 677 3375 747 ἡμετέραν
3402 678 3501 733 καί
3532 680 3663 736 καθ’

1986 760 2294 828 ὁμοίωσιν,
2312 761 2465 815 οὐδὲν
2502 762 2689 834 ἐτερόν
2708 764 2858 817 ἐστιν
2882 765 2914 834 ἢ
2945 764 3007 817 τὸ
3046 766 3139 819 καὶ
3167 765 3333 819 αὐτὸν
3348 766 3446 837 τὴν
3486 769 3663 839 ἀρχὴν

1985 847 2297 918 ἀνῃρῆσθαι
2331 848 2440 901 τῶν
2468 852 2528 903 ἐν
2568 853 2634 922 τῇ
2687 852 2780 922 γῇ.
2801 852 3041 923 Ποιήσας
3067 853 3123 906 δέ
3159 853 3323 907 αὐτὸν
3353 855 3449 909 καὶ
3483 856 3541 908 ἐν
3570 874 3661 909 τοι

1986 936 2158 1007 σαύτῃ
2194 938 2546 1009 καταστήσας
2576 942 2737 1010 τιμῇ,
2794 939 3047 1012 καθάπερ
3105 941 3349 1012 βασίλεια
3397 944 3658 1015 βασιλεῖ(

1982 1023 2044 1077 τὸ
2086 1022 2376 1077 κάλλιστον
2400 1025 2507 1078 τῶν
2533 1026 2627 1080 ἐπὶ
2656 1027 2762 1097 γῆς
2787 1027 3028 1092 ἀπέταξε
3046 1028 3140 1083 τὸν
3178 1032 3526 1102 παράδεισον.
3553 1035 3665 1090 Kal

1982 1114 2121 1183 πρὸς
2143 1114 2356 1177 τούτοις
2391 1115 2714 1187 βουλόμενος
2739 1118 2886 1189 αὐτῷ
2911 1120 3083 1187 δεῖξαι
3115 1122 3210 1175 καὶ
3247 1123 3514 1195 ἑτέρωθεν
3536 1128 3663 1181 ὅσον

1981 1197 2091 1250 τῶν
2122 1198 2329 1252 λοιπῶν
2371 1199 2680 1271 ἀνα6έ6ηκε
2702 1200 2855 1266 ζώων
2876 1205 3044 1273 δ,ἀγει
3074 1206 3211 1276 πρὸς
3235 1207 3399 1261 αὐτὸν
3420 1209 3661 1276 ἅπαντα,

1984 1281 2077 1333 καὶ
2124 1281 2368 1352 ὀνόματα
2401 1283 2671 1337 ἐπιθεῖναι
2723 1285 2936 1339 κελεύει
2965 1289 3131 1342 πᾶσιν
3154 1290 3357 1355 αὐτοῖς.
3378 1293 3489 1347 Kal
3510 1295 3662 1366 ὅμως

1983 1366 2133 1419 οὐδὲν
2150 1366 2209 1431 ἐξ
2227 1367 2405 1421 αὐτῶν
2451 1369 2671 1424 δίδωσιν
2714 1372 2865 1442 αὐτῷ
2907 1373 3045 1445 πρὸς
3103 1374 3358 1445 βοήθειαν
3383 1395 3396 1409 ο
3423 1381 3519 1433 καὶ
3556 1382 3659 1454 τήν

1984 1453 2165 1506 αἰτίαν
2210 1454 2598 1528 προστίθησιν
2643 1459 2728 1513 οὐ
2776 1458 2888 1530 γὰρ
2934 1460 3171 1529 εὑρέθη,
3213 1463 3379 1534 φησὶ,
3424 1453 3663 1536 ,Βοηθός

1984 1539 2185 1608 ὅμοιος
2240 1542 2422 1608 αὐτῷ.
2486 1544 2717 1613 Διδάξας
2766 1547 2827 1602 δὲ
2872 1549 3038 1603 αὐτὸν
3071 1550 3165 1603 καὶ
3208 1550 3297 1606 διά
3352 1553 3559 1609 τούτων
3599 1557 3663 1611 τὸ

1988 1627 2150 1695 μέσον
2183 1628 2451 1700 ἑκατέρας
2495 1633 2594 1702 τῆς
2623 1634 2860 1702 φύσεως,
2891 1638 2987 1691 καὶ
3010 1638 3094 1692 ὅτι
3122 1638 3340 1695 πάντων
3378 1643 3543 1710 αὐτὸς
3579 1663 3665 1701 τι-

1986 1710 2281 1785 μιώτερος,
2311 1717 2405 1769 καὶ
2439 1717 2592 1771 οὐδὲν
2615 1719 2675 1771 ἐν
2693 1722 2933 1793 τοσούτῳ
2964 1724 3163 1796 πλήθει
3192 1728 3307 1781 ἴσον
3335 1730 3507 1801 αὐτῷ,
3539 1733 3662 1787 τότε

1981 1799 2045 1870 δὴ
2071 1799 2244 1864 κτίζει
2272 1802 2368 1856 καὶ
2400 1804 2501 1874 τὴν
2533 1809 2790 1873 γυναῖκα,
2831 1810 2936 1863 κάν
2982 1812 3158 1884 τούτῳ
3189 1814 3357 1870 πάλιν
3382 1799 3548 1874 αὐτὸν
3578 1839 3663 1875 τι·

1983 1886 2103 1955 μῶν
2128 1888 2225 1940 καὶ
2262 1890 2497 1961 φανερὸν
2525 1893 2712 1962 ποιῶν,
2736 1895 2818 1949 ὅτι
2842 1896 2911 1950 δι’
2937 1898 3103 1953 αὐτὸν
3130 1902 3343 1971 γέγονε,
3371 1906 3553 1973 καθὼς
3566 1912 3663 1965 καὶ

1979 1974 2008 2026 ό
2041 1974 2254 2039 Παῦλός
2299 1994 2464 2048 φησιν
2484 1995 2498 2009 ·
2552 1982 2634 2067 οὐ
2666 1984 2774 2051 γὰρ
2800 1985 3049 2056 ἐκτίσθη
3084 1989 3241 2059 ἀνὴρ
3278 1991 3377 2047 διὰ
3410 1996 3528 2065 τὴν
3552 2017 3664 2067 γυ-

1980 2061 2174 2127 ναῖκα,
2198 2065 2361 2119 ἀλλὰ
2391 2066 2549 2135 γυνὴ
2576 2066 2674 2123 διὰ
2698 2070 2804 2124 τὸν
2830 2072 3040 2142 ἄνδρα.
3066 2078 3141 2130 Οὐ
3171 2077 3383 2144 τούτοις
3407 2061 3480 2135 δέ⁷
3501 2061 3664 2155 μόνον

1981 2151 2141 2205 αὐτὸν
2166 2155 2557 2225 άπεσέμνυνεν,
2580 2158 2716 2213 ἀλλά
2744 2162 2840 2215 καὶ
2863 2162 3022 2231 λόγον
3039 2165 3188 2237 αὐτῷ
3211 2168 3358 2240 μόνῳ
3378 2171 3488 2226 τῶν
3503 2151 3664 2229 *πάν-

1981 2255 2088 2293 των
2120 2242 2148 2280 ιι
2179 2242 2505 2315 ἐχαρίσατο,
2560 2248 2657 2301 καὶ⁹
2698 2249 2804 2319 τῆς
2846 2251 3014 2305 αὐτοῦ
3047 2254 3305 2321 γνώσεως
3330 2259 3662 2331 κατηξίωσε,

1983 2329 2079 2381 καὶ
2103 2330 2203 2400 τῆς
2237 2332 2375 2402 πρὸς
2403 2334 2566 2388 αὐτὸν
2601 2337 2819 2406 ὁμιλίας
2839 2339 3135 2394 ἀπολαύειν
3164 2342 3387 2408 ἔδωκεν,
3413 2329 3491 2411 ὼς
3524 2350 3665 2404 ἀπο-

1982 2414 2171 2470 λαύειν
2205 2420 2401 2490 ἐκείνῳ
2465 2420 2688 2476 δυνατὸν
2746 2421 2838 2496 ἦν,
2895 2429 2992 2482 καὶ⁵
3052 2430 3353 2487 ἀθανασίαν
3407 2438 3665 2510 παρέξειν

1986 2505 2276 2575 ὑπέσχετο,
2326 2509 2421 2562 καὶ
2455 2510 2658 2581 πολλῆς
2682 2512 2784 2582 τῆς
2819 2515 3015 2583 σοφίας
3047 2518 3334 2591 ἐνέπλησε,
3376 2505 3663 2582 καὶνπνευ-

1981 2594 2223 2664 ματικὴν
2253 2597 2420 2667 χάριν
2440 2598 2723 2669 ἐνέθηκεν,
2746 2601 2823 2664 ὡς
2843 2604 2937 2656 καὶ
2967 2607 3350 2677 προφητεῦσαί
3382 2628 3524 2667 τινα.
3550 2615 3664 2669 Καὶ

1976 2679 2151 2734 ταῦτα
2178 2682 2360 2736 πάντα
2386 2683 2701 2755 ἐδωρήσατο
2724 2689 2940 2773 οὐδενὸς
2969 2697 3436 2767 προύπηργμένου
3472 2718 3665 2773 κατορ-

1979 2764 2228 2836 θώματος
2272 2768 2403 2840 παρ’
2433 2770 2625 2825 αὐτοῦ.
2673 2773 2738 2826 Τί
2786 2772 2881 2828 οὖν
2917 2779 3123 2842 ἐκεῖνος
3156 2781 3172 2823 ί
3202 2764 3365 2851 νμετά
3423 2764 3664 2843 τοσαῦτα

1978 2853 2074 2905 καὶ
2097 2853 2399 2923 τηλικαῦτα
2425 2857 2643 2926 ἀγαθάς
2684 2859 3014 2934 Πιστότερον
3056 2866 3151 2919 τοῦ
3190 2868 3366 2924 ταῦτα
3411 2872 3665 2945 δωρησα-

1982 2938 2144 3008 μένου
2174 2942 2267 2995 τὸν
2292 2944 2488 3015 ἐχθρὸν
2507 2946 2749 3015 ἐνόμισε,
2770 2950 2866 3002 καὶ
2894 2951 2995 3022 τῆς
3028 2954 3251 3025 ἐντολῆς
3266 2957 3358 3010 τοῦ
3398 2938 3664 3031 ποιήσαν-

1978 3043 2070 3089 τος
2114 3028 2407 3099 ἀλογήσας,
2452 3034 2789 3106 προετίμησε
2834 3037 2936 3107 τήν
2971 3040 3189 3112 ἀπάτην
3238 3043 3334 3096 τοῦ
3379 3028 3663 3115 παντελῶς

1978 3114 2143 3167 αὐτὸν
2172 3118 2432 3186 ἀφανίσαι
2450 3122 2851 3188 σπουδάσαντος
2882 3126 2981 3179 καὶ
3013 3129 3235 3183 πάντων
3260 3132 3472 3205 ἀθρόως
3495 3114 3661 3191 ἐκϐαὲ

1977 3197 2090 3253 λεῖν
2121 3202 2230 3257 τῶν
2263 3204 2508 3271 ἀγαθῶν.
2566 3208 2682 3262 Kal
2713 3211 3108 3283 προετίμησεν,
3159 3216 3312 3272 οὐδὲν
3336 3197 3488 3275 ὀὕτε
3518 3225 3664 3294 μέγα

1973 3285 2100 3340 οὐτε
2129 3291 2327 3361 μικρὸν
2347 3292 2668 3363 εὐεργεσίας
2680 3296 2868 3353 ἕνεκεν
2886 3300 3301 3374 ἐπιδειξαμένου
3330 3309 3468 3379 πρὸς
3496 3285 3663 3367 αὐτὸν

1975 3373 2209 3471 ἐκείνου,
2244 3376 2381 3430 ἀλλά
2403 3380 2627 3449 ῥήματα
2649 3384 3121 3454 προσενέγκαντος
3143 3373 3313 3459 μόνον
3345 3373 3515 3467 αὐτῷ.
3535 3394 3604 3451 *Α
3614 3399 3662 3471 ρ’

1976 3455 2070 3513 οῦν
2127 3461 2410 3534 ἐξήλειψεν
2465 3466 2674 3521 αὐτὸνί
2713 3472 2743 3523 ό
2770 3467 2925 3539 Θεὸς,
2967 3455 3237 3549 τοσαύτην
3266 3455 3664 3557 ἀγνωμοσύνην

1979 3547 2039 3613 ἐξ
2079 3548 2255 3620 ἀρχῆς
2276 3552 2373 3604 καὶ
2400 3552 2494 3606 ἀπ’
2519 3554 2716 3626 αὐτῆς,
2750 3558 2826 3623 ὡς
2856 3562 3054 3628 εἰπεῖν,
3085 3547 3355 3637 γραμμῆς
3381 3547 3663 3640 ἐπιδειξά-

1981 3651 2178 3705 μενονς
2234 3638 2408 3730 Τοῦὶτο
2460 3642 2561 3711 μὲν
2594 3642 2705 3715 γάρ
2757 3647 2901 3700 κατά
2948 3650 3041 3703 τὸν
3091 3652 3186 3705 τοῦ
3239 3654 3451 3710 δικαίου
3502 3638 3664 3730 λόγον

1977 3721 2274 3777 ἀκόλουθον
2328 3721 2418 3796 ἦν,
2471 3728 2565 3781 τὸν
2599 3732 2772 3801 μυρία
2801 3736 2899 3804 μὲν
2933 3737 3180 3794 παθόντα
3218 3742 3383 3807 καλὰ,
3444 3721 3661 3806 ἀντὶ..δέ

1974 3809 2179 3863 τούτων
2194 3812 2303 3866 ἀπὸ
2324 3816 2612 3887 παρακοῆς
2634 3818 2729 3872 καὶ
2750 3820 3078 3893 ἀχαριστίας
3101 3827 3305 3893 εὐθέως
3317 3832 3383 3885 τά
3400 3838 3661 3907 προοίμια

1970 3896 2067 3950 τοῦ
2110 3896 2226 3967 βίου
2263 3905 2654 3993 πεποιημένον,
2705 3908 2973 3966 ἀπολέσαι
3003 3915 3097 3967 καὶ
3125 3917 3190 3969 ἑκ
3229 3918 3397 3987 μέσου
3444 3896 3655 3993 βαλεῖν.

1984 3982 2045 4037 '0
2100 3984 2158 4037 δέ
2204 3986 2339 4051 Θεὸς
2390 3990 2490 4060 οὐχ
2540 3986 2705 4063 ἦττον
2752 3995 2787 4066 ἤ
2833 3999 3100 4072 πρότερον
3134 3982 3464 4075 εὐεργετῶν.
3492 4013 3658 4067 αὐτὸν

1977 4069 2269 4137 διετέλεσε,
2308 4075 2525 4142 δεικνὺς
2574 4080 2679 4145 ὅτι,
2713 4082 2815 4135 κᾶν
2874 4069 3133 4157 μυριάκις
3180 4069 3519 4166 ἀμάρτωμεν
3562 4101 3657 4153 καὶ⁵

1974 4157 2417 4233 ἀποστραφῶμεν
2454 4165 2639 4234 αὐτὸν,
2677 4168 2747 4222 τά
2798 4171 2937 4241 πρὸς
2993 4157 3269 4248 σωτηρίαν
3301 4157 3439 4251 ἦμῖῦ
3491 4186 3656 4251 αὐτὸς

1974 4246 2277 4317 οἰκονομῶν
2306 4250 2368 4303 οὐ
2409 4253 2669 4320 παύεται,
2728 4257 2796 4310 ἶν’
2826 4258 2893 4312 ἂν
2947 4262 3048 4331 μὲν
3078 4246 3519 4340 ἐπιστρέψωμεν,
3560 4246 3656 4329 xal

1974 4332 2239 4403 σωθῶμεν
2261 4352 2275 4366 ⁸
2314 4338 2381 4391 ἂν
2408 4339 2466 4392 δὲ
2497 4342 2850 4415 ἐπιμένωμεν
2883 4349 2950 4417 τῇ
2994 4350 3183 4421 κακίᾳ,
3224 4332 3284 4406 τὸ
3313 4332 3445 4423 γοῦν
3489 4332 3653 4415 αὐτὸν

1969 4418 2041 4471 τά
2072 4420 2240 4473 αὐτοῦ
2271 4424 2537 4491 πράττειν
2566 4429 2633 4481 ἐκ
2673 4430 2866 4483 τούτου
2915 4436 3278 4505 περιγίνεται.
3338 4445 3497 4498 Δοκεῖ
3550 4448 3653 4519 μὲν

2001 4500 2030 4519 .-
2128 4507 2141 4519 .
2190 4508 2203 4519 .
2260 4509 2286 4519 -
2326 4510 2341 4519 .
2387 4513 2408 4519 -
2535 4512 2561 4519 -
2772 4518 2777 4519 κ
2836 4518 2839 4519 ν

1968 4500 2063 4559 οῦν
2092 4507 2153 4559 τὸ
2186 4508 2437 4565 ἐκϐαλεῖν
2467 4512 2563 4566 τοῦ
2607 4518 2969 4587 παραδείσου,
3011 4524 3109 4579 καὶ
3150 4526 3213 4581 τὸ
3254 4530 3496 4588 κωλῦσαι
3550 4500 3651 4591 ἶτοῦ

1971 4592 2130 4658 ξύλου
2156 4596 2259 4688 τῆς
2287 4596 2456 4670 ζωῆς,
2490 4603 2585 4656 καὶ
2616 4604 2678 4658 τὸ
2707 4608 3044 4679 παραδοῦναι
3083 4614 3162 4686 τῷ
3202 4615 3437 4688 θανάτῳ,
3483 4624 3648 4679 κολά-

1968 4682 2151 4773 ζοντος
2179 4681 2320 4739 εἶναι
2350 4689 2447 4741 καὶ
2475 4696 2917 4765 τιμωρουμένου⁶
2946 4700 3007 4751 τὸ
3030 4700 3087 4754 δὲ
3112 4681 3465 4773 προνοοῦντός
3497 4713 3648 4766 ἐστιν

1968 4771 2067 4841 οὐχ
2112 4766 2277 4843 ἦττον
2306 4774 2341 4846 ἢ
2370 4777 2466 4831 καὶ
2500 4780 2786 4852 πρότερον.
2815 4785 2879 4837 El
2906 4786 3014 4856 γὰρ
3037 4790 3131 4841 καὶ
3156 4766 3475 4862 ’παράδοξον
3505 4795 3646 4854 εἶναι

1969 4859 2116 4914 δοκεῖ
2140 4861 2202 4915 τὸ
2224 4863 2537 4936 λεγόμενον,
2551 4868 2830 4956 ἀλλ’δμως
2836 4870 3047 4956 ἀληθές
3065 4891 3081 4907 ⁸
3104 4876 3175 4931 τά
3209 4859 3309 4950 μὲν
3344 4883 3454 4956 γάρ
3495 4889 3643 4955 γινὸ-

1973 4966 2110 5018 μενα
2124 4950 2341 5007 ἐναντία
2372 4953 2529 5025 [159]
2550 4954 2801 5047 ἀλλήλοις
2831 4953 2922 5030 ἦν,
2946 4961 3015 5015 τά
3057 4963 3114 5017 δὲ
3154 4950 3481 5043 ἀμφοτέρων
3506 4950 3641 5047 τέλη

1970 5036 2236 5108 σύμφωνα
2262 5042 2355 5093 καὶ
2379 5040 2665 5096 ἀκόλουθα.
2701 5039 2829 5100 Οίόν
2861 5066 2915 5102 τι
2958 5049 3134 5121 λέγω·
3168 5036 3586 5116 Τὸτάποκλεῖσαι
3612 5036 3642 5106 ί

1966 5124 2059 5177 τοῦ
2105 5126 2457 5195 παραδείσου,
2487 5129 2549 5182 τὸ
2580 5134 2890 5188 κατοικίσαι
2918 5138 3189 5205 ἐναντίον,
3230 5143 3292 5196 τὸ
3329 5146 3641 5220 ἀποτρέψαι

1965 5210 2063 5263 τοῦ
2098 5211 2256 5278 ξύλου
2286 5214 2387 5285 τῆς
2409 5214 2579 5289 ζωῆς,
2610 5221 2673 5274 τὸ
2695 5223 2955 5289 κωλῦσαι,
2983 5228 3044 5279 τὸ
3069 5230 3295 5301 ποιῆσαι
3339 5210 3565 5305 θνητὸν,
3581 5241 3643 5293 τὸ

1964 5298 2101 5363 τέως
2154 5299 2427 5375 ἀνώτερον
2486 5308 2763 5378 ἀποφῆναι
2814 5312 2913 5382 τῆς
2965 5298 3313 5386 ἀποφάσεως,
3365 5298 3550 5378 πάντα⁷
3575 5326 3641 5399 δὴ

1966 5389 2063 5442 καὶ
2100 5389 2169 5445 τά
2191 5391 2251 5459 ἐξ
2283 5393 2510 5449 ἐκείνων
2547 5398 2640 5451 καὶ
2670 5398 2737 5451 τά
2783 5399 2848 5452 ἑκ
2899 5402 3106 5459 τούτων
3136 5406 3275 5479 ὑπὲρ
3305 5410 3407 5481 τῆς
3446 5389 3640 5470 τούτού

1972 5481 2254 5551 σωτηρίας
2284 5482 2499 5551 ἐγένετο
2514 5485 2609 5539 καὶ
2631 5486 2821 5558 τιμῆς.
2849 5492 2961 5546 Καὶ
2995 5494 3134 5569 ὑπὲρ
3173 5498 3275 5569 μὲν
3308 5499 3419 5556 τῶν
3448 5507 3642 5575 προτέ-

2034 5595 2058 5684 ξ
2084 5600 2690 5684 (ἐρίδὲθίζξαῖξιὲραισῦἑια
2712 5610 2912 5684 βασιλῇ
2941 5612 3117 5684 Mqrel.
3141 5618 3383 5684 βασίλειον
3402 5624 3511 5684 βασ.

2086 5636 2218 5651 um...
2241 5636 2293 5650 υ..
2310 5636 2459 5651 υιινιι.
2537 5636 2685 5655 unum
2726 5636 2912 5659 νιοιλει.
2943 5636 3117 5664 murel.
3208 5636 3383 5668 σιλειον
3402 5636 3511 5684 βασ.

2032 5662 2058 5701 Β
2088 5662 2182 5738 Sic.
2203 5664 2353 5741 S'avik
2376 5670 2428 5736 ιξι
2606 5636 2839 5741 Εᾱιὶόετει
2862 5673 3118 5741 ῌρῃιίχτά
3140 5636 3282 5730 alma
3305 5685 3419 5741 ζῶα,
3446 5690 3499 5732 cl.
3525 5695 3641 5735 mox

1966 5724 2504 5790 πᾶσιχαύτόντ-θείιιαρ
2532 5728 2701 5781 Morel.
2727 5736 2820 5783 Kal
2840 5737 2994 5788 οὐδέν.
3023 5724 3155 5790 Eae;

1966 5844 1989 5893 ἕ
2028 5783 2057 5820 h
2077 5782 2162 5892 gica
2180 5785 2332 5837 Savil.
2354 5796 2513 5846 recte.
2543 5791 2717 5847 Morel.
2759 5782 3287 5865 ιετοᾶιλλὰῖαίλόγον
3319 5805 3448 5870 μόνῳ
3478 5806 3642 5873 τούτῳ

1991 5862 2021 5892 κ
2040 5861 2077 5892 π
2108 5863 2245 5893 ντων.

1991 5862 2021 5892 κ
2040 5861 2245 5895 παντων.

2034 5906 2047 5944 ί
2085 5906 2135 5971 [ο
2163 5910 2530 5971 Μοτει.ἐκεῖνος
2552 5918 2713 5969 deest.

2030 5979 2044 6043 ξ
2079 5968 2232 6043 ξξινὶιζ
2254 5968 2633 6043 ἐξῄλςιψεκιξςῖπέ
2654 6000 2751 6043 μοι,
2776 5985 2933 6034 αὐτόν.

2034 6028 2058 6065 ιι
2082 6028 2248 6082 Morel.
2276 6034 2329 6081 τὸ
2355 6028 3060 6100 ἀπόκ)ἰεῖσαί.“⁷(ὶὸίιῖ.’ἑῐἑανίῑ.
3099 6051 3150 6098 τὸ
3174 6052 3435 6104 διατειχίσαι..
