4532 6712
492 579 592 635 ιξξθ

488 706 563 757 Ac
589 701 656 756 de
687 703 953 773 prioribus
976 705 1190 776 quidem
1219 703 1352 758 nihil
1381 702 1628 766 dixerim,
1660 717 1778 756 curn
1811 701 1862 755 id
1892 701 2058 756 cuivis

487 795 661 864 palam
690 797 790 849 sit:
815 796 884 850 de
905 796 1291 864 posterioribus
1317 791 1487 845 solum
1515 795 1646 846 ratio
1670 791 1938 846 reddenda
1957 799 2055 845 est.

553 888 604 940 5.
635 886 798 941 Homo
821 888 980 941 labori
1006 883 1570 949 addictus.—Quonam
1590 899 1716 953 ergo
1737 883 1896 937 modo
1921 881 2058 937 scire

484 978 771 1042 poterimus
794 986 1082 1046 posteriora
1106 988 1316 1043 quoque
1339 975 1433 1041 ipsi
1454 976 1592 1028 utilia
1613 974 1799 1028 fuisse?
1818 973 2058 1026 Siconsi-

479 1067 726 1122 duremus
748 1067 872 1134 quid
902 1080 1090 1134 passus
1118 1073 1281 1130 esset,
1309 1064 1409 1118 nisi
1438 1065 1549 1119 hmc
1573 1068 1640 1118 ita
1664 1063 2007 1131 contigissent
2038 1079 2052 1115 :

479 1176 599 1213 nam
628 1160 669 1212 si
691 1158 974 1226 pollicente
995 1153 1206 1207 diabolo
1227 1156 1454 1223 mquales
1471 1155 1586 1208 illos
1618 1154 1726 1206 Deo
1743 1167 1800 1206 se
1816 1162 2056 1205 ostensu-

477 1267 592 1304 rum
611 1258 730 1318 post
748 1246 1198 1314 prmvarieationis
1212 1256 1412 1300 reatum
1436 1248 1486 1300 in
1505 1246 1693 1301 eodem
1717 1246 1915 1299 honore
1939 1261 2056 1314 per-

478 1342 757 1402 stitissent,
782 1339 832 1390 in
854 1338 951 1391 tria
975 1337 1210 1406 profecto
1243 1354 1489 1409 suprema
1526 1338 1666 1391 mala
1714 1339 2051 1392 incurrisset.

478 1431 657 1484 Primo
689 1429 830 1482 enim
859 1428 1016 1481 Deum
1034 1430 1350 1483 malevolum
1373 1428 1812 1496 scductoremque
1827 1437 1878 1481 et
1899 1443 2052 1481 meu-

476 1520 660 1574 dacem
710 1518 1349 1574 existimasset:sccundo
1391 1518 1534 1571 illum
1557 1533 1684 1572 vere
1718 1519 2051 1572 seductorem

480 1609 977 1678 malevolentimque
997 1620 1044 1663 ct
1064 1610 1322 1664 mendacii
1341 1618 1395 1662 et
1412 1609 1622 1662 invidiae
1644 1620 1935 1677 parentem,
1957 1610 2050 1664 be-

474 1701 701 1754 neficum
720 1707 881 1767 atque
901 1700 1124 1751 amicum
1144 1700 1434 1768 putavisset
1463 1715 1475 1750 :
1509 1707 1778 1766 postremo
1800 1700 2048 1767 peccandi

473 1792 724 1859 deinceps
745 1803 1030 1857 numquam
1054 1790 1208 1842 linem
1237 1791 1466 1844 fecisset.
1491 1789 1583 1842 His
1606 1798 1781 1842 autem
1805 1791 2050 1844 omnibus

473 1892 600 1936 tuuc
625 1881 894 1937 hominem
931 1879 1190 1944 liberavit,
1225 1895 1345 1934 cum
1391 1896 1456 1934 ex
1489 1879 1737 1950 paradiso
1771 1881 1944 1948 ejecit.
1977 1881 2048 1934 Ita

472 1973 584 2026 fere
612 1982 666 2028 et
691 1972 948 2038 medicus,
979 1973 1023 2026 si
1053 1973 1238 2025 vulnus
1276 1973 1501 2042 negligat
1531 1987 1593 2027 ac
1627 1972 1863 2038 deserat,
1892 1987 2051 2041 puru-

473 2064 672 2119 lentum
716 2065 945 2132 amplius
987 2064 1162 2118 reddit
1207 2080 1220 2116 :
1270 2065 1352 2118 sin
1380 2081 1506 2119 vero
1544 2064 1801 2120 incisione
1848 2071 2047 2128 utatur,

471 2155 693 2208 ulterius
721 2155 969 2224 progredi
1007 2154 1207 2208 saniem
1243 2169 1305 2208 ac
1342 2156 1511 2210 morbi
1551 2157 1696 2210 virus
1725 2164 1890 2210 vetat.
1913 2155 2049 2222 Quid

471 2243 663 2312 igitur?
690 2244 802 2297 Non
845 2245 926 2298 his
961 2251 1244 2297 contentus
1285 2243 1406 2308 fuit;
1452 2245 1558 2299 imo
1602 2255 1658 2299 et
1702 2245 1928 2300 sudores
1977 2244 2049 2299 illi

471 2332 665 2401 adjecit
688 2342 742 2387 et
767 2333 975 2387 labores
1005 2349 1018 2385 :
1045 2333 1178 2386 nihil
1198 2333 1340 2387 enim
1365 2332 1535 2387 minus
1561 2335 1669 2388 otio
1690 2343 1744 2388 et
1763 2334 1927 2404 quieti
1957 2349 2050 2386 ua-

472 2430 583 2473 tum
621 2430 886 2490 estquam
929 2421 1157 2475 hominis
1201 2429 1409 2474 natura.
1452 2421 1505 2476 Si
1532 2423 1672 2476 enim
1714 2424 1799 2477 his
1827 2423 2046 2488 addicti,

473 2526 540 2566 ne
563 2511 640 2565 sic
665 2512 877 2580 quidem
922 2528 1142 2582 peccare
1170 2513 1495 2579 desistimus,
1522 2529 1626 2583 quo
1650 2514 1910 2569 scelerum
1933 2530 2050 2584 pro-

472 2618 655 2673 gressa
699 2619 803 2657 non
850 2613 993 2659 esset
1027 2604 1249 2658 audacia
1277 2613 1481 2668 nostra,
1526 2606 1570 2659 si
1613 2615 1804 2674 prazter
1831 2606 2048 2661 delicias

470 2693 639 2746 otium
666 2693 819 2746 nobis
842 2695 1190 2748 concessisset
1235 2693 1412 2748 Deus?
1459 2693 1642 2748 Omnia
1669 2695 1830 2761 enim,
1855 2695 2050 2765 inquit,

471 2783 607 2836 mala
643 2783 870 2836 otiositas
906 2784 1074 2836 docuit
1095 2783 1282 2853 (Eccli.
1311 2783 1398 2839 55.
1426 2782 1542 2853 29).
1590 2784 1918 2838 Attestantur
1953 2799 2048 2837 au-

470 2884 578 2928 tem
607 2881 804 2927 nostra:
832 2873 952 2927 huic
975 2876 1164 2929 rationi
1187 2885 1241 2929 et
1266 2890 1386 2945 quae
1411 2874 1648 2945 quotidie
1677 2875 1828 2939 ﬁunt,
1854 2884 1907 2930 et
1925 2890 2044 2945 qua:

469 2964 761 3033 majoribus
786 2966 982 3018 nostris
1018 2966 1374 3034 contigerunt.
1407 2964 1574 3029 Sedit,
1615 2965 1802 3034 inquit,
1831 2967 2045 3034 populus

470 3055 778 3108 manducare
801 3064 849 3108 et
885 3055 1065 3120 bibere,
1097 3066 1140 3109 et
1181 3065 1509 3110 surrexerunt
1537 3058 1710 3111 ludere
1734 3056 1924 3128 (Exod.
1954 3057 2039 3111 52.

469 3147 547 3215 6).
575 3148 650 3200 Ac
677 3162 889 3201 rursum
921 3165 934 3200 :
961 3145 1276 3200 Incrassatus
1301 3157 1374 3201 est
1417 3157 1466 3201 et
1502 3148 1867 3217 impinguatus,
1896 3158 1942 3202 et
1966 3164 2047 3202 re-

468 3236 742 3289 calcitravit
767 3236 977 3289 dilectus
1008 3236 1180 3304 (Deut.
1211 3236 1297 3290 32.
1324 3237 1433 3305 15).
1453 3235 1702 3290 Consoua
1732 3236 1815 3290 his
1836 3243 2047 3306 quoque

468 3327 656 3382 beatus
702 3327 866 3380 David
909 3327 1162 3396 loquitur,
1205 3327 1386 3381 dicens
1423 3345 1437 3382 :
1483 3327 1608 3380 Cum
1651 3327 1897 3380 occideret
1939 3343 2043 3392 eos,

469 3427 588 3471 tunc
619 3419 940 3489 exquirebant
969 3435 1102 3484 eum,
1139 3427 1185 3470 et
1209 3418 1594 3483 revertebantur,
1620 3427 1668 3472 et
1696 3418 1922 3472 diluculo
1957 3435 2046 3472 ve-

465 3511 666 3564 niebant
693 3511 762 3564 ad
785 3527 895 3564 eum
918 3509 1090 3580 (Psal.
1125 3511 1216 3565 77.
1247 3511 1363 3579 54).
1392 3509 1472 3564 Ad
1500 3509 1793 3565 Jerusalem
1832 3526 2045 3580 quoque

467 3617 564 3670 per
591 3601 877 3656 Jeremiam
907 3603 1140 3672 loquitur
1163 3603 1303 3657 Deus
1333 3620 1347 3656 :
1388 3601 1490 3655 Per
1516 3602 1682 3655 omnia
1706 3602 1924 3668 erudire,
1952 3602 2045 3655 Je-

465 3693 705 3759 rusalem,
729 3709 795 3746 ne
817 3695 1018 3747 recedat
1051 3695 1222 3746 anima
1249 3709 1361 3746 mea
1388 3709 1419 3745 a
1444 3701 1489 3745 te
1517 3689 1649 3761 (Jer.
1679 3692 1734 3745 6.
1773 3692 1852 3760 8).
1891 3692 2042 3758 Quod

465 3789 646 3836 autem
685 3797 794 3836 non
831 3784 1002 3838 solum
1045 3784 1217 3849 malis,
1259 3798 1444 3838 verum
1491 3791 1546 3837 et
1583 3781 1736 3837 bonis
1778 3782 2042 3836 humiliari

466 3883 627 3943 atque
665 3873 932 3928 incurvari
970 3875 1200 3929 salutare
1229 3875 1321 3940 sit,
1363 3887 1576 3928 rursum
1620 3872 1880 3943 signiﬁcat
1916 3888 2042 3941 pro-

469 3966 652 4034 pheta,
683 3979 802 4019 cum
826 3965 955 4020 dicit
985 3986 999 4022 :
1029 3965 1227 4020 Bonum
1266 3966 1412 4030 mihi,
1452 3964 1689 4029 Domine,
1733 3967 1849 4035 quia
1875 3966 2043 4018 humi-

469 4056 603 4109 liasti
628 4071 726 4120 me,
750 4065 803 4108 ut
829 4056 1021 4108 discam
1037 4057 1425 4126 justiﬁcationes
1446 4064 1557 4109 tuas
1581 4056 1750 4125 (Psal.
1783 4055 1904 4110 118.
1929 4055 2043 4124 71).

469 4147 597 4203 Post
623 4147 760 4201 hunc
784 4153 839 4200 et
875 4145 1140 4201 Jeremias
1169 4148 1284 4201 hate
1312 4146 1518 4210 eadem,
1559 4147 1654 4200 sed
1697 4162 1803 4201 non
1844 4146 2046 4200 eisdem

467 4237 646 4292 verbis
665 4236 962 4291 exclamat:
994 4235 1215 4302 Bonum,
1258 4237 1520 4305 inquiens,
1559 4242 1686 4299 utro,
1732 4252 1848 4288 cum
1877 4245 2048 4304 porta-

469 4332 590 4384 verit
610 4330 792 4399 jugum
817 4343 965 4397 grave
989 4344 1020 4379 α
1039 4330 1301 4398 juventutc
1319 4346 1410 4382 sua
1435 4344 1455 4381 :
1484 4327 1666 4382 sedebit
1689 4327 1967 4393 solitarius,
1999 4335 2046 4380 et

471 4420 648 4474 tacebit
675 4419 883 4490 (Thren.
912 4419 964 4470 5.
1010 4418 1135 4487 27);
1167 4428 1222 4474 et
1256 4421 1323 4474 de
1365 4434 1424 4473 se
1464 4419 1578 4488 ipso
1605 4417 1771 4472 Deum
1800 4417 2044 4470 obsecrat

471 4513 657 4567 dicens
690 4531 702 4565 :
728 4508 846 4563 Non
877 4511 943 4563 sis
966 4518 1018 4561 tu
1044 4511 1169 4562 mihi
1199 4528 1412 4579 parcens
1434 4512 1486 4564 in
1510 4510 1861 4563 alienationem
1887 4509 1939 4561 in
1963 4508 2044 4561 die

471 4604 608 4656 mala
638 4602 769 4672 (Jer.
793 4602 878 4655 17.
905 4601 1011 4669 17).
1036 4599 1229 4655 Beatus
1255 4602 1379 4655 item
1405 4602 1617 4666 Paulus,
1647 4602 1736 4671 qui
1761 4608 1907 4654 tanto
1925 4615 2045 4653 mu-

471 4711 602 4749 nere
628 4695 808 4764 gratia:
847 4691 1038 4746 effulsit
1064 4700 1372 4759 tantumque
1412 4703 1657 4747 naturam
1688 4693 1920 4747 excessit
1944 4691 2046 4745 hu—

471 4801 707 4851 manam,
738 4783 862 4839 boni
889 4791 1061 4836 tamen
1105 4780 1262 4848 hujus
1298 4782 1525 4837 utilitate
1564 4783 1872 4853 indigebat:
1911 4797 2047 4852 quo-

471 4882 611 4930 circa
640 4877 850 4931 dicebat
884 4891 898 4928 :
943 4873 1107 4927 Datus
1148 4881 1221 4925 est
1259 4872 1384 4924 mihi
1425 4873 1661 4928 stimulus
1696 4875 1862 4928 carnis
1903 4889 2046 4939 mete,

471 4970 681 5039 angelus
722 4980 914 5022 satana:
937 5010 951 5034 ,
996 4967 1081 5036 qui
1112 4981 1189 5018 me
1222 4964 1530 5033 colaphizet,
1573 4974 1626 5017 ut
1673 4984 1774 5019 non
1813 4967 2046 5021 extollar.

474 5059 696 5130 Propter
720 5063 855 5129 quod
886 5072 958 5114 ter
982 5059 1252 5113 Dominum
1272 5056 1462 5126 rogavi,
1495 5065 1542 5107 et
1568 5057 1696 5109 dixit
1720 5059 1843 5110 milii
1877 5073 1895 5111 :
1919 5057 2049 5124 Suf-

472 5153 578 5219 ﬁcit
604 5155 691 5207 tibi
713 5154 878 5224 gratia
902 5170 1013 5206 mea
1036 5168 1054 5216 ,'
1079 5167 1195 5205 nam
1227 5151 1380 5204 virtus
1406 5163 1515 5201 mea
1541 5148 1594 5199 in
1617 5149 1910 5215 inﬁrmitate
1939 5164 2050 5216 per-

475 5242 643 5307 ficitur
669 5243 745 5312 (2.
773 5243 890 5299 Cor.
914 5241 1002 5297 12.
1029 5241 1172 5311 7-9).
1195 5241 1405 5296 Poterat
1426 5244 1570 5293 certe
1610 5237 1726 5291 sine
1756 5253 2049 5307 persequu-

477 5336 710 5392 tionibus
759 5347 815 5393 et
866 5341 1130 5407 pressuris
1162 5377 1178 5402 ,
1227 5333 1595 5399 laboribusque
1655 5338 1708 5382 ct
1768 5328 2050 5383 sudoribus

478 5426 784 5492 praedicatio
803 5428 1006 5498 perlici,
1029 5425 1121 5480 sed
1145 5436 1319 5478 tamen
1364 5423 1413 5477 id
1438 5421 1601 5476 noluit
1624 5419 1885 5478 Christus,
1911 5433 2051 5485 prm-

478 5515 776 5573 dicantibus
806 5534 1047 5588 parcens.
1076 5516 1331 5585 Quocirca
1359 5514 1567 5568 dicebat
1595 5512 1697 5566 illis
1725 5527 1736 5562 :
1767 5509 1830 5561 In
1867 5513 2051 5560 mundo

482 5622 769 5674 pressuram
818 5611 1059 5664 habebitis
1088 5606 1266 5678 (Joan.
1307 5605 1396 5658 16.
1445 5605 1560 5672 55).
1605 5601 2053 5671 Cupientibusque

481 5698 694 5752 caeleste
719 5712 940 5766 regnum
981 5700 1204 5770 ingredi,
1234 5705 1508 5766 augustam
1535 5697 1672 5747 viam
1702 5693 2053 5763 arripiemlam

479 5791 649 5860 jubet,
679 5794 827 5859 quasi
856 5806 960 5845 non
1001 5793 1156 5848 aliter
1197 5794 1392 5847 intrare
1419 5788 1572 5842 liceat
1598 5785 1806 5853 (Matth.
1856 5788 1907 5837 7.
1944 5785 2052 5851 15).

484 5879 609 5936 Ideo
637 5896 894 5951 pressura:
916 5894 967 5934 et
996 5885 1309 5939 teutationes
1336 5892 1388 5938 et
1417 5892 1757 5950 quaecumque
1783 5877 1933 5928 nobis
1962 5877 2056 5928 tri-

486 5978 586 6029 sua
608 5974 936 6045 contingunt,
955 5989 1060 6029 non
1082 5977 1256 6033 minus
1283 5977 1373 6033 Dei
1393 5970 1773 6048 providentiam
1795 5967 2050 6035 indicant,

1330 583 1422 638 AD
1461 579 1829 639 STAGlRlUM
1867 584 1912 638 A
1953 581 2256 641 DEMONE
2298 585 2628 646 VEXATUM
2679 591 2806 646 LIB.
2849 593 2887 647 Ι.

3640 604 3743 657 630

2166 719 2323 773 quam
2353 705 2468 758 laeta
2501 715 2553 760 et
2589 706 2841 776 jucunda.
2887 711 3020 778 Quid
3064 723 3239 768 autem
3268 717 3438 772 dicam
3467 734 3741 788 pressurae

2165 795 2322 863 hujus
2351 798 2621 864 temporis,
2645 815 2764 853 cum
2797 815 2899 855 non
2928 806 3099 858 minus
3125 807 3234 874 ipsa
3258 824 3464 878 quoque
3481 812 3738 882 gebenna:

2162 887 2505 942 comminatio
2533 906 2687 958 quam
2733 894 3014 961 promissio
3045 899 3190 966 regni
3221 901 3536 957 ineffabilem
3573 907 3738 975 ipsius

2162 977 2494 1032 clementiam
2525 981 2542 1011 ³
2568 985 2937 1039 commendet?
2986 986 3091 1040 Nisi
3121 991 3261 1044 enim
3307 992 3397 1047 ille
3439 996 3733 1063 gehennam

2161 1071 2390 1122 minatus
2417 1079 2574 1135 esset,
2619 1088 2721 1127 non
2764 1075 2919 1128 facile
2963 1078 3216 1147 quispiam
3243 1083 3544 1138 caelestibus
3582 1087 3735 1143 bouis

2159 1160 2437 1227 potiretur.
2464 1160 2643 1229 Neque
2669 1165 2806 1218 enim
2848 1167 3042 1220 sufﬁcit
3068 1169 3176 1222 Sola
3204 1174 3512 1239 gaudiorum
3554 1193 3738 1246 repro-

2160 1251 2342 1303 missio
2369 1251 2433 1302 ad
2465 1253 2775 1307 excitandos
2799 1257 2862 1309 ad
2892 1259 3137 1312 virtutem
3178 1263 3411 1328 animos,
3445 1265 3545 1318 nisi
3574 1267 3735 1321 etiam

2158 1354 2250 1392 eos
2279 1356 2554 1409 poenarum
2580 1344 2736 1397 timor
2770 1347 3025 1414 impellat,
3059 1351 3146 1418 qui
3192 1351 3540 1420 negligentius
3562 1357 3736 1411 affecti

2157 1428 2220 1481 ad
2257 1431 2396 1482 illam
2433 1443 2574 1486 sunt.
2604 1433 2859 1499 Quocirca
2907 1438 3130 1504 primum
3165 1440 3432 1496 hominem
3464 1460 3673 1517 quoque
3703 1463 3734 1501 a

2157 1520 2413 1588 principio
2438 1539 2465 1575 c
2497 1525 2740 1591 paradiso
2766 1529 2986 1596 expulit,
3010 1530 3130 1599 quia
3158 1547 3222 1585 ex
3254 1534 3451 1590 honore
3472 1535 3571 1590 sibi
3598 1553 3734 1606 pra:-

2156 1610 2282 1661 stito
2307 1612 2537 1666 deterior
2583 1615 2800 1670 eﬂ‘ectus
2826 1629 2988 1685 esset,
3035 1620 3079 1673 si
3129 1631 3250 1690 post
3297 1633 3530 1692 spretum
3564 1628 3733 1681 viola-

2156 1707 2372 1768 tumque
2398 1705 2700 1758 mandatum
2739 1709 2986 1764 immotus
3013 1712 3098 1765 ille
3134 1714 3442 1784 stabilisque
3469 1717 3731 1772 durasset.

2153 1788 2272 1843 Jam
2301 1806 2426 1844 vero
2457 1803 2509 1845 ut
2541 1794 2706 1847 Adam
2732 1798 3055 1863 omittamus,
3087 1804 3209 1869 quid
3239 1820 3340 1857 non
3366 1805 3579 1862 fecisset
3601 1808 3731 1864 Cain

2153 1879 2206 1933 in
2239 1881 2484 1948 paradiso
2512 1881 2731 1952 degens,
2764 1887 3026 1956 tantisque
3055 1890 3257 1946 deliciis
3291 1893 3491 1961 fruens,
3520 1901 3734 1967 quando

2153 1970 2236 2024 his
2256 1973 2502 2027 omnibus
2534 1975 2784 2042 privatus,
2817 1980 3084 2050 patrisque
3105 1984 3420 2051 supplicium
3449 1997 3573 2042 ante
3599 2004 3731 2043 ocu-

2154 2062 2234 2116 los
2261 2063 2481 2130 habens,
2523 2081 2590 2119 ne
2629 2068 2705 2120 sic
2731 2070 2940 2137 quidem
2969 2074 3281 2130 emendatus
3319 2086 3417 2142 cst,
3465 2079 3520 2133 in
3566 2082 3736 2149 majo-

2153 2170 2368 2225 remque
2398 2160 2687 2227 nequitiam
2718 2163 2975 2231 prorupit,
3009 2174 3065 2217 ut
3091 2165 3428 2223 homicidium
3471 2171 3584 2239 ipse
3622 2173 3733 2242 pri-

2153 2261 2271 2298 mus
2315 2247 2592 2314 invenerit,
2632 2265 2870 2319 ausuque
2908 2255 3111 2307 nefario
3155 2257 3471 2326 impleverit,
3505 2261 3730 2315 homici-

2153 2334 2319 2395 dium,
2349 2337 2580 2406 inquam,
2600 2341 2834 2394 omnium
2860 2344 3369 2400 sceleratissimum?
3391 2349 3570 2419 Neque
3589 2351 3732 2404 enim

2153 2426 2422 2492 paulatim,
2458 2429 2538 2482 vel
2565 2439 2682 2497 post
2708 2432 3012 2487 diuturnum
3040 2444 3267 2505 tempus,
3297 2455 3493 2495 novum
3525 2442 3626 2496 hoc
3651 2444 3731 2497 fa-

2153 2519 2304 2572 cinus
2333 2534 2612 2588 aggressus
2650 2531 2750 2587 est,
2790 2525 2883 2578 sed
2923 2537 3142 2594 repente
3185 2543 3247 2582 ac
3274 2532 3448 2585 subito
3473 2535 3732 2589 verticem

2151 2619 2206 2661 et
2231 2609 2438 2663 culmen
2465 2611 2752 2679 iniquitatis
2773 2616 3070 2683 occupavit,
3098 2632 3325 2688 eumque
3345 2622 3433 2690 qui
3452 2637 3517 2676 ex
3544 2624 3732 2679 eodem

2151 2709 2303 2754 utero
2327 2714 2680 2770 processerat,
2712 2706 2800 2774 qui
2850 2706 2900 2759 in
2956 2708 3100 2763 nullo
3143 2710 3311 2778 ipsum
3353 2712 3583 2778 lteserat,
3628 2716 3731 2771 nisi

2150 2790 2413 2846 honorare
2449 2794 2613 2847 Deum
2647 2794 2695 2848 id
2727 2796 2796 2848 sit
2824 2795 3038 2864 lazdere,
3069 2802 3289 2868 appetiit
3316 2802 3518 2858 insidiis
3542 2819 3605 2859 ac
3630 2821 3730 2860 ne-

2148 2885 2311 2936 cavit.
2343 2884 2511 2938 Velim
2563 2885 2649 2940 hic
2691 2903 2875 2943 rursus
2902 2890 3209 2946 considcres
3234 2893 3570 2950 clementiam
3611 2897 3728 2951 Dei.

2147 2972 2277 3028 Cum
2306 2976 2446 3029 enim
2484 2976 2582 3030 sibi
2625 2976 2868 3046 injuriam
2914 2979 3196 3046 intulisset,
3230 2984 3406 3039 verbis
3448 2986 3593 3039 illum
3630 2987 3727 3040 ad-

2149 3073 2351 3129 monet,
2380 3066 2688 3135 tristemque
2716 3070 3021 3124 consolatur
3050 3088 3063 3123 :
3100 3082 3154 3124 at
3178 3072 3265 3126 ubi
3315 3074 3515 3128 insania
3562 3075 3731 3131 fertur

2150 3157 2203 3210 in
2242 3157 2479 3222 fratrem,
2522 3168 2647 3212 tunc
2686 3160 2796 3228 jam
2841 3162 3077 3217 severius
3113 3164 3402 3232 ulciscitur,
3442 3182 3731 3238 pmnasque

2150 3249 2327 3304 infert.
2362 3249 2428 3304 Et
2452 3262 2598 3305 certe
2647 3253 2821 3320 priora
2870 3253 2955 3306 illa
2998 3255 3186 3309 eodem
3227 3256 3380 3326 digna
3420 3269 3570 3313 erant
3608 3277 3734 3314 cru-

2151 3340 2312 3405 ciatu,
2340 3340 2448 3394 imo
2475 3355 2603 3395 vero
2632 3343 2785 3411 longe
2809 3344 3072 3411 graviore.
3101 3345 3156 3400 Si
3183 3348 3322 3400 enim
3351 3349 3402 3402 in
3424 3349 3728 3407 hominibus

2150 3445 2438 3486 conservus
2465 3431 2654 3500 aliquis
2682 3433 2899 3486 meliora
2928 3449 3152 3505 quarque
3187 3437 3287 3491 sibi
3331 3449 3524 3504 servet,
3549 3456 3611 3495 ac
3632 3441 3732 3496 do-

2149 3523 2295 3577 mino
2322 3538 2420 3577 suo
2456 3522 2718 3578 deteriora
2755 3524 2962 3588 ollerat,
3009 3541 3118 3581 rem
3170 3527 3585 3598 indignissimam
3615 3533 3730 3601 ple-

2151 3629 2378 3684 namque
2401 3615 2741 3669 contumelia:
2784 3614 2960 3670 facere
3005 3618 3244 3687 arguitur
3275 3637 3288 3672 :
3313 3631 3509 3690 quanto
3539 3622 3589 3676 id
3619 3639 3732 3678 ma-

2148 3705 2227 3773 gis
2256 3705 2306 3757 in
2341 3705 2490 3758 Deo?
2517 3705 2645 3759 Cain
2673 3721 2802 3760 vero
2841 3723 2944 3761 non
2991 3710 3039 3762 in
3084 3711 3184 3764 hoc
3228 3712 3422 3776 solum,
3461 3729 3643 3768 verum
3677 3717 3729 3769 iu

2147 3795 2252 3848 alio
2276 3810 2486 3864 quoque
2504 3811 2607 3849 non
2628 3797 2801 3850 minus
2825 3797 3063 3866 deliquit,
3094 3800 3233 3868 quod
3264 3801 3442 3856 fratris
3473 3803 3728 3859 honorem

2148 3901 2289 3955 aegre
2317 3895 2371 3940 ct
2401 3887 2616 3956 indigne
2647 3887 2843 3941 tulerit.
2871 3888 3002 3942 Nam
3033 3891 3075 3943 si
3106 3899 3287 3959 utpote
3316 3893 3404 3961 qui
3433 3906 3727 3961 peccasset,

2148 3977 2512 4046 pmnitentiam
2537 3977 2749 4046 egisset,
2782 3989 2998 4046 accepta
3043 3979 3278 4047 profecto
3315 3980 3499 4037 fuisset
3526 3983 3638 4038 hare
3662 3986 3728 4038 il-

2151 4067 2254 4120 lius
2282 4067 2478 4135 Optima
2507 4067 2766 4121 mutatio:
2798 4083 2937 4121 nunc
2962 4084 3091 4123 vero
3118 4085 3221 4123 non
3251 4073 3577 4140 paenitentiae
3611 4084 3729 4130 erat

2151 4157 2240 4212 illa
2260 4155 2518 4220 confusio,
2569 4157 2660 4210 sed
2704 4157 2913 4212 invidim
2947 4173 3009 4212 ac
3035 4158 3236 4226 livoris,
3272 4161 3411 4229 quod
3455 4164 3533 4217 rei
3559 4165 3732 4220 exitus

2151 4247 2326 4301 docet.
2358 4247 2489 4300 Nam
2536 4247 2648 4302 Deo
2685 4247 3077 4316 quodammodo
3117 4250 3457 4317 irascebatur,
3483 4255 3621 4322 quod
3652 4258 3733 4310 iii-

2144 4336 2300 4404 juriis
2340 4335 2560 4390 affectus
2590 4351 2694 4389 non
2738 4352 2798 4391 se
2843 4336 3150 4402 honoraret,
3179 4340 3319 4406 quod
3349 4342 3624 4396 moderato
3650 4345 3731 4398 in-

2149 4435 2528 4494 temperantem
2569 4441 2672 4480 non
2718 4427 3010 4494 przeferret.
3049 4427 3245 4481 Verum
3289 4441 3408 4482 cum
3448 4429 3561 4484 haec
3589 4432 3730 4487 illius

2148 4518 2350 4574 scelera
2408 4517 2876 4573 vehementissima
2940 4520 3401 4576 animadversione
3464 4523 3730 4592 punienda

2149 4619 2346 4674 essent,
2382 4609 2535 4680 longe
2563 4609 2874 4665 clementius
2901 4625 3058 4680 quam
3089 4614 3393 4666 merebatur
3416 4612 3730 4682 delinquen-

2152 4709 2260 4756 tem
2303 4709 2513 4763 tractat,
2560 4708 2931 4770 tumentesque
2961 4701 3164 4754 animos
3210 4702 3349 4755 illius
3378 4705 3731 4770 comprimere

2153 4793 2357 4848 nititur.
2392 4792 2517 4846 Erat
2547 4791 2907 4858 indignatione
2938 4791 3087 4858 plena
3123 4792 3209 4844 illa
3233 4792 3496 4859 dejectio:
3531 4793 3731 4847 idcirco

2154 4885 2387 4953 loquitur
2413 4882 2477 4935 ad
2518 4881 2665 4934 illum
2703 4897 2716 4933 :
2756 4880 2961 4943 Quiesce
3006 4879 3156 4946 (Gen.
3189 4881 3241 4935 4.
3282 4882 3358 4950 7).
3403 4881 3516 4936 Hoc
3553 4894 3730 4937 autem

2154 4989 2273 5027 cum
2299 4973 2515 5035 diceret,
2555 4969 2753 5023 sciebat
2793 4969 3005 5037 quidem
3032 4985 3138 5040 quo
3163 4986 3566 5041 progressurum
3592 4983 3735 5027 esset

2154 5065 2373 5129 malum,
2404 5071 2653 5116 caaterum
2699 5061 2919 5131 ingratis
2941 5063 3277 5118 occasionem
3303 5079 3514 5120 omnem
3544 5081 3732 5134 ampu-

2155 5166 2268 5210 tare
2294 5135 2505 5209 volebat
2533 5171 2546 5208 :
2577 5154 2620 5207 si
2649 5154 2789 5207 enim
2822 5153 2889 5207 ab
2912 5154 3060 5209 initio
3087 5156 3176 5210 ille
3205 5156 3414 5223 punitus
3440 5167 3601 5222 esset,
3635 5157 3733 5209 hu-

2149 5247 2383 5317 jusmodi
2433 5246 2584 5300 multi
2626 5246 2850 5315 plurima
2891 5246 3192 5301 dixissent:
3240 5245 3351 5300 Non
3393 5255 3599 5314 poterat
3640 5247 3736 5300 ad-

2155 5356 2381 5398 monere
2419 5341 2595 5395 verbis
2635 5349 2688 5394 et
2720 5341 3009 5407 corripere,
3039 5354 3102 5394 ac
3144 5350 3341 5393 terrere
3377 5339 3543 5407 prius,
3576 5350 3736 5408 atque

2158 5444 2286 5488 tunc
2321 5434 2555 5496 demum,
2597 5431 2641 5483 si
2678 5439 3071 5500 perseverasset
3114 5430 3165 5482 in
3211 5429 3384 5494 malis,
3417 5429 3735 5499 supplicium

2159 5526 2396 5582 inferre?
2419 5523 2646 5593 lugentis
2666 5523 2993 5575 crudelitatis
3015 5531 3090 5574 est
3111 5522 3206 5574 iste
3228 5524 3514 5577 cruciatus.
3535 5524 3737 5577 Idcirco

2161 5636 2284 5674 suas
2309 5616 2674 5686 aequanimiter
2717 5614 2936 5682 injurias
2964 5613 3170 5677 tulerat,
3205 5621 3262 5666 ut
3289 5629 3390 5668 una
3434 5623 3487 5669 et
3528 5614 3735 5667 illorum

2164 5715 2400 5768 obstruat
2425 5722 2506 5770 os,
2527 5716 2582 5760 et
2608 5706 2771 5774 ipsius
2787 5706 2911 5758 Cain
2928 5715 3200 5773 parentem
3222 5721 3433 5774 quoque
3461 5708 3570 5759 suta
3589 5707 3740 5758 honi-

2165 5814 2268 5858 tatc
2294 5818 2350 5854 se
2376 5799 2694 5867 corripuisse
2717 5796 2980 5864 ostendat,
3009 5806 3368 5868 [metereaque
3399 5807 3453 5853 ut
3477 5797 3737 5866 ejusmodi

2229 5974 2246 6001 ι
2281 5974 2403 6024 satu,
2433 5959 2518 6011 Iici
2536 5955 2852 6010 clmicntiain.
