4532 6724
799 514 896 571 ιδι

797 625 1142 696 benignitatis
1185 620 1428 691 exemplo
1466 627 1712 689 posteros
1738 618 1802 672 ad
1846 617 2210 688 paenitentiam
2257 629 2382 685 pro-

799 727 975 772 vocet.
1007 717 1195 770 Postea
1225 727 1353 766 vero
1383 725 1542 780 quam
1571 709 1860 764 secundum
1889 707 2133 761 duritiam
2163 721 2311 759 suam
2334 713 2388 757 et

801 825 898 862 cor
945 804 1286 874 impmnitens
1335 802 1710 857 thesaurizavit
1750 800 1850 855 sibi
1897 800 2050 862 iram,
2081 798 2228 852 illum
2265 807 2390 850 tunc

805 897 1076 953 ulciscitur
1105 913 1118 948 :
1148 895 1232 949 sin
1275 909 1406 948 vero
1442 902 1564 963 post
1591 893 1764 946 scelus
1796 889 2066 944 homicidii
2107 889 2390 943 mansisset

804 987 1119 1056 impunitus,
1165 986 1326 1040 etiam
1367 983 1431 1038 ad
1478 982 1618 1036 aliud
1651 981 1926 1051 majusque
1966 980 2220 1050 flagitium
2263 992 2388 1047 pro—

802 1095 1022 1150 gressus
1045 1087 1208 1135 esset.
1238 1076 1417 1144 Neque
1442 1075 1582 1127 enim
1610 1072 1792 1126 dicere
1817 1087 2097 1141 possumus
2127 1087 2219 1141 per
2248 1071 2394 1139 igno-

805 1171 1032 1224 rantiam
1063 1170 1206 1223 illum
1238 1166 1554 1234 deliquisse;
1587 1180 1709 1218 nam
1750 1164 1893 1234 quod
1929 1165 2106 1234 junior
2134 1164 2395 1232 intellige-

807 1261 920 1326 bat,
945 1261 1059 1330 ipse
1095 1259 1266 1328 major
1308 1265 1434 1311 natu
1462 1256 1554 1326 qui
1583 1257 1826 1327 ignorare
1861 1256 2102 1326 poterat?
2131 1256 2261 1308 Esto
2301 1269 2395 1306 au-

809 1362 936 1415 tem,
989 1365 1083 1420 per
1134 1349 1489 1420 ignorantiam
1543 1348 1838 1418 peccaverit
1883 1349 2071 1415 prius:
2115 1355 2393 1415 postquam

806 1441 1030 1506 audivit,
1062 1440 1294 1508 Quiesce,
1327 1449 1605 1509 postquam
1631 1438 1822 1507 prioris
1859 1436 2029 1504 culpa:
2060 1437 2214 1489 venia
2255 1435 2394 1503 poti-

809 1544 894 1588 tus
919 1542 1026 1602 est,
1069 1548 1136 1588 ex
1177 1548 1280 1602 qua
1311 1529 1603 1600 ignorantia
1647 1528 1714 1581 ad
1760 1527 2098 1596 parricidium
2132 1528 2392 1596 prorupit,

810 1634 1114 1694 terramque
1135 1623 1332 1687 infecit,
1357 1636 1419 1675 ac
1445 1621 1590 1690 leges
1619 1629 1822 1674 naturai
1842 1619 2140 1675 subvertit?
2166 1619 2400 1674 Videsne

811 1725 870 1772 ut
889 1718 1036 1786 prior
1053 1716 1212 1768 etiam
1239 1713 1395 1782 culpa
1438 1728 1544 1768 non
1575 1715 1640 1769 de
1671 1713 1987 1784 ignorantia,
2016 1712 2112 1768 sed
2137 1713 2206 1767 de
2245 1712 2399 1766 mali-

719 1812 726 1818 ’
807 1809 1008 1879 gnitate
1033 1816 1086 1862 et
1124 1807 1379 1876 nequitia,
1413 1821 1767 1876 supremaque
1808 1806 2026 1860 sceleris
2059 1804 2276 1858 audacia
2304 1819 2399 1859 ve-

810 1899 983 1955 nerit?
1019 1900 1274 1966 Quanam
1315 1913 1442 1952 vero
1479 1897 1578 1950 fuit
1615 1897 1773 1964 hujus
1814 1895 2004 1962 poma?
2045 1894 2160 1947 Eris
2199 1910 2400 1962 gemens

811 2000 1110 2044 actreinens
1140 2004 1291 2056 super
1318 1997 1503 2040 terram
1544 1984 1694 2054 (Gen.
1727 1985 1779 2038 4.
1823 1983 1936 2053 12).
1975 1983 2194 2037 Videtur
2221 1991 2396 2036 tamen

812 2095 932 2135 esse
952 2092 1112 2148 grave
1141 2076 1492 2145 supplicium;
1520 2074 1613 2128 sed
1651 2089 1758 2128 non
1793 2073 1902 2143 jam
1941 2074 2012 2127 ita
2041 2072 2323 2137 videbitur,
2350 2071 2396 2126 si

811 2177 1087 2238 peccatum
1116 2166 1534 2229 consideremus,
1571 2175 1624 2219 et
1651 2165 1816 2234 ipsam
1859 2179 2067 2233 pcenam
2093 2161 2399 2234 d-ligentius

811 2258 1129 2312 intueamur.
1160 2255 1290 2310 Cum
1321 2255 1462 2309 enim
1491 2256 1579 2310 ille
1609 2256 1746 2310 male
1773 2255 2073 2321 obtulisset,
2098 2270 2239 2321 ξρετε
2260 2253 2398 2320 tulit,

810 2347 949 2417 quod
972 2356 1090 2416 post
1113 2346 1360 2416 injuriam
1394 2347 1501 2400 Deo
1530 2346 1732 2401 illatam
1770 2345 2062 2400 honoratus
2086 2345 2154 2400 ab
2180 2345 2271 2398 illo
2294 2361 2401 2399 non

811 2447 912 2502 est,
940 2436 1318 2506 corripientem
1349 2436 1568 2502 respuit,
1602 2434 2049 2504 parricidiumque
2068 2435 2274 2505 primus
2303 2449 2400 2503 pa-

816 2528 990 2594 travit,
1024 2528 1132 2582 imo
1158 2542 1287 2582 vero
1328 2526 1528 2580 facinus
1556 2525 1839 2594 parricidio
1864 2524 2020 2593 longe
2053 2525 2397 2578 sceleratius:

815 2628 1062 2689 parentes
1105 2620 1246 2674 enim
1299 2617 1592 2672 incredibili
1643 2617 1828 2670 dolore
1865 2615 2138 2680 confodit,
2184 2630 2247 2669 ac
2291 2617 2400 2669 Deo

811 2710 973 2766 etiam
1016 2710 1266 2764 mentitus
1303 2718 1404 2762 est.
1441 2706 1707 2776 Numquid
1749 2707 1904 2770 enim,
1947 2705 2043 2771 ait,
2082 2714 2248 2759 custos
2285 2721 2398 2758 sum

817 2802 988 2872 fratris
1013 2803 1109 2855 mei
1141 2799 1292 2872 (Cen.
1326 2799 1380 2853 4.
1418 2798 1516 2867 9)?
1559 2799 1627 2852 Et
1664 2813 1761 2867 pro
1794 2798 1876 2852 his
1917 2798 2164 2852 omnibus
2192 2798 2308 2851 solo
2332 2798 2397 2850 ti-

813 2907 963 2946 more
982 2906 1044 2946 ac
1065 2899 1297 2945 tremore
1319 2891 1601 2944 cruciatur.
1624 2890 1872 2942 Attamen
1896 2885 1992 2942 Dei
2017 2886 2398 2957 benignitatem

817 3001 924 3039 non
950 2999 1016 3039 ex
1045 2999 1109 3039 eo
1136 2982 1307 3038 solum
1336 2981 1660 3036 nianifestari
1689 2981 1938 3045 dixerim,
1966 2979 2106 3048 quod
2131 2980 2398 3033 mitiorem

817 3089 1030 3143 pmnam
1055 3081 1200 3127 tanto
1232 3071 1420 3126 sceleri
1445 3069 1704 3132 adhibuit,
1735 3068 1827 3123 sed
1851 3068 1989 3137 quod
2027 3069 2079 3121 in
2108 3069 2222 3136 ipsa
2249 3082 2402 3136 pcnna

815 3166 1021 3221 lucrum
1044 3164 1184 3218 haud
1214 3161 1570 3232 spernendum
1593 3160 1768 3216 inesse
1799 3161 2054 3214 videatur.
2085 3160 2140 3214 Id
2167 3176 2293 3214 vero
2321 3161 2403 3213 lu-

813 3273 966 3311 crum
996 3262 1131 3318 erat,
1153 3254 1295 3325 quod
1318 3270 1381 3308 ex
1404 3268 1467 3307 ea
1495 3253 1658 3321 ipsius
1682 3253 2029 3321 castigatione
2051 3254 2225 3307 cuncti
2255 3262 2403 3321 post-

817 3346 1035 3402 modum
1070 3345 1328 3399 admoniti
1364 3352 1488 3399 sunt
1528 3342 1844 3412 resipiscere
1887 3357 1915 3394 a
1956 3343 2139 3406 malis,
2183 3343 2403 3413 fierique

819 3437 1088 3490 meliores.
1138 3434 1337 3489 Idcirco
1379 3447 1506 3502 ergo
1550 3447 1656 3487 non
1697 3432 1892 3486 occidit
1933 3432 2102 3498 illum,
2146 3433 2268 3502 quia
2307 3449 2403 3502 par

819 3529 1017 3582 utilitas
1046 3526 1286 3596 profecto
1325 3539 1429 3578 non
1457 3522 1663 3588 fuisset,
1692 3522 1858 3577 audiri
1885 3522 2024 3592 quod
2052 3522 2204 3589 Cain,
2239 3521 2402 3578 fratre

819 3621 1158 3688 interempto,
1192 3627 1363 3671 morte
1393 3616 1676 3669 mulctatus
1701 3621 1862 3678 esset,
1885 3623 1937 3668 et
1969 3613 2146 3668 videre
2180 3614 2400 3683 parrici-

816 3713 939 3766 dam
988 3711 1159 3781 ipsum
1202 3722 1389 3776 pCBttaS
1436 3706 1822 3761 exsolventem.
1875 3703 2122 3758 Fortasse
2169 3705 2311 3759 enim
2347 3705 2399 3758 id

815 3803 1056 3857 auditum
1099 3802 1171 3856 ob
1209 3799 1590 3853 immanitatem
1630 3797 1849 3850 sceleris
1880 3796 2136 3850 creditum
2181 3797 2400 3852 minime

817 3895 1006 3948 fuisset
1037 3910 1051 3944 :
1085 3905 1226 3944 nunc
1251 3906 1380 3943 vero
1422 3889 1547 3943 dum
1590 3887 1818 3952 videtur,
1861 3887 1986 3941 dum
2016 3902 2196 3941 coram
2226 3887 2396 3951 adest,

817 3987 1075 4056 plurimos
1118 3984 1381 4052 longoque
1427 3980 1746 4048 superstites
1791 3988 2028 4048 tempore
2074 3993 2247 4046 poenae
2291 3993 2401 4032 sua:

820 4087 983 4132 testes
1007 4075 1288 4143 relinquit;
1313 4072 1647 4127 manifestum
1679 4078 1824 4125 certe
1849 4085 1912 4124 ac
1939 4069 2190 4124 credibile
2219 4079 2272 4123 et
2293 4085 2401 4123 sua:

818 4167 991 4224 atatis
1015 4164 1337 4229 hominibus,
1365 4172 1418 4217 et
1444 4171 1623 4232 postea
1647 4160 1836 4215 futuris
1857 4161 2104 4214 omnibus
2125 4160 2174 4213 id
2199 4159 2402 4214 facinus

818 4257 1112 4314 constituit.
1145 4254 1280 4321 Quid
1319 4268 1468 4322 ergo,
1505 4252 1731 4320 inquies,
1763 4252 1863 4305 hoc
1898 4251 1971 4305 illi
2005 4250 2263 4305 contulit?
2290 4250 2400 4303 Ma-

820 4351 962 4404 xime
987 4346 1202 4417 quidem
1247 4345 1388 4398 illius
1418 4343 1575 4397 saluti
1599 4342 1974 4411 prospiciebat,
2016 4356 2137 4395 cum
2168 4341 2283 4409 ejus
2312 4356 2400 4394 ra-

819 4441 981 4506 biem,
1027 4447 1282 4505 quantum
1327 4437 1379 4488 in
1418 4449 1477 4489 se
1520 4433 1698 4498 fuerit,
1740 4442 2014 4487 coerceret
2055 4432 2403 4501 castigatione

821 4530 1124 4585 verborum.
1148 4527 1347 4582 Verum
1378 4541 1443 4579 ne
1473 4528 1584 4594 ipsa
1611 4524 1825 4593 quidem
1862 4524 2003 4577 illata
2045 4525 2118 4577 illi
2145 4539 2324 4592 ptena,
2358 4522 2402 4576 si

821 4623 942 4690 quis
967 4619 1271 4688 diligentius
1301 4617 1568 4684 inspiciat,
1603 4615 1830 4667 maxima
1859 4615 2023 4682 ipsius
2059 4614 2284 4666 utilitate
2308 4628 2401 4665 va—

820 4723 926 4768 cat.
955 4712 1009 4766 Si
1037 4711 1177 4765 enim
1205 4707 1384 4762 statim
1413 4707 1558 4758 illum
1601 4703 1900 4766 occidisset,
1930 4702 2131 4756 nullum
2163 4704 2260 4772 ipsi
2294 4718 2404 4770 pm-

823 4804 1058 4860 nitentize
1087 4811 1315 4871 tempus,
1347 4815 1439 4869 per
1456 4813 1614 4868 quam
1633 4797 1823 4850 melior
1844 4794 2110 4857 evaderet,
2133 4794 2368 4849 dedisset
2390 4813 2402 4849 :

822 4911 966 4950 nunc
994 4909 1120 4946 vero
1144 4908 1263 4946 cum
1302 4900 1446 4946 metu
1474 4907 1536 4943 ac
1563 4901 1794 4943 tremore
1842 4888 2002 4941 vitam
2047 4887 2269 4953 ducens,
2304 4888 2403 4941 uisi

827 4987 984 5042 nimis
1012 4985 1334 5047 insensatus,
1365 4997 1426 5034 ac
1455 4981 1631 5035 bellua
1656 4982 1831 5050 potius
1859 4995 2015 5049 quam
2057 4979 2217 5034 homo
2238 4991 2402 5047 esset,

826 5093 890 5130 ex
927 5073 1230 5143 hujusmodi
1260 5073 1364 5126 vita
1393 5071 1542 5140 plura
1578 5085 1766 5137 capere
1807 5071 1976 5137 potuit
2021 5072 2401 5126 emolumenta.

827 5167 1088 5220 Praeterea
1129 5164 1360 5219 futurum
1399 5163 1716 5232 supplicium
1761 5161 1926 5216 levius
1969 5167 2245 5232 praesentis
2273 5175 2406 5219 tem-

827 5257 973 5326 poris
1019 5270 1177 5326 parua
1218 5253 1530 5308 constituit:
1571 5267 1630 5306 ea
1677 5255 1817 5306 enim
1860 5269 1978 5321 qua:
2027 5256 2178 5309 nobis
2222 5257 2272 5309 in
2306 5257 2405 5310 hac

830 5349 934 5401 vita
958 5347 1260 5401 inferuntur
1286 5344 1538 5412 supplicia
1555 5383 1572 5405 ,
1597 5344 1847 5398 divinitus
1878 5347 2171 5398 futurorum
2197 5348 2402 5400 crucia-

832 5442 975 5485 tuum
1007 5440 1209 5498 partem
1240 5427 1383 5486 haud
1407 5427 1648 5496 exiguam
1683 5429 1979 5483 succidunt.
2015 5430 2190 5498 Atque
2218 5430 2401 5484 harum

828 5539 1008 5578 rerum
1033 5523 1330 5577 testimonia
1369 5521 1436 5576 de
1474 5521 1759 5589 Scripturis
1797 5523 1989 5577 divinis
2030 5523 2224 5577 afferre
2255 5522 2405 5577 facile

828 5629 1131 5688 possumus.
1156 5613 1284 5670 Nam
1311 5614 1552 5669 Christus
1595 5614 1848 5668 Dominus
1874 5630 1992 5668 cum
2024 5614 2314 5684 discipulos
2338 5618 2406 5669 al-

830 5709 1053 5778 loquens
1080 5704 1148 5760 de
1182 5703 1382 5760 Lazaro
1409 5706 1715 5767 dissereret,
1760 5704 2026 5759 Abraham
2052 5706 2249 5765 retulit.
2283 5721 2400 5760 cum

831 5809 1107 5867 rogaretur
1135 5813 1165 5852 a
1191 5797 1376 5858 divite.
1405 5806 1462 5851 ut
1493 5798 1726 5850 mitteret
1755 5795 2140 5865 Lazaruni,‘qui
2159 5808 2400 5852 extrema

828 5890 977 5963 digiti
1001 5899 1150 5963 parte
1171 5889 1440 5962 paululum
1468 5903 1618 5958 aqua:
1647 5887 1853 5943 ardenti
1882 5887 2070 5958 linguae
2100 5889 2397 5957 instillaret,

1547 502 1604 560 S.
1644 500 1924 560 JOANNIS
1942 502 2027 560 CH
2040 497 2424 558 RYSOSTOMl
2447 499 2766 558 ARClllEP.
2795 500 3326 560 CONSTANTINOP.

3971 512 4082 569 432

2496 615 2694 671 dixisse
2723 618 2786 670 ad
2819 619 2965 672 illum
2988 638 3000 673 :
3033 619 3156 686 Fili,
3185 619 3446 672 recordare
3471 620 3587 688 quia
3615 625 3840 688 recepisti
3868 638 3922 680 tn
3948 630 4083 682 bona

2491 705 2545 758 in
2570 709 2671 760 vita
2703 718 2811 771 tua,
2841 720 2888 762 et
2916 710 3145 765 Lazarus
3180 711 3311 763 mala
3336 727 3353 761 :
3378 725 3509 761 nunc
3539 719 3704 762 autem
3731 714 3811 764 hic
3837 722 4084 771 consola-

2492 806 2598 865 tur,
2643 809 2696 852 tu
2736 815 2848 854 vero
2891 803 3132 856 cruciaris
3157 802 3306 871 (Luc.
3350 800 3436 855 16.
3476 799 3592 868 25).
3628 800 3821 854 Paulus
3862 820 4085 875 quoque

2493 889 2739 957 (Paulum
2769 908 2895 947 vero
2937 896 3149 963 quoties
3191 895 3331 960 dico,
3372 909 3555 949 rursus
3588 892 3784 947 Christi
3813 909 4083 964 prmeepLa

2493 980 2735 1047 replico:
2765 983 3010 1038 Christus
3052 986 3195 1039 enim
3244 985 3503 1054 profecto,
3545 999 3660 1038 mea
3703 984 3915 1053 quidem
3957 1000 4087 1039 sen-

2496 1071 2679 1134 tentia,
2717 1071 2927 1125 beatam
2959 1074 3098 1126 illius
3129 1077 3375 1130 movebat
3417 1078 3694 1143 animam),
3729 1075 3852 1130 dum
3887 1075 4085 1130 Corin-

2496 1162 2621 1216 thiis
2649 1162 2907 1216 scriberet
2933 1163 3008 1231 (l.
3031 1162 3146 1215 Cor.
3175 1165 3226 1218 5.
3257 1166 3799 1238 5),aliquandojubet
3823 1182 3967 1227 eum,
3987 1167 4087 1236 qui

2497 1253 2813 1322 gravissime
2845 1252 3133 1306 fornicatus
3159 1253 3348 1319 fuerat,
3391 1257 3526 1312 tradi
3565 1269 3762 1314 satana:
3813 1260 3864 1313 in
3907 1259 4084 1311 inter—

2500 1344 2627 1397 itum
2648 1344 2844 1407 carnis,
2867 1353 2922 1396 ut
2947 1345 3162 1413 spiritus
3186 1347 3363 1400 salvus
3384 1347 3451 1400 sit
3483 1349 3532 1400 in
3560 1350 3646 1404 die
3675 1352 3877 1405 Domini
3909 1349 4082 1403 nostri

2496 1431 2621 1485 Jcsu
2654 1432 2868 1486 Christi.
2912 1432 3226 1504 Rursusque
3263 1449 3380 1489 cum
3420 1437 3635 1490 eosdem
3661 1439 3728 1492 de
3770 1440 3832 1494 iis
3870 1440 3961 1510 qui
3996 1441 4083 1492 in-

2499 1522 2656 1592 digne
2682 1538 2832 1578 sacra
2867 1527 3122 1595 mysteria
3167 1527 3523 1597 pereipiebant
3562 1528 3874 1586 admoneret
3906 1551 3920 1587 :
3958 1531 4085 1585 Pro-

2502 1626 2689 1686 pterea,
2717 1618 2908 1687 inquit,
2949 1620 3082 1673 inter
3117 1638 3205 1674 vos
3231 1623 3374 1675 mulli
3410 1622 3600 1691 infirmi
3626 1633 3676 1677 et
3709 1624 3998 1688 imbecilles,
4033 1634 4088 1679 et

2503 1710 2757 1764 dormiunt
2781 1713 2943 1764 multi.
2970 1711 3108 1766 Nam
3129 1715 3174 1768 si
3201 1731 3292 1768 nos
3317 1716 3453 1782 ipsos
3473 1716 3834 1786 iudicaremus,
3860 1734 3961 1770 non
3988 1720 4085 1770 uti-

2503 1816 2597 1865 que
2629 1802 2978 1869 judicaremur
3012 1818 3032 1855 :
3069 1819 3184 1855 cum
3218 1805 3514 1872 judicamur
3556 1817 3719 1860 autem
3759 1824 3791 1860 a
3839 1807 4082 1873 Domino,

2503 1893 2821 1956 corripimur,
2855 1901 2909 1944 ut
2937 1909 3036 1944 non
3061 1910 3176 1945 cum
3203 1895 3297 1947 hoc
3325 1898 3514 1950 mundo
3542 1899 3834 1952 damnemur
3858 1899 3932 1967 (l.
3957 1899 4080 1953 Cor.

2512 1981 2598 2033 11.
2630 1981 2846 2048 50-52).
2867 1981 3125 2037 Vidistine
3149 1984 3465 2041 ineffabilem
3483 1991 3834 2054 clementiam,
3853 1993 4085 2046 immen-

2507 2085 2699 2138 sasque
2724 2071 2934 2125 divitias
2959 2072 3330 2143 benignitatis?
3364 2077 3538 2132 vidisti
3571 2089 3628 2133 ut
3651 2083 3822 2135 omnia
3851 2091 3971 2151 agat
3997 2092 4084 2136 at-

2502 2175 2602 2228 que
2625 2161 2870 2214 moliatur
2894 2162 3053 2228 Deus,
3085 2171 3141 2216 ut
3184 2173 3302 2232 post
3330 2177 3604 2233 peceatum
3631 2186 3840 2241 quoque
3869 2174 4085 2228 mitiore

2504 2265 2662 2319 quam
2703 2251 3002 2321 debuimus,
3033 2253 3322 2324 plectamur
3351 2269 3530 2326 poena,
3560 2269 3652 2313 aut
3678 2262 3836 2316 etiam
3864 2264 4087 2317 omnino

2506 2341 2829 2397 liberemur?

2574 2433 2631 2488 4.
2662 2431 2863 2488 Diaboli
2889 2435 2941 2489 in
2974 2452 3064 2491 nos
3087 2437 3317 2492 incursus
3343 2448 3457 2494 sunt
3484 2441 3647 2496 meriti
3689 2454 4040 2513 argumentum
4063 2488 4080 2511 ,

2504 2538 2805 2576 coronarum
2830 2527 3060 2580 materia.
3093 2557 3164 2567 —
3199 2529 3364 2584 Porro
3401 2530 3444 2583 si
3482 2532 3600 2600 quis
3629 2531 3679 2586 id
3707 2533 3966 2587 curiosius
3998 2536 4087 2588 in—

2503 2614 2699 2681 quirat,
2725 2615 2877 2683 cujus
2904 2617 2980 2670 rei
3003 2620 3169 2686 gratia
3191 2629 3423 2675 veterem
3446 2623 3588 2676 illum
3615 2624 3945 2679 seductorem
3975 2643 4085 2681 non

2501 2703 2757 2758 continuo
2782 2705 3060 2771 deleverit,
3085 2709 3136 2762 id
3161 2725 3371 2781 quoque
3395 2727 3491 2781 pro
3518 2728 3722 2768 summa
3749 2715 3800 2767 in
3831 2730 3928 2768 nos
3953 2731 4085 2770 cura

2503 2793 2697 2849 factum
2725 2798 3039 2867 comperiet.
3071 2799 3126 2854 Si
3155 2801 3299 2855 enim
3327 2805 3614 2860 Sceleratus
3644 2806 3731 2860 ille
3760 2807 3809 2858 vi
3837 2807 4088 2861 domina-

2503 2898 2670 2955 retur,
2711 2901 2854 2944 esset
2895 2890 3122 2946 fortasse
3162 2895 3492 2950 rationabilis
3521 2897 3618 2951 ista
3655 2898 3922 2968 inquisitio
3955 2917 3968 2951 :
4002 2900 4085 2953 sin

2505 2990 2679 3034 autem
2711 2981 2809 3035 hac
2834 2983 3065 3049 potentia
3094 2983 3332 3051 privatus
3358 2994 3560 3040 tantum
3587 2988 3904 3056 persuadere
3924 2998 4087 3058 atque

2506 3070 2721 3124 allicere
2745 3079 2939 3138 potest,
2962 3071 3105 3125 illius
3125 3087 3255 3127 vero
3279 3076 3543 3130 suasionis
3565 3076 3836 3132 illecebras
3859 3094 4086 3134 renuere

2508 3161 2561 3214 in
2593 3160 2744 3214 nobis
2770 3170 2886 3215 est:
2915 3177 3012 3216 cur
3039 3171 3091 3216 tu
3121 3163 3296 3218 meriti
3323 3177 3692 3236 argumentum
3723 3169 3861 3223 tollis
3880 3211 3895 3234 ,
3924 3185 4087 3224 coro-

2508 3266 2800 3320 narumque
2845 3254 3118 3307 materiam
3167 3255 3519 3323 prmscindis?
3557 3257 3640 3312 Ad
3685 3258 3796 3313 haec
3845 3260 3890 3313 si
3937 3261 4086 3314 illum

2506 3343 2685 3396 sciens
2725 3341 2836 3396 fore
2886 3344 3327 3412 insuperabilem,
3369 3355 3693 3415 cunctosque
3717 3347 4084 3414 devicturum,

2507 3431 2578 3484 ita
2608 3431 2753 3511 ijlum
2789 3430 3076 3486 dimisisset
3117 3433 3288 3497 Deus,
3316 3449 3383 3489 ne
3413 3436 3491 3489 sic
3515 3436 3726 3505 quidem
3763 3437 3828 3492 de
3857 3439 3938 3493 his
3965 3454 4086 3492 mo-

2505 3521 2675 3576 venda
2719 3523 2942 3590 qumstio
2967 3533 3126 3576 esset.
3153 3523 3284 3577 Nam
3330 3534 3441 3578 tum
3468 3541 3677 3594 quoque
3701 3527 3838 3596 quod
3867 3529 3957 3581 ille
3982 3529 4085 3582 ob-

2507 3613 2699 3666 tineret
2721 3653 2736 3674 ,
2785 3611 2927 3680 quod
2957 3612 3189 3667 vinceret
3232 3629 3334 3668 non
3378 3615 3735 3681 reluctantes,
3771 3616 3866 3670 sed
3894 3629 4087 3686 sponte

2503 3706 2604 3759 sibi
2631 3705 2885 3759 cedentes
2923 3715 3081 3773 atque
3108 3706 3546 3774 succumbentes,
3589 3723 3618 3760 a
3665 3708 3816 3763 nobis
3846 3710 4087 3779 profecto

2505 3805 2813 3852 manasset:
2845 3806 3209 3851 verumtamen
3237 3799 3318 3852 his
3347 3800 3436 3868 qui
3478 3801 3681 3870 ingrate
3719 3817 3876 3871 agere
3902 3805 4088 3857 volunt

2504 3904 2571 3941 ne
2601 3889 2651 3942 id
2677 3889 2891 3957 quidem
2924 3889 3054 3945 satis
3083 3899 3244 3943 esset.
3275 3888 3423 3954 Quod
3452 3892 3496 3944 si
3537 3893 3743 3960 plurimi
3770 3893 3985 3962 quidem
4016 3895 4085 3947 il-

2505 3981 2606 4034 lius
2652 3981 2944 4050 potentiam
2991 3995 3055 4033 ac
3105 3979 3247 4034 vires
3294 3982 3563 4049 frangunt,
3608 3986 3902 4052 complures
3955 3986 4084 4040 item

2508 4070 2722 4139 posthac
2754 4070 2902 4123 illum
2931 4071 3230 4139 superaturi
3254 4079 3375 4124 sunt
3393 4111 3408 4134 ,
3436 4072 3560 4141 quid
3585 4083 3637 4127 tu
3663 4074 3863 4129 futuros
3887 4077 4086 4145 proba-

2507 4161 2738 4215 tissimos
2767 4162 3170 4230 cLarissimaque
3200 4162 3419 4216 victoria
3461 4164 3690 4233 insignes
3720 4176 3862 4221 tanto
3907 4169 4086 4234 privas

2506 4251 2745 4306 honore?
2772 4251 2974 4306 Idcirco
3000 4254 3140 4307 enim
3171 4253 3317 4305 illum
3341 4253 3574 4317 dimisit,
3606 4264 3664 4308 ut
3692 4271 3810 4309 eum
3834 4256 4088 4325 dejieiaut

2505 4344 2592 4412 qui
2623 4343 2830 4396 fuerant
2857 4344 2924 4397 ab
2951 4359 3014 4397 eo
3041 4344 3187 4412 prius
3211 4344 3471 4411 superati,
3505 4345 3644 4413 quod
3685 4346 3758 4398 illi
3783 4349 3924 4400 omni
3953 4364 4085 4418 sup-

2504 4434 2664 4502 plicio
2693 4434 2903 4502 gravius
2929 4442 3031 4497 est,
3059 4433 3340 4500 ipsumque
3361 4433 3429 4497 ad
3447 4445 3735 4489 extremam
3758 4437 4088 4492 condemna-

2507 4526 2705 4579 tionem
2734 4524 2980 4578 deducet.
3009 4523 3079 4578 At
3098 4539 3202 4578 non
3225 4538 3428 4591 omnes,
3453 4527 3676 4597 inquies,
3701 4529 3842 4584 illum
3865 4546 4090 4601 supera-

2506 4618 2605 4671 turi
2634 4625 2776 4671 sunt.

2577 4708 2679 4761 Cur
2710 4707 2848 4760 Deus
2875 4723 2902 4759 e
2929 4706 3092 4760 medio
3129 4708 3383 4762 diabolum
3409 4726 3510 4764 non
3535 4714 3807 4767 sustulerit.
3842 4745 3910 4754 —
3945 4715 4084 4782 Quid

2508 4797 2609 4852 hoc
2635 4798 2701 4851 ad
2731 4797 2887 4851 rem?
2913 4795 3156 4851 Profecto
3185 4799 3324 4852 enim
3367 4801 3531 4855 multo
3569 4805 3967 4858 convenientius
4002 4817 4089 4858 est

2503 4886 2660 4955 justis
2725 4888 3039 4942 occasiones
3088 4891 3450 4959 suppeditari,
3515 4895 3705 4962 quibus
3761 4894 4084 4948 voluntatem

2511 4981 2794 5036 ostendant
2819 4995 2993 5045 suam,
3021 4995 3113 5034 eos
3136 4997 3261 5036 vero
3285 4983 3374 5053 qui
3404 5001 3509 5039 non
3539 4995 3663 5038 sunt
3690 4986 3989 5052 hujusmodi
4020 5003 4086 5042 ex

2511 5074 2720 5143 propria
2751 5072 2928 5141 puniri
2975 5071 3286 5140 negligentia
3305 5116 3320 5141 ,
3352 5090 3509 5144 quam
3539 5076 3758 5129 istorum
3788 5090 3942 5130 causa
3986 5079 4087 5132 illis

2509 5167 2666 5218 etiam
2695 5165 2948 5218 damnum
2978 5162 3171 5216 afferri.
3203 5164 3331 5218 Nam
3370 5165 3529 5219 modo
3567 5167 3610 5218 is
3637 5166 3725 5233 qui
3772 5166 3938 5219 malus
3968 5177 4084 5234 est,

2510 5257 2552 5308 si
2585 5255 2830 5316 laedatur,
2862 5268 2968 5306 non
2991 5252 3275 5308 adversarii
3303 5257 3522 5317 viribus,
3549 5254 3641 5308 sed
3666 5270 3761 5308 suo
3788 5257 3958 5323 potius
3979 5267 4082 5311 tor-

2511 5363 2638 5415 pore
2667 5355 2949 5414 superatur
2991 5362 3004 5396 :
3054 5346 3190 5413 quod
3239 5348 3436 5401 indicat
3481 5348 3738 5399 victorum
3785 5350 4084 5404 multitudo.

2510 5439 2660 5492 Tune
2688 5452 2816 5490 vero
2846 5435 2999 5502 probi
3042 5437 3234 5506 quique
3279 5436 3639 5505 improborum
3679 5451 3834 5491 causa
3881 5442 4085 5496 meritis

2513 5526 2802 5580 honoribus
2837 5522 3064 5578 fraudati
3105 5524 3356 5590 fuissent,
3405 5540 3510 5578 non
3551 5523 3829 5592 habentes,
3869 5529 4083 5584 illorum

2509 5619 2685 5684 culpa,
2716 5615 2804 5668 tibi
2835 5615 2972 5694 vires
2992 5627 3307 5671 exercerent
3331 5631 3486 5678 suas;
3516 5615 3673 5669 veluti
3695 5619 3738 5671 si
3765 5620 4082 5688 agouctheta

2510 5709 2627 5776 quis
2657 5707 2879 5760 athletas
2908 5707 3043 5761 duos
3070 5717 3276 5770 nactus,
3299 5705 3523 5758 alterum
3552 5709 3758 5775 quidem
3780 5711 4085 5765 adversario

2510 5797 2758 5867 congredi
2783 5808 3044 5865 paratum,
3071 5811 3390 5865 omnemque
3417 5796 3749 5852 tolerantiam
3777 5802 4080 5860 ostendere.

2514 5905 2866 5961 coronamque
2895 5907 2961 5947 ex
2987 5888 3274 5947 certamine
3297 5889 3494 5947 referre
3513 5933 3526 5959 ,
3557 5893 3782 5947 alterum
3813 5892 3978 5947 labori
4011 5896 4086 5950 illi
