4454 6686
203 595 305 650 451

206 708 305 764 καὶ
328 705 699 780 ἀμετανόητον
730 707 956 779 καρδίαν
980 707 1341 779 ἐθησαύρισεν
1370 705 1548 779 ἐαυτῷ
1569 706 1668 778 τὴν
1691 704 1881 776 ὀργὴν,

207 798 275 850 τὸ
302 794 603 867 τηνικαῦτα
638 797 1025 869 ἐπεξέρχεται·
1081 796 1128 847 εί
1175 794 1233 848 δὲ
1279 796 1372 849 καὶ
1414 796 1553 865 μετὰ
1601 795 1691 848 τὸν
1730 794 1891 863 φόνον

213 884 434 955 ἔμεινεν
458 885 827 957 ἀτιμώρητος,
872 885 966 936 καὶ
1000 883 1083 950 ἐφ’
1108 881 1294 953 ἕτερον
1332 882 1397 937 ἂν
1430 882 1668 954 προῆλθε
1709 881 1891 952 μεῖζον

213 974 385 1026 κακόν
409 986 455 1028 ι.
477 974 609 1028 Οὐδὲ
639 973 748 1043 γάρ
775 972 924 1024 ἐστιν
953 970 1126 1024 εἰπεῖν
1151 970 1232 1023 ὅτι
1250 970 1398 1043 παρά
1426 973 1651 1039 ἄγνοιαν
1681 968 1891 1040 ἐπλημ-

220 1062 488 1134 μέλησενο
538 1062 566 1115 ὃ
606 1062 715 1130 7&9
764 1061 794 1112 ό
836 1057 1099 1129 νεώτερος
1159 1060 1393 1130 συνῆκε,
1444 1058 1564 1121 πῶς
1614 1057 1681 1111 ἀν
1736 1050 1890 1121 οὗτος

212 1149 485 1221 ἠγνόησε;
540 1147 685 1218 Πλὴν
730 1144 871 1208 ἀλλ’,
923 1146 971 1198 εί
1022 1145 1221 1216 βούλει,
1278 1146 1481 1201 κείσθω
1534 1143 1633 1199 καὶ
1668 1146 1890 1215 ἀγνοίας

210 1232 350 1291 εἶναι
401 1237 462 1291 τὸ
507 1235 806 1305 πρότερον·
847 1233 985 1303 μετά
1011 1234 1071 1286 τὸ
1113 1234 1344 1290 ἀκοῦσαι
1380 1236 1465 1297 τὸ,
1515 1235 1885 1302 Ἦσύχασον,

212 1324 356 1393 μετὰ
399 1322 462 1374 τὸ
493 1317 824 1390 συγγνώμης
850 1321 1053 1389 τυχεῖν,
1105 1321 1213 1375 ἀπὸ
1240 1323 1400 1385 ποίας
1426 1319 1651 1389 ἀγνοίας
1679 1321 1771 1374 ἐπὶ
1800 1321 1892 1374 τὸν

212 1411 376 1479 φόνον
405 1409 627 1479 ἤρχετο,
678 1406 773 1459 καὶ
823 1404 925 1477 τὴν
956 1406 1060 1476 γῆν
1090 1408 1338 1477 ἐμόλυνε,
1372 1408 1469 1463 καὶ
1494 1408 1623 1470 τοὺς
1667 1407 1765 1477 τῆς
1793 1406 1893 1476 φύ-

214 1514 356 1559 σεως
398 1496 593 1565 νόμους
630 1493 963 1565 ἀνέτρεψεν;
1022 1492 1182 1564 Ὁρᾷς
1230 1496 1305 1560 ὠς
1357 1496 1482 1549 οὐδὲ
1534 1493 1603 1548 τά
1648 1493 1893 1565 πρότερα

209 1584 309 1636 τοῦ
346 1584 562 1651 ἀγνοεῖν
590 1577 679 1653 ἦν,
711 1581 849 1636 ἀλλά
882 1580 1081 1645 κακίας
1114 1583 1204 1635 καὶ
1231 1582 1499 1654 πονηρίας
1540 1581 1634 1635 καὶ
1668 1582 1892 1652 μιαρίας

210 1673 314 1744 τῆς
376 1671 647 1741 ἐσχάτης;
710 1669 808 1731 Τίς
862 1663 957 1721 οὖν
1000 1670 1034 1738 ὴ
1087 1669 1289 1725 τούτων
1337 1669 1608 1741 τιμωρίας
1657 1669 1895 1723 Στένων

213 1760 359 1827 ἔσῃ,
400 1760 555 1829 φησὶ,
588 1758 686 1811 καὶ
718 1756 947 1825 τρέμων
969 1755 1068 1809 ἐπὶ
1100 1757 1209 1825 τῆς
1233 1756 1364 1828 γῆς.
1395 1760 1557 1811 Δοκεῖ
1586 1757 1687 1827 μὲν
1722 1752 1815 1811 οὖν
1858 1758 1891 1827 ἡ

215 1849 438 1910 κόλασις
483 1842 623 1898 εἶναι
659 1845 868 1913 πικρά*
914 1842 1029 1896 ἀλλ’
1077 1844 1176 1898 οὑκ
1220 1845 1316 1899 ἐὰν
1364 1845 1426 1898 τὸ
1467 1844 1775 1917 ἁμάρτημα
1803 1843 1893 1897 λο-

216 1933 524 2006 γισώμεθα,
572 1932 665 1984 καὶ
698 1931 869 2000 αὐτὴν
913 1931 969 1983 δὲ
1016 1932 1114 2002 τὴν
1160 1934 1430 2005 τιμωρίαν
1472 1930 1893 2002 διασκεψώμεθα

217 2023 421 2084 καλῶς.
471 2021 601 2072 Ὂτε
642 2018 751 2088 7&9
792 2018 1133 2089 προσήνεγκε
1178 2020 1206 2059 δ
1262 2021 1470 2085 κακῶς,
1518 2020 1778 2091 ἤλγησεν,
1814 2021 1894 2074 ὃτι

215 2109 447 2181 ὑϐρίσας
477 2106 577 2159 οὑκ
608 2104 844 2176 ἐτιμήθη
873 2104 1024 2174 παρά
1060 2105 1153 2158 τοῦ
1188 2106 1534 2178 ὑϐρισθέντος
1571 2107 1730 2173 Θεοῦ,
1776 2126 1896 2161 νου-

218 2197 479 2251 θετοῦντα
513 2195 675 2249 αὑτὸν
691 2195 969 2257 διέπτυσε,
996 2194 1154 2263 φόνον
1191 2195 1456 2267 ἐτόλμησε
1485 2198 1720 2269 πρῶτος,
1759 2197 1895 2268 μᾶλ-

218 2284 311 2338 λον
344 2284 402 2336 δὲ
436 2283 533 2336 καὶ
571 2281 734 2351 φόνου
774 2279 957 2351 πολλῷ
991 2282 1205 2352 μίασμα
1239 2283 1612 2355 ἐναγέστερον,
1650 2284 1892 2355 ἐλύπησε

219 2374 350 2435 τοὺς
399 2370 820 2441 γεγεννηκότας,
848 2369 1116 2439 ἐψεύσατο
1145 2370 1222 2441 τῷ
1251 2370 1389 2441 Θεῷ.
1427 2372 1523 2441 Μὴ
1553 2373 1665 2442 γὰρ
1688 2374 1893 2443 φύλαξ

218 2458 339 2526 είμὶ
368 2458 475 2511 τοῦ
516 2456 783 2526 ἀδελφοῦ
818 2475 977 2527 μους
1009 2457 1175 2527 φησί·
1216 2458 1313 2510 κα)⁸
1340 2459 1461 2513 ἀντὶ
1486 2460 1691 2513 τούτων
1720 2460 1895 2514 ἀπάν-

221 2562 331 2597 των
357 2544 507 2615 φόϐῳ
544 2544 829 2610 κολάζεται
866 2546 1026 2615 μόνον
1060 2546 1157 2599 καὶ
1194 2546 1402 2618 τρόμῳ.
1458 2546 1595 2599 Ἀλλ’
1626 2550 1773 2619 ὅμως
1799 2549 1896 2602 κα)⁵

222 2634 321 2704 τὴν
349 2632 690 2705 χρηστότητα
729 2632 822 2687 τοῦ
852 2633 988 2687 Θεοῦ
1029 2635 1130 2687 οὑκ
1157 2635 1267 2688 ἀπὸ
1303 2634 1397 2688 τοῦ
1422 2635 1728 2707 πραοτέραν
1756 2631 1894 2689 εἶναι

225 2722 391 2791 μόνον
417 2720 517 2791 τῆς
536 2720 811 2791 ἁμαρτίας
834 2720 933 2792 τὴν
965 2722 1236 2793 τιμωρίαν
1260 2722 1472 2793 εἴποιμι
1501 2724 1567 2776 ἂν
1588 2722 1893 2791 φαίνεσθαι,

224 2810 363 2864 ἀλλά
407 2810 502 2862 καὶ
531 2808 639 2862 ἀπὸ
666 2808 757 2861 τοῦ
787 2809 977 2881 κέρδος
1014 2811 1185 2882 αὑτὴν
1212 2810 1358 2881 ἔχειν
1400 2810 1461 2863 οὑ
1494 2811 1556 2864 τὸ
1594 2811 1772 2882 τυχόν.
1822 2810 1897 2863 Τὸ

224 2897 282 2952 δὲ
329 2895 518 2966 κέρδος
555 2890 624 2965 ἦν
660 2896 1085 2967 σωφρονίζεσθαι
1138 2900 1266 2961 τοὺς
1309 2898 1439 2969 ἑξῆς
1483 2898 1747 2963 ἅπαντας,
1802 2900 1897 2952 καὶ

224 2984 472 3052 γίνεσθαι
525 2982 765 3052 βελτίους
792 2983 877 3035 διὰ.
910 2984 1009 3055 τῆς
1035 2985 1114 3047 είς
1142 2987 1349 3039 ἐκεῖνον
1376 2987 1766 3057 ἐπιτιμήσεως.
1799 2986 1898 3041 Διά

225 3070 382 3124 τοῦτο
402 3071 503 3123 οὑκ
540 3070 746 3123 ἀνεῖλεν
773 3071 933 3124 αὑτόν
954 3090 982 3126 ·.
1009 3072 1129 3125 ούδέ
1161 3071 1272 3144 7&9
1311 3068 1381 3145 ἦν
1420 3074 1534 3127 ίσον
1572 3073 1791 3127 ἀκούειν
1816 3074 1899 3127 ὅτι

226 3161 369 3213 Κάῖν
401 3176 486 3221 τις
525 3158 732 3212 ἀνελὼν
777 3159 1003 3228 ἀδελφὸν
1048 3160 1309 3225 ἀπέθανε,
1355 3161 1451 3214 κα)⁵
1486 3164 1620 3233 όρᾷν
1660 3161 1753 3215 τὸν
1804 3163 1899 3215 ἀν-

227 3248 417 3299 ελόντα
442 3247 599 3317 δίκην
623 3248 854 3299 τίνοντα.
886 3246 1017 3299 Τότε
1049 3249 1145 3317 μὲν
1174 3247 1281 3319 7&9
1314 3249 1416 3302 κᾶν
1441 3249 1723 3319 ἠπιστήθη
1742 3248 1902 3303 τοῦτο

226 3334 519 3405 λεγόμενον
541 3334 631 3387 διὰ
659 3334 759 3404 τὴν
778 3332 873 3387 τοῦ
898 3334 1095 3404 μύσους
1126 3336 1432 3407 ὑπερϐολήν
1450 3352 1465 3368 ·
1487 3337 1604 3391 νυνὶ
1626 3336 1684 3389 δὲ
1712 3336 1901 3406 φαινό-

226 3440 392 3493 μενος
441 3425 537 3478 κα).
565 3423 777 3495 παρὼν,
826 3425 921 3477 καὶ
960 3424 1189 3487 πολλοὺς
1226 3425 1322 3477 καὶ
1370 3426 1462 3478 ἐπὶ
1497 3425 1667 3479 πολὺν
1709 3425 1901 3497 χρόνον

230 3512 515 3583 μάρτυρας
567 3512 670 3583 τῆς
716 3511 990 3582 τιμωρίας
1042 3512 1392 3583 ποιούμενος,
1448 3513 1750 3583 κατάδηλον
1806 3514 1902 3566 καὶ

224 3600 419 3653 πιστὸν
465 3600 559 3653 καί⁸
594 3600 707 3663 τοῖς
756 3599 877 3652 τότε
926 3599 1021 3653 καὶ
1066 3602 1177 3663 τοῖς
1223 3599 1417 3671 ἐφεξῆς
1471 3600 1774 3671 κατέστησε
1838 3600 1901 3653 τὸ

227 3686 470 3754 γεγονός.
502 3687 567 3739 Τί
589 3683 682 3740 οὖν
704 3686 863 3741 τοῦτο
893 3687 1031 3757 πρὸς
1056 3689 1286 3753 ἐκεῖνον,
1313 3686 1474 3758 φησί;
1498 3688 1749 3742 Μάλιστα
1774 3688 1898 3757 μὲν,

227 3774 325 3826 καὶ
352 3773 453 3842 τῆς
494 3773 661 3827 αὑτοῦ
696 3775 992 3846 προενόησε
1038 3775 1329 3845 σωτηρίας,
1355 3774 1444 3827 ὅτε
1474 3773 1899 3845 προανέστελλεν

225 3859 395 3913 αὑτοῦ
431 3860 530 3931 τὴν
577 3861 782 3917 λύσσαν
823 3864 885 3917 τό
916 3880 980 3932 γε
1013 3862 1180 3917 αὑτοῦ
1227 3862 1392 3934 μέρος
1423 3862 1510 3917 διὰ
1550 3863 1649 3933 τῆς
1676 3862 1784 3915 τῶν
1813 3860 1900 3914 λό-

228 3963 342 4015 γων
392 3948 786 4018 παραινέσεως.
834 3951 897 4004 El
943 3950 999 4003 δὲ
1041 3950 1137 4005 καὶ
1180 3951 1278 4022 τὴν
1311 3951 1579 4023 τιμωρίαν
1614 3951 1785 4021 αὑτήν
1816 3967 1900 4013 τις

230 4034 525 4098 ἐξετάσειε,
565 4036 661 4088 καὶ
700 4038 766 4090 ἐκ
804 4037 1009 4107 ταύτης
1049 4037 1250 4108 πολλὴν
1281 4038 1474 4107 ὄψεται
1509 4038 1607 4109 τὴν
1636 4038 1902 4107 ὠφέλειαν

224 4118 417 4177 οὖσαν.
458 4122 521 4174 Εἰ
568 4123 666 4192 μέν
704 4124 816 4195 γάρ
857 4125 1018 4178 αὑτὸν
1070 4124 1391 4179 ἀπέκτεινεν
1440 4125 1643 4190 εὐθέως
1683 4127 1711 4179 ὁ
1747 4125 1901 4189 Θεὸς,

229 4211 331 4263 οὑκ
358 4210 422 4263 ἀν
460 4226 579 4261 τινα
610 4208 761 4281 [162]
790 4211 1131 4283 προθεσμίαν
1159 4210 1307 4281 αύτῷ
1335 4212 1625 4282 μετανοίας
1652 4212 1746 4267 καὶ
1780 4211 1903 4283 βελ-

230 4294 473 4357 τιώσεως
512 4294 713 4346 ἔδωκε’
758 4297 881 4350 τότε
903 4299 961 4351 δὲ
994 4298 1182 4369 τρόμῳ
1214 4298 1307 4352 καὶ
1340 4297 1450 4350 δέει
1494 4296 1694 4363 συζῶν,
1729 4300 1779 4352 εί
1825 4298 1903 4369 μὴ

230 4380 352 4435 λίαν
398 4380 723 4451 ἀναίσθητος
761 4378 852 4453 ἦν,
902 4385 996 4439 καὶ
1039 4384 1223 4457 θηρίον
1270 4384 1469 4455 μᾶλλον
1506 4384 1541 4455 ἦ
1588 4384 1896 4456 ἄνθρωπος,

233 4468 403 4522 πολλὰ
443 4468 509 4522 ἀν
554 4469 662 4521 ἀπὸ
700 4470 907 4543 ταύτης
955 4473 1211 4545 ἐκέρδανε
1253 4472 1351 4544 τῆς
1394 4472 1559 4544 ζωῆς.
1611 4472 1796 4544 Χωρὶς
1842 4472 1900 4525 δὲ

231 4555 437 4610 τούτων
466 4554 725 4610 ἐλάττονα
753 4558 901 4630 αὑτῷ
937 4560 1034 4632 τὴν
1072 4560 1372 4631 μέλλουσαν
1402 4559 1623 4615 κόλασιν
1647 4558 1735 4613 διά
1767 4556 1897 4612 ταύ-

230 4666 332 4720 της
354 4647 456 4718 τῆς
486 4647 756 4719 τιμωρίας
794 4650 1097 4719 εἰργάζετο.
1127 4652 1209 4705 Τὰ
1230 4651 1330 4723 μὲν
1353 4652 1461 4723 7&9
1484 4651 1541 4704 ἐν
1573 4649 1649 4721 τῷ
1673 4649 1900 4721 παρόντι

235 4735 336 4807 βίῳ
360 4734 673 4803 ἐπαγόμενα
698 4736 829 4805 ἡμῖν
851 4736 1002 4805 παρὰ
1028 4736 1123 4791 τοῦ
1152 4738 1288 4792 Θεοῦ
1318 4738 1538 4811 λυπηρά
1573 4738 1606 4810 ἢ
1638 4736 1901 4808 κολαστή-

236 4843 330 4896 ρια
371 4824 478 4879 τῶν
522 4824 637 4877 ἐκεῖ
670 4822 917 4893 βασάνων
966 4822 1329 4894 ὑποτέμνεται
1386 4828 1550 4898 μέρος
1588 4828 1649 4880 οὑ
1686 4825 1902 4898 μικρόν.

234 4913 345 4967 Καὶ
377 4910 565 4966 τούτου
593 4908 691 4974 τάς
723 4910 1023 4982 μαρτυρίας
1046 4912 1156 4963 ἀπὸ
1182 4912 1292 4965 τῶν
1316 4912 1477 4968 θείων
1495 4933 1582 4979 τις
1612 4914 1678 4969 ἂν
1707 4914 1904 4982 ἀγάγοι

234 4998 490 5070 Γραφῶν.
525 4999 585 5051 '0
613 4998 711 5070 μὲν
741 4998 852 5069 7&9
902 4996 1137 5067 Χριστὸς
1183 4998 1299 5061 τοῖς
1348 5000 1620 5071 μαθηταῖς
1669 5001 1907 5069 διαλεγό-

237 5103 420 5154 μενος,
472 5086 566 5139 καὶ
614 5086 682 5140 τὰ
726 5085 868 5140 κατὰ
914 5084 1005 5139 τὸν
1050 5080 1299 5154 Λάζαρον
1349 5084 1725 5158 διηγούμενος,
1770 5087 1905 5158 φησὶ

232 5173 325 5225 τὸν
372 5174 624 5245 Ἀϐραάμ
654 5173 1027 5243 ίκετευόμενον
1051 5170 1198 5243 παρά
1228 5169 1323 5224 τοῦ
1361 5172 1618 5227 πλουσίου
1648 5174 1801 5247 ἄκρῳ
1827 5172 1905 5244 τῷ

232 5257 479 5329 δακτύλῳ
511 5262 706 5333 μικρὸν
732 5259 1017 5326 ἐπιστάξαι
1048 5259 1351 5331 φλεγομένῃ
1382 5262 1448 5331 τῇ
1480 5262 1703 5335 γλώσσῃ
1733 5264 1904 5316 εἰπεῖν

234 5345 372 5414 πρὸς
404 5347 567 5402 αὑτόν
586 5366 600 5379 ·
643 5350 881 5415 Τέκνον,
906 5348 1208 5418 μνήσθητι
1241 5349 1331 5402 ὅτι
1356 5347 1657 5415 ἀπέλαϐες
1705 5350 1787 5403 οὺ
1833 5349 1907 5402 τὰ

231 5431 425 5499 ἀγαθὰ
450 5434 521 5486 ἐν
550 5435 625 5503 τῇ
652 5435 764 5505 ζ’ωῇ
783 5452 923 5501 σου,
957 5438 1056 5490 καὶ
1098 5435 1361 5505 Λάζαρος
1382 5437 1455 5491 τὰ
1479 5437 1636 5491 κακά
1657 5451 1671 5466 ⁶
1700 5436 1816 5490 νῦν
1839 5436 1908 5489 δὲ

231 5514 412 5582 οὗτος
452 5512 569 5574 ὧδε
615 5523 1064 5593 παρακαλεῖται,
1100 5524 1184 5577 σὺ
1244 5525 1314 5578 δὲ
1366 5523 1681 5581 ὀδυνᾶσαι.
1743 5525 1804 5577 '0
1851 5524 1910 5578 δέ

232 5605 446 5668 Παῦλος
482 5607 716 5676 (Παῦλον
757 5613 815 5666 δέ
865 5613 994 5667 ὅταν
1039 5613 1199 5679 είπω,
1242 5613 1313 5666 τὰ
1348 5614 1445 5667 τοῦ
1493 5614 1729 5687 Χριστοῦ
1767 5613 1912 5684 λέγω

232 5688 396 5739 πάλιν
422 5690 857 5761 προστάγματα·
890 5696 1051 5759 αὐτὸς
1080 5694 1188 5765 7&9
1228 5695 1328 5763 τὴν
1378 5698 1657 5769 μακαρίαν
1696 5698 1912 5767 ἐκείνην

229 5773 404 5828 ἐκίνει
435 5775 659 5846 ψυχὴν),
686 5782 798 5843 τοῖς
818 5783 1124 5857 Κορινθίοις
1143 5782 1470 5837 ἐπιστέλλων
1488 5786 1619 5838 ποτέ
1654 5788 1785 5857 περὶ
1816 5785 1911 5840 τοῦ

295 5943 320 6001 ξ
346 5932 499 6001 §av§].
528 5931 597 6001 ἐφ’
620 5931 775 6001 ἕτερον
796 5933 952 6001 μεῖζον
972 5936 1029 5983 ἆν
1048 5939 1252 6001 προῆλθε
1274 5936 1440 6001 δεινόν.

292 5990 325 6033 ὗ
348 5992 499 6044 Savil.
524 5990 609 6055 ὅρα
626 5990 732 6056 γάρ·
754 5990 1066 6057 προσήνεγκε.
1088 5990 1228 6051 Όοὶι).
1252 6002 1339 6066 ὅρα
1363 6000 1451 6063 γὰρ
1468 5996 1792 6065 προσενέγκαι.

1122 590 1216 647 AD
1256 587 1638 647 STAGIRIUM
1676 587 1722 643 Α
1758 584 2070 643 ΒᾸΞΜΟΝΕ
2109 585 2473 645 VEXATUM.
2514 589 2643 648 LIB.
2684 591 2728 649 Ῑ.

3558 596 3669 653 452

1990 705 2446 776 πεπορνευκότος,
2464 708 2677 763 κελεύει
2701 709 2793 764 τὸν
2820 710 3058 766 τοιοῦτον
3075 712 3444 784 παραδοθῆναι
3472 714 3549 785 τῷ
3576 731 3670 768 σαν

1990 812 2128 882 τανᾷ
2173 813 2256 875 είς
2286 811 2507 885 ὀλεθρον
2549 816 2651 886 τῆς
2696 817 2916 888 σαρκὸς,
2948 819 3033 873 ῐνα
3067 820 3128 873 τὸ
3155 820 3373 892 πνεῦμα
3411 818 3556 891 σωθῇ
3607 819 3668 872 ἐν

1988 917 2055 985 τῇ
2088 912 2273 985 ἡμέρᾳ
2304 912 2400 967 τοῦ
2445 917 2652 988 Κυρίου
2691 917 2851 989 ἡμῶν
2893 920 3069 990 Ἰησοῦ
3116 921 3372 992 Χριστοῦ.
3413 921 3524 975 Καὶ
3553 922 3669 983 τοῖς

1990 1016 2175 1076 αὐτοῖς
2208 1016 2369 1070 πάλιν
2404 1018 2541 1090 ὑπὲρ
2568 1018 2681 1074 τῶν
2709 1019 2944 1089 ἀναξίως
2975 1024 3090 1085 τοῖς
3121 1022 3441 1093 μυστηρίοις
3476 1039 3670 1076 κοινω-

1989 1118 2225 1173 νούντων
2273 1117 2686 1191 διαλεγόμενος,
2730 1122 2835 1176 Διὰ
2876 1122 3073 1185 τοῦτο,
3124 1122 3280 1193 φησὶ,
3321 1122 3542 1176 πολλοὶ
3596 1122 3670 1175 ἐν

1989 1220 2134 1290 ὑμῖν
2172 1220 2452 1287 ἀσθενεῖς
2481 1222 2578 1274 καὶ
2610 1222 2924 1291 ἄρρωστοι,
2965 1223 3067 1277 καὶ
3100 1221 3421 1292 κοιμῶνται
3450 1222 3665 1277 ἱκανοί.

1985 1329 2055 1383 El
2081 1328 2193 1399 γὰρ
2221 1326 2478 1393 ἑαυτοὺς
2504 1326 2837 1396 ἐκρινομεν,
2888 1330 3001 1381 οὐκ
3028 1329 3103 1381 ἂν
3130 1328 3481 1397 ἐκρινόμεθα
3498 1342 3514 1358 ο
3544 1343 3669 1394 κρι-

1990 1429 2234 1497 νόμενοι
2274 1426 2344 1481 δὲ
2387 1426 2506 1481 ὐπύ
2537 1428 2761 1495 Κυρίου
2806 1427 3226 1496 παιδευόμεθα.
3270 1428 3371 1481 ἵνα
3412 1427 3499 1497 μὴ
3547 1427 3673 1482 σὺν

1990 1529 2072 1595 τῷ
2119 1532 2325 1601 κόσμῳ
2356 1529 2829 1600 κατακριθῶμεν.
2878 1524 3033 1593 Εἶδες
3079 1528 3493 1600 φιλανθρωπίαν
3533 1530 3674 1599 ἀφα-

1990 1649 2117 1698 τον,
2166 1633 2261 1685 καὶ
2323 1631 2554 1685 πλοῦτον
2603 1631 2975 1703 χρηστότητος
3024 1631 3288 1703 ἀπειρον;
3349 1626 3490 1694 εἶδες
3554 1630 3673 1694 πῶς

1994 1735 2211 1789 ἅπαντα
2252 1733 2485 1805 πράττει
2532 1733 2627 1787 καὶ
2675 1732 3131 1806 πραγματεύεται
3175 1734 3203 1786 ό
3244 1732 3399 1796 Θεὸς,
3456 1733 3544 1786 ἵνα
3575 1733 3673 1785 καὶ

1993 1835 2407 1905 ἁμαρτάνοντες
2453 1834 2771 1905 δυνηθῶμεν
2813 1834 3128 1906 πραοτέραν
3171 1833 3271 1905 τῆς
3314 1832 3674 1904 ὀφειλομένης

1994 1934 2295 2005 ὑποστῆναι
2334 1933 2433 2005 τὴν
2478 1933 2721 2000 κόλασιν,
2752 1933 2786 2005 ἢ
2824 1935 2919 1988 καὶ
2956 1933 3337 2003 ἀπαλλαγῆναι
3368 1933 3585 1999 τέλεον;

2062 2105 2126 2160 δ’.
2168 2103 2230 2158 Εί
2246 2103 2301 2157 δέ
2315 2103 2462 2172 λέγοι
2478 2101 2741 2167 τις,τίνος
2764 2093 2857 2154 οὖν
2884 2098 3071 2153 ἕνεκεν
3085 2097 3146 2151 οὑ
3174 2095 3337 2161 τὸνέξ
3354 2096 3527 2168 ἀρχῆς
3542 2096 3675 2149 ἀπα-

1994 2208 2238 2278 τήσαντα
2281 2205 2513 2276 ἠφάνισε
2544 2220 2559 2269 ;
2596 2202 2880 2257 καὶτοῦτο
2924 2201 3131 2272 σφόδρα
3168 2199 3464 2271 κηδόμενος
3493 2196 3672 2269 ήμῶν.

1995 2309 2059 2361 El
2085 2309 2182 2379 μὲν
2210 2306 2319 2379 γάρ
2348 2307 2484 2377 πρὸς
2515 2304 2636 2374 βίαν
2656 2306 2685 2356 ό
2716 2303 2909 2373 μιαρὸς
2938 2303 3145 2365 ἐκεῖνος
3168 2301 3412 2371 ἐκράτει,
3442 2293 3585 2368 εἶχεν
3611 2298 3677 2353 ἀν

1994 2429 2119 2465 τινα
2150 2411 2309 2479 λόγον
2341 2410 2403 2463 τὸ
2424 2406 2756 2477 ζητούμενον
2778 2422 2792 2435 ·
2820 2407 2871 2459 εί
2908 2406 2965 2459 δέ
3004 2406 3211 2476 ταύτης
3248 2406 3348 2476 μὲν
3399 2404 3677 2475 ἀφῄρηται

1993 2512 2099 2582 τῆς
2140 2511 2441 2581 δυνάμεως,
2488 2507 2693 2560 πείθων
2729 2505 2787 2560 δέ
2835 2506 2998 2578 μόνον
3039 2506 3123 2575 (τὸ
3162 2506 3234 2577 μὴ
3283 2504 3572 2575 πεισθῆναι
3619 2502 3677 2555 δέ

1995 2612 2083 2683 ἐφ’
2105 2610 2443 2682 ἡμῖν),τίνος
2463 2608 2649 2662 ἐνεκεν
2681 2608 2782 2678 τῆς
2815 2608 3218 2678 εύδοκιμήσεως
3262 2606 3364 2676 τὴν
3404 2605 3680 2677 πρόφασιν

1993 2716 2324 2785 περιαιρεῖς,
2359 2712 2455 2765 καὶ
2484 2710 2584 2783 τὴν
2618 2709 2728 2763 τῶν
2762 2710 3041 2778 στεφάνων
3070 2708 3359 2771 ἐκκόπτεις
3386 2705 3679 2772 ὑπόθεσιν;

1994 2813 2211 2884 Πρὸςδέ
2226 2811 2440 2874 τούτοις
2467 2812 2515 2864 εί
2542 2809 2643 2880 μὲν
2662 2808 2819 2872 είδὼς
2850 2807 3013 2861 αὑτὸν
3040 2805 3484 2877 ἀκαταγώνιστον
3526 2807 3677 2870 ὄντα,

1994 2915 2090 2967 καὶ
2112 2914 2331 2967 πάντων
2359 2911 2621 2983 μέλλοντα
2653 2912 2901 2982 κρατεῖν,
2926 2906 3045 2962 εἶτα
3073 2908 3306 2977 ἀφῆκεν,
3329 2903 3397 2979 ἦν
3431 2909 3531 2978 μὲν
3555 2908 3680 2961 ούδέ

1995 3013 2169 3076 οὕτως
2218 3011 2366 3075 ἀξιον
2404 3010 2544 3080 ὑπὲρ
2588 3009 2796 3062 τούτων
2837 3009 3105 3078 ἀπορεῖνο
3140 3007 3237 3060 καὶ
3282 3007 3388 3078 γάρ
3419 3008 3513 3060 καὶ
3556 3007 3681 3060 τότε

1998 3114 2128 3186 παρ’
2151 3114 2297 3184 ἡμᾶς
2326 3110 2535 3180 ἐγίνετο
2558 3109 2618 3162 τὸ
2650 3110 2873 3181 κρατεῖν
2907 3110 3113 3161 ἐκεῖνον
3135 3107 3229 3159 καὶ
3254 3108 3410 3178 νικᾷν
3447 3107 3572 3171 τοὺς
3617 3108 3678 3160 ού

1981 3213 2375 3286 βιαζομένους,
2417 3212 2532 3267 ἀλλ’
2570 3212 2793 3274 ἐκόντας
2832 3207 3286 3278 ὑποκλινομένους
3321 3206 3498 3279 αὑτῷ·
3540 3207 3680 3279 πλὴν

1999 3312 2113 3367 ἀλλ’
2142 3314 2292 3383 ὅμως
2323 3311 2444 3365 οὑδὲ
2463 3309 2622 3365 τοῦτο
2636 3311 2871 3381 ἧρκεσεν
2897 3306 2964 3361 ἂν
2988 3309 3099 3368 τοῖς
3122 3306 3468 3378 βουλομένοις
3496 3308 3680 3376 ἀγνω-

2003 3416 2206 3484 μονεῖν.
2233 3412 2299 3465 El
2330 3410 2386 3465 δὲ
2408 3409 2593 3463 πολλοὶ
2610 3408 2710 3481 μὲν
2737 3408 2875 3461 είσὶν
2895 3408 2945 3460 οί
2971 3406 3382 3478 περιγενόμενοι
3411 3406 3511 3477 τῆς
3536 3404 3683 3459 ἐκεί-

1999 3531 2093 3569 νου
2126 3514 2408 3583 δυνάμεως
2452 3511 2576 3582 ήδη,
2611 3510 2799 3563 πολλοὶ
2831 3508 2891 3562 δέ
2914 3509 2963 3561 οἱ
2997 3506 3378 3579 περιεσόμενοι
3404 3506 3591 3573 πάλιν,
3626 3507 3681 3560 τί

1996 3616 2127 3679 τοὺς
2174 3614 2469 3685 μέλλοντας
2507 3612 2833 3683 εὐδοκιμεῖν,
2870 3610 2965 3663 καὶ
2990 3608 3246 3680 λαμπράν
3276 3608 3681 3663 ἐπιδείκνυσθαι

1996 3718 2174 3787 νίκην,
2194 3715 2466 3785 τοσαύτης
2482 3714 2805 3783 ἀποστερεῖς
2825 3712 2989 3781 τιμῆς
3009 3727 3024 3777 ;
3043 3708 3145 3762 Διά
3165 3709 3322 3763 τοῦτο
3338 3710 3447 3781 7&9
3474 3710 3678 3773 εἴασεν,

1999 3822 2085 3875 ῖνα
2105 3820 2267 3875 αὑτὸν
2285 3817 2663 3872 καταϐάλωσιν
2683 3818 2733 3868 οί
2752 3814 3019 3888 πρότερον
3041 3813 3365 3885 ἡττηθέντες
3382 3814 3473 3867 ὑπ’
3489 3814 3676 3868 αὐτοῦ’

1996 3923 2026 3978 ὃ
2054 3924 2234 3995 πάσης
2256 3921 2403 3993 αὑτῷ
2420 3920 2694 3983 κολάσεως
2714 3917 2919 3990 μεῖζον,
2941 3918 3036 3971 καὶ
3065 3917 3202 3988 πρὸς
3238 3917 3474 3990 ἐσχάτην
3511 3918 3681 3973 κατά-

1998 4041 2179 4097 κρισιν
2213 4024 2442 4093 ἀγαγεῖν
2482 4021 2687 4076 ἱκανόν.
2726 4018 2865 4073 Ἀλλ’
2883 4019 2944 4072 οὑ
2976 4018 3177 4081 πάντες
3204 4018 3367 4072 αὑτοῦ
3399 4018 3682 4091 περιέσον-

2000 4147 2113 4196 ται,
2144 4128 2302 4201 φησί.

2072 4237 2184 4291 Καὶ
2212 4236 2267 4289 τί
2297 4234 2454 4289 τοῦτο
2475 4233 2612 4305 πρὸς
2638 4234 2701 4286 τὸ
2712 4232 3041 4303 λεγόμενονς
3074 4228 3263 4300 Πολλῷ
3286 4228 3395 4300 γὰρ
3415 4228 3681 4283 δικαιότε-

2002 4354 2096 4409 ρον
2118 4337 2245 4399 τοὺς
2282 4336 2383 4406 μὲν
2412 4335 2695 4402 γενναίους
2722 4332 3019 4402 λαμϐάνειν
3048 4329 3324 4401 ἀφορμάς,
3354 4331 3415 4381 ἐν
3438 4324 3529 4391 αἷς
3579 4329 3681 4399 τὴν

1998 4437 2318 4508 προαίρεσιν
2361 4433 2720 4499 ἐπιδείξονται
2757 4432 2856 4503 τὴν
2894 4432 3099 4496 αὑτῶν,
3130 4431 3257 4494 τοὺς
3294 4431 3350 4484 δέ
3384 4430 3447 4483 οὑ
3503 4428 3681 4482 τοιού-

1997 4555 2123 4602 τους
2164 4537 2272 4591 ἀπὸ
2302 4538 2400 4608 τῆς
2456 4534 2611 4608 [165]
2656 4534 2863 4597 οἰκείας
2915 4532 3246 4597 κολάζεσθαι
3310 4531 3603 4603 ῥᾳθυμίας,
3644 4531 3679 4602 ἢ

1997 4640 2085 4695 διά
2108 4638 2331 4703 τούτους
2362 4639 2603 4703 ἐκείνους
2632 4634 3055 4708 ἐπηρεάζεσθαι.
3078 4632 3194 4687 Νῦν
3236 4634 3334 4704 μὲν
3361 4632 3468 4703 7&9
3497 4631 3680 4701 όφαῦ-

1999 4746 2113 4813 λος,
2158 4746 2264 4802 κᾶν
2316 4746 2591 4816 ἀδικῆται,
2624 4744 2685 4797 ού
2738 4741 2889 4814 παρά
2932 4740 3022 4794 τὸν
3063 4735 3491 4808 ἀνταγωνιστὴν,
3540 4736 3681 4791 ἀλλά

2003 4850 2153 4924 παρά
2184 4851 2285 4920 τὴν
2314 4847 2479 4902 αὑτοῦ
2504 4845 2768 4916 νωθρείαν
2801 4841 3172 4914 κρατούμενος
3190 4855 3204 4869 ·
3239 4840 3337 4893 καὶ
3355 4837 3515 4892 τοῦτο
3529 4837 3682 4908 δηλοῖ

2002 4956 2063 5009 τὸ
2106 4953 2307 5023 πλῆθος
2337 4950 2446 5003 τῶν
2492 4948 2767 5001 νικώντων
2790 4943 2985 4997 αὑτόν⁸
3036 4942 3159 4996 τότε
3200 4940 3257 4995 δὲ
3305 4940 3371 4995 ἂν
3415 4940 3465 4993 οἱ
3514 4956 3679 4993 σπου-

2001 5057 2135 5110 δαῖοι
2176 5053 2264 5107 διὰ
2316 5052 2441 5114 τοὺς
2489 5049 2726 5119 φαύλους
2763 5045 3183 5119 ἐπηρεάσθησαν
3215 5055 3279 5109 α,
3320 5043 3420 5097 οὐκ
3465 5041 3680 5111 ἔχοντες

2001 5159 2134 5212 ὅπου
2174 5156 2241 5227 τῇ
2288 5152 2511 5226 ἀνδρεία
2550 5152 2848 5223 χρήσονται
2899 5149 2966 5204 δι’
3006 5147 3287 5209 ἐκείνους·
3327 5144 3421 5198 καὶ
3460 5142 3681 5213 ἐγένετο

2002 5258 2320 5331 παρόμοιον,
2351 5255 2540 5325 ὥσπερ
2583 5254 2649 5309 ἂν
2699 5253 2752 5306 εί
2777 5269 2860 5316 τις
2898 5248 3235 5320 ἀγωνοθέτης
3260 5244 3497 5316 ἀθλητὰς
3539 5243 3680 5315 έχων

2002 5364 2118 5432 δύο,
2155 5364 2249 5419 τὸν
2291 5362 2389 5434 μὲν
2440 5361 2537 5416 καὶ
2582 5357 2965 5429 συμπλακῆναι
3002 5353 3216 5421 ἕτοιμον
3261 5350 3339 5421 τῷ
3380 5339 3680 5418 ἀνταγωνι-

2007 5472 2131 5541 στῇ,
2176 5468 2270 5521 καὶ
2322 5462 2615 5536 καρτερίαν
2650 5454 3017 5523 ἐπιδείξασθαι
3043 5452 3262 5523 πολλὴν,
3293 5451 3390 5505 καὶ
3417 5451 3677 5520 στέφανον

2008 5569 2414 5643 ἀναδήσασθαι,
2444 5565 2534 5618 τὸν
2568 5564 2625 5616 δὲ
2664 5562 2762 5633 τῆς
2806 5558 3183 5632 ταλαιπωρίας
3229 5558 3442 5627 ἐκείνης
3480 5553 3678 5626 ἀργίαν

2012 5672 2360 5745 προτιμῶντα
2404 5668 2497 5720 καὶ
2532 5664 2765 5735 τρυφὴν,
2816 5660 2997 5715 λαϐὼν
3030 5662 3093 5714 ἐκ
3124 5660 3290 5731 μέσου
3321 5657 3411 5711 τὸν
3438 5656 3683 5724 ἀνταγω-

2011 5774 2216 5844 νιστὴν,
2247 5768 2587 5842 ἀμφοτέρους
2625 5766 2942 5840 ἀπράκτους
2991 5764 3291 5837 ἐκπέμψειε
3324 5762 3452 5832 παρ’
3492 5760 3684 5817 αὑτοῦ.

2072 5934 2095 5964 ο
2120 5929 2294 5980 Morel.
2334 5933 2388 5993 εὶ
2426 5928 2666 5993 Savil.|in
2707 5930 2927 5993 margine
2973 5923 3392 5983 ἐπεϐουλεύθησαν,
3433 5920 3583 5974 Sari].
3628 5926 3681 5977 in

2011 5999 2153 6045 textu
2176 5992 2555 6056 ἐπηρεάσθησαν.
